3984 6508
262 392 372 459 ω

1186 384 1678 453 cnnamum
1720 384 1789 452 tu
1832 389 2084 451 ISAIAM.
2124 424 2193 435 -
2230 391 2379 447 CAP.
2422 390 2658 447 χχχιιι.

3396 390 3502 449 550

264 514 491 585 σμένος,
535 500 630 567 καὶ
680 511 780 565 οὐκ
828 512 943 564 ἔστι
998 510 1072 581 τῷ
1127 512 1377 565 ἀκούοντι
1401 511 1631 575 σύνεσις.
1673 532 1691 563 ι
1729 512 1836 564 Ποῦ

1964 511 2125 563 mdiat
2157 529 2168 563 :
2208 507 2436 578 populus
2466 518 2801 578 contemptus
2829 550 2844 575 ,
2891 515 2944 563 et
2990 523 3093 563 non
3123 518 3206 565 est
3256 510 3495 566 audienti

264 605 402 657 εἰσιν
430 605 487 656 οί
522 604 889 674 γραμματεῖς,
924 604 971 654 οἱ
1000 602 1059 655 τὸ
1097 602 1327 673 γράμμα
1363 603 1458 656 τοῦ
1500 604 1662 674 νόμου
1710 621 1842 671 πρε-

265 695 623 759 σϐεύσαντες,
662 695 755 748 καὶ
792 694 913 765 μηδ’
938 694 1122 764 ἕτερον
1150 695 1351 759 ειδότες
1377 697 1513 749 νοεῖν
1545 696 1577 767 ἢ
1615 695 1715 759 τὰς
1744 696 1841 766 τῆς

261 787 470 851 λέξεως
509 786 885 856 ἁπαγγελίαςς
943 785 1044 849 Οὓς
1102 786 1412 851 ὲταλάνιζεν
1457 789 1484 840 6
1539 787 1728 861 Σωτὴρ
1787 787 1844 839 ὲν

263 877 625 946 Εὐαγγελίοις
680 876 851 945 λέγων
876 894 889 906 ⁸
930 891 952 928 ι
992 877 1126 931 Οὐαὶ
1184 878 1331 949 ὑμῖν,
1359 878 1703 947 γραμματεῖς
1753 876 1846 929 καὶ

262 972 554 1043 Φαρισαῖοι
583 970 893 1045 ὑποκριταί.
934 988 954 1022 ι
995 969 1105 1024 Ποῦ
1150 971 1255 1043 γὰρ
1315 962 1464 1023 οὗτοι
1519 970 1845 1040 φανήσονται

264 1066 322 1117 ὲν
346 1064 546 1136 ἡμέρᾳ
576 1062 678 1132 τῆς
700 1062 929 1133 κρίσεως
946 1079 964 1127 -;
1013 1062 1061 1115 οἳ
1097 1062 1322 1126 κόλακες
1372 1060 1687 1131 ὲξέστρεφον
1722 1061 1848 1122 τοὺς

265 1155 744 1225 κολακευομένους
768 1155 970 1217 αὐτοῖς.

340 1266 360 1299 ι
413 1247 551 1300 Ἰδοὺ
576 1246 712 1299 Σιὼν
740 1248 773 1318 ἡ
805 1246 977 1308 πόλις,
1010 1242 1071 1298 τὸ
1102 1245 1375 1316 Σωτήρων
1406 1243 1561 1315 ήμῶν
1585 1243 1635 1296 οἱ
1656 1240 1852 1311 ὀφθαλ-

270 1337 360 1406 μοί
397 1353 497 1390 σου
524 1336 765 1407 ὄψονται,
794 1335 1144 1407 Ἰερουσαλήμ
1162 1352 1174 1365 ο
1206 1334 1358 1397 πόλις
1385 1333 1631 1396 πλουσία,
1660 1334 1852 1403 σκηναὶ

267 1430 323 1481 αῖ
349 1428 415 1481 οὐ
447 1428 529 1499 μὴ
564 1427 872 1489 σεισθῶσιν,
903 1428 1022 1481 οὐδὲ
1058 1428 1131 1499 μὴ
1176 1425 1467 1497 κινηθῶσιν
1509 1428 1557 1479 oi
1594 1424 1851 1483 πάσσαλοι

264 1519 367 1590 τῆς
407 1520 623 1591 σκηνῆς
668 1520 836 1589 αὐτῆς
889 1521 969 1583 εἰς
999 1521 1089 1573 τὸν
1135 1519 1306 1573 αίῶνα
1355 1518 1566 1592 χρόνον,
1617 1516 1736 1570 οὐδὲ
1784 1516 1852 1568 τὰ

271 1611 485 1682 σχοινία
508 1611 681 1682 αὐτῆς
700 1611 762 1664 ού
793 1611 867 1681 μὴ
896 1611 1285 1683 διαρραγῶσιν.
1331 1629 1349 1663 ι
1381 1609 1641 1681 Σημαίνει
1684 1608 1740 1662 δὲ
1766 1608 1853 1661 διὰ

264 1702 477 1757 τούτων
509 1704 539 1755 6
565 1703 740 1771 λόγος,
774 1705 1044 1775 Σωτήρων
1076 1705 1171 1775 μὲν
1198 1704 1289 1757 τὸν
1314 1702 1545 1773 Χριστὸν
1574 1701 1667 1755 τοῦ
1699 1700 1853 1765 Θεοῦ,

269 1796 427 1850 πόλιν
455 1796 519 1849 δὲ
557 1796 758 1867 ἑορτῶν
780 1795 876 1867 τὴν
920 1794 1242 1864 Ἐκκλησίαν
1271 1793 1366 1846 τοῦ
1404 1792 1559 1846 Θεοῦ.
1602 1792 1713 1862 Τῆς
1759 1784 1854 1862 μὲν

1944 601 2319 673 intelligentia.
2355 619 2375 653 ι
2415 599 2513 655 Ubi
2547 610 2673 655 sunt
2721 600 2926 655 Scribze
2952 642 2967 665 ,
3014 602 3103 671 qui
3149 601 3282 674 legis
3314 602 3508 679 littera:

1944 695 2376 765 patrocinantur,
2412 692 2656 761 nihilque
2685 692 2830 746 aliud
2861 695 3099 764 cogitant
3124 733 3141 759 ,
3188 710 3350 764 quam
3400 684 3504 751 olla

1946 786 2086 859 viam
2112 785 2366 851 dictionis
2398 785 2825 840 enuntiationem
2855 786 2877 839 ?
2924 783 3068 855 Quos
3104 788 3332 843 miseros
3362 802 3504 861 prae-

1948 877 2161 939 dicabat
2193 876 2443 935 Salvator
2487 876 2540 930 in
2569 875 2871 946 Evangeliis
2897 878 3077 947 dicens
3100 917 3114 940 ,
3151 897 3169 929 ι
3212 862 3299 941 γε
3334 879 3507 945 vobis,

1953 970 2159 1027 Scribat
2180 979 2240 1041 et
2273 968 2532 1024 Pharisaei
2566 967 2856 1040 hypocrita:
2884 968 2949 1023 “.
2990 988 3007 1020 ι
3048 966 3272 1047 Ubinam
3308 968 3383 1024 illi
3411 985 3506 1047 θρα

1950 1066 2215 1135 parebunt
2241 1065 2295 1119 in
2332 1063 2418 1120 die
2440 1050 2628 1134 iudieii
2653 1062 2677 1119 ῖ
2708 1063 2823 1132 qui,
2853 1072 3037 1133 utpote
3067 1046 3394 1131 adulatures,
3416 1046 3510 1122 eus

1951 1157 2149 1228 quibus
2180 1156 2591 1213 assentabantur
2615 1158 2954 1211 avertebant.

2021 1249 2186 1309 Vsus.
2217 1250 2307 1305 20.
2342 1266 2361 1302 ι
2399 1249 2538 1305 Ecce
2569 1246 2699 1305 Sion
2731 1247 2926 1305 civitas
2949 1290 2966 1316 ,
2993 1247 3243 1304 Salutare
3271 1258 3514 1304 nostrum

1951 1342 2092 1399 oculi
2119 1343 2192 1397 tui
2220 1340 2501 1407 videbunt,
2532 1339 2827 1396 Jerusalem
2849 1340 3085 1407 ,c‘ivitas
3118 1342 3267 1396 dives
3290 1378 3306 1407 ,
3341 1341 3519 1398 taber-

1953 1434 2141 1497 nacula
2175 1448 2296 1504 qua:
2344 1447 2452 1490 non
2496 1433 2891 1501 concutientur,
2930 1449 3107 1504 neque
3161 1432 3520 1509 incvebuntur

1955 1526 2136 1597 paxilli
2174 1524 2505 1585 tabernaculi
2554 1524 2671 1595 eius
2725 1525 2778 1579 in
2824 1520 3209 1597 sempiternum
3264 1520 3520 1597 tempus.

1957 1631 2129 1687 neque
2162 1617 2385 1673 l‘uniculi
2418 1616 2536 1687 ejus
2583 1617 2975 1685 dirumpentur.
3035 1636 3054 1671 ι
3108 1610 3204 1673 llis
3232 1635 3400 1691 porro
3448 1622 3523 1674 si--

1957 1711 2197 1785 gniﬁcat,
2232 1708 2482 1783 Salutate
2509 1710 2724 1779 quidem
2754 1723 2875 1765 esse
2901 1700 3172 1777 Christum
3197 1710 3324 1779 Dei,
3359 1711 3526 1767 festo-

1962 1820 2077 1857 rum
2129 1790 2275 1857 vero
2299 1786 2575 1856 civitatem
2628 1814 2747 1855 esse
2783 1800 2875 1854 Dei
2909 1796 3229 1855 E‘cclesiam.
3266 1801 3400 1857 Nam
3430 1800 3525 1856 Ju-

268 1888 379 1962 γάρ
426 1890 730 1960 Ἰουδαϊκῆς
758 1887 1109 1958 Ἰερουσαλὴμ
1154 1886 1411 1949 πολλάκις
1449 1884 1767 1955 ἐσείσθησαν
1796 1885 1851 1936 αί

1964 1897 2127 1951 daica:
2174 1894 2386 1965 quidem
2413 1891 2800 1964 Hierosolyma
2833 1893 3174 1947 tabernacula
3208 1893 3527 1965 plerumque

268 1981 500 2056 σκηναὶ,
529 1980 980 2053 πολιορκηθείσης
1004 1980 1271 2051 διαφόρως
1295 1979 1388 2032 καὶ
1408 1980 1487 2042 είς
1508 1977 1699 2047 ἔδαφος
1721 1994 1851 2030 κατ-

267 2074 594 2146 ενεχθείσης
641 2067 745 2127 ὑπὸ
806 2072 916 2126 τῶν
978 2070 1119 2125 κατὰ
1158 2071 1383 2142 χρόνους
1432 2069 1854 2142 πολεμησάντων

268 2166 477 2236 αὑτήν
536 2165 639 2235 τῆς
688 2164 746 2217 δὲ
802 2163 996 2234 καινῆς
1054 2162 1257 2233 ταύτης
1318 2162 1525 2225 πόλεως
1563 2160 1851 2231 ἀκινήτους

270 2260 440 2330 φησὶν
478 2248 700 2312 ἔσεσθαι
748 2259 873 2322 τοὺς
913 2256 1238 2320 πασσάλους.
1287 2255 1405 2309 Κᾶν
1454 2255 1561 2326 γὰρ
1600 2254 1852 2325 νομίζητε

269 2367 402 2404 ποτε
428 2355 495 2407 ἐν
527 2350 788 2421 διωγμοῖς
819 2348 1135 2404 ἐλαύνεσθαι
1165 2347 1259 2402 καὶ
1290 2347 1708 2419 πολιορκεῖσθαι,
1742 2346 1853 2399 ἀλλ’

269 2442 363 2493 ἐπὶ
386 2442 498 2513 τὴν
531 2441 736 2511 πέτραν
772 2440 983 2493 ἑστῶσα
1027 2440 1174 2512 μένει
1216 2438 1282 2491 δι’
1327 2437 1519 2501 αἰῶνος
1573 2437 1849 2500 ἄπτωτος·

270 2532 515 2604 ἀψευδὴς
538 2533 647 2604 γὰρ
678 2527 745 2603 ἦν
769 2533 797 2583 6
825 2530 991 2585 εἰπών
1015 2547 1029 2562 ·
1072 2550 1089 2583 ι
1134 2531 1257 2583 Ἐπὶ
1289 2530 1386 2601 τὴν
1418 2529 1620 2600 πέτραν
1652 2527 1854 2581 οἰκοδο-

275 2626 438 2696 μήσω
474 2642 575 2694 μου
602 2622 698 2694 τὴν
734 2622 1080 2693 Ἐκκλησίαν,
1113 2622 1207 2676 καὶ
1246 2621 1412 2675 πύλαι
1459 2621 1584 2693 ᾅδου
1633 2622 1693 2673 οὐ
1721 2638 1853 2674 κατ-

277 2716 597 2787 ισχύσουσιν
626 2714 814 2786 αὐτῆς.
853 2734 871 2767 t

316 2813 366 2860 ‘t
404 2809 534 2861 Ὅτι
580 2806 641 2859 τὸ
667 2806 838 2877 ὃνομα
892 2806 1096 2879 Κυρίου
1154 2806 1293 2879 μέγα
1334 2807 1498 2878 ὑμῖν,
1542 2806 1701 2869 τόπος
1730 2806 1856 2876 ὑμῖν

274 2896 451 2963 ἔσται,
482 2898 718 2970 ποταμοὶ
742 2899 836 2952 καὶ
875 2899 1137 2971 διώρυγες
1168 2901 1390 2965 πλατεῖς
1415 2901 1509 2954 καὶ
1537 2899 1853 2972 εὐρύχωροι.

277 2991 349 3043 υύ
388 2990 855 3063 πορεύσῃταύτην
879 2992 977 3062 τὴν
1005 2991 1139 3057 ὁδὸν,
1173 2991 1291 3044 οὐδὲ
1326 2989 1649 3063 πορεύσεται
1676 2992 1856 3044 πλοῖον

276 3085 525 3140 ὲλαῦνον.
578 3085 637 3137 Ὁ
689 3086 798 3156 γὰρ
835 3085 968 3150 Θεός
1029 3103 1130 3156 μου
1183 3086 1358 3156 μέγας
1399 3086 1575 3138 ἐστίν’
1607 3084 1667 3139 οὐ
1713 3101 1855 3157 παρ-

279 3178 565 3235 ελεύσεται
598 3194 665 3250 με
715 3177 919 3250 Κύριος
962 3164 1159 3251 ’κριτὴς
1217 3178 1394 3251 ἡμῶν,
1432 3179 1635 3250 Κύριος
1676 3179 1857 3251 ἄρχων

280 3270 464 3341 ἡμῶν,
500 3268 707 3341 Κύριος
743 3269 995 3342 βασιλεὺς
1041 3271 1219 3342 ἡμῶν,
1274 3271 1476 3342 Κύριος
1527 3265 1682 3335 οὗτος
1712 3273 1858 3343 ἡμᾶς

282 3362 468 3419 σώσει.
503 3382 522 3415 ι
554 3361 696 3418 Αὐτὸ
742 3363 805 3417 τὸ
843 3363 1030 3435 ὄνομα,
1066 3366 1217 3437 φησι,
1253 3365 1458 3436 Κυρίου
1496 3365 1657 3429 τόπος
1707 3364 1858 3418 ἔσται

278 3454 452 3527 ταύτῃ
478 3457 547 3526 τῇ
576 3457 735 3526 καινῇ
758 3454 911 3508 πόλει
944 3458 1008 3527 τῇ
1040 3456 1273 3527 ἀσείστῳ
1308 3456 1402 3510 καὶ
1434 3455 1697 3527 ἁπτώτῳ’
1756 3455 1861 3509 διό-

281 3560 407 3616 περ,
435 3540 512 3609 ὠς
541 3545 607 3599 ἂν
639 3545 732 3598 ἐπὶ
759 3545 850 3597 τὸν
882 3543 1103 3615 Κύριον,
1123 3546 1285 3599 τόπον
1300 3547 1428 3600 ὄντα
1455 3547 1644 3618 αὐτῆς,
1666 3546 1861 3618 ιξικοδοα

283 3637 527 3709 μημένη,
554 3637 801 3699 ἄσειστος
846 3633 1016 3707 μένει.
1059 3638 1134 3690 Δι’
1169 3632 1243 3691 ὧν
1272 3640 1299 3691 ὁ
1339 3638 1493 3707 λόγος
1537 3638 1635 3711 τῆς
1665 3636 1859 3708 προλε-

282 3727 510 3798 χθείσης
536 3724 742 3789 πόλεως
767 3721 857 3778 τὸν
887 3725 1089 3798 Κύριον
1117 3744 1279 3798 φησιν
1303 3726 1520 3779 ἔσεσθαι
1551 3726 1733 3789 τόπον,
1768 3743 1861 3780 πο·

282 3817 473 3890 ταμῶν
504 3818 695 3889 ῥεῖθρα
726 3816 958 3886 ἑχόντων
988 3818 1079 3871 καὶ
1124 3817 1394 3891 διώρυγας
1422 3818 1641 3882 πλατεῖς
1662 3834 1675 3848 ο
1716 3816 1857 3872 ὥστε

285 3907 497 3979 λέγειν·
532 3927 551 3961 ι
581 3910 688 3962 Τοῦ
717 3907 961 3980 ποταμοῦ
983 3908 1050 3963 τὰ
1076 3911 1368 3981 ὁρμήματα
1396 3908 1740 3980 εὐφραίνουσι
1764 3909 1862 3979 τὴν

285 4001 441 4055 πόλιν
465 4001 559 4054 τοῦ
589 4001 746 4067 Θεοῦ,
787 4021 805 4053 ι
840 3999 933 4055 καὶ
965 4020 981 4052 ι
1031 4002 1089 4053 '0
1125 3998 1367 4071 ποταμὸς
1399 3999 1492 4054 τοῦ
1526 3999 1659 4054 Θεοῦ
1705 4000 1863 4070 ὲπλη-

288 4091 436 4166 ρὼθη
475 4093 703 4158 ὑδάτων,
746 4112 763 4145 t
790 4093 879 4148 διὰ
923 4092 983 4146 τδ
1026 4094 1188 4147 αύτὺν
1223 4093 1313 4146 τὸν
1342 4091 1545 4165 Κύριον
1588 4086 1726 4145 εἶναι
1773 4090 1862 4144 τὸν

287 4184 456 4240 τόπον
507 4184 705 4240 αὐτῶν.
734 4185 897 4239 Ὅθεν
942 4186 1152 4258 ἐχθροῖς
1207 4185 1301 4239 καὶ
1347 4184 1628 4257 πολεμίοις
1674 4184 1862 4238 ἀνεπί-

293 4277 447 4331 ϐατοι
473 4277 831 4348 τυγχάνουσιν
858 4279 906 4331 οἱ
954 4278 1207 4349 ποταμοὶ,
1236 4278 1335 4348 τὴν
1362 4277 1746 4349 προλεχθεῖσαν
1770 4275 1862 4329 τοῦ

288 4369 425 4424 θεοῦ
460 4370 615 4423 πόλιν
642 4370 763 4423 ἀντὶ¹
794 4369 1076 4441 περιϐόλου
1133 4369 1455 4434 κυκλοῦντες
1498 4369 1591 4423 καὶ
1623 4386 1863 4440 περιτειο

286 4464 531 4533 χίζοντες
550 4479 564 4492 ’
590 4462 665 4526 ὼς
680 4464 843 4516 πᾶσιν
859 4461 1157 4534 ἀλλοτρίοις
1179 4460 1467 4519 ἀδιάϐατον
1485 4458 1621 4515 εἶναι
1637 4479 1650 4492 ·
1677 4461 1863 4533 ἐπειδὴ

1959 2002 2210 2043 succussa
2242 1996 2370 2043 sunt
2412 1986 2465 2040 in
2500 1983 2668 2039 variis
2700 1983 2807 2039 illis
2848 1984 3221 2040 obsidionibus
3245 2020 3261 2052 ,
3310 1987 3526 2055 quando

1960 2079 2046 2131 illa
2082 2078 2148 2132 ab
2178 2075 2609 2147 espugnantibus
2633 2075 2750 2131 solo
2793 2091 2899 2131 non
2928 2078 3098 2133 semel
3126 2087 3340 2147 aequata
3377 2078 3517 2146 fuit;

1962 2184 2113 2224 novae
2142 2156 2319 2224 autem
2364 2166 2588 2236 hujusce
2630 2167 2778 2224 urbis
2810 2168 3058 2225 immotos
3097 2158 3324 2226 aitfore
3351 2171 3526 2240 paxil-

1962 2262 2060 2315 los.
2096 2260 2320 2317 Etiamsi
2349 2260 2493 2315 enim
2522 2260 2725 2330 putetis
2771 2275 3157 2332 nonnunquam
3189 2278 3284 2318 vos
3310 2262 3365 2317 in
3396 2278 3521 2332 per-

1961 2353 2328 2433 secutiouibus
2354 2350 2475 2423 pelli
2503 2362 2557 2407 et
2580 2352 2815 2408 obsideri
2850 2371 2864 2408 :
2898 2361 2954 2408 at
2982 2352 3073 2409 illa
3101 2367 3313 2423 semper
3347 2355 3405 2409 in
3428 2367 3524 2424 pe-

1964 2462 2042 2505 tra
2082 2450 2350 2513 consistit,
2378 2459 2433 2504 et
2459 2450 2677 2504 immota
2708 2457 2890 2505 manet
2916 2450 2967 2505 in
2995 2448 3252 2506 saeculum
3281 2463 3295 2503 :
3322 2448 3523 2505 ctenim

1962 2543 2173 2598 mentiri
2223 2542 2408 2611 nequit
2440 2541 2487 2597 is
2518 2542 2606 2610 qui
2639 2540 2773 2595 dixit
2804 2560 2817 2597 :
2857 2561 2877 2593 ι
2911 2541 3090 2612 Super
3131 2550 3335 2612 petram
3360 2536 3528 2597 ediﬁ-

1964 2621 2101 2699 c‘abo
2135 2633 2431 2690 Ecclesiam
2470 2648 2643 2688 meam
2671 2672 2687 2698 ,
2715 2643 2770 2688 et
2794 2646 2963 2704 ponte
2997 2635 3152 2690 inferi
3184 2651 3287 2689 non
3325 2648 3529 2704 prava-

1965 2728 2146 2784 Iebunt
2174 2728 2435 2781 adversus
2463 2739 2581 2780 eam
2623 2725 2689 2779 “.
2731 2745 2749 2776 ι

2033 2814 2197 2870 Vsus.
2230 2815 2429 2883 Ἠλὶ.
2466 2833 2485 2866 ι
2509 2814 2773 2881 Quoniam
2801 2832 2993 2874 nomen
3033 2819 3242 2876 Domini
3272 2832 3527 2891 magnum

1963 2910 2115 2967 vobis
2143 2952 2157 2976 ,
2200 2908 2347 2964 locus
2389 2907 2541 2963 vobis
2573 2906 2673 2963 erit
2724 2905 2943 2965 ﬂumina
2988 2921 3043 2967 et
3076 2912 3175 2967 rivi
3205 2912 3295 2967 lati
3325 2919 3380 2966 et
3403 2925 3529 2980 spa-

1965 3002 2115 3059 tiosi.
2145 3001 2261 3057 Non
2303 3000 2605 3056 ambulabis
2630 3016 2728 3072 per
2766 3003 2906 3057 hanc
2930 3001 3068 3057 viam
3090 3042 3106 3069 ,
3140 3018 3316 3073 neque
3341 3002 3531 3058 ambu-

1967 3095 2102 3150 labit
2135 3092 2409 3164 navigium
2436 3106 2749 3162 properans.
2784 3095 2924 3150 Deus
2944 3094 3086 3151 enim
3123 3110 3274 3151 meus
3303 3109 3530 3165 magnus

1964 3195 2067 3241 est.
2107 3183 2221 3238 Non
2264 3184 2512 3240 transibit
2540 3200 2625 3239 me
2651 3185 2908 3242 Dominus
2930 3185 3094 3256 judex
3122 3198 3321 3251 noster,
3352 3188 3531 3243 Domi-

1962 3294 2062 3335 nus
2084 3278 2332 3349 princeps
2362 3288 2567 3343 noster,
2603 3277 2864 3334 Dominus
2894 3295 2990 3333 rex
3026 3288 3231 3346 noster,
3273 3280 3531 3335 Dominus

1962 3369 2051 3424 hic
2089 3366 2321 3425 salvabit
2349 3383 2471 3424 nos.
2512 3387 2531 3421 ι
2580 3367 2736 3438 lluic,
2766 3370 2980 3442 inquit,
3007 3387 3158 3427 novae
3187 3373 3391 3427 civitati
3444 3373 3529 3427 ia-

1963 3475 2241 3519 cnncussa':
2270 3472 2323 3515 et
2369 3461 2629 3517 immobili
2656 3503 2671 3529 ,
2701 3464 2875 3533 ipsum
2902 3479 3098 3520 nomen
3134 3464 3346 3518 Domini
3380 3463 3531 3519 locus

1962 3554 2066 3610 erit
2096 3572 2110 3609 :
2139 3566 2312 3625 quare
2342 3569 2500 3625 supra
2550 3553 2833 3610 Dominum
2859 3595 2874 3621 ,
2920 3555 3099 3611 locum
3131 3571 3287 3610 suum
3317 3591 3336 3620 ,
3360 3555 3530 3610 aediﬁ-

1963 3658 2082 3702 cata
2108 3689 2123 3712 ,
2153 3649 2373 3702 immota
2409 3655 2611 3702 manet.
2644 3644 2740 3703 llis
2772 3648 2952 3717 itaque
2982 3647 3321 3720 significatur
3354 3649 3529 3719 ipsum

1965 3740 2246 3795 Dominum
2279 3740 2544 3808 praedicta
2592 3738 2831 3794 civitatis
2869 3738 3046 3795 locum
3079 3738 3317 3793 futurum
3366 3753 3488 3793 esse
3512 3778 3528 3799 ,

1964 3832 2239 3888 ﬂuminum
2276 3832 2444 3886 alveis
2472 3840 2528 3887 et
2554 3831 2677 3887 latis
2708 3832 2839 3886 rivis
2872 3831 3191 3887 instructum
3214 3868 3229 3896 ,
3259 3832 3328 3885 ita
3362 3840 3420 3884 ut
3449 3830 3529 3884 di-

1964 3932 2154 3985 catur,
2221 3940 2240 3974 ι
2304 3921 2566 3979 Fluminis
2622 3924 2853 3992 impetus
2922 3923 3199 3979 lzetiticant
3256 3923 3529 3978 civitatem

1964 4017 2057 4071 Dei
2091 4015 2156 4081 “,
2191 4030 2210 4066 ι
2247 4025 2300 4070 et
2325 4056 2339 4080 ,
2377 4033 2396 4066 ι
2432 4014 2656 4071 Flumen
2685 4013 2780 4070 Dei
2810 4015 3070 4085 repletum
3105 4024 3187 4070 est
3216 4014 3369 4082 aquis
3401 4013 3468 4079 δι,
3507 4031 3526 4065 ι

1967 4115 2090 4181 quia
2128 4108 2334 4165 scilicet
2369 4108 2481 4178 ipse
2511 4108 2767 4162 Dominus
2796 4108 2946 4163 locus
2976 4121 3163 4162 eorum
3196 4114 3300 4159 est.
3328 4104 3533 4171 Quam-

1965 4206 2149 4260 obrem
2183 4203 2366 4256 isthmc
2395 4199 2616 4254 ﬂumina
2642 4199 2885 4254 hostibus
2921 4196 3262 4266 inimicisque
3290 4195 3529 4249 inacccs-

1967 4312 2023 4351 sa
2052 4302 2176 4348 sunt
2204 4331 2219 4357 ,
2248 4306 2367 4361 quae
2409 4291 2719 4361 praedictam
2773 4290 2864 4345 Dei
2896 4292 3171 4347 civitatem
3209 4288 3528 4343 munimenti

1967 4388 2085 4440 loco
2118 4383 2456 4439 circumdant
2483 4391 2540 4439 et
2568 4382 2858 4446 ambiunt;
2892 4385 2964 4438 ita
3014 4392 3070 4437 ut
3115 4381 3388 4438 extraneis
3415 4379 3537 4450 qui-

1970 4481 2175 4549 busque
2203 4477 2377 4532 aditus
2407 4476 2479 4531 sit
2505 4475 2684 4530 nullus
2722 4492 2737 4529 :
2770 4475 3021 4545 quoniam
3059 4474 3350 4537 Dominus,
3384 4471 3536 4527 locus

285 4556 562 4641 δΚύριος,
594 4556 759 4616 τόπος
796 4554 871 4609 ὢν
911 4555 1100 4624 αὐτῆς,
1137 4554 1308 4626 μέγας
1351 4554 1528 4608 ἐστίν’
1568 4550 1728 4618 αύτδς
1755 4554 1856 4624 γὰρ

1969 4584 2162 4641 nempe
2205 4568 2324 4640 ejus
2351 4606 2367 4635 ,
2410 4582 2739 4639 permagnus
2785 4576 2871 4623 est
2906 4586 2920 4622 :
2956 4570 3071 4637 ipse
3102 4581 3332 4635 namque
3380 4562 3536 4635 petra

286 4640 352 4719 ἦν
381 4650 416 4720 ἡ
450 4649 647 4720 πέτρα,
676 4648 760 4717 ἐφ’
787 4648 852 4720 ἢν
880 4647 1213 4719 ᾠκοδόμητο.

362 4782 385 4816 ι
429 4764 777 4839 Ἐρρἁησαν
806 4761 875 4816 τὰ
908 4762 1115 4832 σχοινία
1150 4778 1263 4824 σου,
1294 4762 1375 4814 ὅτι
1407 4760 1507 4814 ούκ
1538 4760 1824 4831 ἐνίσχυσαν
1848 4776 1862 4789 ’

288 4854 484 4918 ὀίστὸς
516 4870 611 4907 σου
655 4853 883 4917 ἔκλινεν,
911 4852 973 4905 ού
1007 4850 1231 4921 χαλάσει
1261 4851 1329 4903 τὰ
1375 4847 1550 4904 ἱστία·
1600 4850 1700 4902 οὐκ
1746 4851 1869 4923 ἀρεῖ

293 4949 535 5018 σημεῖον,
567 4946 671 5008 ἓως
693 4937 753 4999 οὗ
771 4943 1048 5016 παραδοθῇ
1083 4945 1160 5006 είς
1192 4943 1487 5015 προνομήν.
1512 4941 1701 4994 Τοίνυν
1734 4940 1864 4994 πολ-

291 5034 374 5092 λοὶ
422 5038 588 5110 χωλοὶ
622 5035 899 5109 προνομὴν
950 5036 1254 5106 ποιήσουσι,
1307 5034 1401 5086 καὶ
1442 5032 1503 5086 ού
1541 5033 1617 5105 μὴ
1649 5035 1864 5097 εἴπωσι,

294 5127 506 5197 Κοπιῶ,
538 5131 567 5183 6
597 5129 724 5192 λαὸς
755 5128 980 5182 ἐνοικῶν
1017 5130 1073 5180 ἐν
1106 5128 1317 5190 αὐτοῖς·
1348 5125 1522 5197 ἀφέθη
1552 5125 1660 5197 γάρ
1690 5127 1870 5189 αὐτοῖς

296 5218 328 5289 ἡ
355 5221 616 5293 ἁμαρτία.
653 5240 675 5272 ›
694 5221 954 5293 Σημαίνει
985 5221 1039 5274 δὲ
1067 5220 1155 5274 διὰ
1186 5219 1388 5272 τούτων
1409 5220 1507 5289 τὴν
1538 5217 1745 5271 πτῶσιν
1771 5216 1870 5286 τῆς

298 5312 612 5382 σωματικῆς
640 5312 1014 5383 Ἰερουσαλὴμ,
1047 5306 1113 5382 ἧς
1155 5312 1363 5383 ὲῤῥάγη
1394 5310 1462 5364 τὰ
1494 5308 1701 5381 σχοινία
1730 5327 1742 5339 ο
1776 5309 1872 5362 καὶ

296 5400 324 5452 6
353 5403 495 5467 ἱστὸς
527 5404 587 5457 δὲ
613 5404 807 5479 αὐτ-ἧς,
837 5404 1023 5477 ὥσπερ
1069 5404 1213 5468 τινος
1241 5403 1367 5475 νηὸς
1401 5405 1457 5456 ὲν
1496 5401 1731 5474 χειμῶσι
1779 5402 1871 5455 καὶ

299 5493 526 5548 κλύδωσι
549 5494 931 5568 διαπεσούσης,
954 5496 1138 5568 ἐκλίθη
1171 5496 1407 5560 πίπτων,
1432 5493 1866 5549 διασπασθέντων

299 5585 403 5662 τῷν
438 5586 872 5666 διακρατοῦντων
905 5587 1080 5641 αὐτῶν
1114 5589 1375 5656 σχοινίων.

370 5823 410 5855 ⁸⁵
440 5822 624 5877 Matth.
660 5839 819 5888 χχιιι.
848 5826 932 5881 15.

544 5915 816 5976 Parnm"
857 5920 975 5981 Gn.
1023 5920 1257 5981 XXIV-

1013 5828 1056 5857 “
1087 5827 1275 5883 Matth.
1314 5845 1422 5897 xvt,
1454 5828 1542 5886 18.
1622 5830 1667 5863 ⁸³
1697 5830 1968 5901 Ρηιιιλιν,
2019 5830 2071 5886 5.

1969 4674 2104 4731 erat,
2131 4677 2293 4732 supra
2327 4677 2489 4732 quam
2520 4661 2919 4717 exstruebatur.

2038 4756 2203 4813 Vens.
2233 4756 2305 4810 25
2330 4795 2346 4820 ,
2377 4753 2470 4810 24.
2520 4775 2538 4808 ι
2600 4755 2809 4826 Dirupti
2844 4765 2970 4811 sunt
3001 4754 3229 4810 funiculi
3261 4753 3338 4808 tui
3366 4793 3382 4819 ,
3410 4757 3535 4823 quia

1971 4867 2074 4906 non
2106 4848 2503 4920 praevaluerunt
2534 4867 2547 4902 :
2593 4848 2765 4902 malus
2791 4858 2917 4903 tuus
2947 4848 3237 4903 inclinatus
3268 4856 3391 4912 est,
3427 4860 3534 4899 non

1970 4941 2273 5011 pendebant
2311 4941 2428 4995 vela
2469 4958 2485 4994 :
2516 4954 2621 4994 non
2663 4940 2859 4996 levabit
2887 4941 3127 5009 signum,
3154 4941 3327 4994 donec
3356 4939 3535 4992 trada-

1967 5045 2056 5090 tur
2082 5035 2137 5088 in
2168 5032 2547 5087 vastationem.
2583 5030 2732 5085 Multi
2779 5032 2943 5103 igitur
2994 5031 3172 5085 claudi
3207 5029 3418 5099 praedas
3455 5026 3539 5081 fa—

1966 5127 2132 5187 cient,
2167 5136 2221 5179 et
2248 5140 2351 5180 nou
2378 5124 2579 5189 dicent,
2604 5124 2838 5196 Patisco,
2869 5124 3096 5196 populus
3122 5124 3213 5193 qui
3247 5122 3455 5177 habitat
3482 5122 3537 5175 in

1968 5218 2048 5274 eis
2079 5230 2093 5271 :
2126 5218 2405 5272 dimissum
2436 5217 2581 5271 enim
2624 5227 2706 5272 est
2734 5219 2813 5272 eis
2844 5225 3146 5286 peccatum.
3200 5234 3221 5268 ›
3256 5214 3350 5269 llis
3389 5214 3535 5268 indi-

1968 5319 2057 5364 cat
2101 5323 2372 5378 corporeae
2395 5308 2781 5380 Hierosolyma:
2816 5310 3038 5365 exitium
3064 5348 3081 5375 ,
3130 5308 3283 5378 cujus
3314 5308 3538 5363 funiculi

1971 5402 2168 5471 dirupti
2199 5412 2359 5465 sunt;
2409 5412 2464 5457 et
2497 5402 2671 5456 malus
2697 5401 2813 5471 ejus
2839 5442 2853 5465 ,
2909 5416 3005 5456 ceu
3061 5400 3337 5469 cujusdam
3387 5400 3543 5454 navis

1978 5495 2387 5565 tempestatibus
2421 5506 2474 5550 et
2502 5495 2751 5550 lhtctihus
2793 5495 3050 5549 demers:e
3077 5537 3091 5561 ,
3137 5494 3412 5549 declinans
3464 5493 3546 5546 is—

1978 5602 2106 5657 psus
2138 5600 2236 5653 est,
2272 5589 2503 5656 diruptis
2534 5587 2749 5641 funibus
2779 5588 2950 5656 ipsum
2992 5586 3366 5641 retinentibus.

2166 5832 2213 5863 “
2254 5831 2408 5887 Psa|..
2447 5846 2593 5897 LXIV,
2636 5832 2727 5886 i0.

3192 5922 3265 5983 11
