3984 6522
443 386 538 455 551

969 507 1193 565 CAPUT
1236 510 1471 563 XXXIV.

513 614 676 682 Vens.
713 626 828 680 1-5.
882 644 899 677 ι
929 626 1200 689 Accedite,
1240 636 1445 693 gentes,
1476 636 1529 679 et
1561 625 1762 688 audite,
1801 623 2001 694 princi-

435 738 533 789 pes
567 720 791 777 :audiat
822 727 959 774 terra
990 758 1006 783 ,
1047 727 1101 772 et
1132 718 1222 786 qui
1267 717 1318 770 in
1347 730 1410 769 ea
1442 716 1718 780 habitant,
1747 718 1917 782 orbis,
1953 725 2008 768 et

434 814 664 886 populus
695 813 786 881 qui
834 810 1001 867 estin
1048 823 1111 864 eo
1145 828 1156 863 :
1193 808 1318 877 quia
1367 806 1518 862 furor
1571 806 1784 860 Domini
1843 820 2003 875 super

434 921 625 962 omnes
667 905 894 976 gentes;
941 913 992 958 et
1024 903 1103 956 ira
1133 917 1298 971 super
1333 915 1547 955 omnem
1597 914 1879 953 numerum
1911 913 2004 952 eo-

432 1013 557 1055 rum
585 1040 600 1066 ,
644 1006 703 1053 ut
730 998 915 1069 perdat
946 1011 1037 1051 eos
1071 1004 1125 1049 et
1164 995 1339 1048 tradat
1370 994 1435 1046 ad
1467 993 1687 1046 caedem.
1724 990 2003 1046 Vulnerati

432 1100 611 1145 autem
658 1104 843 1144 eorum
880 1086 1252 1156 projicientur,
1287 1094 1341 1138 et
1388 1084 1585 1138 mortui
1619 1101 1632 1137 :
1668 1091 1723 1138 et
1749 1084 2005 1137 ascendet

429 1185 567 1238 odor
614 1197 822 1237 eorum.
880 1198 899 1231 ι
953 1178 1287 1246 Quibusnam
1323 1177 1504 1231 tradat
1538 1177 1590 1230 in
1619 1177 1818 1231 caedem
1850 1218 1864 1241 ,
1898 1175 2001 1229 nisi

427 1274 719 1332 ultricibus
745 1272 1083 1328 virtutibus?
1112 1258 1208 1325 llis
1235 1284 1397 1340 porro
1419 1268 1725 1339 castigatis,
1759 1268 1848 1324 alii
1882 1268 2000 1322 vul-

426 1369 601 1424 nerati
628 1407 643 1433 ,
693 1366 781 1421 alii
832 1364 1031 1420 mortui
1077 1372 1279 1427 erunt,
1314 1362 1405 1432 qui
1434 1361 1640 1417 scilicet
1669 1362 1735 1416 ad
1773 1371 1997 1416 mortem

425 1474 722 1529 peccavere
762 1476 774 1511 :
808 1472 1038 1527 quorum
1071 1455 1343 1521 facinora,
1392 1456 1444 1509 in
1486 1455 1598 1509 vita
1634 1454 1843 1510 mortali
1872 1469 1994 1524 per-

426 1562 634 1620 petrata
659 1592 693 1615 ,,
722 1550 913 1618 iudicii
944 1560 1185 1618 tempore
1240 1547 1467 1602 fetorem
1499 1547 1787 1601 etnittent:
1824 1560 1991 1615 quare

424 1646 717 1700 secundum
734 1642 1113 1716 Symmachum
1139 1640 1356 1703 dicitur,
1376 1658 1394 1689 ι
1421 1639 1484 1694 Ει
1503 1639 1933 1694 ascendetfetor.
1963 1657 1981 1689 ι

419 1744 520 1813 τῆς
576 1742 805 1813 κρίσεως
862 1724 1050 1807 καιρὸν
1099 1732 1357 1797 δυσωδίας
1420 1733 1853 1786 ἀποπνεύσουσιδ
1924 1733 2003 1785 διὸ

419 1838 670 1892 δυσωδία.
704 1855 720 1886 ›

496 1949 655 2004 Vens.
686 1946 737 1999 4.
767 1965 785 1996 ι
814 1944 881 1999 Et
906 1943 1224 2013 rigabnntur
1255 1947 1464 1994 montes
1484 1938 1749 2007 sanguine
1779 1940 1985 1991 eorum.
2022 1941 2063 1999 Β

420 2044 485 2098 Et
513 2044 791 2097 tabescent
818 2052 1008 2093 omnes
1033 2035 1262 2089 virtutes
1293 2032 1574 2087 cmlorum.
1622 2054 1641 2082 ι
1683 2016 1749 2084 lii
1781 2035 1990 2085 montes

415 2145 572 2190 erant
602 2136 668 2189 de
690 2131 888 2203 quibus
914 2129 1116 2183 dictum
1150 2136 1235 2181 est
1260 2165 1274 2189 ,
1314 2142 1333 2176 ι
1378 2124 1443 2179 Ει
1471 2123 1750 2178 tabescent
1784 2133 1992 2176 montes

418 2246 445 2281 a
485 2227 764 2296 sanguine.
822 2242 841 2275 ι
890 2221 1099 2275 Etenim
1133 2218 1365 2272 virtutes
1408 2214 1672 2269 cmlorum
1699 2251 1715 2278 ,
1746 2227 1865 2282 qua:
1896 2226 1992 2281 per

416 2329 633 2376 montes
659 2314 1055 2389 significantur,
1091 2320 1218 2365 tunc
1266 2307 1544 2363 tabescere
1579 2305 1855 2372 dicuntur,
1903 2314 1989 2357 ιιιο

414 2419 545 2479 pote
571 2424 691 2480 qua:
738 2404 1056 2463 memoratis
1106 2401 1413 2458 hominibus
1449 2401 1500 2455 in
1534 2414 1697 2455 causa
1727 2398 1985 2469 perniciei

417 2504 643 2560 fuerint.
675 2502 935 2569 Quaenam
960 2510 1123 2567 porro
1152 2494 1253 2549 illa:
1286 2493 1484 2548 fuerint
1510 2531 1525 2556 ,
1568 2492 1669 2545 nisi
1697 2490 1765 2545 de
1794 2491 1988 2561 quibus

413 2597 704 2668 Apostolus
734 2595 851 2659 ait,
888 2610 906 2644 ι
954 2589 1071 2645 Νοιι
1102 2598 1185 2644 est
1218 2588 1373 2641 nobis
1403 2587 1545 2639 lucta
1576 2584 1837 2638 adversus
1865 2597 1989 2636 san-

416 2689 632 2756 guinem
682 2694 738 2741 et
783 2697 1043 2747 carnem;
1091 2680 1183 2735 sed
1218 2679 1478 2733 adversus
1508 2676 1883 2744 principatus,
1931 2682 1987 2729 et

412 2787 706 2847 potestates
736 2817 751 2840 ,
798 2785 853 2831 et
882 2782 1119 2829 rectores
1149 2772 1334 2825 mundi
1386 2770 1547 2838 hujus
1576 2808 1590 2832 ,
1624 2778 1677 2821 et
1729 2767 1987 2824 adversus

412 2870 708 2941 spiritualia
739 2866 995 2936 nequitia:
1027 2865 1081 2919 in
1112 2850 1420 2919 cwlestibus
1450 2860 1535 2912 u‘?
1576 2878 1593 2910 ι
1624 2857 1716 2915 Hae
1758 2873 1986 2927 namque

410 2972 742 3034 potestates,
786 2976 904 3032 quae
958 2957 1163 3013 aerium
1210 2955 1383 3009 locum
1429 2953 1711 3015 obtinent,
1762 2951 1985 3006 virtutes

413 3055 677 3111 ctelorum
727 3061 991 3108 vocantur
1020 3068 1033 3105 :
1062 3047 1498 3119 quandoquidem
1552 3060 1657 3111 ea,
1712 3059 1831 3112 quae
1889 3060 1986 3113 per

408 3160 535 3201 aera
589 3144 857 3207 feruntur,
899 3142 1148 3198 volucres
1200 3139 1320 3194 cadi
1372 3152 1565 3195 vocare
1617 3135 1751 3190 solet
1805 3136 1982 3190 divina

408 3239 690 3308 Scriptura
721 3238 945 3300 dicens,
983 3254 1003 3289 ι
1038 3232 1300 3289 Volucres
1348 3231 1467 3287 coeli
1524 3240 1579 3286 et
1631 3231 1805 3299 pisces
1862 3246 1977 3284 ma-

407 3333 488 3387 ris
511 3330 604 3387 ⁸⁸⁸.
658 3350 677 3383 ι
728 3330 862 3386 Cum
892 3340 1071 3385 autem
1104 3327 1232 3381 illud
1259 3367 1274 3392 ,
1312 3345 1329 3377 (
1364 3325 1432 3380 Et
1480 3326 1753 3379 tabesccnt
1785 3337 1974 3379 omnes

404 3426 633 3480 virtutes
660 3422 963 3487 caelorum,
1027 3440 1047 3475 ι
1104 3422 1158 3475 in
1208 3417 1564 3489 Septuaginta
1615 3416 1973 3485 lnterpretnnn

405 3518 659 3573 versione
704 3531 809 3571 non
853 3523 1205 3585 compareat,
1247 3526 1369 3565 cunt
1422 3509 1701 3565 asteriscis
1730 3523 1796 3563 ex
1844 3506 1973 3563 reli-

406 3625 637 3680 quorum
699 3608 1144 3677 interpretatione
1192 3606 1431 3659 additum
1483 3602 1600 3656 fuit.
1653 3602 1787 3668 Quia
1846 3616 1973 3655 vero

404 3705 543 3759 scitu
578 3703 734 3758 nobis
766 3717 900 3772 opus
930 3710 1048 3755 erat
1098 3700 1440 3769 quandonatn
1500 3697 1613 3750 haec
1662 3694 1837 3748 futura
1888 3708 1973 3747 es-

401 3803 545 3862 sent,
588 3794 641 3848 id
672 3808 770 3849 nos
796 3792 985 3849 edocet
1030 3790 1374 3862 propheticus
1420 3802 1602 3844 sermo
1649 3782 1932 3842 declarans
1958 3827 1971 3850 ,

400 3885 650 3955 superius
682 3894 978 3940 memorata
1011 3893 1131 3954 post
1183 3884 1344 3953 hujus
1392 3880 1575 3936 mundi
1628 3894 1974 3935 consumma-

403 3980 605 4034 tionem
628 3988 888 4035 eventura
905 3992 1044 4033 esse.
1074 3974 1442 4045 Quamobrem
1472 3973 1642 4028 infert
1676 3989 1689 4025 :
1731 3991 1748 4023 ι
1788 3970 1851 4025 Ει
1872 3970 1972 4041 pli-

400 4074 613 4128 cabitur
639 4072 856 4139 calum,
879 4071 1019 4127 sicut
1047 4070 1199 4132 liber,
1247 4078 1301 4123 et
1328 4068 1508 4123 omnia
1542 4075 1691 4121 astra
1738 4064 1969 4128 cadent,

402 4180 661 4236 tanquam
697 4166 823 4221 folia
873 4165 939 4220 de
967 4165 1074 4218 vite
1100 4201 1116 4228 ,
1151 4174 1199 4218 et
1238 4162 1377 4217 sicut
1401 4161 1602 4217 cadunt
1638 4156 1764 4212 folia
1799 4156 1864 4211 de
1903 4154 1970 4208 fi-

398 4278 486 4315 cu.
520 4280 539 4312 ι
575 4260 825 4315 Salvator
857 4260 984 4314 item
1023 4258 1075 4311 in
1110 4254 1414 4325 Evangeliis
1446 4254 1559 4307 brec
1604 4253 1670 4306 de
1714 4265 1970 4304 consum-

398 4353 636 4408 matione
674 4351 936 4405 tradidit:
972 4369 988 4400 ι
1027 4349 1091 4404 Ει
1134 4346 1304 4402 stellae
1345 4345 1540 4401 cadent
1576 4343 1641 4397 de
1690 4341 1867 4405 uelo,
1917 4349 1971 4391 et

396 4448 623 4500 virtutes
651 4425 913 4499 cmlornm
960 4441 1463 4499 commovebuntur,
1518 4445 1573 4489 ct
1620 4443 1748 4487 tunc
1809 4446 1972 4501 appa-

397 4536 765 4606 rebitsignnm
802 4535 894 4588 lilii
926 4533 1161 4588 hominis
1184 4533 1235 4585 in
1264 4528 1405 4584 coelo
1434 4528 1499 4577 “.
1541 4545 1558 4577 ι
1595 4525 1784 4595 Aquila
1817 4538 1967 4589 vero,

1112 395 1376 452 EUSEBII
1409 395 1880 452 C/ESARIENSIS
1918 397 2065 459 OPP.
2110 400 2286 455 PARS
2324 394 2405 456 ΠΙ.
2452 434 2515 441 -—
2558 401 2968 461 EXEGETIL‘A.

3577 414 3691 470 332

2619 520 3011 574 ΚΕΦΑΛΑΙΟΝ
3069 524 3183 577 AA'.

2189 648 2205 679 ‘
2248 630 2648 701 Προσαγάγετε,
2705 632 2850 704 ἔθνη,
2898 634 2989 686 καὶ
3048 635 3332 700 ἀκούσατε,
3378 640 3629 711 ἄρχοντε(³
3664 662 3680 674 ·

2112 721 2393 773 ἀκουσάτω
2424 724 2455 792 ἠ
2503 723 2594 792 γῆ,
2632 725 2725 777 καὶ
2767 727 2813 777 oi
2848 726 2905 779 ἐν
2941 727 3077 797 αὐτῇ
3110 728 3402 794 οίκοῦντες,
3428 734 3462 802 ἡ
3495 734 3685 787 οἰκου-

2115 810 2271 881 μένη,
2309 812 2401 866 καὶ
2433 815 2461 865 ὁ
2488 814 2611 877 λαὸς
2658 816 2686 867 ὁ
2747 817 2804 868 ὲν
2832 818 2967 887 αὐτῇ
2996 836 3006 846 ·
3041 818 3173 870 διότι
3209 820 3237 871 ό
3276 818 3443 891 θυμὸς
3472 822 3684 891 Κυρίου

2110 904 2203 956 ἐπὶ
2242 904 2416 958 πάντα
2448 905 2514 958 τὰ
2543 905 2689 976 ἔθνη,
2717 908 2811 960 καὶ
2835 908 2970 980 ὀργὴ
3001 910 3091 962 ἐπὶ
3125 911 3217 964 τὸν
3240 912 3470 983 ἀριθμὸν
3498 916 3685 968 αὐτῶν

2106 996 2199 1049 τοῦ
2238 996 2496 1051 ἀπολέσαι
2549 999 2766 1064 αὐτοὺς,
2803 1001 2895 1053 καὶ
2950 1002 3279 1072 παραδοῦναι
3326 1006 3406 1069 εἰς
3440 1009 3679 1078 σφαγήν.

2103 1091 2162 1142 Οἱ
2206 1090 2263 1144 δὲ
2307 1090 2639 1162 τραυματίαι
2671 1092 2848 1147 αὐτῶν
2878 1095 3212 1166 ριφήσονται,
3249 1096 3341 1151 καὶ
3378 1100 3426 1151 οἱ
3455 1100 3678 1171 νεκροί·

2100 1182 2193 1233 καὶ
2224 1180 2551 1252 ἀναϐήσεται
2578 1182 2755 1237 αὐτῶν
2784 1186 2815 1255 ἡ
2842 1186 3003 1258 ὀσμή.
3038 1206 3056 1239 ι
3088 1187 3209 1240 Τίσι
3248 1188 3304 1243 δὲ
3341 1190 3681 1262 παραδοῦναι

2096 1272 2291 1335 αὐτοὺς
2321 1274 2399 1336 εἰς
2428 1275 2664 1344 σφαγὴν,
2719 1277 2751 1346 ἢ
2779 1280 2899 1341 ταῖς
2926 1279 3272 1344 κολαστικαῖς
3304 1284 3397 1335 καὶ
3419 1302 3676 1356 τιμωρη-

2094 1367 2273 1428 τικαῖς
2317 1366 2616 1438 δυνάμεσι;
2664 1369 2880 1423 Τούτων
2943 1371 2998 1424 δὲ
3040 1372 3146 1426 τῶν
3193 1374 3570 1446 κολαζομένων
3626 1379 3679 1429 οἱ

2103 1458 2199 1526 μὲν
2252 1461 2583 1530 τραυματίαι
2618 1460 2850 1527 ἔσονται,
2902 1466 2949 1516 οἱ
3007 1464 3061 1517 δὲ
3120 1467 3334 1537 νεκροί·
3387 1469 3435 1521 oi
3469 1468 3681 1539 δηλαδὴ

2097 1546 2165 1600 τά
2208 1548 2342 1619 πρὸς
2414 1549 2640 1602 Θάνατον
2694 1554 3109 1624 ἡμαρτηκότες·
3176 1551 3252 1610 ὧν
3317 1560 3375 1610 at
3420 1558 3678 1631 πράξεις,

2096 1640 2151 1691 αἱ
2197 1641 2335 1694 κατὰ
2372 1641 2464 1695 τὸν
2510 1642 2698 1713 θνητὸν
2760 1645 2871 1714 βίον
2928 1649 3354 1703 συντελεσθεῖσαι
3387 1651 3528 1705 κατὰ
3578 1652 3681 1703 τὸν

2076 1734 2215 1788 κατὰ
2261 1735 2352 1788 τὸν
2406 1736 2696 1808 Σύμμαχον
2758 1739 2991 1809 εἴρηται,
3049 1761 3067 1793 ι
3104 1744 3211 1797 Kal
3262 1745 3590 1817 ἀναϐήσεται
3638 1750 3675 1816 ἡ

2170 1964 2185 1994 ι
2226 1943 2334 1998 Καὶ
2360 1944 2690 2017 βραχήσεται
2718 1947 2786 2000 τὰ
2814 1948 2913 2020 ὅρη
2942 1949 3049 2003 ἀπὸ
3086 1950 3179 2003 τοῦ
3209 1952 3435 2022 αἵματος
3462 1955 3673 2009 αὐτῶν.

2091 2037 2197 2089 Καὶ
2234 2038 2561 2108 τακήσονται
2609 2040 2781 2093 πᾶσαι
2831 2042 2885 2093 αἱ
2916 2041 3173 2112 δυνάμεις
3194 2044 3300 2096 τῶν
3341 2045 3604 2115 οὐρανῶν.
3648 2068 3670 2099 ι

2090 2128 2273 2181 Ταῦτα
2302 2131 2479 2183 τοίνυν
2530 2120 2823 2201 ἐτύγχανον
2855 2132 2978 2204 ὅρη,
3028 2135 3154 2204 περὶ
3202 2128 3277 2188 ὧν
3327 2137 3539 2208 εἴρηται
3581 2138 3675 2203 τὸ,

2097 2239 2113 2269 ι
2155 2222 2261 2273 Καὶ
2316 2222 2641 2292 τακήσονται
2687 2223 2787 2295 ὅρη
2829 2224 2936 2278 ἀπὸ
2978 2222 3070 2277 τοῦ
3104 2227 3353 2297 αἵματος.
3387 2247 3404 2279 ι
3443 2230 3508 2280 Αἱ
3556 2230 3676 2302 γάρ

2089 2313 2345 2383 δυνάμεις
2372 2314 2477 2397 τῶν
2517 2315 2780 2386 οὐρανῶν,
2830 2316 2930 2388 ὅρη
2979 2317 3286 2388 νοούμεναι,
3327 2321 3674 2392 τακήσεσθαι

2089 2404 2352 2474 λέγονται,
2379 2406 2454 2489 ῶς
2484 2409 2654 2461 αἰτίαι
2702 2408 2989 2479 γενόμεναι
3027 2410 3299 2472 ἀπωλείας
3356 2412 3463 2466 τῶν
3515 2414 3673 2484 εἰρη-

2092 2496 2284 2566 μένων.
2321 2499 2474 2562 Τίνες
2499 2499 2543 2552 δ’
2573 2502 2639 2554 ἂν
2673 2498 2778 2554 εἷεν
2830 2497 3009 2566 αὗται,
3066 2506 3098 2576 ἢ
3140 2507 3265 2577 περὶ
3310 2499 3384 2559 ὧν
3424 2525 3591 2577 φησιν
3637 2498 3673 2561 ὁ

2102 2588 2421 2653 Ἀπόστολος
2439 2631 2453 2653 ,
2495 2611 2512 2643 ι
2556 2593 2671 2645 Οὐκ
2693 2593 2839 2647 ἔστιν
2860 2596 2989 2666 ἡμῖν
3014 2596 3046 2666 ἡ
3075 2595 3220 2666 πάλη
3238 2597 3373 2668 πρὸς
3404 2594 3538 2669 αἷμα
3568 2599 3669 2652 καὶ⁵

2091 2680 2299 2751 σάρκα·
2350 2682 2485 2736 ἀλλά
2521 2682 2657 2755 πρὸς
2700 2684 2800 2747 τὰς
2828 2686 3024 2757 ἀρχὰς,
3072 2688 3209 2759 πρὸς
3255 2689 3355 2753 τὰς
3390 2690 3663 2756 ﬁgat-NK}

2086 2774 2220 2844 πρὸς
2291 2776 2416 2839 τοὺς
2489 2780 2938 2851 κοσμοκράτορας
3002 2780 3097 2833 τοῦ
3159 2780 3365 2852 κόσμου
3440 2784 3659 2846 τούτου,

2086 2866 2222 2947 πρὸς
2271 2866 2339 2920 τὰ
2388 2871 2731 2940 πνευματικά
2763 2872 2862 2941 τῆς
2894 2873 3157 2943 πονηρίας
3186 2874 3241 2925 ὲν
3283 2877 3397 2937 τοῖς
3429 2875 3663 2946 ὲπουρα-

2087 2958 2236 3022 νίοις.
2276 2979 2294 3012 ι
2332 2956 2498 3015 Abeat
2532 2961 2641 3034 γὰρ
2668 2964 2724 3016 αἱ
2751 2953 3030 3035 δυνάμεις,
3052 2965 3108 3017 αἳ
3150 2964 3242 3019 τὸν
3270 2966 3452 3037 ἀέριον
3480 2965 3662 3037 χῶρον

2084 3049 2513 3121 διακατέχονται,
2547 3054 2804 3125 δυνάμεις
2833 3057 3075 3129 οὐρανῶν
3106 3056 3380 3128 εἴρηνται’
3415 3058 3536 3111 ἐπεὶ
3564 3060 3663 3111 καὶ

2084 3142 2153 3195 τὰ
2184 3143 2250 3198 δι’
2290 3145 2447 3216 ἀέρος
2476 3147 2751 3217 φερόμενα
2808 3148 3030 3201 πετεινὰ
3061 3148 3290 3221 οὐρανοῦ
3325 3149 3509 3203 καλεῖν
3537 3150 3662 3204 sfw-

2084 3234 2173 3289 θεν
2198 3238 2229 3308 ἠ
2259 3236 2377 3290 Θεία
2402 3230 2594 3309 Γραφὴ
2640 3238 2871 3307 λέγουσα
2892 3285 2904 3304 ,
2943 3260 2961 3290 ‹
2994 3234 3073 3293 Τά
3102 3234 3322 3295 πετεινά
3352 3241 3446 3294 τοῦ
3497 3242 3660 3313 οὐρα-

2077 3330 2169 3383 νοῦ
2192 3330 2432 3393 καὶτοὺς
2467 3330 2653 3400 ἰχθύας
2678 3331 2777 3401 τῆς
2807 3332 3101 3405 θαλάσσης.
3147 3352 3167 3386 ι
3204 3335 3295 3404 Μὴ
3328 3334 3577 3405 κείμενον
3601 3334 3660 3388 δὲ

2076 3423 2134 3473 ὲν
2164 3424 2229 3493 τῇ
2257 3421 2367 3475 τῶν
2405 3422 2806 3495 Ἐὅδομήκοντα
2849 3426 3113 3498 ἑρμηνείᾳ
3140 3426 3220 3488 τὸ,
3261 3446 3278 3478 ι
3333 3427 3443 3479 Kal
3487 3427 3661 3497 τακή-

2078 3530 2257 3567 σονται
2313 3515 2486 3569 πᾶσαι
2549 3516 2605 3569 αἱ
2662 3516 2919 3587 δυνάμεις
2974 3517 3082 3571 τῶν
3130 3519 3394 3589 οὐρανῶν,
3438 3538 3457 3570 s
3518 3518 3659 3589 μετά

2080 3607 2419 3678 ἀστερίσκων
2476 3609 2541 3661 ὲκ
2588 3609 2687 3679 τῆς
2726 3608 2832 3662 τῶν
2878 3610 3077 3663 λοιπῶν
3125 3611 3422 3682 ἑρμηνείας
3484 3628 3656 3682 προσ-

2083 3697 2261 3769 ετέθη.
2319 3698 2472 3751 Ἐπεὶ
2522 3698 2578 3751 δὲ
2616 3699 2782 3771 ἐχρῆν
2837 3700 2986 3771 ἡμᾶς
3038 3699 3239 3768 γνῶναι
3302 3700 3430 3753 πότε
3480 3698 3657 3753 ταῦτα

2077 3790 2227 3844 ἔσται
2256 3831 2270 3853 ,
2334 3792 2429 3844 καὶ
2483 3790 2640 3844 τοῦτο
2707 3791 2944 3846 διδάσκει
3001 3793 3030 3846 ό
3086 3793 3420 3864 προφητικὸς
3477 3794 3653 3861 λόγος,

2076 3883 2385 3954 παριστὰς,
2433 3885 2508 3948 ῶς
2568 3885 2703 3956 μετά
2771 3886 2869 3957 τὴν
2940 3885 3247 3939 συντέλειαν
3306 3885 3399 3938 τοῦ
3447 3885 3654 3954 κόσμου

2074 3977 2260 4030 τούτου
2315 3982 2601 4049 γενήσεται
2644 3980 2712 4032 τα
2777 3978 3159 4050 προλεχοέντα.
3213 3978 3637 4049 Διὸέπιιρέρει⁸

2079 4086 2097 4119 ι
2131 4069 2241 4121 Kal
2275 4068 2607 4139 εἰλιγήσεται
2630 4070 2705 4133 ὡς
2731 4070 2933 4141 βιϐλίον
2986 4073 3013 4124 ὁ
3060 4072 3312 4142 οὐρανὸς,
3346 4070 3440 4124 καὶ
3472 4070 3651 4123 πάντα

2073 4161 2139 4213 τά
2187 4160 2363 4231 ἄστρα
2390 4164 2653 4223 πεσεῖται,
2693 4162 2769 4225 ὡς
2801 4161 2973 4232 φύλλα
3002 4162 3059 4229 ἐξ
3110 4163 3377 4233 ἀμπέλου,
3430 4161 3522 4214 καὶ
3573 4162 3651 4227 ὼς

2073 4254 2261 4306 πίπτει
2285 4252 2457 4322 φύλλα
2489 4253 2596 4307 ἀπὸ
2623 4256 2813 4326 συκῆς.
2860 4274 2878 4305 ι
2913 4255 3023 4308 Kal
3075 4257 3104 4308 ό
3138 4257 3328 4326 Σωτὴρ
3356 4256 3413 4308 δὲ
3452 4257 3509 4308 ἐν
3538 4257 3650 4320 τοῖς

2072 4346 2427 4415 Εὐαγγελίοις
2476 4348 2603 4419 περὶ
2640 4347 2741 4417 τῆς
2775 4347 3080 4411 συντελείας
3115 4348 3391 4418 παραδοὺς
3425 4349 3608 4416 ἔλεγεν
3631 4367 3646 4382 ο

2077 4458 2096 4488 ι
2124 4439 2231 4491 Kal
2259 4439 2307 4491 οἱ
2331 4437 2558 4509 ἀστέρες
2591 4436 2881 4491 πεσοῦνται
2909 4439 2971 4490 ὲκ
3015 4436 3107 4489 τοῦ
3144 4436 3397 4508 οὐρανοῦ,
3452 4438 3544 4489 καὶ
3587 4438 3647 4489 αἱ

2071 4528 2325 4598 δυνάμεις
2347 4526 2455 4579 τῶν
2477 4525 2721 4597 οὐρανῶν
2747 4526 3187 4596 σαλευθήσονται.
3214 4526 3307 4578 καὶ
3333 4526 3453 4578 τότε
3476 4528 3647 4597 φανή-

401 4650 421 4681 ι
465 4630 527 4684 Et
542 4628 723 4684 omnis
745 4626 1016 4684 exercitus
1043 4638 1227 4677 eorum
1259 4620 1479 4681 deﬂuet,
1501 4620 1640 4673 sicut
1667 4615 1852 4670 defluit
1883 4614 1968 4669 fo-

2085 4635 2224 4672 σεται
2255 4618 2316 4671 τὸ
2352 4619 2576 4689 σημεῖον
2596 4617 2689 4670 τοῦ
2720 4616 2851 4670 Υίοῦ
2879 4615 2971 4669 τοῦ
2996 4615 3282 4689 ἀνθρώπου
3300 4615 3357 4668 ὲν
3384 4616 3461 4687 τῷ
3490 4616 3649 4687 οὐρα-

392 4724 527 4777 lium
554 4736 586 4776 a
615 4722 748 4784 vite,
780 4730 833 4774 et
862 4727 1118 4787 tanquam
1152 4713 1387 4782 id,quod
1425 4711 1692 4765 delabitur
1713 4725 1742 4760 a
1766 4707 1869 4761 ficu
1896 4722 1912 4771 ;
1943 4720 1961 4757 ι

393 4818 689 4871 secundum
719 4812 1104 4883 Symmachum
1152 4818 1330 4861 autem
1359 4846 1374 4870 ,
1418 4822 1437 4854 ι
1484 4803 1549 4858 Ει
1575 4802 1751 4857 omnis
1792 4800 1964 4854 virtus

389 4907 509 4975 eius
540 4906 717 4969 cadet,
750 4903 1059 4959 sicutcadit
1093 4900 1279 4955 folium
1305 4914 1335 4952 a
1366 4898 1475 4952 vite
1505 4937 1518 4958 ,
1551 4906 1605 4949 et
1631 4904 1883 4964 tanquam
1908 4883 1963 4946 id

391 5000 536 5071 quod
560 4998 763 5056 decidit
798 5012 827 5051 a
860 4997 984 5051 ficu.
1031 5012 1050 5046 ι
1088 4993 1211 5048 llaec
1236 5006 1397 5060 porro
1420 4987 1827 5045 observavimus
1856 5024 1873 5051 ,
1904 4992 1963 5037 nt

391 5091 801 5148 ostenderemus
860 5103 946 5153 ea,
976 5102 1096 5157 qua:
1128 5104 1155 5140 a
1209 5083 1345 5139 LXX
1392 5080 1782 5151 lnterpretibus
1815 5087 1961 5133 astra

392 5187 670 5251 dicuntur,
698 5181 837 5255 apud
870 5181 1107 5251 reliquos
1152 5180 1476 5248 interpretes
1531 5176 1761 5229 virtutes
1794 5170 1961 5226 ctelo-

394 5294 512 5332 rum
546 5278 749 5334 vocari.
787 5276 918 5342 Quae
948 5275 1199 5335 virtutes,
1234 5272 1334 5325 nisi
1373 5271 1439 5323 de
1471 5269 1667 5339 quibus
1700 5265 1855 5319 modo
1880 5265 1961 5319 di-

391 5384 538 5427 ctum
570 5380 650 5426 est
675 5372 699 5424 ?
727 5368 820 5424 lla:
850 5368 1011 5438 igitur
1046 5367 1175 5435 ipsa:
1202 5406 1216 5430 ,
1244 5366 1384 5418 sicut
1408 5362 1533 5417 folia
1562 5362 1628 5415 de
1657 5359 1786 5420 vite,
1813 5357 1963 5424 judi-

389 5465 459 5517 rii
503 5474 746 5531 tempore
770 5462 968 5515 cadere
996 5460 1273 5521 dicuntur,
1301 5471 1407 5527 quo
1439 5454 1637 5509 malum
1668 5450 1962 5522 plicabitur

389 5556 544 5624 quasi
584 5555 741 5609 liber.
774 5554 874 5607 llic
902 5568 1031 5608 vero
1062 5552 1356 5607 notandum
1384 5559 1494 5612 est,
1531 5562 1636 5600 non
1668 5538 1967 5612 corruptio-

386 5666 533 5713 nem,
565 5664 669 5702 non
695 5648 955 5710 exitium,
1000 5660 1103 5699 non
1134 5641 1561 5699 destructionem
1586 5637 1847 5693 caalorum
1878 5633 1961 5688 bis

454 5895 499 5928 “
527 5896 723 5968 Ephes.
762 5911 834 5961 vt,
866 5894 949 5949 12.
1051 5896 1113 5925 "‘
1153 5890 1294 5945 Ριξξι.
1344 5905 1461 5951 vm,
1519 5886 1572 5940 9.

2070 4710 2166 4781 νῷ.
2202 4730 2220 4761 ι
2253 4709 2311 4762 '0
2346 4710 2444 4780 μὲν
2488 4708 2739 4773 Ἀκύλας,
2772 4729 2789 4761 ι
2845 4709 2953 4761 Kal
3000 4710 3150 4762 πᾶσα
3196 4708 3425 4778 στρατιά
3468 4708 3646 4761 αὐτῶν

2068 4798 2418 4873 ἀποῤῥεύσει,
2438 4790 2511 4864 ὡς
2539 4801 2770 4871 ἀπορρεῖ
2802 4799 2998 4869 φύλλον
3020 4799 3127 4853 ἀπὸ
3152 4798 3419 4869 ἀμπέλου,
3452 4799 3545 4852 καὶ
3571 4798 3647 4859 ὡς

2066 4887 2376 4963 ἀπόπτωμα
2428 4894 2534 4946 ἀπὸ
2593 4893 2793 4963 συκῆς·
2857 4911 2875 4941 ι
2911 4894 3049 4945 κατὰ
3093 4891 3147 4944 δὲ
3192 4891 3283 4945 τὸν
3331 4891 3644 4961 Σύμμαχον,

2071 5004 2089 5034 ι
2128 4983 2237 5036 Kal
2270 4984 2485 5053 πᾶσαή
2538 4982 2766 5053 δύναμις
2797 4982 2959 5035 αὐτοῦ
3010 4986 3273 5045 πεσεῖται,
3327 4982 3401 5044 ὡς
3454 4982 3644 5034 πίπτει

2068 5075 2262 5144 φύλλον
2294 5074 2403 5129 ἀπὸ
2425 5075 2689 5145 ἀμπέλου,
2725 5076 2817 5129 καὶ
2835 5074 2909 5139 ὡς
2937 5075 3246 5145 ἀπόπτωμα
3272 5074 3379 5127 ἀπὸ
3415 5074 3643 5143 συκῆςδν

2068 5169 2111 5220 Τ
2116 5170 2372 5239 ετήρηται
2408 5167 2463 5219 δὲ
2499 5167 2670 5221 ταῦτα
2700 5168 2849 5237 ἡμῖν,
2884 5168 2963 5229 είς
2992 5166 3053 5218 τὸ
3074 5163 3261 5230 δεῖξαι,
3283 5166 3364 5219 ὅτι
3396 5165 3464 5217 τά
3494 5165 3645 5233 παρά

2065 5265 2177 5325 τοῖς
2205 5261 2602 5332 Ἑϐδομήκοντα
2634 5260 2895 5332 εἰρημένα
2925 5261 3097 5330 ἄστρα
3124 5260 3274 5330 παρὰ
3301 5261 3413 5321 τοῖς
3441 5258 3645 5318 λοιποῖς

2071 5356 2432 5425 ὲρμηνευταίς
2486 5351 2740 5422 δυνάμεις
2798 5350 2892 5404 τοῦ
2951 5350 3179 5421 οὐρανοῦ
3228 5346 3641 5419 ὠνομάσθησαν.

2071 5445 2224 5499 Ποῖαι
2255 5444 2310 5497 δὲ
2340 5443 2613 5513 δυνάμεις,
2639 5443 2670 5512 ἢ
2700 5444 2825 5512 περὶ
2854 5435 2929 5495 ὧν
2960 5442 3161 5513 ἀρτίως
3193 5439 3434 5507 ἑλέγετο;
3458 5435 3644 5490 Ταῦτα

2064 5532 2155 5589 οὖν
2184 5536 2323 5589 αὐτὰ
2364 5535 2439 5597 ὡς
2473 5533 2646 5603 φύλλα
2696 5532 2753 5596 ἐξ
2806 5532 3049 5603 ἀμπέλου
3097 5528 3380 5583 πεσεῖσθαι
3428 5526 3640 5598 εἴρηται

2065 5627 2203 5679 κατὰ
2241 5626 2331 5677 τὸν
2369 5624 2467 5694 τῆς
2502 5622 2735 5694 κρίσεως
2770 5624 2979 5693 καιρὸν,
3031 5621 3151 5675 καθ’
3196 5620 3255 5673 ὃν
3308 5619 3641 5689 είλιγήσεται

1655 5885 1699 5915 ⁸⁸
1752 5883 1937 5935 Matth.
1990 5892 2138 5941 xxxv,
2193 5873 2281 5928 ΞΟ.
