3984 6506
413 461 525 525 ’335

1084 461 1346 518 EUSEBN
1383 460 1854 518 CAESARIENSIS
1892 460 2039 519 OPP.
2076 458 2254 517 PARS
2291 458 2377 516 Ill.
2412 490 2480 504 —-
2516 460 2925 518 EXEGETICA.

3515 457 3627 516 556

420 594 526 643 tur,
571 599 588 632 ι
630 578 876 633 Mulieres
901 575 1110 642 divites,
1148 574 1440 645 exsurgite,
1484 572 1589 628 diei
1617 574 1738 628 anni
1770 588 1971 629 memo-

2084 573 2283 642 ἐλέγετο
2298 575 2377 639 τὸ,
2402 592 2419 625 ι
2444 576 2700 637 Γυναῖκες
2722 553 2986 637 πλούσιαι,
3008 571 3518 642 ἀνάστητε,ἠμέρας
3532 577 3637 628 ὲνιο

419 676 555 729 riam
590 671 750 725 facile
790 671 841 733 in
871 669 1055 724 dolore
1084 682 1205 723 cum
1242 682 1358 737 spe.
1398 688 1417 720 ι
1449 668 1579 735 Quis
1625 668 1697 722 sit
1741 667 1828 721 ille
1876 682 1970 720 an-

416 778 521 819 nus
543 803 559 829 ,
606 777 715 831 quo
745 776 869 814 cum
922 759 1104 814 dolore
1133 757 1405 829 planctum
1434 761 1595 814 edere
1633 756 1822 826 jubet,
1857 758 1972 813 haec

416 854 696 925 prophetia
723 852 960 906 declarat
989 851 1073 906 his
1101 850 1298 911 verbis,
1336 869 1354 900 ε
1398 848 1604 904 Vocare
1644 865 1841 903 annum
1870 850 1973 903 Do-

418 945 550 1000 mini
582 943 965 1011 aceeptabilem
996 981 1012 1006 ,
1041 951 1098 995 et
1127 941 1266 995 diem
1300 940 1669 995 retributionis
1721 940 1828 993 Deo
1879 955 1973 994 no-

418 1044 533 1091 stro
560 1076 575 1100 ,
631 1035 896 1089 consolari
949 1047 1136 1087 omnes
1187 1032 1426 1101 lugentes
1456 1074 1471 1098 ,
1507 1033 1634 1086 dare
1668 1032 1974 1100 lugentibus

417 1127 548 1184 Sion
574 1126 819 1198 gloriam.
859 1143 878 1176 ι
915 1122 1103 1178 Viden'
1131 1138 1238 1191 quo
1271 1138 1432 1177 sensu
1466 1124 1553 1178 hic
1581 1122 1850 1185 dicatum:
1882 1139 1975 1176 an-

418 1234 519 1274 nus
558 1217 769 1275 Domini
799 1256 813 1281 ,
842 1224 899 1270 et
922 1215 1035 1269 dies
1065 1215 1482 1280 retributionis;
1520 1234 1538 1267 »
1591 1215 1660 1267 ita
1709 1224 1767 1268 ut
1800 1215 1972 1269 simile

416 1312 491 1368 sit
516 1309 645 1365 illud
672 1309 774 1365 hoc
801 1308 944 1362 dicto
968 1349 982 1373 ,
1020 1325 1039 1358 ι
1077 1305 1200 1361 Dies
1228 1307 1370 1360 enim
1397 1304 1589 1373 judicii
1624 1306 1773 1361 Sion.
1816 1325 1833 1358 ι
1864 1304 1970 1358 Ita-

419 1413 526 1469 que
560 1397 700 1453 idem
731 1398 844 1467 ipse
874 1412 1069 1460 annus,
1097 1396 1283 1451 eadem
1315 1396 1426 1462 ipsa
1448 1396 1563 1450 dies
1593 1407 1694 1461 est,
1722 1412 1823 1463 qua
1852 1413 1975 1465 pau-

416 1502 578 1558 peres
608 1486 1068 1556 evangelizantur,
1101 1485 1347 1552 lugentes
1395 1485 1521 1539 Sion
1555 1486 1972 1541 consolationem

417 1578 689 1647 accipiunt
716 1577 768 1630 in
799 1577 997 1632 Christi
1030 1576 1262 1630 adventu
1294 1616 1307 1636 ,
1360 1576 1611 1628 mulieres
1656 1576 1757 1630 illae
1783 1576 1975 1630 divites

415 1673 482 1725 ad
515 1670 789 1741 planctum
816 1678 1134 1734 evocantur,
1167 1678 1223 1723 et
1251 1682 1369 1736 quae
1398 1668 1497 1721 hoc
1530 1669 1581 1720 in
1611 1672 1726 1721 loco
1756 1669 1821 1721 de
1847 1667 1973 1721 Sion

414 1763 796 1825 enuntientur,
834 1761 1015 1814 futura
1048 1770 1192 1814 sunt.
1224 1757 1349 1812 Haec
1378 1772 1539 1825 porro
1561 1758 1741 1812 omnia
1776 1758 1827 1811 in
1858 1758 1977 1811 Sul-

415 1854 621 1909 vatoris
666 1852 833 1909 nostri
881 1851 1007 1907 Jesu
1055 1849 1255 1905 Christi
1305 1850 1532 1904 adventu
1597 1851 1973 1919 implebantur,

2070 666 2229 721 αυτοῦ
2249 667 2432 739 μνείαν
2455 665 2749 738 ποιήσασθε
2766 668 2821 719 ὲν
2835 666 2992 738 ὀδύνῃ
3019 666 3133 736 μετ’
3152 663 3378 727 ἐλπίδος.
3394 663 3515 726 »Τίς
3538 662 3633 717 οὖν

2052 751 2133 826 ἦν
2146 748 2340 818 οῦτοςό
2357 754 2618 818 ἐνιαυτὸς,
2643 754 2724 822 ἐφ’
2739 746 2783 821 ᾧ
2799 753 3088 807 κόπτεσθαι
3113 752 3227 823 μετ’
3245 751 3433 823 ὀδύνης
3460 770 3632 823 προσ-

2068 844 2268 907 τάττει,
2302 844 2334 914 ἡ
2373 842 2618 914 παροῦσα
2652 842 2951 915 προφητεία
2988 842 3276 913 παρίστησι
3305 840 3537 908 λέγουσα
3563 842 3637 894 τά

2070 935 2414 1007 προκείμενα·
2430 955 2445 985 ι
2460 935 2697 988 Καλέσαι
2708 934 2945 987 ἐνιαυτὸν
2958 933 3156 1005 Κυρίου
3169 932 3372 997 δεκτδν,
3388 932 3480 984 καὶ
3495 934 3528 999 ἡ
3537 932 3639 1002 μέ-

2074 1044 2167 1097 ραν
2183 1027 2580 1089 ἀνταποδόσεως
2601 1026 2676 1097 τῷ
2692 1024 2997 1096 Θεῷήμῶν,
3026 1023 3397 1095 παρακαλέσαι
3426 1023 3641 1085 πάντας

2068 1121 2193 1184 τοὺς
2224 1120 2567 1184 πενθοῦντας,
2593 1118 2806 1188 δοθῆναι
2835 1120 2944 1179 τοῖς
2980 1116 3231 1169 πενθοῦσι
3260 1114 3395 1168 Σιὼν
3416 1114 3590 1181 δόξαν.
3608 1133 3629 1165 ι

2083 1211 2242 1281 Ὁρᾷς
2260 1212 2403 1272 ὅπως
2420 1212 2475 1263 ἐν
2488 1209 2693 1271 τούτοις
2714 1228 2731 1258 ε
2756 1206 2993 1269 ἐνιαυτὸς
3009 1207 3210 1277 Κυρίου
3224 1225 3241 1256 ι
3262 1207 3493 1278 εἴρηται,
3513 1224 3530 1255 ι
3544 1205 3643 1258 καὶ

2072 1304 2251 1375 ἡμέρα
2268 1301 2683 1365 ἀνταποδόσεως,
2705 1321 2723 1352 ι
2740 1300 2812 1363 ὡς
2826 1301 3003 1370 ὅμοιον
3018 1300 3256 1369 τυγχάνῃ
3271 1297 3367 1369 τῷ,
3386 1318 3402 1349 ι
3424 1297 3641 1368 Ἡμέρα

2071 1394 2177 1467 γὰρ
2201 1396 2429 1465 κρίσεως
2458 1392 2615 1447 Σιών.
2637 1413 2654 1444 ι
2689 1392 2892 1446 Ούκοῦν
2924 1386 3003 1456 εἷς
3033 1392 3124 1445 καὶ
3154 1392 3182 1443 ὀ
3206 1391 3363 1454 αὐτὸς
3392 1388 3640 1453 ἐνιαυτὸς

2071 1488 2345 1559 τυγχάνει,
2379 1487 2471 1540 καὶ
2524 1485 2620 1557 μία
2666 1485 2760 1538 καὶ
2810 1487 2843 1556 ἡ
2889 1484 3024 1555 αύτὴ
3056 1483 3256 1554 ἡμέρα,
3289 1480 3413 1536 καθ’
3461 1482 3527 1553 ἢν
3580 1480 3641 1533 οἱ

2074 1581 2276 1651 πτωχοὶ
2309 1575 2762 1647 εὐαγγελίζονται,
2809 1576 2862 1628 οἵ
2906 1593 2964 1628 τε
3012 1573 3331 1637 πενθοῦντες
3363 1572 3461 1643 τὴν
3495 1570 3643 1623 Σιὼν

2074 1671 2511 1746 παρακαλοῦνται
2541 1670 2631 1722 ἐπὶ
2662 1671 2727 1740 τῇ
2757 1667 2990 1739 Χριστοῦ
3021 1664 3310 1738 παρουσίᾳ,
3335 1666 3427 1717 καὶ
3457 1664 3511 1715 αἱ
3542 1662 3636 1714 λε-

2075 1767 2299 1838 γόμεναι
2348 1763 2598 1817 πλούσιαι
2626 1761 2880 1831 γυναῖκες
2903 1759 2992 1812 ἐπὶ
3020 1758 3108 1811 τὸν
3136 1754 3361 1811 κοπετὸν
3412 1751 3640 1807 καλοῦνο

2077 1877 2184 1923 ται,
2209 1859 2300 1912 καὶ
2328 1857 2394 1910 τὰ
2428 1857 2691 1924 λεγόμενα
2722 1853 2807 1907 διὰ
2830 1853 2935 1905 τῶν
2988 1850 3360 1922 προκειμένων
3394 1850 3457 1918 τῇ
3500 1844 3647 1899 Σιὼν

417 1946 632 2017 quando
659 1945 695 1999 ii
731 1946 820 2014 qui
852 1943 904 1998 in
938 1945 1112 2012 ipsum
1139 1942 1504 2007 crediderant,
1533 1953 1582 1996 et
1612 1944 1839 2012 gratiam
1862 1945 1977 2014 ejus

2084 1950 2392 2006 ἀποϐαίνειν
2452 1948 2669 2020 ἤμελλε.
2710 1944 2891 1997 Ταῦτα
2938 1942 2995 1995 δὲ
3044 1942 3221 1995 πάντα
3277 1940 3368 1993 ἐπὶ
3400 1941 3497 2009 τῆς
3542 1935 3643 1990 τοῦ

417 2047 793 2108 susceperant,
821 2036 1041 2104 optimis
1080 2035 1183 2088 illis
1213 2033 1691 2103 pollicitationibus
1720 2036 1976 2092 frueban-

419 2144 508 2189 tur
537 2151 559 2187 εν
584 2132 675 2202 qui
705 2146 830 2186 vero
860 2145 979 2184 sese
1005 2144 1034 2181 a
1077 2128 1247 2198 gratia
1291 2126 1407 2194 ejus
1458 2137 1934 2196 sequestraverant
1959 2171 1975 2194 ,

418 2228 485 2281 ab
512 2226 658 2281 omni
689 2239 784 2295 spe
813 2222 951 2277 bona
980 2221 1113 2289 lapsi
1142 2259 1156 2284 ,
1195 2220 1498 2275 tristiorum
1528 2221 1978 2277 comminationes

415 2320 717 2375 subierunt-
769 2317 835 2372 Et
877 2331 1007 2371 sane
1058 2315 1172 2384 ipsa
1201 2329 1385 2369 eorum
1414 2314 1701 2383 conspicua
1733 2325 1787 2368 et
1833 2317 1975 2385 regia

414 2412 625 2479 civitas,
658 2426 719 2466 ea
752 2410 865 2480 ipsa
890 2408 1111 2478 pertulit
1135 2447 1149 2470 ,
1175 2420 1293 2475 quae
1315 2418 1556 2475 praesens
1578 2405 1856 2475 prophetia
1886 2419 1976 2459 va-

414 2505 695 2560 ticiuatur.

2082 2044 2375 2113 Σωτῆρος-ἡ
2386 2040 2497 2112 μῶν
2525 2036 2695 2111 Ἰησοῦ
2730 2033 2963 2107 Χριστοῦ
2983 2032 3284 2103 παρουσίας
3314 2026 3641 2100 ἒπληροῦτο,
3668 2026 3671 2029 ’

2081 2135 2198 2189 καθ’
2224 2137 2288 2205 ἢν
2314 2137 2360 2187 οἱ
2399 2135 2493 2203 μὲν
2538 2134 2614 2195 είς
2654 2129 2813 2183 αὐτὸν
2841 2124 3281 2187 πεπιστευκότες,
3310 2126 3401 2175 καὶ
3427 2121 3524 2192 τὴν
3546 2118 3647 2190 χά-

2083 2245 2165 2300 ριν
2197 2227 2293 2298 τὴν
2318 2226 2383 2279 δι’
2406 2226 2568 2279 αὐτοῦ
2613 2218 3094 2291 παραδεδεγμένοι,
3124 2215 3230 2269 τῶν
3262 2212 3650 2286 χρηστοτέριιω

2083 2319 2426 2389 ἐπαγγελιῶν
2455 2316 2725 2388 ἀπήλαυον
2750 2329 2765 2341 '
2793 2313 2841 2365 οί
2864 2311 2918 2364 δὲ
2948 2309 3257 2380 ἀλλοτρίους
3281 2305 3506 2368 ἑαυτοὺς
3537 2321 3645 2358 κα-

2082 2413 2448 2482 ταστήσαντες
2486 2411 2581 2478 τῆς
2638 2403 2799 2459 αὑτοῦ
2846 2402 3087 2473 χάριτος,
3118 2400 3295 2469 πάσης
3317 2396 3521 2467 ἀγαθῆς
3556 2396 3611 2447 tr»

2082 2501 2232 2563 πίδος
2270 2498 2655 2559 ἀποπεσόντες,
2683 2497 2801 2556 ταῖς
2830 2492 2937 2545 τῶν
2977 2488 3438 2561 σκυθρωποτέρων
3480 2487 3647 2538 ἄπιτ-

414 2599 535 2664 λαῖς
574 2598 1051 2653 ὑποπεπτώκασιν.
1092 2596 1201 2647 Καὶ
1248 2593 1381 2663 αὐτὴ
1417 2591 1471 2645 δὲ
1500 2593 1678 2646 αὐτῶν
1701 2595 1734 2663 ή
1762 2595 1932 2667 σεμνὴ
1956 2596 2050 2649 καὶ
2090 2596 2338 2665 βασιλικὴ
2367 2588 2517 2656 πόλις
2562 2589 2778 2645 τοιαῦτα
2829 2584 3115 2651 πέπονθεν,
3144 2584 3300 2637 ὀποῖα
3331 2579 3575 2642 θεσπίζει
3604 2580 3646 2649 ὴ

413 2694 665 2765 παροῦσα
691 2690 1009 2763 προφητεία.

490 2789 654 2843 Vsus.
684 2787 739 2843 9.
781 2803 800 2837 ι
840 2784 904 2838 Ει
933 2792 1213 2838 vertentur
1270 2780 1435 2835 valles
1490 2779 1605 2848 ejus
1657 2781 1708 2832 in
1759 2782 1931 2851 picem
1961 2822 1975 2847 ,

410 2890 467 2937 et
512 2892 657 2936 terra
704 2877 824 2949 ejus
878 2878 930 2930 in
983 2875 1229 2944 sulphur.
1293 2873 1357 2927 Et
1407 2874 1511 2928 erit
1572 2882 1714 2927 terra
1764 2875 1879 2943 ejus
1924 2883 1983 2927 ut

412 2975 508 3044 pix
550 2969 752 3027 ardens
807 2979 965 3024 nocte
1014 2979 1069 3023 et
1124 2967 1232 3021 die.
1291 2984 1309 3018 ι
1368 2965 1531 3032 Queis
1583 2965 1729 3021 clare
1775 2967 1981 3021 denun-

410 3064 519 3119 tiat
548 3071 851 3118 extremam
885 3062 1190 3114 vastitatem
1240 3067 1293 3112 ct
1342 3057 1458 3112 loco
1489 3067 1541 3112 et
1572 3058 1714 3127 genti
1747 3059 1984 3114 inferen-

416 3156 563 3209 dam.

490 3242 768 3297 Vnus.10.
819 3262 837 3293 ι
872 3244 936 3296 Et
980 3258 1085 3298 non
1138 3244 1511 3313 exstinguetur
1560 3244 1612 3298 in
1663 3254 1981 3314 perpetuum
2009 3219 2052 3277 C

418 3346 632 3406 tempus
681 3353 694 3388 :
743 3345 800 3389 et
834 3334 1089 3389 ascendet
1137 3333 1316 3388 fumus
1359 3332 1476 3402 ejus
1504 3350 1716 3389 sursum
1755 3355 1768 3391 :
1807 3337 1859 3390 in
1898 3353 1989 3407 ge-

415 3426 759 3482 nerationem
819 3422 935 3493 ejus
987 3424 1331 3491 desolabitur,
1380 3437 1436 3480 et
1493 3427 1546 3480 in
1597 3437 1805 3498 tempus
1851 3429 1989 3482 mul-

418 3527 550 3572 tum.
581 3535 599 3569 ι
646 3516 871 3586 Signum
909 3516 1181 3585 supplicii,
1216 3518 1357 3583 quod
1399 3518 1451 3570 in
1496 3517 1763 3587 profundo
1812 3519 1986 3585 luunt,

415 3610 485 3664 iis
520 3611 608 3675 qui
645 3624 862 3663 sursum
900 3608 1062 3677 positi
1094 3620 1219 3664 sunt
1256 3610 1503 3680 praebens
1526 3611 1985 3680 conspiciendum,

416 3702 487 3754 ob
538 3700 754 3754 insitam
790 3700 895 3754 illis
937 3699 1193 3755 malitiam
1218 3742 1232 3764 ,
1267 3717 1415 3769 qua’,
1449 3701 1589 3772 quod
1626 3701 1910 3758 tenebrosa
1936 3712 1991 3757 et

416 3794 573 3863 nigra
602 3793 697 3856 sit,
732 3793 835 3862 pici
862 3803 1226 3859 comparatur.

490 3882 655 3939 Vens.
688 3887 771 3939 lt.
812 3904 831 3936 ι
854 3887 1013 3949 Aves,
1042 3897 1097 3940 et
1132 3885 1303 3947 ericii,
1340 3894 1395 3939 et
1422 3885 1539 3940 ibes
1569 3895 1623 3940 et
1656 3885 1800 3939 corvi
1837 3884 1990 3938 babi-

411 3980 614 4033 tabunt
668 3978 720 4032 in
767 3994 879 4032 ea:
926 3988 979 4033 et
1027 3979 1296 4047 injicietur
1342 3993 1503 4046 super
1550 3993 1667 4031 cam
1723 3977 1990 4031 funiculus

412 4072 731 4143 geometria:
784 4071 1009 4135 deserti,
1067 4082 1119 4125 et
1168 4068 1515 4125 onocentauri
1570 4068 1890 4121 habitabunt
1936 4068 1988 4120 in

412 4176 541 4217 ea.)
596 4162 690 4217 llis
740 4163 985 4233 impurus
1022 4162 1230 4216 animas
1265 4159 1554 4229 signiﬁcat,
1606 4159 1794 4227 quales
1836 4166 1990 4210 erant

415 4269 611 4307 eorum
667 4253 901 4317 animae,
960 4255 1053 4323 qui
1106 4268 1171 4308 ex
1233 4252 1548 4319 alienigenis
1602 4260 1653 4304 et
1714 4248 1991 4303 extraneis

412 4342 670 4411 gentibus
720 4358 785 4397 eo
842 4345 894 4397 in
952 4344 1068 4397 loco
1115 4352 1295 4412 postea
1340 4341 1684 4407 habitarunt,
1729 4340 1988 4393 idolorum

413 4431 672 4486 cultores.

489 4520 655 4576 Vens.
688 4522 773 4575 12.
818 4541 834 4571 ι
862 4521 1137 4592 Principes
1164 4522 1278 4589 ejus
1308 4537 1410 4575 non
1440 4528 1618 4573 erunt.
1650 4519 1825 4589 Reges
1848 4521 1988 4573 enim
2024 4553 2066 4607 Β

412 4622 469 4667 et
502 4625 785 4685 magnates
817 4613 935 4681 ejus
964 4626 1123 4669 erunt
1150 4615 1202 4668 in
1237 4616 1612 4684 perditionem.
1644 4633 1661 4664 ι
1711 4614 1987 4665 Daetttouas

417 4706 682 4772 quosdam
735 4707 1054 4770 adumbrat,
1114 4708 1205 4774 qui
1263 4708 1313 4759 in
1365 4705 1672 4760 sinnilacris
1720 4715 1774 4758 et
1835 4703 1988 4757 idolis

416 4812 608 4852 eorum
633 4814 733 4851 ceu
768 4799 817 4851 in
856 4797 1078 4852 latebris
1107 4799 1359 4866 agebant.

492 4886 656 4943 Vens.
685 4889 787 4951 t5,
830 4888 917 4941 M.
964 4906 981 4939 ι
1008 4887 1073 4942 Et
1118 4900 1470 4942 renascentur
1516 4889 1567 4940 in
1616 4887 1839 4940 urbibus
1872 4884 1989 4953 ejus

416 4979 636 5049 spinosa
661 4990 715 5034 et
744 4979 904 5049 ligna,
930 4990 984 5034 et
1014 4980 1064 5033 in
1105 4981 1491 5034 munitionibus
1531 4979 1668 5049 ejus.
1724 4978 1790 5032 Et
1832 4986 1990 5032 erunt

414 5070 597 5125 cubile
637 5072 900 5135 sirenum,
934 5080 988 5125 et
1016 5071 1283 5126 stabulum
1305 5069 1770 5124 strutltionum.Et
1804 5069 1989 5123 obvia-

417 5162 553 5216 hunt
583 5160 857 5217 daemones
890 5162 1273 5218 onocentauris
1294 5201 1308 5225 ,
1339 5171 1392 5214 et
1421 5160 1731 5215 clamabunt
1759 5159 1895 5213 alter
1921 5159 1988 5213 ad

417 5252 672 5307 alterum.
718 5252 798 5307 lbi
839 5253 1183 5322 requiescent
1233 5251 1604 5315 onucentauri,
1654 5250 1989 5304 invenientes

418 5342 522 5397 sibi
575 5344 813 5413 requiem
851 5362 865 5397 :
904 5364 923 5396 ι
984 5344 1380 5398 infructuosam
1438 5358 1621 5396 eorum
1683 5340 1985 5395 doctrinam

419 5433 754 5503 signiﬁcans.
791 5435 1151 5502 Quamobrem
1184 5434 1400 5488 vineam
1426 5450 1613 5488 eorum
1644 5433 1827 5500 spinus
1854 5430 1991 5485 emi.

418 5526 561 5581 sisse
602 5540 762 5595 supra
790 5527 837 5558 “
880 5527 1193 5583 declarabat
1244 5527 1329 5581 his
1377 5526 1577 5589 verbis,
1637 5519 1994 5591 «Exspectavi

423 5626 484 5670 ut
529 5616 733 5673 faceret
770 5618 903 5673 mihi
954 5635 1152 5683 uvam,
1190 5618 1321 5673 fecit
1361 5627 1539 5671 autem
1585 5615 1830 5686 spinas.»
1889 5611 1990 5668 Ubi

426 5717 606 5765 autem
638 5710 691 5765 in
721 5710 1007 5766 animabus
1033 5724 1221 5767 eorum
1261 5720 1508 5766 extrema
1538 5708 1762 5763 vastitas
1806 5704 1990 5770 fuerit,

496 5887 537 5919 ⁸⁸
568 5886 697 5959 Cap.
730 5903 782 5954 v,
813 5888 865 5942 1.

2162 2797 2179 2830 ι
2204 2776 2312 2830 Καὶ
2336 2773 2730 2847 στραφήσονται
2750 2768 2803 2820 αἱ
2827 2765 3105 2836 φάραγγες
3128 2759 3295 2829 αὐτῆς
3318 2760 3396 2821 είς
3422 2756 3644 2847 πίσσαν,

2087 2874 2181 2927 καὶ
2207 2873 2240 2941 ἡ
2270 2868 2342 2939 γῆ
2365 2846 2534 2935 αὐτῆς
2574 2866 2651 2926 είς
2692 2861 2851 2914 θεῖον.
2886 2857 2994 2910 Καὶ
3021 2856 3171 2907 ἔσται
3198 2854 3231 2924 ἡ
3268 2852 3340 2921 γῆ
3359 2848 3540 2941 -αύτῆς
3568 2846 3648 2941 ῶς

2088 2935 2255 3017 πίσσα
2284 2935 2546 3030 καιομένη
2565 2955 2752 3017 νυκτὸς
2792 2950 2884 3005 καὶ
2914 2947 3146 3019 ἡμέρας.
3182 2964 3200 2995 ι
3240 2943 3315 2995 Δι’
3351 2935 3423 2993 ὧν
3462 2937 3649 3030 σαφῶς

2086 3060 2115 3113 ὀ
2143 3058 2296 3123 λόγος
2328 3025 2650 3122 παρίστησιν
2691 3043 2921 3112 ἐσχάτην
2959 3036 3191 3108 ἐρημίαν
3243 3025 3647 3100 καταλήψεσθα.

2087 3149 2178 3203 τόν
2204 3165 2265 3200 τε
2289 3145 2453 3197 τόπον
2482 3140 2574 3193 καὶ
2598 3138 2658 3191 τὸ
2687 3136 2853 3197 ἔθνος.

2159 3256 2177 3288 ι
2218 3234 2328 3289 Καὶ
2357 3232 2416 3284 ού
2453 3227 2809 3295 σϐεσθήσεται
2836 3223 2916 3285 εἰς
2964 3218 3052 3272 τὸν
3108 3215 3276 3271 αίῶνα
3310 3212 3518 3285 χρόνον,
3553 3210 3652 3263 καὶ

2086 3328 2413 3398 ἀναϐήσεται
2437 3322 2466 3374 ὀ
2493 3320 2695 3381 καπνὸς
2724 3316 2891 3385 αὐτῆς
2944 3314 3087 3367 ἀνω’
3128 3312 3205 3374 είς
3241 3307 3431 3377 γενεὰν
3477 3303 3646 3370 αὐτῆς

2089 3418 2529 3494 ἐρημωθήσεται,
2584 3412 2678 3465 καὶ
2707 3410 2786 3472 εἰς
2814 3408 3003 3480 χρόνον
3040 3402 3285 3494 πολύν.)
3323 3400 3396 3453 Τὸ
3426 3398 3651 3494 σημεῖυί

2087 3486 2286 3580 riis-sv
2333 3486 2485 3577 βάθει
2529 3499 2797 3571 τιμωρίας
2848 3494 3025 3551 αὐτῶν
3070 3494 3182 3556 τοῖς
3232 3490 3343 3544 ἀνω
3396 3486 3655 3580 παρέχων

2089 3575 2219 3675 ὀρᾷν
2250 3575 2342 3653 διάή
2369 3598 2467 3668 τὴν
2507 3590 2868 3663 ὑποκειμένην
2904 3589 3083 3649 αὐτοῖς
3115 3584 3329 3644 κακίαν,
3364 3579 3534 3649 πίσσῃ
3564 3575 3657 3628 διὰ

2089 3695 2150 3747 τὸ
2178 3690 2440 3752 σκοτῶδες
2470 3687 2564 3740 καὶ
2600 3683 2766 3755 μέλαν
2789 3676 3299 3752 παραδαλλομένην.

2168 3888 2186 3921 ι
2231 3870 2449 3939 Ὅρνεα,
2474 3864 2569 3918 καί¹
2606 3864 2790 3932 ἐχῖνοι,
2825 3860 2917 3913 καὶ
2951 3858 3103 3920 ἴϐεις,
3136 3854 3229 3907 καί
3255 3853 3485 3922 κόρακες
3524 3863 3655 3901 κατ-

2090 3963 2401 4034 οικήσουσιν
2449 3960 2507 4011 ἐν
2546 3958 2716 4026 αὑτῇο
2765 3954 2859 4007 καὶ
2903 3948 3321 4020 ἐπιϐληθήσεται
3365 3944 3450 3996 ἐπ’
3483 3940 3654 4009 αὐτὴν

2093 4031 2353 4127 σπανρτίον
2373 4047 2711 4121 γεωμετρίας
2739 4048 2836 4116 ὲρή
2845 4060 2964 4113 μου,
2986 4042 3078 4094 καὶ
3098 4037 3473 4104 ὀνοκένταυροι
3500 4031 3653 4127 οἰκή-

2095 4122 2271 4202 σουσιν
2315 4147 2371 4199 ὲν
2410 4143 2566 4214 αύτῇ.
2619 4158 2639 4193 ι
2673 4140 2749 4190 Δι’
2774 4131 2848 4190 ὧν
2878 4134 3169 4187 αἰνίττεται
3198 4128 3375 4199 ψυχὰς
3406 4122 3656 4194 ἀκαθάρο

2092 4258 2237 4303 τους,
2267 4240 2445 4293 ὁποῖαι
2467 4230 2608 4305 ἦσαν
2640 4232 2696 4285 αἱ
2737 4229 2844 4281 τῶν
2881 4225 3015 4297 μετά
3054 4222 3225 4277 ταῦτα
3260 4220 3319 4284 ἐξ
3344 4215 3663 4286 ἀλλοφύλων

2094 4334 2186 4387 καὶ
2223 4328 2521 4399 ἀλλογενῶν
2564 4325 2732 4381 ἐθνῶν
2762 4324 2855 4377 τὸν
2883 4321 3045 4374 τόπον
3070 4314 3402 4386 οἰκησάντων
3442 4309 3656 4362 εἰδωλο-

2094 4426 2193 4479 λατ
2203 4424 2330 4496 ρῶν.

2171 4492 2261 4569 «Ui
2288 4518 2542 4587 ἄρχοντες
2568 4510 2734 4580 αὐτῆς
2764 4509 2864 4561 οὐκ
2892 4504 3122 4557 ἔσονται.
3170 4500 3233 4552 Οἱ
3275 4496 3382 4567 γάρ
3417 4492 3658 4587 Δβασιλεῖς

2094 4611 2187 4663 καὶ
2248 4610 2295 4659 οἱ
2328 4584 2336 4587 1
2353 4584 2671 4676 μεγιστᾶνες
2720 4599 2885 4668 αὐτῆς
2934 4594 3142 4646 ἔσονται
3194 4592 3272 4652 εἰς
3318 4584 3654 4641 ἀπώλειαν»

2092 4699 2350 4770 δαίμονάς
2389 4714 2538 4757 τινας.
2581 4692 2945 4761 αίνιττόμενος
2982 4686 3109 4747 τοὺς
3140 4685 3195 4735 ὲν
3228 4683 3338 4742 τοῖς
3383 4676 3662 4746 ἀγάλμασι

2095 4794 2191 4862 τῆς
2220 4786 2657 4857 εἰδωλολατρείας
2682 4784 2857 4837 αὐτῶν
2885 4776 3315 4849 ἐμφωλεύοντας.

2172 4901 2188 4930 ι
2219 4879 2326 4932 Καὶ
2367 4878 2665 4946 ἀναφυήσει
2710 4876 2789 4936 εἰς
2824 4871 2919 4933 τὰς
2953 4869 3133 4930 πόλεις
3178 4862 3353 4919 αὐτῶν
3397 4856 3659 4913 ἀκάνθινα

2097 4969 2250 5035 ξύλα,
2286 4968 2378 5020 καὶ
2402 4969 2480 5030 εἰς
2507 4966 2576 5018 τά
2602 4961 2928 5035 ὀχυρώματα
2957 4958 3148 5028 αὐτῆς.
3178 4954 3289 5009 Καὶ
3316 4953 3463 5005 ἔσται
3499 4949 3662 5005 ὲπαύο

2093 5061 2205 5125 λεις
2234 5062 2513 5132 σειρήνων,
2538 5058 2631 5111 καὶ
2653 5056 2789 5128 αὐλὴ
2816 5050 3106 5124 στρουθῶν.
3132 5048 3243 5104 Καὶ
3274 5046 3660 5116 συναντήσουσι

2094 5152 2342 5221 δαιμόνια
2381 5147 2817 5218 ὀνοκενταύροις,
2858 5144 2951 5195 καὶ
2986 5142 3267 5213 βοήσονται
3308 5138 3491 5207 ἕτερος
3524 5134 3659 5203 πρὸς

2095 5246 2185 5299 τὸν
2213 5246 2416 5315 ἕτερον.
2456 5244 2601 5295 Ἑκεῖ
2623 5239 3019 5293 ἀναπαύσονται
3049 5234 3441 5302 ὀνοκένταυροι,
3476 5225 3659 5297 εὑρόν-

2095 5353 2184 5398 τες
2218 5316 2398 5397 αὑτοίς
2425 5333 2727 5386 ἀνάπαυσιν
2751 5346 2763 5358 ·
2794 5348 2810 5379 ι
2836 5327 3011 5399 δηλῶν
3039 5325 3135 5387 τὰς
3167 5324 3450 5392 ἀκάρπους
3481 5316 3658 5370 αὐτῶν

2096 5426 2455 5488 διδασκαλίας.
2502 5424 2590 5477 Διὸ
2636 5423 2727 5476 καὶ
2768 5422 2855 5474 τὸν
2897 5418 3194 5491 ἀμπελῶνα
3233 5412 3409 5467 αὐτῶν
3440 5410 3526 5462 διὰ
3552 5407 3667 5461 τῶν

2104 5518 2405 5591 ἔμπροσθεν
2417 5517 2604 5588 ἐδήλου
2618 5514 2854 5568 ἄκανθαν
2867 5510 3176 5583 ἀγηοχέναι,
3188 5506 3358 5591 λέγων
3378 5520 3389 5531 ·
3401 5521 3420 5555 ε
3437 5503 3664 5571 Ἔμεινα-

2099 5590 2187 5665 ἴνα
2210 5590 2409 5682 ποιήσῃ
2434 5625 2521 5679 μοι
2546 5606 2838 5675 σταφυλὴν,
2862 5604 3082 5674 ἐποίησε
3101 5601 3157 5654 δὲ
3182 5590 3472 5659 ἀκάνθας.)
3504 5592 3667 5682 Ἔρη-

2103 5702 2229 5775 μίας
2258 5679 2442 5770 δὲ’τῆς
2472 5697 2706 5770 ἐσχάτης
2750 5698 2806 5751 ὲν
2834 5696 2953 5758 ταῖς
2991 5693 3188 5763 ψυχαῖς
3228 5687 3407 5742 αὐτῶν
3434 5679 3669 5756 γενομέ-
