3984 6508
293 394 405 451 337
1203 390 1704 446 COMMENTAHIA
1744 389 1807 443 IN
1849 390 2102 445 ISAIAM.
2145 424 2209 432 -—
2248 392 2399 446 CAP.
2442 391 2656 447 XXXV.
3439 396 3542 452 338

293 531 423 584 νης,
470 514 574 566 καὶ
611 510 871 574 ἀκάνθαις
911 510 1288 583 πληρωθείσης
1332 512 1509 566 αὐτῶν
1556 513 1655 583 τῆς
1691 511 1889 583 χώρας,

1997 524 2160 583 atque
2204 529 2334 583 ager
2380 515 2615 583 ipsorum
2670 516 2838 585 spinis
2882 515 3117 585 repletus
3162 517 3297 585 erit;
3346 517 3418 573 ibi
3466 531 3555 573 re-

294 606 549 669 εἰκότως
574 601 949 657 ἀναπαύεσθαι
981 605 1039 655 ὲν
1063 602 1242 666 αὐτοῖς
1272 602 1339 657 τὰ
1366 604 1646 675 πνεύματα
1667 604 1734 658 τά
1758 605 1893 659 ἀκά-

1993 605 2171 673 quiem
2203 604 2478 661 habituros
2511 607 2751 675 impuros
2784 608 3057 664 daemonas
3082 610 3202 680 jure
3234 610 3496 681 praedicit.

295 698 486 769 θαρτα
530 696 807 769 προλέγει.

372 807 392 838 ι
441 788 603 841 Ἐκεῖ
650 786 966 840 ὲνόσσευσεν
1009 786 1209 856 ἐχῖνος,
1261 788 1355 841 καί⁵
1400 787 1598 842 ἔσωσεν
1637 790 1671 860 ή
1715 789 1788 859 γῆ
1826 789 1891 843 τὰ

294 879 502 931 παιδία
552 879 721 949 αὐτῆς
782 879 917 949 μετὰ
964 878 1282 948 ἀσφαλείας.
1348 880 1492 932 Ἐκεῖ
1559 883 1890 951 συνήντησαν

291 970 501 1037 ἔλαφοι
526 1010 541 1035 ,
592 971 685 1023 καὶ
722 964 859 1021 εἶδον
911 969 979 1023 τά
1025 970 1291 1040 πρόσωπα
1312 970 1571 1043 ἀλλήλων.
1610 990 1628 1022 ι
1658 970 1890 1039 Ἔλαφον

290 1061 557 1133 καθαρὸν
582 1059 722 1125 ζῶον
752 1054 890 1113 οἶδεν
915 1063 947 1131 ή
978 1059 1097 1114 θεία
1122 1062 1332 1132 Γραφὴ,
1362 1064 1455 1116 καὶ
1482 1062 1649 1116 πολλὰ
1678 1061 1891 1135 χρηστὰ

290 1152 433 1222 περὶ
486 1153 705 1221 ἐλάφων
781 1151 1035 1217 διδάσκει,
1070 1153 1146 1216 ὠς
1191 1154 1316 1208 ὅταν
1360 1153 1531 1227 λέγῃο
1577 1172 1595 1205 ι
1626 1156 1722 1207 Ὃν
1764 1154 1889 1227 τρό-

291 1262 401 1297 πον
447 1244 712 1297 ἐπιποθεῖ
739 1245 771 1315 ή
802 1243 994 1313 ἔλαφος
1019 1262 1064 1296 ἰ
1098 1246 1195 1299 καὶ
1220 1245 1379 1299 πάλιν
1403 1262 1417 1275 °
1452 1266 1469 1297 ι
1494 1245 1652 1317 Φωνὴ
1685 1247 1889 1319 Κυρίου

290 1338 757 1409 καταρτιζομένη
794 1337 1055 1406 ἐλάφους’
1082 1356 1101 1389 ι
1140 1337 1233 1391 καὶ
1268 1334 1422 1402 αὖθις
1447 1357 1459 1369 ·
1491 1358 1508 1388 ‹
1538 1338 1773 1407 Ἔλαφος
1803 1355 1890 1407 φι-

291 1428 421 1492 λίας
448 1430 554 1482 καὶ
584 1430 763 1492 πῶλος
792 1429 898 1481 σῶν
932 1428 1163 1499 χαρίτων
1196 1430 1449 1500 ὁμιλείτω
1489 1446 1570 1483 σοι
1594 1446 1608 1460 ο
1642 1449 1660 1481 ι
1710 1430 1801 1484 καὶ
1831 1430 1889 1484 ὲν

1995 1442 2012 1474 ι
2039 1422 2244 1478 Curvus
2265 1424 2540 1487 amicitiae,
2572 1436 2624 1479 et
2651 1426 2827 1495 pullus
2853 1430 3146 1498 gratiarum
3181 1440 3415 1497 tuarum,
3440 1432 3545 1487 col-

288 1521 373 1591 τῷ
418 1522 552 1576 ἰώϐ
574 1541 587 1555 ·
637 1542 655 1575 ι
692 1526 990 1594 Ἑφύλαξας
1029 1526 1085 1578 δὲ
1124 1527 1296 1597 μῆνας
1329 1526 1573 1593 ἐλάφων,
1610 1524 1802 1589 ὠδῖνας
1831 1524 1887 1581 δὲ

1989 1516 2240 1585 loquatur
2272 1519 2547 1580 tecum“;
2581 1538 2599 1570 ι
2650 1528 2706 1574 et
2744 1520 2796 1573 in
2840 1520 2977 1575 libro
3007 1520 3106 1577 Job
3136 1540 3151 1577 :
3190 1540 3208 1574 ι
3234 1520 3548 1578 Observasti

288 1614 490 1668 αὐτῶν
526 1615 919 1680 ὲξαποστελεῖς.
944 1637 961 1668 ι
987 1618 1094 1670 Καὶ
1127 1618 1282 1680 αὐτὸς
1316 1616 1371 1668 δὲ
1413 1618 1442 1669 6
1467 1617 1565 1685 τῆς
1603 1616 1885 1687 νύμφης,δ

1989 1619 2168 1662 autem
2215 1623 2427 1663 menses
2473 1623 2799 1673 cervorum,
2844 1622 2900 1666 et
2941 1612 3152 1668 dolores
3194 1622 3382 1683 partus
3420 1614 3551 1683 ipsis

292 1708 354 1758 ἐν
392 1706 482 1777 τῷ
537 1708 775 1778 ’ᾼσματι
822 1709 928 1761 τῶν
979 1710 1255 1779 ᾀσμάτων,
1301 1712 1329 1763 6
1381 1709 1710 1778 ἀδελφιδοῦς,
1764 1708 1886 1762 ὲλάο

1989 1702 2247 1757 immittes
2267 1702 2345 1756 δ’.
2378 1721 2395 1754 ι
2435 1700 2553 1771 Ipse
2576 1715 2791 1771 quoque
2817 1716 3032 1772 sponsae
3065 1704 3298 1760 dilectus
3328 1704 3379 1759 in
3409 1704 3550 1760 Can-

292 1812 384 1864 φῳ
422 1796 869 1867 παραϐέϐληταιο
902 1816 920 1848 ι
950 1797 1168 1867 Ὃμοιός
1204 1801 1317 1851 ἐστι
1360 1798 1573 1870 δορκάδι
1625 1799 1657 1868 ἦ
1713 1796 1886 1869 νεϐρῷ

1990 1795 2094 1849 tico
2142 1793 2473 1848 canticorum
2524 1808 2686 1849 cervo
2735 1804 3121 1863 comparatur:
3177 1796 3427 1852 «Similis
3468 1804 3555 1852 est

290 1886 563 1956 ἐλάφων,
602 1888 694 1941 ἐπὶ
731 1891 802 1943 τά
836 1889 935 1962 ὅρη
994 1890 1320 1964 ἀρωμάτων.
1348 1909 1367 1941 ι
1409 1892 1535 1943 Ὅτε
1578 1891 1754 1943 τοίνυν
1791 1891 1886 1945 καὶ

1990 1898 2199 1953 caprea:
2239 1893 2292 1937 et
2351 1883 2576 1939 binuulo
2618 1900 2927 1949 cervorum,
2973 1900 3136 1952 super
3178 1898 3389 1943 montes
3428 1902 3555 1942 aro-

287 1980 471 2045 αὐτὸς
519 1983 549 2034 6
593 1982 827 2052 νυμφίος
874 1983 1055 2054 ἐλάφῳ
1103 1982 1537 2055 παραϐάλλεται,
1579 1983 1731 2045 τίνας
1758 1981 1802 2034 δ’
1827 1980 1891 2035 ἂν

1992 1986 2192 2028 mutum
2225 1975 2289 2029 ⁸³.
2316 1994 2334 2027 ι
2371 1974 2502 2031 Cum
2534 1977 2716 2044 itaque
2744 1991 2970 2046 sponsus
2995 1994 3156 2033 cervo
3184 1990 3551 2049 comparetur,

292 2072 482 2136 εἴποις
517 2073 750 2127 ἐνταῦθα
775 2074 1004 2145 ἐλάφους
1036 2076 1069 2146 ἢ
1113 2076 1238 2139 τοὺς
1280 2075 1524 2146 μαθητὰς
1553 2076 1643 2128 καὶ
1664 2076 1891 2130 ἀποστό-

1989 2081 2126 2135 quos
2154 2067 2241 2121 hic
2270 2082 2458 2122 cervos
2494 2071 2778 2123 memorari
2813 2070 2983 2133 dicas,
3030 2072 3129 2125 nisi
3174 2071 3467 2140 discipulos
3494 2081 3553 2128 et

291 2162 424 2226 λους
443 2164 632 2228 ;Ἔστι
654 2163 709 2215 δὲ
728 2165 819 2218 καὶ
830 2166 1137 2235 ὀφιοκτόνον
1150 2165 1209 2217 τὸ
1231 2165 1385 2229 ζῶον.
1401 2166 1648 2218 Διδάσκει
1670 2162 1843 2217 τοίνυν
1863 2166 1891 2217 6

1991 2158 2298 2226 apostolos?
2328 2157 2424 2213 Est
2457 2168 2636 2215 autem
2669 2161 2867 2214 animal
2904 2162 3035 2217 illud
3065 2162 3403 2231 serpentibus
3430 2164 3551 2218 exi-

291 2256 501 2327 παρὼν
519 2256 695 2325 λόγος,
716 2256 791 2320 ὼς
812 2259 917 2311 ἀπὸ
940 2259 1037 2329 τῆς
1062 2259 1294 2330 ἐρημίας
1309 2258 1401 2311 τοῦ
1418 2257 1683 2312 Ἰουδαίων
1707 2256 1892 2321 ἔθνους

1993 2250 2209 2307 ιίοευιιι.
2258 2249 2354 2305 llic
2390 2266 2520 2319 ergo
2560 2253 2804 2316 docetur,
2837 2270 2901 2306 ex
2930 2252 3234 2307 indu-orum
3262 2254 3552 2309 solitudine

2068 784 2232 839 Vsus.
2284 784 2375 839 15.
2433 785 2551 840 «lbi
2600 785 2892 841 nidiﬁcavit
2931 789 3158 852 ericius,
3216 800 3271 845 et
3315 791 3550 847 servavit

1994 884 2137 930 terra
2189 876 2362 944 pullos
2397 874 2513 944 ejus
2558 891 2679 932 cum
2725 880 3032 935 securitate.
3083 881 3158 936 lbi
3194 882 3549 939 obviaverunt

1988 968 2156 1025 cervi.
2196 979 2250 1022 et
2286 968 2537 1023 viderunt
2574 968 2740 1024 facies
2763 984 2887 1025 suas
2923 983 3123 1027 mutuo.
3157 992 3174 1024 ι
3203 971 3433 1030 Cervum
3469 974 3549 1030 in-

1993 1068 2073 1113 ter
2099 1059 2350 1114 animalia
2383 1060 2578 1115 munda
2609 1062 2850 1130 agnoscit
2882 1062 3157 1130 Scriptura
3186 1065 3385 1131 divina,
3414 1066 3549 1121 mul-

1993 1159 2151 1215 taque
2178 1150 2244 1203 de
2285 1150 2377 1204 illo
2415 1151 2469 1205 in
2499 1152 2691 1206 bonam
2715 1162 2922 1221 partem
2952 1152 3137 1217 eﬂ'crt,
3184 1165 3241 1209 ut
3281 1172 3402 1211 cum
3425 1158 3503 1212 ait
3526 1175 3544 1211 :

1995 1239 2487 1304 «Quemadmodum
2516 1242 2787 1297 desiderat
2832 1258 3023 1299 cervus
3040 1246 3121 1307 ⁴⁹;
3152 1265 3169 1297 ι
3218 1260 3281 1299 ac
3317 1246 3549 1302 iterum;

1996 1350 2013 1383 ι
2047 1330 2161 1385 Vox
2204 1331 2414 1386 Domini
2470 1348 2780 1403 przeparans
2832 1338 3088 1391 cervos“
3115 1355 3129 1403 ;
3161 1358 3181 1390 ι
3219 1347 3275 1393 et
3322 1354 3545 1395 rursus:

289 2345 497 2414 ἔλαφοί
513 2364 657 2411 τινες
676 2347 970 2420 παρῆλθον,
998 2350 1048 2402 οἱ
1074 2350 1309 2421 μαθηταὶ
1326 2349 1419 2402 τοῦ
1437 2348 1685 2420 Σωτῆρος
1709 2347 1886 2418 ήμῶν·

297 2437 507 2491 «Ἐκεῖ
552 2438 681 2510 γὰρ,
739 2439 904 2510 φησὶ,
946 2441 1280 2512 συνήντησαν
1327 2440 1548 2511 ἔλαφοι,
1600 2441 1692 2494 καὶ
1751 2433 1890 2492 εῧον

288 2528 359 2582 τά
416 2529 696 2600 πρόσωπα
748 2530 1053 2601 ἀλλήλων.»
1118 2530 1447 2603 Ἐγνώρισαν
1485 2532 1591 2602 γὰρ
1639 2531 1886 2597 ἑαυτοὺς,

290 2622 391 2675 καὶ
431 2622 539 2691 τῆς
571 2623 748 2693 ψυχῆς
776 2623 955 2676 αὐτῶν
987 2626 1111 2688 τοὺς
1137 2627 1256 2678 κατ’
1286 2626 1469 2678 εἰκόνα
1493 2622 1627 2677 Θεοῦ
1656 2623 1884 2693 γενομέ-

290 2728 429 2776 νους
455 2715 812 2786 χαρακτῆρας
835 2696 1168 2785 ἐπέγνωσαν.
1198 2716 1416 2787 Ἐπειδὴ
1450 2714 1505 2768 δὲ
1534 2715 1594 2767 οὐ
1623 2712 1888 2784 παρέμει-

292 2821 391 2858 ναν
444 2806 508 2860 ὲν
552 2808 649 2877 μιᾷ
689 2807 860 2860 πόλει·
896 2808 1182 2879 διέδραμον
1214 2808 1269 2861 δὲ
1300 2806 1456 2870 ἄλλος
1488 2806 1721 2877 ἀλλαχοῦ
1748 2805 1884 2877 πλη-

294 2895 529 2966 ροῦντες
556 2897 616 2950 τὸ
648 2898 977 2966 Εὐαγγέλιον
994 2916 1008 2929 ·
1039 2898 1228 2952 τούτου
1254 2899 1411 2970 χάριν
1436 2899 1648 2969 εἴρηται
1669 2913 1684 2928 ο

373 3180 392 3213 ι
441 3162 638 3233 Ἑτέρα
670 3165 768 3236 τὴν
792 3166 983 3237 ἑτέραν
1026 3168 1125 3220 οὐκ
1175 3166 1466 3238 ἐζήτησαν,
1508 3168 1590 3220 ὅτι
1622 3169 1649 3219 6
1683 3166 1883 3236 Κύριος

1989 2352 2177 2394 cervos
2208 2339 2473 2410 prodiisse
2514 2342 2795 2410 quosdam,
2822 2343 3067 2396 videlicet
3106 2343 3395 2413 discipulos
3418 2343 3551 2399 Ser-

1982 2430 2193 2485 .vatoris
2224 2432 2394 2487 nostri
2426 2450 2441 2487 :
2494 2429 2616 2486 «11ιὶ
2648 2433 2813 2498 enim,
2859 2434 2957 2498 ait,
3001 2435 3551 2498 obviaveruntcervi,

1987 2531 2042 2577 et
2070 2522 2319 2577 viderunt
2348 2522 2519 2579 facies
2554 2539 2680 2578 suas
2716 2536 2923 2578 mutuo.
2948 2545 2965 2577 ι
3016 2523 3148 2580 Sese
3178 2540 3408 2594 namque
3436 2540 3553 2579 mu-

1952 2624 2082 2693 _tuo
2132 2625 2506 2683 agnoverunt,
2549 2616 2851 2686 animaeque
2891 2621 2955 2671 ad
3008 2618 3412 2673 similitudinem
3457 2617 3550 2672 Dei

1987 2706 2282 2783 adornatos
2331 2706 2677 2762 characteres
2722 2710 2775 2762 in
2820 2724 2879 2761 se
2918 2708 3143 2762 invicem
3179 2708 3551 2776 deprehende-

1989 2806 2134 2853 runt.
2193 2798 2456 2863 Quoniam
2508 2816 2639 2852 vero
2705 2817 2807 2852 non
2873 2801 2926 2854 in
2985 2816 3089 2854 una
3140 2800 3438 2869 eademque
3475 2800 3556 2855 ci-

1989 2889 2148 2939 vitate
2209 2899 2562 2952 umnserunt,
2634 2892 2727 2944 sed
2800 2892 2941 2944 ultro
3015 2892 3262 2959 citroque
3323 2890 3547 2960 singuli»,

1987 2981 2259 3049 Evangelii
2321 2999 2513 3038 tuunns
2588 2986 2908 3053 implentes,
2972 2984 3552 3040 discurrebantzideo

1985 3074 2180 3127 dicitur
2208 3089 2220 3126 :

2057 3161 2220 3218 Vsus.
2258 3165 2342 3217 lb'.
2386 3182 2404 3213 ι
2426 3164 2572 3219 Alter
2604 3166 2831 3219 alterunt
2865 3182 2967 3220 non
3003 3168 3269 3235 quaesivit,
3295 3166 3422 3236 quia
3448 3166 3553 3222 Do-

296 3250 488 3315 αὐτοῖς
532 3253 867 3318 ἐνετείλατο,
912 3257 1003 3309 καὶ
1044 3257 1105 3309 τὸ
1135 3255 1354 3327 Πνεῦμα
1384 3257 1546 3311 αὐτοῦ
1582 3258 1882 3326 συνήγαγεν

1989 3253 2164 3307 minus
2208 3254 2310 3307 illis
2362 3256 2641 3323 praeepit,
2685 3265 2737 3308 et
2774 3255 3006 3323 Spiritus
3052 3254 3169 3323 ejus
3205 3255 3554 3327 congregavit

295 3342 493 3407 αὑτάς.
525 3364 543 3397 ι
584 3346 641 3399 Ὀ
668 3347 775 3419 γὰρ
800 3346 967 3401 εἰπὼν
991 3350 1173 3413 αὐτοῖς
1198 3391 1213 3416 ,
1254 3370 1271 3400 ι
1292 3349 1679 3422 Μαθητεύσατε
1707 3350 1884 3404 πάντα

295 3431 366 3486 τά
394 3434 529 3506 ἔθνη
584 3437 640 3488 ὲν
690 3436 767 3507 τῷ
816 3438 1039 3509 ὀνόματί
1074 3457 1196 3510 μου,
1239 3461 1255 3492 ι
1283 3442 1443 3504 αὐτὸς
1469 3440 1766 3494 ἐνετείλατο
1809 3439 1881 3510 μὴ

297 3526 445 3579 κατὰ
479 3526 540 3579 τὸ
574 3528 704 3579 αὐτὸ
752 3531 1113 3585 ποιεῖσθαιτὰ
1140 3532 1240 3602 τῆς
1273 3533 1581 3597 συστάσεως
1611 3532 1718 3586 τῶν
1759 3534 1880 3586 Ἐκ-

298 3615 401 3688 κλη
412 3617 546 3669 σιῶν
578 3619 774 3673 αὐτῶν.

373 3727 391 3757 ι
420 3708 531 3759 Καὶ
560 3708 719 3772 αὐτὸς
761 3709 1007 3765 ὲπιϐαλεῖ
1048 3713 1231 3776 αὐτοῖς
1273 3713 1525 3784 κλήρους,
1562 3715 1654 3767 καὶ
1700 3716 1732 3785 ἡ
1763 3719 1881 3790 χεὶρ

298 3798 468 3852 αὐτοῦ
519 3800 793 3874 διεμέρισε
842 3804 1152 3875 βόσκεσθαι.
1204 3808 1298 3873 Εἰς
1342 3808 1433 3862 τὸν
1478 3810 1647 3864 αἰῶνα
1690 3813 1881 3883 χρόνον

298 3889 402 3963 κλη
415 3895 766 3964 ρονομήσετε,
797 3898 877 3960 εἰς
915 3898 1107 3967 γενεὰς
1133 3900 1336 3970 γενεῶν
1362 3902 1762 3958 ἀναπαύσονται
1796 3907 1880 3959 ἐπ’

297 3980 491 4053 αὐτῆς.
519 4002 537 4034 ι
586 3985 793 4039 Οὐκοῦν
837 3988 930 4041 καὶ
954 3989 1122 4062 νομήν
1160 3992 1342 4057 αὐτοῖς
1374 3994 1467 4047 καί
1502 3993 1701 4067 βοσκὴν
1742 4015 1882 4069 παρ-

297 4074 469 4143 εῖχεν,
522 4074 713 4147 ὥσπερ
745 4078 838 4130 καὶ
902 4078 1135 4150 κλήρους
1182 4082 1262 4146 εἰς
1312 4083 1502 4152 γενεάς
1544 4086 1763 4151 γενεῶν,
1802 4089 1881 4151 εἰς

295 4164 357 4218 τὸ
382 4166 760 4221 ἀναπαύεσθαι
800 4171 995 4236 αὐτοὺς
1021 4174 1099 4237 εἰς
1142 4176 1267 4239 τοὺς
1288 4175 1467 4229 αὐτῶν
1506 4177 1756 4249 κλήρους,
1784 4180 1877 4250 δη-

296 4253 431 4330 λαδὴ
471 4260 583 4322 τοῖς
613 4259 790 4312 ἔθνεσι
823 4264 935 4325 τοῖς
958 4262 1422 4336 ἀποκληρωθείσιν
1450 4268 1651 4330 αὐτοῖς,
1701 4269 1757 4321 ὲν
1800 4266 1880 4332 οἷς

298 4351 375 4413 είς
398 4348 594 4418 γενεάς
620 4351 821 4419 γενεῶν
852 4354 885 4422 ή
919 4353 1107 4424 μνήμη
1137 4354 1315 4408 αὐτῶν
1347 4356 1403 4408 ἐν
1432 4357 1551 4419 ταῖς
1584 4357 1675 4408 ὑπ’
1703 4356 1878 4411 αὐτῶν

298 4440 627 4512 ἰδρυθείσαις
672 4442 1015 4513 Ἑκκλησίαις
1046 4445 1496 4518 ἀναζωπυρεῖται.

817 4537 1211 4591 ΚΕΦΑΛΑΙΟΝ
1245 4539 1366 4591 AE'.

371 4645 390 4677 ι
423 4626 794 4698 Εὐφράνθητι,
831 4628 1033 4701 ἔρημος
1079 4630 1315 4700 διψῶσαο
1359 4633 1703 4702 ἁγαλλιάσθω
1751 4636 1877 4707 ἔρηο

302 4736 433 4786 μσς,
470 4722 566 4773 καὶ
599 4722 826 4776 άνθείτω
873 4723 947 4786 ὡς
995 4724 1199 4794 κρίνον.
1231 4746 1248 4777 ι
1300 4726 1398 4797 Εῖη
1441 4729 1616 4780 τοίνυν
1657 4728 1794 4801 αῦτη
1842 4732 1873 4800 ἡ

298 4810 504 4884 ἔρημος
553 4813 701 4886 παρὰ
732 4815 829 4887 τὴν
872 4815 1260 4887 προλεχθείσαν
1296 4817 1451 4883 Σιὼν,
1493 4821 1551 4872 ἐν
1647 4820 1874 4890 ἐχίνους,

298 4912 389 4960 καὶ
430 4907 586 4972 ί6εις,
634 4907 726 4959 καὶ
766 4907 1026 4978 κόρακας,
1058 4908 1307 4978 δαιμόνιά
1339 4926 1396 4962 τε
1429 4911 1524 4963 καὶ
1561 4910 1878 4965 δνοκενταύ·

299 5014 425 5068 ρους
458 4999 699 5069 οἰκήσειν
748 4998 984 5067 ἐλέγετο,
1038 4999 1238 5069 πίσσης
1287 5016 1345 5051 τε
1390 5000 1558 5070 αὐτῆς
1600 5001 1693 5053 καὶ
1726 5000 1869 5053 θείου

299 5088 751 5160 πληρωθήσεσθαι
782 5089 881 5152 τὰς
914 5089 1220 5159 φάραγγας.
1260 5087 1473 5144 Τούτων
1512 5091 1566 5145 δὲ
1609 5092 1737 5163 περὶ
1772 5093 1870 5163 τῆς

298 5180 431 5233 Σιὼν
473 5182 567 5233 καὶ
604 5182 732 5252 περί
771 5182 869 5250 τῆς
910 5180 1261 5253 Ἰερουσαλὴμ
1294 5182 1616 5254 εἰρημένων,
1655 5182 1773 5255 ὥρα
1803 5182 1871 5238 τὰ

298 5270 634 5342 προκείμενα
676 5271 802 5342 περὶ
846 5272 1038 5343 ἑτέρας
1076 5272 1283 5343 ἐρήμου
1312 5272 1561 5342 λέγεσθαι
1591 5276 1751 5328 νοεῖν.
1782 5276 1871 5326 Δι-

294 5363 452 5434 ψῶσα
491 5363 600 5436 γάρ
642 5358 709 5435 ἦν
757 5363 896 5434 αὕτη
926 5365 1189 5437 πρότερον
1217 5366 1250 5436 ή
1278 5365 1501 5437 ἕρημος,
1532 5365 1872 5437 ἐστερημένη

297 5456 534 5529 νάματος
572 5457 820 5528 οὐρανίου
842 5474 855 5485 ·
890 5456 1024 5511 ἀλλὰ
1055 5457 1260 5529 χαίρειν
1289 5459 1425 5529 αὐτῇ
1464 5458 1558 5510 καὶ
1584 5457 1872 5529 εὐφραίνε-

300 5547 417 5603 σθαι
450 5528 667 5618 ὁθλόγος
705 5550 1030 5619 προστάττει
1054 5528 1238 5603 δάτά
1266 5528 1553 5621 λεγόμενα,
1585 5550 1664 5604 ἔτι
1693 5528 1749 5605 δὲ
1780 5551 1873 5603 καὶ

298 5639 474 5695 ἀνθεῖν
520 5642 598 5705 ὡς
645 5642 864 5712 κρίνον⁹
917 5640 1056 5694 ὥστε
1106 5640 1309 5711 λέγειν’
1353 5642 1626 5713 «Χριστοῦ
1678 5640 1871 5696 εὐωδία

371 5827 411 5859 δ’
442 5825 583 5882 Psal.
613 5842 725 5892 xu,
764 5827 811 5881 1.

887 5827 931 5859 ⁸ο
961 5826 1097 5882 Psal.
1145 5840 1334 5893 xxvnt,
1364 5828 1414 5881 9.
1494 5831 1533 5860 ³³
1566 5829 1722 5885 Prov.
1748 5845 1798 5895 ν,
1839 5828 1919 5883 l9.
1997 5828 2039 5860 ⁸³
2064 5825 2182 5881 Job.
2212 5840 2398 5892 xxxix,
2440 5824 2488 5883 l.

1985 3360 2097 3400 eos.
2133 3364 2151 3396 ι
2208 3345 2422 3400 Etenim
2481 3346 2571 3415 qui
2617 3347 2826 3400 dixerat
2877 3347 3025 3412 illis,
3082 3348 3320 3403 «Docete
3363 3362 3552 3403 omnes

1982 3445 2167 3502 gentes
2227 3436 2279 3491 in
2338 3437 2554 3491 nomine
2610 3451 2807 3502 meou
2857 3439 2998 3493 idem
3055 3438 3168 3509 ipse
3216 3440 3426 3505 vetuit,
3478 3453 3547 3494 ne

1984 3525 2037 3577 in
2101 3541 2206 3579 uno
2272 3527 2572 3595 eodemque
2634 3526 2753 3581 loco
2816 3526 3086 3583 Ecclesias
3152 3544 3282 3583 suas
3348 3528 3552 3585 consti-

1985 3626 2216 3672 luerent.

2056 3708 2214 3762 Vens.
2244 3710 2360 3763 17.‹
2388 3709 2937 3780 Etipseimmitteteis
2953 3708 3561 3777 sortes,etmanusejus

1983 3801 2185 3865 divisit,
2202 3812 2259 3856 ut
2274 3812 2588 3872 pascantur.
2609 3802 2664 3857 In
2681 3810 2939 3859 aeternum
2961 3812 3168 3874 tempus
3182 3803 3550 3860 barreditatem

1982 3877 2304 3958 sortiemini,
2321 3894 2370 3947 in
2388 3894 2760 3964 generationes
2778 3895 3184 3965 generationmn
3208 3893 3549 3965 requiescent

1984 3986 2033 4037 in
2075 4001 2157 4039 ea.
2189 4004 2207 4035 ι
2259 3986 2515 4041 Pabulum
2566 4001 2694 4055 ergo
2729 3986 2858 4055 ipsis
2897 3996 2952 4041 et
2996 4002 3190 4057 pascua
3234 3985 3547 4055 suppedita-

1982 4079 2077 4143 vit,
2113 4078 2347 4147 itemque
2380 4088 2554 4133 sortes
2600 4080 2651 4134 in
2687 4080 3064 4148 generationes
3100 4079 3555 4146 generationum;

1982 4179 2039 4221 nt
2078 4169 2270 4238 singuli
2310 4170 2364 4223 in
2407 4169 2644 4226 sortibus
2683 4171 2797 4227 suis
2839 4171 3265 4240 requiescerent,
3298 4168 3550 4225 videlicet

1982 4262 2033 4314 in
2068 4261 2320 4331 gentibus
2354 4262 2459 4316 sibi
2500 4274 2647 4318 sorte
2692 4263 2979 4333 assignatis
3012 4282 3025 4317 :
3063 4264 3172 4326 ubi,
3212 4264 3464 4316 nimirum
3495 4264 3583 4325 in,

1981 4352 2047 4405 iis
2095 4366 2229 4420 quas
2260 4352 2618 4407 {inundaverunt
2648 4354 2925 4419 Ecclesiis,
2964 4358 3225 4410 memoria
3261 4370 3447 4409 eorum
3494 4356 3551 4409 in

1980 4443 2356 4514 generationes
2383 4447 2786 4513 generationum
2821 4458 3069 4502 servatur
3100 4457 3155 4500 et
3186 4448 3348 4517 viget.

2534 4536 2758 4593 CAPUT
2786 4536 2997 4593 xxxv.
3470 4610 3473 4613 Α

2054 4629 2212 4683 Vens.
2246 4627 2294 4679 l.
2320 4646 2336 4677 ι
2366 4626 2590 4693 ertare,
2622 4629 2894 4682 desertmn
2922 4628 3111 4683 sitiens
3144 4645 3157 4679 :
3196 4626 3431 4681 exsultet
3456 4640 3548 4681 so—

1978 4722 2174 4786 litudo,
2227 4730 2282 4775 et
2335 4718 2527 4775 floreat
2573 4722 2715 4775 sicut
2750 4721 2986 4776 lilium.»
3031 4719 3155 4775 Haec
3198 4721 3360 4792 igitur
3410 4718 3550 4774 soli-

1980 4818 2127 4879 tudo,
2175 4816 2281 4869 alia
2329 4815 2489 4869 fuerit
2519 4830 2547 4866 a
2594 4818 2744 4882 prius
2777 4824 3079 4868 memorata
3124 4812 3315 4877 Sione,
3358 4812 3409 4865 in
3440 4825 3551 4881 qua

1974 4909 2203 4973 ericios,
2251 4907 2393 4971 ibes,
2452 4922 2675 4972 curvos,
2725 4909 3001 4959 tirenmnas
3047 4912 3103 4957 et
3154 4910 3547 4956 onocentauros

1981 5002 2318 5054 Italiitaturos
2353 5015 2491 5064 esse,
2547 5014 2607 5053 ac
2647 4998 2799 5066 cujus
2824 4998 2992 5052 valles
3043 4998 3160 5065 pice
3202 5005 3256 5049 et
3286 4992 3549 5061 sulphure

1982 5093 2240 5162 repletum
2287 5093 2375 5155 iri,
2423 5092 2727 5147 dicebatur.
2776 5090 2906 5144 Cum
2942 5104 3071 5160 ergo
3126 5086 3251 5153 talia
3291 5086 3358 5139 de
3384 5083 3550 5140 Sione

1979 5194 2033 5239 et
2089 5182 2156 5239 de
2191 5183 2524 5255 Jcrosolyma
2573 5182 2940 5254 proferantur,
2990 5187 3159 5236 restat
3197 5186 3255 5232 ut
3296 5190 3383 5241 ea,
3426 5190 3549 5246 qua:

1974 5277 2085 5346 jam
2119 5285 2444 5343 tractantur,
2486 5278 2551 5331 de
2596 5276 2699 5330 alia
2741 5273 3032 5329 solitudine
3071 5268 3413 5341 pronuntiari
3464 5268 3549 5323 in-

1983 5371 2310 5437 telligamus.
2369 5369 2579 5425 Etenim
2609 5383 2735 5423 vere
2786 5365 3057 5422 sitibunda
3101 5363 3227 5418 olim
3279 5372 3398 5417 erat
3452 5360 3547 5417 illa

1981 5461 2239 5523 solitudo,
2297 5459 2512 5513 ﬂuentis
2568 5457 2880 5513 caelestibus
2923 5456 3112 5510 orbata
3151 5474 3164 5510 :
3210 5467 3395 5508 verum
3430 5466 3547 5507 me-

1982 5548 2204 5601 moratis
2230 5548 2294 5601 de
2330 5548 2507 5602 causis
2541 5545 2709 5599 laetari
2741 5553 2796 5599 et
2838 5542 3130 5610 exsultare,
3167 5544 3406 5611 itemque
3443 5541 3550 5596 sic-

1981 5649 2039 5694 ut
2089 5640 2253 5695 lilium
2301 5637 2494 5695 ﬂorere
2539 5638 2795 5708 jubetur;
2844 5638 2917 5692 ita
2961 5647 3019 5693 ut
3070 5639 3255 5695 dicat:
3288 5655 3307 5690 ι
3345 5636 3546 5693 Christi

2566 5823 2609 5856 ⁸³
2641 5822 2798 5880 Cant.
2853 5837 2914 5892 tt,
2945 5822 2999 5879 9.
