3984 6504
280 396 389 451 δη
1192 388 1696 446 COHMENTARIA
1737 386 1799 442 IN
1843 387 2092 451 ISAIAM.
2138 418 2203 428 —-
2241 389 2391 444 CAP.
2436 387 2650 444 XXXV.
3440 384 3549 446 M2

287 526 456 581 μενοι
490 508 605 572 τὰς
634 509 815 579 βάσεις
844 506 941 576 τῆς
975 504 1151 574 ψυχῆς
1194 504 1535 575 ἀνεπήδησαν
1570 502 1780 570 ἐλάφων
1812 502 1875 554 δί-

1989 516 2213 571 quorum
2250 501 2443 557 anima
2483 516 2699 571 gressus
2745 499 2964 555 resoluti
3007 512 3071 553 ac
3114 494 3323 553 remissi
3373 505 3548 562 erant,

285 579 417 671 κην,
462 605 595 666 τοῖς
623 599 799 654 αὐτῶν
824 596 1235 669 ἐξομοιωθέντες
1271 595 1632 658 διδασκάλοις·
1674 595 1766 659 οὓς
1797 613 1875 666 μι-

1984 594 2090 662 jam
2140 609 2421 649 cervorum
2470 579 2640 648 instar
2686 591 3024 653 exsilierunt,
3074 588 3386 644 doctoribus
3436 589 3550 643 suis

284 692 425 764 κροῦ
460 693 713 761 πρόσθεν
760 692 989 760 ἐλάφους
1021 688 1301 759 ὠνόμασεν
1332 691 1364 759 ὴ
1411 689 1731 759 προφητεία.
1776 690 1875 741 Kal

1984 686 2185 742 similes
2212 684 2422 749 eﬂ‘ecti,
2458 699 2593 754 quos
2638 686 2794 752 paulo
2839 699 3001 753 supra
3041 696 3230 737 cervos
3267 681 3549 751 prophetia

281 787 316 854 ἡ
363 784 489 837 τῶν
542 785 847 855 μογιλάλων
872 781 1112 851 γλῶσσα,
1154 783 1219 851 ἢν
1254 780 1540 850 συνέδησεν
1582 782 1610 833 ὁ
1641 781 1875 843 Σατανᾶς

1985 779 2212 835 vocavit.
2246 778 2533 833 Balborum
2568 788 2746 830 autem
2787 775 2987 845 lingua,
3019 788 3203 843 quam,
3247 788 3315 827 ne
3360 787 3549 826 verum

283 878 430 946 πρὸς
462 878 537 929 τὸ
576 878 649 948 μὴ
684 876 948 943 θεολογεῖν
980 874 1071 926 τὸν
1110 874 1279 944 ἀληθῆ
1312 872 1465 933 Θεὸν,
1509 872 1683 942 τρανά
1718 872 1875 941 φθέγ-

1985 872 2151 925 Deum
2177 870 2551 934 conﬁteretur,
2585 867 2933 937 colligaverat
2959 864 3213 932 Satanas,
3243 865 3386 920 clara
3416 878 3548 919 voce

277 967 494 1036 γεσθαι
531 968 630 1021 καὶ
665 966 1045 1038 διηρθρωμένα
1086 962 1424 1034 μεμάθηκεν.
1456 961 1791 1030 Μογιλάλους
1827 961 1875 1013 δὲ

1985 974 2040 1017 et
2082 962 2407 1016 articulatim
2461 962 2623 1016 verba
2685 959 3038 1030 pronuntiare
3086 958 3294 1013 didicit.
3352 956 3550 1011 Balbos

276 1061 389 1113 οὐκ
425 1060 504 1113 ἂν
542 1060 811 1130 ἁμάρτοις
851 1057 1019 1110 εἰπὼν
1050 1056 1177 1120 τοὺς
1208 1055 1359 1126 παρὰ
1407 1058 1518 1119 τοῖς
1562 1058 1743 1123 σοφοῖς
1792 1055 1875 1107 τοῦ

1984 1069 2146 1123 porro
2192 1052 2504 1122 neutiquam
2538 1056 2779 1116 aberres,
2817 1052 2862 1105 si
2904 1052 3052 1105 dicas
3087 1065 3182 1105 eos
3208 1065 3331 1105 esse
3362 1065 3429 1105 ex
3456 1064 3549 1104 sa-

278 1153 499 1216 αίῶνος
554 1152 770 1214 τούτου,
829 1150 985 1221 μόγις
1030 1149 1159 1201 ποτὲ
1203 1147 1574 1218 τολμήσαντας
1624 1144 1781 1215 ὀρθόν
1834 1163 1875 1198 τι

1984 1147 2253 1216 pientibus
2280 1146 2441 1215 hujus
2472 1144 2681 1209 saculi,
2715 1144 2804 1214 qui
2834 1145 2920 1197 vix
2951 1142 3087 1198 recti
3116 1140 3316 1211 aliquid
3345 1142 3411 1197 de
3440 1142 3551 1196 Deo

283 1245 577 1314 φρονῆσαι
614 1244 708 1296 καὶ
734 1243 907 1295 εἰπεῖν
937 1241 1064 1311 περὶ
1093 1236 1249 1292 Θεοῦ.
1842 1228 1845 1231 ἰ

1986 1253 2221 1308 unquam
2252 1240 2453 1293 sentire
2482 1252 2545 1292 ac
2573 1236 2758 1291 dicere
2784 1236 2899 1291 ausi
2927 1244 3072 1291 sunt.

361 1354 383 1385 ι
415 1336 558 1387 Ὅτι
589 1335 799 1406 ἐρράγη
832 1333 890 1385 ὲν
917 1334 984 1404 τῇ
1025 1332 1214 1402 ἐρήμῳ
1254 1328 1426 1401 ὕδωρ,
1470 1328 1559 1382 καὶ
1589 1326 1802 1398 φάραγξ
1831 1328 1884 1378 ὲν

280 1428 357 1494 γῇ
385 1422 636 1496 διψώσῃ.
668 1424 776 1477 Kal
808 1423 960 1477 ἔσται
990 1424 1023 1493 ἡ
1054 1422 1276 1493 ἄνυδρος
1311 1422 1388 1483 εἰς
1415 1420 1536 1489 ἕλη,
1573 1420 1664 1473 καὶ
1686 1422 1765 1483 είς
1789 1422 1884 1491 τὴν

282 1515 549 1583 διψῶσαν
598 1517 701 1587 γῆν
751 1518 900 1587 πηγὴ
950 1515 1137 1577 ὓδατος
1182 1514 1354 1566 ἔσται.
1407 1514 1551 1565 Ἐκεῖ
1582 1512 1882 1583 εὐφροσύνη

280 1605 531 1675 ὀρνέων,
586 1606 841 1670 ἐπαύλεις
891 1606 1135 1675 καλάμου
1185 1605 1278 1658 καὶ
1323 1603 1439 1673 ἓλη.
1468 1623 1485 1653 ι
1536 1602 1609 1656 Τὸ
1654 1604 1755 1673 μὲν
1792 1598 1883 1655 οὖν

280 1697 441 1767 ὕδωρ
461 1739 479 1761 ,
520 1698 657 1753 αὐτὸ
687 1695 754 1771 ἦν
786 1700 960 1752 ἐκεῖνο
990 1700 1051 1753 τὸ
1082 1698 1175 1752 τοῦ
1220 1697 1485 1768 Ἰορδάνου
1512 1714 1525 1727 ·
1561 1698 1641 1751 διὸ
1670 1696 1884 1766 ἐλέγετο

286 1789 485 1861 μικρῷ
529 1790 768 1861 πρόσθεν
792 1810 805 1823 ·
865 1811 883 1842 ι
914 1791 1021 1844 Kal
1056 1789 1437 1859 ἁγαλλιάσεται
1464 1789 1532 1842 τά
1573 1788 1752 1860 ἔρημα
1790 1788 1881 1841 τοῦ

2058 1332 2223 1385 Vens.
2250 1330 2305 1385 7.
2353 1330 2525 1397 «Quia
2561 1330 2738 1399 erupit
2768 1329 2818 1382 in
2851 1330 3065 1384 deserto
3101 1342 3265 1395 aqua,
3306 1336 3363 1381 et
3398 1326 3552 1382 vallis

1987 1424 2038 1476 in
2072 1430 2217 1477 terra
2244 1420 2475 1476 sitienti.
2519 1419 2584 1474 Et
2609 1420 2714 1475 erit
2746 1420 3005 1489 inaquosa
3038 1420 3090 1474 in
3121 1418 3363 1490 paludes,
3406 1428 3460 1473 et
3497 1418 3551 1472 in

1987 1525 2128 1569 terra
2179 1514 2385 1569 sitienti
2439 1513 2560 1568 fons
2616 1527 2771 1581 aqua
2819 1514 2943 1569 erit.
2999 1513 3073 1569 lbi
3115 1511 3298 1567 latitia
3345 1511 3550 1577 avium,

1986 1607 2157 1662 caula
2198 1606 2483 1661 arundinis
2514 1615 2569 1661 et
2612 1605 2857 1676 paludes.
2885 1625 2905 1658 ι
2937 1606 3090 1676 Aqua
3118 1606 3330 1670 isthac,
3355 1604 3422 1660 de
3449 1620 3553 1673 qua

1986 1695 2246 1765 loquitur,
2294 1693 2545 1751 Jordanis
2572 1705 2691 1749 erat
2720 1707 2739 1749 :
2776 1710 2946 1765 quare
2975 1695 3136 1763 paulo
3169 1704 3297 1750 ante
3335 1695 3553 1750 diceba-

1986 1798 2095 1845 tur.
2138 1807 2156 1840 ι
2190 1788 2256 1843 Ει
2286 1788 2637 1843 exsultabant
2672 1787 2885 1843 deserta
2911 1786 3182 1853 λοι-Λευίς.
3214 1806 3233 1839 ι
3269 1785 3390 1852 Quo
3418 1784 3555 1840 lava-

296 1876 609 1949 Ἰορδάνου.
637 1899 657 1933 ι
691 1882 770 1934 Δι’
801 1875 862 1935 οὗ
893 1880 985 1934 καὶ
1023 1879 1265 1950 ᾐνίττετο
1290 1879 1349 1932 τὸ
1390 1878 1612 1950 λουτρὸν
1654 1880 1751 1949 τῆς
1783 1896 1875 1932 πα-

1989 1898 2140 1936 crum
2189 1880 2612 1951 regenerationis
2665 1880 3080 1944 subindicabat,
3126 1894 3336 1941 necnon
3359 1878 3551 1933 Testa-

284 1970 681 2040 λιγγενεσίας,
730 1974 825 2027 καὶ
875 1972 938 2026 τὸ
994 1972 1095 2042 τῆς
1139 1972 1329 2041 καινῆς
1363 1972 1633 2043 Διαθήκης
1679 1976 1875 2043 μυστή-

1984 1974 2149 2030 menti
2182 1972 2315 2029 Novi
2356 1975 2671 2044 mysterium
2714 1990 2729 2029 :
2780 1989 2873 2044 per
2904 1973 3102 2027 ﬂuenta
3135 1981 3342 2038 autem,
3390 1986 3553 2028 evan-

288 2084 408 2135 ριον
425 2084 440 2097 ο
489 2067 566 2118 τά
590 2066 645 2119 δὲ
674 2065 865 2137 ῥεῖθρα
889 2067 1014 2129 τοὺς
1042 2064 1426 2133 εύαγγελικοῠς
1454 2065 1642 2135 ἐδήλου
1670 2064 1877 2133 λόγους.

294 2182 311 2211 ι
338 2157 711 2233 Εὐφροσύνην
736 2157 963 2227 ὀρνέων·
990 2176 1008 2207 ι
1038 2155 1223 2225 ψυχῶν
1248 2156 1636 2227 ὲπτερωμένων
1660 2155 1877 2227 δηλαδὴ,

289 2257 386 2308 καὶ
440 2250 867 2326 μετεωροποιῶν
891 2290 906 2314 ,
947 2250 1040 2303 ml
1082 2249 1257 2303 ἄλλων
1295 2249 1516 2321 ἡμέρων
1556 2252 1652 2304 καὶ
1692 2250 1879 2322 πράων

287 2350 396 2401 ὑπὸ
452 2349 539 2420 τῷ
597 2346 746 2417 καλῷ
800 2344 1046 2416 ποιμένια
1070 2343 1451 2415 διοικουμένων
1507 2344 1582 2408 ὡς
1624 2343 1878 2398 δύνασθαι

282 2439 475 2507 λέγειν
502 2457 515 2469 ·
569 2458 587 2491 ι
609 2439 811 2512 Κύριος
849 2436 1125 2507 ποιμαίνει
1161 2453 1260 2507 με,
1304 2439 1398 2491 καὶ
1442 2436 1591 2493 οὐδέν
1627 2455 1693 2509 με
1722 2437 1877 2492 ὑστε-

284 2530 477 2601 ρήσει.
508 2549 530 2581 ι

363 2640 384 2672 ι
401 2622 608 2674 Ἔσται
638 2622 754 2675 ἐκεῖ
781 2621 898 2684 ὁδὸς
924 2620 1163 2691 καθαρὰ,
1199 2622 1293 2676 καὶ
1326 2621 1440 2683 ὁδὸς
1464 2619 1595 2687 άγία
1622 2621 1880 2692 κληθήσε-

282 2729 378 2765 ται
398 2729 414 2744 ⁸
471 2713 575 2767 καὶ
600 2714 661 2766 ού
707 2715 780 2785 μὴ
812 2714 1055 2786 παρέλθῃ
1086 2716 1201 2767 ἐκεῖ
1227 2713 1552 2782 ἀκάθαρτος.
1581 2734 1599 2766 ι
1640 2714 1787 2784 Αὕτη
1820 2714 1876 2767 δὲ

285 2806 373 2875 εἴη
404 2805 477 2858 ἂν
521 2806 558 2875 ἡ
597 2805 883 2873 ἀπάγουσα
916 2808 1008 2859 ἐπὶ
1050 2808 1110 2861 τὸ
1156 2808 1549 2878 τρισμακάριον
1591 2806 1742 2870 τέλος
1776 2808 1874 2877 τῆς

284 2896 625 2968 ἐπουρανίου
659 2898 751 2950 τοῦ
796 2897 930 2951 Θεοῦ
964 2898 1188 2964 πόλεως,
1219 2900 1283 2968 ἦν
1316 2898 1583 2969 παριστὰς
1621 2901 1649 2952 ὁ
1688 2899 1875 2969 Σωτὴρ

289 2985 481 3054 ἔλεγεν
509 3000 523 3013 ⁸
552 3006 569 3038 ι
595 2985 733 3056 Ἐγώ
758 2990 929 3057 εξμιὴ
963 2988 1099 3052 ὁδός.
1144 3008 1161 3039 ι
1196 3008 1212 3039 ι
1235 2988 1368 3041 Οὐδὲ
1418 2988 1569 3041 ἔσται
1613 2992 1728 3042 ἐκεῖ
1760 2988 1877 3052 ὁδὸς

286 3078 610 3148 ἀκάθαρτος
633 3095 646 3107 ·
683 3080 730 3131 οἱ
773 3079 829 3131 δὲ
867 3079 1253 3150 διεσπαρμένοι
1284 3079 1636 3150 πορεύσονται
1665 3082 1750 3134 ἐπ’
1780 3082 1877 3134 αύ-

290 3165 409 3234 τῆς,
444 3166 545 3219 καὶ
570 3167 629 3218 οὺ
678 3167 752 3238 μὴ
791 3166 1118 3239 πλανηθῶσι.
1153 3187 1171 3219 ι
1215 3168 1368 3231 Τίνες
1404 3168 1460 3221 δὲ
1497 3164 1661 3232 οὗτοι,
1695 3168 1809 3223 ἀλλ’
1841 3171 1873 3240 ἢ

291 3258 337 3307 οἱ
388 3257 566 3313 πάλαι
610 3257 1047 3331 διεσκεδασμένοι
1084 3259 1177 3313 τοῦ
1210 3260 1343 3313 Θεοῦ
1386 3261 1477 3313 καὶ
1529 3262 1744 3332 μακρὰν
1781 3264 1879 3333 τῆς

292 3347 559 3418 ἀληθείας
584 3350 1091 3421 άποπλανηθέντες;
1141 3346 1297 3407 Οὗτοι
1337 3351 1478 3424 γάρ,
1514 3352 1879 3425 παλινδρομή-

296 3454 492 3503 σαντες
521 3480 535 3503 ,
584 3443 675 3494 καὶ
705 3443 803 3513 τὴν
839 3441 1048 3495 εὐθεῖαν
1086 3442 1179 3496 καὶ
1212 3442 1429 3512 ἀπλανῆ
1463 3442 1578 3496 ὁδὸν
1608 3444 1876 3513 εὑρόντες,

296 3533 665 3603 πορεύσονται
697 3535 755 3586 ὲν
783 3535 944 3604 αὐτῇ.

369 3645 386 3674 ι
414 3626 531 3678 Kal
559 3626 659 3677 οὐκ
688 3624 839 3678 ἔσται
866 3628 982 3679 ἐκεῖ
1011 3626 1168 3691 λέων,
1197 3627 1317 3680 οὐδὲ
1356 3628 1464 3682 τῶν
1493 3627 1741 3698 πονηρῶν
1783 3629 1878 3699 θη-

300 3715 426 3784 ρίων
457 3714 524 3767 οὐ
556 3715 631 3786 μὴ
666 3715 838 3786 ἀναϐῇ
872 3717 951 3778 είς
982 3716 1171 3785 αὐτὴν,
1203 3716 1323 3768 οὐδὲ
1359 3715 1434 3787 μὴ
1471 3717 1664 3788 εὑρεθῇ
1692 3720 1826 3770 ὲκεῖ.
1854 3740 1870 3769 ι

298 3805 417 3869 Πῶς
448 3805 562 3876 γάρ
602 3808 695 3859 καὶ
728 3801 838 3859 οἶόν
870 3822 929 3859 τε
956 3803 1023 3877 ἦν
1055 3808 1114 3859 ἐν
1140 3805 1217 3876 τῷ
1240 3807 1505 3878 εἰρηκότι,
1546 3828 1563 3857 ι
1597 3808 1736 3876 Ἐγώ
1762 3810 1875 3879 εἰμι

296 3898 330 3966 ἡ
377 3899 571 3963 ὁδὸς,»
626 3900 912 3971 εὑρεθῆναι
964 3918 1017 3954 τι
1065 3899 1172 3953 τῶν
1221 3900 1502 3971 πονηρῶν;
1560 3900 1691 3953 Οὐδὲ
1728 3901 1876 3965 ὁδοὺς

298 3987 476 4056 ζφεως
521 3991 615 4043 ἐπὶ
664 3991 867 4063 πέτραν
911 3992 1132 4046 δυνατὸν
1166 3987 1234 4063 ἦν
1277 3992 1454 4063 εὑρεῖν
1488 3991 1627 4045 κατὰ
1663 3993 1753 4047 τὸν
1783 3994 1878 4045 Σο-

299 4082 574 4150 λομῶντα.

370 4175 581 4229 «Ἀλλά
629 4176 984 4249 πορεύσονται
1027 4178 1084 4230 ὲν
1123 4178 1261 4249 αὐτῇ
1308 4177 1739 4249 λελυτρωμένοι,⁴
1782 4180 1876 4232 καὶ

300 4266 631 4338 συνηγμένοι
677 4266 764 4319 διά
806 4268 1008 4338 Κυρίου
1035 4287 1047 4297 ·
1083 4285 1102 4319 ι
1142 4267 1233 4331 οὓς
1278 4267 1439 4331 αὐτὸς
1480 4268 1719 4337 δηλονότι
1754 4268 1874 4319 ὲλυ-

298 4357 549 4425 τρώσατο
574 4355 651 4426 τῷ
689 4356 801 4427 ἰδίῳ
829 4357 1018 4427 αἵματι
1037 4397 1053 4419 ,
1085 4358 1178 4409 καὶ
1207 4360 1253 4409 oi
1288 4356 1612 4427 συνηγμένοι
1653 4357 1741 4410 διὰ
1766 4359 1875 4410 Κυ-

302 4446 439 4514 ρίου,
472 4448 585 4500 άλλ⁹
618 4448 736 4501 οὐδὲ
760 4448 849 4500 διὰ
876 4451 1174 4521 προφήτου,
1200 4449 1319 4501 οὐδὲ
1348 4448 1437 4501 διά
1466 4465 1609 4512 τινος
1642 4449 1873 4519 σπουδῆς

1981 2065 2181 2134 gelicos
2218 2078 2498 2120 sermones
2527 2065 2769 2127 denotat.
2805 2084 2823 2116 ι
2850 2064 3061 2120 Ιιεειίιίιι
3102 2066 3320 2131 avium;
3347 2082 3366 2117 ι
3404 2063 3555 2119 vide-

1981 2156 2106 2213 licet
2131 2156 2435 2211 animarum
2468 2167 2849 2227 pennatarum,
2884 2168 2941 2212 et
2970 2158 3385 2222 altivolantium,
3420 2156 3555 2211 alia-

1981 2268 2209 2323 rumque
2271 2260 2676 2307 mansuetarum
2732 2268 2798 2315 ac
2850 2253 3003 2307 bona
3070 2232 3303 2319 indolis,
3352 2262 3473 2318 qua
3522 2264 3553 2300 a

1979 2348 2120 2402 bono
2160 2357 2373 2418 pastore
2418 2354 2705 2418 reguntur;
2754 2356 2811 2401 ut
2859 2345 3045 2400 dicere
3077 2342 3338 2400 valeant:
3394 2340 3552 2405 (Do,-

1978 2438 2158 2495 ntinus
2186 2441 2357 2509 pascit
2391 2453 2495 2506 me,
2524 2450 2579 2493 et
2605 2438 2745 2495 nihil
2779 2437 2909 2497 mihi
2942 2436 3116 2492 deerit
3139 2435 3207 2489 ⁸⁸.
3235 2455 3255 2488 ι

2049 2617 2211 2673 Vens.
2246 2618 2298 2671 8.
2350 2639 2368 2669 ς
2396 2618 2467 2673 lbi
2499 2619 2605 2673 erit
2640 2619 2721 2672 via
2761 2634 2915 2687 pura,
2958 2627 3011 2671 et
3038 2618 3121 2670 via
3162 2627 3353 2671 sancta
3384 2630 3546 2670 voca-

1978 2711 2162 2767 bitur:
2223 2720 2277 2763 et
2336 2726 2440 2763 non
2504 2709 2758 2765 transibit
2821 2708 2946 2763 illac
2996 2707 3372 2761 immundus.)
3423 2704 3551 2761 Hac

1979 2818 2109 2856 sane
2142 2801 2301 2856 fuerit
2353 2803 2467 2869 illa,
2502 2818 2623 2872 qua
2673 2801 2823 2857 ducit
2868 2802 2932 2855 ad
2972 2800 3340 2854 felicissimum
3388 2800 3547 2853 linem

1976 2895 2220 2951 calestis
2270 2895 2361 2949 Dei
2415 2894 2684 2959 civitatis,
2733 2908 2898 2963 quam
2950 2892 3236 2946 declarans
3286 2892 3550 2946 Servator

1960 2989 2189 3059 ‘dicebat
2224 3008 2237 3042 :
2292 3006 2310 3039 ι
2345 2987 2452 3058 Ego
2478 3002 2596 3041 sum
2645 2988 2725 3039 via
2754 3006 2772 3037 ι
2802 2988 2870 3042 ⁵⁷.
2926 3005 2943 3037 ι
2969 2983 3154 3054 Neque
3190 2984 3295 3038 erit
3342 2983 3412 3038 ibi
3462 2983 3546 3038 via

1979 3080 2186 3150 impura
2221 3099 2233 3135 :
2264 3082 2354 3150 qui
2393 3088 2573 3134 autem
2628 3079 2856 3148 dispersi
2903 3087 3052 3140 sunt,
3093 3076 3447 3133 ambulabunt
3493 3078 3548 3130 in

1977 3186 2063 3239 ea,
2101 3188 2275 3243 neque
2297 3174 2578 3228 errabant.
2603 3191 2621 3223 ι
2668 3171 2895 3237 Quinam
2939 3170 3036 3235 illi,
3086 3169 3187 3224 nisi
3231 3168 3322 3238 qui
3355 3167 3483 3222 olim
3517 3185 3550 3223 a

1984 3264 2092 3320 Deo
2130 3266 2443 3338 tisgregati,
2472 3282 2502 3320 a
2531 3266 2759 3320 veritate
2790 3265 2973 3334 procul
3008 3262 3437 3319 aberraverant?
3483 3260 3545 3327 Ili

1980 3374 2212 3428 namque
2243 3360 2578 3429 retrogressi,
2615 3358 2939 3426 inventaque
2988 3366 3129 3410 recta
3187 3356 3429 3425 nullique
3449 3370 3545 3409 er-

1980 3451 2087 3507 rori
2116 3452 2346 3507 obnoxia
2378 3452 2484 3516 via,
2514 3453 2567 3507 in
2599 3467 2661 3505 ea
2689 3451 3065 3506 ambulabunt.

2053 3630 2210 3685 Vens.
2238 3631 2289 3685 9.
2343 3631 2450 3685 ιΕι
2502 3646 2607 3684 ηοη
2661 3630 2765 3684 erit
2820 3628 2893 3683 ibi
2926 3629 3029 3693 leo,
3082 3641 3254 3697 neque
3308 3626 3417 3680 ulla
3477 3642 3545 3688 ex

1978 3723 2133 3777 malis
2175 3722 2364 3778 bestiis
2409 3722 2664 3777 ascendet
2713 3723 2764 3776 in
2819 3736 2961 3786 eam,
3016 3734 3193 3789 neque
3240 3718 3547 3773 invenietur

1977 3814 2071 3870 ibi.
2104 3834 2125 3869 ι
2181 3816 2282 3881 Qui
2331 3815 2477 3870 enim
2508 3815 2623 3869 ﬁeri
2653 3824 2908 3885 poterat,
2960 3823 3017 3867 ut
3041 3814 3094 3867 in
3137 3827 3241 3877 eo,
3268 3811 3360 3880 qui
3394 3811 3550 3868 dixe-

1980 3919 2083 3975 rat,
2119 3926 2137 3960 ι
2169 3909 2280 3979 Ego
2315 3924 2434 3963 sum
2480 3908 2585 3972 via,
2616 3928 2634 3958 ι
2674 3906 2799 3961 mali
2846 3906 3122 3975 quidpiam
3169 3903 3546 3973 reperiretur?

1976 4001 2164 4070 Neque
2192 4002 2308 4055 vias
2337 4000 2605 4069 serpentis
2638 3999 2691 4052 in
2728 4008 2879 4068 petra
2913 3996 3162 4051 invenire
3192 4003 3311 4049 erat
3353 4008 3543 4048 secun-

1977 4094 2101 4149 dum
2136 4093 2505 4148 Salomonem.

2047 4186 2213 4239 Vxns.
2253 4185 2340 4239 10.
2402 4186 2546 4239 «Sed
2593 4186 2644 4238 in
2694 4199 2755 4238 ea
2806 4182 3157 4237 ambulabunt
3206 4180 3461 4250 redempti
3492 4192 3550 4235 et

1972 4277 2285 4347 congregati
2346 4292 2442 4344 per
2494 4276 2818 4343 Dominum;
2852 4295 2870 4328 ι
2933 4289 3069 4344 quos
3130 4274 3383 4328 videlicet
3430 4274 3547 4342 ipse

1974 4371 2195 4440 proprio
2221 4371 2481 4439 sanguine
2520 4368 2747 4423 redemit
2780 4386 2793 4422 :
2824 4378 2881 4423 et
2921 4368 3011 4436 qui
3058 4365 3367 4437 congregati
3418 4377 3548 4421 sunt

1975 4479 2003 4517 a
2044 4464 2292 4530 Domino,
2337 4478 2443 4517 non
2487 4478 2517 4516 a
2565 4463 2851 4533 propheta,
2886 4475 2986 4515 nec
3025 4461 3256 4515 humana
3291 4458 3545 4528 quapiam

301 4537 670 4610 ἀνθρωπίνης·
702 4540 767 4593 δι’
792 4540 956 4593 αὑτοῦ
984 4540 1040 4592 δὲ
1060 4540 1153 4593 τοῦ
1177 4540 1382 4611 Κυρίου
1412 4543 1459 4593 οἱ
1476 4540 1869 4615 λελυτρωμένοι

1984 4557 2350 4621 sollicitudine,
2390 4571 2576 4611 verum
2616 4556 2705 4625 qni
2759 4556 2830 4611 ab
2862 4555 2978 4623 ipso
3011 4553 3238 4608 Domino
3280 4552 3545 4619 redempti

302 4631 389 4679 καὶ
402 4645 570 4697 συνηγ
581 4630 750 4699 μένοι,
764 4624 906 4683 οὗτοι
923 4630 1274 4701 πορεύσονται
1290 4630 1386 4702 τὴν
1397 4630 1721 4703 δηλωθεῖσαν
1731 4631 1867 4686 ὁδόν.

308 4744 325 4774 ο
353 4729 462 4780 Kal
493 4730 1025 4801 ἀποστραφήσονται,
1073 4731 1167 4785 καὶ
1192 4732 1409 4803 ἥξουσιν
1442 4734 1522 4796 εἰς
1576 4732 1713 4789 Σιὼν
1742 4735 1857 4803 μετ’

302 4830 661 4902 εὐφροσύνης.
689 4852 707 4883 ι
742 4833 816 4885 Οὐ
843 4832 952 4905 γάρ
983 4833 1047 4905 δὴ
1068 4834 1289 4889 δυνατὸν
1308 4834 1544 4889 ἐνταῦθα
1567 4834 1701 4895 Σιὼν
1728 4837 1870 4889 ὲκεί-

304 4945 393 4998 νην
408 4933 830 5002 παραδέχεσθαι,
857 4936 985 5006 περὶ
1002 4931 1070 5007 ἦς
1088 4936 1291 5007 εἴρητο·
1323 4956 1341 4987 ι
1366 4938 1473 4990 Kal
1489 4937 1729 5001 ἐνιαυτὸς
1754 4939 1873 4991 άντ-

302 5031 603 5095 αποδόσεως
618 5033 847 5102 κρίσεως
857 5034 1110 5090 Σιώνοκα).
1121 5040 1513 5109 στραφήσονται
1528 5042 1582 5093 αἱ
1595 5042 1873 5110 φάραγγες

306 5132 557 5201 αὐτῆςείς
584 5132 802 5197 πίσσαν,
816 5154 834 5185 υ
855 5136 945 5188 καὶ
963 5136 1032 5190 τὰ
1046 5137 1253 5201 τούτοις
1274 5138 1417 5208 ἑξῆς.
1438 5141 1635 5212 Διόπερ
1660 5145 1868 5216 ἀνάγκη

302 5229 566 5300 διαφόρως
612 5234 753 5285 νοεῖν
804 5232 904 5297 τὰς
958 5236 1278 5307 ὁμωνύμους
1326 5242 1871 5313 προσαγορευομένας

306 5333 452 5387 Σιών.
485 5355 504 5386 ι
524 5336 634 5389 Kal
659 5337 961 5409 εὐφροσύνη
983 5339 1195 5405 αἰώνιος
1214 5342 1352 5415 ὑπὲρ
1377 5346 1613 5417 κεφαλῆς
1634 5349 1831 5404 αὐτῶν.
1846 5370 1864 5401 ι

306 5435 361 5487 Οἱ
389 5436 499 5508 γάρ
530 5440 751 5509 νικηταὶ
781 5439 876 5493 τοῦ
903 5440 1139 5510 μεγάλου
1168 5444 1358 5498 τούτου
1383 5447 1591 5516 ἀγῶνος
1624 5452 1869 5523 στεφάνῳ

305 5534 634 5609 εὐφροσύνης
686 5539 1057 5608 ἀναδήσονται.
1114 5543 1280 5597 «Ἐπὶ
1330 5546 1438 5618 γάρ
1481 5548 1578 5617 τῆς
1630 5549 1868 5619 κεφαλῆς

306 5636 476 5692 αὐτῶν
504 5639 709 5702 ατνεσις
741 5640 830 5693 καὶ
874 5641 1202 5713 άγαλλίαμα,
1246 5648 1339 5699 καὶ
1368 5648 1668 5723 εὐφροσύνη
1704 5669 1868 5707 κατα-

361 5860 406 5895 ⁸⁶
438 5860 578 5917 Psal.
613 5878 751 5931 uti,
791 5864 843 5922 l.
919 5864 962 5896 ⁸⁷
990 5862 1146 5921 Joan.
1187 5881 1294 5934 xiv,
1332 5866 1387 5921 6.

1975 4661 2028 4706 et
2070 4650 2378 4720 congregati
2429 4659 2576 4715 sunt,
2628 4649 2680 4701 hi
2725 4648 2776 4702 in
2824 4657 3120 4701 memorata
3166 4646 3246 4697 via
3298 4642 3546 4697 ambula-

1977 4744 2130 4797 bunt.
2178 4762 2195 4795 ι
2220 4743 2284 4796 Ει
2324 4751 2661 4802 avertentur.
2693 4751 2745 4794 et
2790 4740 3009 4794 venient
3043 4739 3094 4793 in
3125 4736 3254 4790 Sion
3299 4751 3420 4790 cum
3451 4735 3544 4789 lse-

1979 4836 2116 4890 titia.
2149 4854 2166 4885 ι
2216 4833 2339 4888 Hac
2367 4835 2567 4904 quippe
2622 4844 2894 4901 nequeunt
2935 4833 3000 4887 de
3051 4832 3137 4885 illa
3178 4830 3341 4885 Sione
3384 4828 3543 4884 intel-

1978 4928 2090 4998 ligi,
2128 4929 2195 4982 de
2234 4944 2338 4995 qua
2382 4929 2585 4982 dictum
2634 4938 2759 4982 est:
2798 4946 2814 4977 ι
2848 4925 2913 4980 Et
2947 4939 3122 4979 annus
3174 4920 3544 4975 retributionis

1973 5018 2159 5086 judicii
2184 5019 2312 5074 Sion
2342 5036 2357 5071 :
2384 5030 2437 5072 et
2466 5030 2854 5073 convertentur
2877 5018 3042 5071 valles
3064 5018 3179 5083 ejus
3210 5017 3262 5067 in
3291 5014 3487 5081 picem,
3515 5032 3535 5063 ι

1977 5120 2031 5163 et
2057 5119 2270 5165 catera.
2304 5109 2665 5176 Quamobrem
2704 5111 2820 5164 illas
2849 5126 2969 5178 qua
2997 5109 3184 5162 eodem
3219 5104 3401 5159 Sionis
3448 5120 3543 5158 no-

1979 5199 2123 5252 mine
2170 5210 2454 5265 vocantur,
2506 5200 2659 5254 vario
2708 5200 2869 5255 modo
2920 5197 3220 5266 intelligere
3259 5210 3397 5265 Opus
3436 5208 3543 5250 est.

1982 5306 2000 5338 ι
2030 5289 2092 5342 Et
2118 5289 2301 5344 latitia
2340 5291 2665 5358 sempiterna
2702 5305 2864 5359 super
2892 5297 3050 5357 caput
3088 5300 3303 5340 eorum.
3337 5304 3356 5337 ι
3407 5284 3543 5338 Nam

1977 5381 2012 5435 ii
2060 5381 2151 5451 qui
2220 5381 2273 5435 in
2325 5398 2521 5451 magno
2577 5382 2668 5437 illo
2713 5381 3015 5437 certamine
3063 5378 3303 5433 victores
3358 5387 3541 5439 erunt,

1976 5485 2174 5526 corona
2206 5472 2404 5527 latitia
2436 5473 2811 5528 redimientur.
2856 5491 2874 5522 ι
2899 5472 2955 5525 In
2980 5470 3155 5538 capite
3185 5470 3330 5524 enim
3354 5484 3541 5525 eorum

1977 5560 2094 5617 laus
2120 5572 2176 5616 et
2220 5564 2535 5630 exsultatio,
2593 5573 2648 5618 et
2690 5563 2871 5618 latitia
2926 5562 3350 5629 comprehendet
3395 5573 3536 5615 eos:

1975 5654 2236 5712 abscessit
2262 5656 2449 5723 dolor,
2490 5657 2704 5712 tristitia
2738 5665 2792 5711 et
2818 5656 3081 5726 gemitus;
3120 5674 3136 5706 ι
3166 5654 3415 5710 videlicet
3445 5667 3543 5707 eos
