3984 6546
401 435 506 492 545

1095 434 1358 492 EUSEBII
1395 435 1873 494 CESANENSIS
1911 439 1971 494 01

2104 437 2282 493 rans
2319 437 2405 492 tu.
2447 467 2514 478 -ε
2553 436 2961 522 EXEGETIGA.

3537 440 3644 494 5H

405 556 496 624 qui
530 553 584 610 ln
613 555 834 612 salutari
858 557 968 619 via,
1002 553 1135 608 nihil
1167 556 1310 611 ultro
1328 556 1578 627 citroque
1609 558 1958 622 deﬂectcndo,

2073 558 2292 628 λήψεται
2339 558 2533 622 αὐτούς
2557 576 2571 589 ·
2621 560 2832 630 ἀπέδρα
2864 557 3053 629 ὀδύνη,
3097 559 3190 612 καὶ
3221 558 3362 630 λύπη
3390 558 3484 610 καὶ
3516 575 3647 611 στε-

405 650 838 713 ambulaverunt,
887 647 1116 718 ideoque
1144 652 1211 704 ad
1241 649 1612 705 felicissimum
1642 651 1800 706 linem
1840 667 1963 721 per-

406 749 722 795 venerunt:
769 737 860 794 ubi
906 754 1108 795 corona
1162 739 1258 794 Dei
1316 739 1586 807 exornati,
1639 741 1968 811 sempiterna

406 829 514 883 vita
543 827 813 895 fruentur,
867 828 920 883 in
961 845 1130 899 regno
1160 829 1444 896 caelorum,
1486 830 1631 886 unde
1665 850 1685 883 ι
1709 831 1969 887 abscessit

404 921 559 976 dolor
588 926 643 975 et
674 920 928 992 gemitus.
959 940 978 973 ι

931 1097 1162 1154 CAPUT
1195 1099 1432 1154 XXXVI.

479 1189 641 1244 Vens.
680 1189 794 1244 1-3.
839 1209 858 1243 ι
895 1189 962 1245 Ει
1009 1189 1209 1246 factum
1261 1201 1344 1245 est
1391 1206 1530 1246 anno
1567 1191 1969 1260 quartodecimo

405 1282 549 1352 regis
591 1281 870 1348 Ezechiae,
920 1281 1165 1339 ascendit
1227 1281 1613 1338 Sennacherim
1664 1298 1760 1338 rex
1805 1284 1972 1354 Assy-

408 1375 616 1430 riorum
667 1377 931 1431 adversus
975 1375 1140 1432 urbes
1189 1373 1387 1432 Iudaeae
1421 1376 1689 1442 munitas,
1734 1387 1790 1431 et
1829 1377 1971 1446 cepit

405 1479 520 1522 eas.
560 1467 623 1522 Et
663 1467 807 1522 misit
838 1482 932 1525 rex
960 1467 1312 1540 Assyriorum
1356 1467 1653 1524 Rabsacem
1679 1483 1746 1524 ex
1777 1468 1971 1525 Lachis

406 1560 463 1614 in
496 1558 794 1615 Jerusalem
831 1561 898 1615 ad
924 1575 1102 1632 regem
1135 1559 1425 1617 Ezechiam
1457 1575 1579 1616 cum
1606 1561 1805 1616 virtute
1835 1558 1972 1616 mul-

409 1662 485 1708 ta.
527 1653 592 1708 Et
624 1651 774 1708 stetit
823 1653 875 1707 in
929 1653 1250 1722 aquaductu
1299 1651 1524 1723 piiscina:
1563 1653 1880 1724 superioris,
1916 1651 1969 1706 in

407 1746 494 1800 via
532 1746 647 1816 agri
683 1745 924 1801 fullonis.
962 1744 1031 1799 Et
1057 1758 1310 1815 egressus
1365 1753 1449 1800 est
1481 1745 1548 1800 ad
1587 1758 1711 1800 eum
1745 1743 1970 1800 Eliacim

407 1837 550 1894 Illius
580 1839 831 1904 Chelciae,
877 1852 1227 1906 wconomus,
1281 1848 1338 1895 et
1381 1839 1614 1894 Somnas
1653 1838 1866 1902 scriba,
1918 1847 1972 1893 et

405 1927 571 1985 Joach
599 1930 742 1986 [ilius
764 1931 970 2001 Asaph,
995 1946 1024 1985 a
1053 1929 1477 1986 commentariis.
1511 1949 1529 1981 ι
1557 1928 1819 1984 Mirabilis
1841 1942 1972 1983 sane

406 2034 490 2079 est
519 2023 633 2078 lucc
661 2023 885 2079 historia
909 2033 964 2079 et
988 2022 1230 2078 narratio
1255 2035 1433 2077 rerum
1460 2020 1705 2075 Ezechiae
1729 2028 1972 2088 tempore

405 2119 725 2186 gestarum:
776 2133 896 2188 quae
948 2119 1088 2172 inter
1134 2117 1371 2186 reliquas
1421 2114 1674 2170 historias
1725 2114 1782 2168 in
1833 2113 1972 2168 libro

405 2221 603 2280 quarto
655 2211 860 2279 Regum
907 2219 960 2265 et
1007 2210 1061 2264 in
1118 2209 1362 2265 secundo
1401 2207 1844 2278 Paralipomenon
1887 2222 1975 2263 re-

405 2313 683 2362 censetnr.
720 2305 971 2358 Attamen
1003 2316 1065 2357 ea
1096 2301 1224 2357 huic
1253 2299 1569 2372 pr0phetico
1602 2298 1742 2354 libro
1770 2299 1973 2354 inserta

409 2395 529 2459 fuit,
560 2397 687 2466 quia
721 2395 825 2450 sub
864 2395 1025 2451 linem
1068 2394 1308 2449 historia:
1349 2401 1458 2448 tum
1497 2392 1806 2464 prophetia,
1861 2404 1972 2446 tum

409 2501 495 2542 res
522 2487 764 2556 quredam
791 2486 1050 2542 mirabilis
1075 2496 1130 2542 et
1160 2487 1546 2557 inexspectata,
1575 2485 1820 2540 Ezechiae
1845 2490 1974 2539 tem-

410 2593 542 2646 pore
571 2588 720 2651 88813
750 2590 970 2634 narratu
980 2594 1024 2634 Γ.

2067 651 2274 721 ναγμός
2296 667 2310 682 ο
2339 671 2358 702 ι
2395 651 2633 722 δηλονότι
2661 653 2785 715 τοὺς
2826 651 2923 722 τὴν
2951 651 3214 722 σωτήριον
3250 649 3366 702 ὁδὸν
3411 649 3651 713 ἀκλινῶς

2071 741 2424 812 βαδίσαντας,
2456 742 2552 795 καὶ
2593 741 2681 794 διὰ
2713 741 2869 794 τοῦτο
2901 740 2994 798 ἐπὶ
3025 740 3085 793 τὸ
3117 739 3510 812 τρισμακάριον
3554 740 3650 793 τέ·-

2068 835 2155 898 λος
2185 834 2652 904 καταντήσανταςοη
2683 835 2740 885 ὲν
2778 825 2842 900 ᾧ,
2862 833 3106 902 στεφάνῳ
3133 831 3268 884 Θεοῦ
3299 829 3645 904 τικὶηθέντες,

2068 924 2165 994 τῆς
2198 923 2414 977 αίωνίου
2449 923 2595 994 ζωῆς
2638 922 3033 984 ἀπολαύσουσιν
3067 924 3125 976 ὲν
3164 925 3230 993 τῇ
3269 919 3374 974 τῶν
3400 920 3649 993 οὐρανῶν

2073 1015 2338 1095 βασιλείᾳ,
2372 1017 2500 1072 ἔνθα
2536 1036 2555 1070 ι
2582 1017 2791 1087 ἀπέδρα
2817 1001 2976 1088 δδύνη
3008 1017 3103 1095 καίΖ
3131 1015 3447 1093 στεναγμός.
3474 1034 3493 1068 ι

2561 1087 2974 1162 ΚΕΦΑΛΑΙΟΝῨ
2991 1087 3131 1178 Αςξν.

2076 1245 2083 1253 .
2147 1221 2165 1254 ι
2194 1203 2304 1256 Καί⁸
2325 1203 2538 1270 ἐγένετο
2567 1201 2665 1256 τοῦ.
2694 1203 2753 1255 ιδ’
2785 1200 2936 1264 ἔτους
2972 1199 3344 1271 βασιλεύοντος
3372 1192 3643 1265 Ἐζεκίου,

2072 1291 2235 1362 ἀνέϐη
2270 1292 2637 1363 Σενναχηρεὶμ
2671 1290 2920 1361 βασιλεὺς
2963 1291 3259 1364 Ἀσσυρίων
3285 1293 3378 1346 ἐπὶ
3406 1291 3504 1356 τὰς
3542 1291 3646 1345 πό·-

2071 1385 2182 1448 λεις
2227 1385 2325 1454 τῆς
2370 1383 2630 1447 Ἰουδαίας
2669 1383 2768 1448 τὰς
2807 1384 3029 1457 ὀχυρὰς,
3065 1385 3160 1438 καὶ
3201 1383 3389 1437 ἔλαϐεν
3449 1383 3644 1447 αὐτάς.

2071 1479 2182 1533 Καὶ
2235 1473 2517 1530 ἀπέστειλε
2571 1474 2820 1545 βασιλεὺς
2871 1475 3166 1547 Ἀσσυρίων
3203 1474 3295 1530 τὸν
3334 1475 3646 1546 Ῥασσάκην

2071 1573 2137 1624 ὲκ
2167 1568 2353 1640 Λάχης
2381 1569 2460 1631 είς
2497 1566 2847 1639 Ἰερουσαλὴμ
2869 1567 3004 1639 πρὸς
3023 1568 3113 1620 τὸν
3138 1566 3360 1638 βασιλέα
3397 1567 3647 1632 Ἐζεκίαν

2076 1660 2213 1733 μετὰ
2248 1658 2529 1730 δυνάμεως
2575 1659 2792 1730 πολλῆς.
2824 1660 2932 1713 Καὶ
2965 1659 3093 1731 ἔστη
3137 1661 3195 1713 ὲν
3227 1660 3304 1731 τῷ
3338 1660 3649 1732 ὑδραγωγῷ

2071 1753 2170 1824 τῆς
2207 1750 2590 1822 κολυμϐήθρας
2633 1749 2734 1821 τῆς
2760 1751 2871 1806 ἄνω
2900 1753 2956 1803 ὲν
2987 1753 3052 1822 τῇ
3087 1751 3192 1823 ὁδῷ
3222 1751 3316 1806 τοῦ
3342 1749 3514 1825 ἀγροῦ
3549 1751 3647 1806 τοῦ

2073 1846 2340 1916 κναφέως.
2377 1845 2487 1898 Καὶ
2525 1843 2711 1916 ἐξῆλθε
2762 1845 2895 1916 πρὸς
2946 1845 3107 1899 αὐτὸν
3165 1843 3444 1917 Ἐλιακεὶμ
3486 1847 3515 1900 6
3547 1845 3647 1900 τοῦ

2000 1905 2046 1968 Β
2077 1905 2326 2002 Χελκίου,
2356 1937 2384 1988 6
2406 1905 2704 2006 οίκονύμος,
2735 1905 2826 1988 καί.
2850 1905 3058 2005 έομνᾶς
3089 1937 3118 1988 6
3141 1905 3520 2008 γραμματεὺς,
3552 1936 3648 1991 καὶ

2088 2029 2245 2100 Ίωὰχ
2273 2029 2302 2082 6
2329 2027 2423 2081 τοῦ
2485 2027 2675 2096 Ἀσάφ,
2712 2023 3298 2099 ὑπομνηματογράφος.
3322 2047 3341 2081 ι
3413 2029 3650 2099 Ἰστορία

2079 2121 2178 2192 μέν
2215 2121 2360 2174 ἐστιν
2395 2123 2427 2190 ἡ
2458 2119 2788 2192 προκειμένη
2814 2119 2906 2170 καὶ
2927 2119 3173 2191 διήγησις
3199 2119 3483 2191 θαυμαστὴ
3503 2137 3649 2191 πρα-

2073 2215 2298 2285 γμάτων
2323 2213 2460 2267 κατὰ
2487 2212 2612 2275 τοὺς
2635 2212 2854 2283 χρόνους
2883 2211 3123 2276 Ἐζεκίου
3145 2212 3466 2284 γενομένων·
3502 2213 3651 2265 ἀνεί-

2072 2305 2274 2376 ληπται
2305 2304 2361 2358 δὲ
2398 2304 2534 2376 μετὰ
2568 2303 2676 2356 τῶν
2708 2303 2906 2356 λοιπῶν
2940 2304 3191 2376 ἱστοριῶν
3223 2305 3282 2357 ἐν
3313 2307 3381 2376 τῇ
3407 2304 3647 2377 τετάρτῃ

2069 2395 2178 2449 τῶν
2219 2394 2535 2460 Βασιλειῶν,
2565 2395 2659 2447 καὶ
2697 2395 2754 2448 ὲν
2785 2397 2851 2466 τῇ
2903 2394 3132 2467 δευτέρᾳ
3163 2394 3271 2450 τῶν
3309 2395 3649 2467 [Ιαραλειπο-

2074 2484 2268 2555 μένων.
2284 2485 2473 2555 Ὅμως
2494 2483 2539 2537 δ’
2556 2479 2648 2538 οὖν
2668 2483 2761 2538 καὶ
2785 2485 2840 2537 ὲν
2862 2486 2928 2556 τῇ
2960 2483 3095 2556 μετά
3114 2488 3300 2557 χεῖρας
3335 2489 3646 2560 προφητικῇ

2073 2575 2238 2646 βίϐλῳ
2257 2574 2675 2647 καταδέϐληται,
2691 2575 2777 2628 διὰ
2798 2575 2859 2628 τὸ
2887 2575 3219 2647 ἐμφέρεσθαι
3251 2576 3386 2648 πρὸς
3409 2577 3472 2660 τδ
3496 2575 3648 2641 τέλος

405 2671 505 2740 τῆς
550 2673 789 2745 ἱστορίας
847 2672 1203 2744 προφητείαν,
1265 2672 1357 2727 καί
1399 2688 1519 2726 τινα
1550 2670 1790 2742 μεγάλην
1824 2670 1916 2723 καὶ
1977 2667 2276 2743 παράδοξον
2349 2667 2544 2740 πρᾶξιν
2595 2667 3026 2721 ἐπιτελεσθεῖσαν
3080 2668 3216 2724 κατὰ
3261 2671 3386 2734 τοὺς
3427 2670 3650 2742 χρόνους

419 2761 681 2824 Ἐζεκίου.

512 2780 537 2816 ε
577 2765 681 2822 ’ίου.

478 2763 641 2916 istis.
673 2859 726 2913 4.
751 2877 769 2912 ι
807 2859 874 2914 Ει
901 2860 1038 2915 dixit
1057 2859 1137 2916 eis
1164 2859 1468 2915 Rabsaces:
1496 2855 1668 2913 Dicite
1685 2855 1964 2912 Ezechize:

411 2949 537 3005 Hac
573 2951 704 3004 dicit
734 2965 824 3006 rex
853 2965 1100 3021 magnus,
1140 2967 1231 3005 rex
1263 2952 1641 3022 Assyriorum:
1676 2949 1814 3015 Quid
1841 2963 1970 3002 con-

2153 2875 2170 2905 ι
2202 2854 2311 2908 Καὶ
2345 2848 2496 2905 εἶπεν
2538 2849 3083 2921 αὐτοῖς’Ῥαδσάκηςε
3120 2849 3325 2903 Εἴπατε
3393 2849 3646 2924 Ἐζεκίᾳ’

2075 2946 2213 3000 Τάδε
2242 2945 2389 3015 λέγει
2418 2948 2447 2998 6
2475 2943 2726 3016 βασιλεὺς
2747 2945 2775 2997 6
2801 2944 2992 3014 μέγας,
3019 2943 3271 3013 βασιλεὺς
3315 2942 3644 3016 Ἀσσυρίωνο

405 3039 571 3098 tidis‘l
608 3061 628 3094 ι
664 3041 795 3096 Nam
823 3058 919 3096 ceu
952 3053 1188 3112 potestas
1219 3043 1463 3110 quaedam
1497 3042 1811 3112 prophetico
1850 3055 1969 3094 ser-

2075 3036 2139 3088 Τί
2173 3034 2447 3099 πεποιθὼς
2479 3030 2560 3100 si;
2595 3053 2610 3085 ι
2652 3035 2861 3104 Ὥσπερ
2895 3035 3003 3103 γάρ
3033 3052 3117 3098 τις
3164 3034 3509 3106 ἀντικειμένη
3551 3033 3648 3087 δύ.

417 3135 560 3188 tnoni
596 3135 906 3188 adversaria
943 3135 1165 3200 dicenti,
1202 3133 1325 3188 llaec
1368 3133 1500 3188 dicit
1559 3132 1814 3186 Dominus
1838 3171 1854 3196 ,
1895 3130 1974 3185 sic

404 3237 462 3280 et
505 3226 597 3280 ille
640 3226 955 3282 clamabat:
999 3248 1017 3278 ι
1067 3225 1195 3281 Haec
1239 3226 1372 3280 dicit
1420 3240 1515 3283 rex
1563 3239 1825 3294 magnus,
1879 3237 1972 3278 rex

410 3315 776 3386 Assyriorum.
815 3337 834 3369 ι

480 3409 642 3470 Vens.
675 3409 731 3475 5,
760 3409 813 3464 6.
853 3427 874 3460 ι
907 3409 1046 3466 Ecce
1078 3411 1302 3466 conﬁdis
1332 3411 1498 3479 virga:
1521 3410 1825 3464 arundinem
1853 3409 1975 3465 huic

408 3503 732 3570 contractae,
797 3501 1070 3573 Egypto:
1117 3503 1201 3559 cui
1251 3505 1294 3559 si
1347 3502 1431 3558 vir
1475 3503 1756 3569 innitatur,
1809 3515 1972 3572 pene-

409 3593 574 3652 trabit
605 3608 820 3648 manum
852 3594 986 3663 cjus.
1028 3595 1118 3650 Sic
1165 3605 1247 3650 est
1274 3595 1488 3650 Pharao
1527 3610 1619 3650 rex
1648 3593 1889 3665 Egypti,
1921 3604 1976 3650 et

409 3697 600 3742 omnes
631 3685 724 3755 qui
777 3686 1055 3741 conﬁdunt
1079 3687 1132 3742 iu
1171 3702 1257 3743 eo.
1303 3706 1320 3740 ι
1359 3687 1701 3758 Sycophanta
1740 3702 1860 3742 cum
1885 3701 1973 3741 es-

407 3783 494 3829 set
517 3774 787 3839 inimicus,
813 3776 1098 3832 Ezechiam
1130 3778 1563 3834 calumniabatur
1593 3780 1797 3843 dicens,
1834 3777 1976 3833 Ecce

407 3865 638 3922 confidis
685 3866 954 3938 Ᾱὴγριο,
999 3878 1054 3924 et
1113 3867 1380 3926 Pharaoni
1431 3870 1545 3942 regi
1583 3867 1831 3940 Egypti,
1881 3867 1972 3936 qui

408 3958 698 4016 lidentibus
747 3962 874 4028 sibi,
917 3973 971 4018 et
1013 3965 1358 4034 sperantibus
1404 3965 1459 4021 in
1497 3981 1592 4030 se,
1637 3965 1829 4035 quovis
1866 3963 1972 4017 ini-

407 4056 551 4110 mico
585 4056 822 4112 deterior
849 4066 954 4122 est,
1005 4061 1252 4114 nesciens
1291 4068 1444 4129 pacta
1495 4074 1715 4114 scrvare
1744 4072 1865 4111 cum
1907 4055 1973 4108 iis

407 4145 501 4212 qui
535 4146 601 4200 ad
648 4147 822 4216 ipsum
861 4147 1214 4220 confugiunt:
1257 4165 1426 4219 quare
1476 4149 1709 4205 similem
1747 4145 1821 4200 ait
1854 4161 1973 4200 esse

406 4237 573 4306 Iirgte
608 4239 831 4302 calami,
863 4256 981 4308 qua:
1019 4243 1180 4297 simul
1213 4254 1408 4298 natura
1443 4243 1670 4314 fragilis,
1699 4251 1753 4298 et
1785 4239 1850 4293 iis
1879 4238 1970 4308 qui

406 4329 508 4398 ipsi
539 4330 843 4389 innituntur
886 4333 1042 4390 noxia
1069 4344 1172 4391 est.

2073 3146 2236 3199 ναμις
2287 3128 2365 3199 τῷ
2415 3127 2735 3199 προφητικῷ
2769 3127 2845 3198 τῷ
2862 3129 3138 3197 φάσκοντι,
3176 3127 3314 3181 Τάδε
3356 3125 3502 3196 λέγει
3530 3126 3646 3180 K6!—

2076 3235 2209 3290 ριος,
2241 3218 2336 3272 καὶ
2365 3213 2516 3281 οὗτος
2543 3217 2668 3270 ὲσόα
2689 3235 2701 3250 ν
2750 3235 2769 3268 ι
2795 3217 2934 3271 Τάδε
2969 3217 3114 3288 λέγει
3151 3219 3178 3270 6
3211 3218 3463 3290 βασιλεὺς
3488 3221 3516 3272 6
3547 3219 3646 3292 μές-

2073 3328 2195 3380 γας,
2222 3315 2250 3364 6
2277 3310 2526 3382 βασιλεὺς
2560 3310 2878 3382 Ἀσσυρίων.
2901 3328 2920 3362 ι

2099 3385 2103 3390 ’
2148 3423 2166 3454 ι
2204 3403 2333 3457 Ἰδοὺ
2366 3401 2639 3463 πεποιθὼς
2689 3397 2740 3455 εἷ
2793 3397 2886 3455 ἐπὶ
2944 3403 3043 3474 τὴν
3108 3403 3301 3473 ράὗδον
3351 3402 3449 3476 τὴν
3471 3404 3640 3458 καλα-

2077 3494 2235 3566 μίνην
2264 3495 2364 3566 τὴν
2395 3493 2762 3564 τεθλασμένην
2788 3493 3009 3565 ταύτην,
3041 3494 3126 3546 ἐπ’
3156 3495 3446 3562 Αἴγυπτον,
3475 3494 3547 3558 ὡς
3580 3495 3647 3548 ἂν

2073 3585 2431 3658 ὲπιστηριχθῇ
2467 3585 2606 3656 ἀνὴρ
2646 3585 2733 3637 ἐπ’
2762 3585 2967 3657 αὐτὴν,
3015 3585 3378 3640 εἰσελεύσεται
3431 3587 3511 3650 εἰς
3545 3587 3648 3657 τὴν

2074 3681 2230 3750 χεῖρα
2259 3677 2454 3732 αὐτοῦ’
2486 3676 2660 3742 οὕτως
2689 3677 2806 3730 ἐστὶ
2837 3676 3032 3750 Φαραὼ
3068 3677 3318 3748 βασιλεὺς
3345 3677 3646 3746 Αἰγύπτου,

2073 3771 2166 3824 καὶ
2197 3770 2397 3835 πάντες
2423 3771 2474 3824 oi
2503 3769 2820 3834 πεποιθότες
2856 3771 2942 3823 ἐπ’
2968 3769 3133 3841 αὐτῷ.
3159 3790 3176 3822 ι
3219 3770 3567 3840 Συκοφάντης
3589 3769 3647 3824 δὲ

2072 3861 2146 3915 ὢν
2201 3863 2229 3916 6
2281 3862 2471 3936 ἐχθρὸς
2519 3862 2912 3931 καταψεύδεται
2963 3862 3058 3916 τοῦ
3121 3864 3394 3930 Ἐζεκίου,
3447 3863 3647 3931 λέγωνι

2087 3952 2214 4006 Ἰδοὺ
2249 3952 2526 4017 πεποιθὼς
2553 3949 2605 4006 εί
2634 3954 2719 4005 ἐπ’
2755 3953 3047 4022 Αἴγυπτον,
3080 3954 3174 4007 καὶ
3203 3954 3292 4007 ἐπὶ
3319 3952 3516 4026 Φαραὼ
3543 3952 3642 4023 βα-

2076 4046 2227 4099 σιλέα
2248 4045 2618 4114 Αίγύπτου,ὂς
2644 4048 2756 4109 τοῖς
2783 4046 3213 4117 ὲπερέιδομένοις
3243 4048 3329 4100 ἐπ’
3357 4045 3525 4118 αὐτῷ,
3550 4046 3647 4101 καὶ

2073 4137 2430 4210 ἐπιθαρροῦσι
2480 4137 2678 4201 παντὸς
2721 4139 2930 4208 γίνεται
2981 4139 3235 4210 πολεμίου
3283 4140 3500 4213 χείρων,
3545 4141 3646 4195 οὐκ

2073 4232 2228 4296 εἰδὼς
2257 4233 2543 4302 φυλάττειν
2579 4230 2677 4295 τὰς
2716 4230 2989 4303 συνθήκας
3018 4234 3128 4296 τοῖς
3163 4231 3461 4304 πρό-σφυξιν
3479 4249 3494 4262 ⁸
3523 4229 3633 4285 δθεκ

2075 4325 2306 4378 ἐοικέναι
2338 4322 2501 4378 αὑτὸν
2530 4322 2710 4394 ῥάϐδῳ
2742 4323 3036 4396 καλαμίνῃ,
3066 4322 3200 4394 ὁμοῦ
3237 4323 3330 4376 καὶ
3358 4323 3419 4375 τὸ
3446 4320 3646 4393 σαθρὸν

2080 4419 2278 4492 ἐχούσῃ
2323 4419 2388 4473 ἐκ
2445 4418 2680 4488 φύσεως,
2718 4417 2812 4473 καὶ
2837 4418 2898 4469 τὸ
2933 4417 3190 4488 βλαϐερὸν
3221 4419 3332 4480 τοῖς
3369 4414 3642 4486 ἐπερειδομ-

2081 4510 2258 4582 μένοις
2289 4511 2446 4582 αὐτῇ.

475 4593 641 4655 Vsus.
671 4595 725 4650 7.
754 4614 775 4649 ι
807 4597 959 4664 Quod
985 4598 1030 4653 si
1061 4597 1260 4662 dicitis,
1290 4596 1347 4652 lu
1392 4597 1619 4652 Domino
1646 4595 1755 4652 Deo
1785 4608 1970 4656 nostro

2094 4589 2096 4591 ’
2150 4621 2166 4652 ι
2199 4602 2259 4654 Εἰ
2279 4601 2334 4656 δὲ
2361 4600 2569 4670 λέγετε,
2613 4599 2736 4653 Ἐπὶ
2767 4599 2968 4670 Κύριον
2999 4599 3089 4652 τὸν
3119 4597 3254 4651 Θεὸν
3274 4598 3428 4668 ἡμῶν
3452 4600 3642 4654 πεποίο

404 4687 723 4745 conﬁdimus
751 4709 764 4744 :
812 4705 992 4745 annon
1028 4691 1143 4760 ipse
1175 4698 1279 4755 est,
1317 4691 1472 4759 cujus
1506 4690 1720 4746 excelsa
1752 4692 1970 4748 sustulit

408 4780 688 4847 Ezechias,
735 4790 789 4836 et
823 4783 1016 4836 altaria
1057 4781 1210 4848 ejus;
1246 4792 1304 4835 et
1352 4782 1490 4836 disit
1526 4781 1678 4837 Juda:
1716 4792 1772 4838 et
1813 4783 1970 4839 Jeru-

403 4871 830 4928 salem:Coram
863 4871 1016 4925 altari
1062 4871 1166 4926 isto
1206 4872 1472 4926 adorate?
1517 4890 1534 4922 ι
1583 4871 1700 4926 Νοιι
1750 4873 1966 4943 ignora-

402 4963 531 5016 bant
564 4962 710 5016 enim
747 4961 981 5027 inimici,
1013 4961 1302 5015 Ezechiam
1332 4970 1386 5015 et
1413 4961 1505 5030 qui
1544 4976 1665 5015 cum
1693 4975 1759 5017 eo
1790 4972 1967 5026 erant,

400 5053 654 5121 precibus
690 5067 753 5104 ac
796 5051 901 5118 piis
939 5051 1283 5105 sermonibus
1314 5051 1380 5105 ad
1428 5056 1792 5121 superandum
1834 5068 1970 5122 opus

403 5145 625 5200 habere.
671 5143 797 5197 llaec
840 5144 956 5211 ipsa
1006 5143 1345 5198 criminando
1392 5143 1519 5199 dicit
1561 5143 1665 5198 dux
1719 5146 1972 5216 Assyrio-

401 5251 544 5300 rum,
599 5234 891 5292 Ezechiam
943 5236 1094 5305 quasi
1145 5246 1465 5306 praesentem
1511 5235 1833 5306 alloquens:
1883 5239 1964 5292 cui

398 5323 662 5385 Ezechias
700 5337 756 5384 et
790 5329 884 5398 qui
918 5345 1042 5384 cunt
1091 5342 1157 5384 co
1200 5339 1354 5386 erant
1395 5331 1509 5385 lucc
1551 5330 1672 5399 jure
1720 5347 1970 5400 reposue-

399 5421 541 5474 rint:
579 5439 598 5472 ι
636 5419 700 5474 lli
731 5421 784 5476 in
819 5423 1110 5489 curribus,’
1141 5433 1196 5479 et.
1233 5425 1287 5478 hi
1337 5427 1388 5478 in
1425 5425 1614 5495 equis;
1661 5441 1759 5482 nos
1793 5436 1969 5481 autem

401 5510 454 5564 in
501 5514 723 5568 nomine
779 5515 871 5571 Dei
915 5517 1085 5572 nostri
1124 5518 1502 5574 invocabimus
1529 5517 1596 5573 ⁸⁸.
1634 5537 1652 5572 ι

477 5692 639 5750 Vens.
669 5697 822 5752 8-l0.
866 5720 884 5751 ι
924 5699 1075 5758 Nunc
1121 5703 1393 5776 adjungitc
1437 5721 1530 5762 vos
1579 5704 1804 5764 Domino
1849 5719 1970 5760 meo

476 5903 518 5934 ”
547 5904 685 5962 l‘sal.
724 5923 839 5976 xu,
870 5908 922 5964 8.

2073 4693 2276 4763 θαμεν·
2331 4692 2432 4745 οὐκ
2481 4689 2644 4754 αὐτός
2696 4691 2834 4752 ἐστι,
2887 4683 2949 4744 οὗ
3004 4689 3224 4759 ἀφεῖλεν
3289 4691 3532 4755 Ἐζεκίας
3574 4693 3644 4746 τὰ

2072 4783 2249 4854 ὑψηλὰ
2280 4783 2465 4848 αὐτοῦ,
2496 4783 2590 4838 καὶ
2622 4781 2692 4836 τὰ
2717 4781 3074 4853 θυσιαστήρια
3090 4781 3251 4836 αὑτοῦ
3271 4801 3286 4815 ·
3317 4782 3408 4835 καὶ
3425 4779 3544 4836 εἷπε
3567 4783 3645 4857 τῷ

2084 4875 2253 4947 Ἰούδᾳ
2291 4876 2384 4928 καὶ
2430 4877 2495 4946 τῇ
2562 4875 2949 4946 Ἰερουσαλήμ’
3006 4873 3161 4928 Κατὰ
3211 4874 3502 4945 πρόσωπον
3545 4875 3643 4930 τοῦ

2075 4965 2454 5037 θυσιαστηρίου
2474 4964 2662 5018 τούτου
2688 4965 3094 5036 προσκυνήσατε
3118 4979 3132 5026 ;
3157 4983 3173 5012 ι
3203 4963 3274 5015 Οὐ
3293 4961 3398 5033 γάρ
3416 4961 3644 5031 ἠγνόουν

2073 5060 2122 5110 οί
2169 5057 2432 5128 πολέμιοι,
2485 5057 2565 5108 ὅτι
2607 5056 2672 5109 δι’
2705 5055 2878 5127 εὐχῶν
2923 5057 3144 5125 κρατεῖν
3197 5053 3289 5106 καὶ
3330 5053 3418 5106 διὰ
3471 5053 3644 5122 λόγων

2075 5149 2338 5202 θεοσεὸῶν
2361 5149 2440 5202 δεῖ
2466 5149 2557 5204 τὸν
2591 5147 2834 5212 Ἐζεκίαν
2860 5147 2953 5200 καὶ
2983 5146 3108 5208 τοὺς
3128 5147 3224 5198 σὺν
3255 5144 3420 5216 αὐτῷ.
3457 5144 3643 5202 Ταῦτα

2075 5241 2212 5296 αὐτὰ
2256 5240 2528 5303 διαϐάλλει
2559 5242 2588 5294 6
2618 5239 2710 5294 τοῦ
2757 5237 3040 5310 Ἀσσυρίου
3093 5236 3414 5308 στρατηγὸς,
3470 5237 3643 5306 λέγων

2075 5335 2150 5398 ὡς
2201 5335 2334 5405 πρὸς
2371 5333 2613 5404 παρόντα
2658 5331 2748 5384 τὸν
2794 5330 3070 5395 Ἐζεκίαν·
3107 5329 3242 5401 πρὸς
3279 5328 3338 5381 ὃν
3385 5328 3452 5382 ἂν
3491 5323 3645 5386 είπεν

2090 5427 2335 5492 Ἐζεκίας
2363 5427 2456 5479 καὶ
2494 5425 2544 5478 οἱ
2593 5423 2689 5477 σὺν
2718 5421 2893 5500 αὐτῷ·
2935 5439 2954 5474 ι
2979 5415 3137 5476 Οὗτοι
3177 5421 3236 5474 ὲν
3283 5421 3514 5496 ἅρμασι,
3549 5421 3644 5474 καὶ

2079 5514 2223 5574 οὗτοι
2248 5521 2305 5574 ὲν
2331 5520 2517 5582 ἵπποις
2537 5535 2549 5547 ·
2586 5519 2742 5590 ἡμεῖς
2768 5516 2826 5570 δὲ
2859 5517 2919 5571 ὲν
2943 5517 3167 5587 ὀνόματι
3194 5513 3286 5568 τοῦ
3308 5511 3452 5569 ’Θεοῦ
3484 5515 3644 5587 ἡμῶν

2082 5611 2304 5666 ὲπικαλε
2313 5609 2530 5681 σόμεθα.
2565 5628 2582 5660 ι

2155 5724 2173 5758 ι
2205 5703 2314 5756 Νῦν
2351 5700 2576 5773 μίχθητε
2609 5700 2685 5771 τῷ
2730 5701 2915 5772 Κυρίῳ
2951 5718 3048 5771 μου
3083 5698 3159 5774 τῷ
3205 5697 3411 5771 βασιλεῖ
3455 5700 3636 5760 Ἀσσυ-
