3984 6508
201 409 318 466 8ιὸ

1092 388 1592 449 COMMENTARIA
1632 385 1698 442 1N
1739 371 1992 440 ISMASL
2035 352 2101 426 ἑ-
2137 379 2289 436 CAP.
2331 375 2570 432 xxxvr.

3348 360 3451 428 M6

207 524 368 596 ρίων,
401 520 497 574 καὶ
527 516 685 570 δώσω
731 515 856 583 ὑμῖν
887 511 1149 581 δισχιλίαν
1183 509 1385 572 ἵππων,
1415 507 1462 559 εἰ
1496 500 1788 575 δυνήσεσθε

1910 498 2004 566 'egi
2039 495 2404 566 Assyriorum,
2453 500 2506 544 et
2549 489 2691 543 dabo
2737 484 2889 539 vobis
2931 481 3038 535 duo
3072 475 3238 533 millia
3287 491 3453 544 equo-

2092 588 2103 596 -
2218 595 2221 596 ν
2441 583 2452 596 ι
2533 594 2544 596 ς
2587 590 2820 596 “nu.--
2862 588 3042 596 -.η--..η
3097 568 3154 596 ιθ.
3191 568 3453 596 “mnum...

202 595 399 670 δοῦναι
427 611 705 672 ἀναῦάτας
737 609 822 660 ἐπ’
854 603 1067 667 αὐτούς.
1100 603 1208 656 Kal
1241 598 1358 662 πῶς
1395 595 1622 650 δύνασθε
1655 595 1790 647 ἀπο-

206 706 449 777 στρέψαι
481 705 562 767 είς
593 702 884 775 πρόσωπον
913 696 1020 750 τῶν
1050 691 1367 764 τοπαρχῶν;
1404 689 1622 742 Οἰκέται
1654 685 1791 738 εἰσὶν
1833 753 1841 761 _

205 802 264 854 οἱ
294 795 620 860 πεποιθότες
650 794 733 846 ἐπ’
763 790 1110 861 Αἰγυπτίους.
1144 787 1251 839 Kal
1277 783 1372 837 νῦν
1415 780 1488 852 μὴ
1523 781 1650 834 ἀνευ
1680 779 1793 831 Κυ-

210 894 337 964 ρίου
375 888 648 959 ἀνέϐημεν
682 886 774 938 ἐπὶ
815 883 913 955 τὴν
952 880 1133 953 χώραν
1171 876 1408 948 ταύτην;
1443 871 1646 944 Κύριος
1673 866 1791 922 εἷπε

209 963 362 1056 πρὸς
391 983 491 1054 μέο
529 979 784 1050 Ἀνάεηοι
819 977 911 1031 ἐπὶ
928 975 1026 1046 τὴν
1048 974 1151 1044 γῆν
1174 971 1397 1040 ταύτην,
1428 966 1520 1021 καὶ
1550 963 1791 1033 ardeae:—

211 1052 313 1147 ρον
370 1052 560 1145 αὐτὴν.
589 1091 606 1124 ι
645 1073 848 1141 Δεῖγμα
893 1067 968 1133 δὲ,
1017 1065 1200 1136 φησὶν,
1252 1061 1476 1131 ἐναργὲς
1519 1056 1613 1110 τοῦ
1653 1052 1794 1109 κατὰ

207 1167 552 1237 πρόσταγμα
599 1162 734 1216 Θεοῦ
779 1159 950 1214 ταῦτα
999 1154 1348 1226 γεγενῆσθαι,
1391 1153 1452 1206 τὸ
1475 1153 1571 1222 τὴν
1612 1148 1794 1219 Σαμά-

209 1276 377 1331 ρειαν
406 1254 547 1310 ἑλεῖν
573 1256 667 1309 καὶ
695 1253 870 1307 πάντα
891 1251 980 1304 τὸν
1020 1238 1232 1320 Ἰσραὴλ
1253 1247 1558 1313 ἀπαγαγεῖν
1589 1240 1792 1312 αἰχμά-

207 1350 414 1404 λωτον.
467 1348 556 1410 Ὠς
604 1346 714 1418 γὰρ
751 1345 990 1405 ἐκείνους
1021 1340 1280 1408 ἀδελφοὺς
1310 1339 1468 1401 sm;
1498 1333 1796 1405 ὑμετέρους

207 1437 389 1504 εἷλον,
429 1442 529 1494 οὐκ
560 1439 732 1502 ἄλλως
771 1437 806 1509 ἢ
843 1436 936 1490 τοῦ
969 1433 1102 1487 Θεοῦ
1145 1431 1484 1503 βουλομένου,
1514 1429 1604 1483 τὸν
1635 1427 1795 1481 αὐτὸν

205 1536 420 1609 τρόπον
456 1531 618 1585 αὐτοῦ
651 1531 877 1600 νεύματι
905 1529 998 1582 καὶ
1021 1527 1163 1598 ὑμᾶς
1194 1524 1463 1595 λήψομαι.
1500 1520 1620 1574 Εἴτε
1651 1520 1707 1572 δέ
1733 1520 1797 1572 ἐκ

206 1627 315 1681 τοῦ
347 1627 553 1688 εἰκότος
575 1623 748 1678 ταῦτα
781 1622 986 1691 ἔφασκε
1019 1617 1410 1689 στοχαζόμενος
1434 1614 1496 1667 τὸ
1527 1629 1796 1683 κεκρατη-

208 1719 375 1773 κέναι
431 1718 526 1771 τοῦ
575 1714 1005 1788 χρηματίζοντος
1054 1711 1183 1764 λαοῦ
1216 1710 1306 1764 τοῦ
1353 1706 1512 1772 Θεοῦ,
1545 1704 1687 1772 λέγω
1733 1702 1795 1773 δὴ

206 1812 315 1865 τοῦ
361 1809 581 1883 Ἰσραήλ
603 1827 618 1840 ο
655 1807 766 1861 εἴτε
784 1807 878 1860 καὶ
910 1803 1123 1876 ἀληθῶς
1157 1801 1372 1874 ᾔσθετο,
1406 1797 1536 1851 Θεοῦ
1555 1795 1791 1850 ὑποϐάλ-

206 1903 406 1963 λοντος
435 1898 602 1952 αὐτοῦ
633 1901 744 1962 τοῖς
775 1897 1054 1966 λογισμοῖς
1084 1896 1150 1964 τῇ
1182 1892 1288 1945 τῶν
1329 1889 1594 1944 Ἰουδαίων
1632 1885 1791 1938 ἐπελ·

209 1991 336 2043 θεῖν
368 1987 545 2060 χώρα,
574 1987 661 2041 διὰ
693 1987 789 2050 τὰς
841 1983 1235 2055 πεπραγμένας
1265 1981 1448 2043 αὐτοῖς
1479 1977 1673 2041 κακίας
1705 1978 1797 2030 καὶ

210 2081 590 2154 παρανομίας.

301 2214 320 2245 ‹
349 2196 463 2248 Kal
519 2191 638 2246 εἷπε
697 2191 833 2262 πρὸς
871 2188 1030 2243 αὑτὸν
1075 2185 1378 2255 Ἐλιακεὶμ,
1428 2184 1521 2237 καὶ
1565 2182 1798 2252 Σομνᾶς,

211 2286 320 2340 καὶ
359 2286 550 2355 Ἰωάχ·
587 2283 832 2355 Λάλησον
865 2284 998 2352 πρὸς
1029 2282 1155 2342 τοὺς
1189 2278 1381 2341 παῖδάς
1413 2294 1508 2329 σου
1542 2273 1796 2346 Συριστί·

211 2378 502 2448 ἀκούομεν
529 2375 638 2448 γὰρ
669 2376 860 2446 ἡμεῖς·
903 2373 995 2426 καὶ
1031 2371 1104 2443 μὴ
1137 2370 1286 2424 λάλει
1319 2369 1452 2438 πρὸς
1483 2369 1629 2438 ἡμᾶς
1669 2365 1800 2417 'loo-

207 2470 422 2526 δαῖστί.
457 2467 566 2523 Kal
599 2468 686 2521 ἵνα
718 2467 771 2520 τί
800 2465 980 2528 λαλεῖς
1012 2466 1091 2527 εἰς
1121 2464 1189 2517 τὰ
1218 2459 1330 2516 ὦτα
1357 2461 1464 2514 τῶν
1503 2459 1802 2530 ἀνθρώπων

213 2564 318 2616 ἐπὶ
340 2561 421 2632 τῷ
446 2561 651 2631 τείχεις
679 2580 697 2611 ι
732 2558 1009 2629 Τηρητέον
1037 2558 1113 2619 δέ,
1140 2558 1215 2620 ὡς
1253 2556 1346 2609 καὶ
1371 2554 1478 2608 τῶν
1506 2555 1563 2606 ἐν
1590 2552 1801 2613 τούτοις

219 2653 651 2726 ὀνομαζομένων
690 2649 916 2722 ἀνδρῶν,
968 2649 1108 2717 λέγω
1139 2647 1203 2718 δὴ
1247 2647 1340 2700 τοῦ
1400 2643 1682 2714 Ἐλιακεὶμ
1709 2643 1803 2694 καὶ

212 2745 319 2798 τοῦ
351 2744 554 2815 Σομνᾶ.
581 2742 674 2796 καὶ
716 2740 802 2794 διὰ
831 2739 936 2794 τῶν
976 2738 1281 2812 ἔμπροσθεν
1321 2737 1538 2808 μνήμην
1571 2735 1806 2788 ἐποιεῖτο

214 2841 253 2892 ὁ
279 2838 567 2909 προφήτης
586 2835 645 2888 ἐν
665 2832 743 2904 τῷ
766 2835 969 2904 ῥήματι
993 2832 1093 2901 τῆς
1119 2830 1399 2901 φάραγγος
1425 2827 1580 2881 Σιών.
1619 2827 1809 2893 Ἀναγ-

219 2931 362 2984 καία
409 2929 471 2982 δέ
516 2931 664 2982 ἐστιν
709 2928 742 2998 ἡ
795 2926 1116 2996 ἐπιτήρησις
1158 2924 1238 2986 είς
1281 2921 1342 2975 τὺ
1393 2918 1698 2991 ἐφαρμόσαι
1739 2918 1806 2987 τῇ

222 3019 572 3093 προκειμένῃ
618 3017 828 3090 ἱστορίᾳ
876 3017 1002 3078 τοὺς
1053 3018 1110 3068 ἐν
1160 3014 1341 3085 ἐκείνῃ
1380 3015 1451 3083 τῇ¹
1503 3010 1810 3082 προφητεία

225 3113 570 3186 φερομένους
637 3111 844 3178 λόγους.
889 3109 1026 3162 Φασὶ
1068 3107 1124 3161 δέ
1175 3107 1363 3168 παῖδες
1419 3103 1682 3175 Ἑϐραίων
1718 3099 1809 3153 τὸν

222 3207 444 3276 Σομνᾶν
464 3203 650 3256 τοῦτον
675 3200 1040 3271 αὐτομολῆσαι
1075 3199 1210 3270 πρὸς
1228 3197 1320 3252 τὸν
1351 3195 1630 3266 Ἀσσύριον
1658 3192 1811 3246 ὖστε-
1835 3203 1878 3261 c

226 3313 347 3368 ρον,
375 3294 557 3361 δεξιὰν
591 3292 740 3363 αὑτῷ
774 3295 870 3346 σῦν
910 3293 1118 3363 ἐτέροις
1160 3289 1427 3343 δεδωκότα
1477 3287 1563 3341 διὰ
1606 3286 1698 3339 τὸν
1749 3284 1806 3351 ἐξ

225 3386 400 3441 αὐτοῦ
436 3386 634 3455 φόδον·
674 3386 768 3438 καὶ
813 3384 1002 3438 τούτου
1032 3383 1189 3454 χάριν
1223 3382 1311 3434 διὰ
1357 3381 1465 3433 τῶν
1501 3375 1810 3450 ἔμπροσθεν

226 3477 724 3553 προφητευθέντων
759 3477 884 3547 περὶ
921 3476 1085 3529 αὐτοῦ
1119 3475 1387 3528 λέλεκται.

305 3588 329 3622 ι
353 3569 468 3622 Kal
494 3561 617 3620 εἷπε
649 3566 788 3637 πρὸς
818 3565 1014 3628 αὐτοὺς
1055 3564 1396 3632 Ῥαΰσάκηςο
1432 3559 1523 3631 Μὴ
1554 3558 1689 3629 πρὸς
1719 3556 1810 3610 τὸν

227 3660 430 3730 κύριον
464 3658 640 3729 ὑμῶν,
673 3657 706 3728 ἢ
747 3657 885 3728 πρὸς
939 3657 1085 3726 ὑμᾶς
1116 3652 1423 3708 ἀπέσταλκέ
1465 3669 1528 3722 με
1560 3654 1588 3705 ό
1622 3649 1809 3721 κύριός

231 3767 364 3819 μου,
397 3747 628 3818 λαλῆσαι
661 3746 786 3808 τοὺς
816 3746 1005 3814 λόγους
1047 3743 1300 3806 τούτους;
1341 3743 1474 3812 Οὐχὶ
1505 3740 1642 3811 πρὸς
1683 3739 1812 3800 τοὺς

224 3838 560 3911 ἀνθρώπους
596 3837 722 3899 τοὺς
755 3835 1097 3906 καθημένους
1129 3833 1220 3885 ἐπὶ¹
1250 3831 1328 3902 τῷ
1363 3832 1552 3900 τείχει,
1585 3829 1671 3881 ἴνα
1708 3827 1811 3897 φά-

227 3945 374 3998 γωσι
405 3929 632 4000 κόπρον,
661 3925 754 3981 καὶ
781 3927 975 3980 πίωσιν
997 3920 1158 3995 οὖρον
1186 3923 1302 3994 μεθ’
1335 3921 1487 3993 ὑμῶν
1519 3921 1635 3991 ἃμα
1659 3936 1674 3984 ;
1702 3918 1812 3970 Kal

233 4022 371 4092 ἔστη
414 4020 746 4090 Ῥαόσάκης,
793 4018 886 4071 καὶ
919 4016 1176 4086 ἀνεϐόησε
1222 4017 1373 4086 φωνῇ
1425 4012 1635 4085 μεγάλῃ
1679 4013 1813 4064 Ἰου-

233 4111 418 4165 δαῖστὶ
456 4111 550 4164 καὶ
583 4105 766 4162 εἶπεν*
815 4107 1106 4160 ’Λκούσατε
1137 4106 1260 4168 τοὺς
1295 4103 1483 4172 λόγους
1517 4102 1609 4155 τοῦ
1659 4100 1812 4169 βασι-

237 4205 376 4270 λέως
408 4204 504 4258 τοῦ
540 4203 793 4275 μεγάλου,
833 4201 1094 4272 βασιλέως
1140 4199 1454 4269 Ἀσσυρίων.
1493 4195 1632 4250 Τάδε
1668 4194 1814 4260 λέγει

237 4302 267 4352 ό
296 4297 586 4370 βασιλεύς·
627 4297 718 4367 Μὴ
749 4295 1010 4349 ἀπατάτω
1041 4294 1185 4364 ὑμᾶς
1222 4290 1468 4355 Ἑζεκίας
1511 4289 1716 4356 λόγοιςο
1752 4285 1812 4337 ού

234 4393 464 4462 δύνηται
500 4388 763 4462 ῥύσασθαι
802 4389 963 4458 ὑμᾶς.
1000 4387 1111 4440 Kal
1167 4384 1241 4456 μὴ
1271 4383 1472 4451 λεγέτω
1504 4383 1631 4452 ὑμῖν
1667 4378 1817 4442 Ἐζε-

239 4485 392 4547 κίας,
426 4483 511 4536 ὅτι
543 4484 763 4553 ῥύσεται
797 4482 938 4552 ὑμᾶς
964 4479 993 4530 6
1020 4477 1170 4541 θεδςν

238 4581 275 4649 ἡ
295 4577 455 4640 πόλις
479 4575 615 4647 αῦτη
647 4577 705 4628 ἐν
737 4576 879 4645 χειρὶ
901 4572 1164 4644 βασιλέως
1179 4569 1494 4642 Ἀσσυρίων.
1511 4566 1600 4638 Μὴ
1627 4565 1816 4619 ἀκούε-

237 4692 300 4727 τε
371 4669 634 4734 Ἐζεκίου.
664 4667 799 4719 Τάδε
856 4665 1001 4734 λέγει
1035 4666 1064 4717 ό
1097 4663 1345 4734 βασιλεὺς
1390 4662 1684 4734 Ἀσσυρίων
1706 4679 1719 4690 °
1754 4661 1817 4714 Εἰ

242 4761 504 4836 βούλεσθε
559 4757 936 4829 εύλογηθῆναι,
983 4755 1346 4826 ἐκπορεύεσθε
1411 4755 1545 4825 πρὸς
1591 4754 1682 4824 μὲ,
1725 4752 1819 4806 καὶ

245 4853 488 4926 φάγεσθε
516 4853 744 4912 ἕκαστος
771 4849 867 4920 τὴν
899 4847 1139 4917 ἄμπελον
1174 4846 1336 4899 αὑτοῦ
1369 4847 1462 4898 καὶ
1490 4844 1587 4907 τὰς
1626 4845 1817 4908 συκᾶς,

247 4949 343 5002 καὶ
371 4942 562 4997 πίεσθε
595 4941 738 5011 ὕδωρ
765 4941 827 4992 ἐκ
855 4937 948 4991 τοῦ
981 4936 1184 4990 λάκκου
1215 4937 1395 5006 ὑμῶν’
1431 4936 1534 4998 ἓως
1569 4935 1634 4988 ἂν
1659 4934 1816 4998 ἔλθω,

246 5041 342 5094 ttal
368 5036 519 5092 λάσω
570 5035 717 5105 ὑμᾶς
760 5034 840 5096 είς
883 5033 1011 5101 γῆν,
1042 5031 1116 5094 ὡς
1149 5032 1182 5101 ἡ
1212 5033 1281 5100 γῆ
1317 5029 1490 5101 ὑμῶν,
1524 5029 1597 5099 γῆ
1649 5028 1818 5093 σίτου,

246 5130 342 5183 καὶ
379 5127 524 5181 οἴνου
556 5124 649 5176 καὶ
676 5122 878 5192 ἄρτων,
905 5122 1000 5173 καὶ⁵
1038 5118 1392 5190 ἀμπελώνων.
1425 5119 1516 5188 Μὴ
1562 5118 1823 5171 ἀπατάτω

245 5221 392 5291 ὑμᾶς
437 5216 704 5282 Ἐζεκίας,
753 5213 955 5282 λέγων·
996 5214 1055 5266 ’0
1092 5213 1224 5276 Θεὸς
1266 5211 1485 5284 ῥύσεται
1531 5212 1697 5282 ἡμᾶς.
1732 5209 1823 5280 Μὴ

249 5309 552 5381 ἐρρύσαντο
589 5307 639 5359 oi
685 5304 798 5358 θεοὶ
829 5303 936 5357 τῶν
970 5303 1172 5368 ἐθνῶν,
1210 5304 1440 5366 ἕκαστος
1502 5301 1600 5373 τὴν
1630 5300 1822 5354 ἑαυτοῦ

250 5401 434 5473 χώραν
466 5401 530 5452 ἐκ
573 5397 752 5469 χειρὸς
797 5395 1058 5468 βασιλέως
1103 5396 1437 5466 Ἀσσυρίωνς
1473 5394 1582 5447 Ποῦ
1625 5395 1770 5445 ἐστιν
1799 5394 1826 5446 ὀ

251 5492 372 5556 θεὸς
423 5489 618 5561 meo,
669 5489 763 5544 καὶ
804 5487 1046 5558 Ἀρφάθ;
1096 5487 1191 5541 xal
1223 5486 1326 5540 ποῦ
1362 5489 1392 5540 ὁ
1427 5486 1560 5550 Θεὸς
1599 5486 1696 5556 τῆς
1725 5485 1824 5538 πό-

251 5585 386 5648 λεως
433 5582 844 5652 Ἐκφαρουαῒμς
892 5579 984 5650 Μὴ
1029 5579 1278 5633 ἐδύναντο
1328 5578 1592 5650 ῥύσασθαι
1639 5578 1825 5647 Σαμά-

258 5693 407 5746 ρειαν
431 5679 496 5730 ἐκ
527 5674 710 5747 χειρός
743 5690 881 5745 μου;
908 5691 926 5723 ι
952 5671 1118 5724 Οὐδὲν
1147 5671 1425 5742 διαφέρειν
1467 5670 1700 5741 νομίζων
1737 5670 1828 5722 τὸν

257 5770 406 5839 ἐντῇ
445 5765 800 5837 Ἰερουσαλὴμ
837 5763 1144 5834 τιμώμενον
1173 5762 1279 5815 τῶν
1316 5761 1465 5831 παρὰ
1497 5764 1609 5824 τοῖς
1652 5761 1830 5822 ἄλλοις

255 5858 435 5924 ἔθνεσι
461 5856 886 5932 πεπλανημένως
915 5854 1054 5909 θεῶν
1077 5852 1463 5924 νομιζομένων.
1492 5853 1626 5907 Κατ’
1650 5853 1826 5922 ὀλίγον

1892 605 2032 649 rtnn,
2060 588 2104 642 si
2139 583 2392 656 poteritis
2422 583 2552 634 dare
2581 590 2823 633 sessores
2859 588 3067 628 eormn.
3097 568 3162 623 Et
3190 568 3456 636 quomodo

1889 681 2115 750 potectis
2158 689 2309 731 stare
2345 677 2398 727 in
2447 677 2740 740 conspectu
2789 657 3217 734 toparcharum?
3264 657 3456 710 Dome-

1889 773 2011 828 stici
2055 780 2213 834 sunt,
2261 767 2352 836 qui
2415 759 2686 832 Egyptiis
2738 756 3037 812 confidunt.
3085 751 3148 805 Et
3203 763 3343 802 nunc
3387 761 3456 798 an

1891 869 2097 932 absque
2141 861 2365 914 Domino
2405 852 2748 908 ascendimus
2801 848 2855 902 in
2909 857 3109 900 terram
3146 838 3322 896 hanc?
3359 837 3461 890 Do-

1897 928 2074 1010 minus
2107 953 2246 1007 dixit
2276 948 2404 1004 mihi
2440 965 2454 999 :
2491 943 2742 1000 Ascende
2772 939 2825 993 in
2860 947 3055 990 terram
3084 933 3241 996 hanc,
3272 939 3327 984 et
3354 928 3462 982 dis-

1892 1048 2056 1118 perde
2086 1060 2228 1100 eam.
2260 1062 2279 1096 ι
2320 1043 2734 1110 Argumentum,
2764 1029 2960 1100 inquit,
2982 1024 3326 1082 manifestum
3359 1028 3463 1080 cst,

1894 1112 2008 1196 lucc
2044 1139 2197 1207 jussu
2229 1134 2322 1190 Dei
2363 1140 2584 1202 peracta
2625 1126 2813 1187 fuisse,
2848 1119 2991 1207 quod
3032 1117 3120 1172 ille
3160 1112 3460 1169 Samariam

1894 1225 2306 1300 eXpngnaverit,
2337 1234 2392 1278 et
2421 1222 2732 1274 nniversmn
2765 1197 3018 1270 lsraelem
3062 1208 3332 1277 captivum
3364 1203 3460 1258 ab-

1895 1295 2128 1376 duxerit.
2167 1309 2631 1382 Quemadmodum
2667 1304 2812 1359 enim
2841 1315 2964 1365 eos,
3007 1297 3097 1368 qui
3139 1295 3335 1350 fratres
3377 1305 3468 1345 ve—

1895 1415 1994 1468 stri
2034 1418 2194 1472 sunt,
2235 1419 2341 1460 nou
2371 1401 2531 1456 aliter
2583 1412 2746 1468 quam
2783 1395 2894 1449 Deo
2933 1391 3168 1455 volente,
3214 1385 3354 1456 cepi,
3393 1384 3466 1437 ita

1895 1514 1952 1560 et
1978 1504 2096 1571 ejus
2149 1508 2279 1554 nutu
2319 1510 2417 1550 vos
2451 1491 2682 1558 capiam.
2724 1487 2848 1542 llaec
2879 1499 3043 1556 porro
3079 1483 3193 1540 sive
3236 1495 3303 1534 ex
3353 1475 3465 1531 veri

1897 1569 2250 1652 similitudine
2287 1588 2521 1650 dicebat,
2572 1583 2699 1638 hinc
2735 1580 3050 1650 conjectura
3091 1576 3283 1638 ducta,
3327 1569 3470 1641 quod

1897 1703 2060 1750 eum,
2099 1685 2194 1755 qui
2243 1680 2470 1752 populus
2515 1677 2609 1732 Dei
2642 1673 2971 1735 vocabatur,
3016 1667 3268 1724 lsraelem
3313 1664 3469 1727 dico,

1899 1785 2304 1849 expugnasset;
2348 1774 2464 1828 sive
2509 1769 2654 1840 quod
2701 1780 2885 1821 revera
2919 1763 3176 1824 sentiret,
3215 1775 3244 1812 a
3284 1758 3390 1812 Deo
3413 1770 3474 1811 se

1831 1860 1869 1912 Β
1902 1875 1967 1927 ad
2006 1871 2314 1926 Judaeorum
2367 1876 2566 1920 terram
2630 1857 2986 1915 invadendatn
3031 1851 3288 1907 immissis
3332 1849 3476 1918 cogi-

1903 1964 2201 2020 tationibus
2245 1958 2527 2028 instigari,
2564 1957 2634 2010 ob
2673 1950 2816 2007 mala
2860 1957 2915 2005 et
2964 1945 3174 2003 scelera
3227 1943 3294 1998 ab
3343 1939 3475 2011 ipsis

1900 2065 2231 2126 perpetrata.

1972 2147 2136 2202 Vens.
2170 2145 2257 2198 ll.
2289 2163 2307 2195 ‹
2349 2142 2415 2196 Et
2459 2139 2596 2195 dixit
2639 2139 2688 2192 ei
2727 2134 2950 2189 Eliacim
2975 2171 2992 2196 ,
3025 2138 3081 2186 et
3107 2128 3334 2183 Somnas
3358 2166 3372 2190 ,
3423 2132 3477 2178 et

1899 2241 2104 2300 Joach:
2135 2238 2382 2308 Loquere
2413 2236 2478 2288 ad
2521 2245 2712 2288 servos
2752 2238 2873 2282 tuos
2919 2223 3180 2295 Syriace:
3225 2218 3476 2274 audimus

1901 2336 2045 2392 enim
2077 2349 2206 2388 nos:
2233 2306 2302 2386 iet
2336 2344 2401 2384 ne
2445 2329 2662 2395 loquere
2707 2321 2776 2375 ad
2813 2334 2913 2374 nos
2951 2315 3193 2370 Judaice.
3253 2309 3319 2364 Et
3347 2306 3477 2378 quid

1905 2427 2143 2499 loqueris
2181 2426 2234 2479 in
2269 2437 2430 2478 aures
2467 2417 2782 2479 hominum,
2832 2409 2924 2481 qui
2969 2414 3119 2463 stant
3167 2415 3330 2472 supra
3358 2413 3478 2456 mu-

1907 2521 2062 2578 rum?
2097 2538 2116 2571 ι
2147 2515 2452 2572 Notandum
2481 2520 2585 2572 est,
2611 2508 2698 2562 hic
2725 2511 3147 2559 memoratorum
3175 2493 3476 2553 hominum,

1906 2613 2159 2670 videlicet
2205 2607 2430 2664 Eliaeim
2482 2613 2537 2656 et
2581 2601 2817 2662 Summe,
2865 2595 3030 2650 etiam
3081 2590 3134 2644 in
3184 2582 3482 2658 prazmissis

1907 2703 2240 2760 mentionem
2283 2714 2312 2752 a
2348 2694 2612 2766 pmpheta
2644 2690 2842 2743 factam
2880 2697 3020 2748 esse,
3065 2695 3190 2737 cum
3235 2677 3300 2732 de
3346 2674 3482 2728 valle

1909 2798 2038 2853 Sion
2069 2807 2250 2850 sermo
2278 2791 2593 2845 haberetur.
2640 2782 2742 2836 llic
2790 2791 2954 2850 porro
2995 2790 3056 2830 ea
3100 2767 3482 2828 observatione

1907 2899 1994 2945 cst
2027 2901 2184 2956 opus,
2217 2893 2274 2936 ut
2317 2879 2442 2934 huic
2477 2873 2740 2939 historiae,
2763 2868 3061 2942 prophetiae
3097 2864 3244 2918 illius
3283 2875 3484 2915 sermo-

1910 2995 2010 3036 nes
2033 2953 2375 3046 adaptemus.
2405 2972 2572 3024 Aiunt
2595 2977 2780 3021 autem
2803 2960 3034 3023 Hebraei,
3057 2958 3197 3012 hunc
3223 2953 3480 3008 Somnum

1910 3073 1978 3128 ad
2011 3043 2292 3141 Assyrium
2332 3072 2521 3134 postea
2553 3058 2928 3127 transfugisse,
2956 3068 3018 3107 ac
3058 3065 3180 3106 cum
3218 3047 3338 3102 aliis
3379 3043 3480 3113 ipsi

1913 3165 2190 3220 dexteram
2250 3153 2579 3219 contulisse,
2633 3152 2751 3221 ejus
2805 3145 3096 3202 formidine
3137 3148 3480 3212 permotum:

1912 3265 2074 3325 atque
2107 3253 2229 3306 ideo
2281 3265 2379 3314 ea,
2421 3262 2542 3317 qua:
2592 3243 2847 3314 superius
2894 3241 2947 3294 in
2999 3234 3280 3308 prophetia
3323 3229 3489 3286 conti-

1913 3359 2132 3412 nentur,
2163 3345 2231 3400 de
2274 3343 2364 3398 illo
2399 3342 2543 3396 dicta
2579 3338 2767 3394 fuisse.

1982 3528 2149 3583 Vens.
2187 3525 2374 3582 12-20.
2415 3542 2433 3574 ι
2476 3522 2539 3576 Ει
2565 3520 2702 3576 dixit
2745 3517 2810 3584 ad
2842 3530 2936 3570 eos
2985 3513 3307 3568 llabsaces:
3350 3501 3486 3558 Num

1915 3627 1981 3678 ad
2012 3621 2288 3677 dominum
2323 3629 2582 3680 vestrum,
2627 3621 2720 3666 aut
2757 3611 2825 3664 ad
2864 3621 2960 3662 vos
3016 3603 3164 3658 misit
3208 3615 3292 3655 me
3324 3595 3491 3652 domi-

1915 3732 2014 3770 nus
2055 3729 2241 3778 meus,
2305 3719 2360 3764 ut
2425 3710 2614 3776 loquar
2661 3713 2945 3758 sermones
2991 3695 3159 3753 istos?
3189 3692 3379 3748 Nonne
3423 3689 3490 3744 ad

1914 3809 2160 3864 homines
2193 3804 2284 3874 qui
2342 3803 2533 3858 sedent
2566 3814 2730 3867 supra
2775 3809 3028 3857 murum,
3084 3798 3143 3844 ut
3205 3785 3494 3841 comedent

1914 3910 2146 3965 stercus,
2181 3906 2237 3952 et
2273 3895 2462 3952 bibant
2502 3893 2714 3947 urinam
2750 3888 3033 3943 vobiscum
3064 3881 3260 3940 simul?
3291 3880 3354 3932 Et
3390 3887 3493 3933 ste.

1917 3992 1980 4046 tit
2016 3991 2321 4054 Rabsaces,
2375 3995 2429 4044 et
2499 3983 2756 4041 clamavit
2809 3993 2940 4035 voce
2992 3990 3186 4046 magna
3237 3971 3488 4032 Judaice,

1914 4095 1971 4140 et
2000 4085 2173 4138 dixit:
2211 4081 2409 4136 Audite
2454 4091 2739 4134 sermones
2775 4073 2922 4144 regis
2964 4067 3175 4138 magni,
3220 4065 3360 4132 regis
3390 4064 3492 4144 As-

1915 4138 2208 4249 syriorum.
2245 4173 2371 4228 Haec
2403 4172 2535 4226 dicit
2566 4185 2657 4224 rex
2685 4187 2699 4223 :
2730 4165 2809 4221 Ne
2835 4138 2932 4220 vos
2971 4159 3200 4230 decipiat
3232 4138 3492 4211 Ezechias

1917 4245 2097 4324 verbis
2123 4287 2137 4322 :
2184 4282 2292 4322 non
2335 4263 2538 4336 poterit
2567 4262 2798 4316 liberare
2823 4273 2942 4312 vos.
2972 4255 3039 4309 Et
3073 4266 3141 4307 ne
3167 4250 3314 4306 dicat
3343 4245 3495 4300 vobis

1921 4361 2186 4418 Ezechias
2209 4400 2224 4427 ,
2259 4359 2388 4430 quia
2437 4354 2693 4411 liberabit
2727 4366 2822 4406 vos
2861 4350 3026 4414 Deus,
3073 4357 3128 4400 et
3155 4354 3493 4411 nequaquam

1212 4436 1306 4530 καὶ
1339 4436 1399 4528 οὐ
1434 4475 1507 4547 μὴ
1539 4436 1808 4545 παραδοθῇ

1920 4455 2164 4510 tradetur
2205 4452 2400 4506 civitas
2428 4450 2542 4504 haec
2573 4449 2624 4502 in
2670 4461 2890 4500 manum
2942 4441 3082 4512 regis
3124 4436 3494 4506 Assyriorum.

1849 4543 1895 4603 D
1922 4548 2094 4604 Nolite
2122 4546 2412 4602 Ezechiam
2439 4542 2647 4597 audire.
2676 4539 2802 4594 l-lzec
2828 4536 2959 4591 dicit
2985 4548 3083 4588 rex
3110 4529 3494 4602 Assyriorum:

1923 4642 1978 4698 Si
2015 4641 2178 4696 vultis
2214 4636 2488 4698 benedici,
2518 4631 2839 4704 egredimini
2883 4628 2949 4684 ad
2995 4641 3104 4691 me,
3146 4632 3202 4678 et
3233 4617 3498 4676 comedite

1922 4733 2292 4802 unusquisque
2316 4731 2528 4784 vineam
2555 4741 2708 4781 suam
2758 4733 2819 4779 et.
2843 4722 3004 4786 ficus,
3028 4729 3083 4774 et
3106 4716 3274 4772 bibite
3300 4726 3495 4782 aquam

1921 4845 1988 4884 ex
2023 4829 2143 4882 lacu
2184 4834 2404 4887 vestro;
2442 4822 2613 4876 donec
2657 4819 2870 4875 veniam
2902 4824 2957 4870 et
3006 4824 3278 4868 assumam
3321 4821 3415 4860 vos
3443 4804 3496 4858 in

1926 4930 2151 4982 terram,
2181 4933 2302 4986 qua:
2340 4924 2426 4970 est
2474 4922 2730 4982 tanquam
2769 4920 2913 4966 terra
2953 4917 3162 4971 vestra,
3204 4913 3351 4958 terra
3390 4897 3498 4952 fru-

1924 5014 2112 5076 menti,
2141 5022 2196 5068 et
2241 5009 2385 5075 vini,
2427 5018 2482 5062 et
2533 5022 2755 5076 panum,
2810 5016 2865 5059 et
2907 5003 3206 5056 vinearum.
3243 4995 3324 5050 Ne
3361 4991 3500 5047 deci-

1925 5108 2039 5178 piat
2075 5121 2170 5160 vos
2188 5103 2452 5158 Ezechias
2487 5102 2710 5156 dicens:
2749 5097 2888 5153 Deus
2915 5093 3170 5150 liberabit
3206 5104 3322 5146 nos.
3355 5085 3494 5148 Num

1927 5202 2227 5255 liberarunt
2247 5197 2319 5252 dii
2349 5194 2614 5266 gentium,
2643 5191 3016 5260 unusquisque
3045 5185 3317 5256 regionem
3343 5194 3495 5237 suam

1926 5296 1992 5351 de
2024 5308 2186 5347 manu
2219 5290 2359 5360 regis
2401 5287 2786 5359 Assyriorum?
2828 5283 2927 5339 Ubi
2980 5291 3062 5336 est
3099 5280 3231 5337 deus
3271 5272 3496 5338 Emath,

1926 5396 1980 5442 et
2009 5382 2296 5455 Arphath?
2328 5388 2383 5436 et
2427 5380 2517 5435 ubi
2543 5380 2683 5433 Deus
2717 5375 2955 5432 civitatis
2990 5365 3386 5449 Ecpharvaim?
3414 5366 3496 5428 An

1929 5487 2220 5550 potuerunt
2254 5475 2467 5544 eripere
2507 5470 2811 5526 Samariam
2849 5469 2916 5520 de
2962 5480 3121 5519 manu
3163 5446 3322 5516 mea?
3352 5477 3372 5512 ι
3415 5455 3501 5511 Nic

1934 5548 2005 5628 hil
2044 5569 2260 5626 differre
2303 5575 2499 5637 putans
2545 5564 2708 5617 Deum
2743 5558 3124 5628 Hierosolyma:
3168 5552 3398 5613 cultum,
3431 5548 3500 5604 ab

1935 5666 2023 5730 iis,
2056 5664 2146 5734 qui
2183 5661 2324 5731 apud
2348 5667 2576 5713 caeteras
2607 5669 2797 5708 errore
2831 5653 3022 5704 ductas
3047 5655 3237 5717 gentes
3275 5642 3347 5697 dii
3384 5653 3502 5695 esse

1933 5757 2410 5814 existimabantur.
2438 5747 2720 5804 Gradatim
2749 5759 2911 5815 porro
2937 5743 3201 5797 barbarus
3231 5737 3319 5792 ille
3346 5750 3500 5791 suam

1936 5851 2046 5908 Deo
2085 5847 2362 5904 inimicam
2395 5844 2627 5914 linguam
2661 5839 2952 5906 instruxit;
2987 5852 3048 5893 ac
3075 5834 3248 5906 primo
3279 5829 3496 5902 quidem
