3984 6504
540 389 643 443 ’547

1260 379 1529 437 ΕυΞΕΒιΙ
1570 380 2047 438 CESARIENSIS
2084 383 2233 441 OPP.
2267 385 2445 440 PARS
2484 384 2572 440 lll.
2609 416 2679 426 —
2718 382 3127 439 EXEGETICA.

3672 390 3784 445 διε

544 505 810 556 adversus
835 506 1088 554 sanctum
1110 494 1283 549 virum
1311 497 1569 550 mentitus
1595 507 1701 560 est,
1720 515 1843 571 eum
1876 497 2107 570 Egypto

2218 500 2262 553 δὲ
2288 501 2317 552 6
2348 500 2620 573 βάρϐαρος
2656 500 2756 571 τὴν
2786 498 3051 572 θεομάχον
3102 497 3364 563 ἐξώπλισε
3401 500 3677 569 γλῶσσαν·
3720 504 3788 557 τὸ

545 596 713 649 fidere
746 592 1039 653 dictitans;
1073 589 1271 643 deinde
1311 588 1429 655 ejus
1463 590 1867 645 adhortationes
1901 593 2111 646 solvere

544 698 595 740 et
636 683 918 739 confutare
967 690 1195 735 conatus
1242 691 1346 747 est,
1397 682 1549 751 queis
1607 683 2001 737 multitudinem
2046 685 2110 739 ad

545 775 790 829 liduciam
838 773 890 827 in
937 773 1047 827 Deo
1099 774 1397 842 ponendam
1461 774 1760 838 invitabat,
1812 777 1954 831 vires
1996 777 2113 844 eius

546 869 830 921 traducens
862 881 925 920 ac
956 876 1330 931 contemnens,
1364 868 1508 935 quod
1560 869 1801 937 equitatu
1838 884 1940 922 non
1975 869 2116 924 vale-

546 970 660 1021 ret;
694 968 879 1028 postea
911 974 967 1012 se
1003 959 1112 1011 Deo
1136 958 1365 1026 jnbente
1403 960 1719 1013 ascendisse
1747 959 1979 1024 dicebat,
2008 975 2115 1029 quo

544 1050 827 1118 populum,
856 1058 915 1104 ut
948 1067 976 1103 a
1018 1051 1129 1104 Deo
1165 1051 1456 1118 proditum,
1487 1052 1968 1120 perterrefaeeret;
2015 1056 2115 1109 sub

550 1143 663 1196 lucc
713 1142 1207 1212 pollicitationibus
1255 1142 1653 1199 l‘ructuosarnm
1703 1146 2017 1210 vinearum,
2065 1156 2119 1201 et

549 1234 775 1288 aliorum
807 1250 927 1303 quae
975 1236 1110 1287 bona
1161 1235 1499 1288 :cstimantur
1525 1274 1539 1297 ,
1586 1245 1668 1289 est
1708 1251 1870 1299 usus;
1904 1237 2117 1291 demum

550 1325 663 1379 tunc
707 1326 812 1379 sibi
846 1326 1055 1379 inutilia
1080 1341 1201 1380 esse
1231 1326 1688 1392 animadvertens,
1730 1331 2117 1383 exsecrandam

552 1415 788 1485 linguam
825 1418 1022 1485 aperit,
1068 1432 1175 1486 qua
1213 1417 1404 1486 impias
1444 1419 1668 1487 protulit
1697 1435 1875 1475 voces.
1920 1422 2115 1476 Verum

550 1507 843 1576 impietatis
882 1524 1081 1578 pinnas.
1107 1509 1278 1572 dedit,
1324 1525 1446 1563 cum
1487 1513 1659 1581 angeli
1708 1528 1866 1567 manu
1919 1516 2121 1571 exerci-

554 1606 637 1650 tus
662 1597 779 1665 ejus
812 1599 1053 1653 funditus
1093 1600 1303 1654 deletus
1335 1612 1437 1657 est.

622 1688 784 1743 Vens.
822 1690 915 1754 2i,
942 1690 1031 1743 22.
1074 1710 1091 1741 ι
1124 1692 1187 1744 Et
1218 1702 1535 1761 tacuerunt,
1566 1704 1620 1750 et
1649 1713 1809 1754 nemo
1842 1702 2119 1770 respondit

549 1779 598 1831 ci
646 1780 905 1844 verbum,
943 1782 1083 1848 quod
1136 1784 1501 1851 prohibuisset
1551 1804 1678 1858 rex,
1718 1805 1784 1843 ne
1832 1793 2113 1860 quisquam

2212 594 2309 662 μὲν
2352 594 2565 664 πρῶτον
2600 592 2695 646 τοῦ
2744 592 2898 661 ἁγίου
2939 590 3420 661 καταψευδόμενος,
3465 595 3560 647 καὶ
3606 594 3788 663 λέγων

2209 684 2367 737 αὐτὸν
2401 684 2713 737 πεποιθέναι
2743 684 2829 736 ἐπ’
2868 683 3137 751 Αἴγυπτον
3157 700 3169 712 ·
3206 678 3324 737 εἶτα
3357 686 3648 755 ἐπιχειρῶν
3680 685 3785 747 τὰς

2212 774 2558 844 παραινέσεις
2587 772 2751 827 αὑτοῦ
2778 771 3012 825 διαλύειν
3050 770 3148 834 τὰς
3177 771 3269 824 ἐπὶ
3311 770 3428 841 Θεῷ
3456 770 3785 824 πεποιθέναι
3822 834 3825 835 ν

2209 867 2271 918 τὸ
2297 866 2497 936 πλῆθος
2528 862 3071 934 παρασκευαζούσας,
3101 862 3199 934 τὴν
3225 862 3447 933 δύναμιν
3470 862 3633 917 αὐτοῦ
3665 862 3784 915 δια-

2214 958 2421 1015 ϐάλλων
2452 955 2539 1010 διὰ
2570 953 2663 1008 τοῦ
2698 955 2771 1027 μὴ
2797 952 3099 1025 κτήσασθαι
3130 952 3468 1023 κατασκευὴν
3504 952 3738 1021 ἱππικήν
3766 968 3780 979 ⁸

2214 1043 2333 1099 εἶτα
2363 1045 2497 1116 μετά
2524 1044 2616 1098 τοῦ
2646 1044 2779 1097 Θεοῦ
2821 1042 3084 1113 ἀναϐῆναι
3111 1041 3303 1110 λέγων,
3335 1041 3409 1105 ὡς
3447 1041 3511 1095 ἂν
3536 1040 3788 1115 δειλιάσῃ

2214 1138 2275 1189 τὸ
2306 1136 2505 1206 πλῆθος
2535 1136 2610 1195 ὡς
2656 1134 2910 1207 προδοθέν
2936 1133 3043 1188 ἀπὸ
3077 1133 3211 1187 Θεοῦ
3232 1151 3245 1163 ·
3278 1130 3396 1187 εἶτα
3428 1133 3787 1201 ἐπαγγελίαις

2215 1228 2464 1299 χρηστῶν
2492 1225 2845 1300 ἀμπελώνων,
2872 1227 2966 1281 καὶ
2995 1226 3102 1281 τῶν
3130 1226 3303 1279 ἄλλων
3348 1224 3646 1279 δοκούντων
3684 1244 3786 1279 κα-

2216 1322 2352 1375 λῶν’
2386 1317 2503 1374 εἶτα
2535 1320 2688 1383 εἰδὼς
2720 1320 2895 1373 πάντα
2939 1317 3103 1372 αὐτοῦ
3145 1318 3213 1372 τά
3254 1316 3474 1372 τοιαῦτα
3503 1317 3789 1389 ἄπρακτα,

2216 1413 2314 1485 τὴν
2349 1412 2548 1485 μιαρὰν
2591 1411 2755 1465 αὑτοῦ
2793 1411 2996 1479 ἀνοίγει
3027 1411 3291 1480 γλῶτταν,
3318 1410 3569 1474 ἀσεϐείας
3603 1410 3791 1479 ἀφιεὶς

2218 1508 2418 1575 φωνάς.
2449 1505 2587 1558 Ἀλλ’
2616 1504 2860 1558 ἐκτέτικε
2888 1504 3041 1568 δίκας
3072 1505 3172 1575 τῆς
3228 1504 3501 1569 ἀσεϐείας,
3547 1503 3788 1573 ἀγγέλου

2218 1598 2553 1669 πανστρατιᾷ
2582 1595 2969 1666 δαπανώμενος
3001 1597 3163 1667 χειρί.

2293 1709 2311 1740 ι
2340 1689 2447 1743 Καὶ
2472 1688 2803 1759 ἐσιώπησαν,
2826 1689 2919 1740 καὶ
2943 1688 3116 1751 οὐδεὶς
3139 1686 3407 1757 ἀπεκρίθη
3433 1684 3580 1755 αύτῷ
3604 1685 3788 1754 λόγον,

2216 1781 2304 1835 διὸ.
2336 1781 2396 1834 τὸ
2434 1780 2731 1853 προστάξαι
2772 1780 2863 1833 τὸν
2908 1779 3131 1849 βασιλέα
3169 1779 3369 1850 μηδένα
3398 1776 3787 1849 ἀποκριθῆναι.

552 1869 653 1938 ipsi
706 1873 1081 1941 responderet.
1138 1876 1205 1929 Et
1254 1877 1526 1944 ingressus
1579 1857 1661 1933 est
1710 1857 1928 1936 Eliar—im
1976 1857 2112 1939 tilius

2218 1874 2326 1926 Καὶ
2355 1872 2597 1944 εἰσῆλθεν
2638 1872 2916 1942 Ἐλιακείμ
2940 1873 2967 1925 6
2990 1870 3083 1924 τοῦ
3109 1870 3335 1924 Χελκίου
3363 1870 3662 1940 οἰκονόμος,
3694 1869 3793 1922 καὶ

548 1954 780 2016 ΟΙιεΙείω
814 1977 1165 2029 (nconomus,
1206 1974 1258 2019 et
1309 1966 1541 2022 Somnas
1586 1971 1766 2024 scriba
1808 1973 2113 2037 exercitus,

548 2061 603 2104 et
633 2049 801 2107 Joach
838 2053 981 2110 filius
1010 2058 1192 2125 Asaph
1215 2072 1244 2110 a
1273 2062 1680 2115 commentariis
1708 2065 1774 2115 ad
1803 2062 2116 2129 Ezechiam,

552 2146 741 2201 scissis
776 2148 994 2213 tunicis,
1030 2159 1085 2203 et
1119 2154 1567 2206 renuntiaverunt
1591 2154 1638 2208 ei
1663 2169 1939 2209 sermones
1974 2156 2114 2212 Rab-

550 2239 715 2293 sacis.
760 2258 780 2290 ι
825 2240 937 2295 Non
981 2243 1236 2297 convenit
1286 2245 1430 2298 enim
1468 2245 1587 2315 pio,
1632 2262 1752 2299 cum
1806 2247 2118 2314 blasphemo

553 2328 773 2383 homine
813 2330 1075 2402 colloqui,
1109 2348 1175 2388 ne
1202 2332 1248 2388 is
1281 2335 1598 2390 concitatus
1638 2336 1691 2388 in
1737 2336 1839 2389 alia
1876 2336 2120 2408 blasphe-

552 2435 638 2472 rna
670 2420 809 2475 dicta
849 2423 1164 2477 delabatur:
1226 2437 1439 2495 oportet
1485 2428 1658 2483 solum
1715 2430 1963 2485 homines
2016 2447 2115 2487 ceu

551 2513 717 2565 armis
745 2515 1065 2582 quibusdam
1106 2519 1470 2574 communitus
1498 2536 1641 2586 esse,
1670 2537 1735 2577 ac
1770 2523 1989 2579 silentio
2018 2542 2118 2579 un-

552 2605 712 2671 dique
747 2620 865 2660 sese
905 2616 1115 2675 tegere,
1148 2623 1306 2664 veros
1345 2613 1484 2679 apud
1523 2629 1583 2667 se
1617 2629 1900 2671 sermones
1938 2618 2117 2673 occnlv

553 2705 748 2760 tantes,
785 2714 848 2752 ac
880 2698 981 2754 Dei
1010 2710 1199 2755 contra
1242 2701 1587 2771 blasphemos
1624 2704 1889 2773 judicium
1921 2723 2117 2778 exspe-

550 2798 780 2844 ctantes.
825 2790 959 2845 Cum
1008 2793 1297 2863 bmcjussa
1353 2811 1447 2849 rex
1493 2798 1787 2865 prudenter
1842 2800 2114 2868 dedisset,

549 2880 732 2947 populi
794 2882 1033 2951 praefecti
1095 2887 1406 2940 mandatum
1461 2888 1578 2957 ejus
1630 2892 2112 2959 exsequebantur:

548 2973 688 3035 quod
763 2974 887 3028 itezn
963 2981 1323 3045 praestandum
1388 2982 1545 3036 nobis
1598 2992 1681 3036 est
1730 2987 2117 3053 persecutionis

548 3072 808 3134 tempore,
842 3083 1047 3123 necnon
1074 3070 1124 3124 in
1148 3074 1524 3128 connnunibus
1562 3075 1847 3147 impiisque
1873 3078 2117 3150 blasphe-

551 3171 760 3209 morum
801 3159 1107 3229 colloquiis.

1060 3253 1291 3310 CAPUT
1330 3256 1594 3315 XXXVII.

621 3338 781 3396 Vens.
816 3343 869 3396 ι.
916 3362 935 3395 ι
978 3344 1042 3400 Ει
1074 3345 1275 3402 factum
1312 3360 1395 3405 est
1434 3368 1555 3405 cum
1592 3356 1807 3412 audiret
1842 3374 1933 3414 rex
1976 3359 2114 3417 Eze-

546 3433 738 3497 chias,
788 3436 949 3490 scidit
1006 3438 1345 3505 vestimenta,
1411 3450 1465 3498 et
1506 3459 1722 3500 saccum
1782 3449 1953 3505 induit
2001 3469 2015 3505 :
2063 3461 2118 3506 et

547 3526 788 3581 ascendit
827 3529 877 3581 in
914 3530 1126 3583 domum
1190 3532 1420 3588 Domini.
1473 3555 1493 3588 ι
1530 3536 1738 3592 Praeter
1799 3541 1901 3594 alia
1958 3543 2118 3613 igitur

549 3616 790 3673 Ezechiae
832 3623 995 3689 proba
1038 3622 1314 3691 facinora,
1350 3627 1566 3685 virtutis
1606 3634 1961 3702 exerciiium,
2002 3652 2117 3692 ma-

540 3711 785 3780 jorisque
817 3713 1094 3783 religionis
1139 3729 1542 3787 argumentum,
1597 3724 1705 3777 Deo
1752 3737 2113 3795 procurante,

548 3814 744 3858 nactus
788 3804 875 3859 ille
917 3816 1036 3861 est:
1083 3809 1173 3877 qui
1204 3810 1395 3865 bellico
1427 3814 1644 3884 quidem
1678 3826 1968 3885 apparatur,
2007 3834 2115 3887 quo

546 3895 633 3949 ille
660 3899 988 3967 conspicuus
1016 3910 1158 3965 erat,
1192 3914 1246 3954 et
1278 3904 1528 3959 omnibus
1574 3905 1640 3958 ad
1684 3906 1879 3959 bellmn
1929 3924 2115 3963 ncces-

542 3986 702 4041 sariis
730 3998 786 4042 ut
810 3991 1127 4060 praeclarum
1155 3995 1341 4049 ducem
1370 3997 1614 4061 decebat,
1650 3999 1971 4067 instructus,
2006 4002 2114 4056 Deo

543 4088 720 4136 tamen
752 4085 931 4138 omnia
980 4088 1286 4142 commisit:
1335 4104 1397 4144 ac
1434 4091 1660 4145 subditzc
1704 4092 1810 4146 sibi
1848 4094 1986 4163 plebi
2029 4110 2113 4149 re-

542 4171 747 4241 ligiosa:
796 4175 1057 4234 doctrina:
1100 4194 1365 4253 prmcepta
1426 4186 1667 4239 tradidit.
1718 4207 1735 4239 ι
1791 4190 1856 4242 Et
1896 4204 2110 4244 saccum

542 4264 734 4331 induit,
774 4286 792 4318 ι
831 4268 1006 4324 luctus
1042 4282 1097 4327 et
1128 4273 1434 4329 alilictionis
1468 4279 1615 4346 signa
1662 4295 1985 4336 assumens:
2030 4293 2112 4334 at-

540 4371 645 4425 que
674 4361 773 4414 hoc
808 4360 988 4415 habitu
1020 4380 1047 4416 a
1088 4366 1230 4434 regia
1274 4368 1432 4422 domo
1463 4371 1527 4421 ad
1578 4372 1835 4439 templum
1872 4374 1985 4441 Dei,
2015 4391 2112 4442 per

542 4449 770 4503 mediam
812 4455 995 4508 urbem
1038 4456 1311 4521 incedens,
1360 4475 1419 4513 se
1465 4464 1699 4515 contulit
1740 4480 1968 4536 seseque
2009 4469 2108 4520 Ittl-

2218 1966 2428 2035 Σομνᾶς
2476 1967 2504 2019 6
2541 1966 2901 2037 γραμματεὺς
2944 1964 3043 2033 τῆς
3088 1963 3387 2034 δυνάμεως,
3423 1964 3517 2016 καὶ
3558 1962 3719 2032 Ίωάχ
3763 1965 3793 2015 ὁ

2215 2054 2309 2107 τοῦ
2378 2054 2545 2124 Ἀσὰφ
2597 2055 2625 2106 6
2678 2053 3243 2124 ὑπομνηματογράφος
3310 2051 3445 2123 πρὸς
3512 2050 3788 2113 Ἑζεκίαν,

2216 2144 2524 2215 ἐσχισμένοι
2546 2144 2671 2206 τοὺς
2696 2143 2945 2212 χιτῶνας,
2993 2142 3085 2196 καὶ
3115 2139 3450 2212 ἀπήγγειλαν
3491 2138 3640 2210 αὐτῷ
3661 2141 3794 2204 τοὺς

2216 2235 2406 2306 λόγους
2439 2237 2763 2289 Ῥαϐσάκου.
2789 2252 2807 2285 ι
2842 2234 2992 2304 Μηδὲ
3013 2232 3121 2304 γὰρ
3147 2235 3410 2304 προσήκει
3450 2233 3541 2285 τὸν
3585 2231 3793 2301 εὐσεϐῆ

2220 2328 2520 2398 βλασφήμῳ
2553 2325 3053 2398 προσδιαλέγεσθαι,
3085 2324 3159 2388 ὡς
3183 2324 3246 2378 ἂν
3274 2324 3348 2395 μὴ
3390 2324 3686 2395 ἐρεθίζοιτο
3710 2324 3797 2389 είς

2217 2422 2412 2492 ἐτέρας
2443 2420 2725 2473 ἐκπίπτειν
2764 2416 3141 2489 βλασφημίας’
3186 2418 3342 2486 μόνον
3373 2416 3429 2469 δέ
3475 2416 3796 2487 πεφράχθαι

2215 2513 2294 2566 δεῖ
2326 2513 2509 2584 ὥσπερ
2554 2512 2693 2566 τισὶν
2723 2511 2925 2574 ὅπλοις,
2961 2509 3055 2563 καὶ
3088 2511 3417 2581 πανταχόθεν
3457 2510 3795 2596 ἠσφαλίσθαι

2215 2610 2280 2678 τῇ
2331 2611 2527 2679 σιωπῇ,
2579 2607 2916 2679 κρύπτοντας
2956 2607 3014 2658 ἐν
3054 2607 3264 2670 ἑαυτοῖς
3293 2608 3415 2670 τοὺς
3444 2607 3662 2677 ἀληθεῖς
3703 2605 3795 2659 λό-

2217 2715 2347 2766 γους
2364 2740 2378 2765 ,
2403 2700 2792 2770 περιμένοντας
2812 2698 2866 2751 δέ
2890 2698 2986 2769 τὴν
3011 2699 3075 2751 ἐκ
3092 2697 3225 2751 Θεοῦ
3249 2697 3388 2751 κατά
3413 2698 3519 2750 τών
3547 2697 3793 2767 βλασφή-

2220 2808 2335 2860 μων
2389 2790 2589 2860 κρίσιν.
2640 2790 2827 2843 Ταῦτα
2867 2789 3329 2861 παραγγείλαντος
3372 2788 3466 2842 τοῦ
3521 2788 3791 2857 βασιλέως

2216 2884 2613 2955 ἐπιστημόνως,
2638 2885 2697 2938 τὸ
2724 2884 3060 2956 προσταχθὲν
3097 2882 3312 2936 ἐποίουν
3340 2884 3389 2935 οἱ
3420 2881 3512 2935 τοῦ
3549 2880 3789 2951 πλήθους

2218 2971 2586 3044 προεστῶτεςο
2621 2973 2649 3026 ὃ
2693 2973 2758 3044 δὴ
2801 2976 2893 3027 καὶ
2938 2977 3066 3045 ἡμῖν
3100 2972 3347 3041 ποιητέον
3382 2972 3525 3025 ἐστὶν
3570 2972 3627 3024 ἐν
3667 2989 3789 3024 και-

2218 3067 2332 3137 ροῖς
2367 3066 2639 3135 διωγμῶν,
2684 3065 2717 3136 ἦ
2763 3066 2819 3118 ἐν
2859 3068 3063 3129 κοιναῖς
3105 3064 3197 3118 καὶ
3228 3064 3404 3128 ἀθέοις
3452 3063 3787 3134 βλασφήμων

2216 3154 2501 3221 διαλέξεσι.

2722 3266 3115 3319 ΚΕΦΑΛΑΙΟΝ
3142 3266 3266 3320 ΛΖ’.

2289 3379 2309 3410 ι
2338 3359 2446 3413 Καὶ
2471 3357 2684 3425 ἐγένετο
2710 3359 2766 3412 ἐν
2789 3356 2867 3429 τῷ
2890 3358 3023 3411 ἁκοῦ
3034 3377 3121 3412 σαι
3145 3360 3236 3412 τὸν
3264 3359 3483 3429 βασιλέα
3512 3357 3784 3425 Ἑζεκίαν,

2215 3450 2396 3519 ἔσχισε
2438 3450 2505 3502 τὰ
2555 3449 2766 3520 ἱμάτια,
2798 3450 2892 3503 καὶ
2922 3450 3273 3521 περιεϐάλετο
3301 3452 3527 3505 σάκκοψ
3572 3452 3665 3505 καὶ
3689 3453 3787 3506 ἀν-

2215 3539 2313 3609 έϐη
2342 3542 2419 3602 είς
2450 3539 2540 3592 τὸν
2574 3535 2720 3593 οἷκον
2758 3540 2982 3611 Κυρίου.
3007 3561 3025 3592 ι
3071 3541 3212 3611 Πρὸς
3239 3544 3349 3605 τοῖς
3382 3542 3567 3606 ἄλλοις
3603 3543 3784 3597 τοίνυν

2215 3632 2597 3702 κατορθώμασι
2646 3632 2739 3686 τοῦ
2793 3630 3055 3696 Ἐζεκίου,
3090 3635 3396 3704 γυμνασίαν
3443 3634 3644 3705 ἀρετῆς
3691 3636 3790 3688 καὶ

2216 3724 2462 3788 πλείονος
2509 3724 2816 3788 θεοσεϐείας
2846 3725 3066 3791 ἔνδειξιν
3101 3729 3357 3797 παρεῖχεν
3391 3727 3419 3781 6
3468 3727 3599 3790 Θεὸς
3636 3728 3787 3797 αύτῷ

2210 3815 2299 3869 διὰ
2327 3820 2424 3886 τῆς
2443 3818 2578 3887 πρὸς
2592 3818 2683 3870 τὸν
2704 3816 2956 3888 πολέμιον
2980 3817 3352 3890 παρατάξεως,
3371 3814 3478 3891 ἐνῇ
3500 3819 3783 3891 διέλαμψε,

2215 3909 2387 3961 πάντα
2422 3908 2518 3978 μὲν
2548 3908 2926 3978 στρατηγικῶς
2953 3909 3020 3962 τὰ
3054 3910 3188 3981 πρὸς
3212 3910 3306 3964 τὸν
3332 3910 3561 3981 πόλεμον
3605 3928 3785 3981 παρα-

2212 4000 2530 4071 ταξάμενος,
2562 4000 2623 4053 τὸ
2662 4000 2717 4053 δὲ
2761 4002 2866 4052 πᾶν
2900 4001 3116 4065 ἀναθεὶς
3150 4002 3226 4071 τῷ
3273 4002 3411 4073 Θεῷ,
3443 4006 3555 4066 τοῖς
3596 4003 3656 4056 δέ
3689 4004 3783 4056 ὑπ’

2210 4093 2371 4147 αὑτὸν
2422 4091 2652 4163 πλήθεσι
2714 4092 2938 4162 θεοσεϐῆ
2996 4094 3342 4149 διδασκαλίαν
3384 4095 3779 4165 παραγγείλας.

2217 4203 2235 4233 ι
2258 4185 2365 4237 Καὶ
2396 4183 2686 4254 περιέϐαλε
2733 4185 2951 4250 σάκκον,
2979 4204 2997 4237 ι
3038 4188 3237 4257 σημεῖα
3271 4186 3499 4250 πένθους
3541 4189 3635 4240 καὶ
3685 4206 3784 4241 κα-

2209 4274 2430 4339 κώσεως
2457 4276 2818 4345 ἐπαγόμενος·
2847 4277 3020 4348 τούτῳ
3038 4278 3095 4331 δὲ
3118 4279 3196 4349 τῷ
3222 4280 3458 4350 σχήματι
3489 4279 3574 4333 διὰ
3609 4282 3782 4351 μέσης

2210 4370 2361 4442 ἀνῄει
2387 4371 2485 4440 τῆς
2528 4370 2733 4434 πόλεως
2780 4370 2887 4424 ἀπὸ
2918 4370 3026 4424 τῶν
3064 4371 3345 4440 βασιλείων
3377 4374 3539 4425 οἴκων
3568 4373 3660 4425 ἐπὶ
3687 4372 3781 4426 τὸν

2208 4461 2343 4515 νεὼν
2378 4462 2471 4515 τοῦ
2503 4462 2660 4526 Θεοῦ,
2692 4464 2785 4516 καὶ
2812 4462 3067 4516 ταπεινὸν
3089 4464 3277 4516 ἑαυτὸν
3298 4464 3375 4534 τῷ
3401 4463 3519 4534 Θεῴ
3543 4465 3781 4530 δεικνὺς,

540 4538 722 4594 milem
765 4544 871 4597 Deo
901 4546 1129 4617 sistens,
1162 4550 1243 4604 vel
1285 4550 1401 4619 ipso
1447 4555 1634 4607 habitu
1675 4555 2102 4614 misericordiam

2218 4552 2387 4607 οἴκτου
2417 4553 2510 4608 καὶ
2536 4554 2716 4618 ἐλέους
2741 4557 2921 4625 τυχεῖν
2960 4553 3112 4625 ἠξίου
3142 4553 3219 4624 τῷ
3244 4560 3501 4625 σχήματι.

536 4627 654 4696 ejus
691 4634 1033 4699 provocabat.

611 4720 769 4774 Vens.
790 4723 843 4775 2.
868 4743 884 4773 σ
906 4724 967 4777 Ει
988 4725 1131 4779 misit
1152 4728 1371 4783 liliacim
1386 4746 1752 4795 meorumnam,
1776 4744 1829 4788 et
1847 4735 2099 4793 Somnam

534 4814 793 4881 scribam,
833 4826 887 4870 ει
932 4820 1173 4874 seniores
1223 4824 1576 4877 sacerdotum
1624 4824 1842 4879 indutos
1880 4830 2056 4883 saccis
2083 4871 2096 4895 ,

536 4907 603 4959 ad
642 4906 836 4960 Isaiam
875 4909 1041 4965 tilium
1073 4914 1239 4968 Amos
1272 4917 1611 4986 prophetam.
1660 4938 1678 4970 ι
1714 4920 1863 4977 Alios
1904 4926 2099 4995 quippe

533 5014 600 5052 ex
628 5000 997 5056 sacerdotibus
1053 5005 1179 5070 Dei,
1232 5006 1348 5060 loco
1398 5011 1813 5067 sacerdotalium
1872 5019 2096 5071 restium

534 5093 707 5146 saccis
742 5094 978 5161 indutos,
1020 5097 1088 5150 ad
1123 5099 1314 5152 Isaiam
1352 5104 1669 5171 prophetam
1711 5109 1898 5171 mittit,
1950 5112 2096 5166 dice-

536 5200 699 5256 reque
724 5184 897 5253 jubet,
932 5206 950 5238 ι
999 5188 1121 5243 Haec
1150 5191 1279 5244 dicit
1309 5192 1597 5263 Ezechias;
1621 5215 1641 5248 ι
1680 5212 1850 5267 neque
1871 5200 2098 5267 addidit,

535 5291 667 5329 rex:
718 5293 891 5345 neque
926 5278 1070 5332 enim
1124 5283 1385 5350 temporis
1430 5285 1670 5337 conditio
1715 5286 1766 5338 id
1803 5286 1914 5351 illi,
1961 5304 2097 5356 pne-

532 5369 670 5424 senti
701 5370 1012 5425 calamitate
1044 5372 1275 5441 dejecto,
1309 5372 1493 5429 dicere
1524 5377 1893 5445 permittebat.

606 5632 738 5691 Vsa.
766 5638 821 5696 5.
846 5638 898 5691 ι.
936 5657 955 5690 ι
992 5640 1057 5693 Et
1085 5642 1340 5696 dixerunt
1373 5645 1419 5698 ei
1448 5665 1459 5697 ;
1485 5644 1607 5699 [hcc
1628 5646 1759 5699 dicit
1795 5647 2053 5702 Ezechias
2082 5666 2091 5700 :

522 5724 655 5781 Dies
719 5731 1023 5784 alllictionis
1074 5742 1126 5787 et
1166 5738 1465 5803 opprobrii,
1510 5749 1561 5793 et
1611 5741 2005 5808 redargntionis
2044 5751 2099 5795 et

2281 4730 2429 4781 «Καὶ
2474 4730 2794 4783 ἀπέστειλεν
2863 4731 3144 4802 Ἐλιακείμ
3193 4734 3283 4785 τὸν
3335 4732 3634 4802 οἰκονόμον,
3684 4735 3780 4788 καὶ

2207 4823 2415 4891 Σομνᾶν
2454 4823 2544 4875 τὸν
2579 4824 2933 4894 γραμματέα,
2970 4824 3064 4877 καὶ
3088 4826 3210 4887 τοὺς
3249 4825 3645 4896 πρεσϐυτέρους
3669 4825 3780 4877 τῶν

2208 4912 2395 4982 ἱερέων
2425 4914 2920 4986 περιϐεϐλημένους
2952 4916 3206 4979 σάκκους,
3241 4915 3376 4985 πρὸς
3412 4916 3634 4968 Ἡσαΐαν
3663 4917 3779 4969 υἱὸν

2204 5004 2385 5075 ’Δμὼς
2412 5006 2501 5058 τὸν
2535 5009 2837 5078 προφήτην.
2867 5026 2885 5057 ι
2919 5008 3057 5070 Τοὺς
3080 5006 3187 5078 γὰρ
3210 5009 3425 5079 ἐτέρους
3447 5009 3551 5063 τῶν
3583 5011 3775 5081 ἱερέων

2202 5098 2295 5151 τοῦ
2326 5100 2482 5161 Θεοῦ,
2516 5099 2747 5163 σάκκους
2780 5101 2900 5154 ἀντὶ
2929 5100 3035 5154 τῶν
3067 5102 3349 5171 ἱερατικῶν
3374 5104 3776 5173 ἠμφιεσμένους

2205 5191 2425 5251 στολῶν,
2456 5193 2589 5262 πρὸς
2616 5192 2708 5245 τὸν
2736 5194 3017 5263 προφήτην
3051 5193 3271 5246 Ἡσαΐαν
3295 5195 3517 5265 πέμπει,
3547 5197 3776 5264 φάσκειν

2203 5281 2385 5344 αὐτοῖς
2424 5282 2823 5352 παραγγείλαςο
2866 5304 2882 5333 ι
2909 5285 3045 5337 Τάδε
3088 5285 3233 5353 λέγει
3298 5285 3577 5350 Ἐζεκίας,
3604 5306 3623 5339 ι
3678 5290 3775 5359 οὐχ

2204 5374 2233 5423 6
2265 5373 2511 5441 βασιλεὺς
2566 5374 2845 5445 προσθείς·
2888 5377 2949 5428 ού
2991 5378 3100 5449 γάρ
3131 5381 3159 5431 6
3205 5380 3393 5449 καιρὸς
3436 5380 3584 5449 αὐτῷ
3628 5382 3772 5434 τοῦτ’

2203 5464 2467 5534 ἐπέτρεπε
2514 5465 2709 5533 λέγειν,
2736 5469 3143 5540 ταπεινουμένῳ
3174 5470 3334 5524 ἕνεκα
3361 5471 3459 5542 τῆς
3493 5472 3774 5542 παρούσης

2204 5573 2269 5609 συ
2276 5559 2505 5629 μξρορᾶς.

2271 5648 2423 5699 «Καὶ
2477 5643 2636 5700 εἶπαν
2669 5648 2845 5718 αὐτῷ’
2894 5651 3033 5705 Τάδε
3083 5651 3229 5719 λέγει
3275 5652 3540 5717 Ἐζεκίας·
3560 5652 3769 5725 Ἡμέρα

2196 5738 2425 5807 θλίψεως
2471 5742 2562 5794 καὶ
2612 5743 2939 5812 ὀνειδισμοῦ,
2989 5746 3081 5797 καὶ
3121 5745 3352 5815 ἐλεγμοῦ
3400 5746 3493 5798 καὶ
3534 5746 3767 5817 ὀργῆςὴ

529 5816 626 5871 ira:
668 5821 783 5874 dies
821 5822 1120 5889 hodierna,
1178 5831 1300 5894 quia
1356 5829 1495 5882 Venit
1552 5829 1705 5884 dolor
1744 5833 2096 5900 parturienti,

2218 5835 2433 5903 τημερον
2467 5835 2673 5906 ἡμέρα,
2705 5837 2784 5889 ὅτι
2820 5836 2939 5907 ἥκει
2986 5839 3017 5907 ἡ
3050 5838 3174 5891 ὠδὶν
3209 5843 3272 5910 τῇ
3304 5838 3582 5911 τικτούσῃ,
3616 5841 3767 5910 ἰσχὺν
