3984 6568
210 410 338 474 .369

1118 412 1619 478 COJIMtiN'I’AIlIA
1659 416 1722 474 IN
1765 419 2022 477 ISAIAM.
2065 453 2131 461 —-
2181 423 2331 478 CAP.
2375 422 2635 480 XXXVII.

3406 431 3511 490 5‘50

214 527 277 580 δὲ
305 527 430 589 οὐκ
458 526 597 600 ἔχει
619 526 711 582 τοῦ
732 531 928 587 τεκεῖν.
954 529 1284 586 Εἱσακούσαι
1327 533 1528 607 Κύριος
1547 536 1576 588 6
1603 536 1734 600 Θεός
1761 554 1852 590 σου

1957 554 2056 594 nec
2113 540 2275 595 habet
2322 540 2469 594 vires
2518 540 2780 609 pariendi.
2828 539 3022 595 Audiat
3074 541 3331 597 Dominus
3373 544 3511 598 Deus

215 621 359 683 τοὺς
407 619 634 690 λόγους
677 622 998 688 Ῥαϐσάκου,
1033 624 1125 689 οὓς
1148 627 1429 680 ἀπέστειλε
1453 628 1703 698 βασιλεὺς
1741 631 1856 684 Ἀσ-

216 713 492 782 cupiam,
528 713 810 776 ὀνειδίζειν
834 715 962 768 Θεὸν
996 716 1193 781 ζῶντα,
1221 719 1316 772 καὶ
1343 720 1616 784 ὀνειδίζειν
1638 720 1852 790 λόγους,

214 801 321 867 οὒς
350 805 597 874 ἢκουσε
627 806 832 876 Κύριος
852 810 880 861 ὁ
903 807 1032 876 Θεός
1059 826 1172 872 σου,
1205 811 1295 862 καὶ
1324 811 1556 886 δεηθήσῃ
1590 814 1726 886 πρὸς
1751 814 1856 868 Κύ-

217 898 353 965 ριὸν
383 915 513 951 σου
547 900 674 970 περὶ
702 900 808 964 τῶν
832 901 1340 973 καταλελειμμένων
1360 904 1594 981 τούτωνη
1613 927 1629 957 ι
1653 907 1853 961 Τούτου

214 989 404 1061 χάριν
440 992 559 1044 ἐπὶ
608 975 667 1045 σὲ
706 991 798 1046 τὸν
825 993 917 1046 τοῦ
947 993 1078 1048 Θεοῦ
1120 994 1404 1066 ἄνθρωπον
1442 975 1852 1070 ἀνεπέμψαμεν,

212 1083 315 1134 διὰ
354 1083 480 1136 σοῦ
525 1085 620 1138 τὸν
665 1087 756 1138 σὸν
787 1085 918 1140 Θεὸν
965 1089 1020 1138 ἐν
1060 1087 1234 1159 καιρῷ
1271 1090 1609 1160 παραστῆσαι
1666 1090 1860 1160 βοηθὸν·

215 1175 375 1244 ἡμῖν
418 1174 850 1240 ἀντιϐολοῦντες
872 1195 885 1208 ’
914 1177 973 1230 ὃν
1014 1178 1130 1232 οὐδὲ
1168 1180 1374 1232 ἑαυτῶν
1407 1181 1536 1234 Θεὸν
1567 1181 1856 1252 ὀνομάζειν

213 1264 602 1336 τολμῶμενο
639 1268 729 1320 σὸν
776 1267 834 1320 δὲ
882 1268 1082 1340 Κύριον
1128 1271 1220 1323 καὶ
1267 1270 1399 1323 Θεὸν
1441 1272 1685 1343 ἀκριϐῶς
1726 1273 1856 1327 ὄντα

217 1356 642 1426 ἐπιστάμεθα.
689 1357 888 1411 Τοῦτον
936 1355 1028 1412 οὖν
1060 1361 1219 1414 αὑτὸν
1253 1362 1565 1434 ἱκετεύομεν
1613 1363 1685 1434 μὴ
1741 1367 1853 1428 τοῖς

219 1447 568 1518 ἡμετέροις
592 1449 879 1520 ἐπιϐλέψαι
905 1451 1195 1523 πλημμελή
1205 1470 1355 1523 μασι,
1377 1454 1469 1507 καὶ
1495 1454 1568 1525 μὴ
1593 1455 1698 1507 τῶν
1719 1458 1854 1526 ἡμε-

221 1540 439 1608 τὲρων
481 1545 706 1612 μνήμην
735 1544 1061 1614 ποιήσασθαι
1112 1546 1522 1616 ἁμαρτημάτων
1548 1563 1561 1576 ο
1623 1549 1742 1610 ταῖς
1794 1547 1854 1600 δὲ

223 1629 445 1694 ἀθέοις
487 1633 588 1686 τοῦ
627 1633 881 1704 πολεμίου
916 1639 1138 1704 φωναῖς,
1173 1637 1266 1690 καὶ
1307 1639 1370 1709 τῇ
1421 1637 1657 1710 τοσαύτῃ
1687 1641 1855 1711 ύπερ-

224 1723 461 1794 ηφὰνῳ
494 1727 787 1798 προσέχειν
811 1727 1114 1799 ἀλαζονεία.

315 1835 338 1866 α
371 1818 506 1870 Καὶ
532 1814 697 1888 ἦλθον
721 1819 772 1871 οἱ
800 1819 984 1884 παῖδες
1011 1820 1104 1873 τοῦ
1137 1820 1398 1890 βασιλέως
1449 1821 1688 1887 Ἐζεκίου
1717 1823 1854 1894 πρὸς

1960 641 2081 687 tuus
2113 635 2271 688 verba
2312 632 2569 687 Rabsacis
2597 675 2612 694 ,
2647 649 2768 702 qua:
2809 634 2955 688 misit
2989 648 3079 688 rex
3118 634 3466 707 Assyriorum
3491 675 3508 700 ,

1955 736 2014 779 ut
2047 727 2405 796 exprobraret
2439 725 2550 779 Deo
2579 725 2802 787 viventi,
2840 735 2894 778 et
2919 727 3272 794 exprobraret
3308 729 3509 796 verbis,

1956 827 2072 880 qua:
2115 812 2318 866 audivit
2358 812 2613 866 Dominus
2657 813 2794 867 Deus
2841 824 2999 874 tuus.
3034 825 3090 869 et
3129 817 3512 884 deprecalierls

1960 906 2240 959 Dominum
2273 915 2421 958 tuum
2475 921 2574 974 pro
2608 905 2884 961 derelictis
2932 908 3068 963 istis.
3108 927 3126 960 ι
3180 909 3302 963 Ideo
3350 912 3415 963 ad
3461 923 3512 966 te

1957 994 2132 1047 virum
2192 994 2284 1048 Dei
2339 995 2543 1062 legatos
2589 997 2856 1059 misimus,
2902 1011 2997 1064 per
3048 1007 3099 1052 te
3151 1000 3302 1052 nobis
3343 999 3509 1052 Deum

1958 1094 2104 1136 tuum
2137 1083 2434 1152 adjutorem
2484 1083 2588 1138 hoc
2619 1093 2856 1152 tempore
2899 1087 3089 1142 adesse
3129 1089 3508 1144 obsecrantes:

1956 1191 2114 1244 quem
2149 1191 2215 1229 ne
2246 1173 2458 1246 quidem
2493 1177 2656 1232 Deum
2706 1187 2951 1232 nostrum
2979 1194 3174 1234 vocare
3221 1181 3508 1248 audemus;

1954 1267 2046 1321 sed
2087 1266 2250 1320 Deum
2296 1277 2351 1321 et
2387 1269 2664 1323 Dominum
2699 1278 2845 1322 tttum
2889 1285 3011 1323 esse
3044 1273 3206 1340 probe
3244 1273 3505 1328 novimus.

1956 1355 2088 1413 Huic
2117 1373 2248 1428 ergo
2280 1358 2380 1428 ipsi
2425 1359 2816 1428 supplicamus,
2865 1377 2930 1415 ne
2975 1361 3178 1416 scelera
3211 1374 3390 1417 nostra
3426 1380 3511 1417 re-

1953 1449 2183 1517 spiciat,
2225 1466 2398 1520 neque
2445 1461 2788 1518 peccatorum
2837 1463 3145 1509 nostrorum
3197 1458 3508 1510 memoriam

1958 1542 2216 1607 retineat;
2261 1543 2355 1597 sed
2403 1543 2582 1613 impiis
2631 1543 2832 1600 inimici
2876 1546 3099 1603 vocibus
3139 1556 3194 1602 et
3235 1558 3394 1604 tanta:
3423 1566 3512 1604 su-

1954 1634 2147 1703 perbize
2179 1634 2441 1690 attendat.

2025 1809 2188 1866 Vens.
2243 1812 2360 1867 5-7.
2394 1831 2413 1864 ι
2450 1813 2511 1867 Et
2541 1824 2794 1868 venerunt
2826 1816 2973 1884 pueri
2997 1819 3149 1889 regis
3166 1819 3408 1876 Ezechiae
3445 1823 3511 1876 ad

240 1911 534 1973 'Ha'a‘t‘av,
586 1913 680 1964 καὶ
727 1906 878 1964 εἶπεν
934 1913 1113 1976 αὐτοῖς
1150 1914 1405 1977 Ἡσαΐας·
1444 1914 1628 1979 Οὕτως
1675 1917 1849 1987 ἐρεῖτε

1951 1901 2161 1967 Isaiam,
2202 1913 2256 1958 et
2293 1905 2426 1958 dixit
2469 1907 2574 1960 illis
2619 1907 2782 1961 Isaias
2822 1926 2835 1961 :
2876 1909 2964 1963 Sic
3003 1909 3191 1966 dicetis
3233 1913 3298 1965 ad
3333 1915 3507 1968 domi-

234 2001 393 2070 ττρὸς
427 2001 532 2054 τὸν
579 2001 766 2073 κύριον
797 2003 949 2074 ὑμῶν
968 2021 982 2034 ·
1030 2004 1167 2058 Τάδε
1209 2005 1357 2074 λέγει
1385 2007 1610 2078 Κύριοςο
1640 2007 1730 2078 Μὴ
1758 2025 1852 2076 φο-

231 2092 437 2162 ϐηθῇς
469 2094 585 2153 ἀπὸ
615 2095 722 2148 τῶν
754 2094 925 2163 λόγων
950 2088 1026 2148 ὧν
1055 2096 1312 2167 ήκουσας,
1347 2095 1440 2161 οὓς
1471 2098 1751 2151 ὼνείδισάν
1777 2117 1847 2170 με

229 2184 286 2246 οἱ
317 2184 609 2254 πρέσϐεις
641 2185 905 2256 βασιλέως
943 2188 1261 2260 Ἀσσυρίων.
1304 2189 1431 2242 Ἰδοὺ
1461 2188 1570 2258 ἐγὼ
1601 2190 1854 2262 ὲμϐἀλλω

227 2277 322 2339 ,εὶς
378 2277 561 2330 αὐτὸν
591 2277 825 2348 πνεύμα,
867 2281 958 2332 καὶ
989 2278 1226 2343 ἀκούσας
1254 2279 1534 2349 ἀγγελίαν,
1570 2281 1848 2354 ἀποστρα-

233 2370 501 2439 φήσεται
539 2371 620 2432 είς
646 2370 745 2440 τὴν
773 2369 956 2441 χώραν
989 2370 1174 2429 αὑτοῦ.
1210 2373 1304 2425 καὶ
1336 2375 1580 2426 πεσεῖται
1608 2375 1850 2446 μαχαίρᾳ

239 2460 304 2511 ἐν
338 2464 420 2530 τῇ
474 2464 552 2531 γῇ
587 2459 772 2514 αὐτοῦ.
805 2481 821 2513 ι
878 2463 964 2526 Ὠς
1006 2462 1064 2516 δὲ
1120 2463 1280 2533 μόνον
1336 2465 1641 2534 ἐπέστησαν
1675 2467 1847 2531 αὐτοὶ,

242 2551 483 2617 φθάσας
529 2554 658 2617 τοὺς
708 2556 838 2625 παρ’
868 2553 1048 2608 αὐτῶν
1098 2554 1286 2622 λόγους
1319 2559 1347 2608 6
1390 2556 1634 2621 Ἡσαΐας,
1677 2558 1850 2622 ἀπαγ-

244 2641 477 2708 γέλλειν
501 2644 834 2714 προσέταττε
851 2645 947 2716 τὴν
975 2646 1370 2717 ἐπιφερομένην
1399 2650 1729 2719 προφητείαν
1749 2667 1760 2678 ·
1783 2650 1849 2702 δι’

243 2727 318 2801 ἧς
357 2735 612 2804 πνεῦμα,
644 2736 825 2805 φησιν,
855 2736 1108 2807 ἐμϐάλλει
1148 2739 1226 2799 εἰς
1260 2737 1420 2790 αὐτόν
1440 2756 1452 2768 ’
1485 2740 1572 2807 ὑφ’
1601 2734 1662 2793 οὗ
1691 2742 1852 2794 πνεύ-

248 2842 439 2895 ματος
475 2827 800 2898 ἀπατηθεὶς,
824 2826 1080 2899 ἐπανήξει
1107 2828 1199 2880 ἐπὶ
1221 2828 1317 2899 τὴν
1344 2831 1537 2884 ἑαυτοῦ
1566 2831 1689 2902 γῆν,
1717 2833 1850 2886 ἔνθα

251 2913 418 2985 ξίερει
460 2919 560 2987 τὴν
596 2916 739 2989 ζωὴν
783 2919 1166 2992 καταστρέψει..

330 3028 352 3061 ι
415 3012 528 3065 Kal.
569 3012 874 3082 ἀπέστρεψε
916 3013 1242 3084 Ῥαϐσάκης,
1293 3013 1387 3067 καὶ
1446 3015 1710 3069 κατέλαϐε
1757 3016 1852 3071 τὸν

249 3099 499 3172 βασιλέα
541 3102 836 3173 Ἀσσυρίων
865 3101 1252 3174 πολιορκοῦντα
1279 3105 1504 3161 Λοϐνάν.
1539 3110 1650 3161 Kal.
1689 3110 1866 3180 ῆκου-.

250 3209 353 3244 (τεν
387 3195 472 3246 ὅτι
500 3195 712 3266 ἀπῆρεν
741 3193 846 3247 ἀπὸ
892 3195 1078 3265 Λαχὶς,
1111 3197 1202 3249 καί
1250 3196 1437 3265 ἐξῆλθε
1480 3198 1728 3272 Θαρακά,
1759 3200 1852 3270 βα-

1957 2011 2082 2050 num
2115 2007 2353 2051 vestrum
2393 2013 2408 2051 :
2455 1997 2577 2052 IIzne
2601 1999 2728 2052 dicit
2767 2001 3023 2058 Dominus
3058 2022 3071 2058 :
3105 2003 3178 2056 Ne
3221 2021 3426 2060 mentas
3477 2025 3504 2059 ιι

1954 2087 2314 2151 sermonibus,
2337 2103 2470 2157 quos
2489 2089 2707 2155 ntulisti,
2732 2104 2866 2158 quos
2891 2093 3350 2162 exprobraverunt
3373 2097 3503 2148 mihi

1955 2176 2113 2245 legati
2169 2175 2312 2246 regis
2352 2179 2714 2247 Assyriorum.
2771 2180 2908 2235 Ecce
2964 2197 3065 2253 ego
3107 2183 3390 2237 immittam
3447 2187 3499 2240 iu

1955 2254 2078 2322 cum
2123 2269 2396 2338 spiritum,
2447 2280 2501 2324 et
2541 2271 2724 2326 audito
2761 2273 2947 2326 nuntio
2997 2286 3296 2332 revertetur
3339 2279 3388 2331 in
3429 2295 3509 2334 re-

1954 2360 2171 2426 gionem
2207 2373 2383 2424 suam,
2419 2368 2475 2412 et
2514 2361 2670 2414 cadet
2707 2361 2885 2434 gladio
2917 2363 2968 2417 in
3003 2373 3142 2419 terra
3186 2381 3303 2421 sua.
3343 2388 3362 2420 ι
3405 2369 3504 2424 Ubi

1955 2453 2186 2523 primum
2221 2462 2398 2509 autem
2428 2465 2794 2521 accesserunt,
2821 2471 3120 2512 sermonem
3149 2473 3335 2513 eorum
3370 2476 3508 2529 pra).-

1957 2555 2174 2598 vertens
2203 2543 2392 2608 Isaias,
2427 2547 2641 2600 allatam
2673 2547 3008 2644 pr0p.hetiam
3053 2551 3357 2604 renuntiare
3389 2551 3506 2621 jus-

1956 2637 2062 2698 sit;
2103 2653 2204 2705 qua
2239 2639 2510 2706 spiritum,
2546 2639 2738 2707 inquit,
2773 2637 3024 2694 immittet
3063 2641 3115 2694 in
3143 2656 3288 2705 eum,
3325 2658 3353 2696 a
3399 2659 3506 2712 quo

1955 2727 2148 2794 spiritu
2180 2728 2433 2796 deceptus
2473 2737 2772 2784 revertetur
2819 2729 2873 2785 in
2924 2740 3123 2785 terram
3165 2748 3315 2787 suam
3345 2774 3360 2798 ,
3412 2735 3503 2790 ubi

1955 2816 2130 2886 gladio
2161 2816 2326 2870 vitam
2358 2818 2526 2872 liniet.

2028 2996 2188 3052 Vsus.
2227 2996 2380 3054 8-16.
2419 3016 2437 3049 ι
2483 2997 2548 3051 Ει
2581 3011 2830 3052 reversus
2877 3008 2955 3052 est
2993 2997 3296 3062 Rahsaces,
3335 3007 3387 3052 et
3417 2999 3511 3052 de-

1960 3087 2246 3155 prehendit
2287 3102 2464 3158 regem
2495 3088 2843 3158 Assyriorum
2885 3087 3215 3142 obsidentem
3249 3087 3504 3148 Lobnam.

1957 3179 2024 3233 Et
2051 3177 2255 3232 audivit
2279 3178 2420 3247 quod
2441 3176 2713 3246 profectus
2741 3186 2884 3231 esset
2911 3177 2976 3229 de
3001 3175 3220 3242 Lachis,
3249 3187 3302 3232 et
3332 3193 3511 3248 egres-

256 3285 453 3349 σιλεὺς
495 3285 803 3352 Αἰθιόπων,
840 3286 1198 3364 πολιορκῆσαι
1225 3290 1384 3344 αὐτόν
1408 3307 1422 3321 ·
1464 3293 1556 3344 καὶ
1604 3293 1843 3356 ἀκούσας

1948 3286 2038 3325 sus
2076 3279 2220 3325 esset
2268 3268 2537 3332 Tliaraca,
2576 3285 2668 3322 rex
2722 3267 3074 3337 1Ethiopum,
3125 3280 3182 3322 ut
3226 3269 3499 3324 obsideret

256 3377 608 3449 ἀπέστρεψε.
637 3378 746 3430 Καὶ
772 3377 1086 3430 ἀπέστειλεν
1118 3379 1381 3448 ἀγγέλους
1435 3382 1570 3452 πρὸς
1600 3383 1844 3448 Ἐζεκίαν

253 3467 442 3536 λέγων
461 3485 475 3497 ο
515 3467 700 3530 Οὕτως
723 3469 897 3538 ἐρεῖτε
937 3468 1156 3541 Ἐζεκίᾳ
1186 3471 1393 3540 βασιλεῖ
1416 3472 1514 3543 τῆς
1556 3473 1840 3537 Ἰουδαίαςο

253 3558 354 3628 Μή
400 3576 459 3611 σε
489 3558 751 3611 ἀπατάτω
776 3561 804 3611 6
825 3559 957 3622 Θεὸς
987 3575 1100 3619 σου,
1142 3562 1224 3628 ἐφ’
1265 3555 1309 3628 ᾧ
1335 3562 1600 3627 πέποιθας
1631 3564 1715 3616 ἐπ’
1757 3565 1846 3617 αύ-

257 3649 364 3718 τῷ,
417 3649 592 3716 λέγων
615 3666 628 3678 ο
661 3649 734 3700 οὐ
769 3649 844 3722 μὴ
891 3649 1167 3720 παραδοθῇ
1206 3653 1562 3724 Ἰερουσαλὴμ
1602 3655 1659 3706 ὲν
1703 3655 1844 3726 χειρὶ

256 3740 536 3810 βασιλέως
594 3741 911 3810 Ἀσσυρίων.
957 3743 1026 3794 Σὺ
1070 3744 1170 3795 οὐκ
1220 3743 1458 3812 ῆκουσας
1502 3744 1538 3798 ἆ
1581 3745 1843 3817 ἐποίησαν

258 3833 512 3902 βασιλεῖς
552 3834 888 3904 Ἀσσυρίωνς
924 3835 1107 3888 Πᾶσαν
1137 3835 1234 3906 τὴν
1275 3836 1378 3905 γῆν
1420 3836 1496 3899 ὡς
1536 3836 1841 3901 ἀπώλεσαν,

266 3924 368 3975 καὶ
401 3924 468 3974 σὺ
506 3921 788 3995 ῥυσθὴσῃς
822 3923 912 3992 Μὴ
956 3922 1253 3994 ἐρρύσαντο
1282 3923 1478 3987 αὐτοὺς
1522 3925 1570 3976 οἱ
1601 3925 1711 3978 θεοὶ
1737 3926 1843 3979 τῶν

260 4011 460 4072 ἐθνῶν,
491 4010 585 4073 οὓς
611 4011 891 4065 ἀπώλεσαν
920 4014 968 4064 οἱ
996 4012 1230 4085 πατέρες
1265 4030 1384 4084 μου,
1414 4015 1513 4085 τήν
1542 4033 1599 4068 τε
1633 4017 1672 4067 Γ
1674 4016 1838 4080 ωζὰν,

263 4104 359 4156 καὶ
388 4102 638 4178 Κάρραν,
675 4103 768 4155 καὶ
809 4103 1026 4170 Ῥαφὲθ,
1067 4102 1127 4155 αἵ
1162 4104 1298 4156 εἰσιν
1341 4104 1398 4156 ὲν
1445 4103 1598 4177 χώρᾳ
1617 4105 1839 4178 Θεμάθ;

261 4194 374 4247 Ποῦ
433 4197 542 4247 εἰσι
570 4193 804 4263 βασιλεῖς
842 4194 1011 4266 Ἐμὰθ
1035 4212 1049 4261 ;
1076 4195 1167 4248 καὶ
1190 4195 1292 4247 ποῦ
1329 4196 1569 4267 Ἀρφάθς
1617 4199 1707 4251 καὶ
1738 4198 1840 4252 ποῦ

264 4284 476 4346 πόλεως
507 4283 903 4355 Ἐπιραρουαῖμ,
940 4285 1305 4354 Ἀναγουγάνα
1334 4285 1478 4356 (41);
1515 4287 1622 4339 Καὶ
1654 4287 1842 4342 ἔλαϐεν

270 4372 526 4437 Ἐζεκίας
553 4373 613 4425 τὸ
646 4373 845 4442 βιϐλίον
881 4374 1029 4445 παρά
1061 4375 1168 4427 τῶν
1197 4375 1441 4443 ἀγγέλων
1463 4415 1478 4435 ,
1511 4376 1603 4428 καὶ
1634 4377 1844 4446 ἀνέγνω

261 4462 418 4523 αὐτὸ,
445 4461 542 4515 καὶ
568 4462 733 4533 ἀνέϐη
769 4465 849 4529 εἰς
887 4459 1034 4516 οἷκον
1067 4464 1292 4534 Κυρίου,
1322 4465 1414 4517 καὶ
1454 4465 1660 4532 ἤνοιξεν
1708 4469 1840 4522 αύτὸ

262 4553 504 4606 ἐναντίον
533 4554 758 4624 Κυρίου.
795 4557 903 4609 Καὶ
931 4555 1272 4626 προσηύξατο
1303 4555 1547 4620 Ἐζεκίας
1569 4558 1702 4629 πρὸς
1729 4559 1840 4611 Κύ-

263 4662 379 4716 ριον
405 4645 608 4712 λέγων·
647 4645 846 4716 Κύριος
875 4646 1119 4712 Σαϐαὼθ,
1149 4650 1178 4700 6
1205 4649 1336 4712 Θεὸς
1376 4649 1652 4721 Ἰσραὴλ,ό
1670 4651 1836 4724 καθή-

263 4753 424 4804 μενος
457 4736 549 4788 ἐπὶ
581 4735 686 4787 τῶν
720 4737 999 4807 χερουϐίμ.
1028 4756 1046 4787 ι
1097 4739 1154 4790 Ὁ
1178 4738 1233 4790 δέ
1266 4756 1331 4806 γε
1373 4739 1618 4803 Ἐζεκίας
1649 4739 1834 4812 ῶσπερ

261 4827 353 4878 καὶ
378 4827 641 4896 πρότερον
665 4827 887 4880 ἔσπευδε
913 4829 1006 4880 καὶ
1034 4829 1129 4881 νῦν
1153 4831 1243 4881 ἐπὶ
1271 4831 1360 4882 τὸν
1381 4827 1528 4884 οἶκον
1552 4831 1645 4883 τοῦ
1669 4832 1826 4895 Θεοῦ,
1862 4848 1868 4852 ·

259 4919 353 4972 καὶ
385 4919 536 4988 αὐτῷ
580 4919 724 4988 μόνῳ
759 4921 854 4990 τὴν
889 4921 1170 4992 ἐπιστολὴν
1202 4921 1408 4974 ἐδείκνυ
1439 4923 1517 4992 τῷ
1542 4923 1676 4992 Θεῷ.
1716 4921 1828 4978 Εἶτ’

259 5010 466 5078 ἐπῆγεν
507 5012 802 5081 ἱκετηρίαν,
838 5011 925 5063 διὰ
963 5013 1267 5083 προσευχῆς
1302 5013 1459 5084 μόνον
1496 5013 1656 5066 αὐτὸν
1692 5010 1830 5066 εἶναι

257 5101 430 5169 λέγων
461 5101 613 5165 Θεὸν,
648 5102 740 5153 καὶ
774 5103 873 5154 οὐκ
898 5101 1072 5155 ἄλλον.

333 5214 351 5244 ι
379 5195 452 5247 Σὺ
491 5190 543 5247 εἷ
572 5196 599 5246 6
632 5197 761 5257 Θεὸς
799 5195 956 5264 μόνος
988 5195 1166 5265 πάσης
1216 5194 1490 5264 βασιλείας
1520 5197 1618 5266 τῆς
1650 5197 1827 5248 οἰκου-

263 5289 459 5358 μένης·
499 5288 561 5340 σὺ
595 5287 852 5357 ἐποίησας
885 5288 972 5339 τὸν
1005 5287 1230 5356 οὐρανὸν
1279 5287 1370 5340 καὶ
1406 5287 1503 5359 τὴν
1543 5287 1664 5357 γῆν.
1699 5287 1825 5340 Κλῖ-

212 5380 217 5384 ’
257 5397 364 5439 νον,
396 5378 593 5447 Κύριε,
613 5377 674 5431 τὸ
705 5375 797 5440 οὖς
827 5395 947 5430 σου·
982 5378 1316 5440 εἰσάκουσον,
1354 5378 1522 5449 Κύριε
1543 5394 1554 5407 ·
1590 5377 1820 5444 ἄνοιξον,

212 5475 214 5478 ’
261 5468 451 5539 Κύριε,
500 5470 625 5530 τοὺς
680 5467 986 5539 ὀφθαλμούς
1021 5486 1132 5521 σου’
1174 5469 1469 5537 εἰσϐλεψον,
1506 5470 1695 5539 Κύριε,
1731 5470 1824 5521 καὶ

262 5559 331 5612 ἰδὲ
367 5559 493 5621 τοὺς
525 5559 713 5626 λόγους
744 5560 1130 5629 Σενναχηρεὶμ,
1169 5558 1259 5620 οὒς
1289 5558 1602 5612 ἀπέστειλεν
1636 5559 1824 5610 ὀνειδί-

261 5649 370 5713 ζειν
395 5649 530 5703 Θεὸν
564 5650 756 5714 ζῶντα.
807 5649 924 5705 Ἐπ’
952 5649 1206 5720 ἀληθείας
1234 5649 1360 5720 γὰρ,
1393 5649 1579 5719 Κύριε,
1609 5651 1823 5721 ἠρήμω-

325 5783 455 5859 (41)Δ
475 5785 562 5837 Sic
605 5785 832 5859 (lodices
861 5786 1046 5859 _Gr;eci
1108 5787 1468 5854 ἀνα-εὀυγάνα,
1524 5806 1859 5859 anngugaua.

262 5855 340 5932 sic
367 5856 553 5934 babct,
592 5857 726 5935 Ana,
758 5865 809 5909 et
837 5857 961 5911 Ava.

1945 3378 2063 3417 eum
2093 3381 2106 3417 :
2144 3371 2199 3416 et
2227 3362 2452 3416 audiens
2489 3376 2734 3415 reversus
2768 3371 2868 3415 est.
2909 3361 2972 3415 Et
3002 3361 3148 3415 misit
3179 3363 3395 3417 nuntios
3421 3364 3487 3416 ad

1942 3455 2228 3510 Ezechiam
2261 3453 2445 3508 dicens
2477 3471 2488 3507 :
2527 3452 2617 3508 Sic
2644 3452 2834 3508 dicetis
2870 3453 3111 3508 Ezechiae
3135 3454 3246 3523 regi
3277 3451 3501 3508 Judzeze:

1943 3546 2058 3601 Non
2097 3556 2146 3601 te
2187 3545 2418 3615 decipiat
2459 3544 2601 3600 Deus
2637 3554 2781 3610 tuus,
2823 3545 2906 3598 cui
2960 3547 3220 3610 confidis,
3265 3545 3450 3601 dicens
3488 3564 3503 3599 :

1945 3637 2060 3691 Non
2095 3637 2338 3691 tradetur
2377 3636 2675 3692 Jerusalem
2717 3637 2770 3689 in
2814 3651 3026 3691 manum
3073 3638 3216 3706 regis
3251 3637 3506 3708 Assyrio-

1945 3746 2084 3783 rum.
2129 3729 2208 3783 Tu
2246 3744 2350 3782 non
2394 3728 2650 3784 audivisti
2693 3743 2812 3797 qua:
2858 3727 3101 3783 fecerunt
3143 3744 3297 3798 reges
3339 3733 3506 3800 Assy-

1944 3821 2192 3875 riormn?
2234 3820 2518 3886 Quomodo
2545 3832 2745 3874 terram
2775 3833 2988 3874 omnem
3020 3819 3368 3889 perdiderunt
3391 3861 3404 3881 ,
3447 3835 3502 3874 et

1945 3921 1996 3964 Ill
2048 3912 2304 3966 erueris?
2351 3909 2485 3965 Num
2521 3921 2781 3965 eruerunt
2814 3926 2907 3966 eos
2949 3911 3019 3966 dii
3066 3912 3328 3980 gentium,
3371 3927 3506 3980 quos

1943 3982 2285 4068 penliderunt
2313 4009 2493 4069 patres
2522 4000 2648 4066 mei,
2687 3998 2896 4064 Gozan,
2931 4009 2984 4054 et
3015 3998 3282 4061 Cliarran,
3317 4010 3370 4054 et
3400 3997 3506 4052 Ba-

1940 4091 2130 4160 phetlt,
2165 4105 2285 4159 qua:
2339 4100 2467 4144 sunt
2510 4091 2560 4144 in
2608 4091 2825 4159 regione
2869 4091 3184 4146 Tltematli?
3234 4090 3333 4146 Ubi
3379 4102 3505 4145 sunt

1943 4193 2096 4248 rcges
2125 4178 2358 4233 Emath?
2386 4188 2440 4233 et
2466 4178 2552 4232 ubi
2587 4179 2828 4246 Arphath
2849 4179 2874 4232 τ
2897 4178 3235 4235 ubicivitatis
3264 4178 3505 4248 Epphar-

1941 4272 2116 4336 vaim,
2159 4271 2524 4340 Anagugana?
2557 4269 2619 4323 Et
2659 4271 2887 4339 sumpsit
2917 4271 3176 4327 Ezechias
3216 4273 3415 4326 librum
3468 4289 3499 4326 a

1943 4360 2177 4425 nuntiis,
2210 4368 2264 4415 et
2292 4359 2420 4430 legit
2457 4375 2600 4427 eum,
2636 4368 2692 4414 et
2719 4360 2964 4413 ascendit
2987 4360 3040 4414 in
3074 4362 3290 4416 domum
3323 4359 3503 4415 Domi-

1943 4456 2021 4521 ni,
2053 4463 2108 4511 et
2135 4456 2349 4525 aperuit
2379 4471 2501 4510 eum
2532 4471 2718 4510 coram
2752 4454 2995 4509 Domino.
3049 4454 3114 4509 Et
3149 4456 3324 4511 oravit
3368 4456 3502 4512 Eze-

1942 4551 2093 4607 chias
2121 4551 2422 4615 Dominum,
2457 4551 2640 4607 dicens
2675 4569 2688 4605 :
2724 4551 2948 4606 Domine
2981 4552 3338 4616 exercituum,
3366 4552 3504 4606 Deus

1943 4643 2123 4710 Israel,
2155 4644 2244 4714 qui
2275 4645 2432 4698 sedes
2469 4658 2630 4712 super
2659 4643 2966 4698 cherubim.
2999 4661 3017 4694 ›
3068 4643 3324 4698 Ezechias
3355 4661 3498 4710 vero,

1940 4737 2390 4808 quemadmodum
2419 4745 2475 4790 et
2513 4735 2664 4805 prius
2685 4775 2700 4797 ,
2735 4749 2878 4788 nunc
2911 4735 3074 4789 etiam
3111 4737 3403 4790 maturavit
3435 4737 3502 4790 ad

1940 4827 2158 4879 domum
2191 4825 2308 4889 Dei,
2343 4825 2544 4894 unique
2577 4825 2684 4880 Deo
2705 4825 2986 4894 epistolam
3016 4826 3271 4881 ostendit.
3300 4825 3502 4882 Deinde

1942 4929 2067 4970 vero
2105 4915 2550 4984 supplicationem
2609 4916 2811 4969 orando
2851 4916 3067 4981 emisit,
3100 4916 3249 4972 illum
3291 4918 3499 4983 solum,

1937 5016 1989 5062 et
2027 5021 2130 5061 non
2172 5007 2364 5075 alium,
2395 5007 2562 5063 Deum
2593 5023 2712 5064 esse
2744 5009 2949 5065 dicens.

2003 5187 2166 5242 Vens.
2188 5188 2360 5244 17-21.
2381 5206 2400 5240 ι
2423 5188 2499 5242 Tu
2513 5204 2573 5244 es
2594 5189 2730 5247 Deus
2762 5193 2908 5247 solus
2929 5195 3103 5248 omnis
3125 5193 3274 5264 regni
3299 5202 3384 5247 ter
3397 5208 3464 5246 ra:
3490 5213 3501 5246 :

1934 5291 1986 5335 Ill
2008 5281 2176 5336 fecisti
2208 5282 2402 5336 caelum
2429 5293 2485 5336 et
2517 5292 2735 5340 terram.
2770 5284 2998 5348 Inclina,
3033 5287 3276 5349 Domine,
3311 5301 3502 5338 aurem

1932 5383 2109 5428 tuam:
2143 5375 2356 5437 exaudi,
2386 5375 2608 5430 Domine
2642 5391 2656 5426 :
2690 5379 2859 5444 aperi,
2887 5377 3128 5433 Domine.
3147 5379 3329 5430 oculos
3355 5389 3494 5442 tuos,

1931 5464 2168 5534 respice,
2204 5463 2450 5528 Domine,
2482 5475 2538 5520 et
2589 5468 2710 5521 vide
2756 5483 3030 5521 sermones
3070 5468 3494 5537 Senuacltet'im,

1930 5571 2064 5625 quos
2097 5557 2262 5624 misit,
2302 5567 2360 5611 ut
2396 5560 2749 5627 exprobraret
2783 5561 2892 5612 Deo
2921 5561 3138 5613 viventi.
3180 5560 3237 5613 In
3270 5565 3496 5618 veritate

1929 5649 2094 5716 enim,
2137 5649 2391 5716 Domine,
2423 5659 2702 5704 vastarunt
2738 5666 2887 5719 reges
2922 5652 3263 5720 Assyriorum
3305 5658 3494 5712 orbem

1929 5790 1980 5843 In
2016 5791 2278 5848 IIebraico
2307 5791 2498 5862 Icgitur
2524 5794 2642 5852 ΓοῚιΊ
2677 5799 2778 5852 ΜΠ
2801 5789 2865 5844 ad
2895 5789 3040 5859 cujus
3085 5790 3239 5847 Iidem
3273 5790 3492 5861 Vulgata
