3984 6572
505 421 608 478 551
1214 419 1482 478 EUSEBII
1527 419 2014 476 CIESARIENSlS
2047 421 2198 477 OPP.
2243 422 2421 477 PARS
2460 425 2548 478 lll.
2572 457 2640 466 —
2673 423 3083 482 EXEGETICA.

3652 432 3804 489 55?.

499 544 829 608 universum,
868 551 920 598 et
954 543 1226 613 regionem
1256 559 1440 598 eorum
1460 584 1477 608 ,
1504 555 1560 599 et
1595 543 1900 612 injeceruut
1931 544 2068 599 idola

2206 563 2277 599 αν
2324 546 2560 616 βασιλεῖς
2623 548 2920 618 Ἀσσυρίων
2956 549 3054 618 τὴν
3096 551 3418 622 οἰκουμένην
3466 552 3616 625 ὃλην,
3665 553 3798 607 καὶ

499 652 682 692 eorum
711 637 763 690 iu
804 637 998 706 ignem.
1026 633 1142 689 Non
1170 637 1312 690 enim
1344 637 1414 689 dii
1433 646 1609 700 erant,
1636 638 1727 690 sed
1763 651 1926 705 opera
1968 653 2081 689 ina-

2206 637 2278 710 ξῆν
2312 637 2495 710 χώραν
2524 639 2723 702 αὐτῶν,
2758 640 2852 693 καὶ
2874 641 3132 695 ἀνέὸαλον
3157 642 3223 695 τὰ
3257 643 3447 697 εἴδωλα
3473 645 3655 698 αὐτῶν
3683 647 3801 709 εἰς

498 747 660 785 tutum
684 729 981 792 hominum,
1021 728 1162 799 ligna
1193 739 1246 783 et
1273 729 1474 798 lapides
1505 739 1591 784 :et
1615 731 1937 800 pepulerunt
1962 744 2076 785 eos.

2206 730 2241 782 ’ὸ
2273 729 2402 801 πῦρ.
2434 731 2506 782 Οὐ
2535 729 2642 801 γὰρ
2672 730 2783 784 θεοὶ
2809 726 2969 803 ἦσαν,
3005 733 3118 786 ἁλλ’
3148 733 3282 806 ἔργα
3318 735 3515 806 χειρῶν
3555 736 3802 807 ἀνθρώ-

500 821 652 876 Nunc
690 830 868 874 autem
894 863 909 884 ,
946 819 1172 876 Domine
1222 821 1363 875 Deus
1401 830 1585 875 uoster
1613 863 1627 885 ,
1667 821 1815 876 salva
1871 837 1970 878 nos
2016 825 2080 878 de

2206 838 2321 885 των,
2359 820 2489 887 ξύλα
2527 820 2620 874 καὶ
2652 819 2820 874 λίθοι’
2849 822 2940 874 καὶ
2973 823 3258 877 ἀπώσαντο
3291 824 3504 889 αὐτούς.
3537 826 3657 879 Νῦν
3685 826 3794 890 δὲ,

498 930 660 967 manu
683 914 835 983 ejus;
865 923 925 968 ιιι
968 923 1263 982 cognoscat
1300 928 1460 968 omne
1487 929 1711 981 regnum
1742 925 1918 979 terrae,
1956 915 2081 984 quia

2206 914 2378 984 (Opts,
2420 915 2448 966 6
2490 911 2623 975 Θεὸς
2653 913 2828 983 ἡμῶν,
2863 914 3033 968 σῶσον
3065 917 3208 987 ἡμᾶς
3239 917 3302 970 ἐκ
3331 918 3528 989 χειρῶν
3557 917 3740 973 αὑτοῦ
3768 933 3790 948 ·

497 1013 554 1059 tu
607 1019 666 1058 es
711 1005 850 1060 Deus
891 1005 1056 1059 solus.
1092 1005 1155 1059 Et
1199 1005 1396 1061 missus
1422 1017 1502 1060 est
1533 1005 1698 1060 Isaias
1744 1007 1883 1060 ﬁlius
1921 1010 2084 1062 Amos

498 1095 566 1148 ad
591 1095 902 1150 Ezechiam.
943 1115 961 1146 ι
999 1095 1114 1150 Rex
1149 1097 1366 1165 quidem
1399 1098 1686 1163 Ezechiaz,
1730 1109 1915 1169 utpote
1957 1101 2085 1154 reli-

499 1188 706 1257 giosus,
739 1188 790 1242 in
823 1189 1039 1242 domum
1067 1190 1155 1244 Dei
1189 1190 1482 1256 concessit,
1510 1191 1730 1259 ubijam
1757 1193 2082 1262 descriptam

500 1279 796 1334 orationem
830 1280 1042 1344 emisit;
1076 1281 1216 1336 Deus
1247 1291 1424 1336 autem
1476 1283 1646 1338 misso
1677 1285 1743 1336 ad
1788 1301 1908 1338 eum
1953 1285 2088 1340 Isaia

501 1373 758 1442 prepheta
801 1374 899 1442 ipsi
946 1375 1275 1442 respondet:
1308 1375 1600 1428 secundum
1641 1390 1768 1430 vero
1806 1377 1904 1446 ipsi
1967 1393 2090 1431 ora-

503 1465 682 1519 culum
713 1465 882 1534 dedit,
909 1467 1108 1522 docens
1136 1481 1193 1522 se
1216 1481 1518 1523 sermonem
1556 1469 1960 1540 orationemque
1975 1470 2090 1538 ejus

504 1558 832 1615 exaudiisse.

578 1826 985 1895 Vensﬂlﬂiu
1013 1831 1235 1889 Etdixit
1265 1833 1312 1889 ei
1339 1851 1353 1888 :
1383 1832 1506 1889 Hac
1523 1833 1654 1890 dicit
1681 1834 2091 1896 DominnsDeus

2185 1007 2271 1058 ἵνα
2296 1005 2408 1076 γνῷ
2433 1007 2581 1059 πᾶσα
2609 1009 2641 1076 ἡ
2679 1006 2920 1076 βασιλεία
2966 1011 3064 1079 τῆς
3098 1012 3219 1080 γῆς,
3269 1011 3352 1064 ὅτι
3386 1011 3448 1064 σὺ
3483 1007 3534 1064 εἴ
3566 1013 3594 1066 ὀ
3627 1011 3795 1075 Θεὸς

2190 1098 2368 1169 μόνος.
2394 1098 2502 1151 Καὶ
2535 1099 2810 1170 ἀπεστάλη
2841 1098 3065 1164 Ἡσαΐας
3095 1102 3208 1165 υἱὸς
3242 1102 3421 1174 Ἀμὼς
3446 1104 3581 1176 πρὸς
3621 1102 3798 1167 Ἐζε-

2188 1191 2334 1245 κίαν.
2366 1211 2385 1242 ι
2433 1191 2490 1244 '0
2525 1192 2622 1262 μὲν
2651 1191 2899 1262 βασιλεὺς
2946 1192 3214 1258 Ἐζεκίας,
3251 1188 3336 1247 οἷα
3369 1195 3647 1266 θεοφιλὴς,
3685 1198 3791 1259 είς

2187 1285 2278 1338 τὸν
2296 1282 2444 1338 οἷκον
2472 1284 2624 1355 ἀνῄει
2655 1285 2748 1338 τοῦ
2781 1285 2936 1348 Θεοῦ,
2967 1286 3060 1339 καὶ
3091 1287 3190 1358 τὴν
3213 1287 3558 1359 ἀνάγραπτον
3581 1291 3792 1360 ἱκετη-

2191 1376 2308 1446 ρίαν
2339 1377 2621 1447 ἀνέπεμπε
2646 1393 2658 1406 ·
2679 1376 2808 1440 Θεὸς
2839 1377 2896 1430 δέ
2917 1376 3065 1448 αὐτῷ
3098 1377 3475 1450 ἀποκρίνεται,
3507 1379 3600 1432 τὸν
3631 1380 3785 1433 ἐαυ-

2187 1468 2282 1522 τοῦ
2328 1470 2608 1540 προφήτην
2662 1469 2885 1522 Ἡσαΐαν
2921 1469 2995 1533 ὡς
3029 1470 3188 1524 αὑτὸν
3213 1471 3466 1541 πέμψας·
3509 1470 3785 1543 δεύτερον

2188 1560 2246 1614 δὲ
2309 1561 2456 1632 αὐτῷ
2517 1560 2702 1615 τοῦτον
2765 1562 3010 1616 ἐκδίδωσι
3066 1561 3156 1615 τὸν
3210 1563 3475 1633 χρησμὸν,
3519 1562 3595 1624 ὡς
3655 1562 3784 1632 ἄρα.

2190 1653 2276 1725 εἴη
2324 1653 2575 1725 ἀκηκοὼς
2625 1654 2715 1707 τὸν
2759 1656 2856 1726 τῆς
2910 1657 3218 1726 προσευχῆς
3263 1654 3426 1710 αὐτοῦ
3480 1655 3636 1725 λόγον
3682 1654 3782 1708 δι·-

2192 1745 2428 1800 δάσκων.

2268 1858 2286 1889 ι
2322 1840 2431 1892 Καὶ
2456 1833 2608 1894 εἶπεν
2638 1839 2812 1910 αύτῷ-
2841 1839 2978 1894 Τάδε
3009 1841 3156 1911 λέγει
3197 1841 3401 1913 Κύριος
3431 1842 3460 1892 ὀ
3490 1839 3624 1902 Θεὸς
3661 1839 3779 1892 Ἱσ-

505 1921 910 1979 lsraeleudlvi
938 1939 1058 1995 qua:
1090 1936 1343 1997 precatus
1367 1943 1427 1983 es
1464 1944 1548 1984 me
1581 1943 1742 1998 super
1772 1928 2077 1985 Senuache-

2206 1931 2320 2003 ιαήλ
2343 1947 2356 1961 ·
2391 1933 2634 1985 Ἤκουσα
2672 1933 2707 1986 ὃ.
2745 1933 3034 2007 προσηύξω
3069 1935 3202 2006 πρὸς
3238 1935 3304 2005 μὲ
3337 1934 3462 2006 περὶ
3492 1933 3780 2002 Σενναχη-

506 2017 608 2071 rim
637 2032 763 2087 rege
799 2017 1166 2090 Assyriorum.
1207 2020 1305 2075 Hic
1343 2032 1427 2076 est
1460 2035 1640 2076 sermo
1671 2037 1829 2090 quem
1877 2023 2086 2078 locutus

503 2121 590 2167 est
618 2111 683 2167 de
712 2111 800 2166 illo
831 2111 972 2167 Deus
998 2112 1366 2184 :Contempsit
1398 2125 1482 2180 te,
1526 2122 1579 2169 et
1622 2115 1971 2171 subsannavit
2012 2128 2083 2183 te,

505 2204 658 2272 virgo
690 2204 795 2258 ﬁlia
833 2205 986 2260 Sion.
1015 2225 1033 2257 ›
1057 2207 1169 2276 Ego
1198 2221 1326 2262 vero
1357 2207 1479 2261 dico
1515 2208 1609 2262 tibi
1649 2223 1716 2262 ne
1749 2210 2084 2278 temetipsum

505 2297 764 2368 deeipias,
802 2313 907 2353 non
944 2299 1086 2354 enim
1111 2299 1310 2353 virtute
1331 2306 1418 2353 tua
1454 2299 1551 2354 hos
1579 2314 1769 2355 omnes
1799 2301 2086 2368 superasti.

507 2387 621 2460 Ego
661 2398 846 2444 autem
896 2405 1044 2446 eram
1077 2391 1167 2460 qui
1211 2390 1327 2446 haec
1367 2402 1557 2446 contra
1601 2406 1696 2448 eos
1736 2392 2088 2459 deﬁnieram,

506 2480 723 2537 etiamsi
764 2491 817 2536 tu
876 2483 929 2537 id
979 2483 1202 2540 minime
1247 2499 1590 2554 agnosceres,
1619 2495 1784 2555 atque
1824 2488 1890 2539 ab
1937 2487 2090 2541 initio

508 2575 795 2632 consilium
832 2591 1009 2630 meum
1041 2591 1146 2630 non
1183 2576 1436 2630 audires.
1472 2575 1681 2631 Etenim
1715 2577 1826 2644 jam
1859 2577 1982 2632 inde
2018 2578 2090 2631 ab

509 2668 748 2738 antiquis
772 2668 1102 2738 temporibus
1125 2670 1237 2723 haec
1262 2677 1447 2723 contra
1477 2669 1804 2739 irreligiosas
1827 2678 1878 2724 et
1905 2669 2093 2738 impias

511 2770 700 2831 gentes
742 2771 924 2831 perte
970 2761 1105 2816 elIiei
1147 2760 1512 2816 decreveram.
1543 2760 1695 2815 Nunc
1741 2771 1919 2815 autem
1966 2761 2095 2830 ipsis

513 2852 770 2921 operibus
802 2853 1086 2908 consilium
1116 2854 1300 2924 aperui
1345 2869 1546 2917 meum,
1571 2869 1692 2908 cum
1727 2863 1778 2907 te
1808 2854 1874 2908 ad
1907 2869 2092 2909 eorum

513 2945 605 3016 qui
652 2944 912 3016 supplicio
964 2946 1110 3016 digni
1179 2955 1308 3000 sunt
1349 2945 1643 3016 perniciem
1686 2945 1965 3010 excitavi,
2009 2955 2092 2998 at-

513 3053 621 3110 que
651 3048 703 3093 te
733 3040 884 3108 quasi
920 3039 1074 3109 signo
1100 3053 1230 3094 usus
1267 3054 1387 3094 sum
1419 3039 1484 3092 ad
1510 3037 1796 3092 vastandas
1823 3046 2013 3107 gentes
2043 3043 2097 3091 et

513 3132 581 3185 ad
608 3130 882 3201 pellendos
920 3147 1014 3186 eos
1055 3130 1147 3200 qui
1177 3132 1414 3185 munitas
1448 3131 1608 3185 urbes
1641 3129 1881 3185 incolunt
1917 3146 1929 3182 :
1963 3144 2098 3198 quas

513 3223 731 3292 quidem
763 3225 926 3279 urbes
956 3225 1106 3292 prius
1132 3223 1498 3278 custodiebam
1528 3232 1583 3276 et
1610 3220 1928 3286 servabam;
1960 3229 2100 3290 post-

2191 2023 2318 2093 ρεὶμ
2350 2022 2612 2093 βασιλέως
2651 2025 2968 2097 ’Δσσυρίων.
3006 2022 3171 2090 Οὗτος
3197 2029 3225 2080 ό
3259 2027 3413 2095 λόγος
3445 2025 3502 2077 ὃν
3534 2024 3778 2094 ἐλάλησε

2190 2117 2318 2187 περὶ
2343 2115 2506 2169 αὐτοῦ
2530 2119 2557 2170 6
2579 2117 2732 2181 Θεός·
2775 2117 3063 2187 Ἐφαύλισέ
3096 2135 3154 2170 σε
3192 2119 3284 2171 καὶ
3311 2119 3516 2188 ἐμυκτὴ
3529 2119 3643 2188 ρισέ
3680 2134 3775 2184 σε,

2192 2207 2456 2278 παρθένος
2477 2209 2721 2280 θυγάτηρ
2748 2210 2905 2264 Σιών.
2942 2230 2960 2261 ι
2993 2209 3130 2280 Ἐγὼ
3162 2209 3219 2263 δέ
3248 2210 3328 2262 σοί
3362 2228 3503 2280 φημι
3531 2209 3603 2281 μὴ
3637 2226 3782 2264 σαυ-

2193 2300 2282 2353 τὸν
2333 2300 2580 2372 ἀπατᾷν,
2639 2303 2699 2355 οὐ
2753 2303 2862 2374 γὰρ
2909 2305 2974 2374 τῇ
3023 2300 3220 2355 σαυτοῦ
3276 2301 3500 2373 δυνάμει
3559 2301 3778 2357 τούτων

2193 2393 2443 2447 ἁπάντων
2475 2395 2848 2466 περιγέγονας.
2890 2393 3032 2463 Ἐγὼ
3075 2393 3132 2447 δὲ
3167 2393 3311 2464 ἥμην
3349 2391 3485 2444 αὐτὰ
3516 2391 3637 2445 κατ’
3670 2390 3780 2447 αὖ·

2193 2486 2301 2541 τῶν
2329 2487 2536 2558 ὁρίσας,
2569 2489 2617 2541 εἰ
2651 2487 2744 2541 καὶ⁸
2779 2487 2842 2540 σὺ
2874 2487 2950 2559 μὴ
2969 2487 3233 2554 ἐπέγνως,
3263 2485 3412 2556 ἢκαὶ
3445 2484 3577 2555 μηδὲ
3601 2485 3779 2554 ἤκου-

2197 2595 2295 2642 σας
2325 2578 2422 2651 τὴν
2447 2578 2584 2650 ἐμὴν
2610 2578 2667 2646 ἐξ
2699 2579 2871 2650 ἀρχῆς
2899 2577 3112 2649 βουλήν.
3146 2576 3327 2630 Ταῦτα
3347 2576 3454 2647 γὰρ
3485 2575 3650 2638 αὐτὸς
3674 2576 3777 2630 xi-

2196 2689 2365 2743 κρικα
2397 2671 2537 2725 κατά
2568 2670 2675 2724 τῶν
2708 2671 2881 2724 ἀθέων
2923 2670 3015 2723 καὶ
3042 2669 3251 2724 ἀσεϐῶν
3276 2669 3442 2723 ἐθνῶν
3480 2669 3646 2724 πάλαι
3676 2668 3780 2721 καὶ

2197 2763 2256 2830 ἐξ
2280 2765 2500 2836 ἡμερῶν
2531 2764 2771 2836 ἀρχαίων
2821 2763 2908 2817 διά
2949 2761 3041 2815 σοῦ
3078 2763 3404 2835 πραχθῆναι.
3455 2762 3569 2816 Νῦν
3607 2762 3667 2814 δὲ
3703 2761 3776 2814 δι’

2199 2855 2375 2927 ἔργων
2426 2855 2523 2927 τὴν
2565 2854 3008 2929 ὲμὴντέπέδειξα
3051 2854 3263 2927 βουλὴν,
3308 2856 3526 2928 ἐγείρας
3578 2871 3637 2908 σε
3683 2852 3776 2906 ἐπ’

2199 2945 2402 3018 ὀλέθρῳ
2432 2947 2538 3000 τῶν
2566 2945 2836 3019 τιμωρίας
2867 2945 3052 3009 ἀξίων,
3083 2945 3176 2999 καί
3207 2964 3289 2999 σοι
3316 2949 3662 3022 χρησάμενος
3685 2962 3781 3016 ση-

2205 3039 2340 3110 μείῳ
2370 3039 2464 3092 τοῦ
2489 3037 2832 3112 ἐξερημῶσαι
2859 3037 3005 3108 ἔθνη,
3036 3039 3370 3103 ἀναστάτους
3395 3041 3613 3111 ποιῆσαι
3644 3041 3777 3102 τοὺς

2199 3127 2479 3191 οἰκοῦντας
2516 3130 2573 3180 ἐν
2607 3127 2822 3180 πόλεσιν
2846 3127 3098 3196 ὀχυραῖς·
3134 3127 3200 3190 ἀς
3227 3129 3486 3199 πρότερον
3517 3127 3616 3198 μὲν
3643 3127 3780 3196 ἐφύ-

2201 3219 2392 3272 λαττον
2412 3218 2686 3284 διασὼζων
2707 3220 2815 3290 ἐγώ
2834 3238 2846 3251 ·
2883 3222 3004 3274 ἐπεὶ
3027 3221 3083 3274 δὲ
3113 3220 3341 3291 ἠσέϐουν
3376 3220 3448 3292 μὴ
3479 3221 3777 3291 γνωρίζον-

514 3331 678 3385 quam
707 3326 888 3370 autem
921 3317 993 3370 illi
1026 3325 1359 3371 servatorem
1388 3331 1492 3370 non
1519 3325 2094 3385 agnoscentessuum,

2206 3329 2290 3375 τες
2336 3311 2424 3364 τὸν
2447 3311 2653 3364 ἑαυτῶν
2701 3288 2938 3386 σωτῆρα,
2979 3288 3154 3386 ἀνῆκα
3185 3313 3278 3377 τὰς
3312 3288 3546 3384 ἐμαυτοῦ
3582 3288 3778 3384 χεῖρας

519 3407 783 3478 impietati
817 3423 877 3463 se
907 3407 1270 3472 dediderant,
1303 3421 1493 3461 manus
1543 3406 1724 3460 remisi
1763 3420 1941 3470 meas,
1976 3419 2098 3459 eos-

517 3514 622 3565 que
645 3499 738 3554 tibi
772 3501 838 3552 ad
870 3500 1191 3568 supplicium
1229 3499 1446 3553 tradidi.
1482 3498 1560 3552 llli
1584 3513 1716 3553 vero
1759 3497 2100 3567 inspectione

519 3607 640 3648 mea
664 3587 860 3656 orbati,
897 3593 1080 3648 statim
1126 3592 1326 3647 deserti
1357 3602 1501 3647 sunt.
1538 3591 1717 3658 Quare
1743 3592 1920 3647 subdit
1948 3609 1964 3649 :

588 3684 752 3738 Vens.
779 3685 968 3742 25.25.
1009 3704 1025 3736 ι
1057 3685 1112 3739 In
1151 3695 1200 3741 te
1238 3695 1398 3755 caput
1431 3686 1615 3751 movit,
1641 3684 1746 3739 ﬁlia
1779 3685 2096 3739 Jerusalem.

520 3777 617 3834 Cui
673 3780 1036 3848 exprobrasti,
1077 3791 1132 3834 et
1175 3795 1333 3850 quem
1375 3777 1654 3833 irritasti?
1692 3790 1786 3833 aut
1839 3779 2100 3833 adversus

521 3885 683 3942 quem
713 3871 977 3927 sustulisti
1025 3886 1205 3925 vocem
1245 3870 1442 3925 tuam?
1474 3879 1530 3924 et
1573 3885 1676 3923 non
1713 3868 1898 3923 levasti
1935 3869 1989 3923 in
2025 3868 2102 3922 al-

524 3972 636 4019 tum
683 3965 868 4021 oculos
912 3974 1032 4020 tuos
1075 3965 1140 4018 ad
1188 3972 1436 4019 sanctum
1486 3962 1671 4026 lsrael,
1707 3963 1964 4032 quoniam
2009 3977 2104 4031 per

522 4056 746 4111 nuntios
786 4056 1123 4126 exprobraSti
1170 4056 1419 4111 Domino.
1470 4055 1551 4110 Tu
1603 4055 1748 4111 enim
1793 4053 2101 4109 dixistidn

522 4148 867 4206 multitudine
897 4164 1156 4205 curruum
1182 4163 1284 4219 ego
1318 4150 1532 4204 ascemli
1577 4149 1631 4202 iu
1667 4149 1922 4203 verticem
1953 4164 2104 4204 mon-

524 4243 681 4307 tium,
716 4252 770 4297 et
801 4244 853 4297 in
902 4243 1089 4297 ultima
1129 4241 1341 4305 Libani,
1369 4249 1424 4298 et
1467 4240 1671 4297 succidi
1712 4239 1923 4307 fastigia
1955 4239 2104 4294 cedri

522 4333 662 4401 eius.
693 4344 749 4390 et
789 4336 1241 4406 pulchritudinem
1282 4335 1545 4404 cypressi,
1599 4345 1654 4388 et
1688 4333 1961 4402 ingressus
1986 4347 2102 4386 sum

527 4427 582 4482 in
609 4428 950 4484 altitudinem
994 4428 1165 4496 partis
1191 4425 1387 4482 saltus.
1431 4445 1450 4478 ι
1485 4425 1577 4480 llis
1607 4438 1771 4493 porro
1797 4423 2105 4478 subindicat

527 4521 776 4576 sublimia
820 4521 912 4575 illa
946 4530 1002 4576 et
1047 4519 1338 4588 conspicua
1371 4517 1427 4572 iu
1472 4516 1696 4584 reliquis
1731 4515 1982 4583 gentibus
2017 4527 2104 4568 re-

2202 3423 2285 3459 σοι
2319 3405 2646 3478 παραδιδοὺς
2673 3406 2763 3458 ἐπὶ
2799 3406 3065 3478 τιμωρίαν
3094 3409 3140 3458 οἱ
3171 3405 3227 3459 δὲ
3257 3406 3598 3477 παραχρῆμα
3640 3405 3777 3477 ἔρη-

2199 3513 2297 3574 μοι.
2344 3500 2587 3569 ἐγένοντο
2628 3503 2726 3572 τῆς
2775 3501 2912 3572 ἐμῆς
2949 3500 3300 3573 στερηθέντες
3336 3501 3657 3569 ἐπισκοπῆς.
3683 3498 3780 3552 Διὸ

2203 3591 2465 3661 ἐπιλέγει·

2277 3703 2294 3737 ι
2337 3686 2456 3739 Ἐπὶ
2487 3685 2567 3738 σοὶ
2597 3685 2833 3758 κεφαλὴν
2867 3684 3102 3755 ἐκίνησε,
3126 3684 3370 3756 θυγάτηρ
3402 3682 3775 3756 Ἰερουσαλήμ.

2203 3779 2334 3832 Τίνα
2358 3778 2639 3842 ὠνείδισας
2673 3778 2765 3832 καὶ
2792 3777 3113 3847 παρῶξυνας
3133 3795 3147 3842 ;
3171 3778 3203 3849 ἢ
3241 3778 3374 3850 πρὸς
3400 3777 3521 3830 τίνα
3554 3776 3780 3846 ῦψωσας

2204 3865 2299 3937 τὴν
2339 3867 2522 3938 φωνήν
2552 3883 2679 3931 σου;
2723 3867 2817 3919 καὶ
2857 3866 2956 3918 οὐκ
2987 3861 3126 3938 ἦρας
3155 3866 3233 3928 εἰς
3261 3866 3391 3936 ὕψος
3421 3866 3545 3929 τοὺς
3577 3864 3782 3934 ὀφθαλ-

2208 3956 2336 4028 μούς
2360 3974 2454 4010 σου
2482 3957 2616 4030 πρὸς
2641 3959 2731 4010 τὸν
2764 3957 2917 4025 ἆγιον
2939 3956 3030 4009 τοῦ
3080 3957 3312 4029 Ἰσραὴλ,
3342 3959 3421 4011 ὅτι
3446 3957 3511 4010 δι’
3533 3957 3779 4027 ἀγγέλων

2204 4047 2485 4110 ὠνείδισας
2549 4047 2770 4119 Κύριον.
2827 4047 2899 4100 Σὺ
2955 4045 3063 4117 γάρ
3107 4041 3294 4110 εἴπας·
3330 4046 3419 4118 Τῷ
3445 4045 3638 4118 πλήθει
3671 4045 3782 4100 τῶν

2207 4137 2466 4207 ἁρμάτων
2499 4137 2608 4207 ἐγὼ
2638 4137 2834 4208 ἀνέϐην
2895 4139 2973 4200 εἰς
3034 4135 3166 4206 ὕψος
3206 4138 3410 4211 ὀρέων,
3457 4138 3549 4191 καὶ
3591 4140 3671 4202 είς
3713 4139 3782 4193 τὰ

2206 4229 2410 4300 ἔσχατα
2453 4230 2546 4282 τοῦ
2585 4231 2839 4295 Λιϐάνου,
2875 4231 2968 4285 καὶ
3007 4231 3177 4302 ἔκοψα
3222 4232 3279 4284 τὸ
3302 4231 3433 4301 ὕψος
3461 4235 3560 4303 τῆς
3587 4232 3782 4303 κέδρου

2206 4322 2394 4387 αὑτοῦ,
2431 4325 2525 4378 καὶ
2557 4324 2617 4377 τὸ
2649 4325 2840 4390 κάλλος
2881 4327 2978 4396 τῆς
3003 4325 3364 4397 κυπαρίσσου,
3400 4325 3493 4377 καὶ
3530 4325 3782 4395 εἰσῆλθον

2207 4417 2286 4479 εἰς
2311 4415 2443 4485 ὕψος
2470 4414 2667 4486 μέρους
2693 4415 2786 4469 τοῦ
2817 4415 3042 4487 δρυμοῦ.
3089 4436 3107 4468 ι
3150 4415 3424 4486 ’ῌνίττετο
3461 4413 3547 4469 διὰ
3576 4415 3786 4470 τούτων

2207 4509 2304 4571 τὰς
2321 4510 2378 4561 ἐν
2403 4511 2517 4572 τοῖς
2546 4509 2748 4573 λοιποῖς
2775 4508 2982 4561 ἐθνεσιν
3006 4507 3386 4579 ἐπηρτημένας
3409 4507 3502 4559 καὶ
3529 4507 3788 4578 εὐθηνου-

529 4629 655 4684 gna.
685 4613 872 4684 Magna
899 4617 1099 4682 quippe
1128 4611 1220 4665 illa
1254 4609 1446 4664 Libani
1496 4607 1784 4663 multitudo
1813 4607 1864 4660 in
1899 4604 2097 4659 altissi—

2212 4601 2378 4670 μένας
2419 4601 2713 4671 βασιλείας.
2749 4601 2821 4653 Τὸ
2860 4601 2966 4672 γάρ
3001 4600 3133 4654 πολὺ
3170 4599 3370 4671 πλῆθος
3414 4597 3509 4651 τοῦ
3551 4599 3786 4652 Λιϐάνου

532 4709 634 4764 mis
663 4708 838 4763 cedris
851 4715 904 4762 et
920 4704 1208 4775 cupressis,
1229 4703 1364 4767 sive,
1386 4700 1678 4757 secundum
1702 4697 2106 4769 Synnnachum,

536 4821 554 4854 ι
586 4802 867 4871 juniperis,
900 4817 919 4852 ι
943 4799 1075 4864 sive,
1108 4796 1404 4852 secundum
1432 4791 1707 4863 Aquilam,
1741 4809 1760 4841 ‹
1785 4787 2101 4849 abietibus,»

532 4897 596 4949 ad
622 4895 905 4965 imaginem
928 4903 982 4947 et
1010 4893 1231 4964 ﬁguram
1260 4889 1500 4962 gentium
1523 4896 1650 4942 tunc
1667 4897 1924 4955 prOSpere
1943 4897 2106 4953 agen-

536 4992 666 5045 tium
702 4986 1001 5055 usurpavit.
1585 5031 1590 5034 .

605 5079 766 5134 Vens.
793 5077 986 5132 26-29.
1011 5095 1030 5128 ι
1053 5075 1112 5131 Et
1148 5074 1301 5144 posui
1333 5081 1574 5145 pontem,
1606 5079 1662 5123 et
1681 5067 1886 5123 vastavi
1916 5079 2104 5135 aquas,

531 5183 586 5228 et
614 5187 828 5227 clunem
851 5169 1322 5240 congregationem
1367 5180 1537 5234 aqum.
1576 5162 1763 5219 Nonne
1789 5177 1852 5216 ea
1887 5157 2105 5214 audiisti

531 5265 680 5328 olim,
711 5279 832 5334 qua:
853 5278 952 5333 ego
988 5261 1088 5317 feci
1121 5261 1249 5316 ?Ab
1287 5257 1528 5328 antiquis
1569 5256 1759 5312 diebus
1803 5253 2056 5311 constitui
2091 5269 2106 5318 ;

533 5373 680 5414 nunc
708 5366 887 5412 autem
914 5354 1127 5410 ostendi
1170 5368 1257 5408 me
1288 5363 1505 5409 vastare
1553 5361 1742 5422 gentes
1775 5349 1830 5404 in
1859 5345 2108 5409 fortibus,

534 5460 591 5507 et
613 5465 728 5516 eos,
757 5449 850 5521 qui
889 5449 1134 5504 habitant
1180 5447 1231 5501 in
1270 5445 1580 5501 civitatibus
1621 5442 1864 5498 munitis.
1909 5439 2112 5496 Remisi

540 5558 750 5608 manus,
799 5553 858 5598 et
887 5549 1241 5606 exaruerunt,
1275 5550 1328 5596 et
1364 5539 1587 5596 fuerunt
1631 5547 1887 5607 tanquam
1931 5534 2110 5588 fenum

539 5637 746 5706 aridum
778 5636 830 5691 in
881 5635 1039 5693 tectis
1080 5644 1134 5688 et
1183 5645 1434 5705 tanquam
1474 5647 1714 5704 gramen.
1743 5629 1902 5684 Nunc
1933 5636 2110 5682 autem

543 5728 782 5799 requiem
826 5738 996 5790 tuam,
1036 5735 1089 5780 et
1120 5727 1323 5780 exitum
1350 5737 1521 5789 tuum,
1548 5733 1602 5780 et
1636 5724 1936 5792 ingressum
1962 5729 2109 5773 tuum

542 5839 642 5892 ego
671 5820 816 5879 novi.
854 5818 937 5873 Ira
970 5828 1146 5874 autetr
1183 5829 1295 5882 tua,
1323 5835 1428 5889 qua
1479 5819 1647 5871 iratus
1685 5830 1766 5882 es,
1806 5822 1861 5869 et
1907 5813 2109 5868 amari-

545 5915 672 5970 tudo
709 5925 797 5969 tua
837 5911 1082 5968 ascendit
1120 5909 1184 5964 ad
1237 5926 1338 5966 me.
1373 5910 1435 5965 Et
1473 5907 1708 5977 injiciam
1754 5904 2013 5963 circulum
2058 5904 2108 5958 in

2213 4698 2270 4749 ἐν
2299 4695 2657 4766 ύψηλοτάταις
2683 4695 2892 4766 κέδροις
2919 4693 3011 4746 καὶ
3039 4694 3416 4764 κυπαρίσσοις,
3449 4691 3482 4762 ἢ
3511 4692 3605 4744 καὶ
3640 4711 3658 4741 ι
3692 4692 3790 4762 ἁρ-

2212 4789 2444 4853 κεύθοις,
2489 4809 2506 4841 )
2544 4788 2682 4842 κατά
2712 4787 2801 4841 τὸν
2831 4785 3145 4857 Σύμμαχον,
3179 4786 3211 4856 ἢ
3251 4805 3267 4837 ι
3308 4785 3546 4847 ἐλάταις,
3589 4804 3609 4836 ›
3646 4784 3790 4836 κατά

2211 4883 2301 4936 τὸν
2352 4882 2598 4946 Ἀκύλαν,
2639 4883 2717 4944 εἰς
2758 4880 2936 4934 εἰκόνα
2975 4878 3290 4952 περιείληφε
3336 4877 3445 4932 τῶν
3477 4877 3597 4930 τότε
3627 4876 3790 4946 εὐθη-

2212 4992 2303 5030 νου
2311 4975 2487 5046 μένων
2523 4974 2711 5029 ἐθνῶν.

2288 5085 2305 5116 ι
2347 5066 2456 5118 Καὶ
2501 5065 2670 5136 ἔθηκα
2716 5063 2981 5136 γέφυραν,
3028 5064 3120 5116 καὶ
3152 5064 3423 5134 ἡρήμωσα
3467 5061 3657 5122 ὕδατα,
3695 5061 3787 5114 καὶ

2213 5159 2392 5212 πᾶσαν
2417 5157 2737 5226 συναγωγὴν
2759 5154 2965 5219 ὓδατος.
2995 5155 3067 5207 Οὐ
3091 5153 3262 5208 ταῦτα
3289 5154 3528 5224 ἤκουσας
3559 5152 3727 5206 πάλαι
3751 5151 3786 5206 ἃ

2212 5250 2322 5321 ἐγὼ
2351 5251 2614 5322 emineat;
2666 5249 2752 5317 Ἐξ
2794 5248 3014 5320 ἡμερῶν
3048 5247 3288 5319 ἀρχαίων
3342 5245 3642 5312 συνέταξα·
3691 5243 3786 5299 νῦν

2214 5343 2269 5397 δὲ
2297 5341 2545 5408 ἐπέδειξα
2575 5343 2920 5413 ἐξερημῶσαι
2949 5339 3076 5410 ἔθνη
3112 5340 3168 5392 ἐν
3201 5341 3436 5410 ὀχυροῖς,
3465 5339 3558 5391 καὶ
3583 5336 3788 5391 οἰκοῦν-

2218 5455 2316 5501 τας
2349 5440 2406 5491 ἐν
2437 5436 2650 5491 πόλεσιν
2682 5437 2924 5506 ὀχυραῖς.
2973 5433 3177 5502 ’Λνῆκα
3215 5431 3315 5494 τὰς
3349 5433 3553 5504 χεῖρας,
3579 5431 3673 5483 καὶ
3698 5429 3786 5494 ἐξ-

2219 5529 2550 5602 ηράνθησαν,
2586 5529 2680 5581 καὶ
2713 5529 2962 5597 ἐγένοντο
2984 5527 3058 5589 ὡς
3083 5525 3274 5596 χόρτος
3303 5523 3465 5595 ξηρὸς
3487 5523 3579 5575 ἐπὶ
3605 5521 3787 5591 δωμά-

2218 5643 2344 5688 των,
2371 5624 2462 5678 καὶ
2481 5625 2555 5686 ῶς
2572 5622 2999 5693 ἀγρωστις.Νῦν
3019 5619 3074 5672 δὲ
3105 5620 3202 5690 τὴν
3236 5616 3539 5670 ἁνάπαυσίν
3573 5631 3665 5666 σου
3696 5615 3790 5666 κείς

2217 5720 2314 5789 τὴν
2347 5717 2520 5782 ἔξοδόν
2551 5734 2643 5770 σου
2693 5717 2785 5769 καὶ
2819 5715 2914 5784 τὴν
2954 5712 3155 5765 εἴσοδόν
3191 5727 3284 5763 σου
3331 5708 3440 5778 ἐγὼ
3467 5707 3781 5774 ἐπίσταμαι.

2229 5815 2286 5865 '0
2313 5813 2369 5863 δὲ
2395 5810 2559 5881 θυμός
2586 5827 2702 5868 σου,
2732 5808 2789 5860 ὃν
2822 5804 3128 5876 ἐθυμώθης,
3178 5803 3322 5872 καὶὴ
3349 5799 3541 5870 πικρία
3571 5815 3665 5851 σου
3695 5799 3785 5851 ἀν-

2517 5903 2602 5973 μέ.
2634 5902 2741 5956 Καὶ
2775 5897 2991 5969 ἐμϐαλῶ
3025 5896 3186 5966 φιμὸν
3235 5897 3312 5957 εἰς
3359 5893 3455 5961 τὴν
3499 5890 3620 5960 ρῖνά
3670 5904 3780 5959 σου,

2218 5905 2312 5974 ἔϐη
2350 5903 2477 5975 πρὸς
