3984 6498
192 428 314 484 353
1130 431 1620 491 COMMENTARIA
1659 435 1723 490 ΙΝ
1763 435 2020 494 ISAIAM.
2063 471 2130 482 -—-
2166 437 2321 495 CAP.
2366 439 2627 498 XXXVII.
3387 455 3491 511 355

189 539 302 591 καὶ
359 540 608 610 χαλινὸν
643 542 723 605 εἰς
757 541 824 595 τὰ
850 542 1002 616 χείλη
1037 562 1150 612 σου,
1181 548 1276 600 καὶ⁹
1305 549 1634 621 ἀποστρέψω
1669 569 1726 604 σε
1761 577 1762 586 ι

1930 569 2088 610 nares
2124 563 2264 624 tuas,
2305 564 2358 612 et
2403 558 2613 614 frenum
2659 561 2710 614 in
2746 561 2882 618 labia
2919 570 3006 617 tua
3043 583 3056 620 :
3091 575 3144 620 et
3179 579 3417 626 avertam
3443 583 3495 628 te

187 628 312 699 ὀδῷ
433 629 605 705 ἦλθες
637 633 696 686 ὲν
727 634 862 706 αὐτῇ
883 652 896 665 ο
922 636 1044 690 »ἵνα
1075 636 1150 709 μὴ
1175 638 1297 692 ὅποι
1316 639 1490 711 βούλει
1521 643 1707 715 ἀπίῃς,
1743 645 1760 698 ἓ

1928 658 1991 697 ea
2007 645 2111 710 vis,
2132 660 2233 714 qua
2259 647 2482 703 venisti:
2507 669 2526 702 ο
2549 659 2604 703 ut
2624 665 2688 704 ne
2710 665 3026 722 quocunque
3049 655 3278 713 volueris
3293 661 3454 718 abeas
3474 705 3491 732 ,

190 737 335 772 κοιο
363 723 446 776 δὲ
487 726 582 778 καὶ
607 726 683 796 μὴ
715 725 1032 797 βουλόμενος
1064 730 1144 793 εἰς
1173 732 1437 786 τούπίσω·
1477 735 1763 808 ἀποστραφ

1931 738 2024 790 sed
2052 737 2134 792 vel
2177 738 2374 795 invitus
2417 743 2754 798 retrocedere
2789 747 2999 815 cogaris
3028 762 3043 800 :
3075 763 3175 818 qua
3199 752 3343 806 enim
3386 754 3491 809 huc

190 832 296 866 ναι
342 816 482 890 γάρ
515 835 576 870 σε
617 818 798 890 δεήσει
847 819 924 890 τῷ
955 821 1058 892 6δῷ
1149 821 1247 894 τὴν
1271 825 1498 880 ἐνταῦθα
1536 830 1763 900 πεποίησ

1924 829 2134 893 venisti,
2166 832 2348 886 eadem
2376 842 2426 887 te
2467 834 2741 890 discedere
2763 835 2848 890 via
2887 852 3019 906 opus
3054 841 3155 894 erit
3179 882 3194 906 ,
3220 852 3276 895 nt
3316 859 3382 897 ne
3415 855 3493 899 ta-

193 909 499 976 πορείαν,
556 912 691 982 πρὸς
745 912 807 965 τὸ
858 913 929 984 μὴ
979 914 1198 968 τοιαῦτα
1235 917 1563 986 φθέγγεσθαι
1600 922 1766 993 τολμᾷ

1925 918 1994 972 lia
2036 919 2175 990 loqui
2202 923 2419 978 audeas.
2445 923 2640 979 Verum
2680 927 2883 981 etiamsi
2914 941 3202 985 memorata
3239 934 3303 986 de
3326 950 3487 990 causa

192 998 376 1070 Πλὴν
421 1004 474 1054 εί
505 1004 602 1054 καὶ
641 1004 712 1075 μὴ
746 1005 1087 1058 συναπώλεσε
1117 1005 1193 1077 τῷ
1227 1009 1415 1079 πλήθει
1447 1010 1534 1065 διὰ
1551 1014 1647 1084 τὴν
1676 1017 1765 1086 εἰρ·

1925 1027 2027 1066 non
2068 1029 2188 1066 cum
2233 1015 2568 1072 multitudine
2600 1019 2840 1087 perierit,
2865 1021 2932 1072 ob
2961 1038 3119 1088 quam
3155 1027 3314 1080 etiam
3345 1029 3488 1083 Pha-

194 1091 414 1162 μένην
437 1096 642 1161 αἰτίαν,
663 1096 728 1148 δι’
747 1096 812 1167 ἢν
834 1097 925 1150 καὶ
945 1099 1158 1168 Φαραὼ,
1179 1100 1287 1152 τῶν
1305 1100 1501 1156 λοιπῶν
1515 1105 1767 1172 Αἰγυπτίι

1925 1117 2037 1166 rao,
2069 1104 2284 1174 reliquis
2327 1105 2594 1178 ZEgyptiis
2644 1111 2912 1178 supplicio
2951 1111 3179 1177 allectis,
3217 1129 3488 1184 spectator

192 1185 655 1259 κολαζομένων,
708 1188 910 1261 θεωρὸς
955 1191 1300 1260 ἐφυλάττετο·
1341 1194 1488 1264 ὅμως
1529 1195 1658 1264 γοῦν
1699 1215 1765 1252 τοί

1924 1195 2333 1272 τεεεννσὺαευιῄῖ
2359 1207 2592 1252 attamen
2626 1199 2674 1252 in
2699 1210 2894 1253 terram
2926 1218 3173 1258 reversus
3195 1209 3491 1277 propriam,

193 1277 410 1330 αὑτοῦ
447 1281 650 1343 παῖδας
679 1274 835 1352 εὗρεν
874 1282 1066 1335 ἑαυτοῦ
1105 1283 1296 1352 φονέας
1347 1285 1438 1338 ἐπὶ
1485 1289 1582 1355 τῆς
1621 1288 1766 1340 οἱκεί‹

1065 1312 1066 1321 ι
1105 1283 1296 1352 φονέας
1347 1285 1438 1338 ἐπὶ
1485 1289 1582 1355 τῆς
1621 1288 1823 1350 οἰκείας
1923 1283 2060 1340 lilios
2091 1287 2382 1354 parricidas
2419 1289 2638 1344 invenit.

193 1370 544 1440 γενόμενος
571 1372 693 1442 γῆς.

289 1481 313 1511 ι
371 1463 561 1516 Τοῦτο
587 1465 644 1517 δέ
680 1483 761 1518 σοι
797 1466 858 1519 τὸ
877 1469 1096 1538 σημεῖον
1117 1483 1132 1499 ’
1168 1468 1304 1538 φάγε
1326 1469 1509 1522 τοῦτον
1533 1469 1623 1523 τὸν
1645 1472 1821 1524 ἐνιαυ-

1991 1463 2152 1519 Υειις.
2179 1463 2268 1532 50,
2299 1467 2388 1523 51.
2427 1487 2447 1521 ι
2485 1470 2594 1524 l-loc
2632 1481 2808 1526 autem
2844 1473 2936 1526 tibi
2985 1475 3193 1543 signmn
3227 1493 3240 1529 :
3270 1476 3493 1529 comede

193 1553 308 1606 τὸν
354 1555 402 1608 ἃ
437 1555 760 1627 ἔσπαρκας’
791 1557 870 1627 τῷ
900 1558 955 1610 δὲ
983 1559 1210 1631 ἐνιαυτῷ
1254 1560 1330 1632 τῷ
1361 1561 1591 1632 δευτέρῳ
1627 1561 1686 1614 τὸ
1720 1579 1766 1614 κε

1920 1555 2021 1610 hoc
2053 1572 2210 1619 anno,
2234 1575 2352 1628 qua:
2382 1563 3041 1626 seminasti;annoantem
3066 1569 3489 1639 secundo,quod

195 1645 526 1716 τὰλειμμα
550 1664 562 1676 ⁸
591 1646 669 1718 τῷ
688 1648 743 1700 δὲ
773 1649 938 1719 τρίτῳ
967 1649 1283 1720 σπείραντες
1305 1652 1573 1723 ἀμήσατε,
1599 1653 1692 1705 καὶ
1714 1671 1768 1723 (pi

1920 1647 2189 1702 residuum
2219 1650 2324 1705 erit
2351 1669 2364 1717 ;
2406 1653 2584 1718 tertio,
2638 1655 2966 1709 seminantes
3009 1659 3216 1722 metite,
3247 1669 3301 1714 et
3331 1661 3486 1729 plan-

193 1737 470 1791 τεύσατε
499 1739 847 1808 ἀμπελῶνας,
869 1741 962 1794 καὶ
982 1742 1216 1811 φάγεσθε
1237 1743 1326 1796 τὸν
1343 1744 1549 1814 καρπὸν
1565 1744 1760 1798 αὐτῶν.

1920 1747 2026 1793 tate
2056 1741 2260 1805 vineas,
2291 1752 2344 1796 et
2388 1745 2652 1798 comedite
2688 1744 2918 1798 fructum
2952 1762 3157 1803 earnm.
3199 1770 3219 1802 ι
3253 1751 3310 1805 Si
3358 1767 3493 1806 vero

198 1828 278 1880 ΕΞ
301 1829 377 1881 δέ
398 1847 486 1882 σοι
509 1831 592 1882 δεῖ
618 1831 841 1902 σημείου
873 1833 1007 1903 πρὸς
1036 1835 1296 1888 πίστωσιν
1318 1834 1424 1886 τῶν
1454 1835 1599 1906 ἐμῶν
1621 1835 1771 1905 λόγωι

1919 1828 1983 1880 ad
2017 1843 2322 1884 sermonum
2356 1847 2595 1886 meorum
2618 1835 3077 1890 conﬁrmationem
3107 1839 3258 1908 signo
3285 1839 3380 1894 tibi
3411 1843 3485 1895 sit

201 1919 340 1971 ἴσθι
404 1922 495 1974 ὅτι
524 1922 615 1976 τὸν
649 1923 888 1991 παρόντα
912 1902 1148 1977 ἐνιαυτὸν
1191 1927 1302 1988 τοῖς
1341 1925 1446 1978 ἀπὸ
1595 1902 1774 1998 γῆς-αἰ

1917 1933 2050 1986 opus
2075 1958 2090 1983 ,
2129 1919 2262 1972 scito
2289 1929 2340 1975 te
2365 1921 2467 1976 hoc
2493 1937 2631 1975 anno
2658 1935 2847 1990 sponte
2873 1929 3217 1982 nascentibus
3245 1944 3311 1982 ex
3339 1941 3485 1984 terra

201 2012 496 2080 τομάτως
555 2013 1035 2085 ἀναδοθησομένοις
1085 2016 1220 2087 πρὸς
1266 2017 1468 2088 τροφήν
1519 2021 1716 2092 χρήσῃ,
1755 2038 1774 2072 1

1916 2008 2178 2066 fructibus
2221 2012 2484 2067 victurum
2531 2030 2690 2080 esse;
2726 2019 2864 2084 quod
2902 2035 3004 2071 non
3043 2023 3274 2088 potuerit
3310 2023 3483 2092 regio,

206 2102 373 2171 μηδὲ
400 2103 664 2156 δύνασθαι
697 2105 939 2176 συνήθως
978 2107 1074 2176 τὴν
1117 2104 1297 2178 χώραν
1333 2109 1603 2181 γεωργίας
1634 2114 1779 2182 τυχεῐ

1758 2114 1816 2165 λῖν
1916 2100 2146 2156 inimicis
2175 2103 2612 2172 irrumpentibus,
2642 2123 2736 2172 pro
2775 2124 2922 2162 more
2953 2111 3112 2163 solito
3137 2112 3331 2166 excoli.

205 2193 312 2247 διὰ
353 2193 460 2265 τὴν
490 2195 600 2249 τῶν
627 2195 896 2266 πολεμίων
918 2197 1124 2267 ἔφοδον.

297 2302 321 2335 ι
359 2285 476 2337 Καὶ
513 2284 726 2338 ἔσονται
772 2289 818 2339 οἰ
851 2287 1328 2360 καταλελειμμένοι
1370 2291 1428 2344 ὲν
1459 2292 1525 2362 τῇ
1563 2293 1810 2366 Ἰουδαίᾳ,

1983 2281 2145 2338 Vens.
2169 2284 2260 2349 52,
2289 2285 2380 2342 ⁸55.
2413 2303 2432 2338 ι
2466 2286 2530 2340 Et
2553 2296 2708 2341 erunt
2735 2287 2922 2356 reliqui
2953 2290 3005 2342 in
3039 2287 3241 2355 Judaaa,
3280 2291 3480 2360 produ-

209 2376 506 2445 φυήσουσι
563 2378 717 2448 ῥίζαν
757 2379 924 2442 κάτω,
970 2381 1062 2432 καὶ
1090 2382 1371 2451 ποιήσουσι
1407 2383 1626 2455 σπέρμα
1666 2386 1776 2439 ἄνω

1913 2387 2034 2432 cent
2076 2378 2308 2432 radicem
2350 2379 2623 2439 deorsum,
2669 2389 2723 2434 et
2774 2379 2970 2434 facient
3003 2395 3185 2436 semen
3240 2397 3480 2449 sursum,

207 2467 306 2520 ὅτι
340 2469 403 2534 ἐξ
450 2470 805 2542 Ἰερουσαλὴμ
843 2470 1053 2524 ἔσονται
1095 2473 1144 2526 οἰ
1177 2475 1675 2547 καταλελειμμένοι,
1720 2494 1780 2530 κα

1913 2467 2034 2534 quia
2066 2482 2128 2519 ex
2153 2463 2446 2521 Jerusalem
2467 2479 2624 2523 erunt
2659 2471 2879 2535 residui,
2901 2479 2953 2523 et
2978 2471 3171 2527 salvati
3201 2474 3267 2528 de
3298 2485 3484 2530 monte

211 2561 269 2611 oi.
289 2559 602 2631 σωζόμενοι
628 2560 686 2626 ἐξ
711 2561 867 2631 ὅρους
898 2561 1054 2617 Σιών.
1094 2564 1151 2617 Ὀ
1173 2563 1331 2635 ζῆλος
1355 2567 1556 2638 Κυρίου
1585 2567 1784 2621 Σαϐαὼε

1913 2557 2062 2612 Sion.
2104 2557 2262 2612 Zelus
2302 2557 2508 2614 Domini
2551 2561 2784 2616 Sabaoth
2823 2563 2981 2618 faciet
3009 2565 3138 2620 haec.
3185 2564 3480 2636 Propterea

211 2653 453 2721 ποιήσει
483 2651 678 2706 ταῦτα.
704 2653 800 2706 Διά
833 2653 989 2707 τοῦτο
1007 2655 1177 2718 οὕτως
1201 2656 1342 2724 λέγει
1365 2658 1565 2729 Κύριος
1604 2662 1694 2712 ἐπὶ
1717 2661 1782 2729 βα

1910 2647 1986 2701 sic
2010 2649 2136 2702 dicit
2163 2647 2417 2702 Dominus
2446 2650 2498 2703 in
2527 2666 2702 2721 regem
2746 2654 3119 2723 Assyriorum:
3150 2654 3268 2710 Non
3301 2657 3475 2710 intra‘

215 2744 386 2798 σιλέα
427 2745 759 2817 Ἀσσυρίωνο
791 2749 864 2801 Ού
905 2747 978 2819 μὴ
1009 2748 1222 2820 εἰσέλθῃ
1264 2751 1341 2814 εἰς
1372 2751 1468 2823 τὴν
1496 2752 1645 2816 πόλιν
1679 2753 1788 2806 ταύι

1909 2737 1987 2791 bit
2016 2737 2067 2790 in
2091 2736 2360 2791 civitatem
2391 2738 2551 2803 hanc,
2577 2740 2931 2810 nequejaciet
2964 2745 3016 2798 in
3049 2759 3166 2799 eam
3198 2747 3477 2816 sagittam,

212 2853 349 2908 την,
387 2837 513 2890 οὐδὲ
543 2839 616 2907 μὴ
639 2837 776 2912 βάλῃ
807 2840 894 2891 ἐπ’
914 2840 1083 2911 αὐτὴν
1119 2839 1287 2909 βέλος,
1319 2842 1439 2894 οὐδὲ
1475 2844 1547 2914 μὴ
1577 2845 1785 2915 ὲπιϐάλγ

1911 2841 2083 2894 neque
2108 2825 2359 2881 immittet
2384 2827 2435 2881 in
2464 2844 2581 2882 eam
2604 2829 2876 2900 clypeum,
2913 2848 3084 2902 neque
3115 2835 3475 2892 circumdabit

213 2925 315 2978 ἐπ’
345 2927 522 2997 αὐτὴν
548 2927 759 2998 θυρεὸν,
793 2930 910 2983 οὐδὲ
936 2930 1009 3001 μὴ
1039 2929 1290 3002 κυκλὼσῃ
1321 2933 1406 2984 ἐπ’
1435 2935 1598 3006 αὐτὴν
1637 2937 1786 3008 χάραι

1908 2929 2024 2970 eam
2058 2917 2216 2982 vallo,
2256 2935 2274 2968 ι
2301 2918 2531 2972 scientes
2574 2934 2692 2984 vos,
2733 2931 2850 2990 post
2883 2922 3170 2978 abductum
3216 2925 3269 2978 in
3305 2927 3476 2996 capti-

215 3034 320 3083 κα,
367 3038 386 3070 ι
426 3019 489 3071 εύ
524 3020 743 3086 εἰδότες,
766 3021 841 3085 ὡς
870 3025 917 3075 οἱ
941 3023 1376 3093 περιλειφθέντες
1404 3029 1461 3078 ἐν
1490 3031 1553 3098 τῇ
1583 3029 1788 3103 Ἰουδαίς

1908 3009 2124 3062 vitalem
2166 3007 2422 3064 Samaria:
2448 3011 2698 3080 populum
2734 3014 2784 3067 in
2816 3012 2996 3068 Judma
3024 3017 3328 3084 derelictos,
3349 3032 3471 3072 cum

220 3107 372 3177 μετά
417 3108 520 3180 τὴν
553 3112 927 3181 αἰχμαλωσίαν
964 3114 1058 3167 τοῦ
1089 3117 1147 3166 ὲν
1177 3117 1456 3188 Σαμαρείᾳ
1489 3117 1724 3190 πλήθους
1747 3122 1793 3174 ἐκ

1907 3115 2038 3170 pace
2087 3111 2304 3156 acturos
2341 3117 2495 3168 esse,
2538 3104 2582 3157 si
2614 3108 2681 3158 ad
2734 3105 2983 3174 placitum
3038 3123 3215 3161 meum
3263 3108 3471 3163 ﬁrmam

219 3201 426 3274 εἰρήνῃ
458 3201 814 3270 διατελέσετε,
849 3206 896 3257 εἰ
935 3205 1076 3259 κατά
1110 3208 1208 3277 τὴν
1238 3209 1373 3279 ἐμὴν
1399 3209 1610 3281 βουλήν,
1649 3211 1792 3284 ῥίζαι

1909 3195 2121 3264 pietatis
2154 3196 2387 3250 radicem
2419 3196 2472 3250 in
2507 3197 2683 3251 anima
2720 3209 2893 3252 vestra
2934 3209 3210 3268 ponentes,
3242 3201 3469 3254 fructum

220 3291 562 3361 ἐμύαλόντες
595 3294 812 3364 ἑδραίαν
855 3296 1157 3362 θεοσεϐείας
1204 3302 1260 3353 ὲν
1292 3303 1356 3371 τῇ
1394 3302 1605 3354 ἑαυτῶν
1631 3303 1793 3376 ψυχῇ,

1905 3288 2230 3357 agricultura
2258 3304 2376 3343 mea
2422 3288 2658 3360 dignum,
2694 3290 2760 3343 ad
2797 3306 2882 3344 me
2929 3303 3296 3360 spectantem,
3329 3302 3473 3347 attu-

219 3384 440 3455 καρπὸν
472 3387 570 3455 τῆς
599 3387 736 3458 ἐμῆς
770 3390 1040 3458 γεωργίας
1075 3390 1224 3457 ἄξιον
1268 3392 1634 3446 ἀναϐλέποντα
1666 3395 1802 3465 πρὸς
1900 3379 2091 3434 lamis-

221 3473 297 3544 μδ
323 3476 657 3529 ἁναδώσετε.
2966 3540 2975 3550 .

298 3584 319 3617 ι
371 3565 533 3618 Ἀλλά
568 3570 633 3637 τῇ
658 3561 811 3640 ὁδῷῇ
840 3563 1023 3638 ἦλθεν,
1050 3566 1106 3621 ὲν
1131 3571 1266 3643 αὐτῇ
1300 3573 1797 3646 ἀποστραφήσεται,

1971 3563 2132 3618 Vens.
2165 3565 2255 3628 54,
2280 3565 2369 3618 55.
2409 3582 2427 3615 ι
2466 3563 2574 3618 Sed
2598 3579 2700 3634 qua
2732 3562 2815 3616 via
2852 3564 3017 3628 venit,
3058 3566 3244 3620 eadem
3289 3581 3471 3622 rever-

217 3655 316 3709 καὶ
335 3659 419 3720 εἰς
442 3656 544 3728 τήν
561 3656 711 3710 πόλιν
731 3657 932 3730 ταύτην
952 3659 1010 3712 οὐ
1032 3659 1104 3730 μή
1126 3661 1356 3734 εἰσέλθῃ.
1382 3664 1518 3717 Τάδε
1536 3665 1680 3733 λέγει
1697 3666 1790 3718 Κύ-

1902 3663 2069 3720 tetur,
2101 3667 2153 3711 et
2182 3658 2233 3710 in
2263 3658 2398 3710 hanc
2433 3656 2622 3710 urbem
2655 3672 2757 3710 non
2793 3657 3144 3725 ingredietur.
3187 3657 3309 3712 Haec
3337 3659 3469 3714 dicit

220 3766 338 3821 ριος
358 3766 374 3779 ο
417 3749 772 3820 Ὑπερασπιῶ
788 3751 926 3822 ὑπὲρ
950 3755 1048 3822 τῆς
1068 3753 1268 3817 πόλεως
1288 3755 1490 3827 ταύτης
1515 3756 1608 3810 τοῦ
1627 3759 1793 3814 σῶσαι

1900 3747 2158 3803 Dominus
2185 3767 2198 3802 :
2224 3747 2510 3818 Protegam
2533 3748 2802 3802 civitatem
2835 3749 2994 3812 lianc,
3018 3758 3074 3802 ut
3099 3763 3311 3805 servem
3345 3766 3464 3804 eam

217 3840 391 3912 αὐτὴν
413 3841 484 3894 δι’
515 3841 614 3906 ἐμὲ
634 3880 649 3903 ,
688 3842 781 3894 καὶ
811 3841 898 3894 διὰ
927 3842 1086 3894 Δαυῒδ
1112 3845 1202 3896 τὸν
1223 3847 1385 3901 παῖδά
1417 3865 1537 3917 μου.
1571 3867 1589 3900 ι
1630 3849 1790 3903 Τοῦτο

1897 3851 2114 3909 propter
2137 3853 2254 3902 me,
2291 3849 2343 3892 et
2384 3849 2602 3909 propter
2651 3839 2814 3892 David
2857 3854 3070 3893 servum
3109 3856 3309 3894 meum.
3352 3860 3373 3892 ι
3409 3840 3462 3894 id

216 3931 330 4002 γὰρ
358 3931 488 4001 ἐμοὶ
516 3929 634 4001 Θεῷ
658 3931 769 3984 ὄντι
804 3932 1017 4003 πρέπει.
1054 3933 1144 3986 Διὸ
1169 3935 1337 3990 ταῦτα
1363 3938 1550 4008 πράξω
1583 3939 1649 3992 δι’
1674 3940 1789 4011 ἐμὲ,

1897 3931 2041 3985 enim
2068 3931 2220 3995 mihi,
2254 3939 2312 3984 nt
2341 3931 2466 3995 Deo,
2494 3947 2792 4001 congruens
2828 3941 2927 3984 est.
2954 3931 3131 3997 Quare
3165 3933 3214 3986 id
3245 3945 3464 4002 propter

217 4022 335 4076 ἀλλ’
357 4022 422 4074 οὐ
452 4020 540 4074 διὰ
561 4020 654 4074 τοῦ
678 4019 859 4086 ἀξίους
874 4018 1008 4076 εἶναι
1033 4023 1158 4087 τοὺς
1175 4023 1583 4097 βοηθουμένους.

1897 4033 1982 4073 me
2030 4035 2219 4091 agam;
2250 4021 2342 4074 sed
2399 4035 2503 4074 non
2555 4022 2697 4089 quod
2737 4021 2810 4074 illi
2841 4022 2929 4088 qni
2961 4019 3220 4087 juvantur
3260 4023 3462 4076 auxilio

1896 4110 2040 4180 digni
2065 4113 2194 4165 sint.

291 4219 313 4254 ι
343 4194 458 4256 Καὶ
481 4200 702 4272 ἐξῆλθεν
733 4202 958 4272 ἄγγελος
982 4204 1208 4276 Κυρίου,
1242 4207 1332 4260 καὶ
1362 4207 1568 4261 ἀνεῖλεν
1597 4210 1662 4261 ἐκ
1694 4208 1794 4280 τῆς

1965 4201 2128 4256 Vens.
2151 4201 2336 4256 36-38.
2363 4220 2382 4252 ‹
2419 4201 2485 4255 Et
2536 4217 2783 4271 egressus
2831 4214 2914 4258 est
2961 4203 3181 4273 angelus
3215 4201 3455 4270 Domini,

213 4296 576 4368 παρεμϐολῆς
600 4297 707 4351 τῶν
747 4299 1042 4370 Ἀσσυρίων
1076 4307 1192 4372 ρπε⁹
1213 4301 1480 4370 χιλιάδας’
1529 4303 1622 4355 καὶ
1649 4305 1786 4357 ἀνα-

1893 4304 1947 4347 et
2004 4293 2276 4348 interfecit
2311 4309 2378 4348 ex
2417 4295 2608 4348 castris
2667 4296 3006 4365 Assyriorum
3055 4305 3269 4350 cent-um
3311 4307 3459 4353 octo-

216 4388 449 4452 ρτάντες
468 4390 531 4442 τὺ
547 4390 710 4460 πρωῒ,
739 4385 896 4462 εὗρον
919 4393 1092 4446 πάντα
1113 4393 1179 4445 τὰ
1214 4392 1439 4464 σώματα
1465 4395 1652 4465 νεκρά.
1684 4396 1789 4448 Καὶ

1893 4388 2039 4454 ginta
2061 4388 2298 4457 quinque
2321 4387 2586 4442 millia:et
2615 4397 2900 4455 surgentes
2927 4402 3105 4452 mane,
3137 4388 3459 4442 invenerunt

213 4480 464 4552 ἀπῆλθεν
505 4481 876 4553 ἀποστραφεὶς
919 4483 1287 4555 Σενναχηρεὶμ
1319 4483 1565 4554 βασιλεὺς
1599 4487 1786 4538 Ἀσσυ-

1893 4481 2073 4537 omnia
2097 4482 2382 4557 cadavera.
2430 4480 2497 4534 Et
2523 4495 2770 4535 reversus
2795 4479 2926 4534 abiit
2951 4479 3336 4534 Sennaclierim
3363 4494 3455 4534 rex

217 4574 372 4645 ρίων,
399 4574 496 4627 καὶ
519 4573 733 4644 ᾤκησεν
762 4575 820 4626 ὲν
845 4575 1043 4645 Νινευῇ
1066 4592 1081 4607 ο
1113 4577 1206 4629 καὶ
1240 4578 1296 4629 ὲν
1325 4577 1402 4647 τῷ
1431 4578 1591 4632 αὐτὸν
1618 4596 1786 4650 προσ-

1895 4577 2256 4645 Assyriorum,
2292 4583 2343 4629 et
2378 4575 2641 4628 habitavit
2677 4573 2730 4627 in
2773 4572 2984 4634 Ninive,
3034 4581 3089 4627 et
3119 4587 3240 4626 cum
3267 4573 3457 4627 adora-

214 4671 399 4722 κυνείν
451 4667 510 4718 ὲν
551 4667 629 4737 τῷ
667 4667 798 4737 οἴκῳ
834 4667 1095 4738 Νασαρὰχ
1137 4668 1226 4722 τὸν
1261 4668 1570 4740 πάτραρχον
1601 4669 1786 4736 αὐτοῦ,

1896 4669 2054 4722 retin
2089 4668 2248 4722 domo
2276 4664 2549 4721 Nasaracb
2579 4675 2866 4736 patronum
2903 4679 3082 4730 suum,
3104 4665 3452 4720 Adramelech

225 4759 561 4830 Ἀδραμέλεχ
582 4759 675 4811 καὶ
711 4758 966 4830 Σαρασὰρ
995 4761 1042 4812 οἰ
1067 4760 1171 4812 υἱοὶ
1198 4759 1361 4812 αὑτοῦ
1392 4761 1667 4828 ἐπάταξαν
1692 4763 1790 4816 αὑ.

1893 4770 1946 4814 et
1979 4761 2209 4814 Sarasar
2240 4760 2331 4813 lilii
2380 4759 2495 4827 ejus
2527 4767 2911 4829 percusserunt
2953 4773 3072 4812 eum
3109 4756 3319 4827 gladiis.
3354 4757 3452 4826 Ipsi

208 4850 300 4902 τὸν
331 4849 651 4921 μαχαίραις.
683 4850 844 4902 Αὐτοὶ
886 4849 942 4902 δὲ
976 4848 1308 4921 διεσώθησαν
1353 4853 1430 4914 εἰς
1476 4854 1781 4924 ’Λρμενίαν,

1892 4866 2018 4906 vero
2043 4854 2396 4920 confugerunt
2424 4852 2474 4905 in
2505 4852 2835 4914 Armeniam,
2865 4860 2917 4903 et
2941 4851 3181 4920 regnavit
3212 4849 3449 4902 Asordan

210 4946 304 4998 καὶ
338 4944 689 4998 ἐϐασίλευσεν
736 4945 990 5015 Ἀσορδὰν
1022 4947 1050 4998 ὁ
1071 4946 1184 5009 υίὸς
1212 4945 1374 4999 αὑτοῦ
1402 4948 1512 5000 ἀντ’
1535 4949 1718 5002 αὑτοῦ.
1758 4969 1776 5001 ι

1890 4943 2032 4998 [ilius
2057 4945 2172 5005 eius
2221 4959 2318 5009 pro
2355 4957 2440 4998 eo.
2481 4961 2500 4994 ι
2554 4941 2660 4997 Nec
2691 4943 2857 4996 runlto
2895 4949 3012 5011 post
3048 4942 3144 4994 has
3165 4939 3334 4993 editas
3361 4955 3452 4993 vo—

211 5035 324 5086 Ούκ
353 5036 435 5096 εἰς
458 5034 675 5106 μακρὰν
703 5035 757 5087 δὲ
787 5038 896 5097 τοῖς
929 5035 1105 5103 λόγοις
1133 5035 1334 5107 φοϐερά
1353 5055 1437 5100 τις
1462 5037 1614 5110 θεῖκὴ
1647 5042 1784 5111 πρᾶ-

1887 5052 1998 5100 ees,
2033 5049 2118 5088 res
2145 5035 2506 5102 perhorrenda
2541 5035 2795 5088 divinitus
2821 5034 3037 5092 accidit.
3066 5049 3167 5086 non
3205 5033 3449 5084 humanm

209 5125 290 5190 ξις
313 5125 504 5179 εἵπετο
546 5126 744 5180 αὐτίκα
790 5127 928 5196 μετά
962 5127 1165 5191 ταύτας
1200 5129 1297 5193 τὰς
1331 5130 1533 5198 φωνὰς,
1556 5131 1663 5184 οὐδ’
1690 5134 1782 5186 ἀν-

1886 5127 2179 5192 facultatis,
2200 5127 2467 5196 myriades
2483 5126 2718 5180 virorum
2745 5127 2902 5180 unius
2924 5125 3098 5195 angeli
3124 5138 3280 5177 manu
3298 5136 3454 5178 casa:

211 5216 488 5288 θρωπίνης
531 5216 774 5288 μεθόδου,
813 5218 1067 5289 μυριάδες
1095 5219 1308 5292 ἀθρόως
1346 5221 1552 5292 ἀνδρῶν
1589 5222 1783 5296 εὕρην-

1889 5231 2114 5289 repertaa
2164 5227 2290 5280 sunt
2330 5233 2344 5268 :
2379 5225 2560 5272 tantus
2605 5219 2748 5272 enim
2800 5216 2890 5270 ille
2939 5215 3162 5286 angelus
3200 5221 3348 5276 erat,
3390 5223 3447 5266 ut

207 5324 295 5361 ται
322 5309 516 5377 νεκραὶ
546 5308 870 5380 βεϐλημέναι
912 5309 1016 5363 ὑπὸ
1039 5311 1218 5380 χειρὸς
1257 5312 1374 5376 ἐνὸς
1402 5314 1628 5382 ἀγγέλου
1649 5332 1662 5346 ο
1696 5333 1780 5369 το-

1879 5310 2081 5384 judicio
2113 5309 2206 5365 Dei
2237 5308 2590 5372 ministraret,
2620 5319 2675 5362 et
2702 5318 2901 5363 tantam
2943 5307 3172 5361 hostium
3205 5304 3444 5358 multitu-

211 5399 400 5464 σοῦτος
422 5399 532 5471 γὰρ
557 5395 624 5471 ἦν
657 5395 828 5465 οὗτος,
877 5400 952 5465 ὡς
979 5401 1114 5454 Θεοῦ
1154 5403 1329 5474 κρίσει
1359 5404 1780 5477 διακονήσασθαι

1886 5405 2064 5460 dinem
2107 5402 2476 5466 interﬁceret;
2532 5411 2588 5456 ut
2650 5417 2741 5455 rex
2805 5400 3016 5455 illormn
3075 5396 3445 5463 experimento

209 5495 300 5550 καὶ
318 5494 560 5549 τοσαῦτα
581 5494 757 5566 πλήθη
781 5494 888 5547 τῶν
909 5494 1180 5564 πολεμίων
1203 5495 1412 5550 ἀνελεῖν
1427 5514 1440 5526 ·
1470 5498 1616 5561 ὅπως
1635 5499 1780 5570 ἔργῳ

1884 5497 2116 5552 disceret
2148 5510 2208 5550 se
2234 5504 2419 5549 contra
2475 5493 2638 5547 Deum
2680 5492 2994 5561 blasphema
3035 5487 3338 5556 protulisse.
3369 5487 3440 5542 Ea

209 5588 400 5658 πεῖραν
439 5583 592 5638 λάϐοι
623 5585 652 5637 ὁ
678 5584 882 5638 τούτων
911 5583 1178 5654 βασιλεὺς,
1224 5584 1283 5647 ὃς
1335 5585 1776 5658 κατεϐλασφήμει

1883 5589 1948 5644 de
1979 5602 2162 5652 causa,
2193 5595 2269 5641 tot
2303 5585 2573 5654 tantisque
2626 5583 2974 5655 pereuntibus
3014 5581 3149 5645 aliis,
3185 5580 3296 5650 ipse
3320 5594 3443 5637 cum

208 5677 364 5731 Θεοῦ.
422 5676 626 5730 Τούτου
665 5675 795 5744 γοῦν
836 5677 1021 5730 ἕνεκεν
1062 5676 1326 5730 τοσούτων
1373 5677 1773 5748 ἀπολλυμένων,

1882 5680 1984 5735 illis
2008 5695 2110 5736 non
2141 5679 2323 5750 periit,
2352 5687 2409 5733 ut
2440 5687 2604 5747 gestae
2637 5677 2710 5732 rei
2766 5684 3038 5746 spectator
3065 5673 3310 5742 ell'ecuts,
3339 5675 3439 5728 im-

209 5771 268 5824 οὐ
308 5768 709 5835 συναπώλλυτο,
747 5769 823 5832 ὡς
859 5768 925 5822 ἂν
963 5769 1164 5839 θεωρὸς
1198 5767 1482 5839 γενόμενος
1514 5769 1606 5822 τοῦ
1637 5787 1777 5840 πρα-

1034 5769 1164 5839 lupo;
1198 5767 1482 5839 γενόμενος
1514 5769 1606 5822 τοῦ
1637 5787 1777 5840 πρα-
1883 5772 2023 5842 piam
2068 5773 2303 5843 linguam
2355 5770 2607 5825 frenaret.

211 5863 447 5934 χθέντος,
503 5861 602 5933 τὴν
657 5863 817 5917 ἄθεον
864 5862 1032 5915 αὑτοῦ
1071 5860 1316 5930 γλῶτταν
1351 5862 1768 5932 ὲπιστομίσειεν.
