3984 6502
544 451 649 505 ’555

1047 556 1602 629 οΑνυΤ,Χχχιηι

620 658 775 711 \‘sas.
818 656 929 710 1-5.
962 674 979 705 ι
1006 654 1240 722 Contigit
1269 664 1446 705 autem
1479 666 1542 703 eo
1571 662 1833 719 tempore,
1860 658 1916 702 ut
1938 658 2110 717 aegro-

546 759 683 803 taret
715 748 972 801 Ezechias
1000 761 1167 813 usque
1210 744 1276 796 ad
1304 752 1530 797 mortem
1557 757 1570 805 ;
1603 755 1659 795 et
1703 741 1855 795 venit
1897 742 1963 794 ad
1987 746 2108 794 eum

543 842 715 895 Isaias
742 840 881 893 tilias
914 842 1077 892 Amos
1112 837 1392 905 propheta,
1429 844 1482 887 et
1520 834 1659 887 dixit
1684 834 1731 887 ei
1766 848 1783 887 :
1819 832 1940 887 llzec
1979 832 2111 885 dicit

546 934 800 986 Dontinus
827 948 839 984 :
873 929 1105 997 Dispone
1134 930 1313 982 domui
1340 938 1475 980 tua::
1504 926 1750 979 morieris
1770 926 1913 979 enim
1951 920 2028 989 tu,
2057 935 2111 979 et

541 1041 642 1076 nou
678 1022 845 1075 vives.
904 1019 969 1073 Et
1011 1020 1282 1073 convertit
1325 1018 1589 1072 EZerhias
1639 1017 1832 1071 faciem
1868 1031 2016 1070 suam
2043 1017 2111 1071 ad

539 1117 821 1181 parietem,
853 1121 906 1167 et
930 1112 1104 1167 oravit
1132 1112 1417 1165 Dominum
1438 1112 1660 1165 dicens:
1691 1108 1980 1174 Memento,
2008 1106 2110 1164 Do-

539 1208 704 1268 mine,
733 1204 1002 1273 quomodo
1033 1203 1419 1257 ambulaverint
1470 1216 1653 1258 coram
1686 1213 1737 1255 te
1772 1202 1825 1256 in
1853 1202 2106 1265 veritate,

538 1300 589 1351 in
624 1299 787 1352 corde
832 1297 1066 1361 sincero,
1100 1306 1155 1351 et
1204 1295 1399 1364 placita
1441 1294 1493 1349 in
1518 1304 1811 1363 conspectu
1833 1290 1937 1348 tuo
1968 1292 2109 1347 fece-

540 1391 660 1443 rim.
709 1390 772 1444 Et
810 1391 956 1443 licvit
1003 1388 1266 1443 Ezechias
1310 1387 1436 1441 ﬂetu
1484 1402 1701 1456 magno.
1744 1407 1761 1439 ι
1819 1386 1921 1453 Qui
1973 1386 2108 1439 dixit

542 1481 702 1545 Deus,
733 1499 751 1530 ι
785 1479 894 1549 Ego
924 1480 1190 1540 occidam.
1212 1488 1265 1533 et
1303 1484 1404 1549 ego
1433 1480 1616 1533 vivere"
1647 1478 1843 1533 faciam
1870 1496 1884 1544 ;
1915 1480 2105 1548 percu-

540 1577 668 1627 tiam
720 1584 774 1627 et
818 1588 919 1643 ego
969 1566 1266 1634 satiabo";
1312 1591 1329 1622 ι
1379 1587 1499 1624 cum
1535 1588 1628 1640 per
1659 1588 1822 1623 unum
1858 1572 2105 1641 angelum

541 1669 721 1721 hostes
760 1665 905 1733 justo
934 1664 1137 1733 judicio
1170 1663 1544 1734 percussisset,
1576 1663 1880 1729 religiosum
1928 1677 2105 1733 regem

540 1763 606 1813 ad
640 1758 1059 1812 incolmuitatem
1101 1768 1155 1811 et
1187 1759 1348 1810 vitam
1398 1766 1634 1815 revocat,
1676 1771 1738 1809 ac
1767 1764 1861 1823 per
1894 1770 1952 1807 se
1982 1770 2103 1807 eum

536 1867 566 1903 a
598 1859 771 1903 morte
800 1849 979 1919 eripit.
1034 1848 1261 1902 Pulchre
1315 1848 1477 1916 igitur
1532 1848 1715 1901 isthicc
1774 1850 1992 1901 enarrat
2020 1848 2104 1900 di-

535 1958 665 1997 cens
698 1961 709 1996 :
741 1960 759 1992 ι
802 1941 877 1995 Eo
926 1952 1169 2008 tempore
1220 1942 1499 2010 aigrotavit
1552 1940 1806 1993 Ezechias
1838 1954 2007 2008 usque
2039 1941 2104 1993 ad

536 2044 761 2089 mortem
797 2050 810 2084 :
844 2053 863 2085 ι
896 2034 974 2088 vel
1012 2044 1069 2087 ut
1094 2034 1291 2102 Aquila
1325 2032 1505 2094 habet,
1537 2052 1553 2083 ι
1587 2033 1650 2085 ad
1685 2031 2022 2086 moriendum
2044 2049 2055 2095 ;
2081 2050 2099 2082 ι

535 2138 627 2182 aut
660 2137 719 2180 ιιι
762 2128 950 2195 reliqui
999 2128 1341 2193 interpretes,
1377 2144 1394 2175 ι
1434 2126 1501 2178 ad
1540 2134 1784 2178 mortem.
1824 2144 1841 2173 ι
1882 2120 2014 2177 Nam
2042 2137 2106 2176 eo

536 2233 797 2291 tempore,
834 2236 941 2290 quo
961 2219 1072 2287 jam
1105 2218 1371 2272 recensita
1402 2217 1640 2286 perpessi
1695 2225 1823 2269 sunt
1872 2215 2103 2291 Assyrii,

534 2288 776 2366 Ezechiae
825 2288 1016 2365 mortis
1054 2320 1262 2379 tempus
1295 2309 1484 2363 adl‘uit.
1548 2307 1681 2362 Cum
1737 2324 1898 2376 porro
1945 2288 2106 2362 vellet

537 2404 679 2457 Deus
712 2418 885 2471 Ipsum
915 2402 1242 2456 incolumem
1277 2416 1636 2462 serVare,uou
1672 2401 1723 2454 iu
1765 2402 1996 2455 obscuro
2018 2416 2104 2455 re-

534 2495 711 2564 liquit,
745 2496 833 2563 qui
864 2495 985 2548 linis
1012 2494 1343 2547 inﬁrmitatis
1377 2492 1493 2561 ejus
1522 2493 1736 2546 futurus
1761 2502 1928 2547 esset.
1957 2493 2103 2558 Qua-

536 2599 757 2655 propter
812 2587 1173 2655 adipisceuda:
1213 2585 1402 2639 salutis
1451 2585 1795 2638 occasionem
1831 2584 2099 2650 praebetis,

536 2679 869 2732 inlirmitatis
902 2681 1107 2731 exitum
1153 2679 1201 2731 ei
1256 2693 1354 2746 per
1400 2678 1719 2747 prophetam
1773 2677 2101 2737 declaravit;

534 2781 609 2835 nt,
643 2782 864 2839 aCt'cplo
889 2771 962 2823 rei
994 2771 1203 2833 nuntio,
1237 2780 1572 2839 precaretur,
1600 2771 1957 2839 precibusque
1981 2769 2104 2820 vitae

531 2879 644 2916 sua:
678 2865 1100 2917 additamentum
1134 2864 1485 2931 impetraret,
1533 2863 1699 2915 etiam
1741 2872 1861 2933 post
1908 2862 2101 2917 delini-

494 2952 501 2961 “
534 2968 645 3009 tum
678 2957 779 3010 sibi
817 2958 1005 3011 mortis
1031 2966 1241 3025 tempus
1271 2974 1285 3011 :
1325 2966 1381 3008 ιιι
1439 2956 1566 3009 hinc
1617 2952 1965 3015 edoceamur,
1996 2970 2101 3009 non

534 3049 933 3105 recessitateet
959 3050 1072 3102 fato
1102 3049 1221 3103 duci
1257 3050 1423 3102 vitam
1456 3048 1765 3110 humanam,
1797 3062 1969 3117 neque
2000 3048 2100 3100 im-

534 3140 793 3195 mutabile
819 3142 1009 3195 mortis
1036 3149 1247 3210 tempus
1279 3140 1589 3194 lmminibus
1610 3140 1935 3193 destinatum
1960 3155 2101 3193 esse.

1210 442 1476 499 EUSEBII
1518 439 1994 496 CESMHENSIS
2031 428 2100 496 ot

2224 442 2401 495 PARS
2439 442 2526 496 ιιι.
2568 473 2633 483 -
2672 428 3079 499 EXECETICA.

2142 568 2185 619 Α

3674 444 3788 501 356

2716 561 3101 613 ΚΕΦΛΛΑΙυΝ
3145 562 3269 615 AH'.

2285 668 2304 700 ι
2353 651 2594 718 Ἐγένετο
2634 651 2687 703 δὲ
2730 654 2785 703 έν
2829 652 2906 721 τῷ
2956 652 3130 723 καιρῴ
3187 654 3398 723 ἐκείνῳ,
3437 656 3788 728 εμαλακίσθη

2226 741 2467 804 Ἐζεκίας
2500 742 2602 804 ’έως
2628 742 2883 795 θανάτου·
2917 742 3011 795 καὶ
3043 739 3171 814 ἦλθε
3202 745 3336 814 πρὸς
3360 745 3520 797 αὑτὸν
3555 746 3791 810 Ἡσαΐας

2214 833 2325 895 υἱὸς
2361 832 2538 903 Ἀμὼς
2563 834 2590 886 ὁ
2614 835 2914 905 προφήτης,
2953 837 3043 888 καὶ
3072 831 3191 889 εἷπε
3240 832 3373 907 προς
3400 838 3559 892 αύτόν
3578 856 3592 871 ⁸
3640 841 3789 893 Τάδε

2211 924 2357 993 λέγει
2380 925 2582 996 Κύριος
2605 943 2618 955 ·
2670 927 2839 993 Τάξαι
2866 929 2994 998 περὶ
3030 929 3123 982 τοῦ
3176 929 3325 983 οἴκου
3382 942 3505 985 σου·
3536 933 3789 1005 ἀποθνὴ-

2212 1034 2362 1079 σκεις
2394 1016 2499 1088 γὰρ
2530 1017 2614 1080 σὺ,
2645 1020 2735 1071 καὶ
2756 1020 2815 1071 ού
2840 1018 2996 1091 ζήσῃ.
3025 1022 3132 1073 Καὶ
3164 1021 3500 1092 ἀπέστρεψεν
3531 1024 3789 1087 Ἐζεκίας

2208 1108 2269 1161 τὸ
2295 1110 2582 1181 πρόσωπον
2606 1108 2769 1163 αὑτοῦ
2806 1113 2940 1183 πρὸς
2967 1112 3059 1165 τὸν
3080 1116 3275 1183 τοῖχον,
3309 1116 3402 1168 καὶ
3429 1114 3791 1187 προσηύξατο

2210 1200 2344 1269 πρὸς
2366 1201 2586 1272 Κύριον,
2614 1199 2784 1270 λέγων
2806 1219 2817 1232 ο
2848 1203 3148 1274 Μνήσθητι,
3176 1205 3360 1275 Κύριε,
3382 1207 3456 1270 ὼς
3480 1208 3792 1279 ἐπορεύθην

2209 1290 2436 1345 ἐνώπιόν
2468 1310 2559 1345 σου
2607 1294 2742 1363 μετά
2769 1294 3022 1364 ἀληθείας
3066 1297 3122 1349 ἐν
3161 1298 3357 1367 καρδίᾳ
3406 1298 3652 1371 ἀληθινῇ,
3685 1304 3788 1353 καὶ

2207 1383 2276 1435 τά
2295 1384 2496 1456 ἀρεστά
2528 1385 2752 1440 ἐνώπιόν
2787 1404 2878 1439 σου
2904 1388 3150 1457 ἐποίησα.
3180 1390 3289 1442 Καὶ
3322 1389 3581 1444 ἔκλαυσεν
3622 1390 3787 1456 Ἐζε-

2209 1475 2331 1538 κίας
2361 1475 2619 1546 κλαυθμῷ
2638 1475 2873 1547 μεγάλῳ.
2902 1499 2918 1527 ι
2952 1478 3009 1531 ὐ
3032 1478 3197 1531 εἰπὼν
3219 1480 3376 1543 Θεὸς·
3412 1500 3429 1531 ι
3466 1481 3605 1550 Ἐγὼ
3635 1485 3785 1537 ἀποο

2208 1564 2381 1618 κτενῶ
2407 1567 2500 1618 καὶ
2524 1566 2858 1639 ζωοποιήσω·
2884 1569 3125 1635 πατάξω,
3152 1570 3303 1639 κάγὼ
3338 1572 3579 1641 ἰάσομαι,
3600 1593 3617 1623 ι
3650 1576 3787 1638 τοὺς

2210 1655 2495 1726 πολεμίους
2547 1657 2788 1724 πατάξας
2822 1659 2994 1728 κρίσει
3037 1660 3216 1731 δικαία
3253 1661 3319 1715 δι’
3365 1663 3481 1726 ἑνὸς
3519 1664 3783 1733 ἀγγέλου,

2206 1747 2298 1799 τὸν
2350 1738 2568 1819 θεοφιλῆ
2621 1748 2841 1818 βασιλέα
2885 1753 3025 1803 ἰᾶται
3075 1751 3168 1805 καῖ
3197 1753 3478 1821 ζωοποιεῖ,
3515 1757 3786 1828 ῥυόμενος

2210 1840 2366 1892 αὑτὸν
2406 1841 2467 1892 ἐκ
2500 1840 2726 1893 θανάτου
2766 1841 2831 1894 δι’
2870 1842 3081 1895 ἑαυτοῦε
3123 1845 3315 1908 Καλῶς
3346 1841 3439 1899 οὖν
3484 1847 3786 1920 ἀπεσημήο

2206 1938 2330 1984 νατο
2360 1934 2536 2004 φήσας
2559 1951 2571 1962 ’
2596 1952 2615 1984 ‹
2640 1934 2725 1986 Ἐν
2746 1934 2819 2004 τῷ
2842 1936 3016 2006 καιρῷ
3041 1937 3231 2008 ἐκείνῳ
3252 1938 3585 2012 ἐμαλακίσθη
3624 1942 3749 2005 Ἐζε
3774 1974 3783 1981 -

2207 2024 2329 2087 κίας
2355 2025 2459 2089 ἓως
2488 2025 2715 2079 Θανάτου
2733 2044 2746 2055 ·
2789 2048 2807 2078 ›
2845 2028 2878 2098 ἢ
2903 2029 3041 2081 κατά
3064 2030 3153 2082 τὸν
3182 2032 3430 2099 Ἀκύλαν,
3470 2052 3486 2084 ι
3520 2034 3615 2086 τοῦ
3646 2037 3786 2088 ἀπο-

2206 2116 2405 2181 θανεῖν,
2446 2138 2463 2169 ι
2501 2118 2532 2187 ἢ
2566 2119 2706 2171 κατά
2735 2120 2859 2183 τοὺς
2895 2120 3132 2185 λοιποὺς,
3175 2140 3192 2172 ι
3224 2124 3303 2185 είς
3333 2123 3577 2179 θάνατον.
3617 2146 3637 2176 ι
3690 2127 3784 2179 Ἐν

2206 2208 2313 2281 γάρ
2348 2210 2541 2281 ἐκείνῳ
2588 2211 2666 2281 τῷ
2705 2212 2903 2284 καιρῷ,
2951 2214 3071 2266 καθ’
3098 2215 3155 2268 ὃν
3183 2214 3253 2268 τά
3283 2216 3644 2287 πρσλεχθέντα
3682 2236 3786 2271 πε-

2206 2303 2460 2356 πόνθασιν
2483 2306 2530 2356 οἱ
2572 2305 2863 2376 ’Λσσύριοι,
2892 2309 2919 2359 ὁ
2957 2307 3047 2360 τοῦ
3080 2308 3307 2362 θανάτου
3341 2298 3531 2380 καιρος
3573 2312 3783 2381 ἐπέστη

2204 2395 2281 2466 τῷ
2317 2396 2552 2467 Ἐζεκία.
2582 2396 2909 2468 Βουλόμενος
2945 2399 2999 2451 δὲ
3024 2400 3190 2452 σῶσαι
3236 2402 3397 2454 αὑτὸν
3423 2404 3450 2454 ὁ
3484 2402 3632 2465 Θεὸς,
3676 2402 3782 2455 οὐκ

2203 2489 2260 2540 ὲν
2284 2488 2460 2559 ἀδήλῳ
2481 2488 2734 2540 κατέλιπε
2757 2490 2816 2542 τὸ
2842 2484 3030 2560 μέλλον
3062 2492 3157 2562 τὴν
3190 2492 3456 2563 μαλακίαν
3482 2494 3646 2547 αὐτοῦ
3668 2494 3784 2548 δια-

2202 2580 2454 2647 δέξασθαι
2480 2580 2644 2645 τέλος.
2678 2572 2767 2635 Διο
2798 2583 3095 2653 προφάσεις
3135 2586 3282 2656 αύτῷ
3333 2588 3599 2657 σωτηρίας
3635 2606 3779 2660 παρ-

2204 2674 2362 2744 έχων,
2384 2672 2443 2728 τὸ
2462 2675 2559 2745 τῆς
2577 2676 2883 2746 ἀρρωστίας
2910 2676 3059 2740 τέλος
3082 2679 3311 2749 φανερὸν
3339 2680 3486 2751 αὐτῷ
3520 2681 3775 2752 καθίστη,

2202 2766 2287 2819 διὰ
2322 2766 2414 2819 τοῦ
2452 2770 2749 2839 προφήτου,
2802 2769 2877 2832 ὠς
2933 2768 2998 2822 ἂν
3046 2770 3229 2839 μαθὼν
3279 2774 3643 2842 προσεύξοιτο,
3680 2777 3778 2829 καὶ

2204 2859 2639 2930 προσευξάμενος
2670 2861 2821 2931 τύχοι
2846 2860 3159 2932 προσθήκης
3194 2861 3357 2933 ζωῆς,
3388 2867 3479 2917 καὶ
3518 2868 3655 2936 μετὰ
3684 2868 3779 2921 τὸν

2202 2948 2503 3019 ὡρισμένον
2524 2954 2640 3003 κατ’
2668 2951 2831 3003 αὐτοῦ
2860 2950 3083 3004 θάνατον
3102 2969 3115 2981 ·
3141 2948 3477 3019 διδάσκοντος
3510 2959 3656 3027 ἡμᾶς
3680 2960 3775 3012 τοῦ

2202 3038 2380 3108 λόγου,
2416 3042 2489 3103 ὡς
2519 3042 2616 3094 ούκ
2644 3044 2852 3113 ἀνάγκη
2881 3042 2963 3107 τις
3002 3044 3034 3114 ἣ
3091 3046 3397 3116 εἱμαρμένη
3432 3050 3529 3116 τῆς
3564 3049 3779 3119 ἀνθρω-

2204 3130 2363 3200 πίνης
2402 3121 2565 3202 ζωῆς,
2619 3132 2739 3184 οὐδὲ
2779 3132 3196 3203 ἀπαράτρεπτος
3240 3134 3544 3205 ἀνθρώποις
3584 3139 3775 3212 καιρὸς

537 3234 676 3286 Deus
698 3232 863 3295 enim,
888 3232 977 3300 qui
1006 3233 1184 3287 omnia
1205 3232 1531 3295 moderatur,
1566 3241 1621 3286 et
1654 3232 1779 3285 vitae
1801 3232 2100 3300 mortisque

2204 3219 2429 3291 ὥρισται
2477 3223 2725 3275 θανάτου.
2776 3222 2906 3285 Θεὸς
2935 3224 2991 3276 δὲ
3024 3224 3204 3286 αὐτὸς,
3240 3226 3455 3295 κρατῶν
3494 3228 3772 3287 ἀπάντων,

532 3338 697 3377 causa
727 3334 841 3386 est,
871 3340 975 3392 qua
1018 3324 1226 3377 ratione
1262 3323 1373 3393 ipse
1405 3326 1570 3387 novit,
1612 3325 1854 3394 singulos
1902 3324 1994 3392 qui
2033 3324 2100 3378 ad

2205 3305 2298 3363 καὶ
2328 3310 2472 3381 ζωῆς
2516 3313 2684 3375 αἴτιος
2728 3312 2821 3365 καὶ
2856 3312 3083 3367 θανάτου
3108 3316 3385 3385 τυγχάνει,
3420 3317 3486 3369 δι’
3512 3316 3605 3380 οὒς
3633 3314 3777 3370 οἶδεν

532 3415 698 3468 vitam
727 3418 1012 3476 accedunt.
1050 3414 1148 3468 hoc
1177 3415 1258 3467 vel
1294 3417 1381 3468 illo
1413 3424 1655 3485 tempore
1697 3415 1971 3484 producit,
2002 3431 2098 3468 au-

534 3525 630 3561 nos
659 3508 779 3561 vita:
809 3522 905 3573 pro
937 3508 1107 3560 lubito
1131 3508 1390 3575 assignat,
1425 3517 1477 3561 et
1507 3506 1613 3561 alio
1636 3508 1751 3560 sive
1773 3505 1880 3560 alio
1909 3506 2102 3560 mortis

531 3613 731 3665 genere
762 3596 920 3649 tollit.
956 3594 1241 3666 lpsiusque
1295 3594 1501 3649 tantum
1561 3586 1830 3651 facultatis
1881 3606 1986 3658 est,
2020 3596 2100 3649 vel

531 3704 645 3753 eos,
674 3690 763 3758 qui
800 3688 867 3741 ad
908 3688 1102 3756 ipsam,
1129 3697 1189 3741 ut
1217 3688 1290 3742 ita
1324 3689 1521 3752 dicam,
1559 3689 1982 3757 mortisjanuam
2010 3692 2101 3741 de-

533 3787 818 3841 venerunt,
853 3778 917 3831 ad
945 3776 1230 3831 sanitatem
1263 3792 1550 3843 revocare,
1618 3779 1689 3831 ita
1723 3790 1779 3830 ut
1801 3777 1913 3847 jam
1964 3777 2099 3831 Eze-

531 3868 711 3923 chiam
742 3882 807 3921 ex
842 3867 1058 3921 mortali
1084 3867 1405 3937 aegritudine
1437 3869 1659 3930 eruerit,
1700 3884 1761 3920 ac
1791 3867 2098 3936 quindecim

531 3974 800 4013 annorum
854 3957 1219 4012 accessionem
1275 3959 1519 4010 attulerit
1558 3960 1694 4025 :qui
1747 3958 1914 4012 etiam
1967 3959 2100 4012 alios

531 4061 653 4119 post
682 4061 908 4103 mortem
958 4050 1277 4103 reviviscere
1310 4048 1458 4110 fecit,
1509 4059 1565 4102 ut
1613 4048 1793 4103 divina
1823 4050 2099 4118 Scriptura

533 4143 867 4196 testiﬁcatur.
888 4140 1021 4195 Ilinc
1043 4141 1227 4210 itaque
1247 4138 1340 4195 l'ati
1362 4140 1498 4193 ratio
1514 4150 1568 4193 et
1584 4141 1873 4196 necessitas
1888 4140 2100 4209 penitus

531 4236 1011 4305 solviturzquippe
1038 4249 1158 4289 cum
1195 4233 1335 4288 Deus
1373 4236 1766 4300 universorum,
1807 4225 2101 4288 necessita-

533 4336 638 4378 tem
668 4340 731 4377 ac
763 4324 1116 4377 substantiam
1152 4334 1205 4377 et
1234 4335 1480 4377 naturam
1517 4340 1729 4377 omnem
1768 4324 2097 4378 moderetur.

529 4414 627 4469 llis
659 4416 969 4483 conspectis
998 4414 1281 4479 Ezechias,
1312 4414 1399 4468 ubi
1431 4429 1657 4484 corpore
1693 4414 1857 4468 sanus
1890 4406 2006 4477 fuit,
2033 4417 2098 4469 ad

533 4507 787 4575 templum
822 4507 913 4559 Dei
951 4506 1288 4559 maturavit:
1328 4507 1507 4575 ibique
1558 4496 1725 4559 Deum
1758 4502 1993 4583 rogavit,
2041 4520 2097 4561 ut

2205 3404 2367 3466 αὐτὸς
2394 3405 2627 3474 τρόπους
2672 3404 2918 3458 ἑκάστων
2960 3406 3066 3459 τῶν
3107 3409 3185 3470 εἰς
3208 3408 3297 3459 τὸν
3323 3408 3433 3478 βίον
3468 3410 3777 3480 παριόντων

2203 3494 2344 3547 κατά
2370 3494 2555 3547 τούσδε
2581 3495 2613 3566 ἢ
2645 3494 2832 3547 τούσδε
2861 3497 2985 3558 τοὺς
3003 3497 3226 3567 χρόνους
3253 3498 3535 3569 παράγων,
3566 3499 3663 3551 καὶ
3684 3501 3777 3551 ἐπὶ

2201 3588 2439 3641 τοσοῖσδε
2481 3588 2514 3657 ἢ
2546 3589 2779 3641 τοσοῖσδε
2808 3589 2971 3655 ἔτεσι,
3008 3591 3099 3642 καὶ
3126 3590 3214 3643 διά
3238 3590 3452 3644 τοιᾶσδε
3498 3590 3531 3663 ἢ
3558 3593 3777 3646 τοιᾶσδε

2203 3681 2448 3749 συνάγων
2479 3678 2751 3751 τελευτῆς.
2776 3682 2937 3751 Μόνῳ
2964 3698 3022 3733 τε
3046 3680 3193 3751 αὐτῷ
3213 3683 3449 3746 καὶτοὺς
3477 3683 3537 3734 ἐν
3561 3684 3774 3749 αὐταῖς,

2201 3772 2276 3835 ὡς
2309 3772 2502 3836 εἰπεῖν,
2532 3775 2651 3835 ταῖς
2677 3770 2769 3824 τοῦ
2796 3770 3025 3825 θανάτου
3048 3772 3243 3836 πύλαις
3273 3773 3598 3843 γενομένους
3618 3774 3778 3828 δυνα⁴

2199 3866 2292 3918 τόν
2315 3868 2459 3919 ὲστιν
2494 3864 2875 3919 ἀνακαλεῖσθαι
2900 3881 2914 3895 ο
2953 3865 3029 3928 ὼς
3061 3864 3155 3918 νῦν
3184 3866 3281 3935 μὲν
3309 3866 3399 3920 τὸν
3441 3850 3687 3931 Ἐζεκίαν
3717 3868 3777 3931 ἐξ

2200 3958 2510 4030 ἀρρωστίας
2557 3958 2848 4030 θανατικῆς
2895 3958 3284 4023 διασώσασθαι,
3326 3960 3420 4013 καὶ
3452 3960 3777 4032 προσθήκην

2200 4050 2350 4121 αὐτῷ
2389 4048 2535 4119 ζωῆς
2576 4050 2901 4122 χαρίσασθαι
2939 4051 3073 4103 ὅλων
3112 4051 3246 4105 έτῶν
3292 4050 3449 4104 πέντε
3484 4053 3576 4104 καὶ
3605 4052 3769 4105 δέκα·

2200 4143 2419 4214 ἐτέρους
2446 4143 2502 4195 δὲ
2524 4144 2617 4197 καὶ
2638 4142 2776 4214 μετά
2797 4144 2859 4196 τὸ
2880 4144 3129 4221 τεθνάναι
3154 4148 3217 4198 ὲκ
3240 4143 3446 4217 νεκρῶν
3476 4144 3775 4221 ἀναβιῶναι

2200 4237 2452 4306 ποιήσας,
2502 4236 2657 4297 ὅσους
2713 4238 2747 4305 ὴ
2805 4234 2924 4289 θεία
2966 4234 3261 4307 παρίστησι
3310 4237 3519 4308 Γραφή.
3575 4219 3661 4301 Ὧς
3715 4240 3775 4304 ἐξ

2199 4323 2436 4386 ἅπαντος
2466 4322 2716 4375 λελύσθαι
2740 4323 2865 4386 τοὺς
2900 4325 3028 4396 περὶ
3060 4326 3397 4397 εἱμαρμένης
3442 4312 3649 4397 λόγους,
3684 4329 3775 4381 δια

2198 4415 2259 4469 τὸ
2279 4417 2372 4469 καὶ
2412 4416 2591 4488 πάσης
2620 4414 2861 4488 ἀνάγκης
2903 4405 2995 4470 κα⁴ι
3028 4419 3205 4490 πάσης
3234 4420 3421 4484 οὐσίας
3455 4438 3513 4474 τε
3550 4423 3640 4475 καὶ
3671 4423 3773 4492 φύε

2201 4527 2339 4573 σεως
2391 4509 2478 4562 τὸν
2528 4510 2620 4561 ἐπὶ
2651 4509 2865 4562 πάντων
2918 4511 3047 4563 Θεὸν
3087 4515 3324 4583 κρατεῖν.
3377 4512 3561 4566 Ταῦτα
3592 4513 3714 4566 ἰδὼν
3743 4517 3773 4565 ὁ

526 4598 611 4649 sui
639 4606 691 4649 et
716 4593 892 4664 populi
924 4606 978 4648 et
1014 4596 1251 4649 civitatis
1273 4606 1519 4649 servator
1544 4605 1711 4648 esset.
1745 4594 1879 4648 Cum
1910 4606 2088 4650 autem

2208 4597 2473 4659 Ἐζεκίας,
2524 4597 2611 4649 ὅτε
2654 4596 2752 4667 μὲν
2801 4594 2956 4667 ὑγιὴς
2998 4598 3060 4650 τὸ
3088 4599 3244 4668 σῶμα
3273 4594 3362 4669 ἦν,
3395 4600 3487 4652 ἐπὶ
3516 4597 3605 4652 τὸν
3634 4600 3772 4652 νεὼν

520 4689 634 4759 jam
681 4698 958 4754 premente
1001 4688 1188 4743 morbo
1234 4688 1283 4740 id
1327 4696 1584 4757 prmstare
1639 4703 1742 4740 non
1775 4697 1975 4755 josset,
2022 4687 2089 4741 ei

527 4781 642 4850 ipso
675 4780 814 4835 lecto
836 4780 1137 4833 orationem
1169 4764 1274 4835 D'eo
1299 4780 1500 4842 emisit,
1523 4795 1837 4850 persuasum
1870 4779 2093 4842 habens,

526 4874 694 4928 Deum
725 4873 927 4943 ubique
961 4876 1104 4939 eSse,
1150 4884 1213 4927 ac
1266 4873 1571 4944 religiosum
1618 4878 1891 4943 Quetnqite
1917 4874 2092 4929 virqu

520 4966 804 5022 exaudire.

594 5236 761 5289 Vsus.
793 5234 847 5298 4,
994 5256 1011 5285 ι
1046 5218 1111 5288 Et
1166 5222 1363 5288 factum
1390 5244 1470 5287 est
1513 5214 1732 5287 verbum
1783 5218 1989 5287 Domini
2023 5232 2087 5285 ad

527 5325 717 5378 Isaiam
743 5326 925 5379 dicens
952 5343 965 5378 :
991 5310 1150 5386 Vade,
1173 5335 1225 5377 et
1256 5326 1340 5377 die
1368 5306 1643 5379 Ezechiw:
1678 5325 1800 5379 llaec
1830 5325 1956 5378 dicit
1984 5324 2085 5376 Do-

526 5421 701 5471 minus
740 5419 878 5471 Deus
917 5402 1081 5471 David
1125 5419 1294 5486 patris
1319 5419 1415 5471 tui.
1448 5437 1464 5469 ι
1505 5417 1717 5470 Patrem
1759 5426 1936 5470 autem
1969 5417 2083 5485 ejus

524 5510 779 5565 Davidem
803 5513 1031 5564 vocabat
1086 5510 1246 5575 Deus,
1284 5526 1589 5577 supremum
1622 5511 1685 5560 de
1729 5508 1815 5561 illo
1843 5510 2085 5561 testimo-

442 5670 447 5679 .
526 5605 673 5656 nium
708 5602 907 5667 ferens,
938 5591 1083 5672 quod
1108 5602 1313 5658 scilicet
1348 5606 1415 5657 ob
1438 5604 1643 5657 merum
1676 5602 2081 5655 similitudinem

523 5699 717 5766 dignus
767 5708 930 5760 esset,
984 5698 1075 5765 qui
1138 5699 1239 5751 sibi
1299 5698 1456 5753 talem
1508 5698 1816 5767 religiosum
1873 5708 2080 5765 patrem

596 5898 641 5928 ’δ
674 5898 825 5953 Deut.
854 5914 1023 5966 xxx",
1052 5900 1138 5954 5:).

2196 4688 2421 4743 ἔσπευδε
2458 4688 2549 4741 τοῦ
2588 4688 2743 4752 Θεοῦ,
2780 4690 2940 4742 κάκεῖ
2982 4690 3070 4742 τὸν
3105 4690 3235 4742 Θεὸν
3262 4692 3422 4744 αὑτοῦ
3458 4710 3515 4745 τε
3550 4693 3643 4745 καὶ
3676 4694 3769 4745 τοῦ

2196 4780 2325 4833 λαοῦ
2371 4780 2590 4850 καὶτῆς
2620 4780 2825 4844 πόλεως
2876 4785 3095 4853 σωτῆρα
3141 4783 3390 4849 γενέσθαι
3432 4784 3766 4850 ἐξεκαλεῖτο·

2199 4872 2321 4923 ἐπεὶ
2348 4870 2404 4921 δὲ
2434 4870 2589 4923 τοῦτο
2617 4870 2874 4942 πράττειν
2912 4860 3003 4925 ἐπὶ
3036 4872 3129 4924 τοῦ
3161 4874 3421 4943 παρόντος
3448 4875 3706 4945 ἀπεῖργεν
3738 4879 3769 4945 ἡ

2198 4962 2373 5027 νδσος,
2424 4964 2482 5028 ἐξ
2523 4964 2689 5033 αὐτῆς
2739 4966 3023 5035 στρωμνῆς
3061 4965 3158 5035 τὴν
3192 4947 3353 5036 εύχὴν
3388 4966 3665 5037 ἀνέπεμπε
3695 4969 3775 5038 τῷ

2198 5053 2336 5124 Θεῷ,
2374 5053 2649 5123 πανταχοῦ
2678 5054 2925 5122 παρεῖναι
2964 5055 3057 5105 καλ⁵
3087 5054 3287 5115 παντὸς
3324 5050 3462 5108 εἶναι
3486 5054 3773 5119 θεοσεϐοῦς

2196 5147 2430 5216 ἐπήκοον
2463 5144 2841 5215 πεπεισμένος.

2274 5256 2292 5287 ι
2327 5238 2435 5290 Καὶ
2468 5238 2680 5305 ἐγένετο
2703 5236 2856 5304 λόγος
2876 5239 3079 5307 Κυρίου
3116 5240 3251 5309 πρὸς
3296 5239 3522 5292 Ἡσαΐαν
3553 5238 3728 5308 λέγων
3750 5258 3763 5270 ·

2190 5329 2513 5402 Πορεύθητι,
2550 5330 2641 5382 καὶ
2670 5323 2820 5380 εἷπον
2866 5330 3081 5400 Ἐζεκία
3102 5348 3116 5363 ο
3160 5329 3297 5383 Τάδε
3339 5332 3484 5399 λέγει
3515 5332 3720 5402 Κύριος
3744 5335 3772 5385 ὁ

2190 5416 2321 5483 Θεὸς
2353 5418 2513 5472 Δαυῖδ
2558 5418 2651 5471 τοῦ
2696 5420 2899 5490 πατρός
2939 5437 3053 5473 σου.
3094 5440 3109 5470 ι
3147 5420 3364 5492 Πατέρα
3399 5419 3455 5471 δὲ
3486 5420 3651 5472 αὑτοῦ
3680 5421 3772 5471 τὸν

2192 5511 2354 5563 Δαυῖδ
2392 5511 2420 5562 ὁ
2463 5510 2594 5573 Θεὸς
2629 5510 2832 5572 ἐκάλει,
2862 5510 2961 5581 τὴν
2990 5512 3248 5565 ἀνωτάτω
3286 5513 3589 5584 μαρτυρίαν
3620 5514 3769 5582 αύτῷ

2190 5604 2464 5673 παρέχων,
2490 5603 2563 5666 ὼς
2593 5601 2725 5674 ἀξίῳ
2752 5603 2843 5655 τὸν
2866 5604 3085 5675 θεοφιλῆ
3124 5605 3333 5677 πατέρα
3360 5604 3768 5675 ἐπιγράφεσθαι

2188 5696 2286 5767 τῆς
2338 5695 2444 5749 τῶν
2496 5696 2710 5766 τρόπων
2745 5698 3055 5767 ὁμοιότητος
3096 5698 3271 5769 χάριν.
3330 5718 3349 5749 ι
3382 5698 3628 5751 Ἤκουσα
3668 5698 3767 5770 τῆς
