3984 6508
167 390 265 444 357

1064 388 1563 445 COMMENTARIA
1604 389 1669 444 IN
1709 390 1961 446 ISAIAM.
2005 422 2071 430 —
2109 394 2259 449 CAP.
2301 397 2589 457 XXXVIII.

3334 414 3440 468 558

164 512 501 582 προσευχῆς
527 529 641 575 σου,
673 512 766 564 καὶ
796 507 930 564 εἶδον
957 512 1021 564 τὲ
1052 514 1259 583 δάκρυά
1282 530 1394 565 σου.
1441 514 1571 565 Ἰδοὺ
1599 531 1761 583 προσα

1867 512 2181 569 ascriberet.
2212 533 2229 565 ι
2267 516 2456 602 audivi
2491 519 2791 573 oralionem
2824 529 2989 587 tuam,
3040 533 3094 579 et
3119 526 3223 581 vidi
3268 528 3441 602 lacry-

146 601 359 677 ⁵τίθημι
397 604 543 675 πρὸς
568 604 659 656 τὸν
688 604 874 673 χρόνον
899 621 989 656 σου
1018 612 1076 657 ιε’
1098 604 1213 675 ἔτη.
1260 624 1277 656 ι

229 808 247 839 ι
298 787 431 840 Καὶ
487 788 550 840 ὲκ
603 786 780 857 χειρὸς
850 785 1111 855 βασιλέως
1169 786 1466 855 Ἀσσυρίων
1524 786 1756 855 ῥύσομαι

158 894 212 929 σε
266 878 374 929 καὶ
426 878 528 948 τὴν
583 876 738 929 πόλιν
790 876 1014 947 ταύτην.
1078 895 1093 928 ι
1158 877 1310 929 Ἐπεὶ
1367 878 1460 929 καὶ
1513 877 1562 928 οἱ
1615 876 1763 945 λόγοι

153 973 250 1039 τῆς
314 970 503 1038 εὐχῆς
548 968 647 1020 οὐκ
703 970 759 1021 ἐν
811 968 1101 1039 πολυλογίᾳ
1160 968 1555 1037 περιεχόμενοι,
1624 968 1763 1033 ἄξιοι

152 1061 257 1113 τῶν
280 1062 485 1113 ἀκοῶν
538 1055 679 1130 ἦσαν
736 1059 829 1112 τοῦ
882 1058 1040 1124 Θεοῦ,
1087 1060 1179 1113 καὶ
1235 1059 1295 1111 τὸ
1354 1058 1462 1113 τῶν
1516 1059 1762 1130 δακρύων

151 1152 318 1220 ἔργον
404 1152 555 1205 κατὰ
601 1151 788 1222 καιρὸν
836 1151 1073 1219 εὐλόγως
1123 1151 1216 1205 καὶ
1258 1151 1569 1218 ἀναγκαίως
1612 1150 1760 1218 γενό-

154 1259 323 1309 μενον
355 1243 495 1305 τοὺς
516 1242 615 1312 τῆς
640 1242 940 1312 ἐπισκοπῆς
965 1241 1056 1296 τοῦ
1092 1242 1225 1295 Θεοῦ
1252 1236 1399 1295 εἷλκε
1436 1242 1570 1313 πρὸς
1600 1242 1761 1294 αὑτὸν

149 1333 515 1402 ὀφθαλμούς·
583 1333 663 1385 διὸ
722 1335 813 1386 καὶ
846 1333 1081 1386 ἐπινεύει
1130 1332 1277 1404 αύτῷ
1327 1332 1472 1403 ζωῆς
1523 1332 1759 1403 προσθή-

154 1444 278 1495 κην,
314 1426 476 1496 ἔργῳ
513 1426 802 1498 παριστὰς,
829 1426 905 1491 ὡς
937 1425 1058 1479 οὔτε
1093 1427 1252 1496 φύσει
1282 1427 1501 1497 ἀτάκτῳ
1534 1426 1760 1488 θάνατος

152 1516 487 1588 ἀνθρώποις
528 1517 777 1589 ὥρισται,
827 1517 948 1570 οὔτε
993 1519 1205 1590 ἀνάγκῃ
1254 1518 1629 1589 ἀπαραιτήτῳ.
1683 1518 1755 1568 Ού

157 1611 319 1679 μόνον
357 1610 424 1662 δὲ
460 1612 693 1681 χρόνους
719 1610 864 1680 αὐτῷ
886 1611 1049 1680 ζωῆς,
1077 1610 1189 1663 ἀλλ’
1221 1611 1282 1662 ὲκ
1310 1608 1638 1680 περιουσίας,
1670 1602 1757 1663 οἷα

152 1702 309 1763 Θεὸς,
342 1702 445 1753 καὶ
472 1702 707 1765 εὐζωῖαν
731 1700 878 1769 αύτῴ
905 1700 1002 1769 τὴν
1031 1702 1087 1752 ὲν
1110 1700 1363 1753 συστάσει
1386 1700 1478 1751 καὶ
1500 1699 1757 1769 είρηναίῳ

156 1791 256 1862 βίῳ
284 1793 722 1861 ἐπαγγέλλεται,
780 1792 941 1843 αὐτόν
974 1809 1033 1843 τε
1064 1791 1199 1862 ὁμοῦ
1229 1792 1321 1844 καὶ
1358 1791 1447 1843 τὸν
1478 1791 1573 1843 σὺν
1607 1790 1755 1859 αὐτῷ

1868 618 1982 657 mas
2016 614 2155 657 tuas.
2218 591 2356 659 Ecce
2415 606 2616 675 adjicio
2677 613 2742 664 ad
2808 621 3016 682 tempus
3068 624 3218 671 tuum
3269 591 3441 678 annos

1866 694 2199 763 quindecim.
2256 714 2276 747 ι

1936 783 2097 839 Vens.
2123 785 2174 840 6.
2204 805 2221 837 ι
2253 786 2319 840 Ει
2350 787 2416 843 de
2442 803 2605 843 manu
2637 791 2779 860 regis
2800 793 3142 865 Assyriorum
3165 813 3354 855 eruam
3387 812 3441 857 te

1863 887 1918 932 et
1956 879 2226 932 civitatem
2268 880 2428 935 hanc.
2468 900 2486 931 ι
2519 882 2654 947 Quia
2686 884 2949 939 orationis
2984 903 3086 941 non
3135 889 3438 961 loquacita-

1865 977 1970 1022 tem
2004 968 2339 1038 praeferentis
2372 972 2535 1025 verba
2565 972 2765 1028 divinis
2794 975 3015 1031 auribus
3039 978 3199 1047 digna
3228 994 3385 1039 erant
3422 1002 3434 1035 :

1863 1074 1916 1115 et
1952 1064 2077 1131 quia
2127 1063 2489 1135 lacrymarnm
2541 1066 2625 1120 vis
2663 1070 2983 1136 congruenti
3032 1081 3087 1124 et
3126 1078 3439 1132 necessario

1865 1160 2105 1220 tempore
2169 1154 2396 1217 etttissa,
2458 1155 2809 1223 inspectionis
2869 1159 3062 1214 divinae
3114 1163 3299 1218 oculos
3369 1168 3437 1219 ad

1864 1239 2036 1309 ipsum
2064 1240 2351 1307 alliciebat,
2380 1244 2498 1298 ideo
2530 1245 2669 1301 Deus
2696 1247 2795 1317 ipsi
2825 1250 3038 1314 annuit,
3068 1255 3437 1308 acceSsionem

1863 1333 1986 1386 vita:
2022 1337 2348 1398 concedens,
2384 1352 2657 1407 opercque
2700 1340 3009 1405 declarans,
3054 1360 3157 1398 non
3197 1360 3261 1399 ex
3295 1346 3441 1402 inor-

1862 1424 2040 1478 dinata
2070 1436 2275 1479 natnrte
2303 1428 2437 1495 lege,
2473 1445 2646 1497 neque
2668 1444 2731 1484 ex
2764 1432 3058 1488 inevitabili
3091 1439 3437 1506 necessitate,

1861 1522 2085 1567 mortem
2118 1514 2427 1570 hominibus
2459 1519 2786 1573 destinatam
2820 1536 2956 1577 esse.
3000 1524 3114 1580 Nan
3142 1529 3297 1583 modo
3343 1547 3438 1583 au-

1862 1612 1968 1655 tem
2001 1620 2173 1657 annos
2217 1606 2360 1670 vita‘,
2411 1609 2506 1661 sed
2537 1610 2698 1663 etiam
2730 1625 2793 1665 ex
2830 1614 3227 1682 muniﬁcentia,
3257 1631 3439 1688 utpote

1859 1691 2021 1756 Deus,
2050 1696 2391 1761 tranquillam
2424 1696 2524 1765 ipsi
2580 1708 2635 1752 et
2664 1708 2910 1766 pacatam
2935 1705 3099 1758 vitam
3131 1707 3433 1775 pollicetur,

1857 1798 1919 1839 ac
1950 1794 2060 1838 tum
2096 1786 2293 1853 ipsum,
2333 1798 2443 1840 tum
2500 1790 2754 1858 populum
2803 1794 2921 1862 ejus
2956 1806 3011 1849 et
3056 1797 3334 1854 civitatem
3370 1794 3435 1856 diu

155 1883 280 1936 λαὸν
341 1887 448 1938 καὶ
494 1885 595 1954 τὴν
647 1883 800 1935 πόλιν
859 1885 923 1937 ἐκ
970 1883 1067 1953 τῆς
1119 1883 1225 1936 τῶν
1267 1882 1539 1953 πολεμίων
1573 1881 1753 1953 χειρὸς

1864 1881 2114 1933 titanibns
2147 1880 2486 1935 inimicorum
2540 1894 2850 1952 erepturum
2904 1902 2961 1939 se
2994 1891 3262 1956 promittit
3306 1909 3321 1946 :
3372 1905 3435 1947 ut

156 1978 454 2042 διασώζειν
516 1976 957 2047 ὑπισχνούμενος,
1019 1976 1242 2046 σημεῖόν
1296 1993 1355 2028 τε
1415 1975 1561 2046 αύτῷ
1610 1993 1750 2047 παρ-

155 2075 264 2140 εῖχε
318 2072 437 2141 τῆς
494 2069 603 2123 τῶν
650 2069 956 2141 εἰρημένων
1001 2069 1235 2132 πίστεως
1278 2068 1344 2121 δι’
1400 2069 1585 2139 ἐτέρου
1643 2086 1751 2121 πα-

158 2166 394 2235 ραδόξου
404 2208 419 2220 .

225 2276 246 2309 ι
272 2257 464 2310 Τοῦτο
495 2256 553 2310 δέ
580 2272 661 2308 σοι
693 2254 755 2307 16
785 2256 1006 2325 σημεῖον
1041 2252 1189 2325 παρά
1222 2252 1451 2322 Κυρίου,
1489 2252 1571 2303 ὅτι
1599 2252 1753 2323 ποιή-

157 2366 234 2401 σει
287 2348 513 2419 Κύριος
566 2347 628 2399 τὸ
687 2346 837 2417 ῥῆμα
880 2345 1057 2397 τοῦτο.
1103 2345 1230 2398 Ἰδοὺ
1259 2343 1368 2411 ἐγὼ
1405 2342 1621 2413 στρέψω
1655 2342 1753 2413 τὴν

158 2442 315 2493 σκιὰν
342 2440 464 2494 τῶν
488 2437 837 2507 ἀναϐαθμῶν,
862 2437 956 2501 οὒς
977 2436 1178 2507 κατέϐη
1205 2436 1331 2499 τοὺς
1360 2441 1388 2488 ι’
1406 2434 1753 2506 ἀναϐαθμοὺς

153 2534 242 2585 τοῦ
293 2534 460 2586 οἴκου
502 2530 597 2585 τοῦ
642 2530 844 2601 πατρός
881 2547 973 2582 σου
1014 2529 1041 2580 6
1077 2529 1245 2599 ἥλιος.
1292 2526 1641 2598 ’Δποστρέψω
1660 2527 1752 2601 τὸν

158 2624 305 2694 ἧλιον
337 2625 478 2686 τοὺς
515 2630 544 2675 ι’
578 2598 956 2690 ἀναϐαθμούςο
996 2598 1286 2688 καὶάνέϐη
1319 2620 1348 2671 6
1376 2618 1526 2688 ἣλιος
1564 2617 1689 2679 τοὺς
1719 2598 1750 2667 ι’

155 2715 542 2785 ἀναδαομοὺς,
567 2713 657 2777 οῦς
690 2712 891 2783 κατέϐη
920 2714 952 2782 ή
985 2710 1129 2764 σκιά.
1168 2730 1187 2762 ›
1220 2711 1446 2781 Σημείον
1466 2709 1561 2778 μὲν
1578 2709 1751 2778 ὑπήρ-

156 2824 278 2877 χετο
326 2806 671 2877 Θαυμαστὸν,
727 2806 816 2858 καὶ
850 2804 940 2857 τὸν
979 2803 1215 2866 Ἐζεκίου
1257 2801 1366 2855 ἀπὸ
1407 2799 1626 2871 δυσμῶν
1655 2798 1749 2852 τοῦ

158 2900 268 2967 βίον
304 2899 578 2969 δευτέραν
611 2895 1036 2966 παλινδρομῆσαι
1072 2891 1239 2962 ζωήν.

157 3027 487 3099 Ιίροσευχὴ
559 3026 821 3099 Ἐζεκίου
888 3022 1193 3099 ,βασιλέως
1255 3022 1365 3099 τῆς
1428 3021 1745 3099 Ἰουδαίοις,

226 3090 856 3177 ήκίκίῖξὲμαζῖακίσθη,
912 3096 1007 3147 καὶ
1042 3091 1267 3159 ἀνέστη
1298 3092 1365 3144 ἐκ
1409 3090 1519 3159 τῆς
1556 3096 1749 3160 μαλα-

226 3173 373 3234 κίας
408 3170 618 3221 αὑτοῦ.

229 3301 249 3334 ι
290 3281 445 3350 Ἐγὼ
468 3278 595 3333 εἶπα
625 3281 681 3331 ἐν
706 3278 781 3348 τῷ
810 3279 932 3349 ὕψει
954 3278 1058 3331 τῶν
1083 3277 1303 3349 ἡμερῶν
1329 3294 1448 3348 μου·
1481 3276 1742 3348 Πορεύσο-
1773 3253 1814 3310 C

166 3389 255 3443 μαι
285 3377 353 3426 ὲν
386 3373 583 3434 πύλαις
611 3372 758 3442 ᾅδου,
794 3370 1102 3439 καταλείψω
1122 3372 1188 3422 τά
1212 3369 1306 3439 ἐτη
1339 3368 1406 3421 τά
1432 3368 1737 3422 ἐπίλοιπα.»

161 3463 426 3526 Συνειδὼς
448 3462 570 3532 ⁴γάρ
609 3460 841 3530 ἐμαυτὸν
891 3459 988 3528 ἤδη
1038 3458 1219 3511 λοιπὸν
1244 3460 1361 3520 ταῖς
1388 3456 1481 3510 τοῦ
1515 3456 1742 3509 θανάτου

165 3556 354 3619 πύλαις
392 3552 792 3624 πλησιάζοντα,
813 3551 1041 3603 ἀπεῖπον
1066 3551 1158 3604 καὶ
1190 3550 1473 3619 ἀπήλπικα
1507 3546 1741 3618 ἐμαυτοῦ

160 3650 253 3721 τὴν
280 3652 344 3702 ἐν
376 3645 689 3716 ἀνθρώποις
720 3642 884 3713 ζωήν.

228 3761 245 3792 ι
292 3738 464 3794 Εἷπα·
500 3737 695 3790 Οὐκέτι
734 3737 793 3787 ού
834 3735 907 3807 μὴ
965 3734 1060 3787 ἴδω
1086 3734 1146 3785 16
1190 3734 1456 3803 σωτήριον
1492 3733 1581 3785 τοῦ
1607 3732 1739 3786 θεοῦ

160 3832 245 3885 ἐπὶ
271 3834 401 3905 γῆς,
426 3830 611 3884 ούκὲτι
637 3828 709 3900 μὴ
729 3828 820 3880 ἴδω
844 3826 1146 3897 ἄνθρωπον.
1187 3845 1204 3875 ι
1226 3824 1462 3887 Εἰκότως
1491 3825 1547 3875 ἐν
1570 3824 1740 3893 ἀγῶνι

161 3924 438 3985 καταστὰς
466 3920 575 3974 τῶν
623 3920 760 3991 μετά
783 3920 879 3987 τὴν
907 3917 1226 3986 ἀπαλλαγὴν
1252 3916 1345 3969 τοῦ
1370 3917 1508 3986 βίου,
1539 3918 1729 3987 ὑπομι.

164 4020 395 4088 μνήσκει
438 4014 536 4085 μὲν
562 4012 663 4082 τῆς
714 4009 907 4063 ἑαυτοῦ
936 4008 1243 4071 θεοσεϐείας
1271 4008 1358 4061 16v
1390 4008 1539 4061 Θεόνο
1570 4008 1654 4062 διὰ
1685 4009 1740 4062 δὲ

159 4111 246 4164 τοῦ
278 4108 567 4178 κλαυθμοῦ
621 4106 693 4178 μὴ
730 4105 980 4157 ἐκπεσεῖν
1023 4101 1125 4171 τῆς
1169 4100 1353 4172 χώρας
1384 4100 1490 4153 τῶν
1524 4100 1739 4165 ζώντων

160 4202 558 4275 κατηντιϐόλει.
582 4200 698 4251 Ἔτι
729 4197 785 4249 δὲ
818 4193 1093 4248 καὶτοῦτο
1127 4193 1263 4264 πρὸς
1290 4195 1401 4256 τοῖς
1431 4194 1739 4264 εἰρημένοις

162 4295 343 4348 ἐλύπει
375 4294 467 4347 τὸν
505 4290 769 4355 Ἐζεκίαν,
805 4287 1005 4359 μηδένα
1049 4285 1287 4355 διάδοχον
1332 4287 1396 4338 ὲκ
1429 4286 1739 4356 σπέρματος

163 4388 425 4459 ὑπάρχειν
449 4383 638 4445 αὑτοῦ,
682 4383 849 4453 μήπω
871 4379 1056 4442 παιδὸς
1096 4377 1245 4448 αὐτῷ
1278 4376 1589 4447 γενομένου,
1617 4375 1736 4428 καθ’

160 4479 212 4531 ὃν
242 4470 439 4550 χρόνον
467 4476 605 4529 αὐτά
643 4475 848 4544 ἔλεγεν.
888 4470 1105 4541 Ἐπειδὴ
1137 4470 1314 4522 τοίνυν
1345 4469 1510 4531 ἄπαις
1547 4467 1735 4539 ἔμελλε

159 4574 431 4641 τελευτᾷν,
463 4568 663 4639 μηδένα
687 4564 998 4619 καταλιπὼν
1014 4563 1275 4631 διάδοχον,
1303 4558 1362 4624 ἐξ
1392 4554 1451 4612 οὗ
1478 4560 1540 4611 16
1566 4560 1737 4630 σωτὴ-

160 4682 266 4733 ριον
289 4662 387 4717 τοῦ
411 4660 547 4713 Θεοῦ
581 4658 833 4726 γενέσθαι
876 4659 932 4709 ὲν
975 4653 1280 4725 ἀνθρώποις
1312 4651 1637 4721 προσδοκᾷν,
1662 4653 1736 4703 εί-

158 4758 325 4821 κὸτως
372 4755 438 4809 ἂν
469 4755 568 4824 τῆς
600 4752 691 4806 τοῦ
725 4748 960 4823 Χριστοῦ
1008 4748 1311 4818 γεννήσεως
1341 4745 1438 4815 τῆς
1467 4746 1529 4796 ὲκ
1567 4744 1735 4815 σπέρ-

160 4864 323 4915 ματος
358 4845 452 4898 τοῦ
490 4842 653 4895 Δαυῒδ
686 4831 1063 4911 ἐπαιρόμενος,
1093 4838 1187 4889 καὶ
1215 4833 1558 4888 ἀπεκλαίετο.

231 4961 250 4994 ι
298 4938 579 5004 Ἐξέλιπεν
606 4937 669 4988 ἐκ
701 4935 803 5004 τῆς
848 4930 1167 5001 συγγενείας
1210 4945 1329 4999 μου·
1362 4923 1648 4979 κατέλιπον
1675 4926 1735 4979 16

158 5031 431 5084 ἐπίλοιπον
478 5029 578 5099 τῆς
622 5024 764 5097 ζωῆς
798 5041 919 5095 μου.
962 5016 1179 5091 Ἐξῆλθε
1228 5012 1321 5071 καὶ
1356 5013 1593 5086 ἀπῆλθεν
1639 5016 1734 5068 ἀπ’

158 5126 307 5196 ἐμοῦ,
344 5124 533 5195 ὥσπερ
560 5122 588 5172 6
614 5118 818 5190 σκηνὴν
840 5114 1122 5170 καταλύων
1151 5110 1345 5180 πήξας.
1393 5106 1479 5171 Ὣς
1509 5107 1651 5170 ἱστὸς
1674 5109 1734 5159 τὸ

156 5218 370 5288 πνεῦμά
396 5233 496 5287 μου
532 5215 661 5286 παρ’
689 5213 810 5281 ἐμοὶ
832 5211 1065 5278 ἐγένετο,
1092 5200 1274 5277 ὲρίθου
1307 5197 1630 5270 ὲγγιζούσης
1652 5202 1736 5253 ὲκ-

155 5314 351 5382 τεμεῖν.
395 5329 413 5360 ι
446 5292 658 5377 Σκηνὴν
689 5304 840 5358 καλεῖ
872 5292 932 5355 16
968 5301 1147 5369 σῶμα,
1184 5298 1387 5349 ἓνοικον
1420 5293 1477 5346 δὲ
1508 5293 1606 5365 τὴν
1629 5292 1731 5363 ψυ-

152 5404 267 5475 χήν·
315 5400 383 5475 ἧς
422 5398 828 5471 ἀναχωρούσης,
862 5396 1003 5448 ἔοικε
1036 5394 1098 5445 16
1146 5393 1304 5463 σῶμα
1351 5386 1728 5458 καταλυομένη

157 5499 342 5567 σκηνῇ·
377 5495 582 5565 σκηνὴν
615 5494 711 5562 μὲν
742 5490 912 5556 λέγων
942 5488 1001 5539 τὸ
1031 5486 1209 5556 σῶμα,
1236 5486 1358 5537 ἐπεὶ
1389 5485 1417 5536 ό
1446 5480 1726 5543 θεσπέσιος

166 5580 479 5641 Ἀπόστολος
506 5576 709 5648 σκηνὴν
730 5573 861 5629 αὐτὸ
907 5571 1209 5641 ὠνόμασεν.
1239 5568 1399 5621 Ἀλλὰ
1426 5568 1518 5621 καὶ
1541 5567 1732 5635 ὥσπερ

155 5676 289 5728 ἰστὸν
325 5671 506 5743 ὲρίθου
549 5670 608 5722 16
646 5669 872 5737 ῦφασμα
913 5663 1098 5717 λοιπὸν
1128 5660 1558 5732 ἀποτεμνούσης,
1586 5658 1728 5710 οὓτω

155 5765 237 5815 καὶ
250 5762 313 5815 τὰ
330 5762 427 5831 τῆς
456 5759 596 5828 ἐμῆς
615 5757 777 5827 ζωῆς,
794 5754 887 5808 καὶ
912 5752 1006 5806 τοῦ
1044 5752 1157 5822 βίου
1191 5751 1390 5814 παντὸς
1412 5750 1472 5803 16
1502 5750 1727 5818 ὕφασμα

154 5857 269 5923 περὶ
297 5854 449 5912 τέλος
475 5852 699 5923 ἤλαυνεν
728 5846 1185 5917 ἀποτεμνόμενον.
1208 5844 1471 5905 Ἕκαστος
1504 5837 1594 5895 οῦν
1624 5841 1727 5893 τῶν

1854 1985 1981 2024 vero
2001 1970 2161 2025 dictis
2196 1971 2354 2025 ﬁdem
2387 1973 2632 2039 adderet,
2668 1976 2879 2046 signum
2904 1980 3127 2035 alterius
3152 1985 3434 2053 stupenda:

1856 2063 1931 2116 rei
1975 2064 2072 2132 ipsi
2114 2064 2391 2132 praestitit.

1925 2246 2088 2300 Vens.
2127 2248 2179 2310 7,
2214 2247 2268 2301 8.
2312 2267 2329 2295 σ
2383 2246 2493 2301 lloc
2524 2256 2702 2301 autem
2744 2250 2836 2303 tibi
2865 2250 3077 2320 signum
3112 2267 3139 2304 a
3179 2250 3427 2320 Domirn,

1852 2340 2105 2408 quoniam
2143 2338 2384 2392 facturus
2421 2349 2504 2393 est
2534 2340 2792 2394 Dominus
2825 2342 3044 2395 verbum
3078 2343 3241 2398 istud.
3292 2344 3432 2401 Ecce

1852 2446 1952 2498 ego
1979 2439 2183 2484 vertam
2226 2430 2473 2483 umbram
2523 2433 2820 2500 graduum,
2861 2449 2997 2503 quos
3048 2437 3297 2490 ascendit
3350 2438 3433 2492 sol

1851 2522 2033 2576 decem
2070 2521 2327 2591 gradibus
2365 2522 2555 2576 domus
2600 2524 2766 2591 patris
2824 2526 2919 2578 tui.
2974 2526 3231 2580 Avertam
3264 2528 3430 2583 solent

1851 2613 2034 2668 decem
2084 2615 2345 2682 gradibus
2374 2632 2386 2667 :
2419 2623 2472 2666 et
2527 2616 2777 2669 ascendit
2807 2616 2885 2670 sol
2915 2617 3097 2672 decem
3128 2621 3426 2690 gradibus,

1850 2707 2045 2776 quibus
2095 2706 2378 2760 descendit
2431 2706 2642 2761 umbra.
2703 2726 2721 2758 ι
2790 2708 2855 2761 Et
2928 2710 3143 2779 signum
3207 2713 3427 2781 quidem

1850 2797 1980 2852 illud
2007 2798 2166 2850 etiam
2200 2798 2518 2851 admirabile
2542 2807 2682 2862 erat,
2735 2800 2875 2867 quod
2923 2800 3183 2858 Ezechias
3231 2805 3301 2859 ab
3334 2822 3428 2861 oc-

1850 2905 1975 2942 casu
2001 2890 2123 2943 vitae
2160 2890 2225 2941 ad
2260 2889 2421 2943 aliam
2460 2890 2625 2944 vitam
2668 2893 3011 2961 remigraret.

1852 3024 2019 3080 Ἴης.
2058 3027 2110 3081 9.
2153 3024 2338 3105 Oratio
2366 3025 2606 3081 Ezechia’
2634 3029 2763 3105 regis
2789 3027 3016 3105 Judtetr,
3055 3048 3168 3086 cum
3196 3046 3422 3105 aegrota-

2253 3098 2319 3149 rit
2352 3108 2401 3151 et
2432 3114 2495 3150 ea:
2522 3099 2701 3151 morbo
2730 3100 3013 3156 convaluit.
3100 3130 3103 3133 ν

1921 3276 2081 3331 Vens.
2120 3278 2205 3330 10.
2243 3296 2260 3329 ι
2297 3277 2408 3347 Ego
2439 3278 2546 3331 dixi
2579 3280 2629 3331 in
2658 3278 2868 3334 excelso
2891 3279 3105 3343 dierum
3135 3297 3374 3337 meorum
3402 3303 3416 3337 :

1850 3372 2051 3425 Vadam
2100 3374 2166 3425 ad
2215 3383 2397 3439 portas
2448 3372 2604 3427 inferi
2645 3391 2658 3426 :
2710 3373 3010 3442 relinquam
3062 3390 3235 3429 annos
3284 3378 3419 3432 resi-

1846 3462 2001 3516 duos.
2042 3482 2059 3512 ι
2089 3462 2222 3515 Cum
2271 3479 2355 3516 tne
2380 3462 2491 3531 jam
2528 3464 2717 3519 mortis
2747 3464 2927 3533 januis
2973 3466 3273 3532 proximum
3304 3482 3423 3522 esse

1847 3554 2042 3617 Sciam,
2072 3558 2136 3609 de
2168 3556 2273 3608 vita
2305 3570 2420 3609 mea
2462 3555 2603 3611 inter
2633 3556 2881 3612 homines
2914 3558 3216 3626 desperavi.

1918 3732 2078 3787 Vens.
2112 3735 2197 3788 II.
2228 3754 2246 3787 ι
2278 3734 2395 3788 Dixi
2424 3734 2571 3789 :Non
2601 3736 2829 3805 amplius
2850 3736 3041 3791 videbo
3068 3736 3305 3790 salutare
3325 3736 3417 3791 Dei

1845 3822 1897 3876 in
1936 3834 2098 3888 terra,
2124 3841 2230 3878 non
2262 3826 2490 3895 amplius
2520 3826 2709 3879 videbo
2741 3826 3035 3881 hominem.
3069 3843 3088 3877 ι
3122 3826 3330 3881 Anxins
3351 3826 3419 3878 de

1844 3916 1910 3971 iis
1939 3932 2059 3986 qua:
2098 3918 2378 3973 decessum
2419 3932 2485 3973 ex
2533 3918 2634 3972 hac
2665 3918 2768 3971 vita
2821 3929 3269 3987 consequuntur,
3295 3920 3420 3987 jure

1842 4014 2091 4080 pietatem
2126 4026 2252 4079 erga
2293 4013 2455 4065 Deum
2502 4028 2652 4065 suam
2697 4012 2796 4081 ipsi
2843 4011 2955 4065 Deo
3006 4011 3058 4064 in
3089 4010 3408 4064 memoriam

1844 4115 2062 4160 revocat
2087 4123 2102 4171 ;
2141 4105 2355 4159 ﬂetibus
2383 4114 2562 4158 autem
2597 4122 2663 4158 ne
2689 4120 2719 4159 e
2755 4106 2973 4175 regione
2993 4103 3290 4158 viventium
3318 4116 3415 4156 ex-

1841 4197 2064 4263 cideret,
2089 4196 2437 4264 precabatur.
2464 4194 2598 4248 Illud
2629 4197 2789 4249 etiam
2822 4205 3016 4265 praeter
3041 4203 3237 4249 caetera
3281 4193 3416 4248 Eze—

1839 4288 2018 4341 chiam
2050 4285 2234 4339 dolore
2259 4284 2566 4348 alliciebat,
2597 4284 2741 4353 quod
2781 4284 2958 4337 nullus
2988 4298 3054 4337 ex
3080 4282 3287 4338 semine
3312 4298 3414 4337 suo

1839 4392 2121 4431 successor
2139 4376 2370 4439 adesset,
2387 4374 2819 4444 quandoquidem
2843 4388 2948 4443 quo
2963 4383 3201 4443 tempore
3224 4372 3412 4427 isthzec

1840 4468 2181 4539 proferebat,
2227 4468 2431 4521 nullum
2465 4468 2641 4522 adlmc
2687 4466 2855 4521 ﬁlium
2902 4476 3239 4536 susceperat.
3272 4464 3410 4532 Quia

1840 4562 2005 4631 igitur
2040 4560 2167 4616 ﬁliis
2201 4560 2366 4615 orbus
2394 4559 2711 4625 moriturus,
2745 4574 2842 4612 nec
2870 4573 3244 4613 successorem
3280 4558 3408 4611 reli-

1838 4664 2023 4707 cturus
2050 4662 2168 4706 erat
2190 4693 2205 4714 ,
2231 4668 2296 4706 ex
2328 4667 2436 4721 quo
2469 4651 2705 4704 salutare
2740 4650 2835 4705 Dei
2873 4649 3186 4705 hominibus
3213 4658 3409 4703 ventu-

1838 4758 1956 4797 rum
1982 4752 2410 4813 exspectaretur,
2440 4742 2630 4795 merito
2662 4739 2866 4795 Christi
2897 4757 2960 4796 ex
2991 4741 3199 4796 semine
3241 4740 3409 4795 David

1836 4846 1956 4889 ortu
1995 4837 2260 4904 privatus,
2291 4834 2709 4889 lamentabatur.

1908 4927 2067 4981 Vens.
2111 4926 2199 4981 12.
2236 4945 2253 4977 ι
2297 4924 2505 4979 Deiecit
2547 4939 2576 4978 a
2622 4924 2944 4994 cognatione
2983 4938 3099 4977 mea
3145 4940 3159 4977 :
3214 4922 3404 4977 defecit

1836 5016 1979 5085 quod
2006 5016 2269 5085 reliquum
2295 5025 2377 5069 est
2402 5014 2525 5067 vita:
2553 5029 2705 5067 mem.
2732 5012 2878 5066 Abiit
2906 5024 2960 5067 et
2987 5012 3210 5068 recessit
3245 5028 3273 5063 a
3298 5025 3403 5074 me,

1838 5108 1978 5161 sicut
2005 5107 2163 5161 solvit
2188 5106 2616 5166 tabernaculum,
2637 5105 2726 5173 qui
2756 5106 3079 5158 construxit.
3115 5104 3270 5157 Sicut
3302 5103 3404 5157 tela

1838 5200 2059 5267 spiritus
2102 5213 2252 5251 meus
2288 5197 2460 5251 iactus
2486 5206 2569 5251 est
2611 5196 2748 5265 apud
2787 5211 2873 5249 me
2897 5235 2911 5258 ,
2945 5210 3067 5249 mox
3116 5209 3146 5246 a
3196 5203 3407 5247 texente

1836 5290 2183 5345 succidenda.
2219 5308 2237 5341 ι
2274 5285 2703 5342 Tabernaculnnt
2732 5297 2888 5339 vet-at
2926 5299 3122 5354 corpus
3145 5323 3161 5348 ,
3192 5282 3407 5337 inhabi-

1836 5393 2034 5436 tantem
2063 5382 2194 5436 dicit
2227 5382 2462 5435 animam
2492 5399 2505 5434 :
2534 5396 2637 5448 qua
2669 5379 2979 5441 recedente,
3002 5389 3199 5442 corpus
3227 5376 3405 5430 soluto

1835 5470 2186 5526 tabernaculo
2214 5468 2390 5524 simile
2420 5480 2524 5525 est.
2571 5465 3003 5522 Tabernacnlum
3030 5479 3160 5518 vero
3206 5478 3405 5534 corpus

1829 5561 2077 5632 appellat,
2109 5550 2233 5630 quia
2265 5559 2481 5614 divinus
2516 5559 2643 5613 item
2669 5554 2961 5624 Apostolus
3000 5553 3400 5609 tabernaculum

1828 5653 2002 5723 ipsum
2054 5653 2284 5708 vocavit.
2324 5652 2523 5705 Verum
2568 5649 2728 5702 etiam
2766 5647 2908 5702 sicut
2953 5647 3056 5701 tela
3110 5662 3230 5715 qua:
3256 5661 3287 5698 a
3321 5657 3393 5700 te-

1835 5758 1996 5800 xente
2022 5745 2343 5807 succiditur,
2375 5743 2452 5796 sic
2482 5750 2536 5796 et
2574 5741 2698 5794 vitae
2728 5755 2860 5793 mea:
2891 5748 3103 5794 textura
3138 5738 3206 5791 ad
3241 5738 3399 5792 tinem

1836 5839 2031 5907 vergit,
2058 5853 2180 5892 mox
2216 5835 2560 5894 succidenda.
2599 5832 2806 5904 Singuli
2844 5834 3006 5902 igitur
3037 5830 3281 5885 homines
3308 5842 3404 5898 per
