3984 6508
538 429 646 485 359

1241 391 1506 472 EU'SEBH
1544 409 2011 469 casammsrs
2047 400 2197 464 ore.
2239 399 2418 464 PARS
2455 397 2546 467 ui.
2586 439 2655 448 -
2691 395 3103 462 Exece'rim.

3672 410 3793 466 5(0

541 549 688 614 gesta
725 548 778 594 et
803 548 963 607 opera
993 547 1092 587 sua
1130 540 1335 586 vestem
1368 527 1470 586 sibi
1518 538 1733 596 texunt,
1767 536 1823 584 et
1853 537 2100 584 ornatum

2225 525 2506 597 ινθρῶπων
2559 524 2747 596 στολὴν
2786 524 3046 593 ὺφαίνων,
3095 520 3190 574 καὶ
3247 523 3450 592 κόσμον
3484 525 3548 593 τῇ
3585 519 3794 578 ἑαυτοῦ

539 633 734 690 animm
760 643 871 684 sua:
899 627 1328 694 circumponunt.

615 723 778 778 Vens.
810 718 895 773 15.
940 736 959 768 ι
999 717 1053 771 In
1090 713 1175 768 die
1204 713 1292 766 illa
1324 712 1555 767 traditus
1594 726 1711 766 sum
1745 723 1913 779 usque
1947 719 2102 762 mane

543 815 709 871 veluti
752 810 916 874 leoni,
955 810 1037 864 sic
1085 805 1340 862 contrivit
1373 804 1553 858 omnia
1602 817 1723 857 ossa
1767 815 1903 855 mea.
1936 801 1979 854 A
2015 800 2102 855 die

537 908 680 964 enim
714 918 884 974 usque
906 903 971 955 ad
1002 913 1210 955 noctem
1240 897 1468 952 traditus
1489 911 1625 949 sum.
1657 912 1674 944 ι
1704 892 1958 948 Traditus
1982 907 2100 946 sum

535 1014 633 1054 ceu
667 997 805 1052 leoni
831 996 1044 1050 cuidam
1075 992 1321 1047 homines
1348 985 1625 1042 devoranti
1648 1025 1662 1050 ,
1695 985 1785 1054 qui
1819 985 1970 1053 quasi
2009 998 2103 1051 per

537 1092 741 1146 illatam
775 1088 902 1142 mihi
937 1084 1342 1142 inﬁrmitatem,
1377 1087 1487 1132 tota
1519 1077 1604 1132 die
1634 1085 1686 1130 et
1719 1085 1875 1130 nocte
1900 1075 2105 1128 contri-

464 1174 475 1184 ’
535 1184 614 1236 vit
641 1181 820 1237 omnia
857 1193 975 1232 ossa
1005 1191 1119 1230 mea
1150 1190 1165 1240 ;
1198 1185 1492 1244 parumque
1523 1167 1717 1231 abfuit,
1747 1167 1874 1236 quin
1906 1180 1992 1220 me
2025 1177 2100 1220 ιον

541 1284 650 1326 tum
677 1275 978 1326 devoraret.

611 1362 777 1417 Vens.
812 1360 899 1415 14.
937 1379 956 1411 ι
989 1358 1141 1412 Sicut
1186 1354 1436 1416 hirundo,
1485 1353 1562 1406 sic
1589 1351 1851 1412 clamalzo,
1881 1358 1935 1403 et
1963 1349 2105 1404 sicut

540 1455 804 1516 columba,
829 1453 908 1507 sic
933 1447 1246 1504 meditabor.
1282 1444 1605 1500 Defecerunt
1633 1444 1776 1498 enim
1803 1442 1940 1496 oculi
1974 1441 2102 1505 mei,

540 1557 600 1602 ut
626 1562 693 1602 ne
719 1546 1015 1613 aspicerem
1061 1537 1431 1593 celsitudinem
1467 1534 1590 1588 caeli
1626 1533 1691 1587 ad
1741 1533 2046 1586 Dominum.
2080 1548 2098 1581 ι

539 1641 789 1694 Attamen
823 1636 874 1688 in
923 1636 1024 1687 hac
1062 1645 1238 1685 rerum
1273 1627 1614 1689 conditione,
1644 1640 1750 1679 non
1801 1623 2104 1678 infirmatus

540 1745 658 1787 sum
682 1771 697 1794 ,
728 1742 829 1783 nec
852 1741 882 1780 a
917 1725 1023 1778 Deo
1049 1736 1166 1775 meo
1199 1719 1437 1784 recessi,
1466 1719 1560 1772 scd
1593 1717 1697 1770 ﬁde
1729 1731 1930 1786 speque
1966 1717 2105 1770 bona

542 1822 802 1890 meipsum
833 1817 1161 1871 conlirmans
1181 1853 1195 1877 ,
1227 1811 1442 1865 ﬁetibus
1484 1817 1539 1862 et
1568 1808 1801 1862 orationi
1834 1823 1918 1861 me
1943 1807 2059 1862 dedi
2087 1821 2102 1870 ξ

539 1928 626 1968 me
654 1925 781 1966 vero
811 1909 1028 1963 assidue
1055 1914 1265 1971 orante,
1294 1912 1456 1970 atque
1481 1899 1731 1969 precibus
1758 1900 1896 1967 apud
1937 1900 2100 1953 Deum
2135 1893 2178 1952 Β

540 2005 848 2067 insistente,
875 2002 991 2070 ipse
1025 2017 1043 2049 ‹
1075 1999 1220 2052 eruit
1249 2011 1355 2063 me,
1382 2004 1433 2048 et
1462 1993 1683 2048 abstulit
1711 1993 1950 2047 dolorem
1987 1993 2105 2046 ani-

539 2113 640 2151 ma:
667 2109 818 2150 meze.
859 2113 877 2145 ι
910 2091 1023 2154 lllc,
1054 2090 1298 2158 inquam,
1327 2085 1462 2140 nihil
1490 2093 1796 2162 cunctatus,
1820 2084 1963 2138 eruit
1999 2099 2106 2148 me,

538 2199 595 2246 et
637 2188 856 2244 sustulit
904 2184 1143 2239 dolorem
1194 2180 1392 2234 anima:
1433 2194 1565 2234 meae
1605 2200 1616 2235 :
1650 2194 1714 2234 ac
1766 2179 1811 2233 si
1861 2177 2109 2232 videlicet

543 2279 823 2350 promissis
876 2277 1033 2330 ﬁdem
1085 2273 1310 2328 adderet
1374 2287 1494 2340 qua:
1559 2270 1763 2325 sanctis
1832 2270 1945 2324 suis
2017 2270 2110 2322 de-

541 2374 622 2426 dit
658 2371 744 2425 his
781 2369 999 2426 verbis:
1047 2385 1066 2418 ι
1107 2367 1296 2421 Adhuc
1337 2375 1389 2418 te
1424 2363 1699 2432 loquente,
1725 2363 1898 2417 dicam
1929 2379 1941 2415 :
1973 2361 2111 2414 Ecce

545 2465 753 2520 adsum.
795 2479 816 2514 ι

613 2687 781 2744 Vens.
819 2686 907 2742 16.
942 2705 961 2738 ι
1003 2681 1250 2748 Domine,
1273 2682 1340 2737 de
1375 2681 1487 2752 ipsa
1513 2680 1710 2751 quippe
1746 2678 2110 2735 renuntiatum

543 2777 797 2834 esttibi:
834 2784 891 2830 et
923 2773 1172 2829 excitasti
1205 2771 1450 2840 spiritum
1490 2784 1688 2831 memn,
1723 2777 1776 2822 ct
1803 2764 2114 2820 consolatus

543 2871 651 2925 vixi
676 2868 811 2940 (55).
846 2885 864 2919 ι
898 2867 1010 2920 Non
1033 2867 1175 2934 quod
1199 2865 1264 2918 iis
1289 2864 1484 2932 dignus
1515 2875 1689 2915 essem
1718 2883 1732 2913 ;
1766 2873 1888 2910 nam
1924 2869 2114 2926 peccas

546 2960 612 3014 tis
641 2957 822 3012 multis
852 2953 1038 3025 plenus
1065 2966 1213 3006 eram
1238 2991 1252 3016 ,
1281 2953 1374 3005 sed
1408 2964 1477 3004 ex
1513 2946 1888 3002 misericordia
1924 2954 1979 3000 et
2010 2946 2114 2999 cle~

545 3048 745 3103 meutia
774 3054 863 3099 tua
893 3044 1006 3098 hazc
1035 3040 1349 3096 adfuerunt.

617 3158 781 3215 Vens.
817 3155 1004 3211 I749.
1041 3171 1062 3205 ι
1103 3151 1306 3208 Eruisti
1353 3151 1498 3207 enim
1535 3150 1769 3204 animam
1799 3161 1974 3204 meam
1999 3186 2013 3213 ,
2058 3155 2114 3201 ut

545 3267 652 3307 non
681 3250 919 3322 periret,
951 3255 1006 3300 et
1053 3243 1326 3316 proiecisti
1372 3252 1522 3297 retro
1554 3256 1640 3296 me
1673 3240 1853 3295 omnia
1896 3247 2110 3309 peccata
2141 3253 2184 3310 α

546 3357 688 3398 mea.
723 3337 1072 3408 Nequeenim
1103 3337 1192 3404 qui
1222 3336 1273 3389 in
1305 3332 1516 3387 inferno
1549 3341 1677 3386 sunt
1705 3331 2002 3386 laudabunt
2031 3340 2110 3396 te,

547 3446 724 3502 neque
749 3431 839 3500 qui
875 3427 1072 3484 mortui
1106 3434 1250 3488 sunt,
1283 3422 1600 3478 benedicent
1628 3422 1756 3488 tibi,
1786 3437 1960 3491 neque
1988 3435 2113 3491 spe-

549 3525 745 3579 rabunt
769 3561 786 3590 ,
814 3521 904 3591 qui
944 3521 999 3574 in
1031 3518 1242 3572 inferno
1272 3523 1400 3570 sunt
1424 3554 1440 3577 ,
1467 3515 1895 3570 misericordiam
1924 3523 2068 3568 tuam
2097 3532 2110 3568 :

503 3616 509 3622 ’
548 3617 640 3688 qui
659 3616 845 3669 vivunt
867 3610 1188 3666 benedicent
1215 3605 1328 3671 tibi,
1350 3605 1492 3660 sicut
1515 3614 1569 3658 et
1589 3620 1708 3675 ego.
1736 3605 1819 3659 Ab
1848 3605 1950 3660 hoc
1969 3605 2113 3658 enim

549 3707 636 3760 die
667 3704 803 3758 ﬁlios
823 3702 1000 3764 edam,
1033 3697 1126 3768 qui
1155 3694 1558 3750 annuutiabunt
1578 3694 1846 3763 justitiam
1880 3705 2046 3749 luam.
2090 3713 2108 3746 ι

547 3796 841 3867 lmpiorum
869 3791 1131 3860 siquidem
1162 3787 1316 3844 locus
1339 3795 1422 3840 est
1451 3785 1696 3842 infernus
1729 3801 1744 3839 :
1789 3798 2119 3856 quapropter

548 3904 672 3944 cum
709 3886 886 3941 anima
933 3897 1051 3937 mea
1095 3881 1186 3936 illo
1219 3887 1406 3949 erepta
1436 3878 1542 3943 sit,
1575 3877 1685 3935 Deo
1715 3879 1870 3935 lietus
1915 3880 2120 3950 gratias

551 3981 744 4037 refero.
780 3977 948 4049 Regio
971 3983 1150 4030 autem
1190 3958 1376 4030 eorum
1403 3975 1491 4044 qui
1532 3974 1672 4046 apud
1718 3973 1884 4027 Deum
1911 3974 2117 4038 vivunt,

551 4089 647 4130 eos
684 4071 775 4142 qui
815 4071 989 4141 ipsum
1040 4065 1264 4120 laudant
1314 4066 1548 4135 excipiet
1590 4084 1603 4120 :
1653 4065 1742 4119 ubi
1783 4077 1868 4116 me
1905 4062 2118 4116 demum

554 4165 793 4220 futurum
830 4175 950 4217 esse
999 4157 1254 4224 conﬁdo,
1294 4158 1468 4229 gratia
1519 4165 1609 4211 tua
1665 4156 1715 4210 id
1755 4155 1882 4208 mihi
1925 4168 2121 4210 conce-

557 4258 789 4400 “litis.
825 4339 918 4396 20.
973 4357 992 4392 ι
1037 4339 1178 4395 Deus
1223 4336 1413 4391 salutis
1459 4349 1624 4400 mete,
1668 4346 1840 4402 neque
1880 4329 2120 4385 desinam

556 4438 778 4494 laudare
822 4445 876 4491 te
911 4449 1033 4488 cum
1073 4432 1334 4502 psalterio
1367 4429 1582 4485 cunctis
1610 4427 1801 4481 diebus
1828 4425 1950 4478 vitae
1993 4436 2124 4477 mea:

557 4529 613 4584 in
665 4534 956 4596 conspectu
1009 4528 1200 4580 domus
1247 4521 1361 4575 Dei.
1409 4539 1429 4571 ι
1473 4518 1592 4572 Tibi
1646 4531 1857 4584 semper
1916 4524 2121 4576 astans,

2208 618 2501 692 περιτιθεὶς
2528 619 2671 688 ψυχῇ
2705 616 2794 670 διά
2820 617 2928 670 τῶν
2959 615 3123 669 αὑτοῦ
3153 615 3421 686 πράξεων.
3851 673 3854 676 ,

2284 729 2304 763 ι
2345 712 2434 765 Ἐν
2465 713 2531 780 τῇ
2559 710 2742 782 ἡμέρᾳ
2787 709 2972 782 ἐκείνῃ
3023 707 3326 780 παρεδόθην
3365 707 3468 770 ἕως
3509 706 3656 778 πρωῒ
3710 707 3801 770 ὡς

2207 803 2399 870 λέοντι,
2451 803 2621 867 οὕτως
2663 803 2951 874 συνέτριψε
2998 801 3176 855 πάντα
3211 801 3278 854 τὰ
3303 801 3438 853 ὀστᾶ
3477 812 3603 868 μου.
3649 801 3801 854 Ἀπὸ

2208 895 2316 967 γὰρ
2346 895 2444 965 τῆς
2469 893 2681 965 ἡμέρας
2714 889 3020 956 ἓωςνυκτὸς
3036 890 3355 962 παρεδόθηνε
3396 908 3415 941 ι
3436 891 3649 961 Ὠσπερ
3677 891 3800 958 τινὶ

2209 986 2609 1060 ἀνθρωποῶρῳ
2640 985 2834 1048 λέοντι,
2864 987 2921 1049 ὃς
2956 1002 3015 1038 τε
3037 985 3112 1048 ὼς
3145 984 3242 1055 μὲν
3269 984 3353 1037 διὰ
3386 983 3483 1054 τῆς
3517 983 3799 1036 ἐπιτεθεί-

2210 1097 2310 1150 σης
2361 1095 2450 1149 μοι
2493 1077 2802 1148 ἀρρωστίας
2840 1077 2927 1130 διὰ
2967 1076 3148 1147 πάσης
3189 1076 3380 1138 νυκτὸς
3434 1076 3528 1128 καὶ
3569 1076 3800 1146 ἡμέρας

2212 1171 2495 1242 συνέτριψε
2522 1171 2697 1223 πάντα
2713 1169 2782 1222 τὰ
2806 1171 2938 1222 ὀστᾶ
2965 1186 3086 1240 μου·
3118 1169 3312 1240 μικοοῦ
3346 1169 3402 1222 δὲ
3429 1169 3537 1222 δεῖν
3557 1167 3652 1222 καὶ
3667 1169 3802 1222 ὅλον

2210 1264 2370 1320 αὐτὸν
2403 1263 2689 1316 καταπιεῖν
2719 1279 2786 1333 με
2819 1260 3062 1332 ἔμελλεν.

2285 1377 2305 1410 ι
2351 1356 2436 1420 Ὠς
2474 1355 2713 1428 χελιδὼν,
2745 1354 2887 1408 οὕτω
2927 1355 3180 1426 φωνήσω,
3215 1353 3308 1408 καὶ
3352 1353 3430 1418 ὡς
3465 1353 3800 1426 περιστερὰ,

2209 1450 2350 1504 οὓτω
2397 1448 2626 1520 μελετῶ.
2673 1446 2949 1512 Ἐξέλιπον
3001 1445 3108 1519 γάρ
3146 1463 3247 1516 μου
3287 1447 3336 1499 οἱ
3376 1441 3647 1518 ’ὀφθαλμοὶ
3694 1446 3802 1500 τοῦ

2211 1539 2432 1611 βλέπειν
2478 1539 2560 1602 είς
2598 1537 2657 1590 τὸ
2685 1536 2816 1606 ’ύψος
2841 1535 2936 1589 τοῦ
2960 1533 3188 1605 ούρανοῦ
3215 1531 3351 1607 πρὸς
3380 1535 3471 1589 τὸν
3502 1533 3731 1606 Κύριον.
3772 1555 3795 1586 ι

2212 1634 2402 1702 Ὅμως
2445 1633 2487 1685 δ’
2512 1627 2604 1686 οὖν
2634 1633 2690 1684 ἐν
2716 1629 2924 1692 τούτοις
2951 1628 3259 1699 γενόμενος,
3302 1619 3402 1681 οὒκ
3431 1625 3800 1698 ὲξησθένησα,

2206 1724 2330 1778 οὐδὲ
2361 1721 2454 1776 τοῦ
2483 1721 2614 1775 Θεοῦ
2645 1738 2744 1792 μου
2777 1717 3122 1791 ἀνεχώρησα,
3149 1715 3431 1771 ἀναλαὸὼν
3461 1717 3518 1770 δὲ
3551 1719 3803 1787 ἐμαυτὸν

2211 1817 2392 1869 πίστει
2441 1815 2536 1870 καὶ
2581 1813 2760 1886 ἀγαθῇ
2811 1811 3008 1876 ἐλπίδι,
3059 1809 3322 1881 κλαυθμῷ
3377 1811 3470 1864 καὶ
3509 1813 3799 1884 προσευχῇ

2206 1910 2495 1982 παρέδωκα
2534 1907 2784 1980 ὲμαυτόντ
2810 1903 3116 1977 Εύχομένου
3143 1903 3200 1956 δέ
3233 1920 3354 1974 μου,
3381 1903 3562 1974 φησὶν,
3596 1903 3803 1974 ἐπιμό-

2206 2019 2330 2067 νως,
2361 2004 2458 2056 καὶ
2488 2000 2808 2072 ἐγκειμένου
2858 1999 2958 2069 τῆς
2990 1996 3125 2068 πρὸς
3173 1995 3264 2049 τὸν
3299 1995 3432 2049 Θεὸν
3484 1996 3800 2067 ἱκετηρίας,

2207 2097 2266 2160 ὂς
2311 2114 2330 2148 ι
2370 2093 2608 2159 ἐξείλατό
2660 2109 2726 2163 με
2752 2132 2766 2155 ,
2819 2089 2915 2143 καὶ
2979 2088 3239 2158 ἀφείλατό
3293 2105 3391 2160 μου
3447 2086 3545 2159 τὴν
3595 2088 3802 2159 ὀδύνην

2206 2189 2303 2260 τῆς
2343 2187 2539 2258 ψυχῆς.
2580 2183 2678 2237 »ὐ
2722 2182 2786 2253 δὴ
2819 2181 2893 2254 μὴ
2944 2181 3215 2259 μελλήσας
3274 2178 3506 2244 ἐξείλετό
3555 2196 3644 2250 με,
3697 2181 3802 2233 καὶ

2207 2279 2458 2349 ἀφείλετό
2514 2294 2615 2348 μου
2675 2276 2773 2347 τὴν
2807 2273 2995 2344 ὀδύνην
3026 2273 3126 2343 τῆς
3163 2271 3359 2343 ψυχῆς*
3388 2271 3669 2340 μονονουχὶ
3698 2271 3800 2323 τὸν

2207 2369 2372 2423 αὑτοῦ
2403 2369 2559 2437 λόγον
2584 2367 3015 2438 πιστωσάμενος,
3049 2365 3109 2418 ὃν
3135 2364 3465 2436 ἐπήγγελται
3486 2365 3598 2427 τοῖς
3615 2363 3802 2432 ἁγίοις

2207 2461 2372 2514 αὑτοῦ
2420 2459 2606 2517 εἰπών·
2651 2479 2670 2511 ‹
2693 2461 2813 2513 Ἔτι
2838 2457 3122 2520 λαλοῦντός
3156 2474 3270 2521 σου,
3304 2456 3433 2528 ἐρῶο
3479 2456 3608 2510 Ἰδοὺ
3645 2457 3801 2527 πάρ-

2209 2567 2348 2624 ειμι.
2393 2571 2414 2603 ι

2284 2663 2304 2697 ‹
2340 2643 2534 2715 Κύριε,
2558 2643 2685 2716 περὶ
2708 2644 2910 2714 ταύτης
2925 2641 3033 2713 γὰρ
3049 2639 3322 2711 ἀνηγγέλη
3347 2656 3446 2701 σοι,
3474 2638 3568 2693 καὶ
3589 2637 3805 2710 ἐξήγει-

2219 2736 2317 2808 ράς
2343 2755 2442 2809 μου
2464 2737 2563 2808 τήν
2597 2736 2786 2807 πνοὴν,
2837 2735 2931 2788 καὶ
2967 2731 3336 2804 παρακληθεὶς
3374 2730 3562 2801 ἔζησα.
3619 2749 3638 2782 ι
3679 2731 3800 2801 Ούλ

2214 2828 2298 2881 ὅτι
2322 2825 2526 2882 τούτων
2543 2825 2692 2891 ἄξιος
2719 2828 2752 2898 ἦ
2761 2845 2866 2898 μην
2894 2824 3022 2895 ἐγώ·
3042 2823 3248 2877 πολλῶν
3267 2824 3374 2894 γὰρ
3393 2822 3586 2893 μεστὸς
3610 2821 3799 2893 ἀμαρ-

2213 2919 2344 2974 τιῶν
2371 2919 2533 2983 αὐτὸς
2570 2920 2833 2990 ὑπῆρχον·
2859 2917 2994 2970 ἀλλὰ
3040 2915 3118 2988 τῷ
3144 2916 3219 2986 σῷ
3248 2915 3379 2984 ὲλέῳ
3400 2915 3496 2968 καὶ
3517 2916 3582 2986 τῇ
3608 2917 3676 2985 σῇ
3705 2931 3803 2984 φι-

2213 3011 2342 3067 λανθ
2353 3011 2532 3086 ρωπίᾳ
2561 3010 2732 3064 ταῦτα
2759 3010 3022 3081 παρέστη.

2289 3145 2309 3177 ‹
2345 3125 2505 3179 Εἴλου
2527 3125 2636 3196 γάρ
2665 3142 2764 3195 μου
2795 3124 2894 3196 τὴν
2918 3123 3118 3195 ψυχὴν,
3147 3123 3234 3176 ἵνα
3273 3122 3347 3193 μὴ
3375 3121 3662 3193 ἀπόληται,
3697 3122 3802 3177 καὶ

2218 3216 2524 3290 ἀπέρριψας
2553 3216 2726 3269 ὀπίσω
2766 3233 2867 3286 μου
2916 3216 3094 3279 πάσας
3115 3215 3212 3278 τὰς
3243 3214 3531 3284 ἁμαρτίας.
3567 3215 3640 3266 Oi,
3683 3214 3804 3285 γὰρ

2217 3313 2266 3364 οἱ
2290 3311 2347 3377 ἐν
2375 3309 2502 3381 ᾅδου
2531 3308 2800 3362 αἰνέσουσί
2832 3325 2913 3372 σε,
2952 3308 3072 3361 οὐδὲ
3100 3309 3149 3361 οί
3179 3306 3538 3370 ἀποθανόντες
3570 3306 3801 3376 εὐλογή-

2219 3402 2371 3456 σουσί
2415 3419 2498 3465 σε,
2539 3401 2657 3454 οὐδὲ
2687 3401 2929 3454 ὲλπιοῦσι
2971 3401 3021 3452 οί
3049 3401 3106 3452 ὲν
3132 3399 3257 3470 ᾅδου
3302 3398 3396 3469 τὴν
3427 3397 3803 3470 ἐλεημοσύνην

2219 3511 2334 3548 σου·
2368 3495 2418 3547 oi
2446 3493 2644 3558 ξῶφτες
2677 3486 3028 3561 εὐλογήσουσί
3065 3509 3124 3544 σε
3157 3490 3215 3544 ὃν
3240 3491 3438 3562 τρόπον
3459 3487 3630 3558 κάγώ.
3663 3489 3805 3543 Ἀπὸ

2218 3584 2326 3655 γὰρ
2345 3583 2446 3654 τῆς
2477 3585 2716 3655 σήμερον
2746 3583 2932 3636 παιδία
2983 3583 3213 3654 ποιήσω,
3238 3581 3274 3635 ἃ
3297 3577 3653 3649 ἀναγγελοῦσι
3696 3582 3802 3650 τὴν

2217 3678 2562 3748 δικαιοσύνην
2617 3695 2729 3731 σου.
2770 3696 2787 3727 ι
2821 3675 3033 3748 Χωρίον
3070 3675 3178 3746 γάρ
3204 3677 3350 3727 ἐστιν
3375 3672 3582 3726 ἀσεϐῶν
3615 3673 3796 3727 τοῦτο’

2217 3772 2298 3826 διὸ
2328 3770 2425 3843 τὴν
2445 3769 2620 3842 ψυχὴν
2653 3767 3037 3841 ἐλευθερωθεὶς
3067 3767 3125 3832 ἐξ
3165 3768 3349 3831 αὑτοῦ,
3383 3765 3584 3837 χαίρων
3610 3766 3802 3820 ἀποδίο

2217 3864 2357 3936 δωμι
2381 3862 2459 3934 τῷ
2479 3862 2597 3933 Θεῷ
2618 3862 2718 3933 τὴν
2748 3860 3116 3932 εὐχαριστίαν.
3165 3860 3228 3912 Ἦ
3253 3859 3307 3912 δὲ
3339 3858 3492 3930 χώρα
3516 3859 3623 3912 τῶν
3645 3859 3800 3929 παρά

2219 3956 2338 4027 Θεῷ
2363 3954 2579 4021 ζώντων
2608 3955 2844 4017 καὶτοὺς
2875 3951 3158 4015 αἰνοῦντας
3179 3947 3514 4016 ὑποδέξεται·
3541 3950 3669 4004 ἔνθα
3703 3952 3798 4004 καὶ

2219 4047 2383 4112 αὐτὸς
2399 4045 2583 4100 λοιπὸν
2609 4043 2931 4116 γενήσεσθαι
2974 4041 3234 4105 πιστεύω,
3261 4041 3418 4094 τοῦτό
3450 4059 3538 4113 μοι
3565 4043 3662 4112 τῆς
3697 4041 3800 4113 σῆς

2219 4138 2614 4214 δωρησαμένης
2639 4136 2878 4210 χάριτος.

2298 4338 2316 4372 ι
2346 4319 2445 4374 Θεὲ
2473 4321 2572 4391 τῆς
2588 4318 2860 4390 σωτηρίας
2890 4335 3011 4389 μου,
3040 4317 3134 4372 καὶ
3166 4317 3228 4370 ού
3261 4316 3536 4387 παύσομαι
3557 4315 3800 4385 εὐλογῶν

2225 4431 2284 4467 σε
2310 4412 2446 4485 μετὰ
2466 4412 2764 4484 ψαλτηρίου
2797 4411 2978 4475 πάσας
3009 4411 3108 4476 τὰς
3131 4407 3342 4482 ἡμέρας
3389 4409 3489 4478 τῆς
3519 4407 3662 4478 ζωῆς
3695 4425 3802 4478 μου

2224 4508 2508 4561 κατέναντι
2555 4506 2647 4558 τοῦ
2692 4505 2841 4559 οἴκου
2875 4505 2968 4559 τοῦ
3013 4504 3168 4558 Θεοῦ.
3211 4523 3228 4554 ι
3291 4502 3381 4556 Σοὶ
3421 4500 3802 4574 προσεδρεύων

557 4629 615 4674 et
649 4632 680 4672 a
714 4616 1328 4685 sanctuarionunquam
1365 4611 1645 4675 recedens,
1674 4619 1724 4662 te
1756 4606 1974 4661 assidue
2005 4605 2115 4659 lau-

2225 4598 2532 4662 διαπαντὸς,
2579 4595 2671 4651 καὶ
2714 4597 3013 4669 ἀχώριστος
3061 4594 3347 4666 γενόμενος
3376 4593 3470 4648 τοῦ
3506 4592 3599 4647 σοῦ
3641 4593 3801 4662 ἀγιά-

557 4712 792 4856 11³1ἔίιιοιιει.
820 4801 910 4855 21.
951 4819 972 4852 ‹
1006 4799 1070 4855 Ει
1091 4799 1224 4853 dixit
1272 4796 1436 4853 Isaias
1480 4793 1725 4850 Ezechia:
1765 4809 1778 4846 :
1835 4791 1998 4846 Sume
2027 4789 2122 4844 tibi

559 4910 792 4952 massam
828 4892 1127 4958 ﬁcuum,.et
1149 4901 1283 4958 tere,
1304 4899 1357 4945 et
1380 4887 1728 4958 emplastrum
1763 4885 1976 4955 impone
2007 4882 2125 4936 vul-

561 4989 960 5055 ueri,et.sanus
987 4985 1125 5048 eris;
1156 5001 1176 5035 ι
1212 4983 1411 5038 docens
1436 4996 1542 5034 non
1574 4992 1797 5048 prorsus
1825 4973 2125 5044 respuenda

559 5095 681 5137 esse
711 5078 798 5136 illa
818 5117 834 5143 ,
867 5088 988 5146 qua;
1015 5074 1082 5128 ab
1116 5071 1426 5127 hominibus
1457 5069 1522 5124 ad
1569 5068 1830 5122 medelam
1877 5062 2119 5134 corporis

559 5171 970 5242 excogitantur:
1005 5167 1242 5234 itemque
1269 5161 1377 5217 illis
1404 5159 1662 5216 utendum
1691 5173 1812 5214 esse
1839 5197 1854 5220 ,
1879 5155 2122 5225 quando-

561 5263 779 5334 quidem
813 5258 1072 5331 propheta
1116 5255 1167 5311 id
1196 5255 1458 5323 agendum
1488 5265 1610 5308 esse
1650 5249 1875 5316 monuit.
1905 5244 2120 5316 Reliqui

561 5371 693 5414 vero
717 5367 908 5409 omnes
927 5391 942 5416 .
979 5351 1128 5404 ulcus
1160 5354 1457 5409 vocarunt,
1485 5343 1628 5413 quod
1655 5357 1682 5394 a
1715 5353 1891 5394 massa
1921 5337 2119 5390 ﬁcuum

559 5449 806 5498 curatum
837 5447 922 5491 est
953 5452 967 5489 :
996 5444 1053 5489 at
1082 5449 1188 5488 non
1221 5432 1374 5486 ulcus
1405 5439 1520 5485 erat
1545 5430 1774 5498 primum
1797 5465 1813 5492 ,
1849 5426 1941 5481 sed
1969 5424 2121 5478 inﬁr-

559 5535 722 5592 mitas
740 5541 804 5588 et
834 5528 1100 5600 agritudo
1127 5527 1195 5582 ad
1229 5536 1478 5582 mortem.
1505 5522 1684 5591 Quare
1737 5535 1834 5592 pro
1868 5520 1954 5574 illa
2001 5518 2126 5589 qui-

634 5737 746 5806 (35)
774 5737 957 5809 Vulg"
991 5755 1010 5788 ι
1039 5734 1298 5809 Domine,
1313 5733 1358 5786 si
1389 5731 1470 5786 sic
1498 5729 1742 5809 Vivllllr‘,“
1759 5734 1827 5809 et_
1845 5724 1898 5807 in
1923 5723 2121 5778 talibus

565 5797 674 5868 vita
697 5797 1077 5880 spiritu‘sinei,
1104 5805 1370 5880 corripies
1396 5810 1571 5880 meae}
1605 5797 1899 5880 riviﬁcabis
1950 5811 2052 5848 tne.
2096 5813 2113 5845 ι

564 5867 892 5938 Deest'vers.
923 5877 988 5933 l5
1013 5867 1150 5946 apud
1185 5867 1324 5928 LXX
1355 5871 1454 5926 lnt.
1487 5871 1584 5924 Ed.
1619 5867 1887 5938 Complut.
1919 5875 2120 5932 tamen,

2226 4707 2448 4763 σματος,
2473 4689 2762 4752 διαπαντὸς
2781 4691 3058 4758 εὐλογήσω
3085 4706 3163 4742 σε.

2301 4803 2317 4833 ι
2344 4783 2450 4836 Καὶ
2473 4779 2624 4836 εἶπεν
2651 4782 2876 4844 Ἡσαΐας
2895 4781 3030 4853 πρὸς
3077 4781 3338 4845 Ἐζεκίαψ
3369 4779 3516 4834 Λάϐε
3549 4758 3799 4851 παλάθην

2226 4873 2291 4925 ἐκ
2347 4872 2544 4935 σύκων,
2580 4873 2674 4925 καὶ
2705 4870 2915 4941 τρίψον,
2949 4870 3043 4922 καὶ
3093 4869 3454 4932 κατάπλασαι,
3509 4869 3602 4922 καὶ
3641 4869 3801 4941 ὑγιὴς

2227 4964 2345 5036 ἔσῃ·
2386 4983 2403 5014 ι
2437 4963 2724 5026 διδάσκων,
2751 4963 2826 5026 ὡς
2867 4962 2927 5016 ού
2959 4961 3191 5032 πάμπαν
3211 4961 3491 5032 ἀπύωητα
3513 4961 3708 5030 γένοιτ’
3734 4964 3801 5016 ἄν

2226 5074 2355 5112 ποτε
2383 5057 2474 5112 καὶ
2500 5055 2568 5110 τὰ
2595 5055 2724 5127 παρ’
2740 5053 3044 5126 ἀνθρώποις
3069 5053 3204 5126 πρὸς
3239 5053 3533 5122 θεραπείαν
3569 5053 3662 5106 τοῦ
3697 5056 3802 5106 σὼ-

2232 5170 2398 5224 ματος
2430 5146 2804 5220 ὲπινοούμενα·
2837 5147 2916 5200 έτι
2958 5148 3014 5200 δὲ
3046 5148 3126 5200 ὅτι
3149 5145 3411 5218 χρηστέον
3446 5146 3539 5199 καὶ
3567 5145 3798 5210 τούτοις,

2227 5245 2302 5311 ὡς
2328 5243 2544 5300 καὶτοῦ
2583 5243 2861 5314 προφήτου
2910 5241 3067 5294 τοῦτο
3105 5240 3308 5312 πρᾶξαι
3355 5241 3800 5312 παραινέσαντος.

2228 5337 2338 5392 Καὶ
2360 5338 2409 5390 oi
2445 5335 2618 5390 λοιποὶ
2635 5334 2833 5396 πάντες
2864 5333 3043 5398 ἕλκος
3059 5332 3347 5402 ὠνόμασαν
3368 5331 3428 5384 τὸ
3455 5331 3541 5385 διὰ
3570 5331 3669 5402 τῆς
3697 5351 3800 5385 πα-

2227 5427 2392 5493 λάθης
2420 5422 2768 5496 θεραπευθέψ
2802 5422 2916 5475 ἀλλ’
2946 5422 3043 5493 ούχ
3074 5422 3228 5485 ἕλκος
3248 5417 3315 5491 ἦν
3337 5421 3399 5474 τὸ
3431 5421 3665 5492 πρῶτον,
3701 5423 3803 5494 dp-

2235 5517 2437 5592 ρωστία
2459 5517 2516 5571 δὲ
2537 5519 2630 5570 καὶ
2665 5514 2900 5587 μαλακία
2937 5515 3070 5588 πρὸς
3100 5513 3343 5568 θάνατον.
3367 5514 3457 5566 Διὸ
3481 5515 3565 5566 ἐπ’
3592 5514 3803 5584 ἐκείνης

2228 5719 2509 5808 liena-1'5.
2541 5737 2559 5769 ι
2595 5717 2704 5772 Καὶ
2733 5715 2894 5779 αὐτὸς
2939 5714 3159 5784 ἐποίησε
3207 5712 3567 5785 καθοδήγησιν
3598 5713 3800 5776 πάντας

2228 5807 2503 5854 ενιαυτους
2537 5807 2657 5861 μου.
2691 5808 2708 5841 ι
