3984 6508
263 355 373 408 5⁸3
1273 358 1775 415 (ΣΟΜΜΕΝΤΜἏΙΑ
1820 363 1834 414 l

1954 363 2182 417 SAlASl.
2227 396 2293 405 —
2332 358 2484 419 CAP.
2526 364 2643 421 XL;

269 356 371 369 ν--υ

269 373 324 386 ΑΙ“
357 379 371 386 μ

261 379 373 408 G'e)

3424 372 3526 432 266

255 480 653 551 Παράλλητος,
685 482 743 534 τὸ
776 482 994 553 Πνεῦμα
1019 485 1078 537 τὸ
1110 483 1282 552 ἅγιον,
1317 485 1344 537 ὃ
1367 486 1572 556 πέμψει
1598 488 1626 540 ὁ
1666 486 1835 556 Πατήι

1963 494 2101 549 ctus,
2132 501 2289 552 quem
2326 487 2501 539 mittet
2527 485 2688 540 Pater
2721 501 2890 552 mens,
2925 486 3013 540 ille
3045 501 3139 542 vos
3174 487 3382 544 docebit
3410 507 3526 543 0m-

255 589 386 643 μου,
411 575 628 637 ἐκεῖνος
644 575 787 645 ὑμᾶς
809 575 1006 641 διδάξει
1025 575 1220 636 πάντα,
1249 597 1266 628 ι
1288 579 1378 630 καί
1399 577 1464 630 τὰ
1480 577 1624 649 ὲξῆς.
1646 577 1854 641 Πάντες

249 666 561 735 τοιγαροῦν
603 669 654 720 οί
699 668 759 720 τὸ
812 669 1156 740 παράκλητον
1196 671 1420 740 Πνεῦμα
1469 671 1854 742 ὑποδεξάμενοι

251 761 706 827 προστάττονται
735 763 1066 832 παρακαλεῖν
1087 764 1175 816 τὸν
1196 763 1319 816 λαὸν
1340 763 1433 816 τοῦ
1451 763 1604 816 Θεοῦ⁸
1645 764 1759 818 ἀλλ’
1793 766 1853 818 οὐ

249 849 345 899 τὸν
377 849 764 920 Ἰσραῆλούῶ
790 853 880 904 τον
914 852 1125 914 Ἰακὼϐ,
1142 853 1260 905 οὐδὲ
1289 854 1377 906 τὸν
1407 853 1624 906 Ἰούδαν.
1644 854 1854 925 ’Ὠσπερ

247 939 305 992 δὲ
342 941 771 1004 ἀποδὲοεικται,
806 945 834 996 ὁ
866 943 992 1007 λαὸς
1037 943 1130 996 τοῦ
1162 943 1330 1008 Θεοῦ,
1375 943 1546 1008 οὕτως
1577 948 1609 1015 ἡ
1658 945 1854 1015 καρδία

260 1027 329 1085 ’ῐέ
340 1034 592 1104 pou-sali;
600 1053 639 1104 μ
663 1035 1004 1105 νοηθήσεται,
1029 1036 1088 1088 τὸ
1114 1040 1354 1108 κρεῖττον
1374 1037 1559 1106 τάγμα
1585 1037 1674 1089 τοῦ
1698 1038 1850 1092 λαοῦ.

259 1123 355 1185 Ὠς
385 1123 505 1194 γάρ
545 1125 605 1175 ἐν
630 1124 839 1195 σώματι
876 1127 908 1196 ὴ
942 1126 1134 1197 καρδία
1154 1127 1213 1178 τὸ
1247 1122 1582 1198 κυριώτατόν
1610 1129 1724 1180 ἐστι
1757 1128 1850 1181 τοῦ

247 1217 490 1278 παντὸς,
529 1217 672 1269 οῦτω
714 1219 806 1270 καὶ
852 1218 906 1270 ἐν
949 1218 1025 1289 τῷ
1049 1221 1145 1290 τῆς
1189 1219 1512 1292 Ἐκκλησίας
1559 1220 1770 1292 σώματι
1791 1222 1851 1274 τὸ

245 1306 604 1378 κυριώτατον
627 1311 810 1380 τάγμα
835 1309 1057 1374 εἰκότως
1079 1311 1143 1364 ἂν
1171 1312 1382 1384 λεχθείη
1409 1314 1469 1366 τὸ
1494 1315 1600 1367 τῶν
1625 1315 1851 1384 λογικω-

246 1399 459 1469 τέρων,
500 1401 763 1470 φρονήσει
801 1418 858 1454 τε
895 1403 986 1454 καὶ
1019 1402 1224 1474 διανοίᾳ
1258 1405 1351 1457 καὶ
1391 1404 1632 1476 λογισμῷ
1663 1406 1848 1476 διαίρεε

247 1493 488 1559 ρόντων.
542 1491 669 1544 Ἐἀν
721 1493 898 1544 τοίνυν
937 1493 1195 1563 λέγηται,
1249 1514 1266 1545 t
1304 1496 1587 1567 Λαλήσατε
1625 1499 1705 1560 είς
1749 1499 1846 1570 τὴν

247 1582 495 1652 καρδίαν
531 1583 906 1656 Ἰερουσαλὴμ,
940 1606 956 1636 ι
992 1585 1132 1639 οῦτω
1167 1586 1380 1640 δεκτέον
1403 1588 1491 1642 τὸν
1514 1589 1691 1658 λόγον,
1714 1589 1845 1644 ὡσεὶ

248 1675 604 1748 σαερέστερον
646 1676 796 1744 ἔλεγε
822 1693 834 1706 ·
871 1697 889 1728 t
931 1677 1211 1748 Λαλήσατε
1250 1683 1361 1745 τοῖς
1395 1683 1450 1733 ὲν
1499 1682 1578 1753 τῷ
1605 1683 1718 1755 λαῷ
1751 1685 1842 1738 τοῦ

245 1765 394 1818 Θεοῦ
449 1768 678 1836 νοημοσι
719 1767 810 1819 καὶ
848 1765 1243 1837 λογικωτέροις.
1291 1791 1309 1822 ι
1368 1773 1588 1838 Τούτοις
1620 1775 1717 1845 μὲν
1749 1772 1841 1829 οῦν

1963 576 2048 628 nia
2088 574 2165 640 ‘°,
2203 595 2222 626 ι
2260 586 2310 630 ει
2345 586 2560 630 εειιιειτι.
2592 577 2862 647 Quotquot
2907 579 3069 646 igitur
3101 579 3364 648 Spiritum
3401 597 3528 636 san-

1961 679 2104 720 ctum
2135 677 2489 736 acceperunt,
2521 668 2770 736 populum
2802 671 2892 724 Dei
2916 666 3185 724 consolari
3225 672 3524 738 jtthentur;

1958 759 2050 810 sed
2079 773 2181 808 non
2214 755 2488 820 lsraeletu,
2517 771 2620 808 non
2650 754 2929 822 Jacobtnn,
2957 774 3060 812 non
3087 758 3305 818 Judaut.
3338 760 3404 815 Ut
3428 778 3526 814 au-

1959 863 2064 902 tem
2111 849 2363 918 populutn
2405 848 2497 902 Dei
2539 849 2946 919 intelligendum
2979 867 3097 906 esse
3129 860 3525 907 commonstra-

1955 950 2066 992 tum
2097 950 2199 1002 est,
2229 940 2300 992 ita
2334 949 2388 992 ει
2434 955 2531 992 eor
2571 937 2870 996 Jerusalem
2915 943 3244 1019 intelligatur
3284 955 3521 1013 oportet,

1955 1048 2052 1099 pro
2098 1032 2277 1101 p0pnli
2327 1031 2534 1086 scilicet
2573 1033 2764 1087 ordine
2805 1042 2860 1087 et
2920 1046 3073 1101 parte
3125 1041 3520 1103 prarstantiore.

1954 1123 2412 1188 Quemadmodum
2471 1122 2630 1187 enim
2661 1123 2712 1176 in
2752 1139 2977 1194 corpore
3021 1141 3113 1180 cor
3143 1130 3524 1196 przestantissi-

1954 1231 2098 1268 mum
2120 1215 2362 1269 omnium
2389 1226 2472 1270 est
2499 1233 2514 1280 ;
2547 1217 2618 1270 ita
2648 1227 2701 1272 et
2735 1217 2785 1270 in
2819 1217 3077 1272 Ecclesia:
3097 1235 3350 1287 corpore,
3379 1236 3519 1288 prte—

1951 1308 2283 1362 stantissima
2335 1311 2510 1377 portio
2558 1308 2680 1376 jure
2725 1309 2939 1364 dicatur
2989 1327 3110 1365 esse
3155 1327 3376 1378 eorum,
3423 1315 3516 1384 qui

1951 1397 2183 1461 ratione,
2227 1400 2511 1466 prudentia
2535 1440 2549 1465 ,
2604 1411 2782 1455 mente
2816 1412 2868 1456 et
2921 1405 3192 1474 cogitandi
3225 1405 3274 1458 vi
3310 1406 3519 1460 caeteris

1948 1490 2293 1543 antecellunt.
2324 1491 2456 1545 Cum
2497 1508 2626 1562 ergo
2666 1492 2896 1557 dicitur,
2937 1512 2955 1544 t
2991 1495 3296 1563 Loquimini
3329 1497 3394 1549 ad
3426 1513 3521 1550 cor

1946 1581 2275 1646 Jerusalem,
2325 1602 2343 1634 ι
2378 1584 2457 1638 sic
2485 1585 2686 1638 dictum
2730 1586 2990 1652 accipias,
3028 1603 3090 1640 ac
3131 1574 3173 1640 si
3203 1587 3404 1643 clarius
3448 1588 3522 1644 ita

1949 1671 2278 1739 loqueretur,
2314 1688 2333 1722 ι
2375 1671 2673 1742 Loquimini
2711 1671 3035 1742 iisepopulo
3061 1675 3177 1737 Dei.
3203 1677 3294 1746 qtti
3325 1677 3524 1735 intelli-

1949 1763 2129 1831 gentia
2174 1773 2229 1818 et
2267 1767 2473 1819 ratione
2526 1766 2930 1834 przestantiores
2953 1777 3100 1820 sunt.
3138 1787 3156 1818 ι
3193 1767 3301 1822 Hos
3341 1771 3524 1840 itaque

245 1856 442 1910 λαλεῖν
485 1859 911 1929 προστάττονται
947 1859 996 1910 οἱ
1043 1860 1233 1930 ἱερεῖς·
1261 1859 1352 1915 τὸν
1393 1863 1448 1917 δὲ
1493 1864 1678 1918 λοιπὸν
1717 1866 1843 1919 λαὸν
1877 1849 2430 1928 Ββηοίὶυίίυδθιιῑυτ
2459 1860 2808 1921 δποθτάοίθες
2853 1859 3125 1913 Γθδίδιιυιη
3186 1876 3316 1916 νιΤο
3349 1879 3524 1932 Ροβυ·

246 1948 630 2020 παρακαλεῖν,
661 1948 736 2011 ὡς
762 1947 1011 2018 δεόμενον
1049 1952 1442 2024 παρακλήσεως
1466 1955 1558 2009 καὶ
1589 1973 1846 2028 παραμυ·

248 2038 405 2104 θίας.

329 2153 352 2183 e
416 2133 541 2185 ’Ὁτι
598 2131 842 2204 ἐπλήσθη
887 2136 920 2202 ἡ
974 2133 1299 2199 ταπείνωσις
1354 2136 1562 2206 αὐτῆς·
1629 2137 1844 2192 λέλυται

247 2224 433 2293 αὐτῆς
517 2226 549 2295 ἡ
609 2225 847 2296 ἁμαρτία
881 2268 894 2290 ,
960 2227 1042 2279 δτι
1105 2227 1323 2293 ἐδέξατο
1372 2229 1435 2282 ἐκ
1493 2230 1674 2300 χειρὸς
1734 2233 1845 2283 Κυ-

252 2316 381 2386 ρίου
428 2317 594 2369 διπλᾶ.
636 2319 705 2371 τὰ
753 2319 1126 2389 ἁμαρτήματα
1174 2321 1362 2390 αὐτῆς.
1409 2340 1427 2371 ι
1482 2323 1752 2393 Προσήκει
1785 2321 1843 2374 δὲ

247 2405 449 2459 λοιπὸν
490 2408 885 2479 παρακλήσεως
928 2410 1020 2462 καὶ
1057 2411 1406 2482 παραμυθίας
1435 2413 1603 2484 αὐτὴν
1642 2413 1844 2483 τυγχά-

245 2513 371 2549 νειν
395 2498 484 2577 ﬁt}
514 2499 612 2569 τὴν
639 2499 1021 2570 ὲπιλάμῴασαν
1049 2501 1126 2572 τῷ
1160 2502 1259 2572 βίῳ
1289 2503 1381 2556 τοῦ
1409 2504 1596 2557 καινοῦ
1628 2505 1841 2558 πάντων

249 2589 570 2662 ἀνθρώπων
626 2592 878 2662 Σωτῆρος
908 2593 1254 2659 ἐπιφάνειαν.
1284 2594 1487 2665 Διπλῆν
1527 2597 1582 2648 δὲ
1622 2597 1841 2649 κόλασιν

249 2684 436 2746 εἴποις
464 2683 529 2736 ἂν
575 2684 959 2754 ἐπεληλυθέναι
983 2687 1048 2755 τῇ
1086 2686 1282 2757 καρδίᾳ
1321 2687 1693 2758 Ἰερουσαλήμ
1720 2689 1840 2741 ἐπεὶ

250 2780 352 2830 καὶ
389 2777 534 2830 κατά
570 2777 670 2848 τὴν
709 2779 950 2849 ἱστορίαν
979 2780 1354 2850 συναπήλαυον
1385 2783 1496 2843 τοῖς
1529 2784 1718 2843 κακοῖς
1743 2781 1838 2834 τοῦ

249 2869 500 2942 πλήθους
535 2871 582 2922 oi
618 2867 953 2939 δηλούμενοι,
989 2871 1078 2923 ὑπ’
1114 2871 1431 2940 ἀλλοφύλοις
1454 2871 1628 2925 ἔθνεσι
1653 2891 1839 2926 ταπει-

249 2960 532 3030 νούμενοι,
575 2961 668 3013 καὶ
706 2959 848 3013 κατά
885 2961 1122 3015 διάνοιαν
1162 2962 1416 3026 ἐκόλαζον
1457 2965 1702 3027 ἑαυτοὺς,
1749 2965 1838 3018 διὰ

247 3052 355 3122 τὴν
375 3049 471 3103 τοῦ
514 3051 752 3122 πλήθους
781 3051 1047 3123 ἀναϐολὴν
1075 3052 1394 3117 πενθοῦντες
1421 3057 1515 3107 καὶ
1545 3055 1838 3108 ἀποκλαιό-

1948 1945 2060 2028 Ιιιιῐι
2088 1949 2355 2004 consolari
2389 1952 2791 2021 przecipiuntur,
2820 1961 3004 2019 utpote
3031 1952 3121 2022 qui
3148 1955 3522 2010 consolatione

1944 2052 2079 2105 opus
2119 2038 2336 2093 haheat.

2024 2151 2042 2184 ι
2073 2132 2210 2198 Quia
2242 2133 2439 2202 repleta
2476 2141 2560 2188 est
2613 2135 2915 2191 humiliatio
2963 2135 3078 2203 ejus
3114 2153 3126 2188 :
3162 2135 3392 2190 solutum
3435 2146 3520 2192 est

1947 2234 2227 2294 peccatum
2253 2225 2416 2288 illius,
2448 2227 2703 2292 quoniatu
2727 2227 2964 2297 suscepit
3007 2229 3072 2281 de
3109 2243 3267 2281 manu
3307 2227 3518 2282 Domini

1945 2316 2174 2386 duplicia
2205 2328 2424 2385 peccata
2451 2335 2566 2371 sua.
2603 2337 2630 2374 ι,
2671 2318 2776 2373 Par
2809 2331 2893 2374 est
2931 2329 2989 2374 ut
3021 2320 3242 2382 demum
3269 2320 3520 2375 consola-

1948 2409 2144 2464 tionem
2175 2410 2436 2473 obtineat,
2467 2409 2536 2464 ob
2569 2409 2972 2466 illucescentem
3019 2411 3115 2466 ιοιί
3154 2411 3391 2464 humano
3425 2426 3519 2481 ge-

1946 2499 2057 2553 neri
2091 2500 2210 2552 novi
2237 2498 2533 2554 Salvatoris
2566 2500 2876 2566 adventum.
2917 2500 3117 2569 Duplex
3149 2514 3280 2554 vero
3311 2499 3518 2568 suppli-

1942 2591 2084 2644 cium
2114 2591 2262 2643 cordi
2287 2589 2587 2643 Jerusalem
2622 2587 2880 2643 inﬂictum
2907 2590 3058 2645 dicas
3093 2611 3106 2645 :
3145 2599 3254 2644 tum
3284 2592 3408 2660 quia
3433 2604 3518 2646 se-

1941 2682 2176 2735 cundum
2205 2681 2487 2734 historiam
2515 2682 2796 2735 memorati
2825 2682 3072 2736 homines
3098 2683 3165 2736 ah
3201 2681 3517 2752 alienigenis

1934 2775 2195 2843 gentibus
2216 2773 2482 2843 oppressi,
2517 2774 2568 2827 in
2605 2784 2814 2842 partem
2851 2773 3178 2829 calamitatis
3206 2776 3386 2845 pomtli
3427 2790 3516 2830 ve-

1943 2867 2198 2931 niebant;
2251 2875 2363 2920 tum
2395 2870 2518 2936 quia
2557 2869 2854 2922 secundum
2905 2877 3137 2921 mentem
3171 2870 3240 2923 de
3269 2869 3514 2924 multitu-

1940 2960 2080 3014 dinis
2113 2961 2415 3029 ahjeczione
2460 2961 2650 3016 ﬂentes
2699 2975 2763 3015 ac
2795 2959 3084 3014 multorum
3140 2961 3430 3030 perniciem
3459 2971 3515 3016 et

1938 3053 2161 3106 exitium
2201 3053 2464 3122 lugentes,
2505 3068 2624 3107 sese
2651 3053 3039 3108 macerabant:
3075 3053 3202 3120 quin
3237 3053 3397 3107 etiam
3429 3069 3514 3107 se-

254 3163 410 3215 μενοι
449 3145 552 3216 τὴν
603 3145 806 3198 πτῶσιν
863 3149 957 3199 καὶ
982 3147 1080 3217 τὴν
1132 3145 1410 3200 ἀπώλειαν
1441 3147 1549 3201 τῶν
1593 3147 1831 3202 πολλῶν·

1943 3146 2114 3200 eundo
2143 3147 2368 3201 obsessa
2397 3145 2757 3217 Jerosolyma,
2791 3147 2862 3200 ita
2890 3155 2947 3199 ιιι
2974 3147 3230 3216 templum
3257 3149 3374 3216 ejus
3399 3148 3513 3203 solo

249 3235 389 3288 ἀλλά
421 3235 675 3303 δεύτερον
712 3235 1131 3306 πολιορκηθεῖσα
1166 3238 1198 3307 ή
1236 3236 1610 3308 Ἰερουσαλὴμ,
1646 3239 1722 3304 ὡς
1755 3243 1834 3304 εἰς

248 3325 448 3394 ἐδαφος
483 3323 872 3393 κατενεχθῆναι
905 3324 995 3377 τὸν
1025 3326 1080 3376 ἐν
1109 3326 1244 3394 αὐτῇ
1269 3323 1425 3387 νεὼν,
1456 3325 1650 3394 διπλῆν
1674 3343 1838 3395 τιμω-

253 3416 377 3489 ρίαν
439 3415 550 3468 τῶν
593 3418 650 3468 ὲν
695 3417 830 3487 αὐτῇ
872 3415 1287 3488 τετολμημένων
1335 3417 1695 3489 ἀσεϐημάτων
1737 3419 1837 3470 ὑπ-

247 3507 432 3576 έμεινε
443 3547 458 3562 .

327 3620 344 3649 ε
379 3599 538 3670 Φωνὴ
579 3598 809 3669 βοῶντος
869 3601 926 3652 ὲν
965 3603 1032 3670 τῇ
1070 3600 1296 3671 ἐρήμῳ·
1340 3601 1694 3672 Ἑτοιμάσατε
1736 3600 1833 3673 τὴν

246 3695 366 3748 ὁδὸν
410 3695 641 3765 Κυρίου,
687 3693 901 3756 εὐθείας
937 3697 1137 3746 ποιεῖτε
1175 3694 1274 3757 τὰς
1300 3695 1518 3764 τρίϐους
1567 3695 1660 3748 τοῦ
1696 3694 1830 3748 Θεοῦ

247 3787 434 3858 ἡμῶν.
462 3807 480 3837 ι
506 3787 697 3855 Σαεῶς
727 3788 1025 3858 παρίστησι
1063 3787 1135 3858 μὴ
1180 3787 1236 3839 ὲν
1272 3791 1338 3858 τῇ
1357 3787 1709 3859 Ἰερουσαλὴμ
1741 3806 1833 3856 γε-

246 3881 512 3951 γενῆσθαι
535 3881 602 3933 τὰ
626 3880 1008 3951 θεσπιζόμενα,
1039 3880 1152 3932 ἀλλ’
1176 3880 1267 3932 ἐπὶ
1288 3881 1384 3949 τῆς
1426 3881 1632 3951 ἐρήμου
1653 3898 1666 3910 '
1692 3881 1834 3949 λέγω

247 3975 310 4046 δὴ
350 3976 414 4028 τὸ
456 3973 785 4045 ὀφθήσεσθαι
832 3973 925 4043 τὴν
971 3971 1127 4036 δόξαν
1161 3971 1386 4043 Κυρίου,
1432 3972 1524 4024 καὶ
1573 3972 1634 4025 τὸ
1683 3973 1830 4042 πάσῃ

250 4071 416 4140 σαρκὶ
439 4067 849 4138 γνωσθήσεσθαι
869 4067 929 4118 τὸ
952 4067 1216 4136 σωτήριον
1237 4063 1331 4117 τοῦ
1353 4063 1508 4119 Θεοῦ.
1533 4066 1641 4118 Καὶ
1662 4065 1831 4118 ταῦτα

252 4160 351 4231 μὲν
388 4159 694 4228 ἐπληροῦτο
727 4157 862 4228 πρὸς
909 4156 1147 4227 ἱστορίαν
1179 4157 1273 4209 καὶ
1298 4155 1440 4222 λέξιν
1474 4158 1564 4208 ἐπὶ
1597 4155 1692 4208 τοῦ
1724 4157 1831 4207 Βα-

250 4249 479 4302 πτιστοῦ
525 4250 767 4301 Ἰωάννου
807 4247 1171 4319 κηρύσσοντος
1198 4248 1294 4319 τὴν
1330 4251 1596 4321 σωτήριον
1631 4253 1829 4321 ἐπιφά-

247 4359 398 4396 νειαν
425 4343 560 4395 Θεοῦ
595 4345 652 4394 ὲν
683 4345 747 4412 τῇ
777 4341 965 4413 ἐρήμῳ
1000 4341 1091 4394 τοῦ
1134 4342 1418 4411 Ἰορδάνου,
1468 4345 1525 4396 ὲν
1645 4346 1737 4398 καὶ
1771 4347 1829 4398 τὸ

250 4437 519 4506 σωτήριον
554 4432 708 4504 ὤφθη
742 4433 834 4485 τοῦ
864 4433 1017 4486 Θεοῦ.
1056 4434 1230 4496 Αὐτὸς
1274 4435 1382 4506 γὰρ
1421 4438 1448 4487 ὀ
1496 4437 1751 4506 Χριστὸς,
1790 4439 1823 4508 ἦ

1940 3247 2266 3306 aequaretur,
2307 3239 2501 3308 duplex
2546 3239 2807 3294 scelerum
2861 3240 2927 3293 ah
2972 3255 3032 3293 se
3080 3249 3512 3309 perpetratorum

1939 3333 2257 3402 supplicium
2292 3333 2410 3387 luit.

2011 3598 2170 3652 Vens.
2207 3598 2260 3652 5.
2290 3595 2402 3652 Vox
2443 3597 2729 3654 clamantis
2771 3599 2824 3653 in
2861 3597 3102 3662 deserto,
3137 3597 3335 3652 Parate
3368 3598 3511 3654 viam

1942 3692 2173 3757 homini,
2211 3703 2386 3746 rectas
2427 3693 2588 3748 facite
2633 3694 2855 3748 semitas
2893 3693 2986 3747 Dei
3034 3695 3222 3748 nostri.
3257 3713 3280 3747 ι
3313 3696 3510 3763 Aperte

1937 3784 2176 3839 declarat
2219 3801 2303 3852 ea,
2335 3801 2454 3854 qua:
2502 3787 2553 3840 in
2597 3786 2852 3840 vaticinio
2892 3785 3158 3851 feruntur,
3193 3786 3297 3841 nan
3351 3784 3511 3841 Jeru-

1906 3939 1908 3941 _
1935 3877 2176 3947 solytnm,
2229 3879 2324 3931 sed
2347 3879 2402 3930 in
2431 3879 2646 3931 deserto
2678 3881 2912 3947 gerenda
2947 3896 3108 3944 esse;
3145 3886 3338 3948 nempe
3366 3880 3508 3950 quod

1937 3970 2174 4024 lttturutn
2204 3971 2298 4034 sit,
2328 3982 2383 4024 ιιι
2417 3971 2585 4040 gloria
2624 3972 2832 4025 Domini
2877 3983 3154 4040 appareat,
3183 3983 3237 4026 et
3271 3972 3509 4028 salutare

1937 4061 2032 4116 Dei
2063 4065 2111 4116 in
2136 4064 2314 4117 omnis
2344 4065 2524 4116 carnis
2550 4063 2792 4117 notitiam
2827 4066 3010 4118 veniat
3053 4064 3116 4117 Et
3146 4064 3261 4120 lttec
3291 4067 3507 4135 quidem

1934 4157 2228 4210 secundum
2278 4157 2558 4208 historiam
2600 4164 2654 4209 et
2701 4158 2766 4209 atl
2811 4159 3056 4219 vet-hum,
3114 4169 3242 4212 tunc
3287 4159 3506 4230 impleta

1931 4258 2076 4310 sunt,
2103 4262 2223 4300 cum
2259 4247 2500 4301 Joannes
2539 4247 2776 4316 Baptista
2827 4250 3117 4304 salutarem
3166 4251 3256 4306 Dei
3306 4256 3508 4308 adven-

1935 4348 2042 4391 tum
2079 4339 2384 4406 pl‘ﬂ‘tllCDVll
2443 4339 2495 4393 in
2543 4341 2758 4395 deserto
2788 4340 3060 4405 Iordanis,
3124 4345 3209 4398 tthi
3245 4347 3508 4413 salutare

1932 4432 2024 4485 Dei
2069 4433 2241 4485 visum
2294 4432 2411 4487 fuit.
2461 4431 2593 4485 Nam
2636 4444 2761 4487 tunc
2817 4433 3060 4489 Christus
3089 4435 3308 4505 ejusque
3337 4437 3503 4507 gloria

250 4544 308 4580 τε
338 4528 466 4593 δόξα
494 4526 655 4580 αὑτοῦ
688 4529 798 4589 τοῖς
826 4527 988 4578 πᾶσιν
1016 4524 1281 4596 ἐγνώσθη,
1315 4528 1405 4579 ὅτε
1439 4527 1824 4597 βαπτισθέντος

1943 4527 2183 4580 amnibus
2233 4526 2484 4589 innotuit,
2516 4542 2660 4591 cum,
2689 4528 2806 4596 ipso
2834 4528 3130 4596 haptizato,
3158 4531 3326 4598 aperti
3379 4541 3507 4586 sunt

251 4619 436 4680 αὐτοῦ,
490 4618 815 4687 ἠνοίχθησαν
859 4621 905 4670 οί
958 4619 1194 4690 οὐρανοὶ,
1246 4619 1339 4672 καὶ
1383 4619 1443 4671 τὸ
1487 4621 1710 4692 Πνεῦμα
1762 4624 1823 4676 τὸ

252 4713 404 4780 ἅγιον
432 4714 489 4764 ὲν
514 4711 641 4763 εἴδει
670 4712 995 4781 περιστερᾶς
1021 4711 1262 4764 καταϐὰν
1293 4711 1504 4781 ἔμεινεν
1526 4714 1612 4765 ἐπ’
1636 4715 1818 4776 αὐτοῦ,

250 4805 398 4873 φωνή
427 4820 484 4854 τε
514 4801 710 4873 ἠνέχθη
744 4802 982 4873 πατρικὴ
1010 4801 1087 4871 τῷ
1119 4803 1232 4872 Υἱῴ
1264 4805 1633 4874 μαρτυροῦσα·
1670 4825 1687 4857 ι
1726 4801 1822 4860 Οὗ-

245 4897 336 4960 τός
378 4897 525 4947 ἐστιν
555 4897 583 4947 ὁ
615 4895 742 4957 Υἱός
778 4911 878 4965 μου
910 4897 937 4946 ὁ
975 4895 1274 4966 ἀγαπητὸς,
1310 4896 1473 4950 αὑτοῦ
1505 4898 1749 4953 ἀκούετε.
1798 4919 1815 4950 ι

259 4989 344 5052 Ὠς
391 4988 499 5059 γὰρ
542 4986 824 5058 μέλλοντος
853 4987 1134 5057 ἐπιδημεῖν
1159 4991 1224 5058 τῇ
1267 4990 1459 5060 ἐρήμῳ
1514 4992 1607 5044 καὶ
1645 4996 1711 5063 τῇ
1759 4994 1817 5059 ἐξ

247 5083 442 5145 αἰῶνος
474 5080 660 5151 ἀϐάτῳ
704 5080 796 5133 τοῦ
835 5079 992 5142 Θεοῦ,
1039 5079 1210 5133 ταῦτα
1242 5081 1480 5150 ἐλέγετο.
1519 5078 1626 5135 Ἦν
1665 5085 1720 5137 δὲ
1751 5086 1821 5139 τὰ

247 5175 371 5244 ἔθνη
409 5175 586 5227 πάντα
617 5172 797 5242 ἔρημα
829 5171 962 5225 Θεοῦ
1010 5172 1282 5240 γνώσεως,
1326 5175 1420 5228 καὶ
1463 5175 1639 5229 ἄϐατα
1683 5179 1816 5231 πᾶσι

242 5269 356 5328 τοῖς
397 5263 494 5316 τοῦ
543 5263 677 5315 Θεοῦ
725 5264 948 5326 δικαίοις
991 5281 1048 5316 τε
1091 5264 1185 5317 καὶ
1225 5267 1529 5336 προσηταις
1575 5266 1817 5337 ἀνδράσι.

245 5356 445 5424 Διόπερ
476 5357 508 5425 ἡ
543 5353 694 5425 φωνὴ
735 5353 1164 5429 παρακελεύεται
1207 5355 1322 5408 ὁδὸν
1363 5357 1708 5428 εὐτρεπίζειν
1741 5359 1820 5429 τῷ

245 5447 335 5499 τοῦ
370 5446 506 5499 Θεοῦ
535 5447 710 5517 Λόγῳ,
734 5447 827 5499 καὶ
854 5447 950 5516 τὴν
983 5445 1181 5501 ἄϐατον
1207 5448 1300 5501 καὶ
1332 5452 1587 5521 τραχεῖαν
1612 5450 1821 5522 ὁμαλὴν

249 5542 440 5602 ποιεῖν,
471 5539 536 5592 ἵν’
571 5538 734 5611 ἐπιϐῇ
767 5539 1108 5611 ὶπώημήσας
1137 5541 1166 5592 ὁ
1197 5540 1329 5605 Θεὸς
1359 5541 1536 5613 ἡμῶν.
1557 5561 1598 5595 -ι
1647 5543 1817 5599 Ἑτοι-

251 5633 458 5703 μάσατε
493 5629 590 5701 τὴν
622 5630 738 5683 ὁδὸν
771 5630 994 5698 Κυρίουο
1037 5649 1056 5682 ι
1096 5632 1337 5684 τουτέστι
1372 5631 1432 5685 τὸ
1464 5633 1816 5703 εὐαγγελικδν

317 5833 364 5865 ⁸⁸
388 5830 540 5887 Joan.
583 5849 694 5890 ιιιισ.
729 5832 816 5888 ισ.
903 5833 944 5866 ⁶⁴
979 5832 1165 5888 Matth.
1189 5847 1267 5894 ιιι,
1307 5832 1388 5889 l7.

1931 4621 2075 4687 caeli,
2107 4629 2160 4674 et
2185 4621 2420 4689 Spiritus
2444 4631 2666 4674 sanctus
2695 4621 2744 4690 in
2778 4623 3043 4675 columhzr
3067 4623 3246 4690 specie
3278 4623 3507 4679 deSceu-

1931 4714 2086 4775 deus,
2122 4726 2284 4779 super
2334 4726 2400 4764 eo
2431 4712 2649 4776 insedit,
2689 4724 3021 4782 paternaqne
3047 4730 3148 4768 vox
3187 4715 3362 4770 delata
3396 4727 3502 4779 est,

1930 4803 2066 4857 Filio
2097 4803 2459 4858 testimonium
2490 4805 2741 4869 reddens,
2777 4826 2794 4857 t
2825 4806 2921 4859 llic
2949 4816 3030 4861 est
3057 4807 3400 4863 Filiusntetts
3424 4810 3503 4863 di-

1930 4896 2122 4958 lectus,
2180 4897 2350 4964 ipsum
2391 4897 2570 4951 audite
2601 4898 2665 4952 ⁶¹.
2708 4918 2726 4951 ι
2778 4898 2902 4954 ΙΙωο
2935 4901 3130 4970 quippe
3163 4901 3504 4962 dicebantur,

1927 4989 2052 5057 quia
2082 4987 2224 5042 Dens
2249 4989 2301 5041 in
2335 4990 2629 5066 desertum,
2673 5007 2702 5043 a
2733 4990 2928 5044 szeculo
2971 4992 3288 5060 impervium
3318 5003 3368 5045 ει
3421 4993 3506 5044 in-

1927 5097 2225 5144 accessum,
2283 5082 2615 5136 adventet-us
2663 5095 2800 5140 erat.
2873 5085 3041 5138 Erant
3098 5101 3259 5153 porro
3317 5095 3506 5155 gentes

1921 5189 2109 5227 omnes
2182 5173 2275 5227 Dei
2343 5175 2656 5245 cognitione
2736 5191 2937 5240 Vacum,
2991 5191 3282 5242 aquarum
3355 5175 3503 5227 aditu

1921 5282 2112 5322 omnes
2132 5267 2260 5335 justi
2289 5268 2383 5323 Dei
2402 5285 2465 5323 ac
2487 5272 2762 5339 propheta
2782 5271 3124 5324 arcebantur.
3142 5268 3503 5336 Quamobrem

1917 5359 2074 5426 jubet
2105 5375 2206 5414 vox
2243 5361 2355 5425 illa,
2405 5362 2544 5414 viam
2589 5378 2782 5432 parare
2827 5361 2920 5417 Dei
2968 5361 3170 5424 Yet-ho,
3198 5371 3254 5417 ot
3302 5362 3503 5416 inviam

1929 5466 2286 5524 asperamque
2341 5454 2711 5524 complanare,
2768 5464 2823 5508 ut
2889 5470 2950 5508 eo
3009 5455 3300 5509 adveniens
3365 5455 3500 5508 Deus

1928 5559 2114 5603 noster
2161 5547 2409 5619 progredi
2449 5547 2642 5602 valeat.
2684 5565 2704 5599 t
2746 5547 2940 5602 Parale
2983 5548 3122 5604 riam
3175 5549 3434 5608 Domini;
3480 5567 3498 5598 ι

1925 5655 1985 5694 ea
2016 5649 2097 5696 est
2146 5639 2452 5710 evangelica
2491 5640 2822 5710 prmdicatio,
2879 5656 3123 5713 novaque
3179 5641 3498 5711 consolatio,
