  <div class='ocr_page' id='page_1' title='image "/cluster/home/n/w/nwhite01/storage/ocr_20150623/24/hvd.32044019207729/189.png"; bbox 0 0 3984 6512; ppageno 0'>
   <div class='ocr_carea' id='block_1_1' title="bbox 458 407 604 469">
    <p class='ocr_par' dir='ltr' id='par_1_1' title="bbox 458 407 604 469">
     <span class='ocr_line' id='line_1_1' title="bbox 458 407 604 469; baseline -0.034 1"><span class='ocrx_word' id='word_1_1' title='bbox 458 407 604 469; x_wconf 55' lang='lat' dir='ltr'><strong>w&quot;56&#39;!</strong></span> 
     </span>
    </p>
   </div>
   <div class='ocr_carea' id='block_1_2' title="bbox 1173 389 2073 456">
    <p class='ocr_par' dir='ltr' id='par_1_2' title="bbox 1173 389 2073 456">
     <span class='ocr_line' id='line_1_2' title="bbox 1173 389 2073 456; baseline -0.009 0"><span class='ocrx_word' id='word_1_2' title='bbox 1173 397 1444 456; x_wconf 81' lang='lat' dir='ltr'><strong>EUSEBII</strong></span> <span class='ocrx_word' id='word_1_3' title='bbox 1480 392 1956 454; x_wconf 74' lang='lat' dir='ltr'><strong>CASSA‘RIENSIS</strong></span> <span class='ocrx_word' id='word_1_4' title='bbox 1993 389 2073 451; x_wconf 73' lang='lat' dir='ltr'><strong>0P</strong></span> 
     </span>
    </p>
   </div>
   <div class='ocr_carea' id='block_1_3' title="bbox 2179 389 3046 456">
    <p class='ocr_par' dir='ltr' id='par_1_3' title="bbox 2182 389 3046 450">
     <span class='ocr_line' id='line_1_3' title="bbox 2182 389 3046 450; baseline -0.003 -3"><span class='ocrx_word' id='word_1_5' title='bbox 2182 392 2362 450; x_wconf 74' lang='lat' dir='ltr'><strong>PARS</strong></span> <span class='ocrx_word' id='word_1_6' title='bbox 2401 390 2488 449; x_wconf 82' lang='grc'><strong>111.</strong></span> <span class='ocrx_word' id='word_1_7' title='bbox 2528 423 2601 434; x_wconf 92' lang='grc'><strong><em>-</em></strong></span> <span class='ocrx_word' id='word_1_8' title='bbox 2636 389 3046 448; x_wconf 69' lang='grc' dir='ltr'><strong>ΕΧΕΕΕΤῙΟᾹ.</strong></span> 
     </span>
    </p>
   </div>
   <div class='ocr_carea' id='block_1_4' title="bbox 3639 386 3754 441">
    <p class='ocr_par' dir='ltr' id='par_1_4' title="bbox 3639 386 3754 441">
     <span class='ocr_line' id='line_1_4' title="bbox 3639 386 3754 441; baseline 0.017 -3"><span class='ocrx_word' id='word_1_9' title='bbox 3639 386 3754 441; x_wconf 64' lang='grc'><strong>568</strong></span> 
     </span>
    </p>
   </div>
   <div class='ocr_carea' id='block_1_5' title="bbox 500 499 2073 597">
    <p class='ocr_par' dir='ltr' id='par_1_5' title="bbox 500 513 2072 597">
     <span class='ocr_line' id='line_1_5' title="bbox 500 513 2072 597; baseline -0.006 -18"><span class='ocrx_word' id='word_1_10' title='bbox 500 539 622 597; x_wconf 77' lang='lat' dir='ltr'><strong>qua:</strong></span> <span class='ocrx_word' id='word_1_11' title='bbox 643 522 875 578; x_wconf 85' lang='lat' dir='ltr'><strong>salutare</strong></span> <span class='ocrx_word' id='word_1_12' title='bbox 903 518 993 575; x_wconf 87' lang='lat' dir='ltr'><strong>Dei</strong></span> <span class='ocrx_word' id='word_1_13' title='bbox 1029 517 1086 573; x_wconf 88' lang='lat' dir='ltr'><strong>in</strong></span> <span class='ocrx_word' id='word_1_14' title='bbox 1129 516 1369 571; x_wconf 89' lang='lat' dir='ltr'><strong>omnium</strong></span> <span class='ocrx_word' id='word_1_15' title='bbox 1394 513 1676 571; x_wconf 80' lang='lat' dir='ltr'><strong>hominum</strong></span> <span class='ocrx_word' id='word_1_16' title='bbox 1703 513 1945 569; x_wconf 74' lang='lat' dir='ltr'><strong>notitiam</strong></span> <span class='ocrx_word' id='word_1_17' title='bbox 1979 527 2072 569; x_wconf 89' lang='lat' dir='ltr'><strong>ve—</strong></span> 
     </span>
    </p>
   </div>
   <div class='ocr_carea' id='block_1_6' title="bbox 2179 499 3756 597">
    <p class='ocr_par' dir='ltr' id='par_1_6' title="bbox 2179 499 3756 596">
     <span class='ocr_line' id='line_1_6' title="bbox 2179 499 3756 596; baseline -0.01 -31"><span class='ocrx_word' id='word_1_18' title='bbox 2179 513 2459 584; x_wconf 82' lang='grc' dir='ltr'>κήρυγμα,</span> <span class='ocrx_word' id='word_1_19' title='bbox 2487 511 2521 583; x_wconf 84' lang='grc' dir='ltr'><strong>ή</strong></span> <span class='ocrx_word' id='word_1_20' title='bbox 2554 511 2714 596; x_wconf 80' lang='grc' dir='ltr'>καινὴ</span> <span class='ocrx_word' id='word_1_21' title='bbox 2745 507 3090 581; x_wconf 77' lang='grc' dir='ltr'>παράκλησις</span> <span class='ocrx_word' id='word_1_22' title='bbox 3118 502 3273 574; x_wconf 81' lang='grc' dir='ltr'>αῦτη,</span> <span class='ocrx_word' id='word_1_23' title='bbox 3303 503 3336 574; x_wconf 78' lang='grc' dir='ltr'>ἡ</span> <span class='ocrx_word' id='word_1_24' title='bbox 3362 504 3526 556; x_wconf 69' lang='grc' dir='ltr'>πᾶσιν</span> <span class='ocrx_word' id='word_1_25' title='bbox 3546 499 3756 573; x_wconf 62' lang='grc' dir='ltr'>ἀνθρώ.</span> 
     </span>
    </p>
   </div>
   <div class='ocr_carea' id='block_1_7' title="bbox 497 617 879 682">
    <p class='ocr_par' dir='ltr' id='par_1_7' title="bbox 497 617 879 682">
     <span class='ocr_line' id='line_1_7' title="bbox 497 617 879 682; baseline -0.018 -12"><span class='ocrx_word' id='word_1_26' title='bbox 497 617 616 670; x_wconf 88' lang='lat' dir='ltr'><strong>nire</strong></span> <span class='ocrx_word' id='word_1_27' title='bbox 638 619 879 682; x_wconf 78' lang='lat' dir='ltr'><strong>exoptat.</strong></span> 
     </span>
    </p>
   </div>
   <div class='ocr_carea' id='block_1_8' title="bbox 567 780 2069 856">
    <p class='ocr_par' dir='ltr' id='par_1_8' title="bbox 567 780 2069 856">
     <span class='ocr_line' id='line_1_8' title="bbox 567 780 2069 856; baseline -0.007 -11"><span class='ocrx_word' id='word_1_28' title='bbox 567 790 770 847; x_wconf 80' lang='lat' dir='ltr'><strong>Deinde</strong></span> <span class='ocrx_word' id='word_1_29' title='bbox 803 804 951 851; x_wconf 86' lang='lat' dir='ltr'><strong>vero,</strong></span> <span class='ocrx_word' id='word_1_30' title='bbox 987 785 1041 842; x_wconf 87' lang='lat' dir='ltr'><strong>in</strong></span> <span class='ocrx_word' id='word_1_31' title='bbox 1074 780 1339 856; x_wconf 79' lang='lat' dir='ltr'><strong>profundo</strong></span> <span class='ocrx_word' id='word_1_32' title='bbox 1370 783 1590 838; x_wconf 66' lang='lat' dir='ltr'><strong>malitia:</strong></span> <span class='ocrx_word' id='word_1_33' title='bbox 1639 784 1922 848; x_wconf 76' lang='lat' dir='ltr'><strong>depressas</strong></span> <span class='ocrx_word' id='word_1_34' title='bbox 1950 783 2069 835; x_wconf 86' lang='lat' dir='ltr'><strong>ani-</strong></span> 
     </span>
    </p>
   </div>
   <div class='ocr_carea' id='block_1_9' title="bbox 492 876 1467 945">
    <p class='ocr_par' dir='ltr' id='par_1_9' title="bbox 492 876 1467 945">
     <span class='ocr_line' id='line_1_9' title="bbox 492 876 1467 945; baseline -0.009 -6"><span class='ocrx_word' id='word_1_35' title='bbox 492 900 611 939; x_wconf 88' lang='lat' dir='ltr'><strong>mas</strong></span> <span class='ocrx_word' id='word_1_36' title='bbox 641 883 866 945; x_wconf 79' lang='lat' dir='ltr'><strong>excitat,</strong></span> <span class='ocrx_word' id='word_1_37' title='bbox 898 881 982 935; x_wconf 91' lang='lat' dir='ltr'><strong>his</strong></span> <span class='ocrx_word' id='word_1_38' title='bbox 1025 877 1224 933; x_wconf 79' lang='lat' dir='ltr'><strong>additis</strong></span> <span class='ocrx_word' id='word_1_39' title='bbox 1255 876 1467 931; x_wconf 84' lang='lat' dir='ltr'><strong>verbis:</strong></span> 
     </span>
    </p>
   </div>
   <div class='ocr_carea' id='block_1_10' title="bbox 568 968 2070 1040">
    <p class='ocr_par' dir='ltr' id='par_1_10' title="bbox 568 968 2070 1040">
     <span class='ocr_line' id='line_1_10' title="bbox 568 968 2070 1040; baseline -0.005 -10"><span class='ocrx_word' id='word_1_40' title='bbox 568 975 733 1030; x_wconf 71' lang='lat' dir='ltr'><strong>Vens.</strong></span> <span class='ocrx_word' id='word_1_41' title='bbox 766 973 820 1028; x_wconf 70' lang='grc'><strong>4.</strong></span> <span class='ocrx_word' id='word_1_42' title='bbox 880 991 899 1024; x_wconf 73' lang='grc' dir='ltr'><strong>ι</strong></span> <span class='ocrx_word' id='word_1_43' title='bbox 930 971 1118 1029; x_wconf 86' lang='lat' dir='ltr'><strong>Omnis</strong></span> <span class='ocrx_word' id='word_1_44' title='bbox 1151 970 1307 1026; x_wconf 87' lang='lat' dir='ltr'><strong>vallis</strong></span> <span class='ocrx_word' id='word_1_45' title='bbox 1347 970 1675 1040; x_wconf 86' lang='lat' dir='ltr'><strong>implebitur.</strong></span> <span class='ocrx_word' id='word_1_46' title='bbox 1732 987 1751 1022; x_wconf 70' lang='grc' dir='ltr'><strong>ι</strong></span> <span class='ocrx_word' id='word_1_47' title='bbox 1812 968 2070 1039; x_wconf 84' lang='lat' dir='ltr'><strong>Superbis</strong></span> 
     </span>
    </p>
   </div>
   <div class='ocr_carea' id='block_1_11' title="bbox 492 1061 2067 1133">
    <p class='ocr_par' dir='ltr' id='par_1_11' title="bbox 492 1061 2067 1133">
     <span class='ocr_line' id='line_1_11' title="bbox 492 1061 2067 1133; baseline -0.004 -12"><span class='ocrx_word' id='word_1_48' title='bbox 492 1082 624 1124; x_wconf 88' lang='lat' dir='ltr'><strong>vero</strong></span> <span class='ocrx_word' id='word_1_49' title='bbox 672 1067 779 1122; x_wconf 83' lang='lat' dir='ltr'><strong>illis</strong></span> <span class='ocrx_word' id='word_1_50' title='bbox 813 1065 1122 1130; x_wconf 84' lang='lat' dir='ltr'><strong>animabus,</strong></span> <span class='ocrx_word' id='word_1_51' title='bbox 1170 1079 1291 1133; x_wconf 64' lang='lat' dir='ltr'><strong>quae</strong></span> <span class='ocrx_word' id='word_1_52' title='bbox 1333 1071 1520 1117; x_wconf 87' lang='lat' dir='ltr'><strong>contra</strong></span> <span class='ocrx_word' id='word_1_53' title='bbox 1576 1062 1666 1115; x_wconf 88' lang='lat' dir='ltr'><strong>Dei</strong></span> <span class='ocrx_word' id='word_1_54' title='bbox 1707 1061 2067 1128; x_wconf 80' lang='lat' dir='ltr'><strong>cognitionem</strong></span> 
     </span>
    </p>
   </div>
   <div class='ocr_carea' id='block_1_12' title="bbox 485 1156 2104 1230">
    <p class='ocr_par' dir='ltr' id='par_1_12' title="bbox 485 1156 2104 1230">
     <span class='ocr_line' id='line_1_12' title="bbox 485 1156 2104 1230; baseline -0.004 -13"><span class='ocrx_word' id='word_1_55' title='bbox 485 1177 620 1217; x_wconf 78' lang='lat' dir='ltr'><strong>sese</strong></span> <span class='ocrx_word' id='word_1_56' title='bbox 665 1161 970 1230; x_wconf 72' lang='lat' dir='ltr'><strong>erigebant,</strong></span> <span class='ocrx_word' id='word_1_57' title='bbox 1021 1159 1351 1215; x_wconf 86' lang='lat' dir='ltr'><strong>contrarium</strong></span> <span class='ocrx_word' id='word_1_58' title='bbox 1407 1165 1727 1210; x_wconf 88' lang='lat' dir='ltr'><strong>eventurum</strong></span> <span class='ocrx_word' id='word_1_59' title='bbox 1761 1168 1883 1210; x_wconf 89' lang='lat' dir='ltr'><strong>esse</strong></span> <span class='ocrx_word' id='word_1_60' title='bbox 1914 1156 2104 1211; x_wconf 72' lang='lat' dir='ltr'><strong>docet.</strong></span> 
     </span>
    </p>
   </div>
   <div class='ocr_carea' id='block_1_13' title="bbox 495 1247 2063 1311">
    <p class='ocr_par' dir='ltr' id='par_1_13' title="bbox 495 1247 2063 1311">
     <span class='ocr_line' id='line_1_13' title="bbox 495 1247 2063 1311; baseline -0.005 -3"><span class='ocrx_word' id='word_1_61' title='bbox 495 1253 582 1308; x_wconf 87' lang='lat' dir='ltr'><strong>his</strong></span> <span class='ocrx_word' id='word_1_62' title='bbox 604 1253 815 1308; x_wconf 82' lang='lat' dir='ltr'><strong>verbis:</strong></span> <span class='ocrx_word' id='word_1_63' title='bbox 844 1270 862 1303; x_wconf 75' lang='grc' dir='ltr'><strong>ι</strong></span> <span class='ocrx_word' id='word_1_64' title='bbox 883 1252 951 1305; x_wconf 88' lang='lat' dir='ltr'><strong>Et</strong></span> <span class='ocrx_word' id='word_1_65' title='bbox 978 1250 1156 1305; x_wconf 91' lang='lat' dir='ltr'><strong>omnis</strong></span> <span class='ocrx_word' id='word_1_66' title='bbox 1187 1264 1341 1304; x_wconf 88' lang='lat' dir='ltr'><strong>mons</strong></span> <span class='ocrx_word' id='word_1_67' title='bbox 1362 1257 1416 1304; x_wconf 90' lang='lat' dir='ltr'><strong>et</strong></span> <span class='ocrx_word' id='word_1_68' title='bbox 1437 1248 1592 1304; x_wconf 87' lang='lat' dir='ltr'><strong>collis</strong></span> <span class='ocrx_word' id='word_1_69' title='bbox 1620 1247 2021 1311; x_wconf 82' lang='lat' dir='ltr'><strong>humiliabitur;</strong></span> <span class='ocrx_word' id='word_1_70' title='bbox 2044 1266 2063 1299; x_wconf 75' lang='grc' dir='ltr'><strong>ι</strong></span> 
     </span>
    </p>
   </div>
   <div class='ocr_carea' id='block_1_14' title="bbox 497 1338 2068 1413">
    <p class='ocr_par' dir='ltr' id='par_1_14' title="bbox 497 1338 2068 1413">
     <span class='ocr_line' id='line_1_14' title="bbox 497 1338 2068 1413; baseline -0.006 -13"><span class='ocrx_word' id='word_1_71' title='bbox 497 1345 591 1400; x_wconf 92' lang='lat' dir='ltr'><strong>sed</strong></span> <span class='ocrx_word' id='word_1_72' title='bbox 617 1345 802 1411; x_wconf 91' lang='lat' dir='ltr'><strong>etiam,</strong></span> <span class='ocrx_word' id='word_1_73' title='bbox 826 1343 1020 1413; x_wconf 87' lang='lat' dir='ltr'><strong>inquit,</strong></span> <span class='ocrx_word' id='word_1_74' title='bbox 1042 1350 1201 1396; x_wconf 90' lang='lat' dir='ltr'><strong>erunt</strong></span> <span class='ocrx_word' id='word_1_75' title='bbox 1229 1360 1247 1393; x_wconf 75' lang='grc' dir='ltr'><strong>ι</strong></span> <span class='ocrx_word' id='word_1_76' title='bbox 1280 1341 1459 1396; x_wconf 82' lang='lat' dir='ltr'><strong>omnia</strong></span> <span class='ocrx_word' id='word_1_77' title='bbox 1484 1349 1723 1395; x_wconf 85' lang='lat' dir='ltr'><strong>tortuosa</strong></span> <span class='ocrx_word' id='word_1_78' title='bbox 1757 1338 1809 1392; x_wconf 93' lang='lat' dir='ltr'><strong>in</strong></span> <span class='ocrx_word' id='word_1_79' title='bbox 1842 1347 2068 1404; x_wconf 89' lang='lat' dir='ltr'><strong>rectam,</strong></span> 
     </span>
    </p>
   </div>
   <div class='ocr_carea' id='block_1_15' title="bbox 496 1428 2067 1507">
    <p class='ocr_par' dir='ltr' id='par_1_15' title="bbox 496 1428 2067 1507">
     <span class='ocr_line' id='line_1_15' title="bbox 496 1428 2067 1507; baseline -0.006 -15"><span class='ocrx_word' id='word_1_80' title='bbox 496 1446 554 1492; x_wconf 89' lang='lat' dir='ltr'><strong>et</strong></span> <span class='ocrx_word' id='word_1_81' title='bbox 589 1451 779 1507; x_wconf 87' lang='lat' dir='ltr'><strong>aspera</strong></span> <span class='ocrx_word' id='word_1_82' title='bbox 809 1436 862 1490; x_wconf 92' lang='lat' dir='ltr'><strong>in</strong></span> <span class='ocrx_word' id='word_1_83' title='bbox 904 1436 1177 1506; x_wconf 85' lang='lat' dir='ltr'><strong>planities.</strong></span> <span class='ocrx_word' id='word_1_84' title='bbox 1210 1454 1233 1485; x_wconf 67' lang='grc' dir='ltr'><strong>ν</strong></span> <span class='ocrx_word' id='word_1_85' title='bbox 1275 1432 1373 1489; x_wconf 76' lang='lat' dir='ltr'><strong>llic</strong></span> <span class='ocrx_word' id='word_1_86' title='bbox 1412 1446 1657 1503; x_wconf 89' lang='lat' dir='ltr'><strong>asperam</strong></span> <span class='ocrx_word' id='word_1_87' title='bbox 1686 1430 1921 1485; x_wconf 90' lang='lat' dir='ltr'><strong>animam</strong></span> <span class='ocrx_word' id='word_1_88' title='bbox 1956 1428 2067 1498; x_wconf 87' lang='lat' dir='ltr'><strong>pla-</strong></span> 
     </span>
    </p>
   </div>
   <div class='ocr_carea' id='block_1_16' title="bbox 497 1519 2068 1598">
    <p class='ocr_par' dir='ltr' id='par_1_16' title="bbox 497 1519 2068 1598">
     <span class='ocr_line' id='line_1_16' title="bbox 497 1519 2068 1598; baseline -0.006 -14"><span class='ocrx_word' id='word_1_89' title='bbox 497 1545 622 1584; x_wconf 86' lang='lat' dir='ltr'><strong>nam</strong></span> <span class='ocrx_word' id='word_1_90' title='bbox 650 1525 788 1584; x_wconf 83' lang='lat' dir='ltr'><strong>eﬂici</strong></span> <span class='ocrx_word' id='word_1_91' title='bbox 829 1526 1009 1598; x_wconf 85' lang='lat' dir='ltr'><strong>jubet,</strong></span> <span class='ocrx_word' id='word_1_92' title='bbox 1044 1534 1106 1579; x_wconf 89' lang='lat' dir='ltr'><strong>ut</strong></span> <span class='ocrx_word' id='word_1_93' title='bbox 1132 1525 1416 1580; x_wconf 86' lang='lat' dir='ltr'><strong>adventum</strong></span> <span class='ocrx_word' id='word_1_94' title='bbox 1458 1523 1553 1578; x_wconf 92' lang='lat' dir='ltr'><strong>Dei</strong></span> <span class='ocrx_word' id='word_1_95' title='bbox 1583 1522 1833 1591; x_wconf 72' lang='lat' dir='ltr'><strong>excipere</strong></span> <span class='ocrx_word' id='word_1_96' title='bbox 1875 1519 2068 1575; x_wconf 80' lang='lat' dir='ltr'><strong>valeat.</strong></span> 
     </span>
    </p>
   </div>
   <div class='ocr_carea' id='block_1_17' title="bbox 570 1698 2071 1776">
    <p class='ocr_par' dir='ltr' id='par_1_17' title="bbox 570 1698 2071 1776">
     <span class='ocr_line' id='line_1_17' title="bbox 570 1698 2071 1776; baseline -0.001 -19"><span class='ocrx_word' id='word_1_97' title='bbox 570 1705 734 1762; x_wconf 76' lang='lat' dir='ltr'><strong>Vens.</strong></span> <span class='ocrx_word' id='word_1_98' title='bbox 856 1724 875 1759; x_wconf 80' lang='grc' dir='ltr'><strong>ι</strong></span> <span class='ocrx_word' id='word_1_99' title='bbox 911 1705 978 1760; x_wconf 83' lang='grc' dir='ltr'>Ει</span> <span class='ocrx_word' id='word_1_100' title='bbox 1009 1704 1277 1760; x_wconf 83' lang='lat' dir='ltr'><strong>videbitur</strong></span> <span class='ocrx_word' id='word_1_101' title='bbox 1305 1702 1473 1773; x_wconf 76' lang='lat' dir='ltr'><strong>gloria</strong></span> <span class='ocrx_word' id='word_1_102' title='bbox 1501 1703 1735 1764; x_wconf 90' lang='lat' dir='ltr'><strong>Domini,</strong></span> <span class='ocrx_word' id='word_1_103' title='bbox 1783 1709 1838 1758; x_wconf 89' lang='lat' dir='ltr'><strong>et</strong></span> <span class='ocrx_word' id='word_1_104' title='bbox 1869 1698 2071 1755; x_wconf 83' lang='lat' dir='ltr'><strong>videbit</strong></span> 
     </span>
    </p>
   </div>
   <div class='ocr_carea' id='block_1_18' title="bbox 2174 592 3760 675">
    <p class='ocr_par' dir='ltr' id='par_1_18' title="bbox 2174 592 3760 675">
     <span class='ocr_line' id='line_1_18' title="bbox 2174 592 3760 675; baseline -0.009 -16"><span class='ocrx_word' id='word_1_105' title='bbox 2174 622 2297 668; x_wconf 82' lang='grc' dir='ltr'><strong>ποις</strong></span> <span class='ocrx_word' id='word_1_106' title='bbox 2343 592 2757 675; x_wconf 72' lang='grc' dir='ltr'><strong>γνωσθήσεσθαι</strong></span> <span class='ocrx_word' id='word_1_107' title='bbox 2797 600 2858 653; x_wconf 83' lang='grc' dir='ltr'>τὸ</span> <span class='ocrx_word' id='word_1_108' title='bbox 2908 598 3174 669; x_wconf 83' lang='grc' dir='ltr'>σωτήριον</span> <span class='ocrx_word' id='word_1_109' title='bbox 3223 595 3318 649; x_wconf 87' lang='grc' dir='ltr'><strong>τοῦ</strong></span> <span class='ocrx_word' id='word_1_110' title='bbox 3368 593 3503 647; x_wconf 84' lang='grc' dir='ltr'>Θεοῦ</span> <span class='ocrx_word' id='word_1_111' title='bbox 3551 592 3760 664; x_wconf 73' lang='grc' dir='ltr'>ἐπιζη-</span> 
     </span>
    </p>
   </div>
   <div class='ocr_carea' id='block_1_19' title="bbox 2178 695 2354 747">
    <p class='ocr_par' dir='ltr' id='par_1_19' title="bbox 2178 695 2354 747">
     <span class='ocr_line' id='line_1_19' title="bbox 2178 695 2354 747; baseline 0 0"><span class='ocrx_word' id='word_1_112' title='bbox 2178 695 2354 747; x_wconf 69' lang='grc' dir='ltr'>ποῦσα.</span> 
     </span>
    </p>
   </div>
   <div class='ocr_carea' id='block_1_20' title="bbox 2242 774 3756 854">
    <p class='ocr_par' dir='ltr' id='par_1_20' title="bbox 2242 774 3756 854">
     <span class='ocr_line' id='line_1_20' title="bbox 2242 774 3756 854; baseline -0.005 -16"><span class='ocrx_word' id='word_1_113' title='bbox 2242 780 2375 838; x_wconf 77' lang='grc' dir='ltr'>Εἶτα</span> <span class='ocrx_word' id='word_1_114' title='bbox 2400 783 2657 854; x_wconf 77' lang='grc' dir='ltr'>διεγείρει</span> <span class='ocrx_word' id='word_1_115' title='bbox 2681 780 2779 845; x_wconf 80' lang='grc' dir='ltr'>τὰς</span> <span class='ocrx_word' id='word_1_116' title='bbox 2801 781 2859 835; x_wconf 82' lang='grc' dir='ltr'><strong>ἐν</strong></span> <span class='ocrx_word' id='word_1_117' title='bbox 2886 778 3036 852; x_wconf 84' lang='grc' dir='ltr'>βάθει</span> <span class='ocrx_word' id='word_1_118' title='bbox 3056 777 3251 842; x_wconf 83' lang='grc' dir='ltr'><strong>κακίας</strong></span> <span class='ocrx_word' id='word_1_119' title='bbox 3274 774 3756 846; x_wconf 76' lang='grc' dir='ltr'>τεταπεινωμένας</span> 
     </span>
    </p>
   </div>
   <div class='ocr_carea' id='block_1_21' title="bbox 2172 874 2702 948">
    <p class='ocr_par' dir='ltr' id='par_1_21' title="bbox 2172 874 2702 948">
     <span class='ocr_line' id='line_1_21' title="bbox 2172 874 2702 948; baseline -0.011 -17"><span class='ocrx_word' id='word_1_120' title='bbox 2172 877 2370 948; x_wconf 72' lang='grc' dir='ltr'>ψυχὰς,</span> <span class='ocrx_word' id='word_1_121' title='bbox 2406 874 2672 942; x_wconf 79' lang='grc' dir='ltr'><strong>ἐπιλέγων</strong></span> <span class='ocrx_word' id='word_1_122' title='bbox 2688 889 2702 903; x_wconf 82' lang='grc'><em>’</em></span> 
     </span>
    </p>
   </div>
   <div class='ocr_carea' id='block_1_22' title="bbox 2246 957 3754 1038">
    <p class='ocr_par' dir='ltr' id='par_1_22' title="bbox 2246 957 3754 1038">
     <span class='ocr_line' id='line_1_22' title="bbox 2246 957 3754 1038; baseline -0.009 -16"><span class='ocrx_word' id='word_1_123' title='bbox 2246 988 2264 1021; x_wconf 80' lang='grc' dir='ltr'><strong>ι</strong></span> <span class='ocrx_word' id='word_1_124' title='bbox 2303 970 2460 1022; x_wconf 84' lang='grc' dir='ltr'>Πᾶσα</span> <span class='ocrx_word' id='word_1_125' title='bbox 2489 964 2704 1038; x_wconf 79' lang='grc' dir='ltr'>φάραγξ</span> <span class='ocrx_word' id='word_1_126' title='bbox 2734 961 3168 1036; x_wconf 79' lang='grc' dir='ltr'><strong>πληρωθήσεται.</strong></span> <span class='ocrx_word' id='word_1_127' title='bbox 3207 978 3225 1011; x_wconf 75' lang='grc' dir='ltr'><strong>ι</strong></span> <span class='ocrx_word' id='word_1_128' title='bbox 3269 959 3380 1012; x_wconf 75' lang='lat' dir='ltr'><strong>Kal.</strong></span> <span class='ocrx_word' id='word_1_129' title='bbox 3419 957 3519 1021; x_wconf 84' lang='grc' dir='ltr'>τὰς</span> <span class='ocrx_word' id='word_1_130' title='bbox 3573 957 3754 1029; x_wconf 82' lang='grc' dir='ltr'>ὑπερ-</span> 
     </span>
    </p>
   </div>
   <div class='ocr_carea' id='block_1_23' title="bbox 2169 1047 3751 1134">
    <p class='ocr_par' dir='ltr' id='par_1_23' title="bbox 2169 1047 3751 1134">
     <span class='ocr_line' id='line_1_23' title="bbox 2169 1047 3751 1134; baseline -0.01 -19"><span class='ocrx_word' id='word_1_131' title='bbox 2169 1062 2407 1134; x_wconf 74' lang='grc' dir='ltr'>ηφάνους</span> <span class='ocrx_word' id='word_1_132' title='bbox 2430 1077 2490 1113; x_wconf 88' lang='grc' dir='ltr'><strong>τε</strong></span> <span class='ocrx_word' id='word_1_133' title='bbox 2514 1058 2609 1112; x_wconf 69' lang='grc' dir='ltr'><strong>καί⁸</strong></span> <span class='ocrx_word' id='word_1_134' title='bbox 2625 1054 3055 1129; x_wconf 80' lang='grc' dir='ltr'>ὑπεραιρομένας</span> <span class='ocrx_word' id='word_1_135' title='bbox 3086 1051 3223 1106; x_wconf 78' lang='grc' dir='ltr'>κατὰ</span> <span class='ocrx_word' id='word_1_136' title='bbox 3254 1051 3354 1121; x_wconf 81' lang='grc' dir='ltr'>τῆς</span> <span class='ocrx_word' id='word_1_137' title='bbox 3371 1047 3623 1119; x_wconf 82' lang='grc' dir='ltr'>γνώσεως</span> <span class='ocrx_word' id='word_1_138' title='bbox 3650 1047 3751 1101; x_wconf 79' lang='grc' dir='ltr'><strong>τοῦ</strong></span> 
     </span>
    </p>
   </div>
   <div class='ocr_carea' id='block_1_24' title="bbox 2170 1142 3754 1211">
    <p class='ocr_par' dir='ltr' id='par_1_24' title="bbox 2170 1142 3754 1211">
     <span class='ocr_line' id='line_1_24' title="bbox 2170 1142 3754 1211; baseline -0.011 -2"><span class='ocrx_word' id='word_1_139' title='bbox 2170 1154 2307 1208; x_wconf 82' lang='grc' dir='ltr'>Θεοῦ</span> <span class='ocrx_word' id='word_1_140' title='bbox 2336 1153 2397 1207; x_wconf 83' lang='grc' dir='ltr'>τὸ</span> <span class='ocrx_word' id='word_1_141' title='bbox 2429 1151 2668 1206; x_wconf 71' lang='grc' dir='ltr'>ἐναντίον</span> <span class='ocrx_word' id='word_1_142' title='bbox 2715 1146 2998 1202; x_wconf 83' lang='grc' dir='ltr'>πείσεσθαι</span> <span class='ocrx_word' id='word_1_143' title='bbox 3046 1145 3283 1198; x_wconf 78' lang='grc' dir='ltr'><strong>διδάσκει</strong></span> <span class='ocrx_word' id='word_1_144' title='bbox 3333 1142 3535 1211; x_wconf 75' lang='grc' dir='ltr'>λέγων·</span> <span class='ocrx_word' id='word_1_145' title='bbox 3577 1160 3593 1193; x_wconf 78' lang='grc' dir='ltr'><strong>ι</strong></span> <span class='ocrx_word' id='word_1_146' title='bbox 3633 1142 3754 1194; x_wconf 74' lang='grc' dir='ltr'><strong>Καὶ</strong></span> 
     </span>
    </p>
   </div>
   <div class='ocr_carea' id='block_1_25' title="bbox 2172 1233 3753 1317">
    <p class='ocr_par' dir='ltr' id='par_1_25' title="bbox 2172 1233 3753 1317">
     <span class='ocr_line' id='line_1_25' title="bbox 2172 1233 3753 1317; baseline -0.009 -16"><span class='ocrx_word' id='word_1_147' title='bbox 2172 1249 2279 1301; x_wconf 78' lang='grc' dir='ltr'><strong>πᾶν</strong></span> <span class='ocrx_word' id='word_1_148' title='bbox 2300 1246 2425 1317; x_wconf 82' lang='grc' dir='ltr'>ὅρος</span> <span class='ocrx_word' id='word_1_149' title='bbox 2451 1245 2544 1299; x_wconf 71' lang='grc' dir='ltr'>καὶ</span> <span class='ocrx_word' id='word_1_150' title='bbox 2558 1242 2742 1315; x_wconf 75' lang='grc' dir='ltr'>βουνὸς</span> <span class='ocrx_word' id='word_1_151' title='bbox 2760 1237 3224 1309; x_wconf 77' lang='grc' dir='ltr'>ταπεινωθήσεται</span> <span class='ocrx_word' id='word_1_152' title='bbox 3248 1256 3265 1286; x_wconf 74' lang='grc' dir='ltr'><strong>ι</strong></span> <span class='ocrx_word' id='word_1_153' title='bbox 3292 1233 3426 1289; x_wconf 76' lang='grc' dir='ltr'>ἀλλὰ</span> <span class='ocrx_word' id='word_1_154' title='bbox 3454 1234 3549 1287; x_wconf 74' lang='grc' dir='ltr'>καὶ</span> <span class='ocrx_word' id='word_1_155' title='bbox 3569 1233 3753 1297; x_wconf 74' lang='grc' dir='ltr'>ἔσται,</span> 
     </span>
    </p>
   </div>
   <div class='ocr_carea' id='block_1_26' title="bbox 2177 1326 3754 1403">
    <p class='ocr_par' dir='ltr' id='par_1_26' title="bbox 2177 1326 3754 1403">
     <span class='ocr_line' id='line_1_26' title="bbox 2177 1326 3754 1403; baseline -0.01 -9"><span class='ocrx_word' id='word_1_156' title='bbox 2177 1360 2195 1393; x_wconf 80' lang='grc' dir='ltr'><strong>ι</strong></span> <span class='ocrx_word' id='word_1_157' title='bbox 2236 1340 2419 1394; x_wconf 88' lang='grc' dir='ltr'>Πάντα</span> <span class='ocrx_word' id='word_1_158' title='bbox 2448 1339 2515 1392; x_wconf 76' lang='grc' dir='ltr'>τὰ</span> <span class='ocrx_word' id='word_1_159' title='bbox 2550 1336 2756 1401; x_wconf 78' lang='grc' dir='ltr'>σκολιὰ,</span> <span class='ocrx_word' id='word_1_160' title='bbox 2795 1355 2813 1387; x_wconf 73' lang='grc' dir='ltr'><strong>ι</strong></span> <span class='ocrx_word' id='word_1_161' title='bbox 2846 1333 3030 1403; x_wconf 77' lang='grc' dir='ltr'>φησὶν,</span> <span class='ocrx_word' id='word_1_162' title='bbox 3070 1350 3088 1382; x_wconf 75' lang='grc' dir='ltr'><strong>ι</strong></span> <span class='ocrx_word' id='word_1_163' title='bbox 3130 1333 3211 1394; x_wconf 89' lang='grc' dir='ltr'>εἰς</span> <span class='ocrx_word' id='word_1_164' title='bbox 3270 1328 3500 1391; x_wconf 75' lang='grc' dir='ltr'>εὐθεῖαν,</span> <span class='ocrx_word' id='word_1_165' title='bbox 3562 1327 3661 1381; x_wconf 76' lang='grc' dir='ltr'>καὶ</span> <span class='ocrx_word' id='word_1_166' title='bbox 3713 1326 3754 1397; x_wconf 84' lang='grc' dir='ltr'><strong>ή</strong></span> 
     </span>
    </p>
   </div>
   <div class='ocr_carea' id='block_1_27' title="bbox 2170 1420 3756 1507">
    <p class='ocr_par' dir='ltr' id='par_1_27' title="bbox 2170 1420 3756 1507">
     <span class='ocr_line' id='line_1_27' title="bbox 2170 1420 3756 1507; baseline -0.013 -17"><span class='ocrx_word' id='word_1_167' title='bbox 2170 1434 2397 1507; x_wconf 83' lang='grc' dir='ltr'>τραχεῖα</span> <span class='ocrx_word' id='word_1_168' title='bbox 2419 1435 2498 1494; x_wconf 78' lang='grc' dir='ltr'><strong>είς</strong></span> <span class='ocrx_word' id='word_1_169' title='bbox 2530 1431 2704 1486; x_wconf 81' lang='grc' dir='ltr'>πεδία.</span> <span class='ocrx_word' id='word_1_170' title='bbox 2737 1448 2755 1481; x_wconf 74' lang='grc' dir='ltr'><strong>ι</strong></span> <span class='ocrx_word' id='word_1_171' title='bbox 2790 1429 2900 1482; x_wconf 74' lang='grc' dir='ltr'><strong>Καὶ</strong></span> <span class='ocrx_word' id='word_1_172' title='bbox 2920 1426 3017 1498; x_wconf 82' lang='grc' dir='ltr'>τὴν</span> <span class='ocrx_word' id='word_1_173' title='bbox 3039 1427 3298 1498; x_wconf 82' lang='grc' dir='ltr'>τραχεῖαν</span> <span class='ocrx_word' id='word_1_174' title='bbox 3313 1420 3382 1475; x_wconf 69' lang='grc' dir='ltr'>δὲ</span> <span class='ocrx_word' id='word_1_175' title='bbox 3405 1420 3584 1491; x_wconf 76' lang='grc' dir='ltr'>ψυχὴν</span> <span class='ocrx_word' id='word_1_176' title='bbox 3610 1422 3756 1507; x_wconf 60' lang='lat'><strong>69.1-</strong></span> 
     </span>
    </p>
   </div>
   <div class='ocr_carea' id='block_1_28' title="bbox 2170 1505 3756 1598">
    <p class='ocr_par' dir='ltr' id='par_1_28' title="bbox 2170 1505 3756 1598">
     <span class='ocr_line' id='line_1_28' title="bbox 2170 1505 3756 1598; baseline -0.014 -18"><span class='ocrx_word' id='word_1_177' title='bbox 2170 1505 2550 1598; x_wconf 20' lang='lat' dir='ltr'><strong>lﬁvﬂYiVEG’OQt</strong></span> <span class='ocrx_word' id='word_1_178' title='bbox 2584 1520 2929 1594; x_wconf 77' lang='grc' dir='ltr'>προστάττει,</span> <span class='ocrx_word' id='word_1_179' title='bbox 2960 1518 3041 1582; x_wconf 79' lang='grc' dir='ltr'><strong>ὡς</strong></span> <span class='ocrx_word' id='word_1_180' title='bbox 3072 1515 3138 1570; x_wconf 84' lang='grc' dir='ltr'><strong>ἂν</strong></span> <span class='ocrx_word' id='word_1_181' title='bbox 3158 1512 3378 1582; x_wconf 78' lang='grc' dir='ltr'>δεκτικὴ</span> <span class='ocrx_word' id='word_1_182' title='bbox 3399 1510 3621 1578; x_wconf 80' lang='grc' dir='ltr'>’γένοιτο</span> <span class='ocrx_word' id='word_1_183' title='bbox 3648 1505 3756 1577; x_wconf 72' lang='grc' dir='ltr'><strong>τῆς</strong></span> 
     </span>
    </p>
   </div>
   <div class='ocr_carea' id='block_1_29' title="bbox 2171 1613 2780 1682">
    <p class='ocr_par' dir='ltr' id='par_1_29' title="bbox 2171 1613 2780 1682">
     <span class='ocr_line' id='line_1_29' title="bbox 2171 1613 2780 1682; baseline -0.013 -8"><span class='ocrx_word' id='word_1_184' title='bbox 2171 1620 2476 1682; x_wconf 77' lang='grc' dir='ltr'>ἐπιϐάσεως</span> <span class='ocrx_word' id='word_1_185' title='bbox 2499 1615 2593 1670; x_wconf 82' lang='grc' dir='ltr'><strong>τοῦ</strong></span> <span class='ocrx_word' id='word_1_186' title='bbox 2620 1613 2780 1668; x_wconf 77' lang='grc' dir='ltr'>Θεοῦ.</span> 
     </span>
    </p>
   </div>
   <div class='ocr_carea' id='block_1_30' title="bbox 2248 1696 3755 1779">
    <p class='ocr_par' dir='ltr' id='par_1_30' title="bbox 2248 1696 3755 1779">
     <span class='ocr_line' id='line_1_30' title="bbox 2248 1696 3755 1779; baseline -0.012 -15"><span class='ocrx_word' id='word_1_187' title='bbox 2248 1731 2266 1762; x_wconf 87' lang='grc'><em>‹</em></span> <span class='ocrx_word' id='word_1_188' title='bbox 2305 1711 2414 1763; x_wconf 77' lang='lat' dir='ltr'><strong>Kal.</strong></span> <span class='ocrx_word' id='word_1_189' title='bbox 2445 1708 2737 1779; x_wconf 73' lang='grc' dir='ltr'>ὀφθήσεται</span> <span class='ocrx_word' id='word_1_190' title='bbox 2778 1707 2811 1777; x_wconf 83' lang='grc' dir='ltr'>ἡ</span> <span class='ocrx_word' id='word_1_191' title='bbox 2844 1702 2969 1769; x_wconf 81' lang='grc' dir='ltr'>δόξα</span> <span class='ocrx_word' id='word_1_192' title='bbox 2997 1700 3223 1771; x_wconf 81' lang='grc' dir='ltr'>Κυρίου,</span> <span class='ocrx_word' id='word_1_193' title='bbox 3253 1698 3344 1752; x_wconf 72' lang='grc' dir='ltr'><strong>καὶ</strong></span> <span class='ocrx_word' id='word_1_194' title='bbox 3370 1697 3564 1767; x_wconf 59' lang='grc' dir='ltr'>ὄψεται</span> <span class='ocrx_word' id='word_1_195' title='bbox 3596 1696 3755 1747; x_wconf 77' lang='grc' dir='ltr'>πᾶσα</span> 
     </span>
    </p>
   </div>
   <div class='ocr_carea' id='block_1_31' title="bbox 499 1785 2073 1874">
    <p class='ocr_par' dir='ltr' id='par_1_31' title="bbox 499 1792 2064 1863">
     <span class='ocr_line' id='line_1_31' title="bbox 499 1792 2064 1863; baseline -0.006 -9"><span class='ocrx_word' id='word_1_196' title='bbox 499 1798 674 1854; x_wconf 88' lang='lat' dir='ltr'><strong>omnis</strong></span> <span class='ocrx_word' id='word_1_197' title='bbox 695 1811 822 1852; x_wconf 89' lang='lat' dir='ltr'><strong>caro</strong></span> <span class='ocrx_word' id='word_1_198' title='bbox 844 1795 1078 1852; x_wconf 88' lang='lat' dir='ltr'><strong>salutare</strong></span> <span class='ocrx_word' id='word_1_199' title='bbox 1109 1794 1223 1858; x_wconf 91' lang='lat' dir='ltr'><strong>Dei,</strong></span> <span class='ocrx_word' id='word_1_200' title='bbox 1259 1795 1383 1863; x_wconf 88' lang='lat' dir='ltr'><strong>quia</strong></span> <span class='ocrx_word' id='word_1_201' title='bbox 1405 1792 1661 1848; x_wconf 89' lang='lat' dir='ltr'><strong>Dominus</strong></span> <span class='ocrx_word' id='word_1_202' title='bbox 1681 1793 1891 1847; x_wconf 90' lang='lat' dir='ltr'><strong>locutus</strong></span> <span class='ocrx_word' id='word_1_203' title='bbox 1916 1800 2017 1845; x_wconf 93' lang='lat' dir='ltr'><strong>est.</strong></span> <span class='ocrx_word' id='word_1_204' title='bbox 2043 1809 2064 1844; x_wconf 77' lang='grc' dir='ltr'><strong>ι</strong></span> 
     </span>
    </p>
   </div>
   <div class='ocr_carea' id='block_1_32' title="bbox 2179 1785 3748 1874">
    <p class='ocr_par' dir='ltr' id='par_1_32' title="bbox 2179 1785 3748 1871">
     <span class='ocr_line' id='line_1_32' title="bbox 2179 1785 3748 1871; baseline -0.012 -17"><span class='ocrx_word' id='word_1_205' title='bbox 2179 1800 2309 1871; x_wconf 76' lang='grc' dir='ltr'>σὰρξ</span> <span class='ocrx_word' id='word_1_206' title='bbox 2340 1796 2399 1852; x_wconf 67' lang='grc' dir='ltr'>τὸ</span> <span class='ocrx_word' id='word_1_207' title='bbox 2450 1798 2715 1868; x_wconf 79' lang='grc' dir='ltr'>σωτήριον</span> <span class='ocrx_word' id='word_1_208' title='bbox 2753 1794 2847 1847; x_wconf 86' lang='grc' dir='ltr'><strong>τοῦ</strong></span> <span class='ocrx_word' id='word_1_209' title='bbox 2878 1790 3033 1853; x_wconf 80' lang='grc' dir='ltr'>Θεοῦ,</span> <span class='ocrx_word' id='word_1_210' title='bbox 3077 1790 3158 1842; x_wconf 84' lang='grc' dir='ltr'>ὅτι</span> <span class='ocrx_word' id='word_1_211' title='bbox 3199 1787 3401 1859; x_wconf 83' lang='grc' dir='ltr'>Κύριος</span> <span class='ocrx_word' id='word_1_212' title='bbox 3433 1785 3690 1856; x_wconf 77' lang='grc' dir='ltr'>ὲλάλησε.</span> <span class='ocrx_word' id='word_1_213' title='bbox 3727 1802 3748 1835; x_wconf 72' lang='grc' dir='ltr'><strong>ι</strong></span> 
     </span>
    </p>
   </div>
   <div class='ocr_carea' id='block_1_33' title="bbox 500 1883 2071 1952">
    <p class='ocr_par' dir='ltr' id='par_1_33' title="bbox 500 1883 2071 1952">
     <span class='ocr_line' id='line_1_33' title="bbox 500 1883 2071 1952; baseline -0.006 -6"><span class='ocrx_word' id='word_1_214' title='bbox 500 1888 639 1946; x_wconf 85' lang='lat' dir='ltr'><strong>Caro</strong></span> <span class='ocrx_word' id='word_1_215' title='bbox 667 1898 846 1941; x_wconf 89' lang='lat' dir='ltr'><strong>autem</strong></span> <span class='ocrx_word' id='word_1_216' title='bbox 877 1896 1035 1942; x_wconf 89' lang='lat' dir='ltr'><strong>erant</strong></span> <span class='ocrx_word' id='word_1_217' title='bbox 1070 1885 1317 1941; x_wconf 86' lang='lat' dir='ltr'><strong>homines</strong></span> <span class='ocrx_word' id='word_1_218' title='bbox 1357 1898 1566 1947; x_wconf 88' lang='lat' dir='ltr'><strong>omnes,</strong></span> <span class='ocrx_word' id='word_1_219' title='bbox 1612 1883 1702 1952; x_wconf 88' lang='lat' dir='ltr'><strong>qui</strong></span> <span class='ocrx_word' id='word_1_220' title='bbox 1737 1883 2071 1938; x_wconf 84' lang='lat' dir='ltr'><strong>solummodo</strong></span> 
     </span>
    </p>
   </div>
   <div class='ocr_carea' id='block_1_34' title="bbox 500 1974 2068 2049">
    <p class='ocr_par' dir='ltr' id='par_1_34' title="bbox 500 1974 2068 2049">
     <span class='ocr_line' id='line_1_34' title="bbox 500 1974 2068 2049; baseline -0.006 -13"><span class='ocrx_word' id='word_1_221' title='bbox 500 1979 704 2046; x_wconf 87' lang='lat' dir='ltr'><strong>carnei,</strong></span> <span class='ocrx_word' id='word_1_222' title='bbox 733 1978 967 2049; x_wconf 85' lang='lat' dir='ltr'><strong>Spiritus</strong></span> <span class='ocrx_word' id='word_1_223' title='bbox 1016 1977 1190 2033; x_wconf 85' lang='lat' dir='ltr'><strong>sancti</strong></span> <span class='ocrx_word' id='word_1_224' title='bbox 1234 1977 1527 2047; x_wconf 88' lang='lat' dir='ltr'><strong>participes</strong></span> <span class='ocrx_word' id='word_1_225' title='bbox 1553 1974 1860 2028; x_wconf 82' lang='lat' dir='ltr'><strong>nullatenus</strong></span> <span class='ocrx_word' id='word_1_226' title='bbox 1892 1983 2068 2028; x_wconf 87' lang='lat' dir='ltr'><strong>erant.</strong></span> 
     </span>
    </p>
   </div>
   <div class='ocr_carea' id='block_1_35' title="bbox 504 2063 2073 2141">
    <p class='ocr_par' dir='ltr' id='par_1_35' title="bbox 504 2063 2073 2141">
     <span class='ocr_line' id='line_1_35' title="bbox 504 2063 2073 2141; baseline -0.006 -13"><span class='ocrx_word' id='word_1_227' title='bbox 504 2092 524 2128; x_wconf 75' lang='grc' dir='ltr'><strong>ι</strong></span> <span class='ocrx_word' id='word_1_228' title='bbox 558 2072 692 2141; x_wconf 79' lang='lat' dir='ltr'><strong>Quia</strong></span> <span class='ocrx_word' id='word_1_229' title='bbox 721 2071 978 2126; x_wconf 89' lang='lat' dir='ltr'><strong>Dominus</strong></span> <span class='ocrx_word' id='word_1_230' title='bbox 1024 2070 1231 2125; x_wconf 85' lang='lat' dir='ltr'><strong>locutus</strong></span> <span class='ocrx_word' id='word_1_231' title='bbox 1262 2079 1376 2123; x_wconf 89' lang='lat' dir='ltr'><strong>est:</strong></span> <span class='ocrx_word' id='word_1_232' title='bbox 1416 2086 1434 2119; x_wconf 73' lang='grc' dir='ltr'><strong>ι</strong></span> <span class='ocrx_word' id='word_1_233' title='bbox 1468 2065 1687 2120; x_wconf 83' lang='lat' dir='ltr'><strong>mentiri</strong></span> <span class='ocrx_word' id='word_1_234' title='bbox 1710 2065 1856 2120; x_wconf 89' lang='lat' dir='ltr'><strong>enim</strong></span> <span class='ocrx_word' id='word_1_235' title='bbox 1885 2063 2073 2136; x_wconf 87' lang='lat' dir='ltr'><strong>nequit</strong></span> 
     </span>
    </p>
   </div>
   <div class='ocr_carea' id='block_1_36' title="bbox 500 2158 1044 2230">
    <p class='ocr_par' dir='ltr' id='par_1_36' title="bbox 500 2158 1044 2230">
     <span class='ocr_line' id='line_1_36' title="bbox 500 2158 1044 2230; baseline -0.002 -14"><span class='ocrx_word' id='word_1_236' title='bbox 500 2162 566 2224; x_wconf 90' lang='lat' dir='ltr'><strong>is,</strong></span> <span class='ocrx_word' id='word_1_237' title='bbox 602 2161 694 2230; x_wconf 86' lang='lat' dir='ltr'><strong>qui</strong></span> <span class='ocrx_word' id='word_1_238' title='bbox 723 2158 988 2230; x_wconf 89' lang='lat' dir='ltr'><strong>promisit.</strong></span> <span class='ocrx_word' id='word_1_239' title='bbox 1039 2210 1044 2215; x_wconf 89' lang='lat'><strong>.</strong></span> 
     </span>
    </p>
   </div>
   <div class='ocr_carea' id='block_1_37' title="bbox 574 2245 2072 2315">
    <p class='ocr_par' dir='ltr' id='par_1_37' title="bbox 574 2245 2072 2315">
     <span class='ocr_line' id='line_1_37' title="bbox 574 2245 2072 2315; baseline -0.003 -8"><span class='ocrx_word' id='word_1_240' title='bbox 574 2251 735 2307; x_wconf 73' lang='lat' dir='ltr'><strong>Vens.</strong></span> <span class='ocrx_word' id='word_1_241' title='bbox 761 2250 878 2305; x_wconf 88' lang='lat'><strong>6-8.</strong></span> <span class='ocrx_word' id='word_1_242' title='bbox 909 2269 928 2301; x_wconf 77' lang='grc' dir='ltr'><strong>ι</strong></span> <span class='ocrx_word' id='word_1_243' title='bbox 956 2248 1072 2304; x_wconf 78' lang='lat' dir='ltr'><strong>Vox</strong></span> <span class='ocrx_word' id='word_1_244' title='bbox 1102 2248 1357 2311; x_wconf 80' lang='lat' dir='ltr'><strong>dicentis,</strong></span> <span class='ocrx_word' id='word_1_245' title='bbox 1404 2245 1614 2301; x_wconf 85' lang='lat' dir='ltr'><strong>Clama.</strong></span> <span class='ocrx_word' id='word_1_246' title='bbox 1660 2245 1729 2301; x_wconf 83' lang='lat' dir='ltr'><strong>Et</strong></span> <span class='ocrx_word' id='word_1_247' title='bbox 1762 2245 2072 2315; x_wconf 35' lang='lat' dir='ltr'><strong>dixi,.Quid</strong></span> 
     </span>
    </p>
   </div>
   <div class='ocr_carea' id='block_1_38' title="bbox 499 2339 2070 2410">
    <p class='ocr_par' dir='ltr' id='par_1_38' title="bbox 499 2339 2070 2410">
     <span class='ocr_line' id='line_1_38' title="bbox 499 2339 2070 2410; baseline -0.003 -11"><span class='ocrx_word' id='word_1_248' title='bbox 499 2342 786 2400; x_wconf 84' lang='lat' dir='ltr'><strong>clamabo?</strong></span> <span class='ocrx_word' id='word_1_249' title='bbox 808 2340 993 2396; x_wconf 89' lang='lat' dir='ltr'><strong>Omnis</strong></span> <span class='ocrx_word' id='word_1_250' title='bbox 1014 2355 1144 2396; x_wconf 88' lang='lat' dir='ltr'><strong>caro</strong></span> <span class='ocrx_word' id='word_1_251' title='bbox 1169 2340 1373 2404; x_wconf 80' lang='lat' dir='ltr'><strong>fenum,</strong></span> <span class='ocrx_word' id='word_1_252' title='bbox 1398 2339 1646 2395; x_wconf 90' lang='lat' dir='ltr'><strong>etumuis</strong></span> <span class='ocrx_word' id='word_1_253' title='bbox 1684 2339 1856 2410; x_wconf 81' lang='lat' dir='ltr'><strong>gloria</strong></span> <span class='ocrx_word' id='word_1_254' title='bbox 1894 2340 2070 2394; x_wconf 75' lang='lat' dir='ltr'><strong>homi-</strong></span> 
     </span>
    </p>
   </div>
   <div class='ocr_carea' id='block_1_39' title="bbox 477 2430 2068 2503">
    <p class='ocr_par' dir='ltr' id='par_1_39' title="bbox 477 2430 2068 2503">
     <span class='ocr_line' id='line_1_39' title="bbox 477 2430 2068 2503; baseline -0.003 -12"><span class='ocrx_word' id='word_1_255' title='bbox 477 2437 605 2503; x_wconf 21' lang='lat' dir='ltr'><strong>Vnis,</strong></span> <span class='ocrx_word' id='word_1_256' title='bbox 646 2435 785 2490; x_wconf 88' lang='lat' dir='ltr'><strong>sicut</strong></span> <span class='ocrx_word' id='word_1_257' title='bbox 823 2431 919 2487; x_wconf 81' lang='lat' dir='ltr'><strong>ﬂos</strong></span> <span class='ocrx_word' id='word_1_258' title='bbox 950 2431 1076 2486; x_wconf 84' lang='lat' dir='ltr'><strong>feni.</strong></span> <span class='ocrx_word' id='word_1_259' title='bbox 1117 2431 1341 2485; x_wconf 72' lang='lat' dir='ltr'><strong>Exaruit</strong></span> <span class='ocrx_word' id='word_1_260' title='bbox 1380 2430 1583 2497; x_wconf 82' lang='lat' dir='ltr'><strong>fenum,</strong></span> <span class='ocrx_word' id='word_1_261' title='bbox 1608 2442 1668 2484; x_wconf 78' lang='lat' dir='ltr'><strong>et</strong></span> <span class='ocrx_word' id='word_1_262' title='bbox 1701 2431 1800 2486; x_wconf 86' lang='lat' dir='ltr'><strong>llos</strong></span> <span class='ocrx_word' id='word_1_263' title='bbox 1836 2432 2068 2487; x_wconf 85' lang='lat' dir='ltr'><strong>decidit:</strong></span> 
     </span>
    </p>
   </div>
   <div class='ocr_carea' id='block_1_40' title="bbox 482 2519 2072 2580">
    <p class='ocr_par' dir='ltr' id='par_1_40' title="bbox 482 2519 2072 2580">
     <span class='ocr_line' id='line_1_40' title="bbox 482 2519 2072 2580; baseline 0.001 -2"><span class='ocrx_word' id='word_1_264' title='bbox 482 2527 723 2578; x_wconf 75' lang='lat' dir='ltr'><strong>verbum</strong></span> <span class='ocrx_word' id='word_1_265' title='bbox 754 2530 932 2577; x_wconf 89' lang='lat' dir='ltr'><strong>autem</strong></span> <span class='ocrx_word' id='word_1_266' title='bbox 972 2519 1065 2575; x_wconf 83' lang='lat' dir='ltr'><strong>Dei</strong></span> <span class='ocrx_word' id='word_1_267' title='bbox 1102 2520 1269 2574; x_wconf 84' lang='lat' dir='ltr'><strong>nostri</strong></span> <span class='ocrx_word' id='word_1_268' title='bbox 1310 2529 1492 2574; x_wconf 84' lang='lat' dir='ltr'><strong>ntanet</strong></span> <span class='ocrx_word' id='word_1_269' title='bbox 1516 2520 1567 2574; x_wconf 92' lang='lat' dir='ltr'><strong>in</strong></span> <span class='ocrx_word' id='word_1_270' title='bbox 1595 2530 1881 2579; x_wconf 64' lang='lat' dir='ltr'><strong>aeternum.</strong></span> <span class='ocrx_word' id='word_1_271' title='bbox 1905 2543 1923 2576; x_wconf 74' lang='grc' dir='ltr'><strong>ι</strong></span> <span class='ocrx_word' id='word_1_272' title='bbox 1948 2522 2072 2580; x_wconf 66' lang='lat' dir='ltr'><strong>llaec</strong></span> 
     </span>
    </p>
   </div>
   <div class='ocr_carea' id='block_1_41' title="bbox 474 2612 2072 2685">
    <p class='ocr_par' dir='ltr' id='par_1_41' title="bbox 474 2612 2072 2685">
     <span class='ocr_line' id='line_1_41' title="bbox 474 2612 2072 2685; baseline 0.004 -20"><span class='ocrx_word' id='word_1_273' title='bbox 474 2613 697 2685; x_wconf 68' lang='lat' dir='ltr'><strong>«quippe</strong></span> <span class='ocrx_word' id='word_1_274' title='bbox 726 2612 989 2667; x_wconf 67' lang='lat' dir='ltr'><strong>universae</strong></span> <span class='ocrx_word' id='word_1_275' title='bbox 1016 2612 1196 2666; x_wconf 91' lang='lat' dir='ltr'><strong>carnis</strong></span> <span class='ocrx_word' id='word_1_276' title='bbox 1230 2621 1422 2666; x_wconf 89' lang='lat' dir='ltr'><strong>natura</strong></span> <span class='ocrx_word' id='word_1_277' title='bbox 1450 2621 1556 2677; x_wconf 90' lang='lat' dir='ltr'><strong>est,</strong></span> <span class='ocrx_word' id='word_1_278' title='bbox 1597 2628 1806 2669; x_wconf 89' lang='lat' dir='ltr'><strong>necnon</strong></span> <span class='ocrx_word' id='word_1_279' title='bbox 1837 2613 2072 2671; x_wconf 88' lang='lat' dir='ltr'><strong>hominis</strong></span> 
     </span>
    </p>
   </div>
   <div class='ocr_carea' id='block_1_42' title="bbox 480 2701 2068 2775">
    <p class='ocr_par' dir='ltr' id='par_1_42' title="bbox 480 2701 2068 2775">
     <span class='ocr_line' id='line_1_42' title="bbox 480 2701 2068 2775; baseline 0.003 -18"><span class='ocrx_word' id='word_1_280' title='bbox 480 2705 789 2775; x_wconf 56' lang='lat' dir='ltr'><strong>&#39;imagiuem</strong></span> <span class='ocrx_word' id='word_1_281' title='bbox 822 2703 1018 2757; x_wconf 82' lang='lat' dir='ltr'><strong>terreni</strong></span> <span class='ocrx_word' id='word_1_282' title='bbox 1049 2701 1294 2768; x_wconf 80' lang='lat' dir='ltr'><strong>ferentis,</strong></span> <span class='ocrx_word' id='word_1_283' title='bbox 1320 2703 1566 2759; x_wconf 78' lang='lat' dir='ltr'><strong>videlicet</strong></span> <span class='ocrx_word' id='word_1_284' title='bbox 1596 2720 1792 2774; x_wconf 90' lang='lat' dir='ltr'><strong>corpus</strong></span> <span class='ocrx_word' id='word_1_285' title='bbox 1815 2706 2068 2772; x_wconf 88' lang='lat' dir='ltr'><strong>amantis,</strong></span> 
     </span>
    </p>
   </div>
   <div class='ocr_carea' id='block_1_43' title="bbox 484 2794 2072 2870">
    <p class='ocr_par' dir='ltr' id='par_1_43' title="bbox 484 2794 2072 2870">
     <span class='ocr_line' id='line_1_43' title="bbox 484 2794 2072 2870; baseline 0.004 -21"><span class='ocrx_word' id='word_1_286' title='bbox 484 2804 554 2849; x_wconf 71' lang='grc' dir='ltr'>τοι</span> <span class='ocrx_word' id='word_1_287' title='bbox 591 2794 883 2850; x_wconf 89' lang='lat' dir='ltr'><strong>secundum</strong></span> <span class='ocrx_word' id='word_1_288' title='bbox 918 2808 1140 2859; x_wconf 79' lang='lat' dir='ltr'><strong>carnem</strong></span> <span class='ocrx_word' id='word_1_289' title='bbox 1168 2796 1400 2851; x_wconf 88' lang='lat' dir='ltr'><strong>viventis</strong></span> <span class='ocrx_word' id='word_1_290' title='bbox 1433 2811 1448 2849; x_wconf 92' lang='lat'><strong>:</strong></span> <span class='ocrx_word' id='word_1_291' title='bbox 1480 2812 1602 2851; x_wconf 88' lang='lat' dir='ltr'><strong>nam</strong></span> <span class='ocrx_word' id='word_1_292' title='bbox 1654 2800 1879 2868; x_wconf 87' lang='lat' dir='ltr'><strong>perinde</strong></span> <span class='ocrx_word' id='word_1_293' title='bbox 1909 2810 2072 2870; x_wconf 82' lang='lat' dir='ltr'><strong>atque</strong></span> 
     </span>
    </p>
   </div>
   <div class='ocr_carea' id='block_1_44' title="bbox 499 2885 2072 2961">
    <p class='ocr_par' dir='ltr' id='par_1_44' title="bbox 499 2885 2072 2961">
     <span class='ocr_line' id='line_1_44' title="bbox 499 2885 2072 2961; baseline 0.004 -20"><span class='ocrx_word' id='word_1_294' title='bbox 499 2885 681 2942; x_wconf 79' lang='lat' dir='ltr'><strong>fenum</strong></span> <span class='ocrx_word' id='word_1_295' title='bbox 735 2895 894 2940; x_wconf 71' lang='lat' dir='ltr'><strong>terra:</strong></span> <span class='ocrx_word' id='word_1_296' title='bbox 946 2901 1010 2940; x_wconf 90' lang='lat' dir='ltr'><strong>ac</strong></span> <span class='ocrx_word' id='word_1_297' title='bbox 1054 2887 1283 2954; x_wconf 88' lang='lat' dir='ltr'><strong>speciosi</strong></span> <span class='ocrx_word' id='word_1_298' title='bbox 1318 2885 1500 2954; x_wconf 79' lang='lat' dir='ltr'><strong>ﬂores,</strong></span> <span class='ocrx_word' id='word_1_299' title='bbox 1545 2889 1612 2942; x_wconf 88' lang='lat' dir='ltr'><strong>ad</strong></span> <span class='ocrx_word' id='word_1_300' title='bbox 1660 2888 1823 2945; x_wconf 83' lang='lat' dir='ltr'><strong>breve</strong></span> <span class='ocrx_word' id='word_1_301' title='bbox 1859 2898 2072 2961; x_wconf 86' lang='lat' dir='ltr'><strong>tempus</strong></span> 
     </span>
    </p>
   </div>
   <div class='ocr_carea' id='block_1_45' title="bbox 484 2979 2075 3052">
    <p class='ocr_par' dir='ltr' id='par_1_45' title="bbox 484 2979 2075 3052">
     <span class='ocr_line' id='line_1_45' title="bbox 484 2979 2075 3052; baseline 0.003 -17"><span class='ocrx_word' id='word_1_302' title='bbox 484 2979 676 3045; x_wconf 33' lang='lat' dir='ltr'><strong>tﬁoret,</strong></span> <span class='ocrx_word' id='word_1_303' title='bbox 698 2989 752 3036; x_wconf 90' lang='lat' dir='ltr'><strong>et</strong></span> <span class='ocrx_word' id='word_1_304' title='bbox 785 2981 981 3035; x_wconf 85' lang='lat' dir='ltr'><strong>decore</strong></span> <span class='ocrx_word' id='word_1_305' title='bbox 1016 2980 1264 3047; x_wconf 84' lang='lat' dir='ltr'><strong>nitescit;</strong></span> <span class='ocrx_word' id='word_1_306' title='bbox 1311 2996 1411 3036; x_wconf 90' lang='lat' dir='ltr'><strong>nec</strong></span> <span class='ocrx_word' id='word_1_307' title='bbox 1444 2983 1531 3037; x_wconf 91' lang='lat' dir='ltr'><strong>diu</strong></span> <span class='ocrx_word' id='word_1_308' title='bbox 1571 2994 1777 3052; x_wconf 87' lang='lat' dir='ltr'><strong>postea,</strong></span> <span class='ocrx_word' id='word_1_309' title='bbox 1811 2987 1880 3039; x_wconf 89' lang='lat' dir='ltr'><strong>ob</strong></span> <span class='ocrx_word' id='word_1_310' title='bbox 1920 2986 2075 3039; x_wconf 84' lang='lat' dir='ltr'><strong>intir-</strong></span> 
     </span>
    </p>
   </div>
   <div class='ocr_carea' id='block_1_46' title="bbox 489 3070 2074 3144">
    <p class='ocr_par' dir='ltr' id='par_1_46' title="bbox 489 3070 2074 3144">
     <span class='ocr_line' id='line_1_46' title="bbox 489 3070 2074 3144; baseline 0.003 -19"><span class='ocrx_word' id='word_1_311' title='bbox 489 3088 646 3126; x_wconf 85' lang='lat' dir='ltr'><strong>mam</strong></span> <span class='ocrx_word' id='word_1_312' title='bbox 683 3080 739 3126; x_wconf 88' lang='lat' dir='ltr'><strong>et</strong></span> <span class='ocrx_word' id='word_1_313' title='bbox 782 3070 981 3126; x_wconf 78' lang='lat' dir='ltr'><strong>ﬂuxam</strong></span> <span class='ocrx_word' id='word_1_314' title='bbox 1027 3082 1275 3126; x_wconf 89' lang='lat' dir='ltr'><strong>naturam</strong></span> <span class='ocrx_word' id='word_1_315' title='bbox 1314 3075 1604 3129; x_wconf 88' lang='lat' dir='ltr'><strong>marcescit</strong></span> <span class='ocrx_word' id='word_1_316' title='bbox 1629 3092 1643 3128; x_wconf 90' lang='lat'><strong>:</strong></span> <span class='ocrx_word' id='word_1_317' title='bbox 1668 3076 1807 3144; x_wconf 89' lang='lat' dir='ltr'><strong>quod</strong></span> <span class='ocrx_word' id='word_1_318' title='bbox 1840 3075 1923 3130; x_wconf 88' lang='lat' dir='ltr'><strong>his</strong></span> <span class='ocrx_word' id='word_1_319' title='bbox 1954 3092 2074 3130; x_wconf 90' lang='lat' dir='ltr'><strong>ver-</strong></span> 
     </span>
    </p>
   </div>
   <div class='ocr_carea' id='block_1_47' title="bbox 2173 1875 3754 1964">
    <p class='ocr_par' dir='ltr' id='par_1_47' title="bbox 2173 1875 3754 1964">
     <span class='ocr_line' id='line_1_47' title="bbox 2173 1875 3754 1964; baseline -0.012 -18"><span class='ocrx_word' id='word_1_320' title='bbox 2173 1892 2319 1964; x_wconf 76' lang='grc' dir='ltr'>Σὰρξ</span> <span class='ocrx_word' id='word_1_321' title='bbox 2362 1890 2418 1943; x_wconf 84' lang='grc' dir='ltr'>δὲ</span> <span class='ocrx_word' id='word_1_322' title='bbox 2443 1885 2582 1960; x_wconf 76' lang='grc' dir='ltr'>ἦσαν</span> <span class='ocrx_word' id='word_1_323' title='bbox 2612 1889 2659 1940; x_wconf 92' lang='grc' dir='ltr'>οἱ</span> <span class='ocrx_word' id='word_1_324' title='bbox 2688 1885 2840 1940; x_wconf 76' lang='grc' dir='ltr'>αὐτοὶ</span> <span class='ocrx_word' id='word_1_325' title='bbox 2876 1882 3034 1953; x_wconf 89' lang='grc' dir='ltr'>μόνον</span> <span class='ocrx_word' id='word_1_326' title='bbox 3067 1881 3332 1951; x_wconf 88' lang='grc' dir='ltr'>σάρκινοι,</span> <span class='ocrx_word' id='word_1_327' title='bbox 3367 1878 3462 1930; x_wconf 73' lang='grc' dir='ltr'>καὶ</span> <span class='ocrx_word' id='word_1_328' title='bbox 3489 1875 3754 1946; x_wconf 69' lang='grc' dir='ltr'>οὐδαμῶς</span> 
     </span>
    </p>
   </div>
   <div class='ocr_carea' id='block_1_48' title="bbox 2171 1968 3751 2053">
    <p class='ocr_par' dir='ltr' id='par_1_48' title="bbox 2171 1968 3751 2053">
     <span class='ocr_line' id='line_1_48' title="bbox 2171 1968 3751 2053; baseline -0.01 -17"><span class='ocrx_word' id='word_1_329' title='bbox 2171 1982 2488 2053; x_wconf 71' lang='grc' dir='ltr'>Πνεῦματος</span> <span class='ocrx_word' id='word_1_330' title='bbox 2543 1978 2700 2048; x_wconf 80' lang='grc' dir='ltr'>ἁγίου</span> <span class='ocrx_word' id='word_1_331' title='bbox 2748 1975 2960 2047; x_wconf 79' lang='grc' dir='ltr'>μέτοχοι</span> <span class='ocrx_word' id='word_1_332' title='bbox 2995 1973 3195 2034; x_wconf 84' lang='grc' dir='ltr'>πάντες</span> <span class='ocrx_word' id='word_1_333' title='bbox 3223 1968 3519 2041; x_wconf 78' lang='grc' dir='ltr'>ἄνθρωποι.</span> <span class='ocrx_word' id='word_1_334' title='bbox 3561 1986 3580 2018; x_wconf 71' lang='grc' dir='ltr'><strong>ι</strong></span> <span class='ocrx_word' id='word_1_335' title='bbox 3623 1968 3751 2020; x_wconf 81' lang='grc' dir='ltr'>Ὅτι</span> 
     </span>
    </p>
   </div>
   <div class='ocr_carea' id='block_1_49' title="bbox 2170 2058 3690 2147">
    <p class='ocr_par' dir='ltr' id='par_1_49' title="bbox 2170 2058 3690 2147">
     <span class='ocr_line' id='line_1_49' title="bbox 2170 2058 3690 2147; baseline -0.014 -17"><span class='ocrx_word' id='word_1_336' title='bbox 2170 2076 2373 2147; x_wconf 76' lang='grc' dir='ltr'>Κύριος</span> <span class='ocrx_word' id='word_1_337' title='bbox 2400 2072 2677 2141; x_wconf 77' lang='grc' dir='ltr'>ἐλάλησεν·</span> <span class='ocrx_word' id='word_1_338' title='bbox 2706 2089 2724 2121; x_wconf 75' lang='grc' dir='ltr'><strong>ι</strong></span> <span class='ocrx_word' id='word_1_339' title='bbox 2759 2065 2993 2137; x_wconf 60' lang='grc' dir='ltr'>ἀψευδὴς</span> <span class='ocrx_word' id='word_1_340' title='bbox 3019 2066 3126 2134; x_wconf 78' lang='grc' dir='ltr'>γὰρ</span> <span class='ocrx_word' id='word_1_341' title='bbox 3145 2064 3173 2115; x_wconf 93' lang='lat'><strong>6</strong></span> <span class='ocrx_word' id='word_1_342' title='bbox 3197 2058 3690 2129; x_wconf 85' lang='grc' dir='ltr'>ἐπαγγειλάμενος.</span> 
     </span>
    </p>
   </div>
   <div class='ocr_carea' id='block_1_50' title="bbox 2242 2236 3749 2324">
    <p class='ocr_par' dir='ltr' id='par_1_50' title="bbox 2242 2236 3749 2324">
     <span class='ocr_line' id='line_1_50' title="bbox 2242 2236 3749 2324; baseline -0.011 -19"><span class='ocrx_word' id='word_1_343' title='bbox 2242 2274 2266 2305; x_wconf 72' lang='grc' dir='ltr'><strong>ι</strong></span> <span class='ocrx_word' id='word_1_344' title='bbox 2301 2252 2454 2324; x_wconf 63' lang='grc' dir='ltr'>Φωνὴ</span> <span class='ocrx_word' id='word_1_345' title='bbox 2500 2249 2768 2318; x_wconf 80' lang='grc' dir='ltr'>λέγοντος,</span> <span class='ocrx_word' id='word_1_346' title='bbox 2818 2244 3043 2314; x_wconf 80' lang='grc' dir='ltr'>Βόησον.</span> <span class='ocrx_word' id='word_1_347' title='bbox 3092 2242 3202 2295; x_wconf 74' lang='grc' dir='ltr'><strong>Καὶ</strong></span> <span class='ocrx_word' id='word_1_348' title='bbox 3241 2236 3391 2302; x_wconf 80' lang='grc' dir='ltr'>εἶπα,</span> <span class='ocrx_word' id='word_1_349' title='bbox 3425 2239 3488 2291; x_wconf 86' lang='grc' dir='ltr'>Τί</span> <span class='ocrx_word' id='word_1_350' title='bbox 3533 2237 3749 2309; x_wconf 50' lang='lat' dir='ltr'><strong>poem;</strong></span> 
     </span>
    </p>
   </div>
   <div class='ocr_carea' id='block_1_51' title="bbox 2168 2327 3751 2413">
    <p class='ocr_par' dir='ltr' id='par_1_51' title="bbox 2168 2327 3751 2413">
     <span class='ocr_line' id='line_1_51' title="bbox 2168 2327 3751 2413; baseline -0.013 -14"><span class='ocrx_word' id='word_1_351' title='bbox 2168 2344 2327 2399; x_wconf 71' lang='grc' dir='ltr'>Πᾶσα</span> <span class='ocrx_word' id='word_1_352' title='bbox 2355 2341 2491 2413; x_wconf 68' lang='grc' dir='ltr'>σὰρξ</span> <span class='ocrx_word' id='word_1_353' title='bbox 2511 2341 2719 2413; x_wconf 79' lang='grc' dir='ltr'>χόρτος,</span> <span class='ocrx_word' id='word_1_354' title='bbox 2743 2338 2838 2392; x_wconf 70' lang='grc' dir='ltr'>καὶ</span> <span class='ocrx_word' id='word_1_355' title='bbox 2859 2338 3006 2390; x_wconf 82' lang='grc' dir='ltr'>πᾶσα</span> <span class='ocrx_word' id='word_1_356' title='bbox 3025 2333 3150 2401; x_wconf 80' lang='grc' dir='ltr'>δόξα</span> <span class='ocrx_word' id='word_1_357' title='bbox 3165 2330 3450 2402; x_wconf 82' lang='grc' dir='ltr'>ἀνθρώπου</span> <span class='ocrx_word' id='word_1_358' title='bbox 3484 2330 3559 2393; x_wconf 82' lang='grc' dir='ltr'>ὡς</span> <span class='ocrx_word' id='word_1_359' title='bbox 3584 2327 3751 2391; x_wconf 75' lang='grc' dir='ltr'>ἄνθος</span> 
     </span>
    </p>
   </div>
   <div class='ocr_carea' id='block_1_52' title="bbox 2170 2420 3745 2509">
    <p class='ocr_par' dir='ltr' id='par_1_52' title="bbox 2170 2420 3745 2509">
     <span class='ocr_line' id='line_1_52' title="bbox 2170 2420 3745 2509; baseline -0.014 -17"><span class='ocrx_word' id='word_1_360' title='bbox 2170 2437 2386 2509; x_wconf 83' lang='grc' dir='ltr'>χόρτου.</span> <span class='ocrx_word' id='word_1_361' title='bbox 2431 2432 2731 2504; x_wconf 76' lang='grc' dir='ltr'>Ἐξηράνθη</span> <span class='ocrx_word' id='word_1_362' title='bbox 2772 2432 2799 2483; x_wconf 98' lang='lat'><strong>6</strong></span> <span class='ocrx_word' id='word_1_363' title='bbox 2824 2429 3037 2500; x_wconf 83' lang='grc' dir='ltr'>χόρτος,</span> <span class='ocrx_word' id='word_1_364' title='bbox 3073 2425 3166 2479; x_wconf 77' lang='grc' dir='ltr'><strong>καὶ</strong></span> <span class='ocrx_word' id='word_1_365' title='bbox 3209 2423 3270 2476; x_wconf 76' lang='grc' dir='ltr'>τὸ</span> <span class='ocrx_word' id='word_1_366' title='bbox 3302 2421 3461 2484; x_wconf 79' lang='grc' dir='ltr'>ἄνθος</span> <span class='ocrx_word' id='word_1_367' title='bbox 3486 2420 3745 2487; x_wconf 79' lang='grc' dir='ltr'>ἐξέπεσε·</span> 
     </span>
    </p>
   </div>
   <div class='ocr_carea' id='block_1_53' title="bbox 2170 2514 3743 2599">
    <p class='ocr_par' dir='ltr' id='par_1_53' title="bbox 2170 2514 3743 2599">
     <span class='ocr_line' id='line_1_53' title="bbox 2170 2514 3743 2599; baseline -0.012 -15"><span class='ocrx_word' id='word_1_368' title='bbox 2170 2531 2233 2584; x_wconf 76' lang='grc' dir='ltr'><strong>τὸ</strong></span> <span class='ocrx_word' id='word_1_369' title='bbox 2271 2530 2328 2582; x_wconf 78' lang='grc' dir='ltr'>δὲ</span> <span class='ocrx_word' id='word_1_370' title='bbox 2370 2528 2519 2599; x_wconf 75' lang='grc' dir='ltr'>ῥῆμα</span> <span class='ocrx_word' id='word_1_371' title='bbox 2560 2524 2653 2578; x_wconf 87' lang='grc' dir='ltr'><strong>τοῦ</strong></span> <span class='ocrx_word' id='word_1_372' title='bbox 2695 2522 2828 2578; x_wconf 82' lang='grc' dir='ltr'>Θεοῦ</span> <span class='ocrx_word' id='word_1_373' title='bbox 2864 2519 3019 2592; x_wconf 79' lang='grc' dir='ltr'>ἡμῶν</span> <span class='ocrx_word' id='word_1_374' title='bbox 3066 2516 3214 2589; x_wconf 77' lang='grc' dir='ltr'>μένει</span> <span class='ocrx_word' id='word_1_375' title='bbox 3242 2517 3322 2579; x_wconf 84' lang='grc' dir='ltr'><strong>είς</strong></span> <span class='ocrx_word' id='word_1_376' title='bbox 3359 2515 3451 2569; x_wconf 84' lang='grc' dir='ltr'><strong>τὸν</strong></span> <span class='ocrx_word' id='word_1_377' title='bbox 3484 2514 3678 2592; x_wconf 67' lang='grc' dir='ltr'>αξῶνα.</span> <span class='ocrx_word' id='word_1_378' title='bbox 3723 2532 3743 2564; x_wconf 75' lang='grc' dir='ltr'><strong>ι</strong></span> 
     </span>
    </p>
   </div>
   <div class='ocr_carea' id='block_1_54' title="bbox 2172 2604 3748 2693">
    <p class='ocr_par' dir='ltr' id='par_1_54' title="bbox 2172 2604 3748 2693">
     <span class='ocr_line' id='line_1_54' title="bbox 2172 2604 3748 2693; baseline -0.013 -16"><span class='ocrx_word' id='word_1_379' title='bbox 2172 2623 2320 2693; x_wconf 72' lang='grc' dir='ltr'>Αὕτη</span> <span class='ocrx_word' id='word_1_380' title='bbox 2362 2620 2491 2691; x_wconf 89' lang='grc' dir='ltr'>γοῦν</span> <span class='ocrx_word' id='word_1_381' title='bbox 2536 2619 2652 2671; x_wconf 78' lang='grc' dir='ltr'>ἐστι</span> <span class='ocrx_word' id='word_1_382' title='bbox 2702 2617 2882 2686; x_wconf 80' lang='grc' dir='ltr'>πάσης</span> <span class='ocrx_word' id='word_1_383' title='bbox 2926 2610 3127 2682; x_wconf 82' lang='grc' dir='ltr'>σαρκὸς</span> <span class='ocrx_word' id='word_1_384' title='bbox 3173 2607 3331 2679; x_wconf 82' lang='grc' dir='ltr'>φύσις</span> <span class='ocrx_word' id='word_1_385' title='bbox 3378 2606 3473 2660; x_wconf 77' lang='grc' dir='ltr'><strong>καὶ</strong></span> <span class='ocrx_word' id='word_1_386' title='bbox 3512 2604 3605 2659; x_wconf 86' lang='grc' dir='ltr'><strong>τοῦ</strong></span> <span class='ocrx_word' id='word_1_387' title='bbox 3643 2604 3748 2675; x_wconf 73' lang='grc' dir='ltr'>τὴν</span> 
     </span>
    </p>
   </div>
   <div class='ocr_carea' id='block_1_55' title="bbox 2172 2692 3746 2782">
    <p class='ocr_par' dir='ltr' id='par_1_55' title="bbox 2172 2692 3746 2782">
     <span class='ocr_line' id='line_1_55' title="bbox 2172 2692 3746 2782; baseline -0.013 -13"><span class='ocrx_word' id='word_1_388' title='bbox 2172 2692 2357 2769; x_wconf 80' lang='grc' dir='ltr'>εἰκόνα</span> <span class='ocrx_word' id='word_1_389' title='bbox 2384 2712 2477 2767; x_wconf 83' lang='grc' dir='ltr'><strong>τοῦ</strong></span> <span class='ocrx_word' id='word_1_390' title='bbox 2503 2709 2687 2782; x_wconf 82' lang='grc' dir='ltr'>χοϊκοῦ</span> <span class='ocrx_word' id='word_1_391' title='bbox 2719 2709 2973 2778; x_wconf 70' lang='grc' dir='ltr'>φέροντος</span> <span class='ocrx_word' id='word_1_392' title='bbox 3019 2700 3327 2772; x_wconf 81' lang='grc' dir='ltr'>ἀνθρώπου,</span> <span class='ocrx_word' id='word_1_393' title='bbox 3362 2698 3507 2767; x_wconf 79' lang='grc' dir='ltr'>λέγω</span> <span class='ocrx_word' id='word_1_394' title='bbox 3544 2696 3610 2768; x_wconf 79' lang='grc' dir='ltr'><strong>δὴ</strong></span> <span class='ocrx_word' id='word_1_395' title='bbox 3648 2692 3746 2749; x_wconf 81' lang='grc' dir='ltr'><strong>τοῦ</strong></span> 
     </span>
    </p>
   </div>
   <div class='ocr_carea' id='block_1_56' title="bbox 2173 2786 3749 2877">
    <p class='ocr_par' dir='ltr' id='par_1_56' title="bbox 2173 2786 3749 2877">
     <span class='ocr_line' id='line_1_56' title="bbox 2173 2786 3749 2877; baseline -0.016 -16"><span class='ocrx_word' id='word_1_396' title='bbox 2173 2804 2554 2877; x_wconf 81' lang='grc' dir='ltr'>φιλοσωμάτου</span> <span class='ocrx_word' id='word_1_397' title='bbox 2606 2803 2700 2855; x_wconf 70' lang='grc' dir='ltr'>καὶ</span> <span class='ocrx_word' id='word_1_398' title='bbox 2742 2799 2836 2852; x_wconf 86' lang='grc' dir='ltr'><strong>τοῦ</strong></span> <span class='ocrx_word' id='word_1_399' title='bbox 2879 2794 3019 2851; x_wconf 72' lang='grc' dir='ltr'>κατὰ</span> <span class='ocrx_word' id='word_1_400' title='bbox 3068 2794 3245 2865; x_wconf 78' lang='grc' dir='ltr'>σάρκα</span> <span class='ocrx_word' id='word_1_401' title='bbox 3286 2788 3504 2855; x_wconf 75' lang='grc' dir='ltr'>ζῶντοςο</span> <span class='ocrx_word' id='word_1_402' title='bbox 3544 2786 3749 2858; x_wconf 76' lang='grc' dir='ltr'>ὁμοίως</span> 
     </span>
    </p>
   </div>
   <div class='ocr_carea' id='block_1_57' title="bbox 2173 2878 3749 2969">
    <p class='ocr_par' dir='ltr' id='par_1_57' title="bbox 2173 2878 3749 2969">
     <span class='ocr_line' id='line_1_57' title="bbox 2173 2878 3749 2969; baseline -0.015 -16"><span class='ocrx_word' id='word_1_403' title='bbox 2173 2899 2304 2969; x_wconf 87' lang='grc' dir='ltr'>γοῦν</span> <span class='ocrx_word' id='word_1_404' title='bbox 2348 2896 2426 2968; x_wconf 77' lang='grc' dir='ltr'><strong>τῷ</strong></span> <span class='ocrx_word' id='word_1_405' title='bbox 2468 2895 2646 2967; x_wconf 80' lang='grc' dir='ltr'>χόρτῳ</span> <span class='ocrx_word' id='word_1_406' title='bbox 2689 2893 2788 2963; x_wconf 79' lang='grc' dir='ltr'><strong>τῆς</strong></span> <span class='ocrx_word' id='word_1_407' title='bbox 2829 2890 2953 2960; x_wconf 84' lang='grc' dir='ltr'>γῆς,</span> <span class='ocrx_word' id='word_1_408' title='bbox 3003 2886 3096 2939; x_wconf 77' lang='grc' dir='ltr'><strong>καὶ</strong></span> <span class='ocrx_word' id='word_1_409' title='bbox 3138 2886 3250 2947; x_wconf 87' lang='grc' dir='ltr'>τοῖς</span> <span class='ocrx_word' id='word_1_410' title='bbox 3287 2880 3508 2953; x_wconf 80' lang='grc' dir='ltr'>ὡραίοις</span> <span class='ocrx_word' id='word_1_411' title='bbox 3561 2878 3749 2933; x_wconf 75' lang='grc' dir='ltr'>ἄνθεσι</span> 
     </span>
    </p>
   </div>
   <div class='ocr_carea' id='block_1_58' title="bbox 2175 2966 3748 3058">
    <p class='ocr_par' dir='ltr' id='par_1_58' title="bbox 2175 2966 3748 3058">
     <span class='ocr_line' id='line_1_58' title="bbox 2175 2966 3748 3058; baseline -0.014 -19"><span class='ocrx_word' id='word_1_412' title='bbox 2175 2966 2311 3058; x_wconf 82' lang='grc' dir='ltr'>πρὸς</span> <span class='ocrx_word' id='word_1_413' title='bbox 2345 2966 2516 3054; x_wconf 78' lang='grc' dir='ltr'>βραχὺ</span> <span class='ocrx_word' id='word_1_414' title='bbox 2550 2979 2730 3034; x_wconf 87' lang='grc' dir='ltr'>θάλλει</span> <span class='ocrx_word' id='word_1_415' title='bbox 2762 2977 2856 3031; x_wconf 69' lang='grc' dir='ltr'><strong>καὶ</strong></span> <span class='ocrx_word' id='word_1_416' title='bbox 2893 2973 3207 3047; x_wconf 76' lang='grc' dir='ltr'>ὡραΐζεται,</span> <span class='ocrx_word' id='word_1_417' title='bbox 3251 2966 3349 3022; x_wconf 76' lang='grc' dir='ltr'>εἶτ’</span> <span class='ocrx_word' id='word_1_418' title='bbox 3385 2969 3486 3022; x_wconf 79' lang='grc' dir='ltr'><strong>οὐκ</strong></span> <span class='ocrx_word' id='word_1_419' title='bbox 3525 2969 3604 3031; x_wconf 80' lang='grc' dir='ltr'><strong>είς</strong></span> <span class='ocrx_word' id='word_1_420' title='bbox 3639 2985 3748 3038; x_wconf 81' lang='grc' dir='ltr'>μα-</span> 
     </span>
    </p>
   </div>
   <div class='ocr_carea' id='block_1_59' title="bbox 2174 3060 3750 3149">
    <p class='ocr_par' dir='ltr' id='par_1_59' title="bbox 2174 3060 3750 3149">
     <span class='ocr_line' id='line_1_59' title="bbox 2174 3060 3750 3149; baseline -0.014 -18"><span class='ocrx_word' id='word_1_421' title='bbox 2174 3077 2313 3149; x_wconf 74' lang='grc' dir='ltr'>κρὰν</span> <span class='ocrx_word' id='word_1_422' title='bbox 2345 3074 2449 3128; x_wconf 81' lang='grc' dir='ltr'>ὑπὸ</span> <span class='ocrx_word' id='word_1_423' title='bbox 2481 3073 2578 3143; x_wconf 81' lang='grc' dir='ltr'><strong>τῆς</strong></span> <span class='ocrx_word' id='word_1_424' title='bbox 2613 3070 2844 3124; x_wconf 78' lang='grc' dir='ltr'>ἀστάτου</span> <span class='ocrx_word' id='word_1_425' title='bbox 2891 3066 2984 3120; x_wconf 71' lang='grc' dir='ltr'>καὶ</span> <span class='ocrx_word' id='word_1_426' title='bbox 3019 3064 3248 3136; x_wconf 78' lang='grc' dir='ltr'>ῥευστῆς</span> <span class='ocrx_word' id='word_1_427' title='bbox 3281 3060 3494 3131; x_wconf 74' lang='grc' dir='ltr'>φύσεως</span> <span class='ocrx_word' id='word_1_428' title='bbox 3532 3060 3750 3130; x_wconf 76' lang='grc' dir='ltr'>ἀπομαο</span> 
     </span>
    </p>
   </div>
   <div class='ocr_carea' id='block_1_60' title="bbox 505 3150 2073 3243">
    <p class='ocr_par' dir='ltr' id='par_1_60' title="bbox 505 3162 2073 3234">
     <span class='ocr_line' id='line_1_60' title="bbox 505 3162 2073 3234; baseline 0.003 -16"><span class='ocrx_word' id='word_1_429' title='bbox 505 3166 586 3218; x_wconf 81' lang='lat' dir='ltr'><strong>Lis</strong></span> <span class='ocrx_word' id='word_1_430' title='bbox 628 3164 906 3234; x_wconf 78' lang='lat' dir='ltr'><strong>Scriptura</strong></span> <span class='ocrx_word' id='word_1_431' title='bbox 934 3164 1121 3229; x_wconf 85' lang='lat' dir='ltr'><strong>docet,</strong></span> <span class='ocrx_word' id='word_1_432' title='bbox 1158 3181 1177 3214; x_wconf 75' lang='grc' dir='ltr'><strong>ι</strong></span> <span class='ocrx_word' id='word_1_433' title='bbox 1209 3162 1434 3219; x_wconf 77' lang='lat' dir='ltr'><strong>Exaruit</strong></span> <span class='ocrx_word' id='word_1_434' title='bbox 1469 3163 1674 3232; x_wconf 81' lang='lat' dir='ltr'><strong>fenum,</strong></span> <span class='ocrx_word' id='word_1_435' title='bbox 1709 3175 1765 3220; x_wconf 89' lang='lat' dir='ltr'><strong>et</strong></span> <span class='ocrx_word' id='word_1_436' title='bbox 1806 3164 1904 3222; x_wconf 78' lang='lat' dir='ltr'><strong>ﬂos</strong></span> <span class='ocrx_word' id='word_1_437' title='bbox 1932 3169 2073 3223; x_wconf 88' lang='lat' dir='ltr'><strong>deci-</strong></span> 
     </span>
    </p>
   </div>
   <div class='ocr_carea' id='block_1_61' title="bbox 2179 3150 3750 3243">
    <p class='ocr_par' dir='ltr' id='par_1_61' title="bbox 2185 3150 3750 3243">
     <span class='ocr_line' id='line_1_61' title="bbox 2185 3150 3750 3243; baseline -0.014 -19"><span class='ocrx_word' id='word_1_438' title='bbox 2185 3169 2449 3243; x_wconf 83' lang='grc' dir='ltr'>ραίνεται·</span> <span class='ocrx_word' id='word_1_439' title='bbox 2477 3167 2613 3233; x_wconf 81' lang='grc' dir='ltr'>ὅπερ</span> <span class='ocrx_word' id='word_1_440' title='bbox 2642 3162 2876 3216; x_wconf 84' lang='grc' dir='ltr'>διδάσκει</span> <span class='ocrx_word' id='word_1_441' title='bbox 2932 3161 2964 3231; x_wconf 81' lang='grc' dir='ltr'>ἡ</span> <span class='ocrx_word' id='word_1_442' title='bbox 3014 3156 3201 3230; x_wconf 76' lang='grc' dir='ltr'>Γραφὴ</span> <span class='ocrx_word' id='word_1_443' title='bbox 3241 3156 3508 3225; x_wconf 80' lang='grc' dir='ltr'>λέγουσα·</span> <span class='ocrx_word' id='word_1_444' title='bbox 3562 3171 3580 3204; x_wconf 78' lang='grc' dir='ltr'><strong>ι</strong></span> <span class='ocrx_word' id='word_1_445' title='bbox 3626 3150 3750 3217; x_wconf 77' lang='grc' dir='ltr'><strong>Ἐξ-</strong></span> 
     </span>
    </p>
   </div>
   <div class='ocr_carea' id='block_1_62' title="bbox 493 3258 653 3310">
    <p class='ocr_par' dir='ltr' id='par_1_62' title="bbox 493 3258 653 3310">
     <span class='ocr_line' id='line_1_62' title="bbox 493 3258 653 3310; baseline -0.013 0"><span class='ocrx_word' id='word_1_446' title='bbox 493 3258 601 3310; x_wconf 68' lang='lat' dir='ltr'><strong>dit.</strong></span> <span class='ocrx_word' id='word_1_447' title='bbox 634 3274 653 3308; x_wconf 77' lang='grc' dir='ltr'><strong>ι</strong></span> 
     </span>
    </p>
   </div>
   <div class='ocr_carea' id='block_1_63' title="bbox 578 3345 2075 3420">
    <p class='ocr_par' dir='ltr' id='par_1_63' title="bbox 578 3345 2075 3420">
     <span class='ocr_line' id='line_1_63' title="bbox 578 3345 2075 3420; baseline 0.002 -17"><span class='ocrx_word' id='word_1_448' title='bbox 578 3347 741 3403; x_wconf 74' lang='lat' dir='ltr'><strong>Vens.</strong></span> <span class='ocrx_word' id='word_1_449' title='bbox 766 3346 820 3402; x_wconf 91' lang='lat'><strong>9.</strong></span> <span class='ocrx_word' id='word_1_450' title='bbox 850 3364 869 3397; x_wconf 76' lang='grc' dir='ltr'><strong>ι</strong></span> <span class='ocrx_word' id='word_1_451' title='bbox 908 3345 1085 3415; x_wconf 87' lang='lat' dir='ltr'><strong>Super</strong></span> <span class='ocrx_word' id='word_1_452' title='bbox 1123 3357 1361 3403; x_wconf 89' lang='lat' dir='ltr'><strong>montem</strong></span> <span class='ocrx_word' id='word_1_453' title='bbox 1388 3347 1665 3405; x_wconf 84' lang='lat' dir='ltr'><strong>excelsum</strong></span> <span class='ocrx_word' id='word_1_454' title='bbox 1695 3351 1949 3415; x_wconf 84' lang='lat' dir='ltr'><strong>ascende,</strong></span> <span class='ocrx_word' id='word_1_455' title='bbox 1980 3350 2075 3420; x_wconf 89' lang='lat' dir='ltr'><strong>qui</strong></span> 
     </span>
    </p>
   </div>
   <div class='ocr_carea' id='block_1_64' title="bbox 503 3436 2071 3508">
    <p class='ocr_par' dir='ltr' id='par_1_64' title="bbox 503 3436 2071 3508">
     <span class='ocr_line' id='line_1_64' title="bbox 503 3436 2071 3508; baseline 0 -12"><span class='ocrx_word' id='word_1_456' title='bbox 503 3438 847 3508; x_wconf 69' lang='lat' dir='ltr'><strong>evangelia-as</strong></span> <span class='ocrx_word' id='word_1_457' title='bbox 872 3436 1028 3497; x_wconf 90' lang='lat' dir='ltr'><strong>Sion.</strong></span> <span class='ocrx_word' id='word_1_458' title='bbox 1056 3439 1241 3493; x_wconf 76' lang='lat' dir='ltr'><strong>Exalta</strong></span> <span class='ocrx_word' id='word_1_459' title='bbox 1267 3438 1319 3492; x_wconf 90' lang='lat' dir='ltr'><strong>in</strong></span> <span class='ocrx_word' id='word_1_460' title='bbox 1348 3438 1661 3496; x_wconf 81' lang='lat' dir='ltr'><strong>fortitudine</strong></span> <span class='ocrx_word' id='word_1_461' title='bbox 1683 3456 1869 3496; x_wconf 84' lang='lat' dir='ltr'><strong>vocem</strong></span> <span class='ocrx_word' id='word_1_462' title='bbox 1904 3454 2071 3507; x_wconf 87' lang='lat' dir='ltr'><strong>tuam,</strong></span> 
     </span>
    </p>
   </div>
   <div class='ocr_carea' id='block_1_65' title="bbox 503 3533 2073 3605">
    <p class='ocr_par' dir='ltr' id='par_1_65' title="bbox 503 3533 2073 3605">
     <span class='ocr_line' id='line_1_65' title="bbox 503 3533 2073 3605; baseline 0.001 -19"><span class='ocrx_word' id='word_1_463' title='bbox 503 3534 596 3602; x_wconf 86' lang='lat' dir='ltr'><strong>qui</strong></span> <span class='ocrx_word' id='word_1_464' title='bbox 642 3535 979 3605; x_wconf 79' lang='lat' dir='ltr'><strong>evangelizas</strong></span> <span class='ocrx_word' id='word_1_465' title='bbox 1033 3533 1353 3589; x_wconf 82' lang='lat' dir='ltr'><strong>Jerusalem.</strong></span> <span class='ocrx_word' id='word_1_466' title='bbox 1412 3552 1434 3586; x_wconf 74' lang='grc' dir='ltr'><strong>ι</strong></span> <span class='ocrx_word' id='word_1_467' title='bbox 1495 3533 1619 3588; x_wconf 66' lang='grc' dir='ltr'>ΙΙαξο</span> <span class='ocrx_word' id='word_1_468' title='bbox 1672 3535 2073 3602; x_wconf 74' lang='lat' dir='ltr'><strong>przemissorum</strong></span> 
     </span>
    </p>
   </div>
   <div class='ocr_carea' id='block_1_66' title="bbox 506 3624 2113 3696">
    <p class='ocr_par' dir='ltr' id='par_1_66' title="bbox 506 3624 2113 3696">
     <span class='ocr_line' id='line_1_66' title="bbox 506 3624 2113 3696; baseline 0.002 -18"><span class='ocrx_word' id='word_1_469' title='bbox 506 3625 788 3680; x_wconf 81' lang='lat' dir='ltr'><strong>sententia:</strong></span> <span class='ocrx_word' id='word_1_470' title='bbox 853 3624 1095 3696; x_wconf 81' lang='lat' dir='ltr'><strong>apprime</strong></span> <span class='ocrx_word' id='word_1_471' title='bbox 1140 3625 1503 3690; x_wconf 89' lang='lat' dir='ltr'><strong>conveniunt,</strong></span> <span class='ocrx_word' id='word_1_472' title='bbox 1558 3635 1722 3695; x_wconf 87' lang='lat' dir='ltr'><strong>atque</strong></span> <span class='ocrx_word' id='word_1_473' title='bbox 1776 3638 2113 3693; x_wconf 17' lang='lat' dir='ltr'><strong>opportune.</strong></span> 
     </span>
    </p>
   </div>
   <div class='ocr_carea' id='block_1_67' title="bbox 503 3716 2073 3785">
    <p class='ocr_par' dir='ltr' id='par_1_67' title="bbox 503 3716 2073 3785">
     <span class='ocr_line' id='line_1_67' title="bbox 503 3716 2073 3785; baseline -0.001 -14"><span class='ocrx_word' id='word_1_474' title='bbox 503 3718 955 3785; x_wconf 78' lang='lat' dir='ltr'><strong>evangelistarum</strong></span> <span class='ocrx_word' id='word_1_475' title='bbox 985 3718 1313 3772; x_wconf 87' lang='lat' dir='ltr'><strong>mentionem</strong></span> <span class='ocrx_word' id='word_1_476' title='bbox 1343 3717 1568 3781; x_wconf 80' lang='lat' dir='ltr'><strong>faciunt,</strong></span> <span class='ocrx_word' id='word_1_477' title='bbox 1592 3726 1645 3772; x_wconf 92' lang='lat' dir='ltr'><strong>et</strong></span> <span class='ocrx_word' id='word_1_478' title='bbox 1662 3717 1950 3772; x_wconf 84' lang='lat' dir='ltr'><strong>adventum</strong></span> <span class='ocrx_word' id='word_1_479' title='bbox 1982 3716 2073 3772; x_wconf 91' lang='lat' dir='ltr'><strong>Dei</strong></span> 
     </span>
    </p>
   </div>
   <div class='ocr_carea' id='block_1_68' title="bbox 506 3807 2079 3877">
    <p class='ocr_par' dir='ltr' id='par_1_68' title="bbox 506 3807 2079 3877">
     <span class='ocr_line' id='line_1_68' title="bbox 506 3807 2079 3877; baseline -0.001 -16"><span class='ocrx_word' id='word_1_480' title='bbox 506 3809 573 3861; x_wconf 86' lang='lat' dir='ltr'><strong>ad</strong></span> <span class='ocrx_word' id='word_1_481' title='bbox 605 3808 849 3863; x_wconf 83' lang='lat' dir='ltr'><strong>homines</strong></span> <span class='ocrx_word' id='word_1_482' title='bbox 879 3808 1221 3872; x_wconf 83' lang='lat' dir='ltr'><strong>annuntiant,</strong></span> <span class='ocrx_word' id='word_1_483' title='bbox 1281 3816 1565 3877; x_wconf 84' lang='lat' dir='ltr'><strong>postquam</strong></span> <span class='ocrx_word' id='word_1_484' title='bbox 1608 3808 1675 3860; x_wconf 89' lang='lat' dir='ltr'><strong>de</strong></span> <span class='ocrx_word' id='word_1_485' title='bbox 1712 3821 1843 3862; x_wconf 84' lang='lat' dir='ltr'><strong>voce</strong></span> <span class='ocrx_word' id='word_1_486' title='bbox 1885 3808 1938 3861; x_wconf 93' lang='lat' dir='ltr'><strong>in</strong></span> <span class='ocrx_word' id='word_1_487' title='bbox 1983 3807 2079 3860; x_wconf 81' lang='lat' dir='ltr'><strong>de-</strong></span> 
     </span>
    </p>
   </div>
   <div class='ocr_carea' id='block_1_69' title="bbox 505 3899 2077 3969">
    <p class='ocr_par' dir='ltr' id='par_1_69' title="bbox 505 3899 2077 3969">
     <span class='ocr_line' id='line_1_69' title="bbox 505 3899 2077 3969; baseline -0.003 -13"><span class='ocrx_word' id='word_1_488' title='bbox 505 3911 650 3956; x_wconf 87' lang='lat' dir='ltr'><strong>serto</strong></span> <span class='ocrx_word' id='word_1_489' title='bbox 678 3900 945 3955; x_wconf 82' lang='lat' dir='ltr'><strong>clamante</strong></span> <span class='ocrx_word' id='word_1_490' title='bbox 982 3915 1160 3955; x_wconf 87' lang='lat' dir='ltr'><strong>sermo</strong></span> <span class='ocrx_word' id='word_1_491' title='bbox 1194 3900 1409 3953; x_wconf 87' lang='lat' dir='ltr'><strong>habitus</strong></span> <span class='ocrx_word' id='word_1_492' title='bbox 1463 3907 1564 3953; x_wconf 88' lang='lat' dir='ltr'><strong>est.</strong></span> <span class='ocrx_word' id='word_1_493' title='bbox 1597 3899 1813 3953; x_wconf 86' lang='lat' dir='ltr'><strong>Atettim</strong></span> <span class='ocrx_word' id='word_1_494' title='bbox 1842 3900 2077 3969; x_wconf 88' lang='lat' dir='ltr'><strong>prophe-</strong></span> 
     </span>
    </p>
   </div>
   <div class='ocr_carea' id='block_1_70' title="bbox 508 3992 2075 4064">
    <p class='ocr_par' dir='ltr' id='par_1_70' title="bbox 508 3992 2075 4064">
     <span class='ocr_line' id='line_1_70' title="bbox 508 3992 2075 4064; baseline -0.001 -15"><span class='ocrx_word' id='word_1_495' title='bbox 508 3995 634 4049; x_wconf 88' lang='lat' dir='ltr'><strong>tiam</strong></span> <span class='ocrx_word' id='word_1_496' title='bbox 679 3995 745 4050; x_wconf 87' lang='lat' dir='ltr'><strong>de</strong></span> <span class='ocrx_word' id='word_1_497' title='bbox 797 3992 1004 4050; x_wconf 83' lang='lat' dir='ltr'><strong>Joanne</strong></span> <span class='ocrx_word' id='word_1_498' title='bbox 1050 3992 1311 4063; x_wconf 81' lang='lat' dir='ltr'><strong>Baptista,</strong></span> <span class='ocrx_word' id='word_1_499' title='bbox 1367 3993 1821 4064; x_wconf 79' lang='lat' dir='ltr'><strong>evangelistarum</strong></span> <span class='ocrx_word' id='word_1_500' title='bbox 1873 3993 2075 4047; x_wconf 89' lang='lat' dir='ltr'><strong>mentio</strong></span> 
     </span>
    </p>
   </div>
   <div class='ocr_carea' id='block_1_71' title="bbox 504 4083 2070 4159">
    <p class='ocr_par' dir='ltr' id='par_1_71' title="bbox 504 4083 2070 4159">
     <span class='ocr_line' id='line_1_71' title="bbox 504 4083 2070 4159; baseline -0.003 -17"><span class='ocrx_word' id='word_1_501' title='bbox 504 4101 872 4159; x_wconf 78' lang='lat' dir='ltr'><strong>congruenter</strong></span> <span class='ocrx_word' id='word_1_502' title='bbox 898 4088 1246 4157; x_wconf 85' lang='lat' dir='ltr'><strong>sequebatur.</strong></span> <span class='ocrx_word' id='word_1_503' title='bbox 1299 4085 1560 4152; x_wconf 66' lang='lat' dir='ltr'><strong>Quaenam</strong></span> <span class='ocrx_word' id='word_1_504' title='bbox 1602 4085 1762 4155; x_wconf 70' lang='lat' dir='ltr'><strong>igitur</strong></span> <span class='ocrx_word' id='word_1_505' title='bbox 1800 4086 1913 4138; x_wconf 66' lang='lat' dir='ltr'><strong>haec</strong></span> <span class='ocrx_word' id='word_1_506' title='bbox 1941 4083 2070 4138; x_wconf 78' lang='lat' dir='ltr'><strong>Sion</strong></span> 
     </span>
    </p>
   </div>
   <div class='ocr_carea' id='block_1_72' title="bbox 503 4177 2074 4253">
    <p class='ocr_par' dir='ltr' id='par_1_72' title="bbox 503 4177 2074 4253">
     <span class='ocr_line' id='line_1_72' title="bbox 503 4177 2074 4253; baseline -0.003 -14"><span class='ocrx_word' id='word_1_507' title='bbox 503 4194 619 4248; x_wconf 86' lang='lat' dir='ltr'><strong>est,</strong></span> <span class='ocrx_word' id='word_1_508' title='bbox 663 4185 766 4239; x_wconf 91' lang='lat' dir='ltr'><strong>nisi</strong></span> <span class='ocrx_word' id='word_1_509' title='bbox 807 4198 927 4253; x_wconf 81' lang='lat' dir='ltr'><strong>qua:</strong></span> <span class='ocrx_word' id='word_1_510' title='bbox 963 4193 1117 4237; x_wconf 87' lang='lat' dir='ltr'><strong>antea</strong></span> <span class='ocrx_word' id='word_1_511' title='bbox 1148 4181 1448 4236; x_wconf 85' lang='lat' dir='ltr'><strong>Jerusalem</strong></span> <span class='ocrx_word' id='word_1_512' title='bbox 1472 4179 1805 4235; x_wconf 83' lang='lat' dir='ltr'><strong>vocabatur?</strong></span> <span class='ocrx_word' id='word_1_513' title='bbox 1856 4177 1987 4232; x_wconf 84' lang='lat' dir='ltr'><strong>Nam</strong></span> <span class='ocrx_word' id='word_1_514' title='bbox 2017 4189 2074 4234; x_wconf 92' lang='lat' dir='ltr'><strong>ct</strong></span> 
     </span>
    </p>
   </div>
   <div class='ocr_carea' id='block_1_73' title="bbox 501 4271 2072 4345">
    <p class='ocr_par' dir='ltr' id='par_1_73' title="bbox 501 4271 2072 4345">
     <span class='ocr_line' id='line_1_73' title="bbox 501 4271 2072 4345; baseline -0.001 -16"><span class='ocrx_word' id='word_1_515' title='bbox 501 4275 615 4345; x_wconf 88' lang='lat' dir='ltr'><strong>ipsa</strong></span> <span class='ocrx_word' id='word_1_516' title='bbox 646 4290 800 4331; x_wconf 85' lang='lat' dir='ltr'><strong>mons</strong></span> <span class='ocrx_word' id='word_1_517' title='bbox 845 4285 984 4339; x_wconf 89' lang='lat' dir='ltr'><strong>erat,</strong></span> <span class='ocrx_word' id='word_1_518' title='bbox 1029 4274 1170 4345; x_wconf 86' lang='lat' dir='ltr'><strong>quod</strong></span> <span class='ocrx_word' id='word_1_519' title='bbox 1212 4274 1453 4328; x_wconf 91' lang='lat' dir='ltr'><strong>declarat</strong></span> <span class='ocrx_word' id='word_1_520' title='bbox 1514 4271 1796 4340; x_wconf 88' lang='lat' dir='ltr'><strong>Scriptura</strong></span> <span class='ocrx_word' id='word_1_521' title='bbox 1830 4271 1917 4324; x_wconf 86' lang='lat' dir='ltr'><strong>illa</strong></span> <span class='ocrx_word' id='word_1_522' title='bbox 1951 4286 2072 4340; x_wconf 70' lang='lat' dir='ltr'><strong>qua:</strong></span> 
     </span>
    </p>
   </div>
   <div class='ocr_carea' id='block_1_74' title="bbox 502 4363 2073 4433">
    <p class='ocr_par' dir='ltr' id='par_1_74' title="bbox 502 4363 2073 4433">
     <span class='ocr_line' id='line_1_74' title="bbox 502 4363 2073 4433; baseline -0.003 -12"><span class='ocrx_word' id='word_1_523' title='bbox 502 4367 676 4421; x_wconf 84' lang='lat' dir='ltr'><strong>dicit:</strong></span> <span class='ocrx_word' id='word_1_524' title='bbox 708 4385 727 4418; x_wconf 74' lang='grc' dir='ltr'><strong>ι</strong></span> <span class='ocrx_word' id='word_1_525' title='bbox 756 4367 908 4422; x_wconf 83' lang='lat' dir='ltr'><strong>Mons</strong></span> <span class='ocrx_word' id='word_1_526' title='bbox 957 4366 1086 4421; x_wconf 91' lang='lat' dir='ltr'><strong>Sion</strong></span> <span class='ocrx_word' id='word_1_527' title='bbox 1150 4366 1256 4430; x_wconf 88' lang='lat' dir='ltr'><strong>hic,</strong></span> <span class='ocrx_word' id='word_1_528' title='bbox 1315 4366 1365 4418; x_wconf 91' lang='lat' dir='ltr'><strong>in</strong></span> <span class='ocrx_word' id='word_1_529' title='bbox 1402 4380 1509 4433; x_wconf 87' lang='lat' dir='ltr'><strong>quo</strong></span> <span class='ocrx_word' id='word_1_530' title='bbox 1566 4363 1818 4419; x_wconf 87' lang='lat' dir='ltr'><strong>habitasti</strong></span> <span class='ocrx_word' id='word_1_531' title='bbox 1848 4364 1918 4429; x_wconf 72' lang='lat'><strong>6&#39;;</strong></span> <span class='ocrx_word' id='word_1_532' title='bbox 1963 4384 1980 4414; x_wconf 74' lang='grc' dir='ltr'><strong>ι</strong></span> <span class='ocrx_word' id='word_1_533' title='bbox 2018 4374 2073 4418; x_wconf 84' lang='lat' dir='ltr'><strong>et</strong></span> 
     </span>
    </p>
   </div>
   <div class='ocr_carea' id='block_1_75' title="bbox 498 4456 2069 4528">
    <p class='ocr_par' dir='ltr' id='par_1_75' title="bbox 498 4456 2069 4528">
     <span class='ocr_line' id='line_1_75' title="bbox 498 4456 2069 4528; baseline -0.001 -16"><span class='ocrx_word' id='word_1_534' title='bbox 498 4458 825 4528; x_wconf 84' lang='lat' dir='ltr'><strong>Apostolus:</strong></span> <span class='ocrx_word' id='word_1_535' title='bbox 852 4477 869 4509; x_wconf 82' lang='grc' dir='ltr'><strong>ι</strong></span> <span class='ocrx_word' id='word_1_536' title='bbox 908 4458 1227 4513; x_wconf 76' lang='lat' dir='ltr'><strong>Accessistis</strong></span> <span class='ocrx_word' id='word_1_537' title='bbox 1251 4457 1316 4509; x_wconf 93' lang='lat' dir='ltr'><strong>ad</strong></span> <span class='ocrx_word' id='word_1_538' title='bbox 1345 4456 1474 4511; x_wconf 90' lang='lat' dir='ltr'><strong>Sion</strong></span> <span class='ocrx_word' id='word_1_539' title='bbox 1506 4467 1743 4510; x_wconf 89' lang='lat' dir='ltr'><strong>montem</strong></span> <span class='ocrx_word' id='word_1_540' title='bbox 1770 4456 1836 4512; x_wconf 80' lang='lat'><strong>“.</strong></span> <span class='ocrx_word' id='word_1_541' title='bbox 1875 4476 1894 4508; x_wconf 75' lang='grc' dir='ltr'><strong>ι</strong></span> <span class='ocrx_word' id='word_1_542' title='bbox 1933 4457 2069 4511; x_wconf 82' lang='lat' dir='ltr'><strong>Num</strong></span> 
     </span>
    </p>
   </div>
   <div class='ocr_carea' id='block_1_76' title="bbox 2177 3249 3439 3332">
    <p class='ocr_par' dir='ltr' id='par_1_76' title="bbox 2177 3249 3439 3332">
     <span class='ocr_line' id='line_1_76' title="bbox 2177 3249 3439 3332; baseline -0.012 -18"><span class='ocrx_word' id='word_1_543' title='bbox 2177 3258 2389 3332; x_wconf 81' lang='grc' dir='ltr'>ηράνθη</span> <span class='ocrx_word' id='word_1_544' title='bbox 2418 3259 2446 3311; x_wconf 93' lang='lat'><strong>6</strong></span> <span class='ocrx_word' id='word_1_545' title='bbox 2470 3256 2681 3327; x_wconf 80' lang='grc' dir='ltr'>χόρτος,</span> <span class='ocrx_word' id='word_1_546' title='bbox 2709 3253 2804 3307; x_wconf 72' lang='grc' dir='ltr'><strong>καὶ</strong></span> <span class='ocrx_word' id='word_1_547' title='bbox 2829 3252 2891 3306; x_wconf 84' lang='grc' dir='ltr'><strong>τὸ</strong></span> <span class='ocrx_word' id='word_1_548' title='bbox 2915 3251 3074 3314; x_wconf 75' lang='grc' dir='ltr'>ἄνθος</span> <span class='ocrx_word' id='word_1_549' title='bbox 3104 3249 3373 3314; x_wconf 76' lang='grc' dir='ltr'>ἐξέπεσεν.</span> <span class='ocrx_word' id='word_1_550' title='bbox 3420 3265 3439 3298; x_wconf 74' lang='grc' dir='ltr'><strong>ι</strong></span> 
     </span>
    </p>
   </div>
   <div class='ocr_carea' id='block_1_77' title="bbox 2254 3336 3744 3418">
    <p class='ocr_par' dir='ltr' id='par_1_77' title="bbox 2254 3336 3744 3418">
     <span class='ocr_line' id='line_1_77' title="bbox 2254 3336 3744 3418; baseline -0.01 -16"><span class='ocrx_word' id='word_1_551' title='bbox 2254 3369 2274 3402; x_wconf 74' lang='grc' dir='ltr'><strong>ι</strong></span> <span class='ocrx_word' id='word_1_552' title='bbox 2340 3350 2454 3402; x_wconf 76' lang='grc' dir='ltr'>Ἐπ’</span> <span class='ocrx_word' id='word_1_553' title='bbox 2489 3348 2612 3418; x_wconf 75' lang='grc' dir='ltr'>ὅρος</span> <span class='ocrx_word' id='word_1_554' title='bbox 2656 3343 2855 3415; x_wconf 61' lang='grc' dir='ltr'>ὑψηλὸν</span> <span class='ocrx_word' id='word_1_555' title='bbox 2898 3342 3126 3413; x_wconf 72' lang='grc' dir='ltr'>ἀνάὸηθι</span> <span class='ocrx_word' id='word_1_556' title='bbox 3178 3341 3207 3393; x_wconf 90' lang='grc' dir='ltr'><strong>ὁ</strong></span> <span class='ocrx_word' id='word_1_557' title='bbox 3262 3336 3744 3407; x_wconf 73' lang='grc' dir='ltr'>εὐαγγελιζόμενος</span> 
     </span>
    </p>
   </div>
   <div class='ocr_carea' id='block_1_78' title="bbox 2177 3428 3748 3509">
    <p class='ocr_par' dir='ltr' id='par_1_78' title="bbox 2177 3428 3748 3509">
     <span class='ocr_line' id='line_1_78' title="bbox 2177 3428 3748 3509; baseline -0.012 -12"><span class='ocrx_word' id='word_1_558' title='bbox 2177 3442 2335 3497; x_wconf 88' lang='grc' dir='ltr'>Σιών.</span> <span class='ocrx_word' id='word_1_559' title='bbox 2373 3440 2627 3509; x_wconf 69' lang='grc' dir='ltr'>’Υψωσον</span> <span class='ocrx_word' id='word_1_560' title='bbox 2654 3440 2718 3508; x_wconf 82' lang='grc' dir='ltr'>τῇ</span> <span class='ocrx_word' id='word_1_561' title='bbox 2757 3435 2897 3507; x_wconf 75' lang='grc' dir='ltr'>ἰσχύϊ</span> <span class='ocrx_word' id='word_1_562' title='bbox 2926 3432 3021 3505; x_wconf 82' lang='grc' dir='ltr'><strong>τὴν</strong></span> <span class='ocrx_word' id='word_1_563' title='bbox 3058 3434 3237 3504; x_wconf 74' lang='grc' dir='ltr'>φωνήν</span> <span class='ocrx_word' id='word_1_564' title='bbox 3266 3449 3380 3494; x_wconf 87' lang='grc' dir='ltr'>σου,</span> <span class='ocrx_word' id='word_1_565' title='bbox 3407 3433 3435 3484; x_wconf 95' lang='lat'><strong>6</strong></span> <span class='ocrx_word' id='word_1_566' title='bbox 3462 3428 3748 3497; x_wconf 86' lang='grc' dir='ltr'>εὐαγγελι-</span> 
     </span>
    </p>
   </div>
   <div class='ocr_carea' id='block_1_79' title="bbox 2177 3518 3747 3605">
    <p class='ocr_par' dir='ltr' id='par_1_79' title="bbox 2177 3518 3747 3605">
     <span class='ocr_line' id='line_1_79' title="bbox 2177 3518 3747 3605; baseline -0.01 -19"><span class='ocrx_word' id='word_1_567' title='bbox 2177 3531 2401 3605; x_wconf 79' lang='grc' dir='ltr'>ζόμενος</span> <span class='ocrx_word' id='word_1_568' title='bbox 2445 3529 2815 3603; x_wconf 82' lang='grc' dir='ltr'>Ἰερουσαλήμ.</span> <span class='ocrx_word' id='word_1_569' title='bbox 2873 3547 2890 3578; x_wconf 75' lang='grc' dir='ltr'><strong>ι</strong></span> <span class='ocrx_word' id='word_1_570' title='bbox 2934 3526 3145 3596; x_wconf 76' lang='grc' dir='ltr'>Σφόδρα</span> <span class='ocrx_word' id='word_1_571' title='bbox 3186 3523 3281 3577; x_wconf 67' lang='grc' dir='ltr'>καὶ</span> <span class='ocrx_word' id='word_1_572' title='bbox 3319 3521 3489 3575; x_wconf 86' lang='grc' dir='ltr'>ταῦτα</span> <span class='ocrx_word' id='word_1_573' title='bbox 3530 3521 3596 3589; x_wconf 80' lang='grc' dir='ltr'>τῇ</span> <span class='ocrx_word' id='word_1_574' title='bbox 3635 3518 3747 3572; x_wconf 85' lang='grc' dir='ltr'>τῶν</span> 
     </span>
    </p>
   </div>
   <div class='ocr_carea' id='block_1_80' title="bbox 2175 3607 3748 3695">
    <p class='ocr_par' dir='ltr' id='par_1_80' title="bbox 2175 3607 3748 3695">
     <span class='ocr_line' id='line_1_80' title="bbox 2175 3607 3748 3695; baseline -0.011 -18"><span class='ocrx_word' id='word_1_575' title='bbox 2175 3621 2580 3695; x_wconf 78' lang='grc' dir='ltr'>προλεχθέντων</span> <span class='ocrx_word' id='word_1_576' title='bbox 2602 3619 2790 3671; x_wconf 73' lang='grc' dir='ltr'>ἕπεται</span> <span class='ocrx_word' id='word_1_577' title='bbox 2809 3615 3035 3687; x_wconf 75' lang='grc' dir='ltr'>διανοίᾳ,</span> <span class='ocrx_word' id='word_1_578' title='bbox 3058 3613 3325 3684; x_wconf 75' lang='grc' dir='ltr'>εὐκαίρως</span> <span class='ocrx_word' id='word_1_579' title='bbox 3346 3612 3439 3663; x_wconf 73' lang='grc' dir='ltr'><strong>καὶ</strong></span> <span class='ocrx_word' id='word_1_580' title='bbox 3462 3607 3568 3662; x_wconf 85' lang='grc' dir='ltr'><strong>τῶν</strong></span> <span class='ocrx_word' id='word_1_581' title='bbox 3590 3609 3748 3676; x_wconf 75' lang='grc' dir='ltr'>εὐαγο</span> 
     </span>
    </p>
   </div>
   <div class='ocr_carea' id='block_1_81' title="bbox 2174 3699 3744 3786">
    <p class='ocr_par' dir='ltr' id='par_1_81' title="bbox 2174 3699 3744 3786">
     <span class='ocr_line' id='line_1_81' title="bbox 2174 3699 3744 3786; baseline -0.011 -17"><span class='ocrx_word' id='word_1_582' title='bbox 2174 3714 2436 3786; x_wconf 84' lang='grc' dir='ltr'>γελιστῶν</span> <span class='ocrx_word' id='word_1_583' title='bbox 2486 3712 2703 3785; x_wconf 80' lang='grc' dir='ltr'><strong>μνήμην</strong></span> <span class='ocrx_word' id='word_1_584' title='bbox 2755 3707 3069 3779; x_wconf 75' lang='grc' dir='ltr'>ποιούμενα,</span> <span class='ocrx_word' id='word_1_585' title='bbox 3120 3705 3213 3758; x_wconf 76' lang='grc' dir='ltr'><strong>καὶ</strong></span> <span class='ocrx_word' id='word_1_586' title='bbox 3262 3701 3563 3775; x_wconf 72' lang='grc' dir='ltr'>παρουσίαν</span> <span class='ocrx_word' id='word_1_587' title='bbox 3607 3699 3744 3753; x_wconf 85' lang='grc' dir='ltr'>Θεοῦ</span> 
     </span>
    </p>
   </div>
   <div class='ocr_carea' id='block_1_82' title="bbox 2174 3794 3746 3881">
    <p class='ocr_par' dir='ltr' id='par_1_82' title="bbox 2174 3794 3746 3881">
     <span class='ocr_line' id='line_1_82' title="bbox 2174 3794 3746 3881; baseline -0.013 -17"><span class='ocrx_word' id='word_1_588' title='bbox 2174 3807 2478 3881; x_wconf 80' lang='grc' dir='ltr'>ἀνθρώποις</span> <span class='ocrx_word' id='word_1_589' title='bbox 2512 3802 2992 3873; x_wconf 78' lang='grc' dir='ltr'>εὐαγγελιζόμενα,</span> <span class='ocrx_word' id='word_1_590' title='bbox 3031 3797 3169 3870; x_wconf 75' lang='grc' dir='ltr'>μετὰ</span> <span class='ocrx_word' id='word_1_591' title='bbox 3204 3797 3271 3849; x_wconf 84' lang='grc' dir='ltr'>τὰ</span> <span class='ocrx_word' id='word_1_592' title='bbox 3312 3795 3440 3867; x_wconf 74' lang='grc' dir='ltr'>περὶ</span> <span class='ocrx_word' id='word_1_593' title='bbox 3466 3794 3563 3864; x_wconf 76' lang='grc' dir='ltr'><strong>τῆς</strong></span> <span class='ocrx_word' id='word_1_594' title='bbox 3588 3795 3646 3847; x_wconf 82' lang='grc' dir='ltr'>ὲν</span> <span class='ocrx_word' id='word_1_595' title='bbox 3677 3795 3746 3864; x_wconf 77' lang='grc' dir='ltr'>τῇ</span> 
     </span>
    </p>
   </div>
   <div class='ocr_carea' id='block_1_83' title="bbox 2142 3884 3746 3973">
    <p class='ocr_par' dir='ltr' id='par_1_83' title="bbox 2142 3884 3746 3973">
     <span class='ocr_line' id='line_1_83' title="bbox 2142 3884 3746 3973; baseline -0.011 -19"><span class='ocrx_word' id='word_1_596' title='bbox 2142 3917 2146 3921; x_wconf 75' lang='grc'>’</span> <span class='ocrx_word' id='word_1_597' title='bbox 2175 3901 2366 3973; x_wconf 69' lang='grc' dir='ltr'>ἐρήμῳ</span> <span class='ocrx_word' id='word_1_598' title='bbox 2396 3895 2604 3968; x_wconf 82' lang='grc' dir='ltr'>βοὼσης</span> <span class='ocrx_word' id='word_1_599' title='bbox 2636 3894 2837 3965; x_wconf 80' lang='grc' dir='ltr'>φωνῆς.</span> <span class='ocrx_word' id='word_1_600' title='bbox 2866 3892 3064 3945; x_wconf 76' lang='grc' dir='ltr'>Εἵπετο</span> <span class='ocrx_word' id='word_1_601' title='bbox 3093 3889 3202 3961; x_wconf 79' lang='grc' dir='ltr'><strong>γὰρ</strong></span> <span class='ocrx_word' id='word_1_602' title='bbox 3229 3890 3293 3958; x_wconf 78' lang='grc' dir='ltr'>τῇ</span> <span class='ocrx_word' id='word_1_603' title='bbox 3338 3887 3464 3957; x_wconf 71' lang='grc' dir='ltr'>περὶ</span> <span class='ocrx_word' id='word_1_604' title='bbox 3500 3884 3746 3938; x_wconf 78' lang='grc' dir='ltr'>Ἰωάννου</span> 
     </span>
    </p>
   </div>
   <div class='ocr_carea' id='block_1_84' title="bbox 2173 3975 3746 4056">
    <p class='ocr_par' dir='ltr' id='par_1_84' title="bbox 2173 3975 3746 4056">
     <span class='ocr_line' id='line_1_84' title="bbox 2173 3975 3746 4056; baseline -0.011 -11"><span class='ocrx_word' id='word_1_605' title='bbox 2173 3992 2266 4045; x_wconf 83' lang='grc' dir='ltr'><strong>τοῦ</strong></span> <span class='ocrx_word' id='word_1_606' title='bbox 2311 3987 2612 4044; x_wconf 82' lang='grc' dir='ltr'>Βαπτιστοῦ</span> <span class='ocrx_word' id='word_1_607' title='bbox 2646 3984 2951 4056; x_wconf 70' lang='grc' dir='ltr'>προφητείᾳ</span> <span class='ocrx_word' id='word_1_608' title='bbox 2978 3985 3007 4036; x_wconf 88' lang='lat'><strong>6</strong></span> <span class='ocrx_word' id='word_1_609' title='bbox 3045 3981 3171 4053; x_wconf 78' lang='grc' dir='ltr'>περὶ</span> <span class='ocrx_word' id='word_1_610' title='bbox 3212 3979 3320 4032; x_wconf 82' lang='grc' dir='ltr'><strong>τῶν</strong></span> <span class='ocrx_word' id='word_1_611' title='bbox 3347 3975 3746 4046; x_wconf 69' lang='grc' dir='ltr'>εὐαγγελιστιῖνι</span> 
     </span>
    </p>
   </div>
   <div class='ocr_carea' id='block_1_85' title="bbox 2172 4066 3746 4153">
    <p class='ocr_par' dir='ltr' id='par_1_85' title="bbox 2172 4066 3746 4153">
     <span class='ocr_line' id='line_1_85' title="bbox 2172 4066 3746 4153; baseline -0.012 -16"><span class='ocrx_word' id='word_1_612' title='bbox 2172 4083 2266 4137; x_wconf 83' lang='grc' dir='ltr'><strong>τοῦ</strong></span> <span class='ocrx_word' id='word_1_613' title='bbox 2313 4082 2563 4153; x_wconf 77' lang='grc' dir='ltr'>Σωτῆρος</span> <span class='ocrx_word' id='word_1_614' title='bbox 2599 4079 2774 4148; x_wconf 83' lang='grc' dir='ltr'>λόγος.</span> <span class='ocrx_word' id='word_1_615' title='bbox 2815 4077 2912 4140; x_wconf 82' lang='grc' dir='ltr'><strong>Τίς</strong></span> <span class='ocrx_word' id='word_1_616' title='bbox 2960 4072 3052 4128; x_wconf 74' lang='grc' dir='ltr'><strong>οὖν</strong></span> <span class='ocrx_word' id='word_1_617' title='bbox 3088 4074 3234 4126; x_wconf 82' lang='grc' dir='ltr'>ἐστιν</span> <span class='ocrx_word' id='word_1_618' title='bbox 3260 4070 3397 4141; x_wconf 85' lang='grc' dir='ltr'>αῦτη</span> <span class='ocrx_word' id='word_1_619' title='bbox 3443 4067 3667 4140; x_wconf 80' lang='grc' dir='ltr'>ήΣιὼν,</span> <span class='ocrx_word' id='word_1_620' title='bbox 3710 4066 3746 4139; x_wconf 75' lang='grc' dir='ltr'>ἢ</span> 
     </span>
    </p>
   </div>
   <div class='ocr_carea' id='block_1_86' title="bbox 2174 4158 3747 4240">
    <p class='ocr_par' dir='ltr' id='par_1_86' title="bbox 2174 4158 3747 4240">
     <span class='ocr_line' id='line_1_86' title="bbox 2174 4158 3747 4240; baseline -0.011 -13"><span class='ocrx_word' id='word_1_621' title='bbox 2174 4174 2390 4235; x_wconf 82' lang='grc' dir='ltr'>πάντως</span> <span class='ocrx_word' id='word_1_622' title='bbox 2421 4187 2522 4224; x_wconf 77' lang='grc' dir='ltr'><strong>που</strong></span> <span class='ocrx_word' id='word_1_623' title='bbox 2549 4171 2583 4240; x_wconf 81' lang='grc' dir='ltr'>ἠ</span> <span class='ocrx_word' id='word_1_624' title='bbox 2622 4167 2711 4222; x_wconf 78' lang='grc' dir='ltr'>διὰ</span> <span class='ocrx_word' id='word_1_625' title='bbox 2737 4166 2847 4220; x_wconf 77' lang='grc' dir='ltr'><strong>τῶν</strong></span> <span class='ocrx_word' id='word_1_626' title='bbox 2874 4163 3181 4237; x_wconf 71' lang='grc' dir='ltr'>ἔμπροσθεν</span> <span class='ocrx_word' id='word_1_627' title='bbox 3233 4159 3583 4233; x_wconf 84' lang='grc' dir='ltr'>Ἰερουσαλὴμ.</span> <span class='ocrx_word' id='word_1_628' title='bbox 3613 4158 3747 4211; x_wconf 79' lang='grc' dir='ltr'>ὠνο-</span> 
     </span>
    </p>
   </div>
   <div class='ocr_carea' id='block_1_87' title="bbox 2177 4251 3748 4335">
    <p class='ocr_par' dir='ltr' id='par_1_87' title="bbox 2177 4251 3748 4335">
     <span class='ocr_line' id='line_1_87' title="bbox 2177 4251 3748 4335; baseline -0.011 -17"><span class='ocrx_word' id='word_1_629' title='bbox 2177 4264 2458 4335; x_wconf 80' lang='grc' dir='ltr'>μασμένη;</span> <span class='ocrx_word' id='word_1_630' title='bbox 2490 4263 2598 4315; x_wconf 71' lang='lat' dir='ltr'><strong>Kal.</strong></span> <span class='ocrx_word' id='word_1_631' title='bbox 2621 4259 2757 4331; x_wconf 75' lang='grc' dir='ltr'>αὕτη</span> <span class='ocrx_word' id='word_1_632' title='bbox 2782 4258 2890 4330; x_wconf 75' lang='grc' dir='ltr'>γὰρ</span> <span class='ocrx_word' id='word_1_633' title='bbox 2916 4257 3040 4327; x_wconf 81' lang='grc' dir='ltr'>όρος</span> <span class='ocrx_word' id='word_1_634' title='bbox 3063 4251 3153 4327; x_wconf 81' lang='grc' dir='ltr'>ἦν,</span> <span class='ocrx_word' id='word_1_635' title='bbox 3179 4254 3207 4306; x_wconf 88' lang='grc' dir='ltr'>ὃ</span> <span class='ocrx_word' id='word_1_636' title='bbox 3229 4252 3376 4323; x_wconf 87' lang='grc' dir='ltr'>δηλοῖ</span> <span class='ocrx_word' id='word_1_637' title='bbox 3401 4253 3432 4322; x_wconf 76' lang='grc' dir='ltr'><strong>ἡ</strong></span> <span class='ocrx_word' id='word_1_638' title='bbox 3462 4251 3748 4318; x_wconf 74' lang='grc' dir='ltr'>φάσκουσα</span> 
     </span>
    </p>
   </div>
   <div class='ocr_carea' id='block_1_88' title="bbox 2173 4342 3740 4429">
    <p class='ocr_par' dir='ltr' id='par_1_88' title="bbox 2173 4342 3740 4429">
     <span class='ocr_line' id='line_1_88' title="bbox 2173 4342 3740 4429; baseline -0.011 -18"><span class='ocrx_word' id='word_1_639' title='bbox 2173 4358 2377 4429; x_wconf 70' lang='grc' dir='ltr'>Γραφήο</span> <span class='ocrx_word' id='word_1_640' title='bbox 2398 4376 2415 4405; x_wconf 79' lang='grc' dir='ltr'><strong>ι</strong></span> <span class='ocrx_word' id='word_1_641' title='bbox 2431 4358 2593 4427; x_wconf 83' lang='grc' dir='ltr'>’Ὄρος</span> <span class='ocrx_word' id='word_1_642' title='bbox 2622 4351 2756 4406; x_wconf 79' lang='grc' dir='ltr'>Σιὼν</span> <span class='ocrx_word' id='word_1_643' title='bbox 2775 4352 2930 4405; x_wconf 83' lang='grc' dir='ltr'>τοῦτο</span> <span class='ocrx_word' id='word_1_644' title='bbox 2950 4350 2977 4403; x_wconf 81' lang='grc' dir='ltr'><strong>ὃ</strong></span> <span class='ocrx_word' id='word_1_645' title='bbox 3004 4351 3420 4419; x_wconf 76' lang='grc' dir='ltr'>κατεσκήνωσας</span> <span class='ocrx_word' id='word_1_646' title='bbox 3449 4347 3504 4397; x_wconf 83' lang='grc' dir='ltr'>ἐν</span> <span class='ocrx_word' id='word_1_647' title='bbox 3523 4342 3691 4414; x_wconf 78' lang='grc' dir='ltr'>αὐτῷ·</span> <span class='ocrx_word' id='word_1_648' title='bbox 3720 4362 3740 4396; x_wconf 71' lang='grc' dir='ltr'><strong>ι</strong></span> 
     </span>
    </p>
   </div>
   <div class='ocr_carea' id='block_1_89' title="bbox 2177 4436 3738 4516">
    <p class='ocr_par' dir='ltr' id='par_1_89' title="bbox 2177 4436 3738 4516">
     <span class='ocr_line' id='line_1_89' title="bbox 2177 4436 3738 4516; baseline -0.012 -11"><span class='ocrx_word' id='word_1_649' title='bbox 2177 4453 2271 4505; x_wconf 77' lang='grc' dir='ltr'>καὶ</span> <span class='ocrx_word' id='word_1_650' title='bbox 2305 4452 2333 4504; x_wconf 92' lang='lat'><strong>6</strong></span> <span class='ocrx_word' id='word_1_651' title='bbox 2389 4448 2744 4509; x_wconf 79' lang='grc' dir='ltr'>Ἀπόστολος·</span> <span class='ocrx_word' id='word_1_652' title='bbox 2803 4462 2823 4495; x_wconf 75' lang='grc' dir='ltr'><strong>ι</strong></span> <span class='ocrx_word' id='word_1_653' title='bbox 2873 4440 3315 4516; x_wconf 76' lang='grc' dir='ltr'>Προσεληλύθατε</span> <span class='ocrx_word' id='word_1_654' title='bbox 3361 4436 3496 4490; x_wconf 83' lang='grc' dir='ltr'>Σιὼν</span> <span class='ocrx_word' id='word_1_655' title='bbox 3540 4436 3679 4507; x_wconf 79' lang='grc' dir='ltr'>ὄρει.</span> <span class='ocrx_word' id='word_1_656' title='bbox 3719 4453 3738 4486; x_wconf 76' lang='grc' dir='ltr'><strong>ι</strong></span> 
     </span>
    </p>
   </div>
   <div class='ocr_carea' id='block_1_90' title="bbox 503 4515 2073 4621">
    <p class='ocr_par' dir='ltr' id='par_1_90' title="bbox 503 4549 2073 4621">
     <span class='ocr_line' id='line_1_90' title="bbox 503 4549 2073 4621; baseline -0.001 -17"><span class='ocrx_word' id='word_1_657' title='bbox 503 4552 641 4605; x_wconf 79' lang='lat' dir='ltr'><strong>forte</strong></span> <span class='ocrx_word' id='word_1_658' title='bbox 670 4552 870 4606; x_wconf 91' lang='lat' dir='ltr'><strong>chorus</strong></span> <span class='ocrx_word' id='word_1_659' title='bbox 891 4551 1218 4621; x_wconf 82' lang='lat' dir='ltr'><strong>apostolicus</strong></span> <span class='ocrx_word' id='word_1_660' title='bbox 1235 4566 1301 4604; x_wconf 75' lang='lat' dir='ltr'><strong>ex</strong></span> <span class='ocrx_word' id='word_1_661' title='bbox 1333 4551 1509 4619; x_wconf 86' lang='lat' dir='ltr'><strong>prisco</strong></span> <span class='ocrx_word' id='word_1_662' title='bbox 1532 4549 1727 4618; x_wconf 91' lang='lat' dir='ltr'><strong>popqu</strong></span> <span class='ocrx_word' id='word_1_663' title='bbox 1750 4564 1813 4602; x_wconf 82' lang='lat' dir='ltr'><strong>ex</strong></span> <span class='ocrx_word' id='word_1_664' title='bbox 1843 4549 2073 4604; x_wconf 73' lang='lat' dir='ltr'><strong>circum-</strong></span> 
     </span>
    </p>
   </div>
   <div class='ocr_carea' id='block_1_91' title="bbox 2179 4515 3746 4621">
    <p class='ocr_par' dir='ltr' id='par_1_91' title="bbox 2179 4515 3746 4614">
     <span class='ocr_line' id='line_1_91' title="bbox 2179 4515 3746 4614; baseline -0.012 -16"><span class='ocrx_word' id='word_1_665' title='bbox 2179 4545 2286 4598; x_wconf 71' lang='grc' dir='ltr'><strong>Καὶ</strong></span> <span class='ocrx_word' id='word_1_666' title='bbox 2312 4546 2518 4614; x_wconf 75' lang='grc' dir='ltr'>μήποτε</span> <span class='ocrx_word' id='word_1_667' title='bbox 2543 4539 2638 4595; x_wconf 86' lang='grc' dir='ltr'><strong>νῦν</strong></span> <span class='ocrx_word' id='word_1_668' title='bbox 2664 4541 2693 4592; x_wconf 90' lang='lat'><strong>6</strong></span> <span class='ocrx_word' id='word_1_669' title='bbox 2720 4538 2875 4611; x_wconf 84' lang='grc' dir='ltr'>χορὸς</span> <span class='ocrx_word' id='word_1_670' title='bbox 2900 4515 2931 4589; x_wconf 89' lang='lat'><strong>6</strong></span> <span class='ocrx_word' id='word_1_671' title='bbox 2951 4533 3323 4594; x_wconf 78' lang='grc' dir='ltr'>άποστολικὸς,</span> <span class='ocrx_word' id='word_1_672' title='bbox 3349 4533 3377 4584; x_wconf 89' lang='lat'><strong>6</strong></span> <span class='ocrx_word' id='word_1_673' title='bbox 3408 4532 3472 4584; x_wconf 82' lang='grc' dir='ltr'>ὲκ</span> <span class='ocrx_word' id='word_1_674' title='bbox 3493 4528 3585 4582; x_wconf 84' lang='grc' dir='ltr'><strong>τοῦ</strong></span> <span class='ocrx_word' id='word_1_675' title='bbox 3611 4544 3746 4599; x_wconf 88' lang='grc' dir='ltr'>προ-</span> 
     </span>
    </p>
   </div>
   <div class='ocr_carea' id='block_1_92' title="bbox 499 4639 2079 4712">
    <p class='ocr_par' dir='ltr' id='par_1_92' title="bbox 499 4639 2079 4712">
     <span class='ocr_line' id='line_1_92' title="bbox 499 4639 2079 4712; baseline -0.002 -14"><span class='ocrx_word' id='word_1_676' title='bbox 499 4645 706 4699; x_wconf 88' lang='lat' dir='ltr'><strong>cisione</strong></span> <span class='ocrx_word' id='word_1_677' title='bbox 762 4644 1044 4707; x_wconf 85' lang='lat' dir='ltr'><strong>delectus,</strong></span> <span class='ocrx_word' id='word_1_678' title='bbox 1103 4642 1205 4696; x_wconf 88' lang='lat' dir='ltr'><strong>hac</strong></span> <span class='ocrx_word' id='word_1_679' title='bbox 1264 4645 1477 4696; x_wconf 89' lang='lat' dir='ltr'><strong>ratione</strong></span> <span class='ocrx_word' id='word_1_680' title='bbox 1525 4640 1899 4712; x_wconf 78' lang='lat' dir='ltr'><strong>signiﬁcatur?</strong></span> <span class='ocrx_word' id='word_1_681' title='bbox 1956 4639 2079 4695; x_wconf 67' lang='lat' dir='ltr'><strong>Haec</strong></span> 
     </span>
    </p>
   </div>
   <div class='ocr_carea' id='block_1_93' title="bbox 500 4732 2078 4803">
    <p class='ocr_par' dir='ltr' id='par_1_93' title="bbox 500 4732 2078 4803">
     <span class='ocr_line' id='line_1_93' title="bbox 500 4732 2078 4803; baseline -0.003 -12"><span class='ocrx_word' id='word_1_682' title='bbox 500 4737 643 4791; x_wconf 88' lang='lat' dir='ltr'><strong>enim</strong></span> <span class='ocrx_word' id='word_1_683' title='bbox 675 4736 804 4791; x_wconf 91' lang='lat' dir='ltr'><strong>Sion</strong></span> <span class='ocrx_word' id='word_1_684' title='bbox 841 4746 896 4790; x_wconf 90' lang='lat' dir='ltr'><strong>et</strong></span> <span class='ocrx_word' id='word_1_685' title='bbox 934 4734 1231 4791; x_wconf 84' lang='lat' dir='ltr'><strong>Jerusalem</strong></span> <span class='ocrx_word' id='word_1_686' title='bbox 1280 4745 1383 4795; x_wconf 90' lang='lat' dir='ltr'><strong>cst.</strong></span> <span class='ocrx_word' id='word_1_687' title='bbox 1411 4749 1530 4803; x_wconf 73' lang='lat' dir='ltr'><strong>qua:</strong></span> <span class='ocrx_word' id='word_1_688' title='bbox 1571 4732 1808 4787; x_wconf 88' lang='lat' dir='ltr'><strong>salutare</strong></span> <span class='ocrx_word' id='word_1_689' title='bbox 1853 4732 1944 4787; x_wconf 90' lang='lat' dir='ltr'><strong>Dei</strong></span> <span class='ocrx_word' id='word_1_690' title='bbox 1988 4749 2078 4787; x_wconf 84' lang='lat' dir='ltr'><strong>ac-</strong></span> 
     </span>
    </p>
   </div>
   <div class='ocr_carea' id='block_1_94' title="bbox 499 4824 2078 4899">
    <p class='ocr_par' dir='ltr' id='par_1_94' title="bbox 499 4824 2078 4899">
     <span class='ocr_line' id='line_1_94' title="bbox 499 4824 2078 4899; baseline -0.003 -16"><span class='ocrx_word' id='word_1_691' title='bbox 499 4829 662 4898; x_wconf 76' lang='lat' dir='ltr'><strong>cepit,</strong></span> <span class='ocrx_word' id='word_1_692' title='bbox 694 4843 815 4899; x_wconf 76' lang='lat' dir='ltr'><strong>quze</strong></span> <span class='ocrx_word' id='word_1_693' title='bbox 870 4838 926 4883; x_wconf 93' lang='lat' dir='ltr'><strong>et</strong></span> <span class='ocrx_word' id='word_1_694' title='bbox 982 4828 1093 4898; x_wconf 82' lang='lat' dir='ltr'><strong>ipsa</strong></span> <span class='ocrx_word' id='word_1_695' title='bbox 1137 4827 1304 4881; x_wconf 88' lang='lat' dir='ltr'><strong>monti</strong></span> <span class='ocrx_word' id='word_1_696' title='bbox 1343 4825 1484 4893; x_wconf 83' lang='lat' dir='ltr'><strong>Dei,</strong></span> <span class='ocrx_word' id='word_1_697' title='bbox 1528 4824 1775 4880; x_wconf 87' lang='lat' dir='ltr'><strong>videlicet</strong></span> <span class='ocrx_word' id='word_1_698' title='bbox 1804 4825 2078 4893; x_wconf 80' lang='lat' dir='ltr'><strong>unigenito</strong></span> 
     </span>
    </p>
   </div>
   <div class='ocr_carea' id='block_1_95' title="bbox 499 4915 2077 4988">
    <p class='ocr_par' dir='ltr' id='par_1_95' title="bbox 499 4915 2077 4988">
     <span class='ocr_line' id='line_1_95' title="bbox 499 4915 2077 4988; baseline -0.005 -11"><span class='ocrx_word' id='word_1_699' title='bbox 499 4918 682 4977; x_wconf 83' lang='lat' dir='ltr'><strong>Verbo</strong></span> <span class='ocrx_word' id='word_1_700' title='bbox 712 4918 851 4988; x_wconf 78' lang='lat' dir='ltr'><strong>ejus,</strong></span> <span class='ocrx_word' id='word_1_701' title='bbox 883 4918 1133 4974; x_wconf 87' lang='lat' dir='ltr'><strong>sublimis</strong></span> <span class='ocrx_word' id='word_1_702' title='bbox 1173 4918 1509 4986; x_wconf 66' lang='lat' dir='ltr'><strong>imponitur;</strong></span> <span class='ocrx_word' id='word_1_703' title='bbox 1541 4932 1700 4986; x_wconf 85' lang='lat' dir='ltr'><strong>quam</strong></span> <span class='ocrx_word' id='word_1_704' title='bbox 1731 4915 1903 4986; x_wconf 82' lang='lat' dir='ltr'><strong>jubet,</strong></span> <span class='ocrx_word' id='word_1_705' title='bbox 1947 4929 2077 4970; x_wconf 85' lang='lat' dir='ltr'><strong>con-</strong></span> 
     </span>
    </p>
   </div>
   <div class='ocr_carea' id='block_1_96' title="bbox 498 5008 2069 5076">
    <p class='ocr_par' dir='ltr' id='par_1_96' title="bbox 498 5008 2069 5076">
     <span class='ocr_line' id='line_1_96' title="bbox 498 5008 2069 5076; baseline -0.003 -9"><span class='ocrx_word' id='word_1_706' title='bbox 498 5029 692 5069; x_wconf 85' lang='lat' dir='ltr'><strong>scenso</strong></span> <span class='ocrx_word' id='word_1_707' title='bbox 720 5022 904 5068; x_wconf 88' lang='lat' dir='ltr'><strong>monte</strong></span> <span class='ocrx_word' id='word_1_708' title='bbox 934 5010 1174 5076; x_wconf 89' lang='lat' dir='ltr'><strong>sublimi,</strong></span> <span class='ocrx_word' id='word_1_709' title='bbox 1212 5010 1448 5065; x_wconf 82' lang='lat' dir='ltr'><strong>salutare</strong></span> <span class='ocrx_word' id='word_1_710' title='bbox 1488 5011 1705 5064; x_wconf 88' lang='lat' dir='ltr'><strong>verbum</strong></span> <span class='ocrx_word' id='word_1_711' title='bbox 1733 5008 2069 5063; x_wconf 86' lang='lat' dir='ltr'><strong>annuntiare.</strong></span> 
     </span>
    </p>
   </div>
   <div class='ocr_carea' id='block_1_97' title="bbox 498 5102 2076 5174">
    <p class='ocr_par' dir='ltr' id='par_1_97' title="bbox 498 5102 2076 5174">
     <span class='ocr_line' id='line_1_97' title="bbox 498 5102 2076 5174; baseline -0.003 -14"><span class='ocrx_word' id='word_1_712' title='bbox 498 5108 630 5174; x_wconf 80' lang='lat' dir='ltr'><strong>Quis</strong></span> <span class='ocrx_word' id='word_1_713' title='bbox 659 5114 843 5161; x_wconf 84' lang='lat' dir='ltr'><strong>autem</strong></span> <span class='ocrx_word' id='word_1_714' title='bbox 873 5104 961 5159; x_wconf 89' lang='lat' dir='ltr'><strong>ille</strong></span> <span class='ocrx_word' id='word_1_715' title='bbox 987 5105 1196 5174; x_wconf 87' lang='lat' dir='ltr'><strong>est,qui</strong></span> <span class='ocrx_word' id='word_1_716' title='bbox 1222 5102 1698 5172; x_wconf 73' lang='lat' dir='ltr'><strong>evangelizat,nisi</strong></span> <span class='ocrx_word' id='word_1_717' title='bbox 1735 5102 2076 5172; x_wconf 73' lang='lat' dir='ltr'><strong>evangelicus</strong></span> 
     </span>
    </p>
   </div>
   <div class='ocr_carea' id='block_1_98' title="bbox 499 5194 2070 5267">
    <p class='ocr_par' dir='ltr' id='par_1_98' title="bbox 499 5194 2070 5267">
     <span class='ocr_line' id='line_1_98' title="bbox 499 5194 2070 5267; baseline -0.005 -11"><span class='ocrx_word' id='word_1_718' title='bbox 499 5203 700 5256; x_wconf 87' lang='lat' dir='ltr'><strong>chorus</strong></span> <span class='ocrx_word' id='word_1_719' title='bbox 727 5198 752 5252; x_wconf 69' lang='grc' dir='ltr'><strong>’ἔ</strong></span> <span class='ocrx_word' id='word_1_720' title='bbox 782 5197 921 5264; x_wconf 88' lang='lat' dir='ltr'><strong>Quid</strong></span> <span class='ocrx_word' id='word_1_721' title='bbox 954 5207 1039 5252; x_wconf 90' lang='lat' dir='ltr'><strong>est</strong></span> <span class='ocrx_word' id='word_1_722' title='bbox 1081 5195 1492 5267; x_wconf 80' lang='lat' dir='ltr'><strong>evangelizarc?</strong></span> <span class='ocrx_word' id='word_1_723' title='bbox 1544 5194 1810 5250; x_wconf 82' lang='lat' dir='ltr'><strong>universis</strong></span> <span class='ocrx_word' id='word_1_724' title='bbox 1839 5194 2070 5249; x_wconf 80' lang='lat' dir='ltr'><strong>homini-</strong></span> 
     </span>
    </p>
   </div>
   <div class='ocr_carea' id='block_1_99' title="bbox 501 5284 2067 5357">
    <p class='ocr_par' dir='ltr' id='par_1_99' title="bbox 501 5284 2067 5357">
     <span class='ocr_line' id='line_1_99' title="bbox 501 5284 2067 5357; baseline -0.006 -11"><span class='ocrx_word' id='word_1_725' title='bbox 501 5294 621 5357; x_wconf 83' lang='lat' dir='ltr'><strong>bus,</strong></span> <span class='ocrx_word' id='word_1_726' title='bbox 683 5303 738 5347; x_wconf 91' lang='lat' dir='ltr'><strong>et</strong></span> <span class='ocrx_word' id='word_1_727' title='bbox 790 5299 919 5346; x_wconf 88' lang='lat' dir='ltr'><strong>ante</strong></span> <span class='ocrx_word' id='word_1_728' title='bbox 958 5303 1166 5351; x_wconf 87' lang='lat' dir='ltr'><strong>omnes,</strong></span> <span class='ocrx_word' id='word_1_729' title='bbox 1211 5287 1519 5342; x_wconf 86' lang='lat' dir='ltr'><strong>civitatibus</strong></span> <span class='ocrx_word' id='word_1_730' title='bbox 1558 5284 1717 5353; x_wconf 81' lang='lat' dir='ltr'><strong>Juda,</strong></span> <span class='ocrx_word' id='word_1_731' title='bbox 1776 5284 1975 5339; x_wconf 75' lang='lat' dir='ltr'><strong>Christi</strong></span> <span class='ocrx_word' id='word_1_732' title='bbox 2016 5285 2067 5337; x_wconf 86' lang='lat' dir='ltr'><strong>in</strong></span> 
     </span>
    </p>
   </div>
   <div class='ocr_carea' id='block_1_100' title="bbox 502 5380 1367 5451">
    <p class='ocr_par' dir='ltr' id='par_1_100' title="bbox 502 5380 1367 5451">
     <span class='ocr_line' id='line_1_100' title="bbox 502 5380 1367 5451; baseline -0.007 -13"><span class='ocrx_word' id='word_1_733' title='bbox 502 5394 701 5439; x_wconf 85' lang='lat' dir='ltr'><strong>terram</strong></span> <span class='ocrx_word' id='word_1_734' title='bbox 737 5384 1024 5438; x_wconf 88' lang='lat' dir='ltr'><strong>adventum</strong></span> <span class='ocrx_word' id='word_1_735' title='bbox 1052 5380 1367 5451; x_wconf 68' lang='lat' dir='ltr'><strong>prmdicare.</strong></span> 
     </span>
    </p>
   </div>
   <div class='ocr_carea' id='block_1_101' title="bbox 576 5555 2070 5624">
    <p class='ocr_par' dir='ltr' id='par_1_101' title="bbox 576 5555 2070 5624">
     <span class='ocr_line' id='line_1_101' title="bbox 576 5555 2070 5624; baseline -0.007 -4"><span class='ocrx_word' id='word_1_736' title='bbox 576 5567 736 5621; x_wconf 70' lang='lat' dir='ltr'><strong>Vsus.</strong></span> <span class='ocrx_word' id='word_1_737' title='bbox 759 5565 845 5621; x_wconf 77' lang='grc'><strong>10.</strong></span> <span class='ocrx_word' id='word_1_738' title='bbox 868 5586 890 5617; x_wconf 86' lang='grc'><em>‹</em></span> <span class='ocrx_word' id='word_1_739' title='bbox 918 5564 1180 5624; x_wconf 80' lang='lat' dir='ltr'><strong>Attollitc.</strong></span> <span class='ocrx_word' id='word_1_740' title='bbox 1207 5561 1373 5616; x_wconf 83' lang='lat' dir='ltr'><strong>nolite</strong></span> <span class='ocrx_word' id='word_1_741' title='bbox 1396 5561 1614 5613; x_wconf 77' lang='lat' dir='ltr'><strong>timere.</strong></span> <span class='ocrx_word' id='word_1_742' title='bbox 1640 5558 1733 5613; x_wconf 89' lang='lat' dir='ltr'><strong>Dic</strong></span> <span class='ocrx_word' id='word_1_743' title='bbox 1763 5555 2070 5613; x_wconf 86' lang='lat' dir='ltr'><strong>civitatibus</strong></span> 
     </span>
    </p>
   </div>
   <div class='ocr_carea' id='block_1_102' title="bbox 579 5782 1649 5856">
    <p class='ocr_par' dir='ltr' id='par_1_102' title="bbox 579 5782 1649 5856">
     <span class='ocr_line' id='line_1_102' title="bbox 579 5782 1649 5856; baseline -0.007 -9"><span class='ocrx_word' id='word_1_744' title='bbox 579 5790 625 5825; x_wconf 76' lang='lat'><strong>&quot;</strong></span> <span class='ocrx_word' id='word_1_745' title='bbox 645 5789 787 5846; x_wconf 75' lang='lat' dir='ltr'><strong>Psal.</strong></span> <span class='ocrx_word' id='word_1_746' title='bbox 811 5787 1058 5853; x_wconf 64' lang='lat' dir='ltr'><strong>LXXlll,2.</strong></span> <span class='ocrx_word' id='word_1_747' title='bbox 1130 5790 1179 5821; x_wconf 69' lang='grc'>⁸³</span> <span class='ocrx_word' id='word_1_748' title='bbox 1207 5782 1369 5844; x_wconf 80' lang='lat' dir='ltr'><strong>Hebr.</strong></span> <span class='ocrx_word' id='word_1_749' title='bbox 1394 5800 1494 5852; x_wconf 67' lang='lat' dir='ltr'><strong>X‘lt,</strong></span> <span class='ocrx_word' id='word_1_750' title='bbox 1525 5784 1618 5840; x_wconf 68' lang='lat'><strong>2&#39;2.</strong></span> <span class='ocrx_word' id='word_1_751' title='bbox 1637 5838 1649 5856; x_wconf 68' lang='grc'><strong>,</strong></span> 
     </span>
    </p>
   </div>
   <div class='ocr_carea' id='block_1_103' title="bbox 2172 4620 3744 4710">
    <p class='ocr_par' dir='ltr' id='par_1_103' title="bbox 2172 4620 3744 4710">
     <span class='ocr_line' id='line_1_103' title="bbox 2172 4620 3744 4710; baseline -0.012 -19"><span class='ocrx_word' id='word_1_752' title='bbox 2172 4638 2332 4710; x_wconf 82' lang='grc' dir='ltr'>τέρου</span> <span class='ocrx_word' id='word_1_753' title='bbox 2378 4634 2527 4697; x_wconf 83' lang='grc' dir='ltr'>λαοῦ,</span> <span class='ocrx_word' id='word_1_754' title='bbox 2567 4634 2596 4685; x_wconf 92' lang='lat'><strong>6</strong></span> <span class='ocrx_word' id='word_1_755' title='bbox 2650 4634 2715 4684; x_wconf 81' lang='grc' dir='ltr'>ὲκ</span> <span class='ocrx_word' id='word_1_756' title='bbox 2764 4628 3065 4701; x_wconf 78' lang='grc' dir='ltr'>περιτομῆς</span> <span class='ocrx_word' id='word_1_757' title='bbox 3116 4622 3506 4693; x_wconf 76' lang='grc' dir='ltr'>ὲξειλεγμένος,</span> <span class='ocrx_word' id='word_1_758' title='bbox 3556 4620 3744 4675; x_wconf 86' lang='grc' dir='ltr'>τοῦτον</span> 
     </span>
    </p>
   </div>
   <div class='ocr_carea' id='block_1_104' title="bbox 2175 4712 3748 4800">
    <p class='ocr_par' dir='ltr' id='par_1_104' title="bbox 2175 4712 3748 4800">
     <span class='ocr_line' id='line_1_104' title="bbox 2175 4712 3748 4800; baseline -0.013 -16"><span class='ocrx_word' id='word_1_759' title='bbox 2175 4727 2496 4800; x_wconf 71' lang='grc' dir='ltr'>σημαίνεται</span> <span class='ocrx_word' id='word_1_760' title='bbox 2517 4727 2609 4779; x_wconf 77' lang='grc' dir='ltr'><strong>τὸν</strong></span> <span class='ocrx_word' id='word_1_761' title='bbox 2630 4724 2859 4796; x_wconf 82' lang='grc' dir='ltr'>τρόπον;</span> <span class='ocrx_word' id='word_1_762' title='bbox 2898 4720 3042 4790; x_wconf 75' lang='grc' dir='ltr'>Αὕτη</span> <span class='ocrx_word' id='word_1_763' title='bbox 3083 4717 3191 4789; x_wconf 87' lang='grc' dir='ltr'><strong>γάρ</strong></span> <span class='ocrx_word' id='word_1_764' title='bbox 3209 4719 3326 4769; x_wconf 73' lang='grc' dir='ltr'>ἐστι</span> <span class='ocrx_word' id='word_1_765' title='bbox 3360 4713 3495 4766; x_wconf 87' lang='grc' dir='ltr'>Σιὼν</span> <span class='ocrx_word' id='word_1_766' title='bbox 3523 4713 3617 4766; x_wconf 84' lang='grc' dir='ltr'>καὶ</span> <span class='ocrx_word' id='word_1_767' title='bbox 3656 4712 3748 4765; x_wconf 81' lang='grc' dir='ltr'><strong>Ἱε-</strong></span> 
     </span>
    </p>
   </div>
   <div class='ocr_carea' id='block_1_105' title="bbox 2178 4802 3743 4893">
    <p class='ocr_par' dir='ltr' id='par_1_105' title="bbox 2178 4802 3743 4893">
     <span class='ocr_line' id='line_1_105' title="bbox 2178 4802 3743 4893; baseline -0.013 -21"><span class='ocrx_word' id='word_1_768' title='bbox 2178 4816 2480 4893; x_wconf 79' lang='grc' dir='ltr'>ρουσαλὴμ,</span> <span class='ocrx_word' id='word_1_769' title='bbox 2523 4816 2557 4885; x_wconf 80' lang='grc' dir='ltr'>ἡ</span> <span class='ocrx_word' id='word_1_770' title='bbox 2600 4814 2664 4867; x_wconf 79' lang='grc' dir='ltr'>τὸ</span> <span class='ocrx_word' id='word_1_771' title='bbox 2689 4812 2952 4884; x_wconf 84' lang='grc' dir='ltr'>σωτήριον</span> <span class='ocrx_word' id='word_1_772' title='bbox 2980 4807 3073 4861; x_wconf 88' lang='grc' dir='ltr'><strong>τοῦ</strong></span> <span class='ocrx_word' id='word_1_773' title='bbox 3110 4806 3246 4860; x_wconf 82' lang='grc' dir='ltr'>Θεοῦ</span> <span class='ocrx_word' id='word_1_774' title='bbox 3277 4802 3743 4875; x_wconf 81' lang='grc' dir='ltr'>παραδεδεγμένη,</span> 
     </span>
    </p>
   </div>
   <div class='ocr_carea' id='block_1_106' title="bbox 2177 4894 3747 4981">
    <p class='ocr_par' dir='ltr' id='par_1_106' title="bbox 2177 4894 3747 4981">
     <span class='ocr_line' id='line_1_106' title="bbox 2177 4894 3747 4981; baseline -0.013 -16"><span class='ocrx_word' id='word_1_775' title='bbox 2177 4908 2532 4981; x_wconf 79' lang='grc' dir='ltr'>ὲπηρτημένη</span> <span class='ocrx_word' id='word_1_776' title='bbox 2571 4922 2655 4971; x_wconf 79' lang='grc' dir='ltr'><strong>τις</strong></span> <span class='ocrx_word' id='word_1_777' title='bbox 2688 4900 2824 4958; x_wconf 81' lang='grc' dir='ltr'>οὖσα</span> <span class='ocrx_word' id='word_1_778' title='bbox 2849 4902 2943 4955; x_wconf 70' lang='grc' dir='ltr'><strong>καὶ</strong></span> <span class='ocrx_word' id='word_1_779' title='bbox 2968 4899 3103 4969; x_wconf 79' lang='grc' dir='ltr'>αῦτη</span> <span class='ocrx_word' id='word_1_780' title='bbox 3128 4897 3207 4969; x_wconf 80' lang='grc' dir='ltr'><strong>τῷ</strong></span> <span class='ocrx_word' id='word_1_781' title='bbox 3233 4897 3350 4967; x_wconf 76' lang='grc' dir='ltr'>ὄρει</span> <span class='ocrx_word' id='word_1_782' title='bbox 3377 4894 3472 4949; x_wconf 77' lang='grc' dir='ltr'><strong>τοῦ</strong></span> <span class='ocrx_word' id='word_1_783' title='bbox 3507 4894 3642 4947; x_wconf 76' lang='grc' dir='ltr'>Θεοῦ</span> <span class='ocrx_word' id='word_1_784' title='bbox 3666 4894 3747 4963; x_wconf 79' lang='grc' dir='ltr'>τῷ</span> 
     </span>
    </p>
   </div>
   <div class='ocr_carea' id='block_1_107' title="bbox 2181 4988 3746 5073">
    <p class='ocr_par' dir='ltr' id='par_1_107' title="bbox 2181 4988 3746 5073">
     <span class='ocr_line' id='line_1_107' title="bbox 2181 4988 3746 5073; baseline -0.012 -17"><span class='ocrx_word' id='word_1_785' title='bbox 2181 5003 2457 5073; x_wconf 85' lang='grc' dir='ltr'>μονογενεῖ</span> <span class='ocrx_word' id='word_1_786' title='bbox 2476 4997 2642 5053; x_wconf 78' lang='grc' dir='ltr'>αὑτοῦ</span> <span class='ocrx_word' id='word_1_787' title='bbox 2665 4997 2850 5065; x_wconf 85' lang='grc' dir='ltr'>Λόγῳ·</span> <span class='ocrx_word' id='word_1_788' title='bbox 2959 4990 3279 5063; x_wconf 84' lang='grc' dir='ltr'>προστάττει</span> <span class='ocrx_word' id='word_1_789' title='bbox 3304 4988 3746 5057; x_wconf 75' lang='grc' dir='ltr'>εὐαγγελίζεσθαι</span> 
     </span>
    </p>
   </div>
   <div class='ocr_carea' id='block_1_108' title="bbox 2177 5082 3745 5163">
    <p class='ocr_par' dir='ltr' id='par_1_108' title="bbox 2177 5082 3745 5163">
     <span class='ocr_line' id='line_1_108' title="bbox 2177 5082 3745 5163; baseline -0.011 -15"><span class='ocrx_word' id='word_1_790' title='bbox 2177 5092 2472 5163; x_wconf 80' lang='grc' dir='ltr'>ἀνελθούσῃ</span> <span class='ocrx_word' id='word_1_791' title='bbox 2522 5092 2607 5145; x_wconf 75' lang='grc' dir='ltr'><strong>ἐπ’</strong></span> <span class='ocrx_word' id='word_1_792' title='bbox 2659 5090 2783 5160; x_wconf 77' lang='grc' dir='ltr'>ὅρος</span> <span class='ocrx_word' id='word_1_793' title='bbox 2841 5086 3063 5156; x_wconf 60' lang='grc' dir='ltr'>ὑψηλὸν,</span> <span class='ocrx_word' id='word_1_794' title='bbox 3126 5084 3288 5138; x_wconf 83' lang='grc' dir='ltr'>αὑτὸν</span> <span class='ocrx_word' id='word_1_795' title='bbox 3332 5084 3423 5136; x_wconf 83' lang='grc' dir='ltr'><strong>τὸν</strong></span> <span class='ocrx_word' id='word_1_796' title='bbox 3483 5082 3745 5150; x_wconf 71' lang='grc' dir='ltr'>σωτήριον</span> 
     </span>
    </p>
   </div>
   <div class='ocr_carea' id='block_1_109' title="bbox 2174 5171 3746 5255">
    <p class='ocr_par' dir='ltr' id='par_1_109' title="bbox 2174 5171 3746 5255">
     <span class='ocr_line' id='line_1_109' title="bbox 2174 5171 3746 5255; baseline -0.012 -14"><span class='ocrx_word' id='word_1_797' title='bbox 2174 5186 2348 5255; x_wconf 85' lang='grc' dir='ltr'>λόγον.</span> <span class='ocrx_word' id='word_1_798' title='bbox 2399 5186 2496 5248; x_wconf 88' lang='grc' dir='ltr'><strong>Τίς</strong></span> <span class='ocrx_word' id='word_1_799' title='bbox 2530 5182 2588 5236; x_wconf 73' lang='grc' dir='ltr'><strong>δὲ</strong></span> <span class='ocrx_word' id='word_1_800' title='bbox 2636 5183 2665 5234; x_wconf 90' lang='lat'><strong>6</strong></span> <span class='ocrx_word' id='word_1_801' title='bbox 2704 5178 3204 5248; x_wconf 78' lang='grc' dir='ltr'>εὐαγγελιζόμενος,</span> <span class='ocrx_word' id='word_1_802' title='bbox 3257 5174 3285 5246; x_wconf 79' lang='grc' dir='ltr'>ἦ</span> <span class='ocrx_word' id='word_1_803' title='bbox 3326 5176 3355 5228; x_wconf 92' lang='lat'><strong>6</strong></span> <span class='ocrx_word' id='word_1_804' title='bbox 3393 5171 3746 5241; x_wconf 68' lang='grc' dir='ltr'>εὖαγγελικὶς</span> 
     </span>
    </p>
   </div>
   <div class='ocr_carea' id='block_1_110' title="bbox 2175 5263 3744 5351">
    <p class='ocr_par' dir='ltr' id='par_1_110' title="bbox 2175 5263 3744 5351">
     <span class='ocr_line' id='line_1_110' title="bbox 2175 5263 3744 5351; baseline -0.013 -17"><span class='ocrx_word' id='word_1_805' title='bbox 2175 5280 2366 5351; x_wconf 85' lang='grc' dir='ltr'>χορός;</span> <span class='ocrx_word' id='word_1_806' title='bbox 2407 5276 2472 5329; x_wconf 84' lang='grc' dir='ltr'>Τί</span> <span class='ocrx_word' id='word_1_807' title='bbox 2516 5275 2574 5329; x_wconf 79' lang='grc' dir='ltr'>δὲ</span> <span class='ocrx_word' id='word_1_808' title='bbox 2610 5269 3088 5341; x_wconf 73' lang='grc' dir='ltr'>εὐαγγελίζεσθαις</span> <span class='ocrx_word' id='word_1_809' title='bbox 3123 5266 3412 5340; x_wconf 82' lang='grc' dir='ltr'>κηρύττειν</span> <span class='ocrx_word' id='word_1_810' title='bbox 3455 5266 3619 5318; x_wconf 85' lang='grc' dir='ltr'>πᾶσιν</span> <span class='ocrx_word' id='word_1_811' title='bbox 3653 5263 3744 5314; x_wconf 86' lang='grc' dir='ltr'><strong>ἁν-</strong></span> 
     </span>
    </p>
   </div>
   <div class='ocr_carea' id='block_1_111' title="bbox 2177 5352 3742 5445">
    <p class='ocr_par' dir='ltr' id='par_1_111' title="bbox 2177 5352 3742 5445">
     <span class='ocr_line' id='line_1_111' title="bbox 2177 5352 3742 5445; baseline -0.012 -20"><span class='ocrx_word' id='word_1_812' title='bbox 2177 5371 2415 5445; x_wconf 80' lang='grc' dir='ltr'>θρώποις</span> <span class='ocrx_word' id='word_1_813' title='bbox 2447 5367 2540 5422; x_wconf 89' lang='grc' dir='ltr'><strong>τοῦ</strong></span> <span class='ocrx_word' id='word_1_814' title='bbox 2580 5363 2815 5437; x_wconf 81' lang='grc' dir='ltr'>Χριστοῦ</span> <span class='ocrx_word' id='word_1_815' title='bbox 2864 5363 2958 5435; x_wconf 78' lang='grc' dir='ltr'>τὴν</span> <span class='ocrx_word' id='word_1_816' title='bbox 3000 5363 3092 5415; x_wconf 72' lang='grc' dir='ltr'><strong>ἐπὶ</strong></span> <span class='ocrx_word' id='word_1_817' title='bbox 3132 5363 3234 5433; x_wconf 82' lang='grc' dir='ltr'><strong>γῆς</strong></span> <span class='ocrx_word' id='word_1_818' title='bbox 3272 5357 3597 5431; x_wconf 82' lang='grc' dir='ltr'>παρουσίαν,</span> <span class='ocrx_word' id='word_1_819' title='bbox 3647 5352 3742 5407; x_wconf 75' lang='grc' dir='ltr'>καὶ</span> 
     </span>
    </p>
   </div>
   <div class='ocr_carea' id='block_1_112' title="bbox 2178 5453 3149 5535">
    <p class='ocr_par' dir='ltr' id='par_1_112' title="bbox 2178 5453 3149 5535">
     <span class='ocr_line' id='line_1_112' title="bbox 2178 5453 3149 5535; baseline -0.012 -17"><span class='ocrx_word' id='word_1_820' title='bbox 2178 5462 2283 5535; x_wconf 73' lang='grc' dir='ltr'>πρὸ</span> <span class='ocrx_word' id='word_1_821' title='bbox 2310 5461 2525 5516; x_wconf 85' lang='grc' dir='ltr'>πάντων</span> <span class='ocrx_word' id='word_1_822' title='bbox 2561 5461 2675 5521; x_wconf 80' lang='grc' dir='ltr'>ταῖς</span> <span class='ocrx_word' id='word_1_823' title='bbox 2701 5456 2914 5509; x_wconf 78' lang='grc' dir='ltr'>πόλεσιν</span> <span class='ocrx_word' id='word_1_824' title='bbox 2961 5453 3149 5507; x_wconf 77' lang='grc' dir='ltr'>Ἰούδα.</span> 
     </span>
    </p>
   </div>
   <div class='ocr_carea' id='block_1_113' title="bbox 2254 5538 3736 5623">
    <p class='ocr_par' dir='ltr' id='par_1_113' title="bbox 2254 5538 3736 5623">
     <span class='ocr_line' id='line_1_113' title="bbox 2254 5538 3736 5623; baseline -0.013 -16"><span class='ocrx_word' id='word_1_825' title='bbox 2254 5576 2269 5607; x_wconf 78' lang='grc' dir='ltr'><strong>ι</strong></span> <span class='ocrx_word' id='word_1_826' title='bbox 2323 5552 2622 5623; x_wconf 61' lang='grc' dir='ltr'>’Υψώσατε,</span> <span class='ocrx_word' id='word_1_827' title='bbox 2675 5549 2747 5622; x_wconf 79' lang='grc' dir='ltr'>μὴ</span> <span class='ocrx_word' id='word_1_828' title='bbox 2794 5546 3061 5618; x_wconf 78' lang='grc' dir='ltr'>φοϐεῖσθε.</span> <span class='ocrx_word' id='word_1_829' title='bbox 3118 5540 3281 5599; x_wconf 73' lang='grc' dir='ltr'>Εἶπον</span> <span class='ocrx_word' id='word_1_830' title='bbox 3344 5544 3465 5605; x_wconf 82' lang='grc' dir='ltr'>ταῖς</span> <span class='ocrx_word' id='word_1_831' title='bbox 3522 5538 3736 5597; x_wconf 77' lang='grc' dir='ltr'>πόλεσιν</span> 
     </span>
    </p>
   </div>
  </div>
