3984 6514
475 451 577 510 an
1149 445 1415 502 sussuu
1456 446 1932 502 (LESARlE-NSES
1970 449 2114 504 oar.
2161 451 2342 506 mas
2382 454 2468 506 ιιι.
2497 483 2561 492 .-
2605 453 3012 511 exeoertca.
3616 461 3732 514 ετξ

478 570 655 637 opifex
689 545 1041 636 dignoscitur,
1091 562 1213 632 jure
1245 577 1306 615 ea
1339 577 1457 630 qua:
1483 578 1646 631 penes
1674 577 1768 617 nos
1806 570 2036 618 maxima

2156 567 2346 636 αεγέθη
2369 570 2433 637 τῇ
2455 567 2548 620 τοῦ
2580 568 2881 640 κρείττονος
2908 568 3205 639 παραθέσει
3230 561 3531 642 σμικρῦνει,
3574 573 3729 642 ἡμεῖς

480 663 763 721 habentur,
791 657 999 727 collata
1041 671 1160 709 cum
1201 654 1308 708 Deo
1342 664 1619 720 extenuat,
1655 655 2046 712 adconditoris

474 753 716 807 omnium
747 748 990 803 nulitiam
1024 763 1126 800 nos
1147 762 1402 801 evocans.

547 841 713 896 Vens.
752 842 835 904 l5,
866 842 946 894 Μ.
1015 860 1033 890 ε
1079 838 1210 905 Quis
1248 837 1394 891 novit
1441 850 1672 894 mentem
1719 839 1966 895 Domini?
1992 851 2045 897 ei

475 935 595 1006 quis
642 935 760 1004 ejus
805 932 1148 986 consiliarius
1185 930 1305 996 fuit,
1340 931 1432 999 qui
1481 932 1713 985 instruat
1762 934 1923 986 eum?
1951 943 2044 987 aut

475 1041 635 1095 quem
683 1023 954 1078 consuluit
1019 1022 1111 1090 qui
1179 1021 1503 1075 instruxerit
1569 1022 1735 1077 eum?
1791 1035 1885 1077 aut
1925 1028 2044 1094 quis

476 1114 711 1168 ostendit
761 1112 810 1165 ei
853 1111 1152 1180 judicium,
1223 1119 1314 1163 aut
1375 1110 1514 1163 viam
1573 1112 1870 1179 prudentia:
1925 1119 2046 1184 quis

476 1202 797 1258 monstravit
849 1200 938 1256 ei?
975 1219 994 1252 ι
1056 1199 1190 1266 Quia
1227 1200 1371 1254 enim
1421 1200 1872 1272 interrogaverat,
1923 1210 2045 1278 quis

475 1303 624 1348 esset
661 1293 751 1362 qui
790 1291 904 1346 haec
933 1291 1199 1346 exsistere
1243 1289 1479 1360 fecisset,
1517 1304 1571 1347 et
1595 1295 1714 1362 quis
1746 1313 1865 1350 cum
1898 1315 2044 1352 men-

477 1399 607 1438 sura
632 1391 686 1436 et
718 1381 954 1450 pondere
987 1381 1099 1436 haec
1128 1383 1468 1449 adornasset,
1510 1395 1903 1452 consequenter
1930 1398 2038 1441 trav

477 1471 555 1526 dit
603 1470 893 1535 neminem,
925 1471 1025 1524 nisi
1081 1486 1242 1525 unam
1290 1482 1496 1525 tantum
1540 1475 1790 1529 oumibns
1841 1478 2044 1531 incom-

477 1565 891 1636 prehensibilcm
927 1574 1159 1618 mentem
1192 1581 1205 1616 :
1233 1580 1398 1634 quare
1425 1566 1629 1630 subdit,
1680 1587 1696 1618 ι
1735 1569 1864 1630 Quis
1899 1571 2046 1623 novit

479 1669 710 1713 tuentem
750 1658 1003 1710 Domini?
1031 1675 1050 1709 ι
1095 1672 1217 1726 qua:
1263 1658 1519 1726 praedicta
1570 1661 1748 1714 omnia
1785 1664 2042 1728 condidit,

477 1765 596 1810 uitae
626 1749 770 1802 nullo
801 1763 964 1818 egens
996 1748 1326 1810 consiliario,
1359 1749 1531 1818 neque
1569 1750 1794 1820 alicujus
1827 1766 2042 1806 senten-

480 1844 548 1893 tia
580 1856 696 1904 usa,
728 1851 915 1917 suapte
941 1841 1226 1910 sapientia,
1244 1855 1362 1910 qua:
1390 1842 1692 1897 nullatenus
1715 1845 2044 1899 exsistebaut

476 1933 542 1985 ad
580 1933 870 1988 essentiam
908 1934 1168 1987 traduxit.

549 2023 705 2080 Vens.
735 2025 818 2090 l5,
851 2024 935 2078 16.
969 2043 986 2075 ‹
1019 2023 1077 2079 Si
1129 2040 1320 2080 omnes
1363 2034 1549 2094 gentes
1591 2036 1843 2098 tauquam
1893 2038 2043 2097 gutta

477 2115 672 2182 situlus,
726 2125 780 2171 et
834 2126 1086 2186 tanquam
1135 2128 1465 2172 momentum
1511 2129 1729 2174 statera:
1787 2130 2045 2190 reputatw

477 2218 630 2273 sunt,
665 2219 919 2278 tanquam
950 2208 1116 2263 saliva
1167 2209 1526 2264 habebuntur.
1583 2208 1821 2265 Libanus
1867 2223 2041 2265 autem

481 2317 586 2357 non
606 2299 798 2356 soﬂicit
828 2302 895 2354 ad
917 2301 1368 2366 comburendum,
1386 2310 1440 2354 et
1469 2303 1650 2356 omnia
1679 2303 2042 2372 quadrupcdia

479 2410 586 2448 non
618 2394 886 2448 sulﬁciunt
915 2395 980 2448 ad
1022 2393 1428 2448 holocaustum.
1453 2413 1472 2445 ι
1517 2395 1773 2460 annnam
1801 2397 1881 2449 ha:
1912 2412 2044 2464 genu

478 2494 578 2552 tes,
622 2487 721 2540 nisi
761 2501 881 2555 qua:
926 2485 1091 2540 Deum
1139 2499 1245 2538 non
1295 2496 1579 2550 noverunt,
1610 2486 1702 2540 sed
1733 2487 2046 2541 idololatria:

477 2577 653 2631 errori
705 2579 932 2633 addicta:
963 2575 1132 2630 sunt?
1179 2575 1308 2641 Qua:
1357 2585 1609 2644 tanquam
1659 2577 1796 2631 stilla
1847 2577 2043 2640 situla',

482 2678 732 2737 tanquam
787 2681 1114 2724 momentum
1164 2679 1402 2737 staterae,
1453 2681 1509 2724 et
1573 2679 1825 2737 tanquam
1875 2670 2043 2724 saliva

480 2761 789 2831 reputanda:
833 2761 1104 2816 dicuntur.

555 2851 934 2916 Vens.l7,18.
959 2873 976 2904 ι
1003 2853 1068 2908 Et
1104 2868 1296 2908 omnes
1325 2865 1515 2925 gentes
1542 2855 1694 2925 quasi
1734 2855 1866 2910 nihil
1902 2866 2044 2918 sunt,

477 2954 532 3000 et
565 2945 616 2999 in
646 2943 867 2998 nihilum
904 2943 1319 3014 reputabuntur.
1350 2946 1448 3000 Cui
1485 2948 1824 3002 assimilastis
1869 2949 2048 3002 Domi-

479 3039 652 3095 num?
683 3048 737 3092 et
767 3038 853 3091 cui
875 3037 1107 3113 imagini
1136 3053 1256 3092 eum
1291 3039 1674 3096 assimilastis?
1715 3058 1733 3092 ο
1767 3041 1894 3107 Qum
1921 3059 2048 3097 con-

479 3131 1059 3201 sequenter-induxit,
1113 3138 1399 3200 postquam
1457 3130 1552 3185 Dei
1617 3133 1937 3202 theologiam
1993 3136 2044 3188 in

482 3224 716 3276 medium
758 3223 959 3287 attulit,
1010 3232 1064 3276 et
1115 3223 1682 3293 postquamgentihus
1723 3227 2042 3292 enuntiavit,

478 3322 715 3382 quantus
752 3321 896 3365 esset
954 3312 1019 3377 is,
1075 3313 1167 3379 qui
1226 3326 1418 3381 aquam
1457 3328 1617 3365 manu
1669 3329 1890 3368 mensus
1941 3325 2044 3378 est,

483 3405 656 3474 palma
716 3403 936 3466 caelum,
972 3411 1026 3458 et
1077 3414 1273 3456 terram
1313 3418 1526 3477 omnem
1571 3404 1791 3475 pugillo,
1850 3405 2048 3474 quique

483 3505 694 3550 montes
727 3496 985 3564 pondere,
1031 3503 1085 3547 et
1143 3494 1308 3550 valles
1369 3503 1570 3550 statera
1604 3495 1910 3550 constituit.
1953 3494 2050 3550 llis

483 3593 664 3662 itaque
705 3591 948 3660 apposite
979 3590 1193 3646 confert
1233 3606 1475 3645 errorem
1507 3590 1679 3655 illum,
1727 3605 1833 3658 quo
1863 3600 2050 3659 gentes

483 3684 860 3739 detinebantur
889 3700 903 3736 :
939 3683 1008 3737 ab
1044 3697 1215 3752 eoque
1250 3682 1368 3736 illas
1400 3691 1673 3746 avertens,
1702 3681 1766 3734 ad
1799 3682 2047 3735 notitiam

483 3776 620 3844 ejus,
648 3777 737 3844 qui
770 3776 908 3831 Deus
927 3789 1045 3830 esse
1066 3776 1406 3845 prxdicatur,
1439 3786 1650 3828 evocat.

554 3865 715 3923 VERS.
744 3867 930 3922 19-23.
960 3885 982 3919 ι
1010 3867 1197 3920 Annon
1227 3867 1512 3935 imaginem
1537 3863 1663 3919 fecit
1685 3863 1856 3928 faber,
1883 3874 1937 3918 et
1961 3879 2050 3917 au-

483 3959 624 4016 rifex
668 3961 898 4014 conﬂato
942 3974 1074 4013 auro
1122 3958 1393 4012 inauravit
1436 3956 1604 4010 eam?
1647 3956 2046 4011 similitudinem

485 4048 612 4102 fecit
633 4063 750 4104 eam
773 4049 796 4102 ?
823 4047 1054 4118 Lignum
1086 4047 1251 4106 enim.
1277 4045 1419 4115 quod
1448 4060 1551 4100 non
1581 4056 1872 4115 putrescat,
1898 4047 2049 4116 eligit

486 4140 655 4205 faber,
685 4149 737 4195 et
765 4140 1040 4209 sapienter
1066 4150 1267 4208 quaeret
1301 4137 1571 4206 quomodo
1599 4145 1803 4190 statuat
1857 4139 2047 4208 imagi-

485 4246 604 4284 nem
635 4245 698 4284 ex
725 4246 809 4293 eo,
844 4238 899 4282 et
929 4239 987 4281 ut
1031 4243 1137 4282 non
1164 4238 1584 4282 commoveatur.
1615 4226 1802 4281 Nonne
1833 4229 2049 4282 scietis?

486 4333 664 4375 nonne
705 4317 972 4372 audietis?
1005 4319 1195 4370 Annon
1255 4315 1636 4369 annuutiatutu
1683 4325 1766 4368 est
1823 4316 1971 4370 vobis
2017 4333 2046 4371 a

485 4411 782 4481 principio?
818 4426 920 4464 non
967 4408 1295 4477 cognovistis
1349 4401 1694 4460 fundamenta
1737 4411 2048 4478 terraezqni

483 4502 724 4560 continet
756 4517 942 4572 gyrum
971 4509 1146 4564 terrae,
1181 4507 1236 4551 et
1282 4499 1612 4552 habitatores
1648 4499 1766 4569 ejus
1789 4501 1940 4569 quasi
1974 4502 2050 4555 lo-

2148 661 2226 721 εἰς
2271 660 2477 712 ἔννοιαν
2528 654 2998 732 προσκαλούμενος
3049 660 3138 712 τού
3175 660 3243 728 τὰ
3288 661 3576 732 σύμπαντα
3632 682 3731 716 συ-

2146 765 2242 820 στη
2252 767 2316 802 σα
2324 751 2483 820 μένου
2492 791 2503 801 .

2223 860 2240 889 ε
2284 841 2378 903 Τίς
2398 840 2537 908 ἔγνω
2569 841 2693 894 νοῦν
2719 841 2961 913 Κυρίου;
2990 843 3082 895 καὶ
3102 841 3186 906 τίς
3217 842 3379 895 αὐτοῦ
3417 843 3726 913 σύμϐουλος

2145 930 2380 998 ἐγένετο,
2419 931 2477 994 ὃς
2504 932 2742 1003 συμϐιϐᾷ
2767 933 2929 985 αύτόν
2952 933 3023 1005 ;ῆ
3056 933 3191 1005 πρὸς
3224 935 3344 986 τίνα
3378 934 3727 1025 σδνεϐουλεύ-

2147 1037 2298 1084 σατο,
2330 1024 2422 1074 καὶ
2449 1022 2798 1076 συνεϐίϐασεν
2823 1023 3015 1086 αύτόν;
3047 1024 3078 1094 ἦ
3105 1023 3184 1087 τίς
3209 1022 3573 1096 ἔδειξενάύτῷ
3597 1027 3729 1097 κρί-

2147 1129 2260 1176 σιν;
2305 1114 2336 1184 ἥ
2373 1114 2490 1166 ὁδὸν
2538 1115 2806 1178 συνέσεως
2849 1115 2931 1178 τίς
2974 1115 3171 1179 ἔδειξεν
3203 1115 3384 1186 αὐτῷ;
3433 1136 3451 1168 ι
3497 1117 3730 1192 Ἐπειδὴ

2147 1205 2255 1275 γὰρ
2282 1204 2556 1276 ἠρώτησε,
2591 1206 2673 1268 τίς
2707 1209 2734 1258 ὁ
2760 1206 2932 1259 ταῦτα
2965 1207 3427 1279 ὑποστησάμενος,
3459 1210 3551 1261 καὶ
3577 1211 3662 1273 τίς
3691 1214 3724 1264 ὁ

2151 1296 2332 1366 μέτρῳ
2381 1297 2471 1348 καὶ
2507 1296 2726 1367 σταθμῷ
2755 1296 2926 1350 ταῦτα
2960 1297 3367 1368 διαταξάμενος,
3409 1301 3726 1365 ἀκολούθως

2148 1387 2487 1451 ἀποδίδωσιν,
2523 1388 2596 1452 ὡς
2624 1388 2798 1452 οὐδεὶς
2827 1390 2858 1460 ἢ
2893 1384 2972 1453 εἷς
3002 1390 3160 1460 μόνος
3192 1393 3219 1444 ὁ
3247 1395 3358 1455 τοῖς
3391 1394 3555 1445 πᾶσιν
3581 1395 3722 1446 ἀκα-

2143 1480 2412 1549 τάληπτος
2428 1480 2570 1544 νοῦς,
2589 1480 2667 1533 διὸ
2693 1480 2950 1549 ὲπιλέγει’
2976 1482 3100 1545 «Τίς
3127 1483 3264 1552 ἔγνω
3281 1483 3405 1536 νοῦν
3430 1485 3633 1555 Κυρίου
3655 1502 3669 1548 ;
3696 1507 3714 1536 ι

2145 1573 2236 1624 τὸν
2259 1572 2366 1624 τῶν
2396 1573 2698 1642 εἰρημένων
2724 1573 2974 1625 ἁπάντων
3008 1577 3306 1644 ποιητικὸν,
3341 1575 3399 1639 ὃς
3424 1575 3544 1628 οὔτε
3578 1593 3726 1646 συμ-

2147 1662 2336 1715 ϐούλου
2369 1663 2598 1734 δεηθεὶς,
2631 1663 2752 1716 οὔτε
2787 1667 2936 1734 παρά
2981 1682 3124 1728 τινος
3159 1666 3380 1736 γνώμην
3408 1667 3606 1729 λαϐὼν,
3647 1671 3716 1744 τῇ

2147 1754 2304 1808 αύτοῦ
2348 1757 2502 1826 σοφία
2545 1757 2614 1809 τὰ
2648 1758 2870 1828 μηδαμῆ
2906 1757 3168 1828 μηδαμῶς
3214 1759 3494 1812 ὑφεστῶτα
3526 1761 3590 1812 ἐκ
3619 1761 3718 1812 τού

2151 1845 2223 1916 μὴ
2256 1845 2404 1910 ὄντος
2433 1850 2509 1908 εἰς
2533 1847 2592 1899 τὸ
2617 1843 2754 1900 εἶναι
2791 1853 3126 1920 παρήγαγεν.

2223 2038 2242 2070 ι
2280 2021 2341 2074 Εἰ
2370 2021 2547 2074 πάντα
2577 2022 2642 2075 τὰ
2669 2021 2794 2092 ἔθνη
2827 2023 2901 2086 ὡς
2930 2023 3142 2092 σταγὼν
3167 2024 3272 2078 ἀπὸ
3305 2024 3485 2087 κὰδου,
3524 2024 3616 2077 καὶ
3640 2025 3719 2088 ὡς

2147 2111 2288 2182 ῥοπὴ
2334 2113 2496 2180 ζυγοῦ
2541 2113 2913 2186 ἐλογίσθησαν,
2953 2115 3027 2178 ὡς
3073 2115 3244 2179 σίελος
3287 2116 3718 2186 λογισθήσονται.

2160 2204 2216 2255 '0
2254 2206 2310 2257 δὲ
2358 2205 2587 2268 Λίϐανος
2612 2207 2711 2276 οὐχ
2746 2207 2925 2269 ἱκανὸς
2953 2209 3029 2269 εἰς
3068 2205 3280 2270 καῦσιν,
3322 2208 3412 2259 καὶ
3446 2207 3624 2258 πάντα
3648 2206 3722 2259 τὰ

2149 2299 2454 2368 τετράποδα
2500 2300 2594 2370 ούχ
2642 2299 2801 2352 ἱκανά
2845 2301 2922 2363 εἱς
2966 2300 3357 2370 ὀλοκάρπωσιν.
3399 2319 3418 2352 ι
3470 2301 3606 2352 Ποῖα
3657 2300 3718 2352 δὲ

2147 2390 2321 2444 ταῦτα
2349 2391 2381 2461 ἦ
2412 2391 2477 2444 τὰ
2503 2391 2593 2443 τὸν
2621 2391 2750 2444 Θεὸν
2790 2392 2863 2462 μὴ
2902 2392 3097 2455 εἰδότα,
3131 2392 3532 2464 προστετηκότα
3558 2391 3614 2444 δὲ
3646 2395 3721 2463 τῇ

2151 2484 2326 2558 πλάνῃ
2367 2486 2465 2555 τῆς
2507 2484 2980 2555 είδωλολατρείας;
3031 2487 3095 2538 Ἀ
3137 2485 3198 2557 δὴ
3239 2483 3332 2538 καὶ
3373 2484 3447 2548 ὡς
3498 2482 3718 2552 σταγὼν

2148 2577 2256 2632 ἀπὸ
2284 2577 2468 2641 κὰδου,
2500 2578 2593 2632 καὶ
2633 2577 2708 2640 ὡς
2738 2578 2878 2651 ῥοπὴ
2915 2578 3100 2647 ζυγοῦ,
3132 2580 3222 2632 καὶ
3248 2579 3322 2642 ὡς
3365 2579 3536 2642 σίελος
3570 2577 3708 2647 λογι-

2151 2668 2442 2740 σθήσεσθαι
2473 2670 2706 2738 ἐλέγετο.

2224 2870 2242 2902 ι
2285 2853 2392 2906 Καὶ
2427 2854 2598 2907 πάντα
2635 2854 2702 2906 τὰ
2731 2854 2856 2926 ἔθνη
2893 2855 2968 2918 ὡς
2994 2855 3145 2911 οὐδέν
3175 2857 3299 2917 εἱσι,
3328 2857 3419 2909 καὶ
3451 2858 3530 2919 εἰς
3558 2857 3730 2910 οὐθὲν.

2153 2942 2516 3015 ἐλογίσθησαν.
2587 2946 2706 2998 Τίνι
2775 2946 3092 3016 ὡμοιὼσατε
3123 3002 3132 3012 ,
3167 2947 3401 3020 Κύριον,
3460 2949 3553 3000 καὶ
3608 2948 3719 3001 τίνι

2146 3034 2451 3106 ὁμοιώματι
2489 3035 2804 3106 ὼμοιὼσατε
2843 3039 3037 3104 αύτὸνς
3090 3059 3108 3091 ι
3159 3042 3226 3092 Ἀ
3272 3040 3367 3091 καὶ
3413 3039 3721 3104 ἀκολούθως

2147 3127 2397 3196 ἐπήγαγε
2439 3127 2576 3197 μετὰ
2617 3128 2676 3180 τὸ
2715 3128 3051 3199 παραθέσθαι
3087 3130 3183 3201 τὴν
3213 3131 3337 3201 περὶ
3368 3130 3500 3184 Θεοῦ
3540 3131 3720 3184 θεολο-

2149 3219 2296 3288 γίαν,
2339 3217 2570 3288 κηρύξαι
2603 3235 2662 3271 τε
2708 3223 2821 3282 τοῖς
2870 3219 3075 3274 ἔθνεσιν
3119 3223 3240 3285 ὅσος
3280 3218 3345 3292 ἦν
3379 3223 3406 3274 ὁ
3443 3225 3721 3294 μετρήσας

2153 3313 2219 3381 τῇ
2253 3310 2395 3380 χειρὶ
2422 3309 2482 3361 τὸ
2513 3309 2676 3378 ὕδωρ,
2712 3311 2803 3361 καὶ
2825 3310 2913 3362 τὸν
2937 3311 3162 3382 οὐρανὸν
3195 3311 3460 3383 σπιθαμῇ,
3505 3314 3598 3366 καὶ
3619 3313 3721 3382 τὴν

2151 3399 2252 3470 γῆν
2298 3401 2474 3452 πᾶσαν
2507 3399 2689 3469 δρακὶ,
2716 3398 2784 3451 τά
2811 3417 2868 3452 τε
2897 3400 2994 3472 ὅρη
3026 3401 3250 3473 σταθμῷ
3289 3404 3502 3466 καὶτὰς
3540 3404 3720 3466 νάπας

2153 3490 2301 3561 ζυγῴ
2340 3490 2762 3562 συστησάμενος.
2793 3491 3012 3554 Τούτοις
3044 3493 3174 3561 γοῦν
3199 3493 3509 3560 ἀναγκαίως
3536 3512 3723 3564 παρα-

2152 3582 2334 3636 ϐάλλει
2365 3581 2461 3652 τὴν
2487 3582 2820 3652 κατέχουσαν
2856 3583 3061 3654 πλάνην
3096 3583 3214 3636 τῶν
3245 3583 3432 3647 ἐθνῶν,
3460 3586 3731 3656 ἀποστρέ-

2153 3693 2266 3744 φων
2292 3675 2478 3747 αὐτῆς,
2507 3676 2941 3748 ἀνακαλούμενος
2968 3678 3023 3731 δὲ
3045 3679 3125 3742 είς
3163 3678 3457 3748 ἐπίγνωσιν
3484 3679 3575 3731 τοῦ
3604 3679 3722 3732 θεο-

2151 3766 2308 3835 λογου
2318 3766 2478 3838 μένου
2487 3811 2499 3823 .

2235 3879 2252 3909 ι
2289 3859 2379 3929 Μὴ
2405 3859 2586 3911 εἰκόνα
2626 3858 2847 3930 ἐποίησε
2873 3859 3112 3920 τέκτωνς
3141 3859 3172 3930 ἦ
3201 3859 3488 3931 χρυσοχόος
3521 3861 3723 3930 χωνεύ-

2155 3971 2252 4016 ea;
2309 3952 2530 4022 χρυσίον
2573 3952 3006 4022 περιεχρύσωσεν
3068 3953 3258 4018 αύτὸν;
3295 3953 3544 4023 ὁμοίωμα
3591 3971 3719 4007 κατ-

2151 4044 2445 4098 εσκεύασεν
2469 4043 2659 4106 αύτόν;
2695 4044 2859 4096 Ξύλον
2896 4044 3003 4115 γὰρ
3039 4044 3278 4114 ἄσηπτον
3315 4045 3592 4113 ἐκλέγεται
3635 4048 3726 4100 τέ-

2153 4154 2315 4201 κτων,
2350 4136 2444 4189 καὶ
2483 4134 2661 4204 σοφῶς
2695 4133 2918 4204 ζητήσει
2946 4134 3062 4196 πῶς
3102 4135 3288 4205 στήσει
3315 4135 3494 4187 εἰκόνα
3534 4135 3721 4200 αὑτοῦ,

2154 4232 2247 4284 καὶ
2281 4231 2364 4283 ἵνα
2392 4230 2464 4302 μὴ
2493 4229 2799 4298 σαλεύηται.
2830 4228 2904 4280 υύ
2936 4228 3242 4296 γνώσεσθες
3270 4229 3367 4282 ούκ
3391 4229 3724 4293 ἁκούσεσθες

2153 4326 2266 4377 Ούκ
2287 4323 2559 4394 ἀνηγγέλη
2580 4323 2636 4388 ἐξ
2657 4323 2826 4392 ἀρχῆς
2845 4321 2998 4391 ὑμῖν;
3022 4323 3119 4374 ούκ
3148 4322 3343 4390 ἔγνωτε
3388 4323 3459 4374 τα
3502 4323 3727 4392 θεμέλια

2150 4416 2389 4486 τῆς’γῆς’
2409 4415 2465 4466 Ὀ
2483 4413 2726 4482 κατέχων
2746 4411 2834 4463 τὸν
2851 4411 3016 4482 γῦρον
3029 4412 3127 4480 τῆς
3143 4412 3265 4480 γῆς,
3285 4412 3377 4465 καὶ
3395 4411 3726 4464 οἱὲνοικοῦν-

2153 4527 2242 4572 τες
2260 4511 2314 4560 ἐν
2334 4508 2468 4578 αὐτῇ
2487 4506 2559 4569 ὼς
2576 4504 2811 4574 ἀκρίδες·
2831 4504 2858 4554 ὁ
2876 4504 3074 4574 στήσας
3093 4502 3166 4565 ὡς
3187 4502 3440 4572 καμάραν
3460 4502 3548 4554 τὸν
3565 4503 3727 4572 ούρα-

485 4607 671 4652 cusuc.
696 4596 793 4662 Qui
822 4596 1009 4650 statuit
1041 4593 1238 4648 cmlum
1279 4591 1430 4660 quasi
1475 4589 1761 4657 fornicem,
1795 4602 1849 4647 et
1871 4601 2047 4648 esten-

2156 4603 2264 4665 νὺν,
2281 4600 2372 4654 καλ⁵
2392 4598 2657 4656 διατείνας
2677 4595 2750 4658 ὡς
2770 4596 2969 4666 σκηνὴν
2991 4596 3260 4646 κατοικεῖν
3281 4611 3292 4622 ·
3312 4596 3340 4646 ὁ
3355 4592 3527 4655 διδους
3542 4593 3726 4662 ἄρχον-

484 4692 565 4744 dit
592 4700 648 4743 ut
690 4687 1092 4742 tabernaculum
1122 4686 1188 4740 ad
1222 4684 1572 4738 habitandum
1612 4701 1626 4738 :
1655 4685 1744 4753 qui
1787 4685 1876 4739 dat
1905 4688 2052 4756 prin-

484 4784 632 4851 cipes
698 4791 758 4833 ut
821 4779 1046 4834 nihilum
1104 4778 1171 4832 ad
1242 4777 1893 4846 imperandum:terram
1953 4796 2052 4832 an-

487 4887 590 4928 tem
643 4883 899 4942 tanquam
962 4871 1094 4925 nihil
1161 4870 1306 4926 fecit.
1357 4889 1376 4922 ι
1447 4871 1670 4924 Etiamsi
1727 4887 1755 4923 a
1811 4874 2056 4941 patribus

483 4965 679 5020 eruditi
727 4981 831 5019 non
865 4965 1031 5030 estis;
1089 4974 1144 5018 at
1181 4963 1268 5017 vel
1322 4977 1462 5016 nunc
1496 4963 1684 5018 saltem
1735 4966 1798 5017 ad
1833 4968 2053 5034 sapien-

485 5060 619 5114 tiam
677 5058 949 5122 revocati,
1002 5057 1118 5125 ejus
1183 5072 1286 5127 ope
1341 5057 1600 5122 ediscite,
1661 5058 1784 5128 quis
1839 5061 1909 5112 sit
1963 5063 2051 5129 qni

484 5155 726 5210 continet
801 5153 1148 5208 fundamenta
1221 5163 1398 5206 terrm.
1476 5151 1612 5204 Nam
1677 5167 1720 5206 SI
1788 5168 1894 5208 non
1959 5171 2055 5224 pu-

487 5249 684 5313 tuistis,
720 5246 914 5316 inquit,
950 5255 1182 5298 mentem
1210 5247 1273 5297 ad
1316 5243 1511 5298 caelum
1545 5245 1791 5313 erigere;
1841 5256 1898 5299 at
1941 5249 2052 5300 sal-

488 5353 592 5396 tem
630 5343 684 5396 in
711 5352 911 5394 terram
948 5339 1308 5408 cogitationes
1329 5347 1384 5391 et
1423 5337 1706 5391 ratiocinia
1753 5349 1930 5392 vestra
1957 5341 2053 5394 lle—

486 5433 639 5500 ctile,
674 5433 727 5486 in
760 5431 935 5499 iisque
975 5430 1289 5484 moramini.
1323 5429 1561 5496 Quaerite
1590 5430 1642 5484 in
1673 5446 1780 5500 quo
1818 5431 1908 5486 illa
1934 5433 2056 5486 fun-

486 5525 669 5586 detur,
695 5524 818 5594 quis
851 5524 942 5576 ille
971 5522 1042 5577 sit
1071 5521 1162 5592 qni
1196 5530 1406 5575 tantutn
1454 5521 1800 5584 elementum,
1859 5523 2052 5577 immo-

489 5629 600 5672 tum
632 5629 686 5671 et
718 5618 1094 5671 inconcussum
1128 5616 1350 5668 detinet.
1386 5613 1544 5680 Quis,
1573 5614 1667 5678 ait,
1707 5625 1788 5668 est
1817 5614 1930 5676 ille,
1961 5617 2050 5684 qui

490 5724 565 5765 tot
608 5723 796 5783 gentes
823 5712 876 5765 in
911 5721 1055 5764 terra
1088 5706 1482 5771 disseminavit,
1531 5717 1585 5759 ut
1621 5706 1844 5760 locustis
1876 5708 2053 5774 parvi-

491 5805 618 5857 tatis
651 5816 926 5871 corporea:
949 5815 1114 5858 causa
1148 5799 1567 5870 comparentur?
1599 5798 1797 5855 Deinde
1843 5815 2054 5856 serum-

487 5915 613 5958 nem
636 5914 666 5953 ιι
697 5907 838 5952 terra
884 5898 1122 5968 eligens,
1177 5895 1240 5951 ad
1276 5895 1548 5952 cmlcslem
1587 5893 1869 5966 fornicem,
1898 5904 1952 5952 et
1992 5896 2056 5952 ad

2147 4714 2243 4760 τας
2264 4694 2337 4756 ὡς
2351 4691 2497 4744 οὐδὲν
2512 4690 2715 4758 ἄρχειν,
2735 4689 2830 4756 τὴν
2846 4687 2900 4739 δὲ
2912 4686 3011 4754 γῆν
3023 4685 3096 4748 ὡς
3113 4685 3260 4738 οὐδὲν
3273 4685 3510 4756 ἐποίησε.
3533 4705 3548 4735 ι
3561 4686 3619 4737 Εἰ
3635 4686 3726 4736 καὶ

2154 4791 2228 4861 μὴ
2243 4790 2305 4840 ὲκ
2322 4783 2572 4854 πατέρων
2591 4779 2896 4849 ἐδιδάχθητε
2909 4819 2922 4841 ,
2940 4777 3074 4830 ἀλλὰ
3089 4777 3184 4830 νῦν
3202 4777 3328 4846 γοῦν
3347 4777 3725 4846 σωφρονισθέν-

2149 4898 2239 4942 τες
2258 4918 2270 4940 ,
2297 4873 2629 4945 ὠφελήθητε,
2661 4873 2755 4925 καὶ
2790 4869 2986 4942 μάθετε
3007 4870 3088 4932 τίς
3111 4868 3238 4921 ποτέ
3268 4871 3412 4920 ἐστιν
3435 4871 3462 4921 ὁ
3484 4869 3726 4937 κατέχων

2150 4971 2219 5023 τὰ
2266 4965 2493 5036 θεμέλια
2535 4964 2634 5034 τῆς
2672 4963 2793 5034 γῆς.
2843 4963 2904 5014 Et
2945 4962 3054 5032 γάρ
3097 4963 3170 5032 μὴ
3209 4959 3494 5031 ἠδύνασθε,
3541 4962 3724 5030 φησιν,

2159 5060 2237 5121 εἰς
2273 5057 2363 5110 τὸν
2400 5056 2627 5127 οὐρανὸν
2657 5055 2756 5126 τὴν
2795 5054 3033 5106 διάνοιαν
3067 5052 3330 5123 ἐπαίρειν,
3361 5051 3474 5104 ἀλλ’
3512 5052 3728 5122 ἐπιστὴο

2164 5166 2311 5213 σατε,
2359 5148 2543 5218 φησὶν,
2590 5149 2646 5200 ἐν
2690 5149 2754 5216 τῇ
2798 5148 2866 5214 γῇ
2910 5143 3249 5214 ἐμποιεῖσθαι
3294 5141 3388 5208 τὰς
3429 5142 3725 5214 διατριϐάς.

2174 5242 2298 5296 Ἐπὶ
2321 5240 2464 5303 τίνος
2481 5256 2540 5291 τε
2561 5238 2825 5310 ἧδρασται
2858 5237 3147 5306 ἐζητήσατε,
3171 5235 3260 5296 καὶ
3283 5236 3366 5297 τίς
3389 5237 3532 5286 ἐστιν
3553 5231 3727 5298 οὗτος.

2161 5336 2189 5387 ὁ
2232 5334 2292 5387 τὸ
2332 5331 2582 5386 τοσοῦτον
2641 5332 2894 5399 στοιχεῖον
2948 5329 3163 5396 ἀκλινές
3193 5345 3251 5382 τε
3295 5329 3386 5380 καὶ
3438 5326 3728 5380 ἀσάλευτον

2160 5424 2486 5495 διακρατῶν.
2533 5422 2626 5484 Τίς
2663 5420 2741 5483 δὲ,
2796 5418 2980 5490 φησιν,
3022 5421 3167 5471 ἐστὶν
3198 5417 3226 5468 ὁ
3260 5420 3351 5471 καὶ
3387 5418 3456 5470 τὰ
3491 5417 3728 5470 τοσαῦτα

2163 5517 2389 5586 σπείρας
2423 5513 2513 5567 ἐπὶ
2548 5513 2646 5580 τῆς
2681 5512 2783 5582 γῆς
2827 5510 2973 5582 ἔθνη,
3000 5511 3075 5574 ὡς
3114 5508 3552 5580 παραϐάλλεσθαι
3589 5507 3728 5565 αύτά

2161 5612 2520 5686 σμικρότητος
2569 5607 2731 5661 ἕνεκα
2785 5608 2891 5660 τῶν
2952 5605 3218 5676 σωμάτων
3274 5604 3519 5674 ἁκρίσιν;
3570 5599 3725 5668 Εἶτα,

2161 5705 2322 5759 πάλιν
2354 5700 2558 5765 ἀναϐὰς
2589 5700 2697 5753 ἀπὸ
2733 5700 2830 5770 τῆς
2865 5699 2968 5769 γῆς
2998 5697 3077 5768 τῷ
3107 5697 3268 5766 λόγῳ,
3301 5696 3395 5766 την
3427 5695 3588 5764 eatea
3628 5696 3728 5768 τὴν

2163 5797 2429 5870 οὐράνιον,
2454 5793 2514 5848 τό
2536 5810 2594 5848 τε
2617 5792 2754 5864 ίπὲρ
2781 5791 2884 5860 γῆν
2906 5789 3276 5862 ἡμισφαίριον,
3299 5789 3550 5859 καμάρας
3574 5787 3728 5858 δίκην

2169 5890 2576 5967 ἰπηωρημένον,
2623 5890 2734 5952 τοῖς
2791 5887 2952 5940 πᾶσιν
3012 5882 3435 5954 ἀποθωμάζειν,
3495 5881 3584 5940 καὶ
3638 5879 3729 5938 τὸν
