3984 6546
430 413 538 469 £75

1105 414 1374 473 EUSEBH
1414 412 1895 471 CJESARIENSIS
1933 410 2085 467 OPP.
2126 410 2304 466 PARS
2343 410 2430 467 Ill.
2470 443 2539 452 —
2579 410 2987 469 EXEGETICA.

3576 409 3702 460 376

432 532 624 588 blimes
670 534 945 600 volarent;
976 534 1049 589 ita
1085 545 1143 589 ut
1172 536 1556 600 ascenderem,
1602 534 1993 597 exaltarentur,

2109 532 2198 585 καὶ
2262 532 2413 595 τέλος
2474 531 2577 602 τὴν
2625 533 2707 596 εἰς
2760 531 3022 603 οὐρανοὺς
3072 527 3293 582 πορείαν
3349 526 3695 583 στείλασθαι..

432 640 498 681 ac
529 627 741 680 deumm
775 627 827 681 in
859 627 1028 683 caelos
1058 642 1278 683 cursum
1310 629 1624 699 dirigerent.
1662 627 1788 683 Haec
1809 628 2003 699 quippe

431 718 737 786 aquilarum
770 729 959 773 natura
989 729 1094 774 est.

501 804 666 861 Vens.
694 807 784 862 31.
820 827 839 860 ι
871 810 975 876 Qui
1021 821 1201 865 autem
1236 821 1554 882 exspectant
1599 812 1792 875 Deum,
1826 820 2004 865 muta-

432 898 563 952 bunt
591 898 988 966 fortitudinem,
1007 914 1287 958 assumeut
1311 920 1515 973 pennas
1540 915 1597 958 ut
1621 904 1850 972 aquilae;
1878 918 2004 958 cur-

431 997 569 1053 rent,
601 998 655 1042 et
690 1006 793 1045 non
823 991 1144 1051 laborabunt
1175 1011 1189 1060 ;
1222 996 1608 1064 ambulabunt,
1651 1008 1706 1051 et
1746 1011 1852 1050 non
1881 1012 2004 1051 esu-

431 1080 590 1133 rient.
622 1100 641 1133 ι
682 1081 994 1149 lugentibus
1020 1086 1283 1153 perfuncti
1311 1088 1589 1142 doloribus
1610 1129 1624 1153 ,
1671 1089 1886 1145 demum
1924 1089 2003 1143 vi-

431 1170 688 1229 sitatione
720 1175 814 1229 Dei
841 1177 1072 1244 dignati,
1104 1178 1156 1232 in
1189 1194 1325 1249 pace
1350 1181 1513 1233 vitam
1556 1189 1806 1250 egerunt,
1849 1183 2001 1251 aqui-

432 1263 605 1318 larum
640 1266 815 1320 instar
841 1270 1032 1338 pennis
1071 1271 1344 1336 instructi,
1394 1286 1460 1327 ac
1493 1271 1547 1326 in
1577 1272 1807 1327 sublime
1850 1273 1997 1328 elati.

431 1354 585 1422 Quod
625 1358 671 1410 si
726 1361 1017 1431 contigerit
1067 1379 1176 1427 eos,
1239 1364 1330 1433 qui
1365 1379 1463 1434 pro
1493 1366 1691 1434 pietate
1716 1375 1999 1420 concerta-

432 1457 559 1503 rttnt
604 1458 661 1504 et
709 1452 983 1516 vicerunt.
1047 1456 1313 1527 martyrio
1381 1463 1789 1511 consummatos
1835 1471 1996 1525 esse;

430 1540 601 1595 multo
632 1544 803 1612 magis
838 1545 948 1600 illis
977 1558 1276 1605 memorata
1312 1546 1601 1616 promissio
1629 1559 1926 1619 competat.

1018 1638 1245 1694 CAPUT
1286 1637 1419 1695 XLI.

496 1723 664 1782 Vsus.
707 1729 758 1784 l.
797 1748 815 1781 ι
846 1730 1178 1786 lnnovamini
1211 1731 1278 1787 ad
1325 1747 1432 1792 me.
1483 1732 1690 1801 insulae,
1725 1734 1999 1805 principes

429 1820 574 1873 enim
608 1824 892 1882 mutabunt
933 1826 1265 1893 potentiam:
1298 1826 1561 1879 accedant
1598 1837 1654 1881 et
1710 1827 1999 1896 loquantur

2105 623 2341 694 Τοιαύτη
2365 625 2474 695 γὰρ
2510 627 2542 694 ἡ
2573 624 2748 678 ἀετῶν
2780 623 2957 694 φύσις.

2180 847 2198 881 ‹
2240 831 2301 883 Oi
2334 828 2391 883 δέ
2439 827 2799 900 ὑπομένοντες
2830 826 2922 880 τὸν
2967 826 3096 880 Θεὸν
3143 824 3461 891 ἀλλάξουσιν
3499 822 3688 894 ἰσχὺν,

2104 921 2573 990 πτεροφυήσουσιν
2623 919 2698 983 ὠς
2732 919 2911 971 ἀετοί·
2955 917 3305 991 δραμοῦνται,
3340 917 3433 973 καὶ
3472 916 3532 969 ού
3586 932 3688 966 κο-

2102 1011 2379 1064 πιάσουσι*
2421 1007 2748 1080 βαδιοῦνται,
2800 1009 2891 1062 καὶ
2923 1010 2982 1061 οὐ
3039 1007 3401 1067 πεινάσουσιν.
3457 1026 3474 1058 ι
3521 1005 3697 1065 Μετὰ,

2101 1094 2193 1153 οῦν
2225 1100 2323 1163 τὰς
2340 1099 2782 1172 ὑπερϐαλλούσας
2802 1100 3026 1170 θλίψεις,
3057 1097 3357 1167 ἐπισκοπῆς
3381 1094 3515 1149 Θεοῦ
3545 1110 3685 1146 κατ-

2102 1190 2457 1257 αξιωθέντες,
2502 1192 2558 1243 ἐν
2592 1193 2784 1270 εἰρήνῃ
2825 1191 3125 1253 διετέλεσαν
3162 1189 3250 1242 τὸν
3297 1187 3437 1258 βίον,
3499 1184 3697 1245 ἀετῶν,

2101 1280 2255 1351 δίκην
2291 1283 2781 1353 πτεροφυήσαντες,
2812 1282 2907 1335 καὶ
2939 1281 3020 1343 είς
3051 1279 3183 1348 ὕψος
3214 1276 3487 1348 ἀρθέντες.
3523 1275 3588 1327 Ei
3617 1273 3684 1327 δὲ

2101 1372 2195 1425 καὶ
2255 1373 2558 1443 μαρτυρίων
2584 1372 2937 1442 τελειωθῆναι
2992 1368 3302 1441 συμϐέϐηκε
3357 1368 3483 1429 τοὺς
3532 1364 3684 1437 ὑπὲρ

2102 1462 2382 1527 εὐσεϐείας
2405 1464 2809 1536 ἠγωνισμένους
2842 1462 2935 1522 κσὲι
2968 1462 3339 1532 νενικηκότας.
3373 1457 3506 1511 πολὺ
3536 1457 3681 1529 μᾶλ-

2100 1555 2188 1608 λον
2212 1556 2421 1619 τούτοις
2458 1555 2745 1628 ἀρμόσειεν
2775 1555 2810 1626 ὴ
2848 1552 3108 1628 εἰρημένη
3138 1550 3455 1620 ἐπαγγελία.

2613 1624 3007 1699 ΚΕΦΑᾸΑΪΟΝ
3034 1643 3166 1696 MA'.
3464 1697 3468 1701 .

2183 1735 2584 1804 Ἐγκαινίζεσθε
2634 1736 2776 1807 πρὸς
2821 1734 2910 1806 μὲ,
2960 1736 3142 1806 νῆσοιυ
3177 1732 3232 1787 οί
3263 1731 3371 1805 γὰρ
3419 1733 3693 1804 ἄρχοντες,

2103 1825 2422 1892 ἀλλὰξουσιν
2470 1828 2652 1898 ἰσχύν*
2715 1826 3093 1896 ἐγγισάτωσαν
3144 1825 3236 1886 καὶ
3287 1823 3684 1894 λαλησάτωσαν

428 1910 588 1964 simul
617 1928 631 1977 ;
665 1913 1073 1984 tuncjudicium
1104 1917 1448 1970 annuntieut.
1484 1936 1505 1969 ι
1532 1916 1694 1972 Juliet
1739 1893 1993 1973 nimirum

2109 1914 2252 1984 ἅμα·
2288 1916 2408 1968 τότε
2443 1917 2624 1988 κρίσιν
2656 1915 3155 1984 ἀναγγειλάτωσαν.
3180 1936 3197 1967 ι
3237 1912 3695 1985 Παρακελεύεται,

428 2002 647 2068 insulas,
682 2024 699 2056 ι
728 2007 1103 2063 obmutescere
1124 2018 1179 2063 et
1205 2019 1408 2073 tacere,
1443 2026 1461 2060 ι
1498 2010 1792 2064 secundum
1825 2009 2000 2065 Theo-

427 2097 721 2161 dotionem,
782 2109 841 2152 ut
899 2101 1142 2154 divinum
1214 2114 1522 2154 sermonem
1592 2110 1646 2154 et
1703 2101 1998 2155 salutarem

425 2189 863 2257 prmdicatiouem
897 2191 1083 2246 audire
1108 2191 1341 2253 valeant.
1371 2191 1577 2247 Insulas
1593 2207 1721 2246 vero
1742 2192 1996 2262 frequen-

428 2290 509 2335 ter
535 2294 690 2337 vocat
712 2283 982 2343 Ecclesias
1007 2285 1260 2340 omnibus
1283 2299 1348 2339 ex
1377 2285 1627 2353 gentibus
1651 2286 1992 2349 constitutas,

425 2375 550 2443 quia
604 2375 721 2430 illas
762 2376 1015 2444 nequitiae
1044 2376 1261 2447 salsugo
1308 2392 1406 2431 ceu
1454 2391 1609 2431 mare
1649 2375 1994 2432 circumﬂuit.

428 2485 448 2518 ι
481 2466 763 2536 Principes
791 2468 936 2521 enim
983 2469 1268 2523 mutabunt
1310 2469 1643 2539 potentiam;
1677 2488 1696 2521 ι
1726 2478 1784 2522 ιιι
1822 2484 1998 2524 mores

427 2569 658 2624 mutent,
711 2568 768 2615 et.
809 2576 840 2613 a
891 2560 1168 2630 pejoribus
1222 2558 1288 2613 ad
1334 2560 1558 2614 meliora
1583 2568 1994 2617 convertantur.

429 2670 448 2704 ι
477 2652 753 2709 Accedant
781 2662 835 2708 et
866 2652 1157 2723 loquantur
1182 2651 1345 2708 simul
1371 2669 1386 2718 ;
1423 2671 1443 2705 ι
1496 2650 1751 2706 nimirum
1783 2662 1994 2722 gentes,

424 2744 620 2815 inquit,
651 2748 716 2800 ad
748 2761 837 2801 me
882 2747 1048 2800 Deum
1084 2760 1241 2799 suum
1270 2745 1555 2807 accedant,
1587 2753 1641 2799 et
1674 2746 1837 2799 verba
1875 2758 1992 2798 mea

424 2834 734 2905 loquantur,
770 2854 890 2909 quae
923 2838 1083 2893 simul
1114 2849 1173 2893 et
1201 2838 1255 2893 in
1288 2850 1433 2898 coetu
1482 2838 1879 2903 recitabantur,
1923 2836 1998 2891 vi-

423 2929 619 2985 delicet
649 2931 705 2984 in
729 2930 971 2988 Ecclesia
1004 2946 1145 2987 mea.

498 3099 660 3161 Vens.
693 3102 750 3157 Ξ.
794 3121 812 3155 ι
845 3102 997 3157 Tunc
1048 3100 1311 3169 judicium
1366 3103 1709 3158 annuntieut.
1735 3101 1870 3170 Quis
1897 3118 1994 3160 ειη

424 3193 613 3247 citavit
638 3194 707 3249 ab
748 3196 960 3249 oriente
989 3193 1303 3264 justitiam?
1337 3196 1549 3250 vocavit
1579 3210 1700 3250 eam
1731 3197 1800 3250 ad
1832 3196 1993 3266 pedes

424 3300 552 3340 suos
577 3294 628 3341 et
661 3287 859 3340 vadet?
881 3306 899 3338 ι
937 3287 1189 3356 I’eroptal
1217 3289 1361 3344 enim
1396 3299 1452 3342 ut
1484 3298 1692 3360 gentes,
1722 3304 1883 3360 quem
1909 3289 1995 3344 di—

424 3376 673 3432 dicerunt
724 3377 816 3433 Dei
871 3394 1176 3434 sermonem
1209 3381 1330 3437 aliis
1372 3383 1718 3440 annuntieut.
1765 3382 1996 3438 Justitia:

424 3483 657 3540 namque
706 3487 841 3541 Optts
872 3481 1010 3537 erat,
1067 3481 1124 3527 ut
1171 3489 1276 3527 non
1323 3473 1606 3529 domestici
1639 3483 1868 3537 tantum,
1899 3474 1994 3528 sed

424 3564 583 3620 etiam
618 3565 839 3634 reliqua:
865 3577 1053 3636 gentes
1087 3567 1153 3620 ad
1186 3565 1279 3620 Dei
1318 3567 1568 3620 uetitiam
1611 3575 1991 3621 evocarentur.

499 3680 520 3715 ι
548 3658 702 3713 Dabit
729 3660 783 3711 in
815 3665 1102 3725 conspectu
1140 3658 1404 3727 gentium.
1450 3668 1507 3713 et
1557 3673 1711 3726 reges
1739 3658 1997 3723 obstupe-

427 3754 589 3809 l'aciet
617 3769 633 3807 :
665 3760 720 3807 et
745 3750 893 3805 dabit
941 3751 993 3803 in
1026 3758 1228 3803 terram
1277 3749 1487 3820 gladios
1530 3764 1744 3814 eorum,
1775 3757 1829 3801 et
1856 3746 1997 3800 sicut

425 3846 650 3917 stipulas
679 3842 931 3913 expulsas
957 3857 1115 3899 arcus
1149 3857 1361 3896 eorum.
1387 3862 1408 3894 ι
1450 3840 1704 3898 Subdidit
1739 3841 1815 3894 illi
1864 3840 1996 3894 ιιιιιιε

425 3949 530 4008 tos,
568 3950 624 3993 ut
655 3936 1004 4008 Babylonem,
1034 3936 1178 4004 quod
1224 3935 1315 4005 jus
1362 3935 1686 4005 postulabat,
1733 3934 1992 3989 dirueret.

422 4031 541 4102 Ipse
571 4042 803 4099 namque
833 4037 970 4090 erat,
1002 4028 1093 4098 qui
1128 4036 1183 4082 et
1203 4028 1404 4097 priscis
1442 4027 1546 4083 illis
1570 4027 1698 4082 olim
1731 4026 1997 4095 religiosis

423 4124 735 4179 hominibus
769 4132 930 4177 notus
958 4119 1080 4187 fuit,
1107 4130 1161 4174 et
1190 4121 1282 4191 qui
1309 4130 1431 4190 post
1458 4122 1695 4189 priscum
1725 4119 1868 4177 illum
1908 4137 1998 4190 p0—

426 4215 607 4287 pulnm
637 4214 933 4269 Ecclesiam
958 4214 1204 4283 gentium
1239 4215 1343 4268 sini
1379 4213 1749 4271 concreditum
1783 4214 1990 4267 habuit.

498 4307 659 4361 Vsus.
695 4305 749 4370 5,
791 4305 847 4360 4.
892 4323 911 4356 ι
960 4306 1023 4360 Et
1064 4318 1421 4375 persequetur
1455 4321 1549 4360 eos
1588 4323 1601 4360 :
1646 4307 1899 4361 transibit
1942 4308 1995 4361 in

424 4412 556 4467 pace
584 4400 664 4450 via
696 4398 887 4466 pedum
906 4396 1041 4465 ejus.
1066 4398 1199 4467 Quis
1220 4407 1479 4467 operatus
1500 4407 1583 4453 est
1610 4409 1663 4452 et
1689 4399 1814 4453 fecit
1845 4401 1996 4455 lucc?

424 4490 648 4544 Vocavit
682 4504 823 4549 eam,
849 4490 939 4559 qui
991 4500 1144 4544 vocat
1174 4504 1293 4544 eam
1333 4504 1361 4542 a
1396 4492 1806 4560 generationqu
1841 4491 1993 4560 prin-

2100 2008 2235 2079 δῆτα
2267 2010 2390 2071 ταῖς
2420 2008 2625 2077 νήσοις,
2662 2005 2802 2059 κατά
2832 2005 3183 2069 Θεοδοτίωνα,
3227 2023 3245 2055 ι
3284 2003 3549 2072 κωφεύειν
3585 2003 3685 2056 καὶ

2105 2102 2282 2172 σιγᾷν,
2322 2120 2340 2152 ι
2370 2100 2446 2164 ὡς
2477 2101 2543 2153 ἂν
2572 2101 2799 2171 ἐπήκοοι
2831 2099 3068 2168 γένοιντο
3091 2097 3278 2176 θεῖκῆς
3301 2096 3534 2169 ὁμιλίας,
3573 2113 3691 2149 σω..

2100 2194 2288 2264 τηρίου
2313 2209 2371 2245 τε
2407 2191 2779 2264 κηρύγματος.
2808 2193 3023 2262 Νήσους
3055 2191 3111 2243 δὲ
3139 2186 3391 2261 ὀνομάζει
3436 2187 3693 2258 συνεχῶς

2098 2285 2198 2348 τὰς
2224 2284 2283 2350 ἐξ
2306 2286 2560 2339 ἁπάντων
2597 2282 2706 2337 τῶν
2730 2283 2896 2336 ἐθνῶν
2912 2282 3254 2353 Ἑκκλησίας,
3282 2280 3369 2334 διὰ
3400 2280 3461 2333 τὸ
3485 2279 3691 2351 ὥσπερ,

2101 2374 2206 2426 ὑπὸ
2248 2372 2523 2444 θαλάσσης
2573 2370 2959 2445 περιρῤέεσθαι
3009 2372 3115 2425 ὑπὸ
3160 2371 3260 2440 τῆς
3303 2371 3548 2443 ἁλμυρᾶς
3578 2371 3679 2433 τοῦ

2102 2464 2216 2535 βίου
2249 2463 2465 2527 κακίας.
2504 2481 2523 2517 ι
2563 2466 2625 2517 0i
2649 2465 2757 2535 γὰρ
2784 2464 3042 2535 ἄρχοντες
3071 2462 3384 2530 ἀλλάξουσιν
3419 2464 3603 2535 ἱσχύνο
3649 2483 3672 2516 ι

2098 2559 2174 2623 ὡς
2213 2558 2279 2612 ἂν
2313 2556 2666 2628 μεταϐάλοιεν
2702 2558 2789 2611 τὸν
2822 2556 3029 2610 ἑαυτῶν
3057 2558 3277 2630 τρόπον,
3308 2558 3401 2611 καὶ
3433 2556 3681 2628 ἀλλαγὴν

2097 2652 2197 2723 τὴν
2239 2651 2347 2705 ἀπὸ
2376 2650 2491 2705 τῶν
2522 2650 2778 2723 χειρόνων
2826 2651 2916 2703 ἐπὶ
2966 2650 3034 2704 τὰ
3081 2652 3312 2724 κρείττω
3344 2653 3675 2723 ποιήσοιντο.

2103 2762 2122 2795 ι
2183 2744 2587 2813 Ἔγγισάτωσαν
2625 2742 2718 2795 καὶ
2757 2741 3143 2811 λαλησάτωσαν
3189 2742 3338 2813 ἅμα·
3380 2762 3400 2794 ›
3433 2742 3679 2813 δηλονότι

2098 2836 2164 2890 τὰ
2188 2836 2313 2908 ἔθνη
2335 2835 2473 2909 πρὸς
2504 2835 2593 2908 με,
2613 2835 2766 2905 φησὶ,
2789 2836 2880 2887 τὸν
2900 2833 3031 2888 Θεὸν
3063 2836 3459 2904 ἐγγισάτωσαν,
3482 2835 3578 2889 καὶ
3604 2834 3690 2898 τὰ,

2097 2925 2207 2996 ἐμὰ
2233 2928 2451 2997 ῥήματα
2479 2924 2888 2996 λαλησάτωσαν,
2918 2924 3053 2994 ὁμοῦ
3099 2924 3240 2978 κατά
3267 2926 3329 2979 τὸ
3357 2926 3487 2979 αὐτὸ
3523 2926 3679 2996 γενό-

2102 3035 2258 3093 μενα,
2302 3020 2359 3073 ἐν
2396 3021 2464 3091 τῇ
2505 3021 2610 3091 ἐμῇ
2633 3016 2834 3089 δηλαδὴ
2875 3016 3189 3089 Ἐκκλησία.

2174 3130 2194 3163 ι
2225 3111 2358 3165 Τότε
2390 3111 2569 3184 κρίσιν
2598 3108 3093 3178 ἀναγγειλάτωσαν.
3119 3109 3216 3173 Τίς
3258 3110 3539 3183 ἐξήγειρεν
3566 3111 3689 3168 ἀπὸ.

2099 3203 2374 3257 ἀνατολῶν
2421 3201 2801 3273 δικαιοσύνην;
2842 3202 3097 3257 ἐκάλεσεν
3129 3203 3296 3274 αὐτὴν
3336 3202 3476 3257 κατά
3507 3202 3682 3266 πόδας

2098 3295 2286 3361 αὐτοῦ,
2307 3298 2400 3350 καὶ
2418 3295 2742 3367 πορεύσεται
2760 3312 2774 3358 ;
2804 3315 2820 3345 ι
2838 3294 2940 3347 Τὸν
2956 3294 3061 3366 γὰρ
3086 3294 3324 3366 περὶτῆς
3342 3293 3574 3366 κρίσεως
3589 3295 3679 3348 λό-

2098 3406 2192 3459 γον
2214 3386 2461 3458 βούλεται
2480 3385 2717 3458 μαθόντα
2736 3386 2805 3438 τὰ
2820 3385 2944 3458 ἔθνη
2964 3386 3058 3440 καὶ
3073 3385 3276 3454 ἑτέροις
3288 3383 3675 3453 ἀπαγγέλλειν.

2098 3478 2451 3549 Δικαιοσύνης
2477 3480 2587 3551 γὰρ
2630 3478 2788 3549 ἔργον
2829 3474 2898 3550 ἦν
2927 3478 2987 3532 τὸ
3022 3477 3095 3550 μὴ
3126 3478 3290 3541 ἰδίους
3326 3477 3503 3548 μόνον,
3539 3477 3679 3531 ἀλλά

2098 3575 2192 3636 καὶ
2214 3571 2283 3624 τὰ
2302 3572 2465 3626 λοιπά
2488 3571 2614 3642 ἔθνη
2641 3570 2922 3625 καλεῖσθαι
2943 3571 3035 3624 ἐπὶ
3055 3569 3154 3643 τὴν
3175 3569 3269 3623 τοῦ
3294 3568 3427 3623 Θεοῦ
3451 3570 3673 3639 γνῶσιν.

2174 3683 2194 3715 ι
2233 3662 2405 3716 Δὼσει
2439 3662 2680 3716 ἐναντίον
2737 3660 2927 3722 ἐθνῶν,
2987 3661 3080 3714 καὶ
3115 3660 3351 3730 βασιλεῖς
3383 3661 3680 3733 ἐπιστήσειν

2098 3757 2193 3810 καὶ
2223 3754 2385 3808 δώσει
2415 3755 2494 3818 εἰς
2523 3754 2625 3825 γῆν
2653 3752 2752 3816 τὰς
2787 3752 3059 3824 μαχαίρας
3085 3748 3285 3815 αὐτῶν,
3314 3752 3408 3806 καὶ
3436 3753 3512 3818 ὡς
3539 3752 3678 3823 φρύ-

2097 3863 2239 3915 γανα
2281 3846 2564 3916 ἐξωσμένα
2608 3843 2675 3897 τὰ
2712 3844 2839 3909 τόξα
2881 3844 3079 3897 αὐτῶν.
3119 3863 3137 3896 ι
3186 3845 3481 3910 ’Υπέταξεν
3529 3845 3679 3917 αὐτῷ

2100 3936 2350 4001 πολλοὺς,
2381 3937 2467 3989 ἵνα
2497 3933 2703 4008 καθέλῃ
2744 3933 3038 3988 Βαϐυλῶνα
3064 3932 3303 3996 δικαίως.
3351 3935 3521 3998 Αὐτὸς
3561 3934 3672 4008 γὰρ

2097 4025 2167 4101 ἦν
2192 4032 2220 4082 ό
2252 4028 2346 4082 καὶ
2370 4030 2483 4090 τοῖς
2511 4026 2748 4098 πρώτοις
2777 4025 3051 4098 πρόπαλαι
3085 4027 3176 4079 καὶ
3205 4026 3264 4091 ἐξ
3294 4027 3466 4097 ἀρχῆς
3497 4027 3681 4099 θεοφι-

2097 4123 2211 4175 λέσι
2252 4119 2564 4192 γενομένοις
2602 4120 2885 4189 γνωσθεὶς,
2918 4120 3009 4174 καὶ
3052 4122 3081 4173 ό
3123 4119 3258 4190 μετά
3290 4120 3380 4171 τὸν
3412 4119 3677 4191 πρότερον

2097 4212 2222 4267 λαὸν
2260 4212 2367 4265 τῶν
2400 4210 2569 4264 ἐθνῶν
2610 4210 2934 4280 Ἐκκλησίαν
2974 4210 3426 4280 πεπιστευμένος.

2175 4324 2194 4355 ι
2240 4303 2349 4357 Kal
2388 4301 2633 4367 διώξεται
2683 4301 2899 4365 αὐτούς’
2945 4302 3277 4364 διελεύσεται
3314 4303 3372 4354 ἐν
3404 4303 3598 4375 εἰρήνῃ
3640 4303 3674 4374 ἡ

2096 4395 2213 4459 ὁδὸς
2252 4394 2360 4448 τῶν
2400 4393 2574 4445 ποδῶν
2623 4391 2807 4447 αὐτοῦ.
2865 4392 2960 4456 Τίς
3009 4393 3272 4463 ἐνήργησε
3321 4391 3412 4446 καὶ
3453 4392 3675 4462 ἐποίησε

2098 4486 2303 4551 ταῦτας
2356 4484 2645 4537 Ἐκάλεσεν
2677 4483 2845 4555 αὐτὴν
2878 4485 2906 4536 ὁ
2933 4482 3111 4538 καλῶν
3140 4482 3306 4557 αὐτὴν
3341 4483 3449 4536 ἀπὸ
3473 4483 3676 4551 γενεῶν

423 4582 585 4649 «ῐρίο.
621 4600 639 4633 ι
673 4581 1022 4637 Testillcatur
1055 4596 1159 4636 non
1190 4582 1463 4652 vulgarem
1498 4582 1786 4637 utilitatem
1816 4584 1992 4655 genti-

2109 4578 2286 4650 αρχῆς.
2336 4596 2355 4628 ι
2394 4578 2681 4647 Μαρτυρεῖ
2709 4576 2764 4629 δέ
2791 4579 2818 4629 ὁ
2852 4575 3008 4643 λόγος
3045 4575 3307 4643 ὠφέλειαν
3352 4575 3412 4627 οὐ
3442 4574 3539 4646 τὴν
3582 4593 3676 4628 τυ-

423 4676 523 4728 bus
549 4675 931 4735 obveutnram,
971 4674 1018 4730 si
1067 4690 1094 4726 a
1122 4673 1348 4743 pristina
1380 4676 1624 4729 caecitate
1675 4685 1730 4731 et
1771 4676 1994 4730 deorum

424 4765 766 4819 multitudine
801 4766 1097 4830 translatae,
1132 4765 1347 4820 videant
1374 4783 1496 4821 eum
1526 4768 1620 4837 qui
1653 4768 1808 4826 dixit.
1841 4786 1860 4819 ι
1886 4768 1998 4837 Ego

424 4857 566 4913 Deus
607 4860 832 4928 primus,
873 4869 928 4913 et
980 4858 1030 4910 iu
1062 4867 1288 4912 ventura
1349 4869 1587 4928 tempora
1642 4875 1743 4928 ego
1797 4878 1938 4914 sum.
1972 4881 1990 4913 ι

420 4952 590 5019 Quem
641 4968 765 5007 cum
801 4950 1048 5005 viderent
1089 4952 1477 5015 exlimuerunt,
1535 4954 1600 5007 ad
1649 4953 1862 5007 initium
1911 4969 2000 5006 sa-

420 5046 637 5113 pientia:
677 5042 976 5113 profectm;
1018 5060 1141 5097 nam
1196 5062 1214 5096 ι
1257 5043 1477 5101 Initium
1512 5046 1801 5116 sapientia:
1835 5046 1999 5103 timor

424 5136 637 5191 Domini
675 5136 739 5190 “.
770 5155 789 5189 ι

494 5232 655 5284 Vens.
689 5230 806 5287 5-7.
865 5250 882 5279 ι
920 5229 1163 5284 Termini
1201 5240 1361 5284 terrm
1390 5241 1761 5295 accesserunt,
1805 5240 1859 5284 et
1907 5246 1996 5283 ve-

423 5332 621 5377 nerunt
671 5323 855 5386 simul,
895 5323 1557 5394 judicansunusquisque
1602 5325 1845 5391 proximo
1876 5340 1993 5388 suo,

422 5426 478 5468 et
530 5417 686 5469 fratri
732 5416 1003 5474 auxiliari.
1061 5416 1126 5470 Et
1153 5416 1319 5483 dicet,
1348 5415 1639 5470 Praevaluit
1663 5416 1745 5470 vir
1776 5415 1992 5479 artifex,

423 5519 476 5558 et
525 5508 752 5563 a:rarius
784 5509 1099 5577 percutiens
1140 5508 1368 5563 malleo:
1421 5509 1583 5563 simul
1636 5510 1859 5574 cudens,
1907 5509 1998 5562 ali-

425 5599 644 5668 quando
670 5599 885 5668 quidem
916 5601 1079 5667 dicet,
1112 5599 1378 5655 Solidatio
1426 5602 1564 5655 bona
1596 5611 1699 5656 est.
1729 5600 1994 5655 Corrobo-

431 5700 625 5751 rarunt
655 5703 718 5742 ea
750 5689 937 5753 clavis,
972 5701 1171 5763 ponent
1206 5708 1289 5759 ca,
1320 5703 1375 5749 et
1413 5708 1517 5748 non
1561 5691 1938 5749 movebuntur.
1974 5709 1994 5742 ι

495 5846 544 5891 ⁸⁸
574 5845 718 5915 l‘sal,
746 5862 834 5905 cs.
864 5846 928 5904 ω

2096 4668 2297 4740 χοῦσαν
2326 4671 2438 4731 τοῖς
2473 4667 2702 4729 ἔθνεσιν,
2739 4666 2792 4718 εἴ
2817 4684 2880 4735 γε
2917 4663 3314 4736 μεταϐάλλοντα
3350 4664 3449 4734 τῆς
3481 4666 3677 4737 προτέ-

2098 4777 2199 4832 ρας
2252 4757 2512 4828 ἀϐλεψίας
2561 4758 2655 4810 καὶ
2686 4755 2992 4820 πολυθεὴς,
3036 4756 3215 4809 ῐδοσαν
3246 4756 3336 4810 τὸν
3375 4756 3634 4827 εἰρηκότα
3658 4772 3675 4785 ο

2102 4871 2119 4901 ι
2174 4840 2317 4919 Ἐγὼ
2356 4849 2488 4914 Θεὸς
2540 4848 2774 4920 πρῶτος,
2824 4850 2918 4902 καὶ
2951 4852 3029 4913 εἰς
3075 4852 3144 4902 τὰ
3190 4850 3526 4921 ἐπερχόμενα
3566 4848 3676 4917 ἐγὼ

2096 4945 2234 5013 εἰμι.
2277 4960 2295 4991 ι
2346 4942 2457 4994 Kal.
2505 4941 2683 4994 ἰδόντα
2731 4939 3105 5010 ὲςοϐήθησαν,
3139 4941 3196 4993 ἐν
3228 4940 3368 5010 ἀρχῇ
3410 4940 3676 5010 γενόμενα

2098 5032 2288 5102 σοφίας
2311 5049 2323 5061 ·
2374 5052 2394 5085 ι
2445 5031 2611 5103 Ἀρχὴ
2644 5030 2752 5103 γὰρ
2786 5031 2980 5100 σοφίας
3013 5030 3175 5099 φόϐος
3207 5031 3433 5102 Κυρίου.
3476 5051 3494 5083 i

2173 5230 2191 5262 ι
2231 5211 2311 5265 re
2340 5212 2486 5283 ἄκρα
2513 5211 2613 5282 τῆς
2642 5212 2745 5282 γῆς
2778 5212 3031 5282 ἤγγισαν,
3063 5211 3156 5265 καὶ
3187 5207 3349 5282 ἦλθον
3380 5210 3514 5280 ἅμα,
3554 5208 3678 5281 κρί-

2095 5322 2201 5358 νων
2228 5303 2460 5367 ἐκαστος
2486 5302 2564 5373 τῷ
2610 5303 2859 5374 πλησίον,
2892 5302 2988 5356 καὶ
3036 5302 3115 5374 τῷ
3144 5302 3356 5373 ἀδελφῷ
3390 5300 3674 5371 βοηθῆσαι.

2102 5397 2213 5450 Kal.
2245 5398 2387 5468 ἐρεῖ·
2430 5397 2677 5466 Ἴσχυσεν
2710 5394 2848 5467 ἀνὴρ
2880 5395 3104 5460 τέκτων,
3135 5396 3227 5450 καὶ
3260 5393 3489 5466 χαλκεὺς
3514 5393 3542 5445 ὁ
3580 5394 3678 5445 τύ-

2104 5503 2251 5539 πτων
2281 5486 2480 5558 σφύρᾳ,
2515 5475 2630 5558 ἅμα
2653 5486 2911 5550 ἐλαύνων,
2931 5487 3058 5540 ποτέ
3087 5487 3183 5558 μὲν
3212 5489 3344 5558 ἐρεῖ,
3376 5483 3679 5556 Σύμϐλημα

2106 5578 2268 5632 καλόν
2318 5580 2487 5634 ἐστιν.
2543 5581 2868 5652 Ἰσχύρωσαν
2925 5580 3061 5635 αύτά
3111 5582 3167 5633 ἐν
3218 5579 3388 5651 ἥλοις,
3423 5579 3679 5650 θήσουσιν

2106 5671 2262 5737 αὐτὰ,
2295 5672 2387 5727 καὶ
2418 5672 2480 5727 οὐ
2514 5673 2916 5746 κινηθήσονται.
2957 5696 2975 5731 ι
3013 5676 3085 5733 Τὸ
3111 5674 3217 5748 γὰρ
3250 5674 3680 5747 παραδοξότατον
