3984 6510
226 421 331 482 377
1167 407 1660 467 COMMENTARIA
1701 406 1780 459 IN-

1910 403 2058 457 ιλιι.
2112 431 2166 440 -
2209 399 2362 454 cae.
2401 396 2533 450 xu.
2779 371 2785 378 ’
3375 390 3440 444 57

223 535 394 589 τοῦτό
435 536 610 597 ἐστιν,
641 535 723 587 ὅτι
752 534 845 586 καὶ
876 531 943 584 τὰ
977 530 1225 602 βάρϐαρα
1267 530 1406 599 φύλα
1450 531 1542 582 καὶ
1571 528 1640 580 τὰ
1682 529 1801 598 πορ·

1917 523 2045 577 Nam
2062 522 2201 590 quod
2231 534 2326 588 per
2349 518 2567 586 quidem
2587 515 2782 568 tnirum
2813 521 2915 577 est,
2945 509 3188 566 barbara:
3213 509 3480 570 nationes,

222 627 477 700 ρωτάτω
508 624 868 695 ἀπῳκισμένα
913 601 1207 692 Ἰουδαϊκῆς
1241 621 1440 692 χώρας,
1467 620 1586 673 καθ’
1620 619 1686 690 ἢν
1723 618 1801 689 μό-

1917 626 1969 670 et
2012 613 2327 682 leugissime
2370 618 2589 662 remota:
2634 621 2662 658 a
2703 605 2924 659 Judaica
2984 604 3222 671 regione.
3278 601 3330 654 in
3373 617 3483 668 qua

219 735 321 790 νην
348 718 729 787 γνωρίζεσθαι
750 716 1024 786 ἐνομίζετο
1047 716 1108 768 τὸ
1133 715 1358 768 παλαιὸν
1385 716 1412 767 6
1438 713 1588 776 Θεὸς,
1615 713 1801 780 γνῶσιι

1916 708 2030 762 sola
2059 707 2200 760 Deus
2224 703 2354 756 olim
2392 709 2550 755 notus
2583 713 2704 752 esse
2735 697 3049 764 putabatur,
3080 696 3143 748 at!
3175 693 3388 762 pietatis
3421 704 3476 744 et

217 809 506 878 ἀνείληφε
549 809 647 878 τῆς
677 808 954 870 εὐσεϐείας
991 809 1082 861 καὶ
1113 809 1210 878 τῆς
1240 806 1545 869 θεοσεϐείας
1565 823 1576 836 ·
1615 805 1687 868 ὠς
1719 804 1801 858 ὲκ-

1917 797 2194 868 religionis
2247 794 2491 849 notitiam
2540 799 2932 852 accesserunt,
2976 789 3048 841 ita
3094 799 3152 841 ut
3189 788 3255 840 de
3301 785 3478 855 gratia

217 901 518 969 πλαγῆναι
545 899 640 968 τῆς
669 899 760 951 τοῦ
790 898 922 951 Θεοῦ
949 898 1286 968 δικαιοσύνης
1315 898 1411 969 τὴν
1438 898 1615 969 χάριν,
1651 895 1801 949 σπεῦ-

1918 891 2110 946 άίνίιιαξ
2150 888 2371 957 iustitiae
2404 885 3041 953 obstupescerent,atquc
3061 889 3392 933 maturarent
3425 887 3481 930 et

218 991 310 1044 σαί
341 1009 412 1042 τε
454 992 550 1044 καὶ
574 990 744 1043 ἐλθεῖν
773 991 1076 1054 ἀκολούθως
1105 990 1180 1061 τῷ
1214 992 1444 1060 φήσαντι
1476 988 1809 1060 κηρύγματι·

221 1102 241 1134 α
314 1085 766 1150 Ἐγγισάτωσαν,
814 1085 906 1136 καὶ
933 1082 1316 1153 λαλησάτωσαν
1349 1081 1482 1152 ἅμα.
1531 1101 1549 1132 ι
1587 1081 1660 1133 Οὐ
1703 1080 1811 1151 γὰρ

219 1172 393 1241 μόνον
441 1174 672 1234 ἑαυτοὺς
706 1171 897 1236 σώζειν
925 1175 972 1226 οἱ
1007 1172 1358 1242 κεκλημένοι,
1395 1172 1528 1226 ἀλλὰ
1562 1173 1654 1225 καὶ
1687 1173 1811 1235 τοὺς

213 1261 468 1332 πλησίον
518 1261 658 1315 κατὰ
702 1263 826 1324 τοὺς
858 1262 954 1332 τῆς
998 1261 1400 1332 φιλανθρωπίας
1441 1261 1654 1331 νόμους.
1702 1256 1810 1312 Ἶίν

212 1367 354 1402 ποτε
393 1351 599 1420 χρόνος
629 1351 718 1406 ὅτε
753 1349 844 1402 καὶ
891 1350 1048 1420 ἡμῶν
1093 1351 1268 1404 αὐτῶν
1315 1349 1638 1420 κατίσχυσεν
1672 1350 1810 1421 ἀνὴρ

214 1443 441 1495 τέκτων
486 1444 516 1494 6
558 1442 655 1512 τὴν
689 1441 1123 1513 είδωλολατρείαν
1168 1442 1658 1512 κατεργασάμενος,
1715 1441 1810 1494 καὶ

213 1533 470 1602 χαλκεὺς
495 1533 714 1585 τύπτων
754 1534 932 1604 σφύρα
956 1534 1082 1595 τοὺς
1110 1532 1300 1586 ἐαυτοῦ
1341 1532 1492 1595 θεούς
1510 1550 1522 1562 ⁶
1555 1532 1688 1586 ἀλλὰ
1715 1531 1809 1586 νῦν

214 1625 483 1694 ἔγνωμεν
520 1625 578 1676 τὸ
617 1625 784 1695 μηθὲν
815 1624 972 1687 ὄντας
998 1626 1253 1689 ἐκείνους,
1288 1625 1381 1678 καὶ
1408 1625 1507 1694 τῆς
1540 1625 1810 1697 πατρικῆς

213 1719 590 1787 κατέγνωμεν
621 1717 847 1786 πλάνης,
873 1717 900 1768 ὂ
926 1717 988 1788 δὴ
1019 1717 1112 1770 καὶ
1144 1717 1286 1786 ὑμᾶς
1316 1719 1579 1789 προσήκει
1609 1715 1811 1786 μανθά-

213 1825 418 1871 νοντας
453 1807 800 1875 ὠφελεῖσθαι.
828 1810 1032 1878 Δεῖγμα
1054 1807 1107 1862 δὲ
1141 1809 1237 1878 τῆς
1266 1807 1552 1879 ἁδρανείας
1574 1807 1682 1860 τῶν
1707 1807 1812 1860 πάη

211 1896 302 1949 Ita:
334 1898 720 1967 νομισθέντων
751 1900 880 1967 ἡμῖν
911 1897 1048 1951 θεῶν
1076 1896 1137 1949 τὸ
1171 1897 1244 1968 μὴ
1275 1897 1494 1950 ἑστάναι
1527 1897 1806 1964 δύνασθαι,

213 1992 262 2043 εἰ
301 1991 382 2061 μὴ
423 1992 664 2061 γόμφοις
694 1992 803 2043 τισὶ
837 1991 930 2046 καὶ
962 1990 1110 2061 ἥλοις
1141 1992 1455 2062 ἐμπαρεῖεν.

288 2098 308 2130 ς
361 2082 442 2133 Σὺ
474 2081 554 2144 δὲ,
597 2081 812 2151 Ἰσραὴλ
842 2083 968 2144 παῖς
999 2098 1120 2149 μου,
1165 2080 1378 2143 Ἰακὼϐ,
1415 2081 1507 2133 καὶ
1537 2081 1595 2134 ὃν
1633 2081 1808 2146 ἐξελε-

214 2169 428 2240 ξάμην,
459 2170 684 2242 σπέρμα
724 2169 990 2242 Ἀϐραὰμ,
1016 2173 1073 2225 ὃν
1095 2171 1372 2241 ἠγάπησα.
1415 2191 1432 2222 ι
1464 2172 1632 2224 Παῖδα
1662 2170 1810 2242 πρῶ-

212 2277 305 2314 τον
343 2262 635 2332 ὀνομάζει,
677 2261 864 2314 ἔπειτα
895 2262 1167 2326 ἐκλεκτὸν,
1203 2259 1320 2315 εἶτα
1371 2262 1667 2333 ἀγαπητόν.
1705 2262 1808 2315 Τὸν

216 2352 315 2420 μὲν
342 2353 426 2415 ὠς
467 2355 526 2405 ἐν
560 2353 752 2423 ἀρχαῖς
778 2353 903 2406 ὂντα
931 2355 1024 2407 καὶ
1060 2354 1207 2425 φόϐῳ
1249 2353 1492 2418 δουλείας
1531 2354 1808 2422 παιδαγω-

213 2446 310 2511 γού
321 2464 519 2515 μενον,
553 2441 663 2509 οἷος
699 2441 765 2516 ἦν
795 2447 822 2498 6
861 2443 1214 2507 άποστολικὺς
1257 2445 1434 2514 χορὸς,
1473 2443 1562 2498 τὸν
1593 2445 1808 2513 πρῶτον

216 2537 332 2605 βίον
374 2537 492 2588 ὑπὸ
515 2536 608 2588 τὸν
636 2535 980 2603 παιδαγωγὸν
1013 2535 1168 2606 νόμον
1210 2532 1448 2603 γεγονώς
1467 2551 1480 2564 ο
1509 2533 1600 2586 τὸν
1627 2533 1681 2587 δὲ
1714 2535 1810 2587 αὐ-

213 2630 304 2680 τὸν
351 2628 620 2682 ἐκλεκτὸν
661 2626 950 2699 ὀνομάζει,
981 2627 1055 2690 ὡς
1089 2626 1154 2679 ἂν
1184 2627 1534 2698 προκόψαντα
1569 2628 1662 2680 καὶ
1710 2627 1807 2698 τῆς

215 2718 496 2788 σωτηρίου
523 2717 764 2787 κλήσεως
784 2718 874 2770 καὶ
895 2715 1119 2786 ἐκλογῆς
1140 2715 1561 2786 κατηξιωμένον.
1579 2716 1807 2788 Σπέρμα

214 2805 270 2859 δέ
329 2805 595 2877 Ἀϐραὰμ
631 2807 815 2876 ἓτερον
859 2806 1042 2875 τάγμα
1076 2806 1341 2874 τυγχάνον
1389 2805 1538 2876 παρὰ
1585 2806 1644 2857 τὸ
1697 2804 1804 2859 τῶν

215 2897 533 2960 ἐκλεκτῶν,
571 2900 750 2950 ὁποῖον
797 2897 862 2950 ἂν
895 2898 979 2966 εῖη
1013 2896 1074 2948 τὸ
1126 2894 1324 2966 πλῆθος
1365 2895 1472 2948 τῶν
1516 2896 1802 2959 Ἰουδαίων,

216 2993 353 3060 πρὸς
383 2989 485 3053 οὓς
531 2989 910 3057 διαλεγόμενος
942 2990 970 3040 6
1016 2986 1204 3058 Σωτὴρ
1232 2986 1449 3054 ἔλεγεν·
1483 3004 1502 3038 ί
1538 2982 1687 3051 Οἶδα,
1722 2988 1803 3039 ὅτι

219 3083 449 3152 σπέρμα
488 3081 739 3152 Ἀϐραάμ
785 3083 925 3132 ἐστε.
957 3098 975 3130 ι
1008 3080 1222 3150 Ἔτεροι
1250 3077 1306 3131 δὲ
1324 3073 1462 3150 ἦσαν
1485 3072 1629 3132 οὗτοι
1656 3078 1803 3150 παρὰ

1913 983 2178 1042 venirent,
2212 977 2582 1048 praadicationi
2613 975 2997 1043 obsequentes,
3038 989 3158 1042 qua:
3189 974 3290 1033 ait.
3338 991 3355 1022 ι
3381 972 3480 1024 Ac-

1913 1076 2106 1128 cedant
2150 1082 2205 1126 et
2246 1072 2535 1138 loquantur
2585 1067 2766 1120 simul.
2794 1085 2812 1116 ›
2867 1064 2990 1118 Vult
3033 1067 3176 1120 enim
3205 1075 3264 1118 ut
3291 1080 3480 1118 secun-

1912 1168 2036 1220 dum
2084 1164 2442 1220 humanitatis
2491 1161 2660 1228 leges,
2711 1159 2803 1227 qui
2839 1157 3009 1210 vocati
3063 1166 3338 1218 sunt,nou
3368 1168 3488 1206 sna:-

1915 1270 2145 1318 tantum.
2193 1259 2288 1310 sed
2324 1254 2554 1324 proximi
2592 1252 2753 1306 etiam
2804 1250 2965 1303 saluti
3000 1248 3310 1303 consulant.
3354 1245 3477 1301 Fuit

1911 1351 2033 1404 olim
2068 1361 2302 1418 tempus,
2339 1361 2444 1415 quo
2469 1345 2622 1397 faber
2670 1343 2934 1396 idolorum
2991 1341 3186 1408 opifex,
3235 1351 3288 1393 et
3347 1355 3490 1395 ιιι-οε

1911 1445 2024 1496 rius
2047 1442 2239 1495 malleo
2264 1440 2471 1495 cudcns
2499 1439 2624 1489 deos
2657 1449 2805 1500 suos,
2854 1435 2905 1487 in
2959 1450 3056 1487 nos
3083 1433 3434 1503 prwvalerent
3460 1449 3474 1482 :

1912 1545 1966 1588 at
1993 1534 2103 1604 jam
2130 1532 2380 1586 novimus
2409 1544 2502 1583 eos
2527 1527 2656 1580 nihil
2687 1541 2827 1592 esse,
2854 1536 2905 1580 et
2930 1534 3208 1594 paternum
3237 1539 3475 1576 errorem

1911 1625 2253 1684 damnamus,
2284 1624 2429 1687 quod
2454 1633 2546 1670 vos
2570 1617 2635 1670 ad
2664 1618 2952 1670 utilitatem
2973 1627 3210 1671 vestram
3235 1614 3484 1666 ediscere

1909 1728 2048 1781 epus
2098 1719 2200 1766 est.
2236 1707 2626 1763 lmbecillitatis
2673 1716 2852 1759 autem
2888 1721 3074 1760 eorum
3127 1705 3215 1772 qui
3260 1719 3287 1755 a
3321 1703 3478 1756 nobis

1909 1805 2036 1858 olim
2071 1819 2170 1874 pro
2201 1803 2306 1856 diis
2353 1800 2710 1863 habebantur,
2763 1806 3138 1867 argumentum
3184 1804 3286 1858 est,
3335 1795 3477 1862 qttml

1915 1912 1978 1949 ne
2023 1905 2167 1948 stare
2212 1893 2424 1963 quidem
2473 1891 2701 1958 possint,
2750 1887 2852 1941 nisi
2899 1886 3034 1956 palis
3065 1898 3121 1939 et
3147 1885 3316 1939 clavis
3340 1887 3474 1936 deli-

1910 1995 2121 2057 gantur.
2517 1972 2523 1976 ”

1979 2075 2142 2130 Vens.
2174 2076 2227 2129 8.
2296 2074 2416 2128 «Tu
2450 2082 2630 2126 autent
2677 2071 2841 2124 lsrael
2891 2085 3021 2139 puer
3067 2082 3237 2132 tuens,
3285 2065 3473 2127 Jacoh,

1909 2185 2068 2238 quem
2098 2167 2257 2238 elegi,
2297 2182 2480 2221 semen
2519 2164 2822 2228 Abraham,
2850 2178 3008 2232 quem
3060 2161 3245 2215 dilexi.
3280 2178 3297 2210 ι
3336 2157 3473 2210 Pue-

1914 2277 2027 2314 rum
2058 2261 2232 2328 primo
2264 2267 2442 2320 vocat,
2481 2257 2604 2310 hinc
2642 2255 2896 2314 electum.
2955 2264 3136 2320 postea
3190 2251 3474 2305 dilectum.

1912 2351 2143 2406 Puerum
2168 2350 2412 2420 quidem,
2442 2349 2592 2418 quasi
2657 2350 2708 2402 in
2777 2348 2965 2417 primis
3021 2344 3188 2399 initiis
3238 2344 3474 2411 degeret,

1909 2459 1970 2496 ac
1999 2452 2143 2496 metu
2183 2440 2459 2496 servitutis
2513 2441 2919 2506 institueretur;
2950 2437 3125 2508 qualis
3164 2445 3281 2490 erat
3343 2451 3476 2503 apo-

1910 2533 2135 2588 stolieus
2182 2533 2402 2595 chorus,
2438 2532 2526 2600 qui
2582 2532 2754 2599 primo
2799 2533 2922 2585 vitae
2957 2545 3071 2585 sitae
3113 2539 3352 2597 tempore
3376 2526 3482 2581 sub

1911 2627 2028 2694 lege
2061 2627 2214 2695 quasi
2251 2626 2351 2680 sub
2385 2627 2678 2695 paedagogo
2707 2625 2849 2678 fuit:
2893 2625 3140 2676 eumdem
3173 2635 3335 2690 porro
3369 2621 3481 2672 ele-

1908 2727 2052 2770 ctum
2089 2726 2385 2782 nuncupat,
2415 2726 2597 2782 utpote
2630 2715 2721 2784 qui
2747 2713 2992 2783 profectu
3023 2719 3213 2764 auctus
3249 2710 3478 2763 salutari

1907 2809 2194 2861 vocatione
2229 2817 2282 2859 et
2312 2806 2574 2860 electione
2619 2806 2874 2874 dignatus
2927 2786 3246 2857 sit.'Semen
3295 2811 3475 2854 autem

1907 2900 2183 2952 Abraham
2235 2897 2375 2950 alius
2408 2908 2460 2951 et
2495 2897 2787 2950 distinctus
2826 2896 2962 2949 ordo
3007 2903 3089 2947 est
3137 2894 3206 2947 ab
3256 2893 3475 2953 electis,

1906 2991 2082 3060 qualis
2117 2999 2234 3044 erat
2271 2988 2563 3042 multitudo
2615 2987 2948 3051 Judteorum,
2996 2999 3134 3054 quos
3189 2984 3476 3052 alloquens

1912 3081 2167 3135 Salvator
2219 3078 2469 3144 dicebat,
2517 3097 2536 3129 ‹
2593 3077 2719 3132 Scio
2796 3079 2921 3146 quia
3001 3091 3183 3129 semer
3255 3074 3476 3128 Μηδιῂέ

216 3173 284 3226 τὰ
319 3176 496 3227 τέκνα
538 3172 632 3225 τοῦ
685 3171 954 3244 Ἀϐραὰμ,
1006 3171 1133 3242 περὶ
1175 3163 1249 3224 ὧν
1300 3170 1543 3224 ἐδίδασκε
1598 3171 1797 3238 λέγων·

1910 3173 2039 3226 estis
2071 3172 2138 3227 ⁸⁷.
2170 3190 2188 3222 ι
2228 3170 2298 3224 At
2329 3171 2402 3223 illi
2451 3169 2648 3223 diversi
2702 3177 2905 3222 eranta
2933 3167 3059 3221 filiis
3108 3166 3362 3228 Abrahm,
3409 3164 3481 3220 de

223 3281 242 3314 ι
283 3264 346 3315 ΕΞ
375 3265 552 3317 τέκνα
578 3261 671 3315 τοῦ
710 3262 957 3332 Ἀϐραὰμ
987 3258 1107 3335 ἦτε,
1136 3261 1204 3314 τά
1234 3259 1370 3332 ἔργα
1413 3261 1506 3315 τοῦ
1549 3261 1799 3333 Ἀϐραὰμ

216 3357 476 3410 ἐποιεῖτε.
518 3363 550 3406 ι’
591 3354 839 3426 Ἀϐραὰμ
876 3355 972 3425 μὲν
1004 3350 1097 3408 οὖν
1129 3355 1413 3426 ἀγαπητὸς
1438 3350 1504 3428 ἦν
1536 3354 1628 3407 τοῦ
1662 3352 1797 3406 Θεοῦ

220 3450 314 3501 καί
364 3447 566 3516 φίλης’
604 3446 685 3499 διὸ
731 3445 1016 3499 λέλεκται*
1070 3463 1087 3496 ι
1136 3446 1361 3517 Σπέρμα
1409 3444 1687 3516 Ἀϐραὰμ,
1739 3443 1797 3496 ὃν

217 3539 521 3609 ἠγάπησα·
569 3557 588 3590 ι
626 3537 657 3607 ἢ
696 3537 831 3591 κατὰ
870 3537 962 3590 τὸν
1021 3537 1336 3608 Σύμμαχον,
1379 3554 1396 3587 ‹
1442 3537 1668 3607 Σπέρμα
1707 3538 1796 3590 Ἀ-

216 3635 408 3706 ϐραὲμ
465 3632 561 3686 τοῦ
610 3631 760 3702 φίλου
829 3648 960 3702 μου·
1015 3652 1032 3682 ι
1083 3631 1223 3684 κατὰ
1281 3631 1336 3684 δὲ
1395 3632 1485 3685 τὸν
1541 3633 1793 3697 Ἀκύλαν,

219 3743 241 3776 ι
274 3727 514 3796 Σπέρμα
553 3723 834 3794 ἀγαπητόν
867 3741 987 3794 μου.
1033 3741 1052 3776 ι
1096 3724 1167 3776 Τό
1194 3741 1257 3793 γε
1291 3724 1396 3795 μὴν
1439 3724 1657 3794 σπέρμα
1701 3726 1792 3780 aia-

217 3819 304 3871 τοῦ
340 3819 532 3873 οὐκέτι
568 3816 885 3887 ἡγαπῆσθαι
912 3816 1112 3886 ὁμοίως
1140 3815 1218 3886 τῷ
1259 3815 1508 3886 Ἀϐραὰμ
1543 3816 1790 3884 λέγεται·

217 3911 351 3982 πλὴν
381 3909 522 3963 ἀλλὰ
550 3909 645 3965 καὶ
675 3891 995 3978 τὸ⁶σπέρμα
1021 3906 1184 3960 αὑτοῦ
1215 3907 1371 3961 καλεῖ
1396 3907 1484 3962 διὰ
1507 3908 1613 3961 τῶν
1640 3910 1792 3964 ἐκλε-

219 3999 359 4056 κτῶν
407 4000 597 4064 αὑτοῦ,
634 3998 801 4052 εἰπὼν
851 4001 1066 4062 αὐτοῖς·
1125 4018 1144 4050 ι
1192 3999 1495 4070 Πορεύεσθε
1541 4001 1675 4072 πρὸς
1727 4002 1796 4056 τὰ

218 4094 469 4164 πρόϐατα
511 4089 823 4144 ἀπολωλότα
864 4089 1014 4141 οἴκου
1058 4088 1291 4159 Ἰσραήλ.
1337 4109 1356 4139 ›

290 4205 308 4235 ι
346 4181 426 4238 Ob
462 4182 835 4252 ἀντελαϐόμην
865 4183 958 4234 ἀπ’
987 4183 1169 4253 ἄκρων
1190 4183 1299 4253 τῆς
1325 4183 1449 4254 γῆς,
1479 4185 1572 4236 καὶ
1600 4186 1661 4237 ἐκ
1687 4185 1794 4238 τῶν

223 4277 464 4330 σκοπιῶν
494 4275 665 4345 αὐτῆς
697 4275 933 4329 ὲκάλεσά
965 4291 1044 4336 σε,
1085 4275 1177 4327 καὶ
1208 4271 1338 4329 εἶπά
1370 4292 1485 4329 σοι·
1522 4278 1658 4342 Παῖς
1693 4297 1792 4349 μου

220 4365 282 4420 εἷ’
303 4368 644 4439 ἐξελεξάμην
672 4385 750 4430 σε,
773 4368 862 4420 καί
883 4367 981 4421 οὐκ
1000 4367 1356 4436 ἐγκατέλιπόν
1380 4384 1459 4420 σε.
1491 4386 1510 4419 ι
1532 4370 1604 4439 Ση
1614 4370 1792 4439 μαίνει

219 4461 269 4514 δὲ
299 4462 393 4516 διὰ
412 4461 616 4514 τούτων
635 4461 759 4522 τοὺς
786 4461 842 4512 ἐν
866 4463 931 4530 τῇ
949 4459 1216 4530 διασπορᾷ
1235 4457 1328 4511 τοῦ.
1360 4459 1622 4513 Ἰουδαίων
1642 4460 1793 4526 λαοῦ,

1907 3264 2102 3330 quibus
2153 3261 2267 3315 haec
2318 3261 2600 3323 edocebat,
2662 3277 2680 3309 ι
2737 3258 2793 3314 Si
2833 3258 3066 3311 Abrahae
3114 3253 3208 3309 ﬁlii
3263 3253 3478 3317 essetis,

1905 3368 2070 3422 opera
2102 3352 2334 3406 Abraha:
2363 3351 2615 3406 faceretis
2643 3349 2708 3405 ‘3.
2738 3369 2758 3402 ι
2785 3348 3058 3402 Abraham
3085 3362 3214 3417 ergo
3243 3347 3479 3400 dilectus

1906 3455 1960 3500 et
2000 3446 2206 3498 amicus
2261 3444 2350 3498 Dei
2398 3453 2557 3498 erat:
2606 3457 2774 3510 quare
2833 3441 3035 3494 dictum
3074 3449 3179 3503 est,
3235 3458 3254 3490 ι
3291 3453 3474 3493 semen

1903 3535 2205 3600 Abraham,
2237 3551 2396 3602 quem
2422 3534 2625 3602 dilexi;
2668 3553 2685 3586 ι
2721 3533 2857 3596 sive,
2893 3531 3188 3586 secundum
3228 3532 3472 3600 Symma-

1905 3628 2087 3689 chum,
2121 3645 2142 3680 ι
2170 3643 2354 3682 semen
2402 3627 2678 3680 Abraham
2735 3625 2891 3679 amici
2931 3625 3068 3688 mei;
3107 3644 3124 3676 ι
3173 3624 3472 3678 secundum

1903 3718 2155 3788 Aquilam
2190 3734 2339 3785 vero,
2377 3737 2396 3770 ‹
2429 3733 2613 3772 semen
2651 3717 2911 3771 dilectum
2961 3732 3162 3771 meum.
3190 3735 3208 3768 ι
3252 3717 3319 3769 Et
3347 3732 3477 3770 vero

1903 3826 2085 3866 semen
2141 3809 2257 3879 ejus
2287 3827 2389 3866 non
2421 3809 2641 3878 perinde
2673 3822 2834 3877 atque
2866 3808 3141 3862 Abraham
3186 3808 3356 3862 amari
3392 3810 3475 3861 di-

1903 3905 2065 3956 citur.
2088 3902 2340 3956 Attamen
2371 3917 2470 3973 per
2507 3901 2714 3954 electos
2740 3886 2869 3955 seos
2906 3914 3088 3955 semen
3124 3899 3242 3967 ejus
3271 3914 3466 3963 vocat;

1905 4013 2027 4049 nam
2061 3996 2138 4049 ait
2169 3995 2297 4060 illis,
2337 4012 2356 4046 ε
2390 3996 2466 4049 lte
2507 3999 2573 4050 ad
2610 4010 2741 4050 oves
2777 4009 2896 4064 qua:
2931 3993 3233 4063 perieruut,
3280 3993 3475 4047 domus

1901 4089 2067 4143 Israel
2097 4089 2161 4144 δ’.
2187 4107 2206 4139 ι

1974 4179 2139 4232 Vens.
2171 4177 2224 4231 9.
2254 4195 2273 4227 ι
2308 4177 2476 4243 Quem
2508 4177 2774 4246 assumpsi
2810 4177 2876 4230 ab
2902 4177 3159 4231 extremis
3205 4187 3381 4243 terrm,
3419 4185 3472 4230 et

1904 4295 1932 4325 a
1970 4271 2204 4341 Speculis
2233 4271 2349 4340 ejus
2387 4271 2576 4325 vocavi
2618 4278 2690 4330 te,
2738 4279 2790 4324 et
2827 4271 2935 4324 dixi
2979 4271 3098 4336 tibi,
3138 4268 3281 4324 Puer
3324 4287 3474 4324 meus

1904 4381 1962 4418 es
1989 4381 2002 4418 ε
2034 4364 2170 4432 elegi
2233 4374 2304 4427 te,
2355 4371 2410 4416 et
2466 4376 2569 4414 non
2601 4361 2866 4430 dereliqui
2896 4373 2970 4415 te.
3002 4381 3020 4414 ι
3073 4361 3169 4416 His
3202 4378 3361 4432 porro
3399 4363 3471 4416 si-

1906 4458 2129 4526 gnificat
2158 4473 2252 4514 eos
2285 4458 2336 4509 in
2370 4456 2708 4524 dispersione
2744 4453 2950 4506 Judaici
2983 4454 3183 4523 populi,
3206 4470 3339 4524 quos
3363 4454 3472 4522 pri-

221 4552 306 4617 οὖς
327 4551 582 4624 πρώτους
607 4551 864 4621 κατηξίου
882 4550 980 4621 τῆς
1010 4549 1173 4603 αύτοῦ
1195 4550 1458 4621 κλήσεως.
1482 4551 1672 4604 Πολλοὶ
1689 4553 1796 4626 γὰρ

1910 4563 2020 4600 mos
2064 4547 2344 4600 vocatione
2368 4561 2462 4599 sua
2499 4546 2746 4614 dignatus
2774 4553 2876 4596 est.
2907 4545 3232 4610 Apostolicis
3273 4547 3472 4613 quippe

222 4648 360 4700 κατὰ
384 4647 512 4709 τοὺς
538 4645 926 4708 ἀποστολικους
945 4644 1170 4714 χρόνους
1199 4644 1248 4696 οἱ
1278 4644 1384 4697 ἀπὸ
1417 4644 1680 4698 Ἰουδαίων
1707 4647 1798 4699 τὸν

221 4737 456 4810 Χριστοῦ
510 4737 666 4804 λόγον
713 4736 1207 4808 παραδεδεγμένοι,
1258 4736 1318 4788 ού
1355 4737 1512 4806 μόνον
1555 4738 1664 4790 ἀπὸ
1700 4739 1797 4810 τῆς

233 4825 490 4888 Ἰουδαίας
522 4827 625 4896 γῆς
644 4869 658 4892 ,
686 4825 819 4877 ἀλλὰ
849 4824 943 4878 καὶ
988 4826 1045 4877 ἐν
1080 4827 1192 4888 τοῖς
1225 4825 1430 4888 λοιποῖς
1462 4825 1687 4881 ἔθνεσιν.

291 5029 310 5058 σ
359 5010 452 5080 Μὴ
488 5007 689 5079 φοϐοὖο
741 5009 880 5079 μετὰ
915 5007 1009 5062 σοῦ
1050 5011 1158 5080 γάρ
1205 5011 1352 5080 εἰμι’
1391 5009 1464 5082 μὴ
1508 5010 1711 5066 πλανῶ.
1769 5033 1788 5065 ι

231 5096 609 5170 Ἐπιθαρσύνει
643 5099 742 5170 τὴν
773 5098 998 5169 ἐκλογὴν
1038 5098 1260 5170 ταύτην,
1301 5100 1381 5162 εἰς
1412 5100 1471 5153 τὸ
1497 5101 1670 5164 ἀδεῶς
1712 5103 1793 5166 είς

221 5195 394 5247 πάντα
433 5193 503 5244 τὰ
538 5191 664 5261 ἔθνη
694 5191 926 5262 κηρύξαι
959 5193 1019 5244 τὸ
1047 5193 1405 5261 Εὐαγγέλιον·
1437 5193 1465 5246 ὃ
1489 5194 1552 5265 δὴ
1578 5196 1670 5249 καὶ
1694 5197 1793 5248 αύ-

222 5286 303 5348 τδς
339 5285 526 5356 ἐδήλου
558 5286 616 5336 ὲν
650 5285 1001 5353 Εὑαγγελίοις
1026 5286 1054 5338 6
1081 5285 1268 5357 Σωτὴρ
1299 5286 1522 5355 φάσκων
1543 5303 1556 5315 ·
1592 5306 1610 5337 ‹
1659 5285 1788 5339 Ἰδοὺ

221 5377 325 5444 ἐγὼ
357 5377 478 5448 μεθ’
507 5379 658 5447 ὑμῶν
684 5380 796 5449 ειμι
834 5380 1010 5442 πάσας
1038 5378 1135 5441 τὰς
1166 5380 1376 5452 ἡμέρας
1407 5379 1511 5442 ἓως
1543 5381 1640 5450 τῆς
1666 5397 1790 5432 συν-

222 5467 425 5531 τελείας
471 5467 562 5520 τοῦ
607 5469 820 5532 αἰῶνος.
884 5469 1023 5536 Ἐγὼ
1061 5471 1168 5540 γάρ
1207 5472 1321 5540 εἰμι
1363 5473 1390 5524 6
1426 5471 1558 5534 Θεός
1600 5487 1715 5535 σου,
1764 5473 1792 5523 6

223 5557 504 5629 ὲνισχύσας
527 5577 606 5626 σε,
639 5563 732 5619 καὶ
757 5561 1029 5632 ἐϐοήθησά
1057 5579 1156 5614 σοι.

291 5851 334 5883 ⁸⁷
363 5849 520 5909 Joan.
563 5870 677 5919 \‘tu,
708 5856 796 5912 57.
875 5858 917 5891 ⁸⁸
951 5858 1078 5913 ibid.
1117 5858 1204 5914 59.
1281 5861 1322 5892 θ’
1347 5857 1538 5914 Matth.
1570 5872 1622 5922 χ,
1658 5854 1710 5914 6.

1901 4642 2236 4709 temporibus
2266 4657 2332 4694 ex
2361 4639 2565 4695 Judaais
2596 4639 2746 4694 tnulti
2796 4641 3018 4693 verbum
3062 4638 3264 4694 Christi
3294 4653 3472 4691 susce-

1897 4743 2115 4802 perunt,
2161 4749 2266 4785 non
2321 4733 2481 4786 modo
2529 4748 2594 4786 ex
2631 4733 2708 4806 iis
2741 4733 2832 4801 qui
2871 4730 3109 4784 Judaram
3140 4730 3471 4792 incolebant,

1903 4842 2086 4880 verum
2119 4826 2283 4878 etiam
2317 4840 2383 4878 ex
2415 4826 2503 4890 iis,
2539 4825 2632 4894 qui
2677 4839 2844 4893 penes
2879 4824 3115 4892 reliquas
3145 4834 3332 4893 gentes
3371 4823 3470 4876 ha-

1895 4919 2160 4974 bilab'aut.

1968 5009 2132 5064 Vens.
2168 5009 2254 5066 10.
2303 5028 2321 5060 ι
2356 5007 2474 5064 Noli
2525 5009 2737 5072 timere,
2773 5020 2948 5064 tecum
2980 5009 3122 5062 enim
3159 5023 3276 5059 sum
3331 5022 3345 5058 :
3404 5019 3469 5056 ne

1895 5115 2070 5156 erres.
2100 5121 2118 5154 ι
2157 5101 2252 5155 llis
2286 5103 2353 5156 ab
2383 5117 2441 5156 se
2469 5101 2658 5155 electis
2695 5101 2947 5154 fiduciam
2978 5099 3148 5162 addit,
3186 5107 3243 5149 ut
3293 5096 3468 5148 Evan-

1896 5197 2092 5266 gelium
2130 5197 2182 5250 in
2216 5196 2469 5250 omnibus
2495 5197 2748 5264 gentibus
2795 5195 2912 5248 sine
2959 5191 3244 5246 formidine
3275 5188 3469 5257 pracdi-

1893 5294 2055 5350 cent;
2089 5285 2230 5352 quod
2268 5284 2441 5354 ipsum
2483 5283 2798 5339 declarabat
2829 5284 2880 5336 in
2909 5280 3218 5351 Evangeliis
3272 5279 3468 5332 Serva-

1901 5388 1984 5432 tor
2010 5379 2096 5434 his
2129 5377 2332 5444 verbis,
2374 5397 2392 5429 ι
2429 5379 2567 5432 Ecce
2607 5392 2708 5447 ego
2750 5375 3028 5428 vobiscum
3060 5387 3178 5427 sum
3209 5372 3469 5426 oninibns

1899 5474 2106 5535 diebus,
2147 5489 2318 5540 usque
2355 5473 2421 5526 ad
2451 5468 2972 5526 consummationem
3026 5465 3207 5521 saeculi
3247 5465 3314 5518 ⁷⁸.
3353 5465 3465 5533 Ego

1900 5563 2039 5614 enim
2071 5579 2188 5615 sum
2222 5563 2362 5617 Deus
2395 5574 2540 5628 tuus,
2580 5561 2672 5631 qui
2699 5559 3006 5617 confortavi
3040 5567 3111 5625 te,
3141 5567 3192 5611 et
3233 5555 3472 5612 auxili»

1899 5665 1984 5708 tus
2017 5670 2132 5708 sum
2169 5654 2285 5707 tibi.
2320 5673 2338 5705 ›

1788 5859 1831 5891 ⁷ο
1861 5857 2042 5912 Matth,
2083 5873 2267 5928 xxvtt'.
2300 5855 2393 5912 ΞΟ.
