3984 6514
544 366 611 422 79
1171 364 1442 423 EUSEBII
1482 369 1963 430 CESARIENSIS
2000 372 2149 430 OPP.
2183 374 2372 446 PARS
2407 373 2497 432 Ill.
2538 405 2607 420 ι·-
2644 375 3054 435 EXECETICA.

584 487 742 543 Vens.
780 488 864 541 11.
899 505 916 538 ι
949 483 1288 540 Eruntenim
1320 488 1474 557 quasi
1501 505 1603 542 non
1660 492 1794 556 sint,
1845 506 1899 546 et
1933 494 2071 562 peri.
2106 501 2150 556 Α

3642 379 3774 438 380

2255 513 2272 545 ι
2309 495 2558 548 Ἔσονται
2586 496 2694 564 γὰρ
2721 495 2794 560 ὡς
2820 495 2919 550 οὐκ
2947 495 3118 560 ὄντες,
3152 497 3243 550 καὶ
3269 495 3598 550 ἀπολοῦνται
3615 501 3773 553 πάν-

507 583 638 635 bunt
669 596 856 633 omnes
883 578 1180 632 adversarii
1210 579 1307 633 tui.
1335 599 1352 630 ι
1393 582 1555 645 Cave,
1585 583 1778 650 inquit,
1823 595 1975 649 putes
2024 595 2074 640 te

505 681 596 724 tua
651 672 851 724 virtute
895 686 1051 740 posse
1101 680 1260 725 tanta:
1323 675 1690 741 prtedieationi
1743 676 2068 730 ministrare.

504 762 643 815 Nhil
675 761 872 831 quippe
900 778 1043 826 eras,
1079 779 1176 818 nec
1229 766 1525 834 quidquam
1573 781 1734 834 agere
1787 767 2070 834 potuisstes,

504 855 604 905 nisi
641 870 740 919 ego
770 866 944 907 tecmn
977 857 1247 910 exsistens
1281 867 1566 925 tecumque
1599 858 1902 920 auibulans,
1933 861 2072 928 apud

501 957 692 994 (mines
727 953 912 1011 gentes
971 956 1022 998 te
1071 947 1531 1009 corroborassem,
1586 961 1744 1016 teque
1789 951 2070 1017 patientia,

502 1036 906 1101 perseverantia
946 1046 998 1088 et
1036 1038 1234 1092 virtute
1267 1041 1582 1093 muniissem
1613 1057 1626 1104 ;
1667 1051 1723 1093 ut
1755 1042 1846 1093 tibi
1893 1042 2072 1095 Evan~

503 1123 702 1193 gelimn
731 1125 984 1180 omnibus
1017 1131 1330 1196 prtedicanti
1385 1133 1832 1200 impedimentum
1867 1137 2070 1191 tmllum

501 1228 837 1273 occurreret.

575 1310 736 1364 Vens.
788 1312 872 1367 12.
922 1331 940 1365 ι
971 1312 1190 1378 Quaeres
1236 1331 1354 1378 eos,
1387 1327 1442 1370 et
1473 1333 1576 1371 non
1619 1319 1862 1374 invenies
1893 1321 2071 1375 homi-

502 1419 620 1467 nes,
653 1405 741 1474 qui
773 1407 1179 1462 debacchentur
1214 1409 1264 1462 in
1293 1419 1362 1463 te.
1397 1409 1568 1463 Erunt
1591 1411 1734 1463 enim
1781 1413 1931 1482 quasi
1964 1429 2067 1466 non

499 1499 633 1562 sint,
666 1507 721 1551 et
751 1514 856 1552 non
901 1510 1058 1552 erunt
1089 1501 1388 1556 adversarii
1441 1504 1538 1556 tui.
1579 1521 1597 1554 ι
1653 1503 1875 1556 Etiamsi
1927 1504 2068 1558 enim

499 1607 610 1660 quo
647 1601 885 1660 tempore
919 1601 969 1646 te
1009 1593 1398 1662 impugnabant
1430 1603 1485 1649 et
1526 1596 1872 1661 divexahant,
1904 1596 2068 1665 aliqui

496 1683 568 1736 ad
597 1681 764 1737 breve
817 1684 1076 1752 temporis
1116 1687 1350 1753 spatium
1391 1687 1708 1741 viderentur
1739 1704 1898 1755 esse;
1931 1699 1984 1742 at
2013 1700 2068 1743 tu

498 1775 715 1843 quidem
755 1775 1022 1830 subsistes
1052 1793 1116 1830 ac
1141 1779 1510 1846 perinauebis,
1548 1795 1846 1849 eorumque
1883 1781 2067 1849 perui-

2173 603 2264 650 τις
2297 588 2345 639 οἱ
2377 588 2633 641 ἀντίδικοί
2659 605 2772 642 σου.
2818 607 2836 639 ι
2873 589 3011 659 Ὅρα
3035 589 3160 660 γὰρ,
3195 590 3344 658 φησὶ,
3378 593 3584 660 μήποτε
3620 612 3723 664 var;
3752 626 3771 635 -

2174 673 2292 745 θῇς,
2339 677 2414 739 ὼς
2448 680 2512 747 τῇ
2563 676 2724 729 αὑτοῦ
2783 675 2924 746 ίσχύῖ
2967 677 3249 749 δεδύνησαι
3292 680 3528 749 τοσούτῳ
3569 683 3770 752 κηρὺο

2172 783 2342 837 γματι
2376 767 2813 840 διακονήσασθαι.
2852 771 3036 835 Οὐδεὶς
3067 771 3174 842 γὰρ
3216 770 3278 824 ἂν
3320 766 3492 842 ἦσθα,
3536 773 3645 826 οὐδ’
3681 775 3770 828 ἂν

2172 859 2442 931 ἠδυνήθης
2466 878 2538 922 τι,
2568 864 2615 914 εἰ
2650 861 2722 933 μὴ
2753 862 2863 930 ἐγὼ
2895 863 3031 934 μετὰ
3054 863 3145 915 σοῦ
3175 862 3268 926 ῶν,
3293 865 3387 916 καὶ
3415 865 3510 919 σὺν
3539 867 3623 919 σοὶ
3653 884 3766 921 πο-

2177 949 2482 1021 ρευόμενος,
2511 954 2589 1015 είς
2619 953 2794 1006 πάντα
2824 953 2890 1006 τὰ
2917 955 3042 1025 ἔθνη
3071 954 3327 1025 ὲνίσχυσά
3353 972 3431 1017 σε,
3468 957 3794 1027 ὑπομονὴν

2173 1042 2266 1094 καὶ
2313 1043 2604 1115 καρτερίαν
2653 1045 2746 1097 καὶ
2807 1044 3033 1116 δύναμίν
3084 1064 3163 1099 σοι
3207 1047 3618 1119 δωρησάμενος·
3671 1049 3764 1110 ὡς

2175 1133 2340 1204 μηδὲν
2370 1134 2616 1204 ἐμποδών
2651 1153 2732 1188 σοι
2770 1137 3016 1204 γενέσθαι
3051 1135 3277 1208 κώλυμα
3320 1138 3640 1209 κηρύττοντι
3684 1139 3791 1192 τὸ.

2172 1225 2500 1294 Εὑαγγέλιον
2529 1229 2606 1291 εὶς
2641 1230 2865 1292 πάντας.

2248 1336 2266 1368 ι
2309 1319 2571 1390 Ζητήσεις
2597 1321 2819 1384 αὐτοὺς,
2850 1321 2942 1373 καὶ
2972 1320 3030 1372 οὐ
3081 1318 3152 1390 μὴ
3187 1319 3351 1392 εὕρῃς
3384 1322 3510 1384 τοὺς
3533 1321 3787 1393 ἀνθρὼ-

2170 1425 2306 1471 πους
2337 1408 2384 1460 οἳ
2420 1412 2833 1481 παροινήσουσιν
2868 1412 2947 1474 είς
2985 1409 3064 1462 σέ.
3105 1411 3366 1462 Ἔσονται
3391 1411 3498 1482 γὰρ
3537 1413 3611 1475 ὡς
3644 1414 3767 1466 οὐκ

2170 1499 2345 1564 ὄντες,
2381 1502 2474 1552 καὶ
2508 1502 2608 1554 οὐκ
2645 1501 2854 1556 ἔσονται
2882 1503 2930 1554 οἱ
2965 1501 3444 1572 ἀντιπολεμοῦντές
3491 1521 3571 1556 σε.
3627 1524 3645 1554 ι
3678 1505 3760 1557 El

2169 1590 2278 1660 γὰρ
2316 1590 2409 1642 καὶ
2436 1590 2569 1661 πρὸς
2598 1591 2774 1658 ὀλίγον
2804 1591 2987 1656 ἔδοξαν
3020 1585 3157 1642 εἷναί
3192 1607 3353 1654 τινες,
3391 1590 3509 1646 καθ’
3547 1591 3602 1644 ὃν
3631 1610 3763 1644 καις

2172 1683 2262 1754 ρον
2288 1681 2582 1753 ἐπολέμουν
2612 1685 2704 1737 καὶ
2735 1683 2954 1736 ὲδίωκόν
2996 1700 3054 1738 σε
3075 1701 3087 1714 ·
3119 1683 3254 1737 ἀλλὰ
3285 1684 3346 1736 σὺ
3383 1684 3480 1754 μὲν
3518 1684 3614 1754 ἔσῃ
3651 1684 3762 1736 καὶ

2168 1775 2460 1845 διαμενεῖς,
2493 1775 2584 1829 καί
2625 1775 2743 1844 ὄψει
2776 1775 2952 1829 αὐτῶν
2987 1776 3084 1847 τὴν
3131 1775 3402 1828 ἀπώλειαν
3422 1794 3434 1806 ·
3467 1779 3514 1828 οἱ
3557 1776 3614 1828 δὲ
3645 1778 3761 1829 οὐκ

421 1901 428 1912 ι
497 1869 638 1921 ciem
673 1868 919 1935 videbis;
947 1869 1018 1921 illi
1049 1885 1177 1922 vero
1207 1872 1606 1939 quamprimum
1637 1887 1758 1927 esse
1795 1873 2061 1938 desinent,

2172 1867 2397 1932 ἔσονται,
2503 1869 2664 1938 τάχος
2694 1867 3075 1938 ἀφανιζόμενοι
3115 1869 3208 1922 τοῦ
3252 1867 3386 1938 βίου.
3428 1868 3517 1920 Διὸ
3549 1886 3761 1940 καρτε-

497 1975 563 2012 cx
593 1959 696 2013 hac
727 1959 830 2013 vita
857 1961 1039 2014 deleti.
1063 1963 1424 2027 Quamobrem
1454 1979 1804 2032 perseverare
1829 1975 1877 2018 te
1902 1981 2063 2035 opor-

496 2061 594 2112 tet,
635 2061 689 2104 et
715 2051 781 2105 ab
810 2051 873 2105 iis
902 2052 1080 2106 illatas
1110 2069 1378 2107 zerunrnas
1421 2057 1709 2111 sustinere.

568 2144 734 2197 Vens.
778 2145 866 2208 15,
896 2145 984 2201 14.
1009 2165 1024 2195 ι
1059 2146 1321 2212 Quoniam
1351 2163 1450 2217 ego
1476 2148 1614 2204 Deus
1643 2153 1890 2222 tuus,qui
1912 2162 2068 2207 teneo

495 2236 771 2288 dexteram
821 2245 991 2296 tuam,
1034 2239 1124 2306 qui
1175 2239 1294 2294 dico
1354 2242 1471 2307 tihi,
1513 2241 1587 2296 Ne
1635 2245 1826 2300 timeas
1872 2245 2064 2312 Jacob,

496 2328 782 2397 perexigua
818 2326 1003 2382 Israel.
1046 2349 1063 2382 ι
1116 2330 1249 2384 Nam
1304 2335 1615 2402 paucis-.itni
1656 2352 1786 2391 sane
1839 2354 2064 2393 numero

495 2429 651 2472 erant
680 2420 924 2490 discipuli
960 2423 1262 2478 Salvatoris
1297 2427 1507 2490 nostri;
1549 2429 1807 2483 nimirum
1855 2431 2059 2486 duode-

494 2513 600 2566 cim
637 2513 889 2581 apostoli,
922 2525 977 2566 et
1004 2527 1126 2584 post
1152 2517 1275 2570 illos
1303 2520 1642 2589 septuaginta
1670 2521 1781 2574 alii.

574 2604 732 2659 Vsus.
769 2605 856 2659 15.
889 2625 908 2656 ‹
948 2607 1085 2660 Ecce
1119 2607 1219 2662 feci
1254 2619 1304 2661 te
1334 2611 1487 2677 quasi
1521 2611 1747 2679 plaustri
1784 2623 1930 2666 rotas
1970 2613 2067 2668 tri-

496 2708 763 2761 turantes,
830 2711 1096 2764 recentes,
1157 2701 1208 2754 in
1265 2715 1539 2754 serrarnm
1595 2704 1836 2758 modum.
1893 2723 1910 2754 ι
1973 2703 2064 2758 Sic

495 2792 635 2862 enim
671 2789 844 2844 virtus
885 2786 1292 2846 cBrrohorantis
1341 2807 1434 2848 eos
1481 2795 1890 2858 ostendebatur,
1929 2797 2057 2850 dum

494 2882 594 2946 ipsi
627 2881 759 2936 nihil
787 2898 818 2936 a
854 2898 1037 2937 verme
1066 2883 1366 2950 diﬂ‘errent,
1397 2889 1492 2938 sed
1533 2887 1699 2940 etiam
1752 2889 2060 2957 paucissimi

493 2985 697 3037 essent,
729 2989 792 3028 ac
821 2977 1023 3029 mortui
1058 2977 1432 3046 cadaveraque
1467 2977 1683 3034 lsraelis
1726 2981 2060 3036 viderentur.

493 3065 807 3129 llnjusmodi
837 3080 1013 3121 tamen
1065 3084 1187 3121 cum
1231 3079 1432 3130 essent,
1484 3083 1724 3124 retarum
1764 3080 1818 3124 et
1869 3087 2062 3125 currus

500 3158 699 3222 instar,
739 3173 840 3214 ceu
895 3161 1183 3228 quamdam
1215 3162 1422 3229 paleam
1454 3162 1828 3228 dillindebant,
1882 3164 2062 3218 diaba-

493 3250 652 3304 iicum
708 3252 992 3320 impiarum
1043 3255 1281 3322 gentium
1327 3254 1528 3308 cultum
1596 3264 1650 3308 et
1700 3255 2057 3310 idololatrian:

494 3343 816 3398 triturantes
853 3355 905 3398 et
935 3355 1210 3399 seCautcs.
1257 3363 1275 3396 ι
1307 3345 1371 3398 Et
1406 3346 1686 3400 triturabis
1737 3355 1966 3409 montes,
2005 3355 2060 3400 et

493 3436 830 3490 coriiminues
867 3438 1050 3500 colles,
1082 3448 1136 3490 et
1171 3447 1428 3507 tauquam
1463 3439 1736 3508 pulverem
1777 3453 1964 3508 pones.
2001 3457 2020 3490 ι

564 3529 726 3585 Vens.
757 3530 843 3584 16.
885 3550 903 3582 ι
937 3531 999 3583 Et
1032 3531 1333 3592 ventilahis,
1364 3541 1417 3583 et
1452 3542 1644 3586 ventus
1675 3530 1890 3585 auferet
1940 3544 2057 3595 eos,

489 3629 547 3674 et
601 3623 758 3676 turbo
823 3623 1095 3691 disperget
1146 3637 1261 3676 eos.
1308 3624 1386 3677 Tu
1439 3633 1623 3677 autem
1681 3623 1953 3678 laetaberis
2007 3624 2060 3675 io

493 3715 694 3767 sanctis
740 3714 966 3770 Israel»
1020 3714 1124 3769 Per
1155 3726 1364 3769 montes
1412 3726 1466 3769 et
1504 3715 1673 3770 colles
1717 3716 2061 3770 adversarius

491 3815 824 3874 potestates,
895 3807 1021 3860 olim
1061 3816 1250 3860 contra
1311 3805 1402 3859 Dei
1463 3807 1827 3874 cognitionem
1882 3807 2061 3860 insur-

492 3906 678 3963 gentes
729 3897 1112 3962 subindicaus;
1162 3896 1231 3948 ita
1291 3903 1348 3946 ut
1397 3909 1553 3947 error
1598 3895 1690 3949 ille
1760 3897 2059 3950 diabolicus

490 3989 630 4054 apud
679 3998 865 4058 gentes
913 4004 1016 4042 non
1066 3987 1204 4040 ultra
1236 3983 1517 4038 subsistat.
1555 3983 1652 4039 llis
1695 4000 1859 4054 porro
1905 4002 2059 4038 mon-

492 4079 633 4134 tibus
672 4091 722 4134 et
767 4080 995 4134 collibus
1030 4081 1094 4134 de
1141 4075 1318 4132 medio
1357 4076 1587 4130 sublatis
1632 4093 1694 4130 ac
1739 4078 1950 4142 deletis,
2003 4087 2056 4132 tu

490 4173 604 4240 ipse
654 4190 842 4229 servus
891 4191 1040 4229 meus
1083 4173 1308 4238 electus,
1349 4186 1446 4240 per
1489 4185 1650 4239 quem
1697 4171 1810 4225 hate
1857 4185 2050 4240 perpe-

492 4267 682 4319 tramla
733 4277 892 4329 sunt,
937 4267 1206 4320 laetaberis
1253 4269 1304 4320 in
1365 4265 1628 4329 Domino,
1671 4273 1723 4318 et
1766 4265 1818 4316 in
1868 4273 2056 4317 sancto

489 4356 653 4411 Israel
683 4356 1009 4412 laudaberis.

565 4535 723 4592 Vens.
756 4539 839 4591 17.
883 4558 902 4590 ι
933 4540 997 4594 Ει
1031 4541 1376 4597 οιεηιιιιιιιιιιι
1422 4558 1686 4614 pauperes
1728 4554 1783 4598 et
1836 4543 2043 4613 inopes.
2082 4551 2125 4604 [δ

483 4627 739 4694 Ωιιωιειιι
786 4631 927 4684 enim
961 4648 1178 4702 aquam,
1223 4645 1278 4688 et
1311 4649 1413 4688 non
1445 4637 1550 4689 erit
1577 4653 1590 4689 :
1623 4635 1802 4704 lingua
1860 4650 2044 4690 eorum

484 4738 593 4790 prae
627 4722 715 4776 siti
762 4725 992 4777 eXaruit.
1040 4725 1148 4794 Ego
1196 4725 1452 4780 Dominus
1504 4727 1684 4781 Deus:
1737 4741 1836 4794 ego
1884 4741 2051 4780 exau-

484 4813 625 4866 diant
680 4813 818 4868 Deus
866 4815 1028 4869 Israel
1053 4856 1066 4879 ,
1110 4825 1164 4870 et
1199 4833 1301 4869 nou
1336 4817 1706 4888 derelinquam
1741 4834 1852 4873 eos.
1891 4838 1908 4870 ι
1943 4819 2043 4884 Qui

483 4916 663 4959 autem
699 4906 882 4959 istha-c
927 4909 990 4959 ad
1027 4910 1182 4961 linem
1217 4909 1439 4964 deducta
1491 4912 1621 4973 sint,
1661 4919 1714 4964 et
1750 4913 2045 4964 etiamnum

484 5007 809 5066 peragantur
838 4999 889 5052 in
909 4999 1151 5054 ecclesiis
1167 5001 1278 5064 Dei,
1303 5018 1421 5072 qua:
1439 5017 1531 5070 per
1549 5002 1841 5072 discipulos
1864 5003 2048 5056 Salva-

485 5089 618 5143 toris
655 5091 822 5142 nostri
853 5092 1103 5145 omnibus
1131 5091 1182 5143 in
1221 5093 1352 5146 locis
1397 5093 1628 5148 lntnlatzn
1669 5105 1816 5157 sunt,
1849 5094 2048 5147 intelli—

481 5196 593 5250 ges,
623 5182 666 5236 si
697 5183 934 5236 animum
981 5185 1310 5238 adhibueris.
1341 5185 1543 5237 Animae
1573 5186 1732 5250 igitur
1768 5201 1887 5254 qua:
1917 5184 2042 5237 olim

484 5273 536 5326 in
567 5276 813 5342 gentibus
842 5276 1029 5343 inopes
1055 5291 1118 5329 ac
1151 5275 1241 5328 Dei
1276 5276 1582 5343 cognitione
1612 5286 1834 5342 egentes
1866 5284 2044 5336 erant,

425 5359 427 5362 ⁴
483 5379 583 5418 nec
633 5365 716 5420 vel
765 5366 959 5420 stillant
1027 5366 1215 5420 viviﬁci
1281 5380 1438 5436 potus
1494 5367 1800 5426 habebant.
1860 5366 1932 5417 ita
1990 5373 2048 5416 ut

483 5453 661 5524 lingua
701 5473 909 5524 earum,
957 5469 1011 5512 et
1052 5474 1231 5512 sermo
1267 5474 1329 5512 ea
1384 5459 1631 5528 prolatus
1668 5468 2004 5512 exaresceret
2029 5498 2044 5523 ,

484 5549 627 5616 quod
661 5565 727 5604 ne
776 5561 938 5615 guttae
989 5551 1204 5618 quidem
1257 5549 1512 5604 salutaris
1559 5550 1707 5604 verbi
1755 5549 2049 5618 participes

484 5653 696 5709 essent;
733 5645 932 5698 eaedem
987 5644 1116 5713 ipsa:
1151 5654 1246 5711 per
1293 5641 1570 5696 ctelestem
1611 5641 1839 5708 gratiam
1897 5640 2050 5693 inex-

485 5743 779 5801 spectatum
822 5735 1139 5791 henelicium
1187 5741 1539 5802 acceperunt,
1589 5732 1847 5796 fontibus,
1878 5731 2053 5786 t'lumi-

486 5824 643 5880 nibus
669 5833 721 5881 et
753 5827 1072 5883 omnimodis
1115 5826 1271 5896 aquis
1306 5825 1530 5882 viviticis
1570 5824 1819 5896 replete;
1867 5833 2050 5896 utpote

2171 1964 2280 2030 ρεῖν
2315 1977 2372 2012 σε
2400 1961 2683 2031 προσήκει,
2719 1960 2810 2012 καὶ
2847 1960 3134 2028 ὑπομένειν
3172 1960 3272 2023 τὰς
3337 1958 3395 2023 ἐξ
3429 1959 3606 2013 αὐτῶν
3647 1963 3760 2015 ἑπ-

2174 2053 2436 2125 ιγομένας
2468 2052 2690 2121 θλίψεις.
3630 2109 3640 2116 ,

2243 2146 2259 2192 ἆ
2298 2143 2419 2193 ’Ότι
2448 2140 2558 2209 ἐγὼ
2592 2143 2619 2193 ὁ
2649 2141 2779 2204 Θεός
2813 2159 2926 2203 σου,
2966 2142 2993 2193 ὁ
3027 2141 3245 2211 κρατῶν
3284 2142 3380 2212 τῆς
3410 2139 3589 2203 δεξιᾶς
3625 2155 3756 2204 σου,

2166 2234 2194 2286 ὁ
2214 2233 2384 2301 λέγων
2413 2250 2521 2286 σοι’
2551 2233 2643 2304 Μὴ
2666 2233 2851 2303 φοϐοῦ,
2889 2233 3101 2297 Ἰακὼϐ,
3127 2233 3400 2301 ὀλιγοστὸς
3440 2233 3672 2305 Ἰσραήλ.
3723 2253 3749 2287 ι

2179 2325 2377 2394 Ὀλίγοι
2411 2326 2520 2398 γὰρ
2553 2325 2642 2378 τὸν
2685 2324 2914 2395 ἀριθμὸν
2957 2324 3248 2394 ἐτύγχανον
3289 2327 3336 2378 oi
3367 2327 3457 2379 τοῦ
3491 2327 3756 2396 Σωτῆρος

2166 2418 2320 2489 ἡμῶν
2356 2417 2624 2488 μαθηταὶ,
2663 2416 2870 2470 δώδεκα
2908 2417 3004 2486 μὲν
3037 2417 3188 2481 ὄντες
3233 2417 3547 2470 ἀπόστολοι·
3592 2417 3754 2471 ἑϐδο-

2167 2511 2410 2581 μήκοντα
2438 2509 2497 2561 δὲ.
2526 2509 2575 2561 oi
2608 2508 2720 2578 μετ’
2749 2507 2964 2570 αὐτούς.

2241 2620 2259 2652 ι
2303 2600 2433 2652 Ἰδοὺ
2469 2599 2699 2669 ἐποίησὰ
2734 2615 2791 2650 σε
2833 2599 2908 2661 ὼς
2937 2599 3162 2669 τροχοὺς
3191 2598 3408 2670 ἁμάξης
3447 2597 3749 2662 ἀλοῶν-ξας,

2167 2694 2405 2755 καινοὺς,
2448 2691 2894 2763 πριστηρσειδείς.
2951 2709 2967 2740 ι
2999 2690 3155 2742 Οὕτω
3185 2691 3292 2761 γὰρ
3323 2693 3354 2761 ἡ
3389 2690 3613 2760 δύναμις
3645 2691 3750 2744 τοῦ

2166 2788 2507 2858 ὲνισχύοντος
2550 2788 2744 2849 αὐτοὺς
2783 2784 3105 2848 essm-35:0,
3156 2786 3244 2837 ὅτε
3277 2786 3430 2838 αὐτοὶ
3460 2785 3750 2856 σκώληκος

2163 2877 2313 2929 οὐδὲν
2346 2876 2589 2946 διέφερον
2609 2915 2622 2936 ,
2651 2875 2784 2927 ἀλλὰ
2813 2877 2904 2927 καὶ
2935 2873 3198 2942 ὀλιγοστοὶ
3230 2869 3390 2945 ἦσαν,
3432 2871 3524 2927 καὶ
3551 2875 3749 2946 νεκροὶ

2164 2967 2258 3020 καὶ
2286 2966 2577 3029 τεθνεῶτες
2607 2965 2701 3018 τοῦ
2746 2964 2958 3035 Ἰσραὴλ
2988 2963 3300 3034 ἐτύγχανον.
3345 2965 3530 3034 Ὅμως
3563 2963 3748 3018 τοιοῦ-

2163 3071 2244 3106 τοι
2291 3054 2461 3117 ὄντες,
2509 3053 2696 3124 ῶσπερ
2745 3053 2867 3106 τινὰ
2917 3053 3170 3124 καλάμην
3216 3053 3490 3125 διέτεμνον
3527 3054 3744 3125 τροχῶν

2165 3146 2257 3198 καὶ
2288 3145 2501 3216 ἁμάξης
2527 3146 2746 3214 τρόπον,
2775 3144 3036 3212 ἀλοῶντες
3065 3147 3156 3198 καὶ
3182 3146 3604 3217 καταπρίζοντες
3626 3145 3744 3199 τῶν

2163 3237 2471 3304 ἀλλοφύλων
2495 3237 2582 3288 καὶ
2599 3235 2770 3292 ἀθέων
2797 3235 2964 3288 ἐθνῶν
2985 3236 3080 3307 τὴν
3103 3237 3416 3308 δαιμονικὴν
3440 3237 3738 3292 θεοποιίαν.

2170 3345 2186 3378 ι
2232 3327 2338 3380 Καὶ
2377 3325 2624 3395 ἀλοήσεις
2671 3324 2793 3396 ὅρη,
2845 3326 2938 3377 καὶ
3000 3324 3279 3388 λεπτυνεῖς
3341 3325 3594 3396 βουνοὺς,
3639 3328 3742 3381 καὶ

2162 3420 2237 3484 ῶς
2269 3420 2428 3490 χνοῦν
2455 3419 2661 3491 θήσεις.
2700 3441 2716 3470 ι

2239 3554 2256 3584 ι
2295 3536 2404 3588 Καὶ
2468 3535 2793 3606 λικμήσεις,
2849 3537 2942 3590 καὶ⁸
2983 3537 3179 3606 ἄνεμος
3241 3537 3468 3608 λήψεται
3513 3539 3738 3606 αὐτοὺς,

2161 3627 2254 3681 καὶ
2312 3627 2562 3695 καταιγὶς
2620 3626 2903 3699 διασπερεί
2967 3629 3182 3692 αὐτούς.
3244 3631 3316 3683 Σὺ
3376 3630 3432 3683 δὲ
3499 3631 3739 3702 εὐφραν-

2162 3719 2299 3793 θήσῃ
2331 3721 2387 3773 ὲν
2419 3723 2531 3785 τοῖς
2558 3722 2735 3790 ἁγίοις
2773 3722 3008 3794 Ἰσραήλ.
3047 3742 3064 3774 ι
3097 3725 3232 3794 Ὀρη
3265 3725 3351 3775 καὶ
3391 3723 3609 3794 βουνοὺς
3636 3724 3739 3787 τὰς

2160 3811 2538 3882 ἀντικειμένας
2564 3814 2840 3884 δυνάμεις,
2878 3813 3043 3867 πάλαι
3078 3815 3218 3867 κατὰ
3243 3815 3341 3884 τῆς
3362 3813 3614 3882 γνώσεως
3638 3815 3735 3868 τοῦ

2158 3901 2291 3954 Θεοῦ
2319 3904 2704 3973 ἐπαιρομένας,
2736 3905 3100 3974 αἰνιττόμενος
3121 3922 3134 3935 ο
3169 3897 3242 3967 ὥς
3270 3905 3465 3976 μηκέτι
3495 3907 3735 3974 ὑφεστὲ-

2159 4011 2243 4046 ναι
2271 3994 2419 4065 παρὰ
2445 3997 2557 4057 τοῖς
2595 3994 2767 4047 ἔθνεσι
2816 3996 2905 4067 τὴν
2931 3995 3245 4067 δαιμονικὴν
3274 3997 3500 4067 πλάνην.
3532 3998 3652 4050 Τῶν
3675 3997 3736 4051 δὲ

2158 4084 2526 4138 ἁποδοθέντων
2555 4085 2695 4155 ὀρῶν
2739 4087 2829 4138 καὶ
2855 4085 2964 4137 τῶν
2995 4084 3336 4156 δηλωθέντων
3363 4086 3566 4154 βουνῶν
3591 4079 3738 4155 ἀφα-

2157 4175 2262 4227 νῶν
2298 4176 2622 4245 γενομένων,
2665 4177 2727 4228 σὺ
2771 4175 2931 4237 αὐτὸς
2970 4177 2997 4226 ὁ
3036 4174 3218 4237 δοῦλός
3259 4192 3359 4244 μου
3391 4179 3418 4228 ὁ
3454 4175 3732 4240 ἐκλεκτὸς,

2155 4263 2221 4317 δι’
2246 4257 2305 4316 οὗ
2331 4262 2498 4316 ταῦτα
2519 4262 2891 4334 κατώρθωται,
2924 4263 3268 4335 εὐφρανθήσῃ
3300 4265 3357 4316 ἐν
3398 4265 3607 4336 Κυρίῳ,
3637 4268 3734 4320 καὶ

2158 4353 2216 4406 ὲν
2244 4353 2319 4424 τῷ
2351 4354 2492 4423 ἁγίῳ
2531 4355 2740 4426 Ἰσραὴλ
2771 4355 3124 4428 ὲπαινεθήσῃ.

2229 4557 2246 4588 ι
2276 4539 2384 4591 Καὶ
2416 4539 2826 4607 ἀγαλλιὰσονται
2857 4542 2903 4594 οξ
2936 4541 3137 4611 πτωχοὶ
3172 4544 3264 4594 καὶ
3301 4541 3514 4605 ἐνδεεῖς.
3559 4543 3732 4614 Ζητή-

2158 4647 2306 4683 σουσι
2337 4629 2444 4702 γὰρ
2465 4630 2629 4702 ὕδωρ,
2661 4633 2752 4684 καὶ
2777 4632 2874 4684 οὐκ
2907 4632 3077 4685 ἔσται·
3109 4635 3140 4703 ἡ
3172 4633 3393 4701 γλῶσσα
3423 4633 3596 4686 αὐτῶν
3622 4635 3732 4687 ἀπὸ

2155 4722 2254 4793 τῆς
2287 4721 2443 4790 δίψης
2483 4720 2775 4792 ἐξηράνθη.
2829 4722 2967 4791 Ἐγὼ
2996 4724 3197 4795 Κύριος
3225 4726 3251 4776 ὁ
3282 4724 3431 4786 Θεός·
3497 4723 3606 4792 ἐγὼ
3635 4726 3736 4776 ὲπ-

2155 4811 2286 4864 ακοὺ
2300 4829 2453 4881 sopiat
2497 4813 2524 4864 ὀ
2557 4813 2932 4884 ΘεὸςἸσραὴλ,
2974 4814 3068 4868 καὶ
3097 4815 3196 4866 οὐκ
3233 4815 3605 4884 ἐγκαταλείψω
3633 4817 3734 4868 αῦ-

2153 4907 2298 4968 τούς.
2339 4923 2357 4955 ι
2403 4905 2588 4968 Ὅπως
2613 4905 2667 4957 δὲ
2697 4906 2864 4958 ταῦτα
2897 4907 3084 4968 τέλους
3116 4906 3292 4976 ἔτυχε,
3327 4909 3418 4960 καὶ
3441 4909 3606 4960 εἰσέτι
3636 4909 3732 4963 νῦν

2154 4996 2454 5064 ἐνεργεῖται
2502 4997 2557 5047 ἐν
2605 4999 2723 5058 ταῖς
2769 4996 2856 5049 διὰ
2888 4997 2995 5048 τῶν
3048 4997 3298 5068 μαθητῶν
3341 4998 3434 5051 τοῦ
3482 4999 3733 5071 Σωτῆρος

2152 5084 2310 5153 ἡμῶν
2357 5084 2495 5136 κατὰ
2526 5083 2698 5140 πάντα
2726 5086 2886 5138 τόπον
2922 5086 3247 5157 ἱδρυθείσαις
3286 5088 3601 5158 ἐκκλησίαις
3637 5088 3731 5142 τοῦ

2152 5174 2308 5234 Θεοῦ,
2343 5175 2440 5244 τὴν
2472 5173 2706 5227 διάνοιαν
2744 5175 3042 5246 ἐπιστήσας
3073 5179 3214 5248 εἴσῃ.
3264 5180 3326 5231 Αἱ
3360 5179 3488 5246 γοῦν
3532 5179 3592 5231 τὸ
3626 5197 3733 5232 πα-

2154 5266 2303 5318 λαιὸν
2338 5265 2706 5334 πτωχεύουσαι
2745 5267 2800 5317 ἐν
2835 5269 2944 5330 τοῖς
2979 5266 3153 5320 ἔθνεσι
3181 5267 3349 5338 ψυχαὶ
3383 5270 3476 5322 καὶ
3509 5269 3604 5339 τῆς
3637 5270 3730 5321 τοῦ

2155 5356 2288 5408 θεοῦ
2319 5355 2567 5425 γνώσεως
2594 5356 2789 5419 ἐνδεεῖς
2817 5356 2994 5422 οὖσαι,
3013 5360 3105 5412 καὶ
3125 5361 3256 5430 μηδὲ
3287 5360 3474 5431 (invia:
3497 5360 3729 5424 ζωτικοῦ

2159 5450 2401 5518 πόματος
2427 5449 2775 5518 κεκτημέναι,
2809 5449 2884 5512 ὡς
2905 5451 3004 5521 τὴν
3041 5451 3288 5518 γλῶσσαν
3315 5453 3488 5506 αὐτῶν
3515 5456 3608 5507 καὶ
3639 5455 3730 5507 τὸν

2156 5539 2221 5592 δι’
2277 5540 2444 5610 αὐτῆς
2493 5541 2929 5610 προσφερόμενον
2970 5541 3126 5610 λόγον
3178 5542 3487 5613 ὲξηρὰνθαι,
3527 5544 3615 5596 διὰ
3669 5544 3728 5596 τὸ

2161 5633 2426 5704 μηδεμιᾶς
2484 5633 2682 5695 νοτίδος
2726 5632 2885 5701 λόγου
2938 5634 3204 5705 σωτηρίου
3257 5635 3522 5705 μετέχειν·
3567 5626 3727 5687 αὗται

2158 5726 2456 5799 παραδόξου
2502 5729 2858 5797 τετυχήκασιν
2889 5729 3203 5797 εὐεργεσίας
3237 5731 3322 5783 διὰ
3346 5731 3442 5801 τῆς
3473 5729 3724 5802 οὐρανίου

2155 5822 2373 5893 χάριτος
2429 5819 2792 5891 πληρωθεῖσαι
2839 5838 2896 5878 τε
2944 5821 3153 5889 πηγῶν,
3210 5824 3300 5878 καὶ
3337 5822 3592 5880 ποταμῶν
3637 5819 3724 5874 καὶ
