3984 6528
242 413 366 471 531

1212 417 1712 478 COMMENTMUA
1755 421 1818 478 iN
1857 420 2116 478 ISAIAM.
2158 453 2230 467 --
2263 422 2413 477 CAP.
2458 423 2589 478 XLI.

3430 425 3536 482 58!

244 538 562 593 παντοίων
597 537 843 603 ζωτικῶν
891 539 1116 603 ὑδάτων,
1148 543 1222 605 ὡς
1250 544 1614 599 ἀπολαύουσαι
1662 545 1845 609 ὓδατος

1975 561 2094 613 quze
2141 560 2202 599 ea
2253 546 2366 614 ipsa
2405 544 2712 598 fruerentur
2759 560 2922 613 aqua,
2970 543 3034 598 de
3080 559 3182 614 qua
3219 546 3464 615 superius
3488 549 3532 580 "

241 631 400 701 περὶ
436 627 509 684 οὗ
533 631 788 700 ἀνωτέρω
817 631 1047 700 ἐλέγετο·
1087 651 1103 682 ι
1129 634 1237 686 Καὶ
1265 635 1475 689 πίονται
1511 636 1652 709 ὕδωρ
1678 640 1741 690 ἐκ
1762 635 1869 690 τῶν

240 725 483 794 πηγῶν
507 711 602 776 τού
637 724 922 796 σωτηρίουο
959 743 976 775 ι
1015 724 1123 777 εἴτε
1149 727 1256 778 ἀπὸ
1281 727 1472 797 πηγῶν
1497 729 1589 780 τοῦ
1633 729 1867 799 Ἰσραὴλ,

239 809 326 868 ὧν
393 815 819 884 ἐμνημόνευσεν
863 817 891 868 ὁ
944 817 1118 886 φήσας
1145 815 1344 885 λόγος,,
1371 839 1388 869 ι
1434 819 1522 872 Ἐν
1556 820 1868 889 ἐκκλησίαις

236 905 555 972 εὐλογεῖτε
580 906 671 958 τὸν
704 906 834 957 Θεὸν
864 906 1062 976 Κύριον
1093 908 1156 959 ἐκ
1184 908 1373 980 πηγῶν
1411 910 1644 981 Ἰσραήλ.
1673 930 1689 962 ι
1730 910 1866 963 Τοῦ-

230 1012 306 1048 το
357 995 413 1047 δ’
461 999 530 1048 ἂν
563 997 649 1065 εἴη
677 997 737 1048 τὸ
771 997 992 1067 Πνεῦμα
1038 997 1096 1049 τὸ
1138 998 1291 1066 ἅγιον
1334 1000 1394 1051 τὸ
1439 1001 1681 1069 πηγάζον
1714 1004 1769 1054 ἐν
1798 1005 1863 1073 τῇ

250 1086 593 1158 Ἐκκλησία
635 1087 728 1140 τοῦ
765 1087 919 1151 Θεοῦ,
962 1090 1055 1142 καὶ
1101 1091 1406 1162 ἀνομϐροῦν
1447 1091 1613 1144 ὕδατα
1665 1092 1861 1158 ζῶντα,

228 1179 380 1229 τοτὲ
432 1181 539 1247 μὲν
566 1178 675 1231 ἀπὸ
704 1180 801 1248 τῆς
825 1181 1064 1244 Παλαιᾶς
1091 1181 1391 1252 Διαθήκης,
1417 1183 1611 1237 τοτὲδέ
1637 1183 1742 1236 ἀπὸ
1766 1184 1864 1253 τῆς

233 1269 472 1339 καινῆς
506 1271 601 1323 καὶ
635 1271 994 1342 εύαγγελικῆς
1022 1271 1386 1335 διδασκαλίας.

329 1381 350 1411 ι
406 1362 581 1413 Ἀλλά
629 1361 827 1425 ἀνοίξω
871 1363 962 1414 ἐπὶ
997 1363 1104 1415 τῶν
1148 1363 1318 1434 ὀρέων
1351 1367 1644 1435 ποταμοὺς,
1681 1367 1770 1418 καὶ
1804 1367 1860 1419 ἐν

241 1452 424 1520 μέσῳ
455 1453 657 1505 πεδίων
692 1453 892 1522 πηγάς.
915 1455 1130 1524 Ποιήσω
1158 1455 1254 1525 τὴν
1288 1454 1488 1526 ἔρημον
1515 1459 1592 1520 είς
1624 1457 1717 1528 ἓλη
1743 1457 1864 1510 ὑδά-

233 1560 395 1605 των,
442 1544 542 1596 καὶ
571 1545 668 1612 τὴν
705 1543 946 1612 διψῶσαν
979 1545 1078 1615 γῆν
1117 1547 1175 1598 ἐν
1207 1546 1559 1618 ὑδραγωγοῖς.
1591 1547 1750 1619 Θήσω
1781 1550 1859 1611 εἰς

234 1635 352 1705 τὴν
393 1635 640 1707 ἄνυδρον
669 1637 771 1706 γῆν
800 1636 988 1707 κέδρον
1015 1639 1109 1691 καὶ
1144 1637 1328 1700 πύξον,
1362 1639 1628 1710 μυρσίνην
1655 1640 1748 1691 καὶ
1771 1655 1862 1691 κυ-

235 1729 566 1798 πάρισσον,
596 1730 688 1781 καὶ
714 1728 930 1798 λεύκην.
970 1747 986 1779 ι
1037 1730 1220 1783 Ταῦτα
1261 1730 1455 1792 πάντα,
1485 1731 1590 1784 οὐδ’
1622 1732 1792 1794 ἄλλως
1822 1732 1854 1802 ἢ

236 1817 305 1871 ἐν
336 1818 570 1871 ὑδάτων
602 1818 794 1888 πλήθει
825 1821 1128 1890 τρεφόμενα
1156 1823 1245 1873 καὶ
1267 1822 1622 1891 αὐξανόμενα,
1651 1824 1729 1884 είς
1760 1823 1855 1893 τὴν

1971 630 2270 694 dicebatur,
2306 648 2324 682 ι
2359 629 2425 684 Ει
2473 629 2656 682 bibent
2688 645 2882 698 aquam
2927 644 2993 684 ex
3040 629 3279 685 fontibus
3328 632 3534 684 saluta-

1969 721 2122 786 ris;)
2183 721 2298 774 sive
2342 734 2407 774 ex
2467 719 2706 773 fontibus
2761 719 3016 784 lsraelis,
3067 736 3202 788 quos
3271 734 3535 776 memorat

1969 825 2150 866 sermo
2196 811 2282 864 ille
2327 810 2414 878 qui
2453 811 2560 874 ait,
2614 827 2632 859 ι
2662 809 2716 862 In
2776 811 3020 866 ecclesiis
3080 812 3378 868 benedicite
3428 815 3536 869 Deo

1970 901 2195 955 Domino
2238 901 2305 955 de
2354 901 2593 955 fontibus
2643 899 2898 954 Israel".
2932 921 2950 952 ι
3009 902 3132 957 Πιῐιιι
3182 920 3343 972 porro
3394 919 3532 975 aqua

1969 992 2133 1047 fuerit
2166 993 2400 1061 Spiritus
2442 1000 2682 1054 sanctus,
2709 991 2763 1044 in
2801 992 3037 1048 Ecclesia
3083 995 3174 1048 Dei
3207 997 3530 1062 scatur-iens,

1966 1093 2022 1140 et
2081 1099 2249 1152 aquas
2317 1083 2558 1137 viventes
2637 1082 2940 1147 instillans,
3009 1085 3166 1138 modo
3221 1101 3286 1140 ex
3349 1085 3534 1144 Veteri

1972 1176 2356 1242 Testamento,
2420 1177 2580 1230 modo
2635 1190 2698 1228 ex
2766 1189 2902 1229 nova
2950 1184 3006 1229 et
3070 1177 3378 1246 evangelica
3433 1181 3528 1233 do-

1964 1269 2159 1322 ctrina.

2037 1359 2198 1413 Vens.
2248 1359 2448 1423 48,19.
2507 1377 2526 1410 ι
2557 1360 2662 1413 Sed
2712 1361 2949 1429 aperiam
2998 1362 3052 1416 in
3107 1363 3376 1418 montibus
3428 1364 3528 1418 ﬂu-

1961 1454 2126 1516 mina,
2160 1464 2213 1506 et
2259 1454 2310 1506 in
2345 1454 2522 1507 medio
2554 1469 2868 1522 camporum
2921 1454 3117 1509 fontes.
3170 1454 3385 1509 Faciam
3436 1457 3531 1508 dc-

1960 1556 2160 1599 sertmu
2193 1547 2243 1598 in
2278 1547 2496 1614 paludes
2537 1560 2824 1614 aquarum,
2854 1552 2908 1598 et
2935 1545 3201 1598 sitientem
3239 1556 3436 1598 terram
3473 1546 3528 1599 in

1961 1638 2327 1707 aqumductus.
2365 1637 2566 1691 Ponam
2604 1638 2653 1690 iu
2702 1647 2841 1689 terra
2887 1637 3146 1706 inaquosa
3194 1639 3448 1701 cedrum,
3476 1649 3532 1691 et.

1962 1729 2183 1792 buxum,
2232 1737 2286 1780 et
2334 1739 2588 1798 myrtum,
2635 1739 2689 1780 et
2731 1743 3065 1796 cupressum,
3111 1740 3164 1783 et
3202 1730 3527 1797 populum.»

1962 1819 2083 1874 llwc
2117 1819 2320 1884 omnia,
2351 1835 2466 1890 qua:
2497 1820 2705 1873 nonnisi
2747 1819 2798 1872 in
2835 1835 3095 1887 aquarum
3125 1822 3277 1890 copia
3309 1820 3530 1876 aluntur

237 1908 457 1961 εἰκόνα
492 1909 869 1978 περιείληπται
918 1910 1025 1963 τῶν
1060 1913 1117 1963 ἐν
1150 1915 1214 1983 τῇ
1271 1913 1567 1984 Ἐκκλησία
1599 1914 1690 1966 τοῦ
1721 1915 1845 1967 Θεοί

1955 1920 2009 1963 ct
2051 1921 2397 1975 accrescunt,
2429 1911 2492 1963 ad
2526 1910 2934 1965 similitudinem
2978 1912 3279 1966 animarum
3324 1913 3375 1966 in
3428 1911 3529 1966 Ec-

239 2000 517 2052 εὖθαλῶν
550 1999 754 2070 ψυχῶν,
785 2003 890 2054 ἀπὸ
920 2002 1288 2075 πολυπληθίας
1310 2005 1466 2057 θείων
1499 2007 1590 2058 καὶ
1626 2005 1855 2074 λογικῶν

239 2091 482 2144 ὑδάτων
515 2095 596 2155 εἰς
628 2091 759 2161 ὕψος
789 2094 1132 2164 ἐπηρμένων.
1176 2096 1304 2149 Ὅτε
1335 2097 1431 2166 μὲν
1455 2092 1545 2150 οὖν
1579 2099 1704 2161 τοὺς
1730 2115 1858 2170 καρ-

241 2184 399 2245 ποὺς
445 2182 546 2252 τῆς
595 2183 916 2254 Ἐκκλησίας
953 2183 1197 2252 βουλεται
1236 2187 1583 2256 παραστῆσαι
1610 2189 1636 2239 ὁ
1678 2188 1852 2256 λόγος,

239 2272 435 2324 εικόνι
475 2273 673 2343 χρῆται
703 2273 905 2336 ἐλαίας,
941 2273 972 2344 ἢ
1005 2274 1260 2343 φοίνικος,
1291 2276 1324 2346 ἢ
1359 2277 1622 2347 ὰμπέλουσ
1671 2279 1756 2330 ὅτε
1799 2279 1854 2331 δὲ

238 2373 305 2414 το
335 2362 580 2426 εὐθαλὲς
609 2364 700 2416 καὶ
727 2357 1036 2435 διηρμένον,
1065 2366 1255 2437 νεαρόν
1276 2384 1333 2419 τε
1356 2367 1448 2419 καὶ
1470 2369 1722 2439 ἀκμαῖον,
1746 2369 1853 2423 τῶν

241 2453 305 2506 ἐν
342 2455 418 2522 τῇ
485 2453 780 2525 Ἐκκλησία
816 2457 1230 2527 προκοπτόντων
1272 2458 1439 2528 δηλοῖ,
1483 2463 1546 2530 τῇ
1583 2460 1688 2513 τῶν
1721 2479 1854 2536 προ·

241 2545 566 2615 λεχθέντων
596 2545 777 2612 φυτῶν
811 2548 1177 2618 συνεχρήσατο
1201 2549 1388 2602 είκόνι·
1416 2550 1451 2604 ἃ
1483 2553 1579 2604 οὐκ
1612 2552 1784 2617 ἄλλως

243 2633 307 2699 ἐξ
338 2635 564 2688 ὑδάτων
596 2635 830 2708 πλήθους
853 2638 946 2690 καὶ
977 2638 1079 2708 γῆς
1102 2640 1316 2711 ἑδραίας
1341 2642 1433 2694 καὶ
1467 2644 1693 2714 μονίμου
1725 2663 1850 2698 συν-

243 2726 520 2780 ίστασθαι
551 2729 814 2797 πέφυκενο
853 2729 880 2782 ὂ
925 2729 986 2800 δὴ
1032 2733 1124 2784 καὶ
1156 2733 1276 2785 ἀντὶ
1318 2734 1620 2805 παραδόξου
1657 2739 1849 2809 παρεί-

244 2819 450 2890 ληφεν,
480 2820 530 2871 εί
560 2820 620 2870 ἐν
642 2823 706 2890 τῇ
737 2820 947 2892 ἀνύδρῳ
977 2823 1069 2874 καὶ
1090 2823 1377 2895 καταξήρῳ
1415 2827 1507 2878 καὶ
1538 2826 1742 2899 δειλαία
1777 2832 1847 2900 γῇ

245 2911 532 2980 τοσαύτην
579 2912 784 2965 ὑδάτων
816 2912 1077 2984 χορηγίαν
1128 2913 1344 2968 ἔσεσθαι
1376 2917 1729 2987 ἐπήγγελται,
1775 2919 1850 2984 ὡς

247 3002 489 3055 τοιαῦτα
522 3001 818 3074 βλαστῆσαι
845 3005 1008 3072 φυτὰ,
1040 3007 1198 3058 ὁποῖα
1231 3006 1589 3062 κατείλεκται.
1620 3010 1722 3062 Τὸν
1748 3011 1847 3062 αύ-

247 3095 342 3148 ea»
379 3096 440 3148 δέ
461 3095 664 3165 τρόπον
695 3095 912 3150 ἔσεσθαι
939 3099 1031 3151 καὶ
1061 3100 1151 3166 ἐπὶ
1189 3101 1286 3171 τῆς
1323 3100 1488 3154 πάλαι
1521 3103 1727 3172 ἐρήμου
1755 3103 1848 3156 καὶ

246 3187 494 3258 ἀνύδρου
527 3188 630 3258 γῆς
663 3187 770 3240 τῶν
809 3189 971 3242 πάλαι
997 3189 1306 3261 ἀλλοφύλων
1331 3194 1423 3246 καὶ
1453 3193 1626 3246 ἀθέων
1658 3194 1842 3248 ἐθνῶν·

1958 2000 2118 2054 clesia
2166 2003 2256 2056 Dei
2297 2001 2636 2065 ﬂorentium,
2679 2017 2797 2068 qtne
2837 2019 2900 2055 ex
2936 2004 3236 2056 divinarum
3269 2013 3322 2057 et
3358 2005 3524 2055 ratio-

1958 2094 2213 2147 nabilium
2267 2109 2528 2161 aquarum
2580 2095 2906 2146 abundantia
2957 2094 3007 2146 in
3046 2093 3537 2164 altnmercreve-

1957 2194 2113 2248 runt,
2159 2193 2508 2252 usurpantur.
2560 2184 2691 2237 Cum
2749 2185 2910 2252 igitur
2978 2183 3253 2251 Scriptura
3319 2183 3526 2238 fructus

1955 2274 2208 2329 Ecclesiae
2241 2285 2635 2343 reprwsentare
2661 2275 2830 2342 cupit,
2878 2277 3108 2341 imagine
3153 2277 3319 2330 utitur
3347 2276 3521 2338 olivm,

1955 2375 2047 2418 aut
2082 2365 2306 2434 palmte,
2349 2374 2442 2419 aut
2485 2365 2645 2429 vilis;
2692 2381 2812 2419 eum
2863 2381 2994 2421 vero
3029 2364 3340 2433 ﬂorentem,
3391 2367 3524 2420 sub-

1953 2456 2156 2524 limem,
2205 2467 2449 2526 vegetum
2494 2467 2547 2511 et
2591 2473 2906 2528 prosperum
2952 2473 3162 2524 eorum,
3190 2459 3280 2529 qui
3325 2460 3376 2514 in
3422 2459 3524 2514 Ec-

1952 2550 2118 2604 clesia
2158 2551 2484 2620 proficiunt,
2532 2559 2732 2605 statum
2796 2552 3097 2621 signiﬁcat,
3145 2554 3521 2621 prtedictarum

1952 2642 2206 2695 arborum
2238 2642 2589 2696 similitudine
2632 2642 2820 2708 utitur,
2849 2658 2967 2711 quae
2998 2645 3212 2698 nonnisi
3258 2662 3322 2700 ex
3355 2661 3522 2714 aqua-

1951 2747 2068 2785 rum
2116 2734 2270 2801 copia
2323 2743 2484 2801 atque
2533 2733 2584 2785 iu
2633 2743 2774 2786 terra
2817 2739 2969 2788 tinna
3017 2737 3295 2805 solidaque
3342 2739 3522 2792 cousi-

1952 2832 2096 2877 stere
2135 2823 2308 2876 solent
2336 2842 2348 2876 :
2378 2825 2520 2893 quod
2560 2840 2692 2877 sane
2741 2841 2836 2892 pro
2876 2842 2935 2880 re
2973 2829 3232 2893 stupenda
3273 2838 3326 2882 et
3357 2830 3522 2884 mira-

1949 2912 2040 2965 bili
2087 2913 2388 2982 usurpavit,
2429 2913 2571 2980 quod
2610 2912 2862 2968 videlicet
2913 2905 3299 2983 in'innquosa,
3344 2917 3520 2985 arida,

1949 3016 2003 3059 et
2045 3007 2240 3059 misera
2282 3015 2462 3070 terra,
2508 3017 2712 3060 tantam
2755 3005 2871 3061 fore
2926 3022 3184 3075 aquarum
3236 3009 3518 3062 abundan.

1951 3098 2078 3151 tiam
2124 3098 2464 3168 polliceatur,
2494 3109 2551 3152 ut
2586 3101 2720 3154 tales
2770 3101 3024 3162 arbores,
3073 3099 3258 3168 quales
3289 3114 3516 3155 eumne-

1951 3200 2162 3256 rantur,
2199 3191 2441 3258 proferre
2477 3192 2673 3247 valeat.
2715 3193 2913 3247 Eodem
2941 3203 3118 3245 autem
3161 3193 3322 3246 modo
3355 3209 3522 3248 even-

248 3279 533 3348 τοσαύτην
575 3279 682 3350 γὰρ
727 3282 1051 3351 γενήσεσθαι
1095 3283 1188 3337 καὶ
1228 3286 1313 3337 ἐπ’
1356 3285 1501 3356 αύτῷ
1547 3288 1845 3360 μεταϐολὴν

1950 3291 2124 3336 turum
2157 3283 2287 3336 dicit
2333 3283 2386 3337 in
2440 3284 2526 3337 illa
2561 3283 2689 3336 olim
2737 3285 2946 3337 deserta
2988 3292 3042 3337 et
3086 3285 3340 3353 inaquusa
3388 3286 3517 3338 alie»

249 3370 594 3443 προφητεύει
617 3375 695 3434 είς
720 3372 941 3436 ἔνδειξιν
974 3375 1070 3445 τῆς
1106 3377 1372 3448 σωτηρίου
1401 3378 1733 3446 εὐεργεσίας.

324 3697 345 3728 ι
381 3679 500 3730 Ἵνα
522 3677 672 3730 ἴδωσι
698 3679 790 3730 καὶ
816 3677 1004 3746 γνῶσι,
1035 3679 1126 3731 καὶ
1146 3680 1437 3748 ἐννοήσωσι
1463 3679 1556 3731 καὶ
1583 3678 1844 3730 ἐπίστων-

248 3787 340 3824 ται.
369 3770 509 3841 ἅμα,
540 3771 622 3824 ὅτι
655 3771 772 3842 χεὶρ
799 3771 1000 3842 Κυρίου
1031 3770 1250 3841 ἐποίησε
1274 3770 1465 3833 ταῦτα,
1499 3771 1592 3823 καὶ
1630 3773 1657 3823 ὁ
1689 3771 1841 3838 ἅγιος

247 3863 344 3916 τοῦ
398 3862 617 3936 Ἰσραὴλ
664 3861 988 3926 κατέδειξεν.
1028 3881 1046 3912 ι
1093 3862 1155 3914 Ei
1205 3861 1315 3932 γάρ
1365 3862 1437 3930 μὴ
1471 3861 1602 3924 Θεὸς
1640 3856 1708 3932 ἦν
1746 3863 1840 3914 καὶ

248 3953 375 4026 χεὶρ
408 3953 640 4025 Κυρίου,
674 3955 707 4022 ἡ
737 3953 824 4005 διὰ
849 3952 957 4005 τῶν
992 3952 1300 4006 ἀποστόλων
1331 3951 1492 4004 αὑτοῦ
1526 3951 1622 4023 τὴν
1648 3952 1840 4004 τοσαύ-

246 4061 354 4116 την
387 4044 686 4116 μεταϐολὴν
729 4047 785 4097 ἐν
819 4047 931 4108 τοῖς
964 4044 1170 4097 ἔθνεσιν
1203 4044 1538 4116 εἰργασμένη
1560 4085 1573 4103 ,
1613 4045 1730 4107 πῶς
1771 4045 1836 4097 ἂν

247 4135 592 4206 συνέστησαν
625 4136 682 4187 ἐν
709 4138 772 4205 τῇ
801 4135 1033 4206 τοσαύτῃ
1057 4135 1165 4187 τῶν
1197 4135 1364 4188 ἐθνῶν
1405 4134 1609 4206 ἐρημίᾳ
1643 4135 1837 4204 ἐκκλη-

248 4228 368 4281 σίαι
397 4226 555 4289 Θεοῦ,
582 4228 675 4279 καὶ
704 4226 771 4280 τὰ
806 4229 861 4280 ἐν
898 4228 1032 4296 αὐτῇ
1067 4225 1256 4294 λογικὰ
1295 4225 1460 4278 ὕδατα
1501 4224 1835 4294 πληθύνοντα

247 4316 528 4386 πανταχοῦ
555 4317 677 4388 γῆς,
702 4316 776 4380 ὡς
799 4317 1157 4388 γεωργεῖσθαι
1181 4317 1287 4369 τῶν
1321 4317 1580 4386 πρότερον
1615 4317 1834 4387 ἐρήμων

247 4407 343 4460 καῖ
366 4406 657 4477 ἀνημέρων
682 4406 847 4459 ἐθνῶν
866 4407 962 4470 τὰς
988 4407 1165 4476 ψυχὰς
1186 4405 1262 4476 τῷ
1289 4406 1386 4475 τῆς
1410 4406 1715 4468 θεοσεϐείας
1747 4406 1834 4457 λό-

248 4515 354 4568 γῳ,
401 4498 558 4566 φύειν
602 4516 661 4550 τε
695 4500 787 4552 καὶ
839 4499 1016 4569 ὑψηλὰ
1062 4500 1154 4552 καὶ
1182 4500 1427 4569 μετέωρα
1456 4497 1827 4568 βλαστήματα·

1946 3393 2134 3432 narum
2177 3389 2231 3431 et
2263 3377 2548 3448 impiarum
2597 3379 2835 3446 gentium
2885 3385 3026 3430 terra
3062 3393 3074 3430 :
3109 3391 3230 3432 nam
3281 3387 3336 3429 ut
3371 3377 3519 3430 salu-

1947 3478 2062 3522 tare
2100 3469 2417 3524 beneﬁcium
2464 3470 2748 3539 exprimat,
2792 3478 2995 3523 tantam
3037 3469 3088 3523 in
3128 3469 3214 3524 illa
3257 3469 3369 3524 fore
3397 3486 3512 3524 ηιιιι

1946 3557 2199 3615 lationem
2235 3564 2579 3616 vaticinatur.

2015 3653 2177 3709 Vnus.
2203 3654 2292 3708 ‘20.
2333 3673 2350 3706 ι
2384 3655 2451 3710 Ut
2503 3656 2719 3708 videant
2765 3664 2819 3708 et
2870 3664 3234 3726 cognoscant,
3277 3664 3332 3709 et
3364 3655 3512 3721 cogi-

1941 3753 2053 3800 tent
2081 3757 2131 3801 et
2163 3749 2334 3800 sciant
2360 3748 2553 3810 simul,
2595 3748 2846 3816 quoniam
2898 3764 3090 3802 manus
3123 3748 3330 3802 Do:niui
3385 3747 3510 3802 fecit

1942 3838 2076 3902 lucc,
2121 3849 2174 3894 et
2221 3850 2440 3896 sanctus
2476 3839 2634 3895 lsrael
2666 3841 2970 3895 ostendit.)
3015 3839 3131 3894 Nisi
3177 3841 3320 3895 enim
3370 3841 3512 3896 Deus

1939 3941 1990 3985 et
2032 3948 2222 3987 manus
2274 3915 2698 3994 Domini'esset,
2741 3947 2858 4000 qua:
2913 3947 3007 4000 per
3055 3932 3330 3999 apostolos
3383 3947 3509 3987 suos

1937 4031 2140 4077 tantam
2189 4026 2240 4078 in
2282 4026 2530 4094 gentibus
2563 4025 2912 4077 mutatione-nt
2965 4024 3193 4087 induxit,
3238 4027 3508 4092 quomodo

1939 4118 1989 4169 in
2025 4126 2175 4170 tanto
2222 4117 2457 4186 gentium
2506 4117 2721 4169 deserto
2774 4114 3027 4167 Ecclesize
3076 4114 3169 4168 Dei
3220 4114 3506 4168 constitis-

1937 4216 2090 4267 sent,
2135 4218 2188 4260 et
2241 4207 2594 4260 rationabiles
2639 4203 2756 4273 ejus
2802 4221 2952 4273 aqua:
2997 4206 3196 4275 ubique
3243 4215 3506 4258 terrarum

1937 4297 2159 4366 largiter
2210 4307 2549 4358 manassent.
2605 4298 2675 4350 ita
2726 4309 2782 4350 ut
2844 4297 2946 4350 illa:
3007 4298 3132 4350 olim
3181 4299 3408 4352 desertae
3453 4307 3508 4352 et

1935 4387 2167 4442 immites
2198 4390 2430 4458 gentium
2483 4389 2689 4452 animm,
2734 4391 2833 4459 piae
2886 4389 3160 4460 religionis
3204 4389 3368 4444 verbo
3408 4407 3506 4444 ex-

1935 4480 2038 4533 coli
2079 4491 2322 4550 posscnt,
2367 4497 2430 4536 ac
2474 4482 2648 4535 celsas
2691 4482 3058 4548 sublimesque
3094 4482 3304 4550 plantas
3349 4484 3509 4536 emit-

248 4591 346 4643 καὶ
370 4591 437 4643 τὰ
468 4589 567 4660 μὲν
597 4590 687 4642 ἐπὶ
709 4590 813 4658 γῆς
843 4589 1206 4660 ἐρῤιζωμὲνα,
1239 4590 1380 4659 λέγω
1405 4590 1467 4660 δὴ
1506 4591 1562 4641 ἐν
1589 4591 1666 4659 τῷ
1699 4590 1828 4660 θνη-

1958 4589 2050 4626 ere
2077 4593 2089 4628 :
2121 4591 2348 4644 quarum
2381 4576 2498 4628 alize
2541 4576 2593 4627 in
2633 4585 2796 4640 terra,
2828 4577 3034 4629 scilicet
3078 4578 3130 4630 in
3166 4577 3378 4630 mortali
3418 4579 3510 4630 hu-

248 4683 330 4755 τῷ
357 4684 454 4736 καὶ
487 4682 814 4754 ἀνθρωπίνῳ
853 4683 971 4752 βίῳο
1001 4683 1066 4735 τὰ
1102 4682 1157 4734 δὲ
1187 4685 1265 4746 εἰς
1297 4682 1427 4751 ὕψος
1469 4683 1823 4752 ἐπαιρόμενα,

248 4773 323 4836 ὡς
350 4775 446 4827 καὶ
497 4774 658 4844 μέχρι
686 4774 782 4844 τῆς
840 4773 1111 4842 βασιλείας
1160 4773 1266 4825 τῶν
1308 4774 1550 4844 οὐρανῶν
1597 4775 1830 4826 ἐκτείνε-

249 4863 395 4928 σθαι,
431 4864 594 4917 κάκεῖ
615 4863 713 4926 τάς
745 4863 948 4916 ἑαυτῶν
978 4864 1214 4934 ἀναρτᾷν
1239 4864 1489 4926 ἐλπίδας;
1522 4867 1610 4917 Διὸ
1645 4870 1827 4935 φυτοῖς

247 4955 472 5010 εὐώδεσι
498 4954 592 5007 καὶ
623 4955 701 5017 είς
743 4953 873 5023 ὕφος
906 4954 1233 5024 ἐπηρμένοις
1263 4956 1718 5027 παοαϐἐΰληνται.

323 5149 342 5181 ι
388 5127 626 5198 Ὲγγίζει
662 5132 694 5200 ή
737 5131 916 5199 κρίσις
949 5129 1131 5200 ὑμῶν,
1166 5128 1312 5198 λέγει
1356 5129 1559 5200 Κύριος
1604 5133 1632 5183 ὁ
1672 5131 1821 5194 Θεὸςο

249 5220 480 5290 ἤγγισαν
511 5222 568 5274 αἱ
599 5221 785 5290 βουλαὶ
821 5222 992 5290 ὑμῶν,
1024 5222 1169 5289 λέγει
1202 5224 1230 5274 ὁ
1267 5220 1516 5290 βασιλεὺς
1556 5223 1770 5276 Ἰακώϐ.
1805 5242 1820 5272 ι

260 5311 678 5383 ’Λναπολόγητοι
711 5313 819 5382 γάρ
870 5314 1010 5374 ἐστε,
1048 5312 1232 5382 φησιν,
1269 5305 1312 5363 ὧ
1349 5312 1748 5386 εἰδωλολάτραι,
1779 5315 1828 5365 οἱ

252 5402 386 5470 μετὰ
424 5403 524 5474 τὴν
562 5404 829 5475 τοσαύτην
857 5405 1012 5474 χάριν
1045 5404 1140 5474 τὴν
1170 5405 1239 5456 τὰ
1281 5404 1515 5458 τοσαῦτα
1561 5422 1829 5476 κατεργα-

251 5493 511 5564 σαμένην,
545 5498 610 5564 τῇ
659 5495 901 5564 πολυοέῳ
931 5496 1383 5564 ἐναπομείναντες
1414 5495 1608 5566 πλάνῃ,
1641 5498 1712 5566 μὴ
1745 5500 1828 5548 ἐν-

249 5585 559 5654 νοήσαντες,
586 5586 658 5649 ὡς
683 5587 802 5657 χείρ
827 5582 892 5656 ἦν
905 5585 1118 5655 ἀληθῶς
1146 5585 1278 5638 Ε)εοῦ
1306 5587 1337 5654 ή
1365 5586 1432 5639 τὰ
1452 5585 1680 5640 τοσαὶτα
1707 5604 1830 5640 κατα

251 5677 610 5749 ἐργαζομένη,
651 5680 744 5734 καὶ
788 5679 916 5750 πρὶν
977 5678 1225 5750 γενέσθαι
1262 5680 1648 5750 μαρτυραμένη
1675 5721 1689 5744 ,
1744 5681 1824 5738 ὅτι

250 5767 418 5820 ταῦτα
446 5768 615 5825 ἔσται.

321 5865 360 5895 “
403 5864 532 5928 Cap.
563 5882 659 5930 xu,
692 5884 828 5925 vers.
860 5867 940 5926 13.
1019 5868 1061 5900 τ²
1101 5863 1241 5919 Psul.
1271 5881 1436 5928 ωιτη,
1471 5867 1558 5924 27.

1937 4683 2200 4735 manuque
2227 4669 2358 4732 vita,
2399 4669 2606 4721 radices
2650 4685 2910 4736 posuere;
2956 4670 3075 4722 alia:
3114 4686 3242 4723 vero
3290 4686 3503 4722 sursum

1934 4771 2130 4812 ercetae
2177 4770 2344 4824 sunt,
2391 4761 2462 4812 ita
2514 4772 2570 4812 ut
2610 4763 2675 4814 ad
2739 4777 2908 4830 usque
2963 4777 3186 4830 regnum
3246 4762 3504 4815 cmlurum

1934 4855 2374 4916 extenderentur,
2422 4864 2582 4920 atque
2619 4855 2687 4906 ilii
2733 4871 2882 4924 spem
2930 4870 3083 4907 suam
3144 4851 3508 4920 reponerent?

1935 4946 2284 5010 (pnnnubrem
2363 4945 2800 5000 suaveolentibus
2857 4963 2919 5001 ac
2971 4946 3281 5001 celsissimis
3344 4944 3504 4996 arbo-

1935 5039 2082 5090 ribus
2111 5050 2508 5105 comparantur.

2005 5128 2168 5182 Vsus.
2195 5130 2282 5182 2|.
2323 5149 2340 5180 ι
2370 5130 2776 5199 Appropinquat
2799 5130 3058 5197 judicium
3087 5139 3344 5183 vestrum.
3371 5124 3501 5177 dicit.

1929 5220 2180 5274 Dominus
2235 5222 2423 5275 Deus:
2472 5225 2972 5292 appropinquarunt
3021 5221 3242 5274 consilia
3296 5226 3496 5284 vestra,

1925 5313 2055 5366 dicit
2100 5328 2191 5366 rex
2231 5312 2414 5368 Jacob.
2444 5333 2460 5365 ι
2507 5315 2900 5369 lnexcnsabilcs
2932 5316 3130 5383 quippe
3161 5312 3310 5374 estis,
3338 5311 3433 5373 ait,
3465 5328 3497 5365 ο

1924 5405 2262 5470 idololatrze,
2317 5409 2407 5476 qui
2469 5417 2587 5475 post
2640 5417 2842 5459 tantam
2895 5406 3131 5472 taliaque
3182 5411 3494 5470 operantem

1925 5499 2172 5566 gratiam,
2204 5500 2254 5552 in
2304 5500 2592 5554 multorum
2633 5499 2907 5552 numinum
2947 5512 3131 5551 errore
3175 5497 3494 5552 mansistis:

1931 5605 2036 5643 non
2079 5593 2408 5660 cogitantes,
2456 5607 2673 5644 manum
2715 5591 2806 5644 Dei
2856 5605 2976 5644 esse
3020 5598 3138 5659 qua:
3184 5600 3288 5643 tam
3331 5588 3495 5644 multa

1929 5682 2132 5749 edidit,
2177 5695 2230 5740 et
2280 5697 2562 5756 antequam
2615 5685 2838 5748 tierent,
2884 5683 2996 5738 haec
3037 5684 3209 5736 futura
3255 5697 3476 5754 praesen

1934 5775 2102 5828 tiavil.
