3984 6506
233 368 357 424 585

1163 364 1666 421 (ΣΟΜΜΕᾸΤΑΠΙΑ
1709 364 1775 420 IN
1816 365 2072 423 iSAlAM.
2114 397 2180 408 —
2220 365 2369 423 CAP.
2411 367 2569 424 XLII.

3377 379 3485 438 386

228 488 340 540 oin:
381 483 527 538 ἐστιν
573 485 602 538 6
643 483 946 555 προλέγων,
1001 482 1126 536 οὐδὲ
1180 485 1208 536 6
1253 483 1465 537 ἁκούων
1513 483 1667 555 ὑμῶν
1697 485 1811 548 τοὺς

1927 484 2174 549 fuerunt,
2201 496 2254 540 et
2283 485 2523 541 dicamus
2554 501 2676 542 vera
2721 491 2871 545 esse?
2907 507 3011 547 non
3039 503 3124 548 est
3152 495 3242 564 qui
3289 502 3484 566 praedi-

229 577 449 644 λὸγους.
527 596 545 627 ι
613 575 819 643 Διπλῆν
858 575 969 644 ἔχει
1025 575 1287 638 διάνοιαν,
1323 575 1398 638 ὡς
1445 577 1581 646 μήτε
1638 576 1815 628 αὐτῶν

229 668 472 736 ἐχόντων
507 665 698 734 λόγον,
735 666 823 719 διὰ
849 665 910 718 τὸ
969 665 1132 736 μηδὲν
1177 665 1454 729 δύνασθαι,
1501 668 1636 738 μήτε
1685 666 1818 720 εἰδέ-

228 777 349 820 ναι,
398 759 541 828 μήτε
569 759 677 810 τῶν
719 757 885 812 πάλαι
934 759 1060 830 περὶ
1109 758 1247 812 αὐτὰ
1279 759 1644 830 πλανωμένων
1694 761 1816 812 ἐπι-

232 855 516 918 μενόντων
546 853 613 919 τῇ
659 850 868 922 πλάνῃ·
904 850 1268 920 ὠφελημένων
1321 851 1377 903 δὲ
1417 851 1521 903 ὑπὸ
1568 850 1662 904 τοῦ
1720 851 1818 922 τῆς

227 940 500 1010 ἀληθείας
561 941 743 1009 λόγου,
779 942 854 1005 ὡς
913 941 1107 1012 μηκέτι
1157 940 1383 1004 ἐκείνοις
1418 943 1675 1012 παρέχειν
1717 941 1816 1006 τὰς

226 1033 423 1094 ἀκοὰς,
446 1031 536 1085 διὰ
558 1029 618 1084 τὸ
638 1032 1143 1102 κατεγνωκέναιτῆς
1177 1033 1409 1094 παλαιᾶς
1443 1034 1673 1105 ἀπάτης.

309 1233 330 1266 ε
378 1212 583 1284 Ἀρχὴν
626 1211 763 1264 Σιὼν
791 1211 968 1273 δώσω,
1029 1213 1122 1264 καὶ
1169 1213 1518 1285 Ἰερουσαλὴμ
1565 1233 1816 1286 παρακα-

224 1304 374 1358 λέσω
399 1307 482 1368 εἰς
510 1305 647 1358 ὀδόν.
685 1323 703 1354 ι
746 1307 810 1356 Ὃ
841 1305 989 1372 λέγει
1018 1305 1255 1360 τοιοῦτόν
1299 1309 1447 1360 ἐστι’
1496 1308 1814 1375 Γινώσκετε,

224 1392 273 1449 ὦ
322 1397 630 1468 ἄνθρωποι,
659 1397 733 1460 ὡς
765 1399 828 1466 τῇ
883 1396 1174 1467 Ἐκκλησία
1198 1401 1263 1468 τῇ
1297 1399 1425 1468 ἐμῇ,
1477 1401 1541 1469 τῇ
1597 1399 1688 1451 καὶ
1729 1398 1817 1451 διὰ

224 1490 341 1542 τῶν
375 1489 686 1560 ἔμπροσθεν
724 1488 1086 1558 ὠνομασμένη
1131 1486 1266 1542 Σιὼν
1307 1491 1398 1542 καὶ
1441 1489 1814 1562 Ἰερουσαλὴμ,

226 1583 400 1646 αὐτὸς
429 1581 540 1651 ἐγὼ
559 1580 714 1633 δώσω
741 1580 837 1650 τὴν
893 1580 1032 1632 κατὰ
1062 1580 1276 1634 πάντων
1317 1582 1512 1653 ἀρχὴν,
1575 1584 1668 1636 καὶ
1717 1583 1816 1654 τὴν

241 1676 580 1746 Ἐκκλησίαν
616 1692 716 1746 μου
760 1671 1143 1744 παρακαλέσω,
1187 1676 1280 1727 καὶ
1326 1676 1475 1747 θήσω
1516 1675 1684 1746 αὐτὴν
1737 1680 1816 1739 εἰς

224 1770 349 1822 ὀδόν
357 1808 372 1820 .

259 1891 279 1906 .
303 1879 323 1910 ι
363 1858 502 1911 Ἀπὸ
561 1858 666 1926 γὰρ
699 1857 805 1910 τῶν
843 1858 1014 1911 ἐθνῶν
1051 1857 1157 1910 ἰδοῦ
1185 1854 1386 1919 οὐδείς’
1433 1854 1526 1908 καὶ
1570 1853 1677 1907 ἀπὸ
1709 1854 1816 1906 τῶν

226 1950 472 2003 εἰδώλων
502 1949 680 2002 αὐτῶν
709 1950 808 2001 οῦκ
833 1945 900 2020 ἦν
927 1951 954 2002 ὁ
987 1947 1349 2015 ἀναγγέλλων.
1398 1947 1508 1998 Καὶ
1538 1945 1632 1998 ἐὰν
1675 1947 1814 2017 ἐρω-

225 2045 384 2114 τήσω
433 2042 652 2104 αὐτοὺς,
710 2041 879 2094 Πόθεν
923 2040 1076 2099 me;
1121 2039 1180 2092 οῦ
1216 2039 1289 2109 μὴ
1323 2037 1658 2108 ἀποκριθῶσί
1701 2054 1811 2108 μοι.

225 2135 352 2186 Εἰσὶ
387 2134 500 2204 γὰρ
523 2135 572 2186 οἱ
606 2133 880 2196 ποιοῦντες
909 2134 1071 2203 ὑμᾶς,
1094 2131 1185 2186 καὶ
1223 2131 1398 2201 μάτην
1428 2131 1476 2182 οἱ
1507 2127 1814 2191 πλανῶντες

227 2227 400 2296 ὑμᾶς.
443 2245 463 2276 ‹
514 2224 884 2296 Ἠλέγχθησαν
909 2225 1038 2294 γοῦν
1081 2225 1140 2277 τὸ
1170 2223 1334 2294 μηδὲν
1379 2223 1550 2285 ὅντες,
1579 2222 1676 2274 ικαὶ
1727 2220 1815 2274 διὰ

223 2318 392 2370 τοῦτο
423 2316 589 2387 μηδὲν
614 2317 898 2388 δυνάμενοι
919 2333 931 2345 ·
965 2316 1045 2370 διὸ
1098 2317 1190 2368 καὶ
1223 2315 1316 2368 ἐὰν
1350 2315 1682 2386 ἐπερωτήσω
1720 2314 1816 2366 ati-

224 2411 356 2470 τοὺς
391 2407 587 2460 ὁπόθεν
613 2403 740 2469 εἷεν,
773 2406 944 2468 οὐδεὶς
971 2405 1148 2457 αὐτῶν
1172 2404 1460 2475 ἀπόκρισιν
1483 2403 1660 2456 δώσει.

746 2498 1138 2551 ΚΕΦΑΛΑΙΟΝ
1177 2497 1306 2550 MB’.

303 2611 324 2642 ι
381 2588 584 2644 Ἰακὼϐ
617 2591 646 2642 6
676 2591 805 2652 παῖς
830 2607 952 2659 μου,
987 2586 1343 2657 ἀντιλήψομαι
1370 2584 1534 2638 αὐτοῦ
1560 2601 1573 2613 ·
1602 2581 1815 2654 Ἰσραὴλ

224 2686 252 2735 6
276 2683 542 2745 ἐκλεκτός
580 2699 701 2752 μου,
748 2680 1106 2752 προσεδέξατο
1133 2678 1291 2731 αὑτὸν
1326 2680 1359 2749 ἡ
1387 2677 1530 2747 ψυχή
1563 2693 1682 2746 μου.
1717 2675 1813 2725 Ἔ-

223 2776 379 2828 ἰωκα
405 2773 468 2826 τὸ
495 2771 715 2842 Πνεῦμα
750 2789 848 2842 μου
879 2772 964 2823 ἐπ’
995 2770 1176 2824 αὐτόν.
1219 2789 1236 2820 ι
1270 2768 1464 2840 Εὖροις
1490 2768 1533 2820 δ’
1557 2767 1622 2820 ἂν
1642 2763 1814 2818 ταῦτα

226 2867 448 2936 συνῳδὰ
473 2869 586 2929 τοῖς
619 2865 704 2918 διὰ
750 2865 858 2916 τῶν
907 2863 1210 2934 ἔμπροσθεν
1240 2863 1364 2932 περὶ
1416 2860 1508 2913 τοῦ
1553 2861 1616 2911 ἐκ
1659 2858 1814 2930 ῥίζης

235 2961 444 3011 Ἰεσσαὶ
497 2955 952 3028 προελευσομένου
995 2954 1462 3024 τεθεσπισμένοις.
1530 2950 1812 3014 Ἐκλεκτὸς

223 3053 279 3105 δὲ
318 3050 503 3103 οὐκέθ’
538 3049 736 3120 ὁμοίως
761 3051 871 3109 τοῖς
894 3047 1208 3110 ἀποστόλοις
1229 3061 1242 3076 ⁸
1279 3045 1463 3115 ἐπειδὴ
1494 3045 1638 3114 μόνῳ
1663 3042 1810 3112 αὑτῴ

224 3143 479 3194 λέλεκται
502 3138 583 3202 τὸ,
621 3156 640 3188 ι
683 3140 776 3190 Ὃν
805 3137 1053 3208 ᾐρέτισεν
1081 3138 1114 3205 ἡ
1149 3135 1293 3204 ψυχή
1333 3152 1430 3204 μου
1455 3151 1467 3163 ο
1513 3153 1530 3183 ι
1560 3133 1694 3186 ἀλλὰ
1718 3134 1810 3185 καὶ

225 3235 281 3288 τὸ
310 3233 535 3302 πνεῦμα
557 3229 648 3283 τοῦ
674 3228 804 3282 Θεοῦ
838 3229 928 3281 ἐπὶ
963 3227 1120 3297 μόνον
1160 3225 1317 3279 αὐτὸν
1351 3225 1803 3279 ἐπαναπαύσατο·

228 3344 247 3376 ι
297 3325 390 3376 Ἐν
431 3321 580 3392 αὐτῴ
614 3320 722 3390 γὰρ
769 3319 1053 3390 κατῴκησε
1115 3317 1218 3370 πᾶν
1285 3315 1344 3369 τὸ
1390 3315 1664 3387 πλήρωμα
1707 3317 1808 3386 τῆς

225 3416 482 3486 θεότητος
511 3410 856 3482 σωματικῶς.
893 3429 911 3462 ι
944 3410 1140 3481 Διόπερ
1171 3408 1245 3471 ὡς
1283 3408 1438 3478 μόνος
1463 3409 1721 3480 χωρήσας
1746 3409 1806 3460 τὸ

227 3506 455 3576 Πνεῦμα
481 3505 543 3556 τὸ
568 3501 848 3575 πατρικὸν,
875 3501 942 3552 τὰ
973 3499 1094 3569 ἑξῆς
1130 3501 1302 3552 πάντα
1324 3499 1632 3570 ἐργάζεται,
1650 3498 1810 3566 ἐξαγ-

233 3599 436 3667 γέλλων
465 3597 532 3649 τὰ
563 3596 692 3667 περὶ
728 3595 825 3664 τῆς
857 3592 1148 3660 καθολικῆς
1177 3589 1415 3661 κρίσεως
1437 3594 1548 3653 τοῖς
1575 3590 1806 3651 ἔθνεσιν,

226 3693 303 3753 εἰς
341 3689 402 3741 τὸ
438 3683 954 3759 παρασκευάζεσθαι
995 3685 1119 3744 τοὺς
1155 3683 1361 3744 πάντας
1410 3683 1490 3744 εἰς
1535 3682 1634 3754 τὴν
1680 3681 1805 3752 μέλ-

227 3783 431 3835 λουσαν
458 3779 552 3832 τοῦ
587 3777 719 3832 Θεοῦ
746 3777 948 3849 κρίσιν.

305 3889 322 3921 ι
357 3870 434 3923 Οὐ
495 3868 840 3940 κεκράξεται,
871 3867 988 3919 οὐδὲ
1024 3865 1232 3935 ἀνήσει,
1258 3863 1376 3916 οὐδὲ
1413 3863 1804 3934 ἀκουσθήσεται

228 3961 333 4028 Ege)
373 3966 408 4033 ᾗ
448 3961 600 4031 φωνὴ
626 3960 787 4013 αὑτοῦ
809 3977 822 3989 ·
849 3960 1087 4029 κάλαμον
1117 3957 1475 4026 τεθλασμένον
1507 3957 1568 4008 οὐ
1596 3957 1807 4027 συντρί-

228 4057 449 4127 ira,le
483 4055 626 4106 λίνον
657 4053 1046 4121 καπνιζόμενον
1080 4051 1139 4102 οὑ
1168 4051 1376 4103 σϐέσειο
1404 4049 1537 4102 ἀλλὰ
1567 4050 1647 4112 εἰς
1679 4049 1809 4120 ἁλή-

228 4148 380 4200 θειαν
409 4144 606 4208 ἐξοίσει
655 4143 852 4216 κρίσιν.
899 4161 917 4192 ι
970 4141 1204 4212 Σύνηθες
1247 4144 1312 4212 τῇ
1361 4140 1480 4212 θεία
1511 4139 1700 4212 Γραφῇ
1731 4139 1810 4211 τῷ

234 4240 324 4308 τῆς
351 4237 536 4307 ψυχῆς
573 4235 779 4306 ὅμματι
817 4232 1191 4304 καταχρᾶσθαι
1222 4234 1312 4285 ἐπὶ
1339 4232 1431 4285 τοῦ
1463 4231 1598 4285 Θεοῦ
1619 4248 1632 4261 ·
1689 4232 1810 4284 ἐπεὶ

230 4331 320 4383 καὶ
353 4329 544 4391 πόδας,
566 4328 658 4379 καὶ
681 4329 888 4396 χεῖρας,
914 4327 1006 4378 καὶ
1033 4324 1345 4387 δακτύλους,
1373 4325 1465 4377 καὶ
1498 4322 1810 4392 ὀφθαλμοὺς

230 4421 364 4474 Θεοῦ
404 4419 594 4473 εἴωθεν
617 4415 1092 4488 ἀνθρωπινώτερον
1129 4414 1515 4486 προφέρεσθαι.
1553 4414 1690 4484 Περὶ
1713 4415 1808 4466 αὑ-

1920 584 2229 644 cat,.neque
2272 577 2363 645 qui
2399 577 2582 630 audiat
2610 593 2887 635 sermones
2912 594 3142 640 vestros.
3166 604 3184 638 ι
3225 586 3350 642 llaec
3386 589 3486 643 du-

1920 668 2041 737 plici
2089 683 2240 724 more
2278 669 2504 738 intelligi
2553 683 2800 738 possunt;
2841 683 2898 727 ut
2941 691 3116 741 neque
3161 677 3233 731 illi
3279 695 3487 734 sermo-

1920 776 2060 821 nem,
2090 775 2249 829 quem
2282 759 2578 830 proferant,
2614 761 2870 825 habeant,
2898 768 3043 833 quod
3090 767 3222 821 nihil
3252 770 3484 835 valeant,

1918 849 2156 919 nihilque
2201 851 2414 915 sciant;
2468 865 2641 918 neque
2674 850 2772 917 illi,
2803 853 2928 906 olim
2971 856 3051 909 his
3095 857 3146 909 in
3196 859 3355 913 rebus
3395 874 3485 914 er-

1919 952 2120 1005 rantes,
2149 941 2202 994 in
2237 956 2424 996 errore
2453 950 2738 1007 maneant;
2772 944 2864 996 sed
2899 946 3062 998 verbo
3110 949 3352 1001 veritatis
3393 949 3487 1001 ad-

1913 1031 2042 1101 juti,
2070 1033 2382 1086 nullatenus
2407 1031 2538 1099 ipsis
2562 1048 2722 1086 aures
2753 1038 3044 1108 prmbeant,
3071 1039 3213 1105 quod
3247 1040 3484 1108 priscum

1917 1141 2157 1181 errorem
2185 1125 2631 1195 deprehenderint
2654 1135 2708 1179 et
2736 1127 3063 1184 damnarint.

1994 1216 2152 1271 Vens.
2178 1217 2266 1270 27.
2308 1235 2326 1267 ι
2358 1215 2724 1282 Principatum
2757 1217 2886 1271 Sion
2917 1218 3075 1283 dabo,
3104 1232 3159 1274 et
3183 1219 3484 1278 Jerusalem

1917 1309 2237 1363 consolabor
2267 1309 2317 1362 in
2351 1309 2456 1362 via.
2484 1327 2503 1361 ι
2529 1307 2652 1363 Hzec
2679 1319 2760 1363 est
2795 1310 2921 1363 dicti
2957 1313 3262 1369 sententia:
3303 1315 3482 1372 Heusl

1918 1414 2014 1454 vos
2071 1400 2334 1466 homines,
2383 1399 2682 1468 agnoscite,
2739 1415 2822 1454 me
2858 1401 3111 1457 Ecclesiae
3152 1421 3318 1470 uteie,
3370 1422 3488 1476 quae

1920 1493 2065 1560 prius
2103 1491 2232 1546 Sion
2273 1504 2328 1546 et
2367 1491 2666 1546 Jerusalem
2717 1504 2904 1547 vocata
2941 1493 3064 1558 fuit,
3120 1495 3484 1566 principatum

1921 1584 1972 1636 in
2009 1599 2196 1637 mnncs
2243 1584 2489 1638 daturum
2523 1599 2659 1649 esse,
2706 1600 2768 1638 ac
2818 1585 3116 1640 Ecclesiam
3150 1603 3322 1642 meam
3359 1605 3488 1644 con-

1919 1675 2217 1731 solaturutn
2251 1677 2653 1747 posituramque
2684 1677 2734 1730 in
2770 1678 2872 1730 via.

1995 1855 2153 1911 Vsus.
2180 1857 2269 1921 28,
2304 1857 2393 1911 29.
2435 1876 2452 1908 ι
2479 1859 2517 1912 Α
2551 1857 2793 1926 gentibus
2827 1859 2971 1913 enim
3001 1875 3130 1916 ecce
3176 1861 3355 1917 nullus
3383 1871 3486 1927 est,

1917 1961 1972 2005 et
1999 1953 2063 2005 de
2113 1951 2269 2006 idolis
2307 1966 2490 2006 earum
2545 1968 2654 2004 non
2681 1959 2797 2005 erat
2829 1953 2916 2020 qni
2949 1954 3310 2010 annuntiaret.
3344 1956 3408 2010 Et
3441 1956 3488 2010 si

1918 2041 2322 2109 interrogarem
2352 2057 2467 2105 eos,
2508 2039 2660 2097 Unde
2697 2043 2874 2098 estis?
2934 2060 3038 2100 non
3090 2047 3486 2115 respondebunt

1917 2131 2071 2185 mihi.
2103 2131 2239 2186 Sunt
2266 2133 2408 2186 enim
2433 2131 2522 2200 qui
2552 2128 2757 2185 faciunt
2783 2141 2834 2184 et
2867 2131 2958 2200 qui
3001 2131 3199 2187 frustra
3224 2135 3487 2189 seducunt

1918 2235 2032 2276 vos.
2060 2241 2078 2272 ι
2121 2221 2264 2276 Nihil
2295 2237 2389 2277 eos
2432 2238 2576 2288 esse,
2603 2232 2657 2276 et
2691 2222 2810 2276 ideo
2846 2223 2976 2276 nihil
3012 2239 3196 2293 posse,
3243 2239 3488 2294 compro-

1916 2312 2096 2364 batum
2149 2321 2277 2366 est:
2323 2329 2493 2382 quare
2547 2314 2592 2367 si
2644 2313 3052 2384 interrogavere
3084 2328 3176 2368 eos
3220 2316 3489 2369 undenam

1915 2402 2044 2466 sint,
2072 2417 2257 2457 eorum
2296 2419 2456 2458 nemo
2491 2405 2857 2471 respondebit.

2495 2496 2720 2552 CAPUT
2763 2496 2920 2551 XLII.

1991 2581 2151 2637 Vens.
2185 2586 2238 2638 l.
2275 2602 2292 2634 ι
2321 2582 2494 2638 Jacob
2551 2600 2686 2653 puer
2740 2601 2891 2640 meus
2914 2625 2929 2652 ,
2982 2586 3274 2656 suscipiam
3321 2600 3442 2643 eum
3473 2602 3488 2644 :

1917 2676 2078 2730 Israel
2108 2677 2313 2731 electus
2343 2690 2517 2740 meus,
2548 2678 2785 2746 suscepit
2814 2693 2936 2732 eum
2975 2680 3154 2732 anima
3187 2694 3325 2734 mea.
3359 2680 3489 2736 Dedi

1915 2766 2176 2837 Spiritum
2213 2783 2388 2820 meum
2429 2784 2592 2837 super
2625 2784 2770 2824 eum.
2799 2788 2818 2820 ι
2857 2769 2978 2824 Ηωο
3023 2787 3263 2826 consona
3301 2775 3488 2843 depre-

1917 2858 2117 2911 hendas
2151 2858 2238 2919 iis,
2267 2872 2384 2925 qua:
2409 2858 2658 2926 superius
2686 2857 2750 2911 de
2779 2873 2866 2922 eo,
2893 2860 2982 2925 qui
3013 2875 3076 2912 ex
3110 2862 3288 2916 radice
3317 2861 3488 2919 133.33

1916 2950 2228 3017 proditurus
2268 2959 2424 3016 erat,
2481 2948 2935 3017 prrcnuntiantur.
2991 2951 3211 3006 Electus
3260 2964 3484 3023 autem,

1918 3055 2020 3095 non
2070 3041 2213 3094 sicut
2257 3041 2516 3110 apostoli,
2563 3042 2997 3110 quandoquidem
3043 3046 3109 3096 de
3153 3044 3244 3098 illo
3279 3054 3488 3100 tantqu

1916 3129 2131 3195 dicitur,
2183 3149 2202 3183 ι
2235 3131 2406 3198 Elegit
2455 3147 2576 3186 eum
2629 3133 2806 3185 anima
2854 3149 3004 3200 mea;
3037 3153 3054 3186 ι
3093 3149 3278 3188 verum
3326 3137 3488 3190 etiam

1915 3220 2152 3291 Spiritus
2191 3221 2280 3276 Dei
2331 3223 2382 3276 in
2418 3223 2532 3292 ipso
2563 3223 2676 3277 solo
2711 3225 2972 3294 requievit
3003 3242 3016 3279 :
3053 3225 3106 3279 in
3154 3224 3248 3278 illo
3291 3225 3490 3295 quippe

1917 3312 2232 3366 «habitavit
2282 3315 2456 3367 omnis
2505 3313 2782 3383 plenitudo
2837 3314 3134 3368 divinitatis
3189 3317 3490 3385 corporali-

1913 3403 2104 3456 ιρι-⁷³.»
2134 3405 2518 3470 Quamobrem,
2548 3415 2604 3458 nt
2626 3407 2719 3476 qui
2746 3406 2892 3460 solus
2919 3415 3200 3476 paternum
3227 3407 3489 3477 Spiritum

1911 3497 1963 3549 iu
2015 3509 2074 3551 se
2109 3496 2392 3566 receperit.
2437 3498 2615 3551 omnia
2659 3499 2759 3553 sub
2816 3499 2928 3552 haec
2971 3508 3217 3552 enarrata
3263 3498 3490 3567 peragit,

1911 3589 2159 3658 gentibus
2206 3589 2535 3643 annuntians
2580 3604 2675 3654 ea,
2716 3606 2834 3659 qua:
2877 3591 2943 3646 ad
2997 3591 3128 3646 illud
3181 3591 3486 3646 universale

1907 3681 2166 3748 judicium
2207 3682 2499 3749 pertinent,
2530 3691 2586 3737 ut
2613 3697 2804 3737 Omnes
2836 3684 2900 3736 ad
2935 3681 3176 3737 futurum
3209 3683 3302 3737 Dei
3340 3683 3489 3752 judi-

1912 3773 2052 3826 cium
2086 3782 2367 3841 praeparet.

1986 3862 2282 3930 Vt:ns.2,5.
2327 3883 2345 3916 ι
2384 3863 2495 3918 Non
2535 3865 2824 3926 clamabit,
2873 3880 3042 3935 neque
3084 3866 3348 3931 dimittet,
3400 3880 3488 3920 ne.

1912 3972 2018 4027 que
2061 3959 2310 4012 audietur
2345 3959 2474 4012 foris
2513 3975 2613 4011 vox
2651 3957 2809 4026 ejus:
2846 3960 3111 4012 calamum
3159 3974 3488 4027 conquassa-

1916 4061 2026 4106 tum
2073 4069 2176 4106 non
2217 4063 2479 4114 conteret,
2510 4063 2562 4106 et
2607 4053 2774 4105 linum
2813 4052 3084 4122 fumigans
3126 4066 3230 4104 non
3279 4054 3488 4104 exstin-

1915 4151 2074 4213 guet;
2107 4144 2199 4195 sed
2243 4143 2293 4194 in
2338 4145 2570 4196 veritate
2615 4141 2751 4196 feret
2779 4143 3037 4210 judicium
3085 4163 3104 4194 ι
3145 4141 3291 4195 Solet
3337 4143 3487 4194 Seri-

1917 4245 2072 4302 ptura
2106 4233 2283 4285 divina
2318 4234 2515 4285 utentis
2555 4233 2710 4285 oculo
2747 4233 2844 4298 uti,
2892 4247 3012 4286 cum
3063 4233 3126 4285 de
3163 4231 3269 4286 Deo
3307 4230 3478 4299 loqui-

1917 4334 2038 4377 tur:
2067 4323 2503 4393 quandoquidem
2543 4325 2726 4391 pedes,
2759 4339 2972 4388 mauus,
3002 4324 3198 4393 digitos
3223 4333 3278 4378 et
3304 4323 3488 4378 oculos

1919 4414 2008 4467 Dei
2041 4415 2182 4468 solet
2211 4416 2446 4469 humano
2481 4430 2626 4468 more
2657 4413 2921 4484 proferre.
2960 4414 3031 4468 De
3061 4415 3276 4469 Christo
3305 4426 3486 4468 autem

237 4513 320 4565 τοῦ
345 4512 404 4564 δὲ
431 4509 526 4561 τοῦ
564 4507 799 4579 Χριστοῦ
834 4507 1002 4559 ταῦτα
1034 4507 1283 4574 λέγεται,
1332 4505 1628 4576 ἐπειδήπερ
1675 4504 1806 4574 ἡσύ-

1920 4506 2032 4560 haec
2065 4506 2183 4561 ideo
2211 4508 2481 4570 dicuntur,
2525 4507 2648 4576 quia
2691 4507 2778 4562 ille
2809 4507 3017 4579 placide
3055 4518 3107 4560 et
3151 4509 3334 4576 quiete
3383 4507 3488 4562 hu-

231 4623 338 4676 χως
371 4605 469 4656 καὶ
512 4602 701 4671 πράως
734 4600 825 4651 τὶν
873 4597 1207 4670 ἀνθρώπινον
1259 4596 1506 4650 διώδευσε
1559 4596 1690 4664 βίον.
1737 4597 1812 4659 ῶς

234 4697 371 4768 μηδέ
393 4699 507 4757 τοῖς
531 4695 621 4746 ὑπ’
655 4692 820 4744 αὐτοῦ
849 4689 1301 4762 θεραπευομένοις
1318 4689 1630 4760 ἐπιτρέπειν
1651 4687 1812 4741 αὑτὸν

233 4789 466 4860 φανερὸν
501 4789 673 4838 ποιεῖν
694 4786 804 4846 τοῖς
840 4785 1002 4835 πᾶσιν
1028 4799 1042 4813 ·
1070 4781 1214 4834 οὕτω
1239 4781 1370 4852 γὰρ,
1392 4781 1572 4850 φησιν,
1607 4779 1814 4849 ἀψοφη-

232 4881 282 4932 τὶ
311 4881 408 4931 καὶ
431 4874 649 4947 ἡσύχως
672 4873 1001 4926 διελεύσεται
1031 4873 1122 4924 τὸν
1151 4875 1207 4924 ἐν
1236 4870 1538 4942 ἀνθρώποις
1578 4870 1708 4940 βίον,
1738 4871 1813 4933 ὡς

237 4972 370 5042 μηδὲ
399 4969 493 5021 τὸν
513 4966 744 5038 τυχόντα
770 4965 1052 5036 ἄνθρωπον
1081 4963 1314 5034 λυπῆσαι
1349 4963 1440 5015 τὸν
1473 4964 1686 5016 πάντων
1715 4980 1812 5015 τα-

233 5059 588 5131 πεινῶτερον,
622 5059 716 5110 καὶ
744 5057 1151 5127 ἀσθενέστερον,
1185 5054 1414 5124 καλάμῳ
1436 5053 1521 5106 διὰ
1557 5054 1616 5105 τὸ
1654 5053 1812 5106 ἀσθε-

236 5156 321 5216 νές
343 5152 770 5222 ἀπεικασμένον.
817 5149 970 5203 Λίνον
997 5149 1052 5202 δὲ
1095 5148 1392 5219 τυφόμενον
1429 5149 1601 5206 εἴποις
1637 5147 1702 5199 ἂν
1731 5142 1809 5198 εἷ-

237 5264 323 5299 ναι
359 5246 451 5298 τὸν
479 5244 602 5314 εἰκῆ
637 5242 1015 5312 φυσιούμενον,
1047 5241 1150 5295 ὑπὸ
1174 5240 1267 5293 τοῦ
1299 5240 1415 5302 νοὸς
1449 5239 1547 5308 τῆς
1611 5239 1810 5310 σαρκὸς

239 5340 402 5394 αὑτοῦ
443 5336 750 5408 ἐπηρμένον
783 5336 876 5389 κει.)⁸
899 5335 1296 5404 τετυφωμένον,
1326 5333 1383 5385 ὃν
1431 5333 1491 5384 οὐ
1525 5331 1806 5395 κωλύσειν,

240 5431 362 5485 οῦδὲ
398 5429 626 5483 παύσειν
687 5428 901 5498 ἐλέγετο
934 5427 1026 5480 τοῦ
1061 5427 1378 5497 ἐπάρματος
1409 5428 1436 5478 ὁ
1469 5423 1805 5495 προφητευό-

244 5541 421 5593 μενος.
464 5523 529 5574 Ὃ
555 5521 619 5592 δὴ
655 5521 749 5574 καὶ
781 5521 924 5591 ἔργῳ
956 5519 1188 5590 ἐπλήρου
1220 5521 1246 5571 ὁ
1276 5517 1506 5588 Χριστὸς
1533 5515 1809 5586 ἐπιδημῶν

243 5616 317 5689 τῷ
372 5613 553 5686 θνητῷ
589 5614 712 5685 βίῳ·
770 5613 893 5666 οὔτε
923 5607 1014 5665 οὖν
1048 5610 1298 5663 ταπεινόν
1326 5627 1443 5663 τινα
1479 5609 1566 5664 κτιϋδ
1610 5607 1808 5677 ἀσθενῆ

347 5815 394 5844 τ’
424 5813 607 5874 Col.it,
637 5812 687 5868 9.

1921 4614 2133 4651 manant
2167 4613 2421 4654 emensus
2456 4609 2539 4652 est
2569 4599 2765 4666 vitam,
2802 4599 2871 4652 ita
2907 4609 2963 4651 nt
2997 4615 3061 4652 ne
3107 4599 3210 4653 illis
3244 4600 3486 4668 quidem,

1918 4693 2071 4760 queis
2149 4692 2412 4747 medelam
2501 4694 2716 4756 attulit,
2782 4695 3119 4761 permitteret
3184 4703 3243 4744 ut
3313 4693 3486 4760 ipsum

1919 4787 2168 4840 omnibus
2197 4786 2371 4854 palam
2406 4787 2665 4842 facerent.
2711 4785 2894 4855 Usque
2923 4787 3077 4848 adeo,
3123 4786 3322 4856 inquit,
3369 4787 3489 4840 sine

1921 4879 2145 4947 strepitu
2204 4895 2265 4934 ac
2315 4879 2496 4948 quiete
2549 4880 2842 4933 humanam
2903 4879 3164 4946 transiget
3210 4880 3396 4942 vitam,
3429 4886 3487 4930 ut

1922 4986 1989 5024 ne
2027 4970 2108 5023 Vel
2147 4970 2368 5024 minimo
2413 4985 2476 5023 ex
2529 4971 2837 5026 hominibus
2908 4972 3209 5025 molestiam
3277 4971 3482 5039 pariat,

1919 5061 2126 5114 etiamsi
2160 5060 2249 5116 ille
2278 5062 2612 5118 humillimus
2637 5071 2692 5118 et
2729 5063 3090 5116 debilissimns
3117 5059 3352 5114 omnium
3381 5059 3483 5123 sit,

1919 5167 1981 5203 ac
2015 5150 2398 5207 imbecillitatis
2436 5169 2597 5208 causa
2642 5155 2849 5209 calamo
2885 5164 3256 5222 comparetur.
3291 5152 3482 5206 Linum

1920 5258 2046 5297 vero
2089 5244 2356 5314 furnigans
2395 5246 2598 5301 dixeris
2623 5263 2744 5300 eum
2774 5262 2915 5312 esse,
2963 5247 3050 5314 qui
3092 5254 3270 5298 mente
3303 5244 3486 5297 carnis

1919 5350 2028 5389 sua:
2069 5334 2261 5399 elatus,
2297 5345 2497 5392 temere
2528 5337 2764 5402 inﬂatur,
2793 5354 2953 5408 quem
3002 5353 3106 5391 non
3140 5339 3207 5388 ah
3252 5335 3484 5390 elatione

1919 5427 2252 5484 cohibiturus
2279 5445 2396 5484 esse
2439 5430 2634 5484 dicitur
2665 5433 2728 5494 is,
2771 5429 2861 5499 qui
2905 5430 2955 5483 in
2989 5430 3270 5498 prophetia
3312 5443 3481 5482 enun-

1919 5520 2103 5572 tiatur.
2146 5517 2310 5589 ldque
2354 5535 2482 5574 sane
2525 5521 2776 5576 Christus
2826 5522 2876 5574 in
2928 5520 3138 5572 mortali
3182 5522 3287 5572 vita
3330 5533 3485 5586 pere-

1917 5609 2182 5678 grinatus,
2224 5624 2384 5680 opere
2438 5611 2723 5678 complevit
2765 5630 2775 5664 :
2811 5627 2983 5681 neque
3030 5613 3172 5665 enim
3226 5613 3483 5665 humilem
