3984 6508
513 367 615 421 387

1213 363 1480 418 EUSEBII
1519 361 1984 419 CESARIENSIS
2021 361 2172 418 OPP.
2214 362 2389 418 PARS
2427 361 2512 418 lll.
2553 394 2622 406 —
2659 360 3069 416 EXEGETICL

3647 359 3760 416 εδδ

513 491 818 564 quempiam
863 501 914 541 rt
953 491 1090 557 apud
1134 490 1380 545 homines
1421 491 1691 544 inlirmum
1739 490 2075 546 contristavit

2184 485 2234 536 ἐν
2263 483 2566 553 ἀνθρώποις
2625 483 2912 550 ἐλύπησεν,
2941 479 3063 532 οὕτε
3109 478 3226 531 τινὰ
3267 478 3372 531 τῶν
3427 477 3761 549 ἐπηρμένων

513 602 772 656 unquam,
815 601 987 653 neque
1031 585 1194 638 ullum
1221 601 1284 638 cx
1323 583 1702 652 arrogantibus
1730 593 1783 635 et
1829 584 2077 650 superbis

513 679 734 731 adortus
765 687 838 730 est
871 695 884 730 :
921 677 1012 729 sed
1067 691 1183 729 sese
1211 677 1461 729 omnibus
1494 691 1714 744 prorsus
1769 675 2076 729 hominibus

513 779 848 822 mansuetum
889 781 937 822 et
972 769 1224 822 humilem
1263 769 1424 822 corde
1459 768 1744 822 exhibuit:
1773 783 1892 820 cum
1935 766 2078 820 veri-

511 871 625 915 tate
650 870 826 914 autem
860 871 909 915 et
953 862 1140 915 tidncia
1173 863 1424 914 omnibus
1455 861 1703 927 aperiens
1741 875 1828 920 ea,
1857 873 1978 927 quae
2008 860 2075 912 ad

509 951 607 1005 hri
638 951 897 1020 judicium
937 953 1272 1018 Spectabunt,
1317 967 1420 1004 non
1457 951 1604 1020 prius
1639 950 1887 1011 cessavit,
1914 964 2075 1018 quam

512 1043 646 1098 lucis
696 1044 866 1098 instar
914 1044 1310 1112 splendesceret
1354 1057 1450 1110 per
1513 1044 1962 1096 resurrectionem
2008 1057 2074 1095 ex

510 1136 757 1195 mortuis,
801 1151 958 1203 quam
991 1135 1336 1203 propheticus
1377 1149 1554 1188 sermo
1597 1135 1683 1188 his
1720 1133 1898 1188 verbis
1944 1133 2074 1188 subs

508 1227 795 1288 indicavit,
836 1246 854 1278 ι
884 1227 1284 1296 Resplendebit,
1325 1235 1381 1279 et
1407 1243 1513 1280 non
1555 1235 1886 1279 conteretur.
1913 1243 1935 1277 ι
1987 1226 2075 1279 Si-

509 1321 726 1387 quidem
771 1319 917 1373 illum
973 1330 1254 1373 conterere
1296 1329 1350 1373 et
1397 1319 1740 1386 exstinguere
1794 1316 2079 1371 tentabant

507 1414 578 1477 ii,
617 1413 706 1478 qui
754 1427 940 1466 necem
973 1413 1071 1481 ipsi
1102 1412 1270 1465 moliti
1299 1421 1423 1464 sunt
1450 1430 1464 1465 :
1496 1411 1693 1464 etenim
1735 1410 1785 1464 id
1820 1410 2074 1464 universo

511 1505 789 1558 hominum
836 1505 1018 1573 generi
1069 1514 1254 1556 natura
1312 1503 1588 1571 proprium
1638 1511 1752 1566 est,
1805 1512 1865 1555 ut
1902 1512 2076 1556 morte

510 1603 846 1648 conteratur.
870 1592 937 1646 At
974 1608 1077 1645 non
1122 1593 1268 1645 illum
1306 1608 1453 1645 mors
1488 1593 1777 1655 contrivit,
1813 1593 1906 1646 sed
1939 1608 2076 1647 unus

505 1701 718 1750 eorum,
747 1686 834 1753 qui
863 1702 889 1738 a
921 1685 1116 1739 saeculo
1147 1685 1316 1746 fuere,
1351 1686 1506 1738 morti
1547 1686 1794 1754 superior
1835 1686 2075 1740 cvesisse

503 1778 627 1844 iure
656 1778 954 1832 declaratur
982 1795 1009 1830 a
1041 1779 1322 1846 prophetia
1349 1777 1560 1832 dicente
1600 1796 1616 1832 :

588 1870 748 1924 Vsus.
781 1869 834 1923 4.
877 1889 896 1921 ι
926 1869 1304 1940 Resplendebit
1327 1911 1342 1935 ,
1383 1880 1436 1925 et
1463 1887 1567 1924 non
1604 1881 1936 1933 conteretur,
1979 1872 2076 1925 do-

505 1975 608 2016 nec
645 1972 813 2029 ponat
863 1963 916 2016 in
959 1973 1100 2017 terra
1160 1962 1458 2029 judicium;
1500 1975 1554 2016 et
1594 1964 1648 2016 in
1703 1966 1922 2018 nomine
1963 1964 2077 2032 ejus

509 2063 694 2123 gentes
735 2056 1049 2124 sperabunt.
1097 2076 1114 2106 ι
1149 2056 1414 2123 Quocirca
1461 2065 1581 2124 post
1629 2057 2077 2111 resurrectionem

506 2161 574 2200 ex
612 2148 838 2202 mortuis
864 2189 879 2213 ,
906 2149 1042 2204 lucis
1090 2149 1266 2204 instar
1307 2151 1359 2203 in
1398 2160 1510 2203 toto
1540 2151 1671 2203 orbe
1708 2149 2078 2217 resplendcus,

510 2252 616 2291 non
646 2239 796 2308 prius
836 2241 1099 2304 cessavit,
1131 2257 1288 2309 quam
1339 2242 1391 2296 in
1440 2253 1581 2296 terra
1636 2253 1688 2297 et
1734 2244 1784 2296 in
1834 2242 2078 2298 Ecclesia

509 2346 605 2385 sua
655 2331 893 2399 regimen
953 2335 1294 2404 acjudicium
1355 2339 1657 2406 ordinaret,
1715 2338 1857 2407 quod
1911 2337 2072 2393 etiam

511 2422 787 2490 discipulis
813 2423 924 2478 suis
953 2427 1194 2481 tradidit.

583 2515 747 2571 Vsus.
788 2517 842 2574 5,
875 2534 896 2568 ι
927 2516 1018 2572 Sic
1042 2520 1173 2573 dicit
1204 2519 1461 2578 Dominus
1487 2523 1646 2590 Dens,
1682 2526 1773 2594 qui
1811 2525 1938 2581 fecit
1965 2542 2077 2582 caa-

513 2605 643 2671 lum,
670 2616 724 2661 et
757 2609 875 2663 lixit
897 2609 1044 2675 illud,
1071 2611 1162 2679 qui
1199 2613 1433 2666 [irritavit
1468 2626 1668 2669 terram
1697 2657 1712 2682 ,
1759 2629 1814 2672 et
1857 2634 1975 2687 qua:
2023 2621 2074 2673 in

507 2697 623 2763 ipsa
654 2709 796 2762 sunt,
826 2702 916 2771 qui
947 2703 1036 2756 dat
1073 2701 1254 2758 natura
1281 2707 1481 2775 popqu
1515 2723 1614 2761 suo
1646 2710 1698 2763 in
1723 2725 1809 2775 ea,
1834 2721 1886 2763 et
1914 2711 2078 2780 spiri-

511 2799 623 2843 tum
659 2792 994 2848 calcantibus
1043 2810 1179 2850 eam.
1218 2816 1236 2849 ι
1285 2799 1584 2854 Admodum
1635 2814 2074 2873 consequenter:

510 2898 635 2936 nam
664 2899 801 2953 opus
827 2895 910 2939 est
941 2901 1039 2938 nos
1073 2889 1323 2944 ediscere
1363 2907 1427 2944 ex
1471 2893 1625 2961 cujus
1668 2909 1895 2961 persona
1933 2894 2075 2948 dicta

509 2977 618 3028 sint
657 2991 775 3044 qua:
807 2977 872 3030 de
909 2976 1126 3032 Christo
1158 2980 1582 3049 przrmittuntur.
1612 2984 1744 3050 Quia
1773 2986 1914 3038 enim
1942 3002 2074 3039 con-

509 3065 690 3120 fertim
742 3067 901 3121 initio
943 3070 1158 3124 dixerat
1212 3073 1558 3142 propheticus
1604 3091 1803 3138 sermo,
1851 3094 1869 3127 ι
1904 3075 2076 3131 Jacob

509 3172 645 3226 puer
669 3173 842 3223 meus,
893 3163 1182 3231 suscipiam
1229 3179 1350 3217 eum
1389 3164 1592 3220 :lsrael
1643 3167 1845 3221 electus
1899 3184 2072 3234 meus,

510 3251 745 3320 suscepit
779 3267 902 3306 eum
939 3256 1117 3308 anima
1147 3271 1264 3308 mea
1297 3274 1309 3310 :
1339 3256 1457 3310 dedi
1497 3258 1742 3326 spiritum
1774 3274 1949 3313 meum
1983 3277 2075 3314 su-

513 3358 609 3400 per
633 3358 789 3405 eum;
830 3362 848 3394 ι
883 3359 982 3398 nec
1007 3345 1335 3400 indicaverat
1362 3349 1483 3416 quis
1525 3349 1636 3402 lucc
1659 3347 1920 3414 dixisset,
1972 3350 2070 3403 bn~

513 3434 594 3501 jus
643 3433 877 3486 vaticinii
937 3445 1212 3490 auctorem
1259 3435 1370 3504 jam
1434 3441 1740 3491 necessario
1772 3440 2017 3492 enuntiat
2057 3453 2070 3490 :

508 3523 858 3588 quamobrem
892 3525 1183 3595 subjungit,
1222 3545 1239 3578 ι
1274 3528 1366 3581 Sic
1393 3528 1522 3581 dicit
1545 3529 1801 3582 Dominus
1835 3530 1972 3583 Deus
2003 3549 2016 3584 :
2054 3549 2070 3581 ι

511 3611 628 3682 ipse
658 3615 852 3684 quippe
877 3628 1013 3678 erat,
1040 3617 1129 3685 qui
1161 3619 1402 3687 etprima
1429 3620 1669 3686 protulit,
1707 3629 1762 3673 et
1797 3621 2078 3687 sequentia

509 3706 726 3773 adjecit.
753 3707 1006 3772 Quamvis
1034 3710 1176 3763 enim
1207 3726 1301 3764 νος.
1328 3713 1591 3774 homines,
1630 3711 1887 3765 invisibili
1922 3722 1975 3764 et
2000 3712 2079 3765 in-

511 3813 782 3867 corpOrezc
817 3800 904 3853 Dci
937 3802 1250 3855 substantize
1275 3803 1517 3855 videnda:
1565 3817 1722 3870 pares
1758 3819 1859 3854 non
1918 3802 2076 3866 sitis;

509 3901 567 3944 at
599 3892 754 3962 hujus
781 3891 910 3946 tanti
938 3893 1058 3945 C(Bli
1095 3893 1517 3963 magnitudinem
1574 3893 1945 3961 speculantes,
1980 3911 2076 3948 vo-

507 3981 714 4038 biscum
744 3993 987 4052 reputate
1020 3994 1252 4052 quantus
1282 3985 1523 4052 qualisve
1548 3987 1616 4037 sit
1655 3986 1716 4045 is,
1747 3989 1838 4055 qui
1873 3997 2075 4040 tantam

512 4075 629 4131 liin
661 4077 887 4141 molem,
939 4077 1060 4132 hinc
1099 4088 1293 4130 terram
1343 4078 1511 4146 ipsam
1569 4077 1960 4146 reSpiricntes,
2015 4095 2079 4134 ac

507 4171 931 4235 considerantes,
987 4180 1206 4240 quanta,
1260 4186 1418 4238 quam
1485 4171 1782 4226 immobilis
1821 4188 1848 4225 a
1883 4173 2078 4226 szecnlo

513 4267 730 4318 fundata
771 4274 824 4318 et
855 4279 950 4316 ceu
1002 4263 1268 4316 radicibus
1310 4263 1519 4314 lii-mata
1559 4267 1669 4326 sit,
1706 4265 1777 4317 ita
1810 4275 1961 4318 utne
1995 4263 2075 4317 vel

510 4353 777 4408 tantillum
824 4363 1138 4417 moveatur;
1198 4352 1428 4421 cogitate
1491 4366 1653 4422 quam
1700 4354 2080 4408 inenarrabilis

512 4449 683 4500 virtus
713 4448 781 4500 sit
813 4448 947 4512 ejus,
985 4446 1074 4514 qui
1111 4446 1344 4498 lirmavit
1381 4460 1498 4497 eam
1523 4484 1536 4510 ,
1584 4455 1637 4499 et
1683 4447 1752 4500 ita
1793 4447 2075 4502 fecundam

515 4539 892 4606 fructuumque
947 4537 1180 4590 feracem
1233 4537 1507 4601 condidit,
1570 4547 1627 4591 ut
1669 4547 1747 4592 tot
1791 4540 2070 4608 animalia,

510 4639 586 4682 ιηι
614 4630 824 4696 plantas
859 4627 1118 4696 proferat.
1160 4625 1206 4678 Is
1227 4640 1374 4694 ergo,
1406 4629 1496 4695 qui
1533 4638 1736 4682 tantam
1771 4630 2075 4698 pulchritu—

510 4723 686 4774 dinem
719 4733 774 4774 et
807 4729 1007 4772 tantam
1036 4718 1226 4769 molem
1253 4718 1513 4779 condidit,
1545 4720 1806 4776 Dominus
1843 4736 1897 4777 et
1937 4725 2077 4776 Deus

511 4815 906 4870 universorum,
940 4811 1098 4862 etiam
1130 4825 1214 4873 ea,
1251 4825 1368 4878 qua:
1390 4814 1638 4880 superius
1663 4816 1802 4870 dicta
1833 4829 1979 4881 sunt,
2010 4819 2075 4873 de

511 4905 729 4960 Christo
764 4904 1164 4971 prmuuntiavit.

579 5023 739 5077 Vsus.
771 5020 885 5076 6-7.
927 5038 944 5070 ι
989 5020 1097 5089 Ego
1134 5020 1386 5071 Dominus
1420 5019 1557 5075 Dens
1584 5029 1765 5078 vocavi
1813 5035 1862 5079 te
1910 5027 1961 5079 in
1987 5011 2078 5092 ju;

508 5117 652 5170 milia
690 5133 702 5166 :
738 5124 791 5168 et
824 5113 1222 5181 apprehendat“
1254 5129 1465 5165 multum
1492 5125 1633 5168 tuam
1665 5159 1678 5181 ,
1719 5129 1772 5171 et
1811 5119 2076 5172 corrobo-

511 5212 643 5262 rabo
667 5216 743 5269 te,
771 5215 823 5258 et
852 5206 970 5256 dedi
1006 5215 1057 5259 te
1099 5206 1151 5256 in
1181 5213 1559 5262 testamentum
1604 5212 1820 5278 generis
1843 5253 1858 5274 ,
1895 5211 1944 5263 in
1990 5211 2072 5264 lu-

509 5318 623 5354 cem
653 5299 912 5369 gentium,
943 5307 999 5350 ut
1039 5296 1278 5367 aperires
1307 5300 1490 5353 oculos
1526 5316 1790 5354 ca-corum
1811 5343 1826 5365 ,
1861 5315 1914 5356 et
1944 5302 2076 5354 edu-

509 5408 660 5447 ccrcs
706 5393 912 5445 vinctos
953 5407 1020 5445 ex
1068 5389 1296 5442 vinculis
1332 5401 1384 5443 et
1434 5407 1497 5446 ex
1532 5395 1689 5446 domo
1718 5393 1976 5446 custodiae
2025 5401 2078 5445 et

509 5485 756 5539 sedentes
785 5485 835 5536 in
865 5485 1124 5538 tenebris.
1167 5502 1184 5533 ι
1229 5481 1320 5534 llis
1361 5484 1647 5553 compellat
1697 5501 1818 5538 eum
1845 5524 1862 5549 ,
1916 5498 2074 5552 quem

511 5576 758 5644 superius
803 5591 1024 5643 puerum
1055 5591 1207 5629 suum
1243 5575 1370 5628 dixit
1393 5617 1408 5641 ,
1435 5577 1519 5628 cui
1549 5592 1604 5630 se
1632 5577 1882 5644 spiritum
1917 5587 2074 5627 suum

511 5671 758 5722 daturum
783 5684 902 5723 esse
929 5669 1162 5723 dicebat.
1216 5665 1396 5722 Primo
1440 5680 1617 5722 autem
1659 5671 1834 5736 ipsum
1882 5669 1934 5718 in
1981 5666 2070 5733 ju-

511 5763 650 5814 stitia
689 5770 843 5812 vocat
908 5761 1240 5814 vocationem
1269 5759 1387 5828 ejus
1419 5775 1515 5828 pro
1554 5762 1814 5829 dignitate
1842 5757 2074 5823 etjusti-

509 5857 578 5908 tia
607 5869 872 5923 peragens
905 5869 917 5904 :
954 5853 1143 5906 deinde
1194 5867 1317 5906 vero
1362 5870 1418 5908 se
1461 5869 1677 5907 manum
1723 5853 1840 5920 ejus
1879 5866 2074 5918 apprc-

2179 577 2272 628 καὶ
2299 575 2662 645 ὑπερηφάνων
2695 572 2950 643 μετῆλθεο
2985 570 3118 641 πρὸς
3146 571 3386 631 ἅπαντας
3413 570 3466 621 δέ
3501 572 3625 633 τοὺς
3661 573 3761 624 ἁν-

2180 663 2432 733 θρώπους
2488 663 2660 736 πρᾶός
2693 679 2750 713 τε
2783 658 2849 731 ἦν
2881 660 2975 713 καὶ
3005 659 3254 721 ταπει·.ὸς
3290 662 3353 727 τῇ
3390 657 3620 729 καρδία·
3656 660 3760 713 σὺν

2179 751 2403 821 ἀληθείᾳ
2442 751 2497 802 δὲ
2545 751 2636 803 καὶ
2691 749 2971 820 παρρησία
3022 751 3134 810 τοῖς
3168 750 3296 800 πᾶσι
3338 747 3661 801 διαστέλλων
3684 748 3761 802 τὰ

2183 843 2423 914 περὶτῆς
2446 842 2538 894 τοῦ
2568 840 2702 893 Θεοῦ
2734 842 2985 912 κρίσεως,
3004 841 3097 892 καὶ
3112 841 3172 892 οὺ
3203 840 3460 911 πρότερόν
3492 857 3556 908 γε
3583 839 3761 895 ἐπαύ-

2183 953 2332 1000 σατο,
2371 935 2402 1006 ἦ
2439 935 2613 1004 φωτὸς
2643 933 2796 1003 δίκην
2837 931 3109 1002 ἐκλάμψαι
3143 932 3230 984 διὰ
3281 932 3378 1002 τῆς
3425 935 3488 984 ἐκ
3542 933 3760 1004 νεκρῶν

2181 1027 2548 1090 ἀναστάσεως,
2574 1027 2650 1096 ¹ἢν
2679 1028 2707 1080 6
2753 1024 3084 1096 προφητικὸς
3115 1023 3270 1091 λόγος
3299 1023 3516 1095 ᾐνίξατο
3559 1023 3755 1086 εἰπὼν,

2187 1139 2204 1170 ι
2245 1118 2573 1189 ’Λναλάμψει
2609 1118 2701 1169 καὶ
2733 1118 2793 1170 οῦ
2836 1116 3252 1187 θραυσθήσεται.
3293 1135 3312 1168 ›
3373 1115 3613 1186 Θραῦσαι
3653 1116 3758 1186 μὲν

2180 1210 2288 1279 γὰρ
2321 1210 2498 1271 αὑτὸν,
2529 1209 2622 1261 καὶ
2649 1206 2946 1260 ἀποσϐέσαι
2993 1206 3347 1277 πεπείρανται
3377 1207 3424 1258 oi
3458 1206 3550 1258 τὸν
3593 1206 3754 1260 θάναο

2177 1319 2268 1355 τον
2303 1300 2450 1371 αὑτῷ
2481 1300 2985 1362 κατασκευάσαντες
3008 1314 3021 1328 ·
3053 1298 3174 1350 ἐπεὶ
3199 1299 3292 1350 καὶ
3319 1300 3424 1350 πᾶν
3452 1299 3512 1350 τὸ
3559 1297 3760 1368 θνητὸν

2178 1393 2332 1460 γένος
2386 1392 2596 1460 θανάτῳ
2657 1389 2985 1462 θραύσεσθαι
3042 1389 3304 1457 πέφυκεν.
3356 1389 3493 1442 Ἀλλ’
3543 1389 3604 1442 οὐ
3657 1388 3761 1442 καὶ

2181 1485 2339 1536 αὑτὸν
2387 1483 2674 1554 ἔθραυσεν·
2717 1481 2872 1552 μόνος
2909 1479 2966 1532 δὲ
3007 1479 3113 1532 τῶν
3143 1480 3200 1546 ἐξ
3251 1479 3445 1542 αἰῶνος
3474 1473 3553 1542 εἷς
3599 1473 3761 1542 οὗτος

2179 1575 2408 1629 θανάτου
2429 1575 2688 1646 κρείττων
2719 1572 3066 1642 ἀποφανθεὶς.
3099 1572 3323 1634 εἰκότως
3353 1572 3457 1624 ὑπὸ
3477 1569 3576 1640 τῆς
3615 1579 3759 1641 προσ

2181 1667 2404 1737 φητείας
2444 1665 2862 1736 μεμαρτύρηται
2892 1663 3142 1734 φησάσης
3164 1680 3177 1693 ⁸

2257 1862 2274 1892 ι
2332 1839 2656 1912 ’Ᾱναλάμψει
2679 1842 2769 1893 καὶ
2806 1841 2865 1893 οῦ
2891 1839 3306 1910 θραυσθήσεται,
3327 1839 3433 1902 ἕως
3461 1839 3525 1892 ἂν
3564 1838 3631 1910 θῇ
3661 1830 3762 1893 ἐπ’.

2180 1935 2277 2005 τῆς
2314 1934 2418 2004 γῆς
2458 1934 2659 2006 κρίσιν,
2697 1935 2790 1986 καὶ
2817 1932 2908 1985 ἐπὶ
2931 1932 3009 2002 τῷ
3042 1932 3264 2003 ὀνόματι
3310 1931 3470 1984 αὑτοῦ
3500 1931 3627 2001 ἔθνη
3667 1933 3761 1985 ἐλ-

2180 2026 2378 2079 πιοῦσι.
2414 2047 2432 2076 υ
2463 2027 2552 2079 Διὸ
2579 2027 2670 2080 καὶ
2723 2025 2858 2095 μετὰ
2909 2025 3006 2096 τὴν
3057 2026 3120 2077 ἐκ
3168 2023 3374 2094 νεκρῶν
3437 2023 3756 2085 ἀνάστασιν,

2180 2117 2353 2186 φωτὸς
2381 2117 2536 2186 δίκην
2557 2118 2635 2178 είς
2671 2115 2845 2168 πάντα
2870 2113 2958 2168 τὸν
2979 2114 3179 2184 κόσμον
3207 2113 3508 2183 ἐκλάμψας,
3535 2113 3597 2165 οὑ
3617 2113 3759 2183 πρό-

2178 2224 2334 2278 τερον
2399 2206 2690 2266 ἐπαύσατο,
2743 2199 3169 2274 ἢδιατάξασθαι
3225 2201 3314 2255 ἐπὶ
3350 2203 3446 2273 τῆς
3488 2202 3590 2270 γῆς
3652 2202 3760 2282 τῂν

2180 2299 2307 2368 περὶ
2334 2297 2432 2366 τῆς
2449 2296 2771 2365 Ἐκκλησίαί
2805 2295 2966 2346 αὐτοῦ
2990 2293 3247 2364 διθίκησεν
3269 2311 3324 2345 τε
3347 2295 3438 2346 καὶ
3465 2284 3758 2365 κρίσινίήν

2179 2393 2288 2452 τοῖς
2319 2386 2480 2442 αὑτοῦ
2522 2387 2802 2458 παρέδωκε
2851 2386 3137 2457 μαθηταῖς.

2254 2497 2271 2528 ι
2311 2477 2468 2531 Οῦτω
2515 2478 2661 2545 λέγει
2690 2476 2889 2548 Κύριος
2917 2479 2944 2530 6
2979 2477 3110 2540 Θεὸς
3135 2478 3162 2529 ὁ
3203 2478 3431 2547 ποιήσας
3465 2475 3554 2530 τὸν
3588 2477 3760 2548 οὖρα.-

2179 2570 2286 2632 νὸν,
2322 2571 2416 2622 καὶ
2448 2569 2620 2640 πήξας
2664 2569 2844 2634 αὑτὸν,
2875 2570 2902 2620 6
2932 2567 3238 2638 στερεώσας
3269 2569 3365 2638 τὴν
3401 2570 3523 2637 γῆν,
3549 2570 3643 2621 καὶ
3687 2569 3758 2622 τὰ

2179 2664 2236 2714 ἐν
2270 2663 2426 2733 αὐτῇ,
2463 2663 2555 2716 καὶ
2580 2661 2754 2725 διδοὺς
2781 2660 2945 2731 πνοὴν
2973 2660 3048 2730 τῷ
3079 2660 3193 2731 λαῴ
3219 2661 3296 2731 τῷ
3325 2662 3408 2713 ἐπ’
3435 2661 3621 2730 αὐτῆς,
3659 2665 3756 2715 καὶ

2179 2755 2240 2808 τὸ
2271 2755 2487 2826 πνεῦμα
2520 2758 2632 2816 τοῖς
2664 2753 2926 2806 πατοῦσιν
2969 2750 3158 2822 αὑτήν.
3197 2771 3216 2803 ι
3266 2753 3475 2824 Σφόδρα
3529 2754 3756 2806 ἀκολού-

2179 2844 2284 2908 Θως
2306 2862 2319 2875 ’
2353 2844 2455 2914 Χρὴ
2487 2845 2593 2916 γὰρ
2621 2845 2768 2914 ἡμᾶς
2795 2843 2984 2913 μαθεῖν
3010 2845 3072 2894 ἐκ
3101 2842 3244 2904 τίνος
3273 2843 3563 2913 προσώπου
3597 2841 3662 2914 ἦν
3686 2845 3757 2898 τὰ

2179 2939 2304 3008 περὶ
2328 2937 2562 3008 Χριστοῦ
2596 2936 2985 3008 προλεχθέντα.
3027 2935 3240 3005 Ἐπειδὴ
3285 2935 3393 3005 γὰρ
3422 2936 3634 3007 ἀθρόως
3655 2939 3755 2989 ἐπ-

2177 3027 2365 3082 έϐαλεν
2393 3030 2422 3081 6
2449 3027 2780 3098 προφητικὸς
2806 3026 2960 3094 λόγος
2983 3029 3039 3079 ἐν
3071 3027 3209 3096 ἀρχῇ
3252 3025 3418 3079 εἰπὼν
3441 3067 3454 3089 ,
3495 3045 3514 3078 ι
3560 3026 3756 3080 Ἰακὼῦ

2110 3128 2150 3184 C
2182 3122 2210 3173 6
2242 3123 2366 3182 παῖς
2403 3137 2524 3190 μου,
2555 3117 2915 3188 ἀντιλήψομη
2950 3117 3112 3170 αὐτοῦ
3140 3134 3152 3146 ·
3193 3117 3407 3188 Ἰσραὴλ
3437 3120 3465 3172 ο
3494 3118 3756 3180 ἐκλεκτός

2186 3229 2306 3283 μου,
2376 3211 2724 3281 προσεδέξατο
2772 3209 2932 3262 αὐτὸν
2988 3211 3020 3279 ἡ
3071 3209 3214 3280 ψυχή
3271 3226 3410 3280 μουο
3469 3209 3646 3264 ἔδωκα
3695 3210 3758 3262 τὸ

2183 3301 2397 3374 πνεῦμὰ
2428 3319 2526 3371 μου
2551 3302 2636 3353 ἐπ’
2671 3300 2830 3354 αὐτόν
2852 3319 2864 3330 ·
2904 3319 2920 3348 ι
2942 3300 3023 3362 τίς
3053 3300 3108 3352 δὲ
3137 3296 3203 3370 ἦν
3229 3301 3257 3352 6
3305 3298 3475 3353 ταῦτα
3520 3299 3755 3371 εἰρηκὼς

2182 3397 2242 3450 οὐ
2277 3393 2638 3466 προεδίδαξεν,
2677 3392 2984 3460 ἀναγκαίως
3013 3393 3104 3445 ἐπὶ
3142 3391 3234 3445 τοῦ
3270 3393 3533 3463 παρόντος
3562 3393 3757 3446 διασα-

2184 3490 2272 3554 φεῖ
2295 3487 2383 3539 τὸν
2412 3485 2582 3538 ταῦτα
2612 3484 2972 3537 τεθεσπικότα
2993 3500 3004 3512 ·
3038 3483 3117 3534 διὸ
3172 3484 3418 3555 ἐπιφέρει
3447 3484 3508 3536 τὸ
3529 3521 3545 3545 ,
3597 3503 3615 3534 ι
3650 3482 3757 3538 0’5-

2183 3595 2289 3640 τως
2321 3573 2438 3629 εἶπε
2469 3576 2671 3648 Κύριος
2705 3578 2733 3628 6
2759 3575 2888 3637 Θεός
2909 3591 2922 3604 ·
2971 3594 2988 3625 ι
3042 3572 3202 3636 αὐτὸς
3231 3575 3338 3644 γὰρ
3361 3570 3426 3642 ἦν
3464 3575 3492 3626 6
3513 3573 3581 3624 τὰ
3607 3573 3756 3643 πρῶ-

2183 3685 2248 3719 τα
2278 3664 2532 3738 εἰρηκὼς,
2566 3666 2660 3718 καὶ
2715 3664 2780 3716 τὰ
2814 3663 2940 3731 ἐξῆς
2969 3662 3367 3729 ἐπιλεγόμενος.
3405 3663 3465 3713 Et
3506 3660 3614 3732 γὰρ
3659 3665 3755 3714 καὶ

2189 3756 2420 3828 μάλιστα
2441 3756 2513 3826 μὴ
2539 3749 2639 3808 οἷοί
2667 3755 2727 3806 τέ
2762 3756 2905 3814 ἐστε,
2945 3753 3128 3821 φησιν,
3162 3753 3316 3820 ὑμεῖς
3367 3753 3414 3803 οί
3457 3751 3751 3820 ἅνθρωποι,

2184 3851 2282 3921 τὴν
2316 3848 2493 3917 ἀφανῆ
2526 3849 2618 3901 καὶ
2647 3846 2935 3915 ἀσώματον
2974 3844 3157 3896 οὐσίαν
3191 3841 3520 3894 ἐποπτεῦσαι
3567 3841 3739 3894 Θεοῦν

2184 3941 2297 3994 ἀλλ’
2329 3938 2719 4007 ἀναϐλέψαντες
2765 3939 2840 4000 εἰς
2890 3936 2951 3989 τὸ
2981 3935 3204 4005 μέγεθος
3238 3934 3332 3986 τοῦ
3360 3935 3611 3985 τοσούτου
3659 3949 3751 3985 οι·-

2189 4028 2369 4102 ρανοῦ,
2418 4028 2704 4096 λογίσασθε
2758 4027 2938 4088 ὁποῖός
2990 4043 3071 4088 τις
3117 4025 3373 4093 τυγχάνει
3424 4025 3452 4072 6
3503 4024 3754 4076 τοσοῦτον

2189 4117 2413 4189 μέγεθος
2466 4115 2896 4186 διαπηξάμενος·
2943 4113 3076 4166 ἀλλᾶ
3133 4114 3226 4165 καὶ
3259 4113 3351 4164 ἐπὶ
3383 4111 3480 4182 τὴν
3519 4111 3621 4180 γῆν
3651 4112 3753 4163 αῦ-

2185 4210 2283 4280 τὴν
2341 4207 2763 4276 ἀποῦλέιξιαντες.
2802 4207 2974 4272 ὁπόση
3007 4205 3088 4267 τίς
3112 4205 3246 4265 ἐστι,
3276 4202 3370 4255 κει.)⁵
3395 4203 3468 4265 ὡς
3498 4203 3753 4266 ἀκίνητος

2183 4303 2273 4355 τὸν
2307 4301 2596 4371 σύμπαντα
2631 4300 2801 4352 αἰῶνα
2838 4297 3102 4368 ἥδρασται
3132 4295 3492 4366 ἐρριζωμένη,
3533 4297 3628 4347 καὶ
3662 4313 3750 4348 τε-

2187 4389 2577 4461 θεμελιωμένη.
2605 4390 2678 4452 ὡς
2711 4389 2929 4459 μηδαμῆ
2962 4385 3224 4457 μηδαμῶς
3253 4386 3538 4438 κινεῖσθαι*
3570 4388 3752 4457 ἐννοή-

2113 4492 2153 4545 D
2185 4500 2308 4536 σατε
2365 4485 2494 4552 ὅσης
2538 4483 2775 4553 ἀρρήτου
2813 4482 3044 4552 ὑπάρχει
3085 4477 3362 4546 δυνάμεως
3387 4478 3414 4528 6
3449 4476 3752 4548 στερεόκςας

2185 4574 2370 4643 αὐτὴν,
2396 4573 2616 4642 γόνιμόν
2643 4589 2703 4624 τε
2734 4573 2826 4624 καὶ
2850 4569 3073 4640 καρπῶν
3099 4568 3342 4637 οίστικην
3381 4568 3545 4636 αὐτὴν
3582 4569 3752 4638 ἁπερ-

2184 4668 2508 4735 γασάμενος,
2533 4664 2606 4726 ὡς
2628 4662 2864 4715 τοσαῦτα
2902 4661 3014 4725 ζῶα
3040 4660 3132 4713 καὶ
3164 4659 3306 4727 φυτὰ
3335 4657 3751 4730 προϐάλλεσθαι.

2197 4755 2253 4807 '0
2277 4755 2339 4824 δὴ
2369 4750 2460 4806 οῦν
2491 4753 2721 4806 τοσαῦτα
2744 4752 2912 4820 κάλλη
2945 4750 3036 4802 καὶ
3076 4750 3277 4820 μεγέθη
3314 4749 3752 4811 κατασκευάσας,

2188 4847 2390 4917 Κύριος
2413 4847 2504 4898 καί
2520 4845 2648 4908 Θεὸς
2671 4845 2776 4896 τῶν
2800 4843 2956 4904 ὅλων,
2983 4834 3135 4902 οὗτος
3156 4839 3224 4892 τά
3251 4838 3613 4911 “War-0‘5"“
3630 4841 3754 4911 περὶ

2179 4939 2274 4992 τοῦ
2307 4937 2538 5008 Χριστοῦ
2567 4936 2870 4989 ἐθέσπισεν.

2257 5050 2274 5080 ι
2325 5028 2464 5097 Ἐγὼ
2487 5029 2686 5099 Κύριος
2714 5029 2742 5079 6
2767 5026 2894 5088 Θεὸς
2929 5023 3160 5077 ἐκάλεσέι
3203 5041 3260 5076 σε
3311 5027 3367 5076 ἐν
3417 5023 3755 5094 δικαιοσύνῃ,

2181 5122 2276 5174 καὶ
2301 5121 2557 5192 κρατήσω
2595 5119 2690 5188 τῆς
2719 5117 2898 5188 χειρός
2936 5132 3050 5179 σου,
3092 5117 3185 5167 καὶ
3225 5113 3488 5185 ἐνισχύσω
3535 5130 3617 5176 σε,
3664 5116 3753 5168 καῖ

2179 5213 2356 5265 ἔδωκά
2379 5228 2435 5262 σε
2460 5212 2536 5272 εἰς
2570 5208 2834 5278 διαθήκην
2864 5206 3072 5274 γένους,
3111 5210 3190 5267 είς
3226 5205 3338 5274 φῶς
3364 5203 3552 5266 ἐθνῶν,
3613 5205 3750 5256 duci-

2187 5299 2271 5364 ξαι
2298 5297 2602 5368 ὀφθαλμοὺς
2649 5294 2864 5364 τυφλῶν
2886 5337 2899 5355 ,
2933 5295 3216 5364 ἐξαγαγεῖν
3247 5298 3309 5347 ἐκ
3354 5292 3566 5363 δεσμῶν
3613 5293 3753 5346 δεδε-

2189 5393 2399 5463 μένους,
2452 5391 2543 5441 καὶ
2589 5388 2646 5452 ἐξ
2691 5388 2838 5440 οἴκου
2889 5386 3154 5456 φυλακῆς,
3183 5389 3274 5439 καὶ
3322 5385 3661 5456 καθημένους
3697 5387 3754 5438 ἐν

2185 5483 2382 5535 σκότει.
2424 5500 2440 5530 ι
2471 5479 2785 5548 Προσφωνεί
2817 5477 2873 5529 δὲ
2901 5477 3073 5529 ταῦτα
3102 5475 3180 5545 τῷ
3221 5475 3475 5546 ἀνωτέρω
3512 5475 3753 5544 λεχθέντι

2182 5573 2331 5625 παιδὶ
2389 5570 2572 5630 αὑτοῦ,
2625 5563 2667 5636 ᾧ
2714 5569 2774 5621 τὸ
2818 5567 3009 5621 ἐαυτοῦ
3053 5567 3264 5636 πνεῦμα
3295 5565 3481 5618 δώσειν
3515 5567 3750 5634 ἐλέγετο.

2185 5664 2407 5734 Πρῶτον
2435 5661 2492 5715 δὲ
2515 5658 2676 5714 αὐτὴν
2706 5661 2762 5711 ἐν
2785 5653 3100 5729 δικαιοσύνῃ
3130 5658 3301 5717 καλεῖ,
3336 5659 3451 5710 κατ’
3487 5657 3642 5722 ἀξίαν
3658 5656 3751 5727 τὴν

2183 5756 2370 5824 κλῆσιν
2403 5752 2562 5806 αὐτοῦ
2589 5752 2678 5805 καὶ
2709 5751 2846 5803 κατὰ
2881 5752 2938 5803 τὸ
2965 5750 3170 5802 δίκαιον
3219 5747 3568 5818 ποιούμενος·
3613 5747 3732 5800 ἕπει

2186 5865 2249 5901 τα
2284 5847 2576 5912 κρατήσειν
2609 5844 2704 5908 τῆς
2732 5843 2908 5908 χειρὸς
2948 5841 3134 5905 αὐτοῦ,
3161 5843 3250 5894 καὶ
3272 5839 3547 5903 ἐνισγῦσαι
3569 5835 3747 5899 αὐτὸν.
