3984 6504
224 379 338 436 389

1171 372 1673 430 CUMMENTARIA
1713 373 1780 428 IN
1819 372 2076 432 [SAIABL
2116 402 2187 417 --
2222 373 2370 431 CAP.
2411 376 2566 434 XL".

3381 387 3486 444 590

223 502 326 554 καὶ
379 497 570 571 τρίτον
619 495 921 568 χαριεῖσθαι
971 494 1118 566 αύτῷ
1165 497 1335 568 δῶρον
1397 496 1584 568 ῶσπερ
1611 513 1662 549 τι
1705 495 1816 564 φῶς

1925 505 2216 549 hensurum
2246 537 2260 560 ,
2299 496 2582 565 ipsumque
2624 496 3098 553 corroboraturum
3126 542 3140 562 .
3177 513 3240 554 ac
3269 505 3483 559 tertium

227 591 406 658 μέγα,
437 591 572 643 πᾶσι
604 593 715 652 τοῖς
741 589 946 642 ἔθνεσιν
974 588 1362 657 ἐπαγγέλλεται
1401 589 1570 657 λέγων
1589 605 1603 618 ο
1644 609 1663 640 ι
1710 589 1818 642 Καὶ

223 681 418 732 ἔδωκά
444 696 506 733 σε
540 681 619 741 είς
649 679 912 750 διαθήκην
947 680 1157 748 γένους,
1186 682 1265 742 είς
1307 680 1420 748 φῶς
1445 680 1633 734 ἐθνῶν.
1667 699 1686 731 ι
1711 680 1822 734 Πάο

222 771 314 825 lat
358 772 469 840 μὲν
496 767 591 824 οὖν
619 771 707 824 διὰ
735 771 1016 833 Mosam;
1043 771 1140 840 τὴν
1172 770 1408 824 παλαιὰν
1441 772 1716 843 Διαθήκην
1742 770 1820 841 τῷ

235 862 528 915 Ἰουδαίων
558 861 730 914 ἐδίδου
759 861 869 932 λαῷ
894 878 906 890 °
947 861 1175 915 ἐνταῦθα
1203 862 1256 914 δὲ
1295 862 1386 915 τὸν
1417 863 1822 933 προφητευόμε-

221 972 316 1006 νον
349 956 444 1017 εἰς
474 953 738 1023 διαθήκην
781 953 873 1006 τοῦ
903 954 1093 1021 γένους
1137 954 1244 1007 τῶν
1270 954 1588 1024 ἀνθρώπων,
1615 956 1707 1010 καὶ
1740 957 1821 1018 είς

225 1046 349 1114 φῶς
389 1045 566 1098 ὲθνῶν
594 1044 937 1115 δωρήσασθαί
965 1063 1154 1116 φησιν’
1186 1047 1331 1108 ὅπως
1365 1048 1421 1098 ὲν
1459 1046 1606 1116 αύτῷ
1656 1064 1820 1114 φωτι-

222 1136 461 1207 ζὸμενοι
487 1136 596 1189 τῶν
628 1136 793 1189 πάλαι
832 1136 931 1198 τὰς
981 1136 1155 1207 ψυχάς
1208 1138 1418 1207 τυφλῶν
1459 1140 1509 1190 οἱ
1553 1137 1820 1208 ὀφθαλμοὶ

222 1228 620 1296 διανοίγωνται
648 1229 741 1280 καὶ
768 1228 1110 1281 ἀντιϐλέπωσι
1134 1229 1415 1300 διορῶντες
1437 1230 1533 1300 τὴν
1555 1230 1648 1284 τοῦ
1681 1229 1816 1282 Θεοῦ

222 1321 466 1388 γνῶσιν,
502 1321 578 1384 ὠς
614 1321 810 1391 μηκέτι
840 1320 1012 1385 ξύλοις
1033 1324 1126 1375 καὶ
1149 1323 1316 1385 λίθοις
1346 1325 1438 1376 καὶ
1465 1322 1688 1393 ἀψύχων
1717 1322 1815 1394 ὖλῃ

222 1411 325 1482 τὴν
355 1413 459 1466 τοῦ
508 1411 643 1466 Θεοῦ
695 1413 857 1484 τιμὴν
907 1414 1214 1483 ἀπονέμειν.
1261 1415 1493 1485 Ἦμελλε
1550 1415 1658 1487 γὰρ
1694 1417 1818 1478 τοὺς

227 1507 451 1573 σειραῖς
477 1504 588 1556 τῶν
609 1504 751 1557 ίδίων
777 1505 1186 1575 ἁμαρτημάτων
1210 1508 1693 1579 κατεσφιγμένους,
1724 1509 1818 1563 καὶ

225 1596 285 1647 ὲν
337 1595 530 1664 σκότῳ
566 1611 625 1647 τε
671 1595 765 1647 καὶ
810 1595 975 1667 κακίᾳ
1010 1595 1414 1664 πεπεδημένους
1455 1596 1540 1650 διὰ
1585 1598 1684 1668 τῆς
1723 1598 1816 1650 τοῦ

224 1686 368 1739 Θεοῦ
430 1688 658 1758 χάριτος
720 1687 1000 1756 ἁμαρτιῶν
1061 1688 1308 1756 ἀφέσεως
1354 1687 1661 1752 καταξιοῦν.
1723 1691 1818 1742 καὶ

224 1775 426 1847 ὥσπερ
465 1777 533 1828 ὲκ
559 1774 946 1845 δεσμωτηρίων
977 1775 1230 1828 ἀπολύειν
1256 1774 1564 1846 ἐλευθέρους
1619 1792 1681 1828 τε
1726 1776 1817 1828 καὶ

224 1865 608 1919 ἀπαλλάττειν
633 1865 729 1936 τῆς
752 1865 844 1918 τοῦ
877 1865 1122 1919 διαϐόλου
1153 1867 1391 1937 εἱρκτῆς.

296 2065 317 2096 ι
370 2043 526 2113 Ἐγὼ
571 2042 772 2114 Κύριος
802 2044 829 2095 ὁ
867 2043 998 2106 Θεὸς
1017 2058 1030 2072 ·
1060 2040 1216 2096 τοῦτο
1247 2041 1348 2112 poi}
1398 2043 1511 2095 ἐστι
1540 2042 1599 2095 τὸ
1625 2042 1816 2113 ὄνομα,

225 2136 326 2208 τὴν
361 2137 535 2204 δόξαν
586 2154 685 2206 μου
717 2135 890 2206 ἑτέρῳ
917 2135 976 2188 ού
1011 2132 1185 2200 δώσω,
1208 2133 1326 2186 οὐδὲ
1349 2133 1446 2197 τὰς
1477 2133 1676 2206 ἀρετάς
1716 2151 1818 2204 μου

227 2232 340 2292 τοῖς
369 2229 656 2298 γλυπτοῖς.
689 2228 769 2280 Τὰ
797 2227 889 2280 ἀπ’
917 2226 1087 2297 ἀρχῆς
1139 2225 1244 2278 ἰδοὺ
1277 2225 1442 2294 ἧκασι
1463 2263 1478 2288 ,
1515 2226 1608 2278 καὶ
1658 2223 1819 2278 καινὰ

225 2319 396 2388 ἆὲγὼ
431 2318 771 2388 ἀναγγέλλω,
807 2319 899 2370 καὶ
927 2318 1029 2388 πρὸ
1074 2315 1166 2369 τοῦ
1213 2315 1524 2384 ἀναγγεῖλαι
1577 2313 1817 2386 ἐδηλώθη

228 2415 380 2483 ὑμῖν.
422 2433 442 2464 ι
495 2411 809 2482 Ἑπιστῆσαι
832 2410 999 2476 ἄξιον,
1024 2409 1102 2472 ὡς
1133 2410 1230 2462 οὐκ
1260 2409 1500 2479 εἴρηται,
1527 2408 1636 2478 Τὴν
1663 2407 1818 2472 δόξαν

230 2521 336 2572 μου
364 2501 555 2555 οὐδενί
588 2499 773 2552 δώσωο
815 2499 1084 2552 δείκνυται
1134 2498 1230 2568 ίὰρ
1256 2499 1283 2550 ὁ
1311 2496 1436 2562 Υἱὸς
1468 2496 1558 2550 τοῦ
1608 2497 1818 2568 Πατρὸς

227 2594 370 2663 έχων
391 2594 501 2664 τὴν
531 2592 685 2658 δόξαν
705 2607 717 2621 ·
743 2591 801 2644 τὸ
838 2592 934 2662 μὲν
979 2590 1087 2662 γὰρ
1117 2591 1310 2651 οὐδενὶ,
1363 2590 1697 2660 ἀναιρετικὸν
1750 2585 1818 2660 ἦν

230 2685 440 2747 παντός
463 2700 476 2712 °
501 2679 562 2735 τδ
586 2681 650 2752 δὴ
676 2681 845 2752 ἑτέρῳ
863 2680 936 2752 μὴ
959 2680 1169 2742 δώσειν,
1201 2681 1280 2732 ἐν)⁵
1314 2681 1456 2750 μόνῳ
1488 2679 1584 2750 τὴν
1613 2680 1819 2750 συγχώ-

263 2792 394 2842 ρησιν
437 2773 764 2844 γεγενῆσθαι
814 2773 1084 2844 ἐμφαίνει,
1135 2771 1333 2843 δηλαδὴ
1362 2772 1438 2842 τῷ
1481 2788 1816 2844 προφητεύο-

223 2871 381 2937 μένῳ
428 2862 601 2928 Οὗτος
627 2865 683 2917 δὲ
702 2860 768 2936 ἦν
805 2865 940 2936 πρὸς
967 2865 1025 2918 ὂν
1055 2865 1269 2932 ἐλέγετο
1293 2881 1306 2894 ·

294 3065 324 3096 -4
374 3043 652 3098 Ἐκάλεσά
715 3060 773 3096 σε
825 3043 883 3096 ὲν
925 3041 1255 3113 δικαιοσύνῃ,
1291 3043 1383 3094 καὶ
1421 3044 1676 3113 κρατήσω
1721 3043 1818 3113 τῆς

231 3139 424 3209 χειρός
456 3154 570 3202 σοι),
608 3137 701 3189 καὶ
732 3134 996 3205 ἐνισχύσω
1023 3151 1102 3199 σε,
1129 3136 1222 3188 καὶ
1249 3133 1420 3188 ἔδωκά
1446 3151 1503 3187 σε
1531 3137 1610 3198 είς
1632 3134 1817 3206 διαθή-

230 3247 332 3302 κην
366 3232 591 3300 γένους,
622 3231 701 3292 είς
730 3229 843 3298 φῶς
872 3228 1058 3282 ἐθνῶν.
1098 3248 1116 3281 ι
1155 3229 1253 3281 Διά
1289 3229 1488 3282 τούτων
1515 3229 1593 3295 δὲ,
1639 3225 1811 3300 οἶμαι,
1843 3212 1884 3271 C

231 3325 338 3379 τῶν
383 3324 567 3392 λόγων
623 3322 691 3374 τὰ
740 3323 865 3392 ἔθνη
917 3323 1092 3375 πάντα
1132 3321 1410 3386 παιδεύει,
1456 3321 1658 3392 μηδένα
1715 3321 1813 3392 μὲν

232 3415 352 3472 θεὸν
412 3419 604 3488 ύμνεῖν
636 3416 744 3468 τῶν
772 3416 938 3468 πάλαι
968 3416 1376 3486 ὀνομαζομένων
1413 3417 1594 3479 αὐτοῖς
1638 3415 1774 3470 θεῶν
1797 3432 1811 3446 ’

235 3512 402 3580 μόνον
451 3510 508 3561 δὲ
568 3509 659 3562 τὸν
706 3508 939 3578 Χριστὸν
986 3507 1078 3560 τοῦ
1114 3507 1247 3560 Θεοῦ
1275 3508 1484 3561 καὶτὸν
1525 3507 1814 3580 πέμψαντα

191 3600 198 3604 ’
234 3602 403 3654 αὑτὸν
440 3600 660 3670 Πατέρα
686 3599 946 3665 δοξάζειν.

303 3739 320 3768 ι
370 3717 688 3786 ’Υμνήσατε
712 3713 788 3785 τῷ
818 3713 1008 3785 Κυρίῳ
1033 3713 1198 3784 ὕμνον
1233 3714 1442 3767 καινόν·
1475 3717 1506 3785 ἡ
1544 3715 1684 3786 ἀρχὴ
1727 3715 1816 3768 αύ·

233 3810 344 3862 τοῦ.
411 3829 428 3859 ι
463 3808 632 3860 Τοῦτό
663 3824 793 3878 φησι
820 3807 1014 3879 χρῆναι
1046 3810 1216 3860 ποιεῖν
1243 3808 1448 3870 πάντας
1475 3807 1810 3879 ἀνθρώπους.

240 3921 256 3952 ι
289 3900 560 3965 Δοξάζετε
619 3900 679 3952 τὸ
715 3900 883 3970 ὄνομα
918 3899 1080 3952 αὑτοῦ
1111 3899 1203 3953 ἀπ’
1238 3900 1405 3969 ἄκρου
1462 3899 1562 3968 τῆς
1612 3903 1733 3971 γῆς,
1765 3900 1814 3952 οἱ

235 3993 662 4055 καταϐαίνοντες
687 3991 782 4061 τὴν
807 3991 1102 4053 θάλασσαν,
1132 3990 1225 4044 καὶ
1258 3991 1510 4055 πλέοντες
1542 3991 1730 4064 αὐτὴν,
1759 3994 1814 4047 αι

234 4087 394 4158 νῆσοι
425 4086 521 4138 καὶ
553 4085 602 4136 oi
637 4083 1011 4146 κατοικοῦντες
1045 4082 1239 4147 αὑτάς·
1276 4102 1293 4134 ι
1315 4083 1390 4146 ὡς
1445 4085 1553 4136 ἀπὸ
1575 4085 1674 4154 τῆς
1721 4085 1815 4137 τοῦ

236 4177 482 4251 Χριστοῦ
539 4175 906 4248 προσηγορίας
970 4175 1307 4247 Χριστιανῶν
1362 4176 1459 4246 τὴν
1526 4177 1816 4247 σύμπασαν

236 4272 418 4341 πεπλη
430 4269 655 4341 ρῶσθαι.
689 4270 981 4340 Ἀντικρυς
1004 4268 1129 4330 τοὺς
1161 4267 1486 4330 ἀποστόλους
1512 4267 1604 4320 τοῦ
1629 4268 1815 4338 Σωτῆ-

240 4379 330 4434 ρος
365 4361 526 4432 ἡμῶν
561 4359 860 4431 σημαίνων,
903 4358 996 4422 οὓς
1046 4358 1196 4429 παρὰ
1229 4359 1324 4428 τὴν
1378 4358 1651 4412 θάλασσαν
1704 4355 1814 4411 εἶδε

240 4453 535 4523 βάλλοντας
558 4451 963 4522 ἀμφίϐληστρον
989 4453 1066 4513 εἰς
1094 4450 1188 4521 τὴν
1219 4450 1488 4502 θάλασσαν
1507 4467 1519 4478 ο
1544 4446 1682 4519 ἦσαν
1708 4451 1815 4522 γὰρ

1924 586 2023 655 ipsi
2075 586 2275 640 donum
2326 588 2683 652 collaturum,
2739 600 2792 644 et
2856 606 2952 646 ceu
3014 592 3185 645 lucem
3237 610 3484 665 magnam

1920 677 2168 730 omnibus
2197 679 2446 746 gentibus
2474 680 2778 733 oblaturum
2804 696 2926 736 esse
2950 684 3252 752 pollicetur,
3278 687 3485 748 dicens,

1926 787 1946 820 ι
1980 769 2045 822 Ει
2073 768 2191 822 dedi
2228 779 2277 822 te
2303 770 2352 822 in
2395 781 2771 825 testamentum
2801 777 3033 841 generis,
3065 777 3117 829 in
3150 777 3323 832 lucem
3356 796 3487 848 gen-

1920 858 2072 911 tium.
2117 877 2136 908 ι
2169 859 2306 912 Olim
2341 861 2520 928 itaque
2561 878 2656 928 per
2699 862 2933 932 Moysent
2968 863 3132 919 Vetus
3165 865 3488 922 {restantem

1921 958 2030 1002 tum
2062 947 2285 1002 .ludaico
2312 952 2508 1020 populo
2535 953 2723 1007 dedit:
2761 956 2845 1008 hic
2891 968 3067 1009 autem
3115 973 3260 1022 eum,
3297 961 3387 1028 qui
3426 961 3480 1013 in

1920 1041 2196 1108 prophetia
2222 1040 2392 1095 fertur
2423 1043 2474 1096 in
2509 1055 2887 1097 testamentum
2931 1049 3142 1116 generis
3185 1051 3484 1111 hominum,

1918 1141 1973 1185 et
2016 1134 2065 1184 in
2097 1131 2267 1186 lucem
2297 1135 2533 1202 gentium
2571 1135 2806 1188 dandum
2857 1139 2964 1200 ait;
2998 1149 3055 1192 Ill
3093 1155 3158 1194 eo
3197 1140 3484 1195 illuminati

1921 1233 2107 1274 eorum
2133 1222 2296 1285 oculi,
2329 1225 2419 1291 qui
2453 1224 2580 1277 olim
2608 1237 2782 1279 mente
2803 1229 2928 1282 caeci
2949 1242 3106 1283 erant
3125 1233 3482 1298 aperirentur,

1921 1328 1986 1368 ac
2021 1324 2234 1382 recepto
2267 1315 2380 1368 visu
2416 1316 2507 1369 Dei
2547 1320 2907 1387 cognitionem
2942 1335 3397 1388 assequereutur;
3428 1334 3486 1379 ut

1918 1421 1986 1459 ne
2017 1406 2158 1460 ultra
2207 1406 2392 1472 lignis,
2433 1407 2703 1476 lapidibus
2748 1419 2800 1462 et
2840 1411 3254 1466 inanimatarum
3305 1428 3483 1468 rerum

1919 1496 2161 1550 materiae
2207 1497 2298 1550 Dei
2344 1497 2600 1550 honorem
2643 1499 2996 1553 ascriberent.
3035 1501 3248 1554 Atenint
3270 1516 3364 1556 eos
3393 1505 3486 1572 qui

1919 1598 2262 1657 peccatorum
2281 1601 2500 1641 suorum
2525 1588 2753 1641 vinculis
2767 1591 3296 1661 constringehantur,
3325 1603 3488 1663 atque

1920 1680 2238 1734 intenebris
2267 1689 2320 1733 et
2347 1681 2566 1734 malitiae
2615 1683 2962 1749 compedibus
3015 1693 3191 1748 erant,
3244 1701 3342 1754 per
3388 1687 3486 1742 Dei

1919 1771 2150 1840 gratiam
2177 1780 2516 1838 peccatorum
2567 1774 2716 1824 venia
2751 1773 3046 1827 donaturus
3071 1815 3084 1836 ,
3116 1790 3216 1828 ceu
3251 1793 3320 1831 ex
3359 1792 3485 1831 car-

1847 1869 1890 1927 Β
1917 1877 2039 1915 cere
2081 1862 2280 1915 liberos
2309 1859 2620 1926 soluturus,
2657 1878 2722 1915 ac
2751 1877 2781 1918 e
2814 1863 3012 1918 diaboli
3069 1867 3314 1922 custodia
3362 1884 3486 1924 ere-

1919 1963 2110 2024 pturus
2139 1963 2275 2008 erat.

1992 2050 2157 2104 Vens.
2179 2049 2294 2104 8-9.
2326 2067 2345 2101 ι
2370 2049 2482 2119 Ego
2511 2051 2770 2105 Dominus
2794 2051 2935 2106 Deus
2962 2071 2976 2107 :
3011 2053 3110 2108 hoc
3130 2054 3258 2108 mihi
3290 2071 3485 2112 nomen

1918 2151 2021 2207 est,
2049 2153 2103 2196 et
2131 2143 2356 2210 gloriam
2390 2159 2564 2197 meam
2595 2144 2749 2198 alteri
2781 2161 2882 2199 non
2914 2147 3074 2211 dabo,
3105 2163 3279 2217 neque
3305 2149 3484 2202 virtue

1921 2239 2000 2286 tes
2027 2247 2177 2285 meas
2215 2231 2577 2299 settlptilihus.
2615 2234 2744 2299 Quae
2774 2250 2802 2287 a
2851 2236 3118 2305 principio
3155 2253 3284 2292 ecce
3323 2253 3488 2294 vene.

1919 2333 2066 2390 runt,
2102 2334 2156 2375 et
2187 2339 2320 2377 nova
2362 2338 2480 2393 quae
2513 2341 2610 2393 ego
2633 2329 2926 2392 annuntio,
2963 2338 3016 2381 et
3061 2338 3350 2397 antequam
3386 2346 3490 2384 an-

1920 2415 2231 2468 nuntientur
2271 2415 2542 2468 declarata
2596 2425 2720 2467 sunt
2758 2417 2934 2470 vobis.
2993 2434 3011 2468 ι
3065 2419 3488 2476 Αιιίιιιειιινοτιοι

1918 2506 2076 2559 velim
2129 2520 2233 2559 non
2291 2505 2496 2558 dictum
2547 2504 2732 2568 fuisse,
2791 2507 3019 2575 gloriam
3074 2525 3248 2562 meam
3283 2511 3488 2566 nemini

1917 2597 2056 2652 dabo
2083 2612 2095 2648 :
2140 2612 2259 2649 nam
2288 2595 2481 2650 Filium
2508 2596 2679 2651 Patris
2707 2597 2932 2667 gloriam
2982 2600 3183 2654 habere
3206 2611 3488 2656 ostensum

1916 2697 2037 2752 est;
2069 2688 2210 2756 quod
2252 2687 2394 2740 enim
2433 2688 2632 2742 nemini
2671 2691 2848 2754 detur,
2896 2691 2944 2743 id
2967 2691 3260 2760 quemlibet
3303 2696 3489 2749 exclu-

1917 2779 2033 2842 dit;
2065 2779 2204 2846 quod
2240 2787 2417 2832 autem
2451 2778 2606 2831 alteri
2643 2795 2746 2832 non
2774 2780 2951 2843 detur,
2988 2782 3114 2836 hinc
3157 2784 3246 2837 ttni
3310 2785 3484 2840 solum

1916 2885 2230 2924 concessam
2263 2869 2431 2924 fuisse
2454 2871 2778 2936 declaratur,
2808 2872 3018 2927 scilicet
3045 2873 3115 2935 ei,
3147 2873 3239 2944 qui
3268 2875 3323 2928 in
3359 2890 3489 2944 pro-

1917 2961 2092 3028 phetia
2126 2958 2316 3013 fertur.
2357 2959 2453 3014 llic
2494 2975 2654 3029 porro
2701 2974 2820 3015 erat
2861 2962 2948 3017 cui
2982 2964 3308 3020 dicebatur:

1984 3073 2000 3104 ι
2015 3052 2210 3107 Vocavi
2234 3064 2281 3106 te
2302 3053 2352 3106 in
2367 3054 2654 3121 justitia,et
2673 3057 3068 3126 apprehendam
3089 3075 3302 3113 tuanum
3319 3070 3486 3130 tuam,

1918 3143 2283 3198 corroborabo
2318 3155 2388 3209 te,
2417 3155 2473 3199 et
2505 3147 2622 3198 dedi
2658 3155 2707 3198 te
2737 3147 2788 3199 in
2823 3156 3204 3202 testamentum
3247 3153 3486 3219 generis,

1919 3235 1971 3287 in
2001 3235 2172 3289 lucent
2211 3236 2477 3305 gentium.
2515 3254 2533 3287 ι
2568 3236 2660 3290 llis
2683 3252 2874 3305 porro,
2910 3249 2967 3292 ut
3000 3241 3209 3294 :cstinto
3232 3283 3248 3308 ,
3274 3258 3487 3298 sermo-

1917 3324 2077 3378 nibus
2131 3336 2319 3394 gentes
2364 3341 2552 3380 omnes
2595 3328 2798 3390 erudit,
2845 3344 2914 3382 ne
2948 3329 3105 3382 deum
3158 3331 3321 3385 ullum
3349 3334 3492 3388 celo:-

1918 3416 2077 3470 brcnt
2118 3432 2338 3481 eorum,
2384 3418 2473 3485 qui
2511 3417 2636 3471 olim
2685 3419 2824 3486 apud
2865 3435 2960 3474 eas
2996 3423 3068 3475 dii
3115 3425 3486 3494 vocabantur;

1919 3508 2011 3560 sed
2058 3507 2231 3562 solum
2281 3509 2556 3563 Christum
2583 3511 2713 3576 Dei,
2747 3520 2802 3565 et
2842 3510 3089 3579 Patrem,
3121 3516 3210 3584 qui
3245 3517 3390 3572 misit
3425 3517 3490 3572 il-

1922 3596 2052 3661 lum,
2092 3599 2260 3668 gloria
2293 3599 2543 3654 alliciant.

1990 3711 2152 3767 \‘tatts.
2191 3713 2272 3768 l0.
2337 3731 2354 3764 ι
2393 3712 2618 3768 Cantate
2668 3713 2896 3770 Domino
2943 3718 3216 3772 canticum
3269 3735 3486 3787 novum,

1919 3804 2252 3874 principatus
2282 3811 2415 3872 ejus.
2454 3824 2472 3857 ι
2515 3805 2570 3858 Id
2603 3807 2672 3860 ab
2706 3809 2960 3863 omnibus
3011 3811 3316 3866 hominibus
3354 3830 3490 3882 pra:-

1919 3897 2170 3950 standum
2197 3898 2293 3950 ait.
2335 3915 2354 3947 ι
2391 3896 2705 3951 Gloriiicate
2735 3915 2930 3954 nonren
2972 3900 3088 3969 ejus
3139 3903 3206 3956 ab
3249 3914 3491 3959 extremo

1922 3995 2100 4048 terrm,
2128 3987 2217 4054 qui
2247 3987 2576 4040 descenditis
2607 3989 2657 4040 in
2685 4003 2864 4053 mare,
2900 4000 2950 4043 et
2981 3992 3245 4061 navigatis
3289 3993 3487 4062 ipsum,

1920 4076 2110 4131 insulae
2133 4087 2188 4131 et
2221 4078 2552 4131 habitatores
2589 4093 2775 4132 earum
2806 4095 2819 4130 :
2854 4099 2872 4130 ι
2915 4082 2986 4132 ita
3027 4090 3139 4134 uta
3165 4081 3365 4138 Christi
3399 4101 3492 4139 no-

1919 4170 2103 4232 mine,
2143 4168 2400 4221 uuiversa
2445 4177 2585 4222 terra
2630 4167 2952 4224 Christianis
3006 4172 3206 4240 repleta
3257 4175 3346 4227 sit.
3392 4173 3489 4229 His

1918 4275 2081 4330 porro
2115 4262 2394 4328 apostolos
2437 4259 2744 4313 Scrvatoris
2780 4262 2949 4315 nostri
2996 4264 3274 4332 perspicue
3320 4267 3490 4334 signi-

1921 4355 2079 4414 licat,
2121 4366 2258 4421 quos
2304 4352 2369 4405 ad
2423 4351 2571 4404 littus
2609 4352 2773 4404 maris
2805 4351 2939 4404 Vidit
2977 4353 3239 4422 jarientes
3288 4368 3403 4413 rete
3427 4358 3488 4413 in

1920 4462 2108 4501 mare:
2147 4429 2304 4499 erant
2345 4446 2488 4498 enim
2545 4446 2887 4514 piscatores;
2939 4447 3299 4518 similiterque
3333 4451 3486 4506 alios.

239 4547 410 4608 ἁλιεῖς
431 4562 444 4575 ⁸
482 4544 682 4614 ὁμοίως
708 4543 762 4595 δὲ
797 4544 886 4594 καὶ
918 4543 1039 4605 τοὺς
1073 4541 1309 4604 λοιπούς.
1357 4544 1417 4594 ΟΞ
1459 4543 1611 4594 αὐτοὶ
1649 4542 1703 4593 δὲ
1735 4539 1816 4596 οὗ-

1923 4538 1983 4590 lli
2020 4552 2149 4591 vero
2182 4537 2282 4604 ipsi
2314 4551 2462 4590 mare
2496 4546 2741 4591 nostrum
2771 4539 3332 4610 circumnavigautes,
3378 4563 3493 4600 mo-

238 4654 337 4703 τοι,
372 4635 469 4687 καὶ
501 4637 598 4704 τὴν
629 4632 750 4685 καθ’
784 4633 927 4702 ἡμᾶς
958 4631 1336 4702 περιπλέοντες
1368 4631 1652 4692 θάλατταν.
1693 4634 1813 4684 τοτὲ

243 4729 338 4798 μὲν
367 4729 424 4780 ὲν
450 4728 569 4786 ταῖς
595 4725 776 4794 νήσοις
807 4725 1101 4793 ἐκήρυττον
1133 4722 1192 4773 τὸ
1220 4721 1566 4789 Εὑαγγέλιον,
1614 4721 1733 4774 τοτὲ
1758 4722 1814 4773 δὲ

237 4820 507 4874 διέόαινον
559 4816 812 4869 ἐπέκεινα
843 4816 1080 4877 Σπανίας
1127 4831 1186 4866 τε
1217 4814 1311 4865 καὶ
1355 4813 1601 4875 Ἰταλίας,
1628 4813 1703 4875 th;
1758 4814 1816 4866 ὲν

239 4914 405 4983 ὀλίγῳ
438 4908 618 4981 χρόνῳ
638 4909 732 4960 καὶ
748 4906 913 4976 αὐτὴν
939 4904 1321 4975 βασιλεύουσαν
1353 4904 1507 4956 πόλιν
1529 4904 1815 4974 πληρῶσαι

238 5006 337 5074 τῆς
356 5002 454 5057 τοῦ
486 4998 722 5071 Χριστοῦ
741 4997 1102 5060 διδασκαλίας.
1134 4997 1242 5049 Καὶ
1265 4996 1436 5059 ἄλλως
1458 4995 1513 5047 δὲ
1529 4998 1575 5049 οἱ
1601 4997 1698 5066 τὴν
1720 4997 1813 5050 τοῦ

241 5095 584 5168 ἀνθρωπίνου
614 5092 727 5162 βίου
751 5091 1023 5144 θάλασσαν
1050 5089 1392 5160 ἐμπλέοντες,
1423 5089 1514 5142 καὶ
1544 5091 1674 5142 πᾶσι
1703 5093 1815 5154 τοῖς

244 5189 451 5242 εθνεσιν
481 5189 539 5239 ἒν
572 5186 760 5256 μέσαις
813 5187 928 5246 ταῖς
980 5182 1291 5253 ἐκκλησίαις
1343 5181 1703 5251 κηρύττοντες
1755 5183 1817 5234 τὸ

244 5280 574 5348 Εὑαγγέλιον
595 5277 681 5330 διὰ
712 5276 820 5328 τῶν
845 5274 1211 5346 προκειμένων
1233 5274 1513 5344 δηλοῦνται
1534 5291 1547 5304 ·
1578 5273 1698 5326 ἐπεὶ
1724 5280 1817 5327 καὶ

247 5374 396 5425 αὐτοὶ
436 5371 527 5424 τὺν
557 5369 739 5422 καινὸν
761 5367 928 5438 ὕμνον
953 5368 1098 5438 πάσῃ
1121 5367 1485 5436 κατήγγελλον
1511 5371 1574 5439 τῇ
1609 5371 1699 5439 γῇν
1723 5367 1817 5420 καὶ

247 5463 554 5536 ἀνθρώποις
584 5462 640 5514 ὲν
665 5461 854 5531 μέσαις
870 5461 985 5520 ταῖς
1005 5457 1318 5530 ἐκκλησίαις
1345 5477 1412 5529 κη
1423 5459 1700 5530 ρύττοντες
1725 5460 1818 5512 καὶ

1923 4632 1990 4685 do
2036 4631 2088 4684 in
2156 4629 2348 4683 insulis
2383 4629 2730 4698 Evangelium
2770 4632 3172 4699 pra-dicabant;
3235 4637 3391 4690 modo
3437 4639 3487 4692 in

1921 4723 2232 4794 llispaniant
2270 4731 2326 4776 et
2369 4722 2574 4776 Italiam
2619 4723 2988 4790 trajiciehant;
3031 4729 3099 4779 ita
3136 4737 3195 4781 ut
3226 4729 3372 4783 brevi
3407 4747 3493 4784 re.-

1921 4818 2062 4885 giam
2095 4817 2268 4886 ipsam
2304 4816 2492 4870 urbem
2524 4817 2767 4872 doctrina
2793 4818 2994 4873 Christi
3031 4822 3320 4890 replerent.
3368 4825 3490 4878 Alio

1922 4909 2052 4962 item
2114 4909 2306 4973 modo,
2347 4910 2574 4964 indicari
2618 4911 2870 4964 videntur
2915 4911 2984 4976 ii,
3025 4914 3115 4981 qui
3155 4914 3206 4966 in
3243 4914 3492 4970 humanm

1922 5002 2049 5055 vita:
2077 5001 2209 5055 mari
2237 5002 2576 5071 navigantes,
2611 5003 2747 5071 apud
2772 5019 2960 5058 omnes
2992 5015 3178 5074 gentes
3207 5004 3258 5058 in
3295 5007 3492 5062 mediis

1923 5096 2166 5151 ecclesiis
2201 5094 2553 5162 Evangeliutn
2602 5097 2968 5164 praedicabant
2998 5113 3012 5149 :
3052 5097 3490 5168 quandoquidem

1923 5199 1975 5241 et
2006 5188 2106 5257 ipsi
2137 5189 2392 5259 hymnum
2423 5203 2621 5240 novum
2664 5203 2759 5256 per
2787 5203 2999 5240 omnem
3047 5198 3246 5242 terrain
3283 5205 3495 5242 annun-

1927 5281 2132 5333 tiabant
2154 5320 2168 5344 ,
2195 5291 2247 5333 et
2284 5281 2334 5332 in
2360 5279 2534 5331 medio
2565 5279 2918 5333 ecclesiarum
2954 5277 3260 5331 hominibus
3299 5282 3496 5346 praedi-

1925 5372 2124 5425 cabant
2155 5383 2208 5424 et
2242 5372 2529 5424 docebant.
2564 5390 2580 5420 t
2628 5371 2689 5424 Et
2730 5372 3059 5424 habitatores
3091 5387 3299 5427 earum.
3340 5391 3359 5424 ι
3401 5372 3496 5427 llis

1927 5461 2199 5530 signiﬁcat
2230 5478 2343 5522 eos,
2380 5462 2470 5530 qui
2499 5463 2550 5513 in
2580 5463 2826 5515 ecclesiis
2859 5476 3033 5514 cattus
3063 5473 3244 5532 agunt.

248 5555 604 5618 διδάσκοντες.
625 5571 642 5604 ι
670 5552 778 5604 Καὶ
807 5553 854 5603 oi
875 5550 1248 5614 κατοικοῦντες
1269 5551 1436 5614 αὐτάς
1455 5568 1468 5582 ο
1499 5570 1517 5603 ι
1544 5552 1668 5615 τοὺς
1688 5553 1746 5605 ὲν
1759 5552 2063 5624 ταῖςσὲκκλη
2073 5551 2210 5614 σίαις
2233 5552 2627 5624 συναγομένους
2645 5554 2835 5606 τοῦτον
2853 5555 3132 5624 ἐμφαίνων
3155 5554 3245 5610 τὸν
3271 5557 3494 5629 τρόπον.

320 5689 338 5722 ι
379 5667 746 5740 Εὐφράνθητι,
779 5668 1002 5740 ἔρημος,
1067 5667 1162 5720 καὶ
1197 5668 1253 5720 αί
1279 5668 1456 5739 κῶμαι
1492 5669 1661 5740 αὐτῆς
1689 5687 1703 5700 ’
1739 5688 1756 5722 ι
1786 5669 1821 5742 ἢ

252 5765 387 5819 ’⁸³τᾶ
420 5764 546 5828 τοὺς
574 5762 792 5826 λοιποὺς
821 5761 1176 5836 ἑρμηνευτὰς,
1207 5780 1226 5813 ι
1257 5763 1350 5817 καὶ
1378 5763 1556 5828 πόλεις
1583 5765 1768 5836 αὐτῆς.
1806 5781 1823 5815 ι

2003 5671 2165 5727 Vitas.
2189 5674 2275 5727 ll.
2308 5692 2326 5724 ι
2359 5673 2562 5727 Laetare
2595 5674 2891 5728 desertum.
2919 5685 2972 5726 et
3003 5677 3108 5731 vici
3139 5678 3294 5746 ejus;
3323 5699 3342 5732 ι
3378 5683 3496 5738 sive

1937 5766 2228 5820 secundum
2254 5765 2488 5834 reliquos
2520 5767 2866 5836 interpretes,
2907 5788 2924 5822 ι
2957 5781 3010 5825 et
3037 5772 3280 5832 civitates
3303 5775 3440 5837 eius.
3468 5795 3489 5829 ι
