3984 6504
512 358 608 415 591

1180 357 1451 414 EUSEBII
1492 359 1972 418 CJESARIENSIS
2009 363 2161 420 OPI’.
2203 365 2392 420 PARS
2417 363 2507 422 Ill.
2549 400 2618 412 --
2655 367 3067 426 EXEGETICA.

3652 371 3761 436 $92

512 471 692 528 Mulae
736 473 929 542 quippe
970 474 1134 530 urbes
1182 477 1477 531 secundum
1517 479 1728 534 dive:sa
1771 483 1890 537 vitm
1923 483 2072 537 insti-

2184 486 2379 539 Πολλαὶ
2407 489 2516 559 γὰρ
2545 488 2727 553 πόλεις
2763 490 2900 543 κατὰ
2925 489 3022 552 τὰς
3071 487 3356 560 διαφόρους
3408 490 3679 557 πολιτείας
3699 497 3762 547 ἐν

513 575 625 619 tuta
669 568 721 620 in
766 567 1008 621 Ecclesia
1051 569 1143 622 Dei
1205 569 1612 638 intelliguntur,
1669 585 1724 627 ut
1783 574 1834 628 in
1881 576 2084 629 visione

508 654 730 729 Λῖριγωί
759 660 1092 714 declaratum
1118 671 1221 724 est,
1260 663 1347 716 ubi
1382 665 1682 730 dicebatur,
1712 670 1956 737 quinque
1989 685 2081 722 ur-

513 749 608 799 bes
646 749 697 800 in
728 747 964 819 Egypto
1001 750 1134 812 fore,
1165 768 1284 818 quae
1317 751 1497 821 lingua
1518 755 1874 812 Chauanitide
1903 760 2083 828 loque-

512 849 720 894 rentur.
764 859 782 892 ι
826 842 975 896 Villae
1010 852 1061 894 et
1110 843 1446 898 habitatores
1488 845 1682 900 Cedar.
1732 846 2083 904 Lzetabnntur

507 931 600 997 qui
639 931 886 985 habitant
932 932 1180 994 Petram.
1223 934 1290 988 de
1333 937 1538 990 vertice
1578 939 1838 991 montium
1882 939 2082 992 clama-

508 1023 662 1075 bunt.
695 1042 713 1074 ι
748 1025 924 1079 Cedar
964 1025 1014 1078 in
1043 1026 1284 1080 ulteriori
1332 1028 1532 1082 Arabia
1559 1030 1659 1082 sita
1698 1040 1781 1084 est
1811 1033 1876 1084 ad
1905 1042 2083 1086 extre~

508 1128 657 1165 mum
688 1114 926 1178 deserti,
959 1129 1117 1184 quam
1171 1117 1354 1172 dicunt
1393 1121 1637 1174 obtinere
1682 1124 2078 1176 Saracenorum

510 1214 748 1270 gentem.
788 1205 881 1258 His
911 1221 1100 1261 omnes
1128 1209 1326 1264 deserti
1369 1221 1424 1264 et
1469 1210 1651 1265 ﬁnium
1698 1223 1856 1266 terrae
1895 1214 2080 1267 incolae

510 1298 884 1367 significantur
908 1341 923 1360 ,
959 1301 1029 1354 ita
1058 1312 1115 1356 ut
1146 1303 1482 1359 rationabilis
1513 1305 1599 1359 illa
1643 1304 1731 1358 Dei
1777 1305 1956 1358 lzelilia
1987 1321 2081 1372 per

506 1390 708 1444 Christi
742 1393 970 1460 gratiam
1004 1394 1070 1447 ad
1097 1413 1195 1450 nos
1227 1414 1395 1465 usque
1421 1409 1745 1466 perventura
1784 1400 1873 1456 sit.
1922 1399 2077 1454 Petra

509 1499 640 1538 vero
667 1487 797 1539 urbs
825 1487 1070 1555 qnazdam
1111 1487 1410 1544 Palmstina:
1434 1501 1537 1557 est,
1571 1493 1965 1559 superstitiosis
1998 1495 2077 1545 vi-

508 1575 588 1629 ris
631 1575 821 1644 plena,
857 1587 913 1631 et
968 1578 1019 1630 in
1062 1581 1386 1648 profundum
1432 1583 1684 1638 tliabolici
1732 1585 1936 1638 erroris
1983 1585 2076 1638 tle-

509 1671 912 1737 mersazcujus
958 1673 1086 1727 item
1136 1674 1338 1728 incolas
1383 1677 1575 1745 gratia:
1628 1687 1907 1731 consortes
1963 1677 2077 1732 fore

505 1759 638 1813 dicit
658 1761 953 1827 hisverbis,
985 1781 1006 1814 ι
1030 1763 1379 1819 LtPtabuutur
1402 1769 1490 1830 qui
1519 1766 1760 1820 habitant
1781 1765 2017 1821 Petram.
2051 1787 2070 1818 ι

2185 582 2252 650 τῇ
2299 579 2592 652 Ἐκκλησία
2611 581 2702 634 τοῦ
2729 581 2861 634 Θεοῦ
2886 580 3244 641 ἐπινοοῦνται,
3269 581 3344 643 ὡς
3367 581 3638 636 ἐδείκνυτο
3666 586 3762 638 καὶ

2184 673 2243 724 ἐν
2274 675 2337 740 τῇ
2367 673 2554 743 ὁράσει
2582 674 2680 743 τῆς
2721 673 3016 742 Αἰγύπτου,
3062 673 3118 724 ἐν
3241 672 3491 743 ἐλέγοντο
3540 675 3764 730 ἔσεσθαι.

2185 764 2346 816 πέντε
2394 765 2574 828 πόλεις
2627 768 2685 818 ἐν
2720 765 2975 836 Αἰγύπτῳ
3016 764 3268 818 λαλοῦσαι
3321 769 3387 836 τῇ
3437 766 3654 839 ﬁtch
3691 771 3762 840 τῇ

2184 856 2508 910 Χανανίτιδι.
2557 875 2576 907 ι
2616 856 2898 919 Ἐπαύλεις
2936 857 3027 910 καὶ
3053 859 3098 910 οἰ
3143 858 3518 923 κατοικοῦντες
3545 862 3762 935 Κηδάρ.

2183 948 2662 1019 Εύφρανθήσονται
2701 951 2749 1002 οἰ
2781 951 3159 1014 κατοικοῦντες
3191 949 3418 1022 Πέτραν,
3450 953 3542 1005 ἀπ’
3586 955 3763 1026 ἄκρου

2182 1039 2290 1092 τῶν
2352 1041 2522 1111 ὁρέων
2575 1041 2846 1111 βοήσουσι.
2887 1061 2904 1092 ι
2975 1041 3038 1094 Ἠ
3080 1042 3268 1113 Κηδὰρ
3295 1042 3349 1096 δέ
3375 1043 3628 1096 ἐπέκεινα
3662 1045 3763 1116 τῆς

2196 1131 2452 1202 Ἀραϐίας
2471 1133 2726 1202 τυγχάνει
2751 1134 2846 1186 ἐπὶ
2873 1132 2974 1203 τῆς
3013 1134 3246 1203 ἐσχάτης
3272 1136 3498 1205 ἐρήμου,
3522 1138 3616 1188 καὶ
3637 1155 3763 1190 κατ-

2181 1223 2324 1292 έχειν
2345 1224 2480 1292 ’φασὶ
2524 1224 2584 1276 τὸ
2615 1224 2722 1276 τῶν
2753 1224 3081 1295 Σαρακηνῶν
3119 1225 3292 1293 γένος.
3348 1228 3425 1278 Δι’
3447 1219 3522 1279 ὧν
3554 1231 3581 1281 ὁ
3602 1227 3765 1297 λόγος

2183 1314 2447 1386 ἐϐουλήθη
2473 1316 2683 1378 πάντας
2715 1316 2842 1377 τοὺς
2889 1317 2987 1380 τὰς
3013 1319 3250 1388 ἐρήμους
3291 1317 3384 1371 καὶ
3433 1319 3501 1371 τὰ
3554 1319 3764 1389 ἔσχατα

2181 1405 2278 1473 τῆς
2304 1406 2406 1474 γῆς
2450 1406 2731 1468 οἰκοῦντας
2756 1406 3011 1475 δηλῶσαι,
3035 1407 3108 1471 ὡς
3133 1408 3232 1478 τῆς
3258 1409 3352 1462 τοῦ
3377 1409 3509 1463 Θεοῦ
3535 1411 3764 1483 λογικῆς

2179 1495 2518 1566 εὐφροσύνης
2546 1497 2635 1549 διὰ
2659 1498 2758 1566 τῆς
2777 1497 2869 1550 τοῦ
2907 1497 3140 1570 Χριστοῦ
3167 1499 3386 1571 χάριτος
3430 1498 3523 1554 καὶ
3564 1503 3764 1575 μέχρις

2178 1586 2336 1655 ήμῶν
2371 1586 2594 1655 φθάνειν
2621 1587 2935 1661 μελλούσης.
2971 1589 3079 1642 Καὶ
3106 1591 3287 1660 Πέτρα
3316 1591 3372 1644 δέ
3404 1595 3489 1655 τίς
3519 1594 3634 1646 ἐστὶ
3660 1591 3763 1646 πό-

2179 1675 2262 1738 λις
2287 1677 2649 1748 Παλαιστίνης
2677 1679 3083 1750 δεισιδαιμόνων
3116 1683 3346 1753 ἀνδρῶν,
3378 1685 3470 1737 καὶ
3497 1684 3663 1756 πολλῇ
3690 1688 3760 1756 τῇ

2179 1767 2353 1839 πλάνη
2399 1771 2464 1839 τῇ
2519 1769 2802 1841 δαιμονικῇ
2857 1771 3286 1844 βεϐαπτισμένη·
3341 1769 3409 1842 ἧς
3444 1776 3539 1827 καὶ
3587 1776 3762 1846 αὐτῆς

505 1849 673 1920 Cujus
703 1854 969 1907 sermonis
1003 1853 1285 1908 veritatem
1311 1849 1428 1924 ipse
1459 1871 1638 1907 rerum
1659 1866 1901 1910 .eventus
1926 1872 2072 1910 com-

2184 1858 2298 1920 τοὺς
2326 1858 2568 1922 ἐνοίκους
2601 1863 2698 1930 τῆς
2725 1862 2943 1932 χάριτος
2968 1843 3368 1932 μεταλήψεσθαι
3403 1880 3533 1932 φησι
3558 1843 3758 1932 λέγων·

506 1944 776 2009 prohavit,
806 1961 928 1998 eum
983 1947 1034 2001 in
1072 1947 1186 2015 ipsa
1244 1946 1585 2002 Petrensium
1639 1949 1879 2011 civitate,
1923 1959 1978 2004 et
2022 1950 2074 2002 in

505 2050 634 2103 agro
681 2037 826 2104 ejus,
875 2053 1082 2093 necnon
1132 2040 1183 2092 in
1237 2038 1618 2094 solitudinibus
1659 2039 2075 2104 Saracenorum,

502 2125 704 2178 Christi
737 2127 990 2182 Ecclesiae
1037 2130 1235 2184 nostris
1285 2131 1612 2200 temporibus
1669 2131 1901 2186 futu'lata:
1944 2131 2072 2186 sint.

502 2219 652 2273 Alias
687 2236 813 2274 vero
843 2222 1016 2276 Cetlar
1039 2224 1311 2292 signiﬁcat
1344 2229 1608 2287 tenebras,
1652 2235 1835 2278 eorum
1869 2239 2056 2287 causa,

502 2309 596 2374 qui
659 2326 686 2362 a
738 2312 976 2366 tenebris
1031 2315 1095 2367 ad
1152 2316 1529 2368 annuntiatant
1583 2317 1832 2384 gentibus
1898 2315 2071 2370 lucem

507 2403 754 2456 translati
803 2415 948 2458 sunt.
994 2404 1115 2460 Pari
1161 2407 1345 2460 laetitia
1387 2407 1696 2460 alliciendos
1741 2407 1818 2460 ait
1859 2422 1952 2461 eos
1981 2408 2071 2476 qui

505 2493 1038 2551 inhabitantPetratn
1073 2517 1085 2553 :
1129 2517 1145 2549 ι
1183 2498 1337 2551 Petra
1366 2510 1542 2550 autem
1567 2498 2021 2552 eratChristns“.
2049 2519 2068 2549 ι

2181 1969 2199 1999 ι
2239 1950 2719 2021 Εὑφρανθήσονται
2747 1954 2795 2004 οἰ
2831 1951 3106 2015 οἰκοῦντες
3129 1953 3360 2024 Πέτραν.
3393 1973 3410 2005 ι
3447 1952 3662 2006 Τούτων
3702 1954 3763 2009 δὲ

2173 2041 2281 2093 τῶν
2309 2041 2479 2110 λόγων
2501 2043 2598 2113 τὴν
2622 2043 2877 2113 ἀλήθειαν
2901 2046 2933 2113 ἡ
2963 2043 3049 2096 διὰ
3088 2044 3196 2097 τῶν
3233 2045 3570 2116 πραγμάτων
3595 2044 3765 2099 ἑκϐα-

2180 2151 2264 2197 σις
2301 2134 2661 2198 ἐπιστώσατο,
2711 2136 3044 2208 Ἑκκλησιῶν
3086 2137 3320 2208 Χριστοῦ
3349 2139 3440 2190 καὶ
3471 2140 3557 2191 ἐπ’
3585 2138 3764 2208 αὐτῆς

2177 2225 2277 2297 τῆς
2303 2228 2551 2298 Πετρέων
2593 2227 2818 2290 πόλεως,
2845 2229 2986 2281 κατά
3004 2245 3062 2280 τε
3094 2229 3188 2298 τὴν
3211 2227 3392 2300 χώραν
3417 2228 3585 2298 αὐτῆς
3605 2271 3619 2286 .
3662 2231 3764 2282 καὶ

2177 2320 2235 2370 ἐν
2256 2320 2374 2381 ταῖς
2407 2311 2635 2390 ἐρήμοις
2661 2319 2717 2370 δὲ
2743 2319 2849 2373 τῶν
2871 2319 3200 2391 Σαρακηνῶν
3225 2319 3342 2372 καθ’
3378 2322 3524 2390 ἡμᾶς
3560 2320 3764 2384 αὐτοὺς

2182 2410 2500 2480 ἱδρυμένων.
2531 2412 2640 2463 Καὶ
2666 2410 2838 2474 άλλως
2892 2410 2948 2463 δὲ
3000 2411 3188 2482 Κηδὰρ
3223 2409 3582 2482 ἑρμηνεύεται
3631 2427 3766 2463 axo-

2179 2502 2408 2571 τασμδς,
2441 2501 2528 2555 διὰ
2557 2502 2684 2564 τοὺς
2725 2501 3125 2572 μεταϐαλόντας
3160 2503 3267 2556 ἀπὸ
3313 2503 3405 2556 τοῦ
3447 2504 3761 2574 σκοτασμοῦ

503 2586 596 2638 ἐπὶ
621 2586 680 2638 τὸ
728 2589 1166 2659 κατηγγελμένον
1202 2589 1316 2658 φῶς
1361 2592 1471 2652 τοῖς
1504 2589 1730 2642 ἔθνεσιν,
1786 2588 2270 2660 Εὐφρανθήσεσθαι
2308 2592 2336 2642 ὁ
2387 2589 2543 2658 λόγος
2593 2591 2727 2660 φησί
2771 2589 2862 2642 καὶ
2906 2591 3030 2655 τοὺς
3080 2591 3462 2656 κατοικοῦντας
3498 2592 3596 2664 τήν
3655 2593 3762 2647 Πέ-

501 2695 638 2751 τραν
666 2680 898 2751 ὁμοίωςο
933 2703 950 2732 ι
984 2683 1046 2736 Ἠ
1071 2683 1126 2735 δὲ
1156 2685 1336 2754 Πέτρα
1475 2685 1503 2735 ὁ
1546 2683 1797 2753 Χριστός.
1844 2700 1861 2732 ι

579 2773 738 2826 Vens.
773 2773 862 2837 12,
891 2775 976 2828 15.
1005 2793 1022 2824 ι
1065 2775 1275 2828 Dabunt
1308 2775 1412 2828 Deo
1431 2775 1934 2841 gloriatnzrirtutcs
1959 2774 2075 2842 ejus

504 2863 560 2916 itt
594 2863 786 2919 insulis
819 2866 1163 2919 nuntiabunt.
1201 2886 1221 2917 ι
1263 2865 1336 2918 Ita
1376 2877 1427 2919 et
1470 2867 1724 2934 superius
1763 2867 2068 2930 dicebatur,

507 2972 529 3006 ι
567 2954 739 3024 Supra
787 2967 1022 3011 montem
1057 2958 1331 3012 excelsum
1384 2960 1649 3021 ascende,
1695 2957 1784 3027 qui
1846 2972 2076 3027 evange-

501 3047 636 3103 li-zas
667 3048 795 3103 Sion
825 3065 838 3100 :
873 3050 1047 3103 exalta
1099 3050 1150 3103 in
1190 3049 1501 3104 fortitudine
1531 3064 1716 3104 vocem
1759 3059 1908 3104 tuam
1930 3090 1946 3117 ,
1980 3051 2072 3120 qui

503 3140 843 3209 evangelizas
869 3139 1189 3194 Ierusalem.
1224 3159 1245 3193 ι

579 3251 597 3283 ι
641 3233 898 3287 Dominus
952 3231 1092 3286 Deus
1133 3233 1467 3287 exercituum
1493 3235 1798 3304 egredietur
1821 3277 1834 3300 ,
1860 3245 1915 3290 et
1943 3250 2075 3289 con-

505 3339 643 3385 teret
681 3326 901 3390 bellum,
967 3323 1223 3378 excitabit
1281 3325 1491 3387 zelum,
1551 3333 1606 3379 et
1673 3325 1925 3380 clamabit
1982 3343 2074 3381 su-

501 3437 600 3490 per
668 3417 914 3472 inimicos
967 3429 1093 3468 suos
1136 3428 1258 3468 cum
1327 3415 1659 3470 fortitudine.
1719 3434 1738 3466 ι
1796 3417 1912 3470 Νοιι
1961 3418 2077 3470 sine

500 3527 663 3566 causa
713 3511 856 3566 enim
904 3511 1035 3578 ipsis
1087 3510 1277 3565 bellum
1337 3508 1585 3562 illaturus
1636 3519 1752 3572 est;
1809 3509 1900 3562 sed
1932 3520 2077 3578 post-

501 3619 664 3671 quam
722 3618 937 3657 causam
994 3602 1135 3655 illam
1190 3602 1440 3671 protulit,
1490 3603 1541 3656 id
1596 3616 1785 3671 magna
1817 3616 1944 3655 voce
1985 3602 2077 3653 de-

503 3693 752 3756 clarabit,
785 3703 844 3746 ut
904 3693 1062 3746 docet
1114 3693 1196 3746 his
1246 3691 1448 3756 verbis,
1482 3711 1500 3742 ι
1535 3689 1699 3745 Tacui
1733 3707 1744 3742 :
1783 3706 1906 3743 num
1933 3706 2075 3744 sem-

503 3801 600 3856 per
625 3785 848 3839 tacebo?
884 3803 903 3836 r
942 3783 1076 3838 Nam
1105 3785 1228 3837 dum
1259 3783 1331 3836 illi
1369 3785 1631 3838 scelerate
1663 3793 1718 3836 et
1743 3783 1902 3850 impie
1931 3797 2066 3851 age-

501 3887 659 3942 rent,
694 3877 964 3946 patienter
983 3875 1166 3929 ferens
1203 3874 1325 3940 ille,
1365 3874 1617 3943 ipsosque
1669 3873 2073 3941 longanimitate

506 3983 604 4021 sua
632 3967 888 4030 tolerans,
923 3982 1096 4035 neque
1127 3965 1410 4021 coal‘estim
1445 3967 1579 4019 iram
1606 3977 1658 4020 et
1694 3967 1950 4020 ultionem
1995 3967 2074 4020 iu-

500 4060 716 4124 ferens,
751 4059 982 4114 tacebat.
1033 4059 1098 4112 Et
1152 4059 1287 4112 alias
1344 4068 1590 4126 tempore
1649 4059 1915 4127 passionis
1963 4074 2073 4113 sua:

501 4155 625 4206 dum
655 4152 942 4206 calumniis
970 4152 1322 4220 itnpeteretur
1359 4152 1607 4215 tacebat,
1660 4160 1713 4205 et
1769 4167 1888 4205 cum
1939 4149 2071 4206 falsa

506 4245 818 4298 testimonia
849 4244 1087 4306 audiret,
1115 4243 1245 4296 nihil
1274 4243 1648 4310 respondebat.

578 4335 738 4390 Vens.
777 4337 868 4402 14,
905 4336 988 4390 l5.
1012 4354 1030 4384 ι
1056 4335 1222 4390 Tacui
1273 4351 1288 4386 :
1340 4350 1464 4386 num
1495 4349 1710 4402 semper
1748 4336 1972 4398 tacebo,
2019 4343 2074 4388 et

501 4427 825 4482 sustinebo?
875 4427 1032 4482 Sicut
1065 4428 1284 4495 pariens
1327 4427 1598 4493 patienter
1630 4426 1733 4494 egi.
1778 4425 2072 4480 Dimovebo

2254 2793 2271 2824 ι
2314 2771 2550 2824 Δὼσουσι
2575 2768 2653 2840 τῷ
2674 2768 2793 2839 Θεῷ
2808 2766 2992 2832 δόξαν·
3022 2767 3121 2831 τὰς
3140 2768 3339 2838 ἀρετὰς
3364 2767 3528 2820 αὐτοῦ
3550 2768 3606 2820 ἐν
3635 2776 3760 2834 ταῖς

2180 2870 2364 2937 νήσοις
2391 2862 2768 2933 ἁναγγελοῦσι.
2807 2881 2824 2912 ι
2860 2861 3014 2914 υῦτω
3039 2860 3093 2913 δὲ
3116 2861 3209 2914 καὶ
3231 2860 3483 2931 ἀνωτέρω
3513 2859 3757 2928 ἐλέγετο·

2186 2975 2205 3006 ι
2258 2954 2374 3007 Ἐπ’
2421 2954 2543 3025 ὄρος
2609 2951 2810 3022 ὑψηλὸν
2873 2948 3143 3020 ἀνάϐηθι,
3189 2949 3217 3000 ὁ
3273 2947 3761 3018 εὐαγγελιζόμενος

2183 3041 2347 3095 Σιών·
2377 3041 2589 3111 ῦιξρωσον
2621 3042 2686 3111 τῇ
2732 3037 2876 3109 ἰσχύϊ
2921 3037 3020 3108 τὴν
3051 3037 3233 3108 φωνήν
3261 3053 3376 3102 σου,
3417 3036 3446 3088 ὁ
3469 3037 3756 3105 εὐαγγελιο

2184 3134 2242 3198 ζό
2249 3150 2407 3204 μενος
2450 3131 2822 3203 Ἰερουσαλήμ.
2854 3149 2871 3181 ι

2257 3244 2275 3276 ι
2329 3224 2530 3296 Κύριος
2564 3227 2592 3277 ὁ
2619 3223 2749 3286 Θεὸς
2796 3223 2904 3274 τῶν
2949 3221 3228 3292 δυνάμεων
3261 3219 3616 3286 ἐξελεύσεται,
3662 3222 3758 3275 καὶ

2181 3317 2456 3387 συντρίψει
2503 3317 2757 3386 πόλεμον,
2780 3316 3032 3384 ἐπεγερεῖ
3060 3313 3239 3384 ζῆλον,
3265 3314 3358 3365 καὶ
3379 3312 3632 3382 βοήσεται
3665 3314 3758 3365 ἐπὶ

2177 3414 2304 3474 τοὺς
2347 3409 2572 3480 ἐχθροὺς
2617 3405 2783 3460 αὑτοῦ
2837 3405 2951 3476 μετ’
2993 3404 3192 3475 ἰσχύος.
3230 3423 3247 3454 ι
3285 3404 3359 3456 Οὐ
3405 3404 3512 3474 γὰρ
3545 3404 3757 3470 ἀλόγως

2179 3503 2374 3564 αὐτοὺς
2410 3500 2738 3569 πολεμήσει”
2784 3496 2918 3549 ἀλλὰ
2955 3495 3092 3567 μετὰ
3135 3495 3228 3548 τοῦ
3265 3494 3362 3564 τὴν
3392 3493 3570 3547 αἰτίαν
3617 3493 3756 3559 ἐξει-

2178 3598 2298 3648 πεῖν
2330 3593 2424 3646 καὶ
2459 3589 2667 3662 μεγάλῃ
2713 3589 2808 3659 βοῇ
2858 3587 3090 3658 φανερὸν
3115 3589 3351 3657 ποιήσει,
3383 3587 3449 3656 ἢν
3485 3586 3576 3638 καὶ
3609 3585 3756 3639 διδά-

2178 3705 2297 3740 σκει
2319 3687 2521 3754 λέγων’
2559 3702 2576 3733 ι
2601 3680 2932 3750 Ἐσιὼπησαο
2970 3677 3044 3749 μὴ
3078 3680 3170 3732 καὶ
3198 3679 3283 3730 ἀεὶ
3319 3679 3701 3748 σιωπήσομαι;
3729 3698 3747 3728 ι

2189 3780 2276 3831 Ἐν
2306 3777 2412 3848 γὰρ
2443 3773 2521 3845 τῷ
2554 3773 2890 3844 παρανομεῖν
2924 3770 3119 3832 αὐτοὺς
3157 3768 3250 3820 καὶ
3284 3767 3516 3827 ἀσεϐεῖν,
3577 3766 3755 3832 ἀνεξι-

2177 3869 2361 3924 κακῶν
2395 3869 2486 3921 καί
2544 3865 2723 3936 φέρων
2777 3862 2978 3923 αὐτοὺς
3041 3862 3104 3930 τῇ
3152 3858 3314 3911 αὑτοῦ
3378 3857 3751 3928 μακροθυμίᾳ,

2180 3963 2314 4036 μηδέ
2349 3959 2687 4031 παραχρῆμα
2750 3956 2847 4026 τὴν
2883 3953 3050 4024 ὀργήν
3103 3953 3286 4014 αὐτοῖς
3331 3953 3551 4018 ἐπάγων
3593 3949 3752 4002 ἐσιώ-

2180 4073 2338 4126 πησε.
2393 4053 2500 4105 Καὶ
2551 4051 2723 4112 ἄλλως
2761 4048 2817 4100 δὲ
2856 4045 2998 4100 κατὰ
3041 4044 3130 4097 τὸν
3177 4044 3364 4114 καιρὸν
3401 4043 3494 4095 τοῦ
3550 4042 3754 4105 πάθους

2174 4147 2358 4210 αὑτοῦ,
2404 4142 2899 4212 συκοςςαντούμενος
2949 4136 3177 4200 ἐσιώπα,
3235 4136 3326 4188 καὶ
3371 4134 3752 4205 ψευδομαρτυ-

2178 4241 2268 4312 ρού
2278 4257 2434 4310 μενος
2467 4237 2615 4289 οὐδὲν
2637 4233 2972 4304 ἀπεκρίνατο

2249 4352 2265 4382 ι
2305 4329 2651 4399 Ἑσιώπησα*
2693 4327 2766 4396 μὴ
2801 4326 2888 4378 ἀεὶ
2940 4321 3310 4389 σιωπήσομαι,
3336 4317 3429 4370 καὶ
3457 4316 3748 4386 ἁνέξομαι;

2185 4424 2336 4493 Ὠςή
2386 4422 2640 4474 τίκτουσα
2697 4415 3060 4486 ἐκαρτέρησα.
3104 4412 3381 4480 Ἐκστήσω
3404 4408 3496 4460 καὶ
3535 4406 3750 4478 ξηρανῶ

503 4533 559 4574 ct
617 4519 906 4574 arefaciam
960 4519 1172 4572 simul:
1211 4519 1456 4572 desertos
1507 4518 1698 4570 faciam
1753 4530 1964 4572 montes
2018 4529 2069 4572 et

2184 4515 2321 4586 Ξιμα·
2363 4512 2634 4583 ἐρημώσω
2667 4508 2768 4577 ὅρη
2804 4507 2896 4560 καὶ
2925 4505 3163 4574 βουνους,
3199 4502 3291 4554 καὶ
3344 4499 3522 4553 πάντα
3559 4499 3751 4568 χόρτον

499 4611 682 4674 colles,
721 4620 774 4665 et
799 4626 960 4665 omne
1013 4610 1192 4664 fenum
1224 4625 1411 4664 eorum
1443 4609 1751 4663 exsiccabo.
1783 4609 1845 4662 Et
1869 4625 2061 4677 ponam

499 4701 714 4756 Duritina
751 4701 802 4754 in
844 4701 1046 4754 insulas
1074 4704 1190 4763 ,"et
1224 4710 1412 4768 stagna
1452 4698 1781 4761 arefaeiam;
1818 4717 1835 4749 ι
1883 4699 2069 4750 videli-

499 4806 586 4848 cet
616 4795 940 4858 doctrinam,
970 4808 1088 4861 qua:
1120 4791 1222 4847 illis
1257 4792 1384 4845 olim
1412 4791 1697 4846 ﬂuviorum
1728 4791 1902 4843 instar
1943 4804 2068 4858 sup-

501 4889 862 4960 peditabatur.

571 4976 734 5035 Vsus.
774 4977 860 5033 16.
909 4997 927 5027 ι
963 4978 1028 5031 Ει
1057 4977 1248 5030 ducam
1287 4992 1459 5030 cmcos
1493 4977 1544 5030 in
1582 4977 1665 5030 via
1691 5013 1704 5040 ,
1747 4992 1907 5046 quam
1955 4992 2060 5031 non

500 5080 783 5130 noverunt,
815 5079 864 5124 et
905 5070 955 5122 in
984 5069 1212 5130 semitis,
1240 5083 1374 5136 quas
1405 5069 1753 5138 ignorabant,
1783 5067 2061 5122 ambulare

499 5181 593 5220 eos
636 5166 851 5218 faciam.
907 5163 1143 5217 Reddam
1203 5163 1309 5216 illis
1357 5165 1609 5217 tenebras
1661 5165 1712 5217 in
1773 5162 1979 5224 lucem,
2013 5170 2070 5216 et

501 5269 741 5310 tortuosa
771 5260 820 5308 in
857 5265 1080 5310 rectam.
1113 5254 1236 5309 llaec
1271 5258 1430 5310 verba
1462 5253 1674 5319 faciam,
1709 5265 1760 5308 et
1790 5271 1893 5308 non
1918 5257 2069 5307 dere-

502 5350 738 5417 linquant
779 5362 892 5402 eos.
937 5369 953 5398 ι
989 5346 1218 5412 Quinam
1251 5348 1305 5401 hi
1347 5359 1532 5402 CSSBnl
1573 5348 1821 5417 superius
1864 5346 2070 5407 docuit,

501 5445 565 5497 de
593 5458 816 5512 persona
851 5442 1049 5496 Christi
1078 5442 1281 5504 dicens,
1315 5460 1334 5493 ι
1371 5442 1495 5496 Dedi
1527 5452 1579 5496 te
1604 5443 1656 5496 in
1683 5448 2062 5495 testamentum

502 5536 748 5602 generis,
790 5535 842 5586 in
882 5535 1052 5587 lucem
1102 5537 1379 5602 gentium,
1419 5544 1476 5588 ut
1507 5535 1720 5603 aperias
1749 5532 1934 5585 oculos
1963 5545 2065 5584 c:e-

500 5641 708 5678 corum.
746 5641 764 5674 ι
813 5623 920 5677 llos
949 5626 1129 5692 itaque
1173 5625 1313 5692 ipsos
1339 5625 1464 5678 olim
1495 5639 1666 5678 (tecos
1694 5623 1748 5676 in
1789 5621 2060 5691 gentibus,

501 5733 604 5799 ιιι-ιιι
641 5731 747 5768 non
777 5725 1038 5770 noverant
1077 5717 1160 5769 via
1210 5717 1486 5772 ambulare
1517 5730 1574 5772 se
1609 5715 1875 5771 facturum
1910 5711 2064 5782 polli-

571 5826 664 5882 “l
695 5829 821 5883 Cor.
860 5847 915 5885 κ.
954 5830 1006 5885 4.

2174 4605 2350 4658 αὐτῶν
2389 4601 2627 4674 ξηρανῶ.
2679 4601 2789 4653 Καὶ
2821 4599 2972 4668 θήσω
3006 4596 3282 4666 ποταμοὺς
3306 4594 3384 4656 εἰς
3417 4593 3633 4662 νήσους,
3658 4589 3752 4643 καὶ

2170 4701 2264 4770 ἕλη
2298 4697 2543 4768 ξηρανῶ·
2593 4714 2611 4745 ι
2639 4692 2737 4754 τὰς
2771 4691 2936 4743 πάλαι
2987 4687 3246 4758 ποταμῶν
3285 4685 3438 4755 δίκην
3480 4697 3748 4753 χορηγου-

2175 4790 2340 4861 μένας
2368 4789 2549 4849 αὺτοῖς
2576 4782 2947 4844 διδασκαλίας.

2242 4991 2260 5020 ‹
2298 4969 2406 5022 Καὶ
2457 4967 2569 5032 ἄξω
2598 4964 2830 5033 τυφλοὺς
2858 4965 2915 5014 ἐν
2965 4961 3068 5031 ὁδῷ
3203 4960 3303 5011 οὐκ
3354 4957 3618 5025 ἔγνωσαν,
3655 4954 3750 5007 καὶ

2166 5061 2383 5134 τρίϐους
2435 5058 2499 5121 ἃς
2553 5055 2652 5109 οὐκ
2698 5056 2937 5126 ¹ᾔδεισαν,
2974 5053 3214 5121 πατῆσαι
3273 5051 3482 5119 ποιήσω
3529 5047 3746 5108 αύτούς.

2170 5156 2388 5224 Ποιήσω
2422 5151 2607 5213 αὐτοῖς
2633 5149 2695 5200 τὸ
2741 5148 2929 5208 σκότος
2957 5147 3035 5207 εἰς
3065 5144 3202 5213 φῶς,
3230 5143 3322 5194 καὶ
3360 5143 3424 5194 τὰ
3452 5140 3640 5192 σκολιὰ
3669 5142 3750 5202 εἰς

2173 5246 2402 5298 εὐθεῖαν.
2428 5243 2613 5296 Ταῦτα
2637 5240 2704 5292 τὰ
2747 5239 2966 5309 ῥήματα
3002 5237 3231 5306 ποιήσω,
3267 5234 3360 5287 καὶ
3381 5233 3479 5284 οὐκ
3513 5233 3749 5298 ἐγκατα-

2174 5338 2342 5407 λείψω
2375 5334 2588 5395 αὐτούς.
2635 5351 2650 5382 ι
2683 5331 2724 5382 Τ
2733 5330 2837 5392 ίνες
2861 5328 2916 5381 δὲ
2948 5324 3086 5400 ἦσαν
3122 5321 3265 5379 οὗτοι
3296 5323 3497 5387 ἐδίδαξε
3523 5321 3612 5374 διὰ
3639 5321 3748 5374 τῶν

2172 5429 2497 5502 ἔμπροσθεν,
2526 5424 2694 5477 εἰπὼν
2727 5424 2805 5483 εἰς
2839 5421 3128 5492 πρόσωπον
3150 5418 3241 5472 τοῦ
3274 5415 3507 5489 Χριστοῦ
3533 5433 3544 5444 ·
3591 5436 3608 5466 ι
3649 5416 3747 5466 Ἔ-

2169 5522 2318 5575 δωκά
2348 5536 2406 5571 σε
2441 5519 2519 5580 εἰς
2547 5517 2810 5588 διαθήκην
2846 5515 3056 5583 γένους,
3105 5515 3182 5574 εἰς
3227 5511 3340 5579 φῶς
3383 5509 3569 5572 ἐθνῶ),
3601 5509 3746 5560 ἀνοῖ-

2174 5613 2256 5677 ξαι
2303 5610 2612 5680 ὀφθαλμοὺς
2664 5607 2897 5677 τυφλῶν.
2939 5627 2956 5658 ι
3026 5605 3259 5666 Τούτους
3304 5603 3366 5674 δὴ
3405 5597 3497 5655 οὖν
3552 5601 3612 5652 αἱ,
3631 5601 3746 5660 τοὺς

2173 5706 2296 5765 τοὺς
2330 5702 2495 5754 πάλαι
2527 5700 2756 5771 τυφλοὺς
2792 5702 2847 5753 ἐν
2879 5702 2988 5762 τοῖς
3023 5697 3250 5756 ἔθνεσιν,
3275 5695 3341 5746 ’ἓν
3375 5693 3448 5763 μὴ
3483 5690 3744 5758 ἐπεγίνω-
