3984 6520
246 392 361 451 593

249 532 382 567 σκον
404 512 528 567 ὁδὸν
560 513 775 585 βαδίσαι
807 518 1055 591 ποιήσειν
1096 522 1511 594 ἐπαγγέλλεται.
1545 532 1713 585 Πόθεν
1740 534 1811 601 γά

1953 544 2125 592 cetur.
2155 539 2275 607 Quo
2301 552 2459 613 pacto
2493 548 2635 603 enim
2681 564 2801 607 eam

244 610 381 678 ἡμῖν
416 606 713 675 γινώσκειν
738 612 920 682 παρῆν
947 613 1045 682 τὴν
1065 616 1206 670 κατά
1238 619 1372 672 Θεὸν
1399 621 1539 688 ὁδὸν,
1580 624 1611 694 ἢ
1639 623 1725 678 διὰ
1751 627 1847 699 τῆς

246 701 402 764 θεῖας
431 700 602 754 αὐτοῦ
632 703 884 772 χάριτος;
918 726 935 757 ι
974 709 1192 780 Ποιήσω
1237 713 1416 779 αὐτοῖς
1448 717 1509 768 τὸ
1546 718 1734 783 σκότος
1769 723 1848 785 εἰς

244 792 404 859 φῶς.
440 812 460 843 ³
502 794 605 857 τὰς
653 798 999 867 προφητικὰς
1050 801 1250 872 δηλαδὴ
1297 805 1522 876 Γραφὰς
1573 811 1667 863 καὶ
1722 813 1848 874 τοὺς

246 883 400 953 βίους
448 884 578 948 τοὺς
611 886 716 938 ὑπὸ
748 888 847 958 τῆς
879 888 1028 953 θείας
1080 892 1429 959 διδασκαλὲας
1479 898 1848 971 ὑποϐαλλομέ-

242 995 372 1040 νους
407 978 744 1049 συνήσεσθαι
793 982 941 1050 ἡμᾶς
999 1001 1152 1055 φησι.
1192 988 1302 1059 Τὴν
1339 990 1447 1061 γὰρ
1476 991 1697 1060 ἄγνοιαν
1750 994 1845 1047 τοῦ

240 1067 382 1121 Θεοῦ
409 1067 513 1137 τὴν
546 1069 715 1122 πάλαι
746 1073 867 1134 ταῖς
887 1071 1086 1143 ψυχαῖς
1118 1077 1279 1147 ἡμῶν
1311 1081 1745 1147 ἐπιπολάζουσαν
1766 1086 1845 1149 εἰς

240 1156 361 1224 φῶς
398 1156 660 1225 γνώσεως
708 1163 1129 1230 μεταϐαλεῖσθαι
1149 1185 1162 1197 ·
1201 1171 1294 1222 καὶ
1337 1172 1404 1225 τὰ
1435 1174 1602 1227 πάλαι
1632 1175 1688 1228 δέ
1716 1195 1842 1231 σκο-

239 1248 335 1301 λιά
365 1252 502 1321 ἡμῖν
542 1251 637 1304 καὶ
674 1253 862 1325 ἀσαφῆ
890 1256 1243 1328 νομιζόμενα,
1294 1263 1390 1315 καὶ
1441 1265 1614 1318 ταῦτα
1664 1269 1843 1339 ὁμαλά

243 1342 502 1411 ποιήσειν
540 1344 961 1415 ἐπαγγέλλεται.
999 1350 1137 1414 Τοὺς
1167 1354 1229 1405 ἐκ
1258 1358 1561 1428 περιτομῆς
1610 1361 1843 1415 αἰνιττό-

242 1446 431 1497 μενος,
470 1432 636 1503 φησῐν
652 1450 664 1462 ·

316 1540 337 1572 ι
372 1522 546 1576 Αὐτοὶ
600 1524 659 1578 δὲ
710 1528 1144 1603 ἀπεστράφησαν
1202 1537 1283 1599 εἰς
1328 1536 1397 1591 τὰ
1434 1540 1631 1596 ὀπίσω.
1678 1562 1697 1596 ι
1728 1541 1839 1600 Εἶθ’

237 1612 437 1685 ὥσπερ
460 1615 769 1681 ἐπιδεικνὺς
795 1619 979 1684 αὐτοῖς
1019 1622 1118 1694 τὴν
1163 1624 1273 1679 τῶν
1301 1628 1469 1683 ἐθνῶν
1513 1634 1837 1708 μεταϐολὴν,

239 1705 337 1758 καὶ
362 1705 423 1772 ἐξ
446 1707 570 1770 οἵας
597 1708 809 1782 πλάνης
843 1714 1284 1786 μεταϐεϐήκασιν
1313 1722 1393 1784 εἰς
1440 1722 1557 1791 φῶς
1594 1705 1840 1794 ἐλθόντες

1181 412 1689 473 COMMENTARIA
1728 417 1795 474 IN
1838 420 2098 479 lSAlAM.
2139 454 2209 467 --
2247 426 2399 485 CAP.
2440 430 2599 493 XLII.

3425 452 3529 509 594

2850 559 3144 617 secundum
3184 563 3351 621 Deum
3386 571 3529 627 viam

1954 642 2111 684 nosse
2137 641 2469 702 poteramus,
2517 641 2617 697 nisi
2669 659 2766 715 per
2794 649 3030 706 divinam
3087 656 3204 725 ejus
3253 662 3530 730 gratiam?

1956 735 1975 769 ι
2010 719 2227 778 Faciam
2254 726 2386 796 ipsis
2436 735 2687 791 tenebras
2745 741 2797 793 in
2854 719 3131 800 lucem
3184 719 3531 822 propheticus

1952 809 2201 868 videlicet
2232 816 2565 889 Scripturas,
2604 837 2657 880 et
2689 830 2849 885 vitam
2883 834 3051 901 illam,
3076 809 3197 909 qua-
3219 809 3397 901 divina
3432 849 3532 905 do-

1950 903 2126 957 ctrina
2156 912 2487 979 suggeritur,
2528 932 2625 971 nos
2655 918 3028 982 intellecturos
3058 945 3180 987 esse
3228 936 3303 989 ait
3365 937 3526 1010 lgno-

1951 997 2180 1051 rantiam
2206 1001 2349 1055 enim
2384 1003 2481 1060 Dei
2522 1024 2643 1077 quae
2669 1011 2798 1065 olim
2833 1017 3043 1089 animas
3088 997 3529 1096 obtegebatvno-

1949 1095 2122 1154 stras,
2174 1091 2227 1146 in
2272 1097 2600 1165 cognitionis
2645 1102 2818 1160 lucem
2860 1114 3141 1169 mutandas
3181 1118 3257 1171 ait
3349 1131 3405 1175 et
3436 1139 3525 1191 ea,

1946 1193 2068 1248 qua:
2094 1181 2222 1238 olim
2255 1200 2285 1240 a
2315 1188 2470 1244 nobis
2501 1201 2739 1251 tortuosa
2763 1207 2815 1251 ct
2845 1199 3075 1257 obscura
3107 1220 3226 1263 esse
3255 1212 3523 1279 putaban-

1946 1279 2071 1337 tur,
2125 1288 2184 1329 se
2230 1277 2389 1346 plana
2425 1280 2697 1340 facturum
2752 1292 3039 1357 promittit.
3084 1296 3191 1352 Eos
3221 1277 3398 1358 autem
3433 1308 3524 1376 qui

1942 1380 2006 1419 ex
2043 1367 2465 1429 circumcisione
2495 1386 2620 1431 sunt
2660 1380 3033 1452 subindicans,
3069 1389 3145 1444 ait
3177 1407 3192 1444 :

2016 1546 2181 1601 Vens.
2218 1548 2305 1605 17.
2336 1570 2353 1601 ι
2388 1550 2491 1621 1ρεί
2520 1564 2696 1609 autem
2730 1562 2980 1616 conversi
3004 1576 3129 1619 sunt
3152 1578 3469 1630 retrorsum.
3495 1594 3513 1626 ι

1943 1635 2144 1692 Deinde
2172 1643 2414 1709 gentium
2458 1648 2843 1719 mutationem,
2884 1663 2940 1708 et
2970 1660 3188 1726 quando
3226 1677 3291 1716 ex
3330 1681 3519 1723 errore

1954 1730 2059 1786 illa:
2090 1734 2324 1789 reducta:
2358 1736 2489 1802 sint,
2521 1754 2586 1793 ex
2624 1742 2861 1799 tenebris
2902 1746 2955 1800 in
2995 1748 3169 1805 lucem
3218 1757 3521 1822 venientes,

237 1794 348 1853 ἀπὸ
388 1795 486 1849 τοῦ
527 1799 773 1867 σκότους,
834 1804 1200 1871 ὀνειδιστικῶς
1232 1810 1367 1881 πρὸς
1408 1813 1649 1880 ἐκείνους
1687 1820 1816 1873 εἰδω

238 1886 727 1912 §-\__-_.‘f.._-.-1,
760 1892 817 1912 Νι
849 1910 855 1912 _
1049 1899 1098 1912 ιι
1192 1900 1203 1912 ο
1246 1902 1268 1912 ι.
1477 1908 1487 1912 -
1697 1910 1706 1912 μ

2476 1794 2488 1802 ,
2658 1794 2667 1795 ,
2752 1794 2859 1799 ,-.__
2995 1794 3169 1805 ηπ...
3228 1794 3520 1822 musam,

1941 1821 2073 1891 ipsis
2089 1827 2288 1894 aperit,
2318 1842 2381 1884 ac
2403 1844 2592 1886 eorum
2625 1832 2983 1894 idololatriam
3012 1841 3366 1912 vituperando
3391 1853 3520 1905 sub-

238 1886 645 1959 λολατροῦντας
666 1892 908 1962 ἐπιλέγει
934 1913 947 1925 ·
990 1916 1008 1948 ι
1034 1899 1374 1974 Αἰσχύνθητε
1397 1944 1411 1967 ,
1441 1908 1491 1959 οἱ
1520 1910 1816 1965 πεποιθότε,

238 1979 328 2012 to}
365 1983 483 2012 ahan
510 1982 771 2012 ..δη-.-γρ
820 1988 867 2012 ,ι
902 1988 1019 2012 11---
1049 2009 1142 2012 ,-,,
1182 2011 1196 2012 γ
1237 1998 1259 2012 ο
1542 2004 1567 2012 ..
1647 2005 1710 2012 .--
1787 2010 1807 2012 _

1938 1886 2158 1984 jungit}
2225 1936 2243 1969 ι
2276 1886 2801 1997 Confundiminiqui
2841 1886 3211 1990 conﬁditisrin
3261 1941 3523 2012 sculptili-

235 1979 333 2032 ἐπὶ
365 1983 483 2045 τοῖς
510 1982 792 2051 γλυπτοῖς,
819 1988 867 2039 0i
902 1988 1146 2058 λέγοντες
1174 1998 1287 2059 τοῖς
1309 2004 1594 2068 χωνευτοῖς
1614 2020 1627 2032 θ
1647 2005 1836 2077 Ὑμεῖς

236 2069 363 2121 ἐστε
392 2070 525 2133 ,θεοὶ
585 2074 763 2144 ἡμῶν.
814 2096 833 2129 ι
872 2078 982 2132 Καὶ
1035 2081 1122 2137 ἵνα
1167 2085 1240 2157 μή
1286 2104 1370 2150 τις
1397 2089 1568 2145 ταῦτα
1596 2095 1835 2165 νομίσειε

234 2160 365 2230 περὶ
398 2162 511 2215 τῶν
555 2163 727 2218 ἐθνῶν
779 2167 1050 2238 λέγεσθαι,
1084 2173 1192 2227 τῶν
1252 2178 1418 2233 πάλαι
1463 2160 1683 2251 τυφλῶν
1740 2190 1833 2241 καὶ

232 2251 474 2321 κωφῶν,
526 2255 844 2326 ἀναγκαίως
892 2261 1151 2335 διασαφεῖ
1202 2271 1295 2322 καὶ
1334 2271 1687 2346 διερμηνεύει
1735 2278 1835 2350 τὴν

230 2345 475 2401 διάνοιαν
524 2349 860 2422 ἐξεπιλέγων
890 2372 905 2386 ⁸

305 2458 325 2490 ι
363 2441 478 2495 Καὶ
522 2444 605 2507 τίς
631 2448 853 2517 τυφλὸς,
884 2451 1000 2505 ἀλλ’
1027 2455 1077 2507 οἱ
1102 2456 1292 2521 παῖδές
1325 2476 1458 2530 μου;
1501 2463 1596 2516 καὶ
1632 2467 1827 2537 κωφοὶ,

227 2530 345 2583 ἀλλ’
372 2535 423 2586 οἱ
453 2538 801 2607 κυριεύοντες
835 2542 1049 2610 αὐτῶν;
1093 2548 1204 2601 Καὶ
1226 2551 1615 2625 ἐτυφλώθησαν
1638 2559 1686 2610 οἱ
1717 2530 1830 2612 605-

228 2624 307 2677 λοι
345 2627 444 2679 τοῦ
469 2627 629 2686 Θεοῦ.
657 2632 843 2688 Εἴδετε
862 2636 1169 2705 πλεονάκις,
1198 2645 1292 2697 καὶ
1320 2645 1420 2699 οὐκ
1447 2624 1786 2717 ἐφυλάξασθε
1808 2670 1822 2683 ·

226 2717 532 2790 ἠνοιγμένα
560 2722 630 2775 τά
664 2718 799 2789 ῶτα,
823 2728 918 2781 καὶ
950 2730 1049 2784 οὐκ
1078 2732 1372 2803 ἠκούσατε.
1403 2738 1609 2810 Κύριος
1632 2743 1660 2795 6
1693 2742 1826 2809 Θεὸς

227 2809 594 2868 ἐϐουλεύσατο
641 2818 727 2871 ἵνα
762 2818 1045 2894 δικαιωθῇ,
1082 2825 1175 2880 καὶ
1215 2809 1502 2904 μεγαλύνῃί
1529 2831 1755 2887 αῖνεσιν.
1798 2854 1817 2887 ι

236 2902 425 2977 Ὁρᾷς,
457 2907 541 2961 ὅτι
573 2909 743 2965 ταῦτα
795 2915 971 2969 πάντα
1006 2918 1132 2988 περὶ
1172 2919 1267 2973 τοῦ
1310 2921 1438 2974 λαοῦ
1479 2924 1695 2997 εἴρηται
1724 2927 1819 2982 τοῦ

226 2995 291 3048 ἐκ
317 3001 647 3072 περιτομῆς.
669 3021 687 3053 ι
728 3004 861 3058 Ἀλλ’
894 3010 922 3060 6
951 3010 1049 3079 μὲν
1087 3011 1291 3084 Κύριος
1332 2995 1688 3073 ἐϐουλεύσατο
1734 3021 1820 3075 ἵνα

222 3085 494 3163 δικαιώσῃ
524 3092 706 3157 αὐτὸν,
754 3096 840 3150 ἵνα
912 3100 1191 3176 μεγαλύνῃ
1224 3104 1458 3160 αῖνεσιψ
1501 3110 1551 3161 οἱ
1594 3110 1651 3164 δὲ
1701 3112 1819 3166 ἐδο-

223 3179 503 3253 ξάσθησαν
526 3188 637 3249 τοῖς
662 3187 762 3253 τὰς
786 3191 965 3263 ψυχὰς
1004 3194 1185 3249 αὐτῶν
1218 3197 1562 3270 πολεμοῦσιν.

296 3388 315 3420 ι
357 3371 475 3423 Καὶ
506 3367 666 3437 εἶδον,
701 3376 795 3428 καὶ
825 3377 1043 3446 ἐγένετο
1074 3383 1103 3434 6
1145 3381 1272 3448 λαὸς
1319 3394 1815 3463 προνενομευμένος

219 3461 314 3514 καὶ
373 3462 822 3537 διηρπαγμένος·
855 3472 887 3541 ἡ
933 3471 1040 3543 γὰρ
1079 3477 1248 3545 παγὶς
1296 3480 1354 3533 ἐν
1408 3484 1521 3545 τοῖς
1553 3461 1815 3554 ταμείοις

219 3548 526 3623 πανταχοῦ,
557 3558 651 3608 καὶ
680 3558 738 3610 ἐν
762 3558 937 3633 οἴκοις
960 3563 1097 3634 ἅμα.
1125 3566 1267 3621 ὅπου
1320 3569 1563 3643 ἔκρυψαν
1592 3574 1810 3640 αὐτούς.

226 3642 511 3711 Ἐγένοντο
565 3649 645 3711 εἰς
697 3654 993 3727 προνομὴν,
1040 3660 1133 3713 καὶ
1178 3663 1278 3716 οὐκ
1318 3659 1386 3735 ἦν
1426 3667 1813 3740 ἐξαιρούμενος

214 3734 515 3809 ἅρπαγμα,
550 3743 647 3795 καί
677 3745 778 3798 οὐκ
805 3741 873 3817 ἦν
914 3750 943 3800 6
989 3750 1183 3820 λέγων,
1225 3734 1466 3823 Ἀπόδος.
1522 3734 1559 3811 »-
1585 3734 1673 3815 Ἐν
1701 3734 1811 3837 γὰρ

214 3828 401 3894 αὐτοῖς
430 3836 545 3898 τοῖς
601 3835 899 3911 λογισμοῖς,
937 3843 1033 3909 οὓς
1063 3844 1354 3918 ἔκρυπτον,
1391 3852 1461 3906 τὰ
1509 3854 1650 3909 κατά
1677 3828 1811 3928 ὶέριζ

214 3921 337 3975 στοῢ
371 3923 772 3999 βουλευόμενοι,
803 3933 860 3985 ἐν
909 3936 1094 4002 αὐτοῖς
1135 3941 1365 4006 ἐκείνοις
1402 3946 1434 4016 ἡ
1476 3948 1597 4000 κατ’
1630 3949 1808 4005 αὐτῶν

211 4014 399 4082 παγὶς,
440 4018 536 4070 καὶ
560 4020 661 4073 οὐκ
688 4017 756 4092 ἦν
781 4025 810 4076 6
833 4025 1222 4099 ἐξαιρούμενος
1261 4035 1478 4101 αὐτοὺς,
1516 4040 1635 4094 οὐδὲ
1665 4042 1693 4094 6
1722 4042 1809 4095 λέ-

212 4118 340 4170 γων,
398 4106 644 4175 Ἀπόδος.

279 4216 299 4248 ι
341 4199 441 4263 Τίς
478 4203 534 4254 ἐν
568 4203 717 4274 ὑμῖν,
749 4208 809 4272 6;
862 4212 1164 4269 ἐνωτιείται
1204 4219 1412 4287 ταῦτα;
1444 4226 1803 4283 εἰσακούσατε

206 4291 283 4355 εἰς
311 4292 385 4345 τὰ
422 4295 785 4368 ἐπερχόμενα.
819 4321 837 4353 ›
878 4305 938 4356 Ei
966 4306 1023 4358 δέ
1050 4325 1133 4371 τις
1156 4310 1439 4385 ζητήσειεν
1467 4318 1551 4381 τίς
1581 4321 1610 4372 6
1632 4320 1805 4376 ταῦτα

206 4386 448 4459 πράξας,
483 4390 634 4464 εὖροι
660 4394 705 4447 δ’
739 4396 823 4457 ἂν,
851 4400 933 4453 ὄτι
964 4402 1072 4455 οὐδ’
1107 4405 1264 4470 ἄλλος
1281 4407 1481 4464 ἔδωκεν
1501 4415 1701 4480 αὐτοὺς
1724 4418 1803 4482 εἰς

204 4479 515 4554 διαρπαγὴν
567 4486 800 4557 ῆαύτὸς
854 4485 898 4559 ᾧ
948 4495 1266 4567 ἡμάρτοσαν
1322 4501 1490 4573 αὐτῷ,
1550 4506 1641 4558 καὶ
1702 4508 1800 4562 οὐκ

1940 2006 2063 2075 bus,
2092 2009 2183 2079 qui
2216 2011 2577 2071 conﬂatilihus
2608 2018 2811 2085 dicitis,
2843 2022 3114 2103 Vosestis
3154 2029 3228 2083 dii
3259 2006 3452 2089 nostri.
3490 2055 3514 2091 ι

1940 2097 2018 2155 Ne
2048 2116 2179 2158 vero
2210 2105 2332 2173 quis
2360 2116 2575 2175 putaret
2613 2110 2729 2166 haec
2770 2117 2837 2169 de
2866 2097 3118 2185 gentibus
3140 2161 3155 2185 ,
3191 2122 3318 2178 olim
3362 2128 3519 2182 czecis

1938 2202 1993 2248 et
2049 2197 2270 2261 surdis,
2308 2198 2452 2254 dicta
2512 2202 2714 2271 fuisse,
2768 2212 3073 2267 necessario
3101 2224 3335 2272 tuentem
3365 2235 3516 2275 suam

1935 2287 2114 2354 aperit
2140 2296 2195 2342 et
2219 2290 2494 2359 explicat,
2527 2295 2640 2351 haec
2670 2298 2936 2368 adjiciens
2968 2320 2983 2358 :

2009 2482 2171 2539 Vens.
2206 2485 2392 2545 18-2].
2441 2508 2460 2541 ι
2516 2491 2583 2546 Et
2623 2496 2750 2565 quis
2782 2511 2960 2555 cmcus
2987 2542 3001 2565 ,
3053 2504 3154 2559 nisi
3189 2508 3339 2574 pueri
3365 2511 3466 2565 mei
3496 2510 3517 2565 ἶ

1933 2582 1987 2628 et
2018 2576 2139 2644 quis
2172 2582 2390 2647 surdus,
2418 2582 2520 2637 nisi
2556 2587 2649 2655 qui
2697 2588 3046 2647 dominantur
3089 2596 3208 2652 eis?
3233 2599 3299 2654 Et
3335 2601 3513 2656 obcac~

1930 2666 2036 2718 cati
2062 2677 2189 2722 sunt
2219 2671 2362 2726 servi
2406 2672 2519 2729 Dei.
2555 2674 2772 2735 Vidistis
2800 2696 2963 2753 smpe,
2997 2695 3052 2738 et
3080 2702 3184 2741 non
3235 2692 3458 2748 cavistis
3490 2712 3505 2747 :

1929 2765 2129 2823 apertae.
2159 2768 2284 2813 sunt
2317 2777 2501 2828 aures,
2530 2754 2585 2819 et
2634 2783 2740 2823 non
2788 2772 3045 2829 audistis.
3078 2776 3336 2835 Dominus
3362 2781 3505 2837 Deus

1928 2845 2255 2904 deliberavit
2309 2863 2366 2907 ut
2409 2854 2831 2927 jusrilicaretur,
2873 2873 2928 2918 et
2976 2868 3350 2937 magnificaret
3391 2874 3510 2928 lata

1926 2936 2069 2991 dem.
2106 2957 2125 2992 ι
2170 2940 2333 2998 Vides
2370 2944 2487 3000 hac
2518 2950 2699 3003 omnia
2743 2952 2808 3006 de
2852 2954 3050 3023 populo
3076 2936 3165 3011 fex
3218 2960 3508 3019 circumci-

1930 3029 2082 3086 sione
2108 3032 2252 3088 dicta
2283 3033 2473 3093 fuisse.
2526 3058 2544 3091 ι
2604 3039 2710 3096 Sed
2751 3043 3013 3102 Dominus
3065 3050 3415 3121 deliberavit,
3448 3066 3510 3111 ιιι

1916 3122 2248 3191 justiﬁearet
2300 3141 2457 3197 eum,
2509 3140 2565 3187 et
2621 3136 2998 3205 magnificarct
3062 3139 3313 3211 laudem;
3360 3163 3379 3198 ι
3430 3148 3506 3203 illi

1922 3228 2053 3271 vero
2081 3218 2300 3287 gloriati
2337 3232 2466 3277 sunt
2495 3222 2547 3278 in
2581 3222 2669 3291 iis,
2701 3229 2794 3296 qui
2830 3230 3223 3303 impugnabant
3261 3238 3501 3294 animam

1920 3321 2101 3363 suam.

1989 3398 2157 3459 Vens.
2189 3402 2280 3455 22.
2317 3422 2336 3456 ι
2372 3405 2439 3460 Et
2469 3406 2743 3477 viderunt,
2775 3423 2831 3467 et
2878 3411 2981 3468 fuit
3036 3418 3267 3488 populus
3313 3432 3503 3476 vasta-

1921 3502 2005 3550 tus
2059 3506 2225 3568 atque
2279 3501 2522 3572 direptus
2571 3520 2584 3556 :
2632 3505 2861 3576 laqueus
2921 3510 3068 3566 enim
3127 3514 3179 3568 in
3229 3514 3502 3572 cubilibus

1916 3586 2137 3656 ubique,
2164 3600 2219 3645 et
2247 3590 2301 3646 iu
2334 3593 2586 3650 domibus
2615 3596 2798 3667 simul,
2834 3599 2921 3654 ubi
2949 3602 3354 3660 absconderunt
3381 3622 3498 3662 eos.

1914 3673 2067 3733 Facti
2099 3692 2228 3735 sunt
2252 3682 2308 3737 in
2339 3686 2719 3753 vastationem,
2759 3698 2814 3745 et
2853 3707 2961 3746 non
2996 3703 3116 3749 erat
3154 3696 3244 3764 qui
3283 3710 3501 3753 erueret

1915 3769 2162 3839 rapinam
2201 3784 2299 3828 :et
2338 3789 2445 3829 non
2487 3786 2603 3832 erat
2636 3781 2728 3846 qui
2783 3781 3010 3851 diceret,
3048 3784 3251 3841 Redde.
3309 3807 3328 3840 ι
3363 3789 3497 3845 Nam

1913 3862 2158 3917 occultas
2183 3864 2237 3918 in
2271 3868 2546 3924 mentibus
2595 3871 2708 3926 suis
2737 3872 2957 3930 Christo
3005 3876 3232 3934 insidias
3266 3881 3499 3936 molien-

1914 3960 2013 4019 tes,
2061 3954 2117 4009 in
2159 3955 2348 4012 iisdem
2399 3960 2532 4030 ipsis
2572 3961 2823 4032 laqueum
2855 3968 2958 4022 sibi
3012 3967 3357 4037 invenerunt,
3395 3988 3496 4028 nec

1910 4056 2031 4101 erat
2055 4046 2147 4118 qui
2175 4048 2413 4121 eriperet
2438 4068 2556 4124 eos,
2586 4071 2763 4127 neque
2792 4060 2885 4128 qui
2915 4060 3144 4129 diceret,
3182 4063 3390 4120 Redde.

1980 4232 2144 4291 Vens.
2174 4236 2267 4291 2'5.
2316 4256 2335 4289 ι
2375 4238 2509 4305 Quis
2542 4250 2627 4294 est
2680 4243 2733 4296 i’n
2769 4244 2923 4299 vobis
2947 4284 2963 4309 ,
3003 4246 3092 4315 qui
3124 4248 3241 4302 lucc
3266 4250 3453 4305 audiat
3475 4293 3489 4307 .

1907 4328 2210 4385 auscultate
2246 4331 2449 4391 futura.
2497 4356 2517 4389 ι
2569 4336 2625 4391 Si
2677 4337 2798 4407 quis
2851 4348 3032 4395 autem
3078 4352 3323 4412 quaerat,
3366 4348 3492 4415 quis
3560 4395 3570 4405 .

1905 4417 2019 4473 lure
2053 4418 2284 4487 fecerit,
2325 4424 2562 4482 inveniet
2594 4442 2701 4483 non
2748 4428 2913 4484 alium
2969 4430 3117 4501 ipsos
3164 4434 3216 4488 in
3249 4436 3487 4504 praedam

1905 4509 2137 4577 dedisse,
2180 4529 2341 4583 quam
2377 4531 2541 4583 eum,
2595 4520 2649 4575 in
2687 4535 2851 4590 quem
2893 4537 3293 4593 peccaverant,
3333 4538 3389 4583 et
3434 4530 3489 4583 in

203 4574 500 4644 ﬁ60610v70
522 4579 580 4631 ἐν
604 4583 725 4644 ταῖς
756 4583 896 4647 ὁδοῖς
924 4587 1088 4641 αὐτοῦ
1124 4591 1472 4662 πορεύεσθαι.
1514 4598 1800 4671 Καλούμε-

203 4683 275 4690 μ--
304 4667 412 4690 --ΧΑ
452 4672 526 4690 ,9,
586 4672 630 4690 ,I
758 4676 770 4690 ι
925 4677 940 4690 ς
1027 4679 1038 4690 ι
1124 4682 1169 4690 ,λ
1206 4685 1216 4690 -
1374 4686 1383 4690 -
1496 4689 1503 4690 ,

1932 4600 2061 4671 .ujus
2098 4605 2201 4661 viis
2228 4608 2509 4666 ambulare
2545 4622 2862 4671 renuerant.
2917 4615 3049 4670 Nam
3095 4619 3164 4672 ad
3209 4621 3488 4690 cvangeli-

203 4683 279 4718 νοι
303 4667 417 4739 γὰρ
448 4672 527 4733 εἰς
574 4672 674 4737 τὰς
718 4676 1081 4745 εύαγγελικὰς
1114 4682 1285 4747 ὀδοὺς,
1333 4686 1430 4758 οὐχ
1484 4689 1795 4761 ὑπήκουον

202 4760 317 4813 ἀλλ’
351 4762 474 4815 οὐδὲ
507 4764 726 4820 ἀκούειν
764 4769 954 4841 ἤθελον
981 4774 1073 4826 τοῦ
1106 4776 1271 4846 νόμου
1299 4779 1395 4851 τῆς
1432 4783 1641 4856 Καινῆς
1671 4789 1798 4841 Δια-

204 4852 400 4925 θήκης.

272 4967 291 4997 ι
330 4948 431 5011 Τίς
464 4948 668 5002 ἔδωκεν
700 4952 781 5016 είς
826 4953 1135 5029 διαρπαγὴν
1173 4959 1386 5025 Ἰακὼϐ,
1432 4964 1523 5017 καὶ
1576 4967 1793 5042 Ἰσραὴλ

197 5038 307 5100 τοῖς
348 5040 785 5110 προνομεύουσιν
810 5045 1007 5111 aiat-6v;
1050 5050 1184 5120 Οὐχὶ
1216 5053 1245 5104 6
1293 5053 1445 5118 Θεὸς,
1476 5048 1520 5124 ᾧ
1554 5060 1791 5133 ἡμάρτο-

199 5143 295 5183 σαν
324 5129 499 5201 αὐτῷ,
533 5133 627 5185 καὶ
651 5134 750 5187 οὐκ
776 5136 1059 5193 ἐϐούλοντο
1089 5142 1148 5193 ἐν
1176 5146 1295 5207 ταῖς
1324 5145 1464 5210 ὁδοῖς
1498 5150 1662 5205 αὑτοῦ
1693 5171 1791 5207 πο-

196 5222 477 5291 ρεύεσθαι,
525 5227 648 5281 οὐδὲ
700 5229 921 5284 ἀκούειν
954 5234 1047 5286 τοῦ
1087 5236 1252 5308 νόμου
1310 5240 1505 5307 aii-:05;
1546 5264 1562 5294 ι
1613 5246 1788 5300 Πάλαι

200 5316 295 5387 μὲν
320 5314 432 5387 γάρ
468 5318 606 5387 πρὸς
646 5322 835 5392 καιρόν
881 5341 1001 5377 τινα
1049 5328 1464 5401 πολεμούμενοι,
1502 5330 1656 5399 αὖθις
1697 5339 1790 5391 άν-

198 5404 503 5477 ελάμϐανον
532 5409 784 5473 ἑαυτούς·
834 5412 910 5476 ὡς
943 5414 1036 5467 καὶ
1071 5416 1168 5488 τὴν
1202 5419 1573 5496 Ἰερουσαλὴμ,
1607 5427 1700 5479 καὶ
1726 5426 1788 5481 τὸ

195 5497 251 5549 ἐν
296 5498 438 5570 αὐτῇ
487 5498 760 5569 βασίλειον
801 5504 981 5558 αὐτῶν
1012 5512 1365 5566 συνεστάναι·
1425 5514 1517 5569 νῦν
1554 5517 1610 5570 δὲ
1659 5536 1788 5572 κατι

199 5585 417 5659 ίσχυσεν
451 5593 636 5647 αὐτῶν
666 5598 694 5649 6
728 5596 983 5665 πόλεμος
1016 5602 1113 5672 οὐχ
1137 5604 1165 5655 6
1198 5603 1397 5669 ἔξωθεν
1442 5607 1621 5679 μόνος,
1649 5610 1787 5665 ἀλλὰ

197 5682 287 5734 καὶ
317 5684 347 5734 6
372 5682 483 5735 τῶν
509 5685 609 5748 τὰς
628 5686 805 5759 ψυχὰς
836 5690 1017 5743 αὐτῶν
1045 5684 1495 5764 πολιορκούντων.

270 5795 287 5827 ι
319 5777 429 5830 Καὶ
449 5779 733 5850 ἐπήγαγεν
775 5786 864 5836 ἐπ’
914 5786 1113 5850 αὐτοὺς
1146 5787 1315 5859 ὀργὴν
1363 5789 1536 5862 θυμοῦ
1592 5792 1777 5859 αὐτοῦ,

197 5868 283 5921 καὶ
317 5870 647 5942 κατίσχυσεν
668 5874 866 5940 αὐτοὺς
889 5876 1144 5947 πόλεμος,
1177 5880 1271 5933 καὶ
1300 5881 1347 5935 οἱ
1377 5881 1781 5953 συμφλέγοντες

514 5968 787 6033 Parnm.
833 5973 949 6034 Gn.
981 5975 1190 6039 XXIV

1906 4707 2001 4748 cas
2036 4696 2155 4749 vias
2182 4701 2415 4768 evocati,
2452 4717 2556 4756 non
2587 4706 3054 4776 obtemperarunt,
3106 4724 3281 4781 neque
3313 4711 3486 4783 legem

1900 4787 2032 4843 Novi
2060 4789 2395 4849 Testamenti
2425 4796 2615 4854 audire
2652 4799 2960 4858 voluerunt.

1970 4959 2136 5014 Vens.
2161 4959 2252 5016 24.
2291 4981 2310 5014 ι
2348 4962 2480 5030 Quis
2513 4966 2664 5021 dedit
2707 4969 2761 5022 in
2793 4968 3152 5038 direptionem
3188 4972 3358 5030 Jacob
3381 5013 3395 5037 ,
3426 4985 3484 5027 et

1896 5048 2063 5105 Israel
2110 5056 2454 5110 vastantibus
2501 5060 2671 5113 eum?
2720 5060 2915 5116 Annon
2942 5064 3086 5119 Deus
3108 5103 3125 5130 ,
3162 5067 3247 5118 cui
3283 5080 3479 5134 pecca-

1899 5152 2117 5211 verunt,
2147 5155 2201 5199 et
2226 5146 2517 5203 noluerunt
2548 5150 2602 5204 in
2631 5152 2735 5207 viis
2771 5154 2891 5224 ejus
2936 5156 3253 5220 ambulare,
3310 5170 3484 5224 neque

1898 5236 2090 5292 audire
2119 5237 2292 5308 legem
2321 5241 2482 5311 ejus?
2516 5260 2534 5295 ι
2569 5242 2640 5297 At
2665 5247 2809 5300 enim
2844 5246 2973 5301 olim
3006 5248 3224 5318 quidem
3256 5262 3378 5302 cum
3413 5250 3484 5304 ad

1899 5339 2112 5399 tempus
2160 5332 2379 5403 aliquod
2432 5336 2578 5391 bello
2627 5337 3053 5408 impeterentur,
3108 5341 3305 5394 iterum
3342 5343 3481 5395 resi-

1897 5423 2214 5491 piscehant;
2248 5428 2318 5481 ita
2353 5436 2411 5481 ut
2441 5424 2749 5482 Jerusalem
2779 5440 2835 5485 et
2881 5432 3032 5501 regia
3066 5431 3266 5487 ibidem
3301 5433 3480 5501 posita

1895 5515 2255 5584 consisteret;
2284 5538 2424 5578 nunc
2466 5534 2651 5579 autem
2704 5522 2844 5579 bello
2886 5525 3136 5595 oppressi
3172 5535 3331 5591 sunt,
3372 5541 3480 5580 non

1896 5610 2165 5667 exteriore
2225 5622 2475 5684 tantum,
2540 5619 2635 5672 sed
2690 5631 2756 5671 eo
2799 5617 2943 5688 quod
2989 5616 3059 5672 ab
3107 5617 3483 5674 obsidentibus

1895 5702 2109 5759 animas
2136 5720 2265 5760 suas
2291 5707 2652 5764 inferebatur.

1965 5793 2129 5851 Vens.
2164 5796 2254 5855 25.
2298 5818 2315 5851 ι
2370 5799 2436 5855 Ει
2490 5803 2703 5858 induxit
2747 5818 2909 5873 super
2957 5819 3053 5859 eos
3106 5804 3239 5858 iram
3276 5802 3476 5860 furoris

1891 5886 1996 5956 sui,
2030 5896 2085 5945 et
2116 5889 2349 5951 invaluit
2381 5894 2435 5951 in
2468 5911 2563 5955 eos
2594 5898 2795 5957 bellum
2823 5939 2839 5969 ,
2871 5907 2925 5957 et
2959 5899 3050 5971 ιι.ιί
3080 5899 3477 5956 comburebant

3125 5994 3200 6057 13
