3984 6568
492 420 600 480 595

1164 416 1431 472 EUSEBII
1471 414 1950 473 CESARIENSIS
1986 414 2136 475 OPP.
2178 416 2364 473 PARS
2403 416 2492 473 III.
2535 449 2602 460 -—
2641 417 3049 475 EXEGETICA.

3655 425 3760 485 596

494 554 591 593 eos
647 538 699 592 in
751 539 978 592 circuitu
1015 554 1028 590 :
1061 552 1240 605 neque
1280 546 1650 606 cognoverunt
1698 539 2050 607 unusquisqm

2176 539 2374 601 αὐτοὺς
2428 540 2641 610 κύκλῳ·
2680 541 2774 592 καὶ
2824 542 2923 593 οὐκ
2982 541 3223 609 ἔγνωσαν
3276 542 3505 607 ἕκαστος
3554 546 3757 608 αὐτῶν,

438 682 442 687 ,
491 646 704 694 eorum,
737 644 911 699 neque
941 629 1179 682 animum
1215 630 1599 709 adhibuerunt.
1638 649 1656 680 ι
1681 628 1795 684 Etsi
1823 632 1966 685 enim
2008 632 2067 695 ii,

491 724 583 791 qui
626 722 765 789 apud
812 736 905 775 vos
945 721 1225 784 infideles,
1255 721 1382 775 αεεί
1431 732 1486 776 et
1513 722 1661 775 surdi
1708 722 1884 778 eil‘ecti
1920 736 2065 788 sunt,

489 824 541 867 et
577 815 704 867 talia
748 823 1157 881 perpetrarunt,
1197 813 1291 866 ira;
1339 814 1429 867 Dei
1476 815 1659 867 traditi
1695 816 1839 879 sint;
1884 824 1939 869 at
1975 832 2069 868 vos

489 905 571 957 vel
604 920 747 959 nunc
777 908 990 958 tandem
1026 906 1241 970 audite;
1284 921 1377 959 vos
1407 908 1548 971 dico,
1589 907 1679 976 qui
1730 909 2066 961 conditorem

487 1004 541 1048 et
566 1005 866 1050 creatorem
895 1008 1131 1050 vestrum
1167 1012 1271 1049 non
1305 999 1598 1067 ignorastis
1619 1037 1633 1060 ,
1665 1000 1759 1052 sed
1814 1001 1906 1066 qui
1947 1003 2065 1070 opi-

490 1086 671 1141 Iicium
700 1088 752 1141 in
791 1089 946 1143 vobis
977 1089 1281 1153 exsistcns,
1314 1091 1521 1143 salvum
1553 1101 1607 1144 ct
1642 1091 1911 1146 incolume
1946 1108 2065 1145 ser—

486 1180 678 1234 vastis.

1026 1273 1255 1330 CAPUT
1331 1273 1512 1329 XLIII.

560 1362 722 1419 Vens.
780 1363 830 1427 I,
878 1372 933 1417 '2.
981 1382 999 1412 ‹
1033 1364 1095 1416 Et
1139 1380 1283 1417 nunc.
1318 1367 1397 1419 sic
1422 1367 1551 1420 dicit
1585 1366 1848 1420 Dominus
1882 1377 2062 1433 Uens,

481 1458 572 1527 qui
604 1455 731 1510 fecit
774 1465 842 1517 te,
879 1455 1069 1517 Iacob,
1102 1467 1157 1510 et
1182 1459 1273 1526 qui
1311 1458 1567 1512 formavit
1613 1470 1686 1523 te,
1723 1458 1884 1513 Israel
1936 1477 1949 1513 :
1989 1460 2066 1515 Ne

485 1553 705 1615 timeas,
735 1552 994 1618 quoniam
1021 1550 1224 1605 redemi
1256 1562 1308 1604 te
1342 1568 1355 1603 :
1388 1553 1574 1605 vocavi
1612 1560 1663 1605 te
1695 1554 1916 1605 nomine
1947 1563 2058 1618 tuo,

480 1643 630 1699 Meus
655 1660 714 1698 es
763 1654 838 1696 tu.
875 1662 892 1694 ι
926 1642 1034 1709 Ego
1073 1640 1334 1695 Dominus
1373 1642 1543 1707 Dens,
1579 1644 1667 1711 qui
1710 1642 1810 1697 feci
1858 1654 1911 1696 et
1955 1643 2064 1697 for-

477 1738 618 1787 mavi
652 1744 744 1795 te;
792 1732 891 1786 feci
926 1733 1147 1800 quidem
1176 1733 1474 1785 secumluin
1512 1734 1752 1785 animam
1807 1735 1873 1786 ad
1929 1735 2064 1787 ima-

478 1826 656 1897 ginem
693 1826 782 1881 Dei
815 1826 1011 1880 factam
1042 1818 1065 1890 ;'
1099 1826 1325 1879 formavi
1375 1837 1555 1879 autem
1604 1828 1899 1879 secundum
1935 1843 2059 1881 cur-

2171 630 2290 683 οὐδὲ
2321 630 2504 685 ἔθεντο
2532 633 2624 685 ἐπὶ
2652 632 2847 705 ψυχήν.
2886 652 2904 684 ι
2927 635 3115 706 Είγάρ
3137 635 3231 687 καὶ
3261 634 3331 688 τά
3362 636 3596 706 μάλιστα
3619 640 3670 691 οἱ
3700 641 3761 707 ἐξ

2174 721 2329 791 ὑμῶν
2375 722 2619 787 ἄπιστοι,
2689 725 2881 792 τυφλοὶ
2931 726 3026 778 καὶ
3072 727 3246 796 κωφοὶ
3307 728 3608 799 γενόμενοι,
3665 732 3763 786 καὶ

2172 814 2401 868 τοιαῦτα
2429 815 2761 886 πράξαντες,
2797 820 2862 888 τῇ
2891 820 3026 889 ὀργῇ
3054 818 3149 871 τοῦ
3180 818 3313 871 Θεοῦ
3342 820 3756 892 παρεδόθησαν

2169 907 2284 959 ἀλλ’
2310 909 2469 979 ὑμεῖς
2494 908 2572 960 ἔτι
2604 909 2696 962 καὶ
2733 909 2828 962 νῦν
2851 909 3120 963 ἀκούσατε
3143 926 3156 941 ο
3189 911 3334 981 ὑμᾶς
3366 911 3421 964 δὲ
3451 912 3593 980 λέγω
3631 914 3757 977 τοὺς

2168 1001 2260 1053 τὸν
2300 1000 2511 1055 ἑαυτῶν
2558 1002 2787 1074 ποιητὴν
2843 1003 2936 1055 καὶ
2968 1003 3213 1075 πλάστην
3241 1003 3316 1074 μὴ
3357 1005 3755 1074 ἀγνοήσαντας,

2170 1094 2304 1147 ἀλλά
2340 1095 2432 1147 καὶ
2466 1096 2525 1146 τὸ
2556 1096 2765 1166 ποίημα
2792 1094 2852 1148 τὸ
2905 1096 2963 1147 ὲν
2988 1095 3114 1165 ὑμῖν
3143 1095 3237 1147 καὶ
3265 1095 3327 1146 τὸ
3356 1095 3583 1165 πλάσμα
3614 1096 3757 1149 σῶον

2170 1187 2264 1239 καὶ
2293 1186 2572 1239 ἀλιῦϐττον
2619 1187 3076 1258 διατηρήσαντας.

2680 1277 3075 1332 κεφΑΑΑιοΝ
3107 1266 3237 1332 Ml".

2243 1391 2262 1423 ε
2296 1373 2405 1425 Καὶ
2430 1372 2523 1425 νῦν
2553 1372 2724 1434 οὕτως
2750 1372 2897 1439 λέγει
2928 1371 3129 1442 Κύριος
3153 1371 3181 1423 6
3205 1369 3337 1433 Θεὸς
3359 1371 3387 1423 6
3404 1371 3649 1441 ,ποιήσας
3669 1387 3753 1432 σε,

2178 1465 2394 1531 Ἰακὼϐ,
2428 1467 2521 1518 καὶ
2548 1468 2575 1519 6
2610 1464 2821 1528 πλάσας
2863 1482 2942 1527 σε,
2983 1463 3228 1534 Ἰσραήλ⁸
3282 1464 3372 1533 Μὴ
3426 1463 3617 1531 φοϐοῦ,
3669 1464 3755 1517 ὅτι

2167 1558 2561 1629 ὲλυτρωσάμην
2586 1574 2642 1609 σε
2664 1574 2676 1586 ο
2715 1556 2951 1609 ἐκάλεσα
2984 1573 3043 1607 σε
3072 1555 3132 1606 τὸ
3152 1554 3326 1625 ὄνομά
3359 1572 3485 1607 σου’
3532 1555 3669 1624 ὲμὸς
3704 1550 3757 1607 εἶ

2169 1649 2255 1702 σύ.
2297 1669 2315 1701 ι
2362 1649 2503 1719 Ἐγὼ
2523 1649 2728 1720 Κύριος
2771 1651 2799 1700 6
2829 1648 2959 1711 Θεὸς
2984 1649 3012 1698 6
3046 1648 3276 1717 ποιήσας
3311 1664 3368 1700 σε
3408 1649 3504 1700 καὶ
3539 1648 3758 1712 πλάσας

2169 1762 2227 1796 σε
2254 1762 2267 1774 ’
2307 1746 2539 1814 ποιήσας
2585 1743 2681 1812 μὲν
2724 1741 2865 1795 κατά
2895 1740 3071 1811 ψυχὴν
3102 1740 3198 1810 τὴν
3228 1740 3345 1792 κατ’
3381 1742 3562 1794 εἰκόνα
3614 1739 3757 1793 Θεοῦ

2168 1832 2544 1905 πεποιημένην
2565 1849 2579 1862 ’
2620 1832 2831 1895 πλάσας
2861 1831 2918 1883 δὲ
2955 1830 3097 1884 κατά
3133 1830 3194 1882 τὸ
3229 1830 3385 1901 σῶμα
3415 1830 3475 1881 τὸ
3512 1829 3621 1881 ἀπὸ
3646 1829 3758 1898 γῆς

475 1936 600 1992 pus,
640 1922 707 1975 de
744 1932 892 1973 terra
941 1929 1297 1989 sutuplmn,et
1326 1936 1353 1972 a
1389 1936 1473 1973 me
1500 1930 1892 1974 constructum.
1919 1922 2050 1974 San-

2163 1898 2485 1996 ληφθὲν-καὶ
2502 1898 2602 1976 τύπ’
2647 1923 2783 1994 ἐμοῦ
2808 1922 3188 1992 πεπλασμένον
3210 1940 3221 1951 ·
3261 1898 3453 1993 λύτρον
3477 1922 3621 1992 ὑπὲρ
3650 1921 3758 1992 τῆς

475 2015 805 2084 guinemque
864 2028 1041 2083 meum
1082 2013 1134 2066 in
1189 2014 1422 2082 pretium
1474 2029 1570 2082 pro
1614 2014 1787 2065 salute
1837 2015 2059 2066 tradens

472 2117 588 2173 tua,
622 2106 827 2162 redemi
865 2116 936 2170 te,
964 2116 1019 2160 et
1051 2107 1235 2160 vocavi
1271 2116 1321 2160 te
1357 2124 1370 2159 :
1409 2120 1592 2159 verum
1630 2106 1794 2160 etiam
1844 2117 1896 2160 te
1939 2122 2059 2176 pos-

470 2201 769 2257 sessionem
822 2214 994 2253 mcam
1040 2197 1232 2262 effeci;
1288 2199 1360 2251 ita
1412 2206 1469 2253 ut
1520 2208 1571 2252 tu
1622 2198 1752 2251 mihi
1804 2197 2053 2267 populus,

469 2307 571 2361 ego
611 2291 706 2345 tibi
739 2291 878 2344 Deus
899 2303 1094 2343 essem.
1121 2287 1345 2342 Confide
1374 2288 1562 2355 igitur,
1598 2297 1675 2339 tot
1704 2302 1732 2339 a
1761 2301 1844 2340 me
1872 2288 2059 2354 digna-

471 2391 559 2436 tus
590 2382 765 2443 bouis,
815 2391 869 2434 et
899 2397 959 2434 ea
997 2396 1101 2448 qua
1144 2378 1330 2447 jussus
1364 2394 1423 2432 es
1454 2379 1535 2431 via
1575 2380 1801 2431 incede:
1834 2378 2056 2432 ﬁducia-

468 2491 577 2545 que
617 2476 807 2546 plenus
856 2474 1109 2529 omnibus
1161 2488 1258 2542 per
1294 2471 1483 2527 orbem
1524 2472 1777 2540 gentibus
1816 2472 2053 2539 praedica

468 2566 840 2636 evangelicum
869 2578 1200 2619 sermonem.
1228 2560 1488 2627 Quamvis
1516 2560 1659 2613 enim
1696 2559 1836 2629 ignis
1859 2561 2053 2612 ardens

468 2659 732 2728 eruperit,
770 2657 1021 2725 quamvis
1049 2669 1222 2724 aquae,
1257 2653 1510 2721 quamvis
1548 2651 1767 2705 [Iumina
1826 2652 2054 2704 inunda-

470 2748 669 2810 verint,
692 2747 807 2801 lucc
846 2745 978 2799 nihil
1014 2754 1061 2798 te
1090 2744 1305 2805 lanient,
1339 2744 1482 2811 quod
1514 2756 1615 2809 ego
1642 2752 1819 2794 tecum
1854 2740 2054 2807 ubique

466 2842 592 2896 sim.
646 2839 782 2894 Nam
820 2838 949 2892 illud
1005 2838 1123 2891 sine
1171 2836 1457 2891 mendacio
1502 2834 1803 2897 enuntiavi,
1862 2850 1881 2883 ι
1915 2831 2054 2887 Ecce

466 2947 567 3003 ego
590 2932 868 2985 vobiscum
911 2946 1027 2984 sum
1060 2944 1235 2998 usque
1265 2928 1330 2981 ad
1368 2926 1901 2981 consummationem
1944 2940 2050 2979 sa:-

466 3026 573 3082 culi
619 3026 687 3078 ⁷⁸.
717 3044 736 3076 ι

539 3118 703 3172 Vens.
761 3117 815 3173 ’5.
861 3133 879 3166 ι
909 3113 975 3169 Et
1028 3130 1072 3169 sn
1118 3113 1402 3169 transieris
1431 3128 1525 3182 per
1584 3126 1805 3180 aquam,
1870 3120 2047 3165 tecum

2164 2016 2437 2085 σωτηρίας
2487 2016 2547 2067 τὸ
2597 2013 2836 2084 ἐμαυτοῦ
2868 2013 3141 2085 παραδοὺς
3170 2009 3326 2083 αἷμα,
3356 2013 3753 2084 ἐλυτρωσάμην

2162 2124 2221 2159 σε
2249 2108 2342 2159 καὶ
2368 2107 2604 2160 ὲκάλεσά
2649 2124 2706 2160 σε
2729 2124 2742 2136 ’
2780 2105 2915 2159 ἀλλά
2961 2106 3054 2157 καὶ
3093 2105 3282 2174 κτῆμα
3324 2103 3517 2157 ἑαυτοῦ
3554 2104 3752 2173 ὲποιη-

2161 2202 2342 2271 σάμην
2369 2218 2427 2252 σε
2448 2218 2461 2230 ·
2501 2201 2642 2253 ὥστε
2674 2195 2810 2252 εἶναι
2839 2200 2938 2269 μὲν
2964 2217 3021 2251 σε
3043 2200 3173 2267 ἐμὸν
3204 2198 3352 2260 λαὸν,
3389 2197 3531 2267 κάμὲ
3556 2196 3615 2250 δὲ
3649 2196 3751 2250 σοῦ

2157 2292 2322 2346 αὑτοῦ
2354 2293 2507 2347 Θεὸν.
2550 2292 2753 2363 Θάρσει
2780 2290 3094 2363 τοιγαροῦν,
3131 2290 3397 2343 τοσούτων
3432 2292 3560 2359 παρ’
3609 2290 3750 2360 ἐμοῦ

2159 2385 2587 2455 κατηξιωμένος,
2631 2386 2726 2436 καὶ
2771 2384 2951 2453 βάδιζε
2980 2383 3076 2454 τὴν
3117 2382 3233 2436 ὁδὸν
3284 2382 3350 2453 ἣν
3396 2381 3748 2452 ἑκελεύσθης,

2159 2477 2378 2550 θαρσῶν
2417 2494 2475 2529 τε
2520 2478 2759 2547 κήρυττε
2787 2476 2899 2537 τοῖς
2952 2471 3264 2543 ἁπανταχοῦ
3300 2472 3402 2542 γῆς
3445 2470 3623 2522 ἔθνεσι
3653 2467 3749 2522 τὶν)

2157 2570 2512 2639 εὐαγγελικὸν
2566 2568 2742 2636 λόγον.
2776 2566 2896 2619 Κάν
2930 2568 3036 2640 γὰρ
3068 2565 3176 2637 πῦρ
3220 2565 3415 2634 φλέγον
3446 2564 3595 2634 ἐπίῃ,
3638 2562 3746 2616 κᾶν

2158 2661 2345 2728 θδατα,
2376 2660 2482 2715 κᾶν
2518 2660 2753 2731 ποταμοὶ
2805 2657 3167 2722 ἐπικλύζωσιν
3194 2674 3207 2686 ο
3269 2655 3420 2709 οὐδέν
3466 2671 3526 2706 σε
3572 2653 3745 2707 ταῦτα

2154 2753 2407 2825 λυπήσει,
2444 2752 2533 2805 διὰ
2566 2753 2627 2804 τὸ
2667 2753 2767 2821 ἐμὲ
2798 2752 2895 2803 σὺν
2943 2751 3024 2802 σοὶ
3050 2748 3323 2820 πανταχοῦ
3351 2745 3508 2801 εἶναι.
3547 2746 3745 2816 Ἀψευ-

2153 2844 2259 2908 δῶς
2320 2845 2427 2916 γὰρ
2460 2843 2884 2915 ἀπηγγειλάμην
2928 2841 3009 2903 τὸ,
3051 2860 3068 2891 ι
3115 2839 3242 2894 Ἰδοὺ
3287 2841 3396 2909 ἐγὼ
3429 2839 3543 2911 μεθ’
3585 2838 3743 2911 ὑμῶν

2154 2938 2268 3008 εἰμι
2302 2937 2405 3000 ἕως
2428 2937 2523 3007 τῆς
2544 2935 2852 2997 συντελείας
2886 2933 2977 2986 τοῦ
3007 2932 3220 2995 αἰῶνος.
3254 2951 3273 2984 ι

2227 3134 2249 3168 ι
2282 3116 2391 3170 Καὶ
2414 3115 2509 3169 ἐὰν
2541 3114 2821 3186 διαϐαίνῃς
2852 3112 2917 3166 δι’
2944 3114 3153 3179 ὓδατος,
3190 3112 3327 3183 μετά
3354 3111 3446 3164 σοῦ
3478 3112 3613 3180 εἰμι,
3640 3123 3738 3164 και

475 3224 619 3275 sum,
657 3218 711 3263 et
753 3207 976 3261 flumina
1024 3220 1131 3260 non
1171 3204 1422 3274 operient
1472 3215 1523 3257 te
1555 3219 1569 3257 :
1605 3213 1661 3257 et
1686 3203 1730 3257 si
1765 3203 2050 3256 transieris

2161 3208 2390 3278 ποταμοὶ
2434 3207 2493 3259 οὐ
2546 3204 2907 3274 συγκλύσουσί
2958 3222 3015 3257 σε
3043 3220 3056 3234 ο
3112 3204 3207 3257 καὶ
3264 3204 3357 3257 ὲάν
3400 3202 3613 3275 διέλθῃς
3649 3203 3738 3256 διὰ

466 3316 564 3369 per
591 3300 792 3369 ignem,
825 3313 930 3352 non
966 3297 1325 3359 combureris,
1359 3296 1573 3348 flamma
1618 3310 1721 3348 non
1764 3294 2050 3347 comburet

469 3405 555 3460 te;
588 3392 714 3463 quia
761 3408 860 3461 ego
898 3392 1158 3445 Dominus
1207 3390 1347 3444 Deus
1406 3398 1528 3443 tuus
1584 3399 1809 3442 sanctus
1859 3387 2047 3449 Israel,

468 3487 688 3542 salvans
714 3496 784 3539 te.
814 3483 939 3539 Feci
969 3482 1449 3538 commutationem
1482 3491 1630 3535 tuam
1656 3478 1972 3549 Egyptum,
1997 3487 2050 3532 et

466 3576 795 3646 Ethiopiam
822 3584 877 3629 et
913 3577 1145 3645 Syenem
1182 3589 1280 3643 pro
1322 3583 1396 3627 te.
1431 3592 1448 3624 ι
1509 3572 1585 3627 lla
1613 3574 1812 3642 quippe
1846 3574 2049 3638 pretiu-

467 3684 563 3724 sus
613 3669 741 3722 mihi
791 3668 961 3732 fuisti,
1030 3675 1177 3720 tanta
1240 3667 1293 3720 in
1347 3676 1642 3732 conspectu
1702 3678 1822 3717 meo
1877 3663 2047 3730 gloria

465 3762 700 3815 donatus
730 3774 809 3826 es,
834 3768 887 3813 et
914 3773 1085 3827 usque
1106 3757 1243 3812 adeo
1272 3758 1434 3813 dilexi
1471 3770 1543 3821 te,
1579 3766 1635 3810 ut
1659 3756 1803 3810 salus
1844 3755 2044 3818 divina,

466 3867 589 3923 qua:
613 3867 710 3921 per
743 3863 793 3905 te
819 3850 1073 3906 omnibus
1104 3850 1423 3905 hominibus
1450 3860 1602 3918 parta
1635 3857 1753 3911 est,
1783 3862 1954 3914 usque
1980 3848 2045 3901 ad

463 3955 708 4001 extrema
767 3955 925 3997 terra:
985 3943 1321 4014 pertingeret
1361 3960 1374 3996 :
1412 3951 1468 3996 et
1516 3951 1574 3993 ut
1634 3939 1710 3992 illi
1764 3939 2045 3992 hominum

463 4037 988 4107 superstitiosissimi
1050 4036 1294 4108 [Egyptii
1330 4050 1423 4103 per
1458 4044 1508 4086 te
1550 4031 1833 4085 vocatione
1858 4030 2047 4099 digna—

462 4140 676 4187 rentur.
713 4130 818 4185 Per
850 4130 1137 4203 A‘Igyptios
1180 4131 1347 4199 igitur
1384 4126 1795 4194 superstitiosos
1826 4134 1881 4179 et
1925 4123 2043 4178 ido-

462 4222 691 4280 lulatras
733 4238 925 4277 omnes
986 4221 1291 4293 designavit
1325 4238 1338 4273 :
1370 4233 1464 4288 per
1495 4216 1783 4286 Ethiopas
1818 4226 1873 4271 et
1908 4218 2045 4287 Sye-

380 4372 381 4375 η
461 4329 610 4380 nem,
638 4330 733 4369 eos
764 4315 854 4385 qui
882 4302 1127 4371 extrema
1157 4325 1317 4367 terra:
1347 4318 1547 4364 nostra:
1570 4309 1900 4366 incolebant.
1933 4308 2044 4365 Nec

466 4405 826 4472 ignorandum
867 4414 953 4460 est
994 4419 1117 4460 esse
1175 4402 1464 4472 quamdam
1512 4400 1859 4454 Sabaitarum
1906 4417 2041 4471 gen-

460 4505 592 4558 tem,
647 4496 788 4552 unde
833 4495 1142 4551 Salomonis
1188 4504 1431 4562 tempore
1485 4493 1671 4563 regina
1726 4492 1871 4547 Saba
1926 4509 2043 4563 pro-

458 4588 604 4645 fecta
636 4598 741 4645 est.

530 4769 695 4823 Vens.
742 4769 799 4836 4,
856 4770 910 4825 5.
970 4789 987 4820 ι
1018 4782 1093 4823 ω
1139 4782 1245 4834 quo
1292 4765 1629 4821 honorabilis
1666 4766 1844 4823 factus
1880 4782 1936 4822 es
1987 4768 2038 4822 in

457 4872 750 4929 conspectu
782 4876 922 4927 meo,
954 4859 1285 4929 glorificatus
1327 4872 1407 4922 es,
1438 4866 1493 4912 et
1524 4872 1626 4925 ego
1664 4858 1825 4911 dilexi
1853 4868 1904 4912 te
1936 4876 1950 4913 :
1986 4868 2040 4913 et

455 4951 598 5008 dabo
629 4953 878 5006 homines
909 4967 1006 5020 pro
1035 4959 1110 5013 te,
1135 4958 1192 5003 et
1223 4948 1494 5017 principes
1549 4964 1646 5017 pro
1695 4950 1871 5019 capite
1922 4960 2033 5004 tuo.

456 5040 538 5096 Ne
564 5044 778 5104 timeas,
811 5040 1066 5109 quoniam
1101 5048 1277 5091 tecum
1308 5054 1447 5093 sum.
1482 5040 1561 5093 Ab
1594 5040 1810 5095 oriente
1836 5041 2033 5095 ducam

452 5150 641 5191 semen
705 5145 876 5195 tuum,
936 5141 991 5185 et
1040 5130 1109 5183 ab
1157 5131 1443 5185 occidente
1499 5134 1846 5203 congregabo
1906 5142 1973 5185 te.
2013 5152 2032 5185 ι

455 5224 651 5283 Multos
702 5226 839 5279 filius
889 5241 918 5277 ιι
977 5239 1062 5275 me
1107 5223 1406 5277 secundum
1462 5222 1630 5279 Deum
1696 5225 1933 5295 genitos,
1982 5226 2034 5279 iu

454 5319 662 5374 calesti
723 5332 837 5368 mea
883 5316 1105 5368 civitate
1166 5317 1556 5385 congregabo,
1629 5316 1885 5386 ipsosque
1942 5330 2027 5385 per

452 5424 638 5464 aerem
672 5405 929 5460 sublimes
961 5422 1144 5474 agam,
1180 5408 1335 5474 quasi
1372 5408 1621 5463 volucres
1654 5408 1851 5465 ventis.
1883 5409 2033 5463 vide-

454 5500 582 5557 licet
620 5497 881 5565 augelicis
903 5498 1582 5567 virtutibussustentatas.

522 5666 569 5697 ⁷⁵
599 5662 788 5717 Matth.
824 5679 1011 5723 xxvm,
1041 5663 1135 5717 ‘20.

2157 3301 2347 3371 πυρὸς,
2379 3300 2437 3353 ού
2478 3299 2553 3370 μὴ
2593 3298 2965 3369 κατακαυθῇς,
3003 3296 3133 3365 φλὸξ
3154 3298 3213 3349 οὐ
3263 3296 3596 3351 κατακαύσει
3632 3312 3693 3348 σε

2151 3391 2234 3444 ὅτι
2264 3388 2373 3458 ἐγὼ
2405 3388 2609 3458 Κύριος
2642 3390 2669 3440 6
2695 3387 2825 3451 Θεός
2856 3404 2948 3440 σου
2981 3390 3008 3442 6
3033 3389 3187 3457 ἆγιος
3216 3386 3454 3457 Ἰσραὴλ,
3480 3388 3507 3439 6
3542 3384 3735 3449 sibi:th

2153 3502 2234 3538 σε.
2286 3483 2550 3553 Ἐποίησα
2582 3482 2837 3552 ἄλλαγμά
2877 3498 2970 3534 σου
3009 3481 3282 3548 Αἴγυπτον
3324 3480 3414 3532 καὶ
3448 3476 3736 3531 Αἰθιοπίαν

2151 3575 2245 3630 καὶ
2261 3576 2467 3646 Σοήνην
2495 3574 2605 3644 (58)
2632 3574 2772 3644 ὑπὲρ
2798 3574 2911 3627 σοῦ.
2928 3593 2943 3624 ι
2971 3572 3126 3626 Οὕτω
3152 3571 3260 3642 γάρ
3279 3570 3408 3641 παρ’
3430 3570 3552 3639 ἐμοὶ
3573 3568 3733 3636 γέγο-

2149 3684 2245 3730 νας
2270 3666 2470 3737 τίμιος,
2520 3666 2615 3719 καὶ
2653 3664 2824 3728 οὓτως
2872 3665 3112 3717 ἐναντίον
3148 3681 3248 3734 μου
3294 3660 3603 3731 ὲδοξάσθης,
3640 3660 3734 3714 καὶ

2148 3760 2319 3825 οὕτως
2348 3760 2613 3830 ἠγάπησά
2648 3777 2727 3821 σε,
2760 3760 2833 3823 ὡς
2856 3759 2948 3812 καὶ
2985 3758 3143 3830 μέχρι
3178 3757 3284 3810 τῶν
3328 3756 3593 3829 ὲσχατιῶν
3625 3755 3735 3825 γῆς

2151 3851 2355 3921 φθάσαι
2377 3850 2476 3923 τὴν
2497 3851 2584 3904 διὰ
2622 3849 2715 3903 σοῦ
2743 3852 2907 3903 πᾶσιν
2940 3848 3248 3919 ἀνθρώποις
3298 3844 3732 3919 προξενουμένην

2149 3945 2291 3998 κατὰ
2323 3943 2456 3997 Θεὸν
2497 3942 2800 4013 σωτηρίανο
2859 3942 2949 3994 καὶ
2998 3940 3072 4002 ὡς
3125 3939 3321 4001 αὐτοὺς
3361 3937 3469 3989 τῶν
3512 3936 3731 3989 πάντων

2147 4034 2451 4107 ἀνθρώπων
2478 4032 3072 4103 δεισιδαιμονεστάτους
3116 4029 3444 4097 Αἰγυπτίους
3496 4028 3593 4097 τῆς
3641 4026 3733 4080 διὰ

2150 4125 2243 4178 σοῦ
2278 4126 2521 4195 κλήσεως
2551 4122 2975 4190 καταξιωθῆναι.
3027 4121 3124 4173 Διά
3163 4121 3261 4190 μὲν
3300 4115 3393 4173 οὖν
3429 4117 3536 4171 τῶν
3566 4117 3731 4184 Αἰγυ-

2149 4219 2321 4271 πτίων
2368 4219 2576 4280 πάντας
2602 4216 2821 4287 ᾐνίξατο
2853 4215 2979 4277 τοὺς
3022 4214 3419 4283 δεισιδαίμονας
3450 4212 3544 4264 καὶ
3574 4210 3729 4263 siam-

2145 4308 2429 4380 λολάτρας,
2461 4307 2549 4360 διὰ
2591 4307 2647 4359 δὲ
2680 4306 2778 4377 τῆς
2808 4304 3095 4367 Αἰθιοπίας
3125 4304 3219 4356 καὶ
3256 4304 3445 4373 Σοῖνης
3476 4302 3601 4362 τοὺς
3632 4299 3728 4368 μὲ-

2146 4419 2237 4473 χρι
2266 4401 2373 4455 τῶν
2400 4400 2668 4470 saxa—ctth
2701 4400 2799 4469 τῆς
2836 4397 2960 4450 καθ’
2990 4398 3136 4467 ἡμᾶς
3163 4394 3487 4465 οἰκουμένης
3516 4391 3728 4465 οἰκοῦν-

2146 4511 2263 4556 τας.
2310 4491 2527 4555 Ἰστέον,
2564 4491 2639 4554 ὡς
2688 4490 2804 4542 ἔστι
2852 4488 3132 4542 Σαϐαῖτῶν
3186 4487 3355 4548 ἔθνος,
3402 4484 3522 4538 ὅθεν
3573 4482 3727 4553 βασί-

2075 4586 2119 4641 ι)
2148 4585 2308 4639 λισσα
2340 4585 2488 4639 Σαϐὰ
2543 4584 2805 4655 ἐπεδήμει
2854 4582 2993 4636 κατά
3035 4582 3162 4645 τοὺς
3211 4578 3553 4650 Σολομῶντος
3598 4577 3729 4649 χρὸ-

2147 4694 2291 4739 νους.

2224 4785 2241 4817 ι
2292 4765 2407 4833 Ἀφ’
2434 4760 2494 4819 οὗ
2512 4763 2725 4834 ἔντιμος
2747 4766 2931 4833 ἐγένου
2955 4760 3191 4815 ἐναντίον
3224 4758 3381 4829 ἐμοῦ,
3412 4754 3724 4826 ὲδοξάσθης,

2146 4860 2238 4912 καὶ
2282 4857 2393 4927 ἐγώ
2429 4874 2486 4909 σε
2536 4857 2820 4927 ἠγάπησα.
2859 4856 2967 4908 Καὶ
3012 4852 3167 4906 δώσω
3213 4850 3529 4920 ἀνθρώπους
3584 4849 3727 4919 ὑπὲρ

2146 4950 2263 5015 σοῦ,
2300 4952 2393 5003 καὶ
2415 4951 2679 5021 ἄρχοντας
2716 4949 2857 5019 ὑπὲρ
2880 4948 2976 5018 τῆς
3002 4944 3239 5015 κεφαλῆς
3264 4960 3379 4996 σου.
3416 4943 3504 5013 Μὴ
3530 4940 3723 5009 φοϐοῦ,

2145 5044 2226 5096 ὅτι
2269 5044 2406 5113 μετὰ
2448 5040 2542 5095 σοῦ
2587 5043 2723 5112 εἰμι.
2773 5041 2890 5093 Ἀπ’
2938 5038 3211 5092 ἀνατολῶν
3254 5036 3366 5099 ἄξω
3405 5033 3464 5087 τὸ
3504 5032 3728 5105 σπέρμα

2146 5152 2261 5199 σου,
2287 5135 2379 5188 καὶ
2408 5134 2517 5188 ἀπὸ
2545 5133 2763 5202 δυσμῶν
2792 5129 3002 5194 συνάξω
3030 5146 3108 5181 σε.
3151 5148 3168 5180 ›
3195 5125 3371 5180 Πολλά
3394 5125 3559 5177 τέκνα
3585 5123 3728 5177 κατά

2145 5226 2279 5279 Θεὸν
2301 5228 2566 5295 γεννήσας
2596 5222 2807 5288 συνάξω
2836 5224 2915 5286 εἰς
2938 5222 3033 5291 τὴν
3066 5217 3382 5292 ἐπουράνιον
3418 5233 3519 5287 μου
3547 5215 3723 5277 πόλιν,

2148 5318 2455 5390 μετεώρους
2481 5318 2676 5379 αὐτοὺς
2701 5313 2981 5369 ἀναλαϐὼν
3004 5314 3069 5367 δι’
3086 5314 3246 5383 ἀέρος
3268 5312 3455 5380 ὥσπερ
3486 5309 3725 5379 πτηνοὺς

2143 5410 2365 5480 ἀνέμοις
2387 5408 2906 5477 ύποκουφιςόμενος,
2943 5404 3085 5473 λέγω
3117 5404 3181 5476 δὴ
3213 5402 3527 5471 ἀγγελικαίς
3574 5399 3711 5455 δυνά

2145 5521 2210 5573 με
2220 5521 2320 5556 σιν.

524 5827 637 5900 (38)
659 5827 836 5900 Syene
860 5826 989 5900 urbs
1005 5829 1069 5879 ad
1097 5837 1338 5900 extrema
1365 5820 1583 5900 Egypti
1610 5821 1802 5889 posita,
1830 5821 2209 5893 Συήνη,Σοήνη
2268 5829 2320 5876 et
2368 5819 2526 5891 Σοῖνη
2562 5818 2761 5875 dicitur
2790 5816 2941 5887 apud
2992 5813 3280 5887 Origenem
3303 5854 3317 5879 ,
3359 5814 3718 5873 Atnanasiut'i

452 5911 504 5954 et
533 5896 709 5964 alios,
731 5908 789 5952 ut
816 5899 867 5952 iu
900 5898 1183 5951 Athanasii
1217 5896 1365 5952 edito
1399 5896 1726 5948 monuimus.
