  <div class='ocr_page' id='page_1' title='image "/cluster/home/n/w/nwhite01/storage/ocr_20150623/24/hvd.32044019207729/204.png"; bbox 0 0 3984 6520; ppageno 0'>
   <div class='ocr_carea' id='block_1_1' title="bbox 248 500 357 556">
    <p class='ocr_par' dir='ltr' id='par_1_1' title="bbox 248 500 357 556">
     <span class='ocr_line' id='line_1_1' title="bbox 248 500 357 556; baseline 0.009 -3"><span class='ocrx_word' id='word_1_1' title='bbox 248 500 357 556; x_wconf 82' lang='grc'>597</span> 
     </span>
    </p>
   </div>
   <div class='ocr_carea' id='block_1_2' title="bbox 1178 495 2619 557">
    <p class='ocr_par' dir='ltr' id='par_1_2' title="bbox 1178 495 2619 557">
     <span class='ocr_line' id='line_1_2' title="bbox 1178 495 2619 557; baseline -0.003 0"><span class='ocrx_word' id='word_1_2' title='bbox 1178 500 1682 557; x_wconf 78' lang='lat' dir='ltr'><strong>COMMENTARIA</strong></span> <span class='ocrx_word' id='word_1_3' title='bbox 1724 501 1791 557; x_wconf 86' lang='lat' dir='ltr'><strong>IN</strong></span> <span class='ocrx_word' id='word_1_4' title='bbox 1832 498 2092 554; x_wconf 69' lang='lat' dir='ltr'><strong>ISAIAM.</strong></span> <span class='ocrx_word' id='word_1_5' title='bbox 2135 528 2199 537; x_wconf 90' lang='lat'><strong>-——</strong></span> <span class='ocrx_word' id='word_1_6' title='bbox 2238 496 2393 554; x_wconf 79' lang='lat' dir='ltr'><strong>CAP.</strong></span> <span class='ocrx_word' id='word_1_7' title='bbox 2434 495 2619 552; x_wconf 74' lang='lat' dir='ltr'><strong>XLIII.</strong></span> 
     </span>
    </p>
   </div>
   <div class='ocr_carea' id='block_1_3' title="bbox 3417 497 3523 557">
    <p class='ocr_par' dir='ltr' id='par_1_3' title="bbox 3417 497 3523 557">
     <span class='ocr_line' id='line_1_3' title="bbox 3417 497 3523 557; baseline 0.047 -5"><span class='ocrx_word' id='word_1_8' title='bbox 3417 497 3523 557; x_wconf 80' lang='grc'><strong>’598</strong></span> 
     </span>
    </p>
   </div>
   <div class='ocr_carea' id='block_1_4' title="bbox 335 611 1850 690">
    <p class='ocr_par' dir='ltr' id='par_1_4' title="bbox 335 615 1840 690">
     <span class='ocr_line' id='line_1_4' title="bbox 335 615 1840 690; baseline 0 -19"><span class='ocrx_word' id='word_1_9' title='bbox 335 640 351 670; x_wconf 79' lang='grc' dir='ltr'><strong>ι</strong></span> <span class='ocrx_word' id='word_1_10' title='bbox 401 615 549 690; x_wconf 78' lang='grc' dir='ltr'>Ἐρῶ</span> <span class='ocrx_word' id='word_1_11' title='bbox 590 616 670 688; x_wconf 82' lang='grc' dir='ltr'><strong>τῷ</strong></span> <span class='ocrx_word' id='word_1_12' title='bbox 704 616 898 690; x_wconf 78' lang='grc' dir='ltr'>βορῤᾷ,</span> <span class='ocrx_word' id='word_1_13' title='bbox 937 620 1089 688; x_wconf 83' lang='grc' dir='ltr'>Ἀγε,</span> <span class='ocrx_word' id='word_1_14' title='bbox 1138 620 1232 672; x_wconf 76' lang='grc' dir='ltr'>καὶ</span> <span class='ocrx_word' id='word_1_15' title='bbox 1282 619 1359 690; x_wconf 80' lang='grc' dir='ltr'>τῷ</span> <span class='ocrx_word' id='word_1_16' title='bbox 1396 620 1530 683; x_wconf 79' lang='grc' dir='ltr'>λιῦὶ,</span> <span class='ocrx_word' id='word_1_17' title='bbox 1566 621 1722 686; x_wconf 80' lang='grc' dir='ltr'>Ἀγε,</span> <span class='ocrx_word' id='word_1_18' title='bbox 1766 619 1840 690; x_wconf 78' lang='grc' dir='ltr'><strong>μή</strong></span> 
     </span>
    </p>
   </div>
   <div class='ocr_carea' id='block_1_5' title="bbox 1961 611 3523 690">
    <p class='ocr_par' dir='ltr' id='par_1_5' title="bbox 2020 611 3523 683">
     <span class='ocr_line' id='line_1_5' title="bbox 2020 611 3523 683; baseline -0.004 -14"><span class='ocrx_word' id='word_1_19' title='bbox 2020 615 2187 669; x_wconf 69' lang='lat' dir='ltr'><strong>Vens.</strong></span> <span class='ocrx_word' id='word_1_20' title='bbox 2231 616 2285 668; x_wconf 85' lang='lat'>6.</span> <span class='ocrx_word' id='word_1_21' title='bbox 2335 633 2353 664; x_wconf 91' lang='grc'><strong>‹</strong></span> <span class='ocrx_word' id='word_1_22' title='bbox 2383 613 2563 668; x_wconf 99' lang='lat' dir='ltr'><strong>Dicam</strong></span> <span class='ocrx_word' id='word_1_23' title='bbox 2600 612 2859 683; x_wconf 87' lang='lat' dir='ltr'><strong>aquiloni,</strong></span> <span class='ocrx_word' id='word_1_24' title='bbox 2893 611 3036 681; x_wconf 69' lang='lat' dir='ltr'><strong>Age;</strong></span> <span class='ocrx_word' id='word_1_25' title='bbox 3068 621 3121 667; x_wconf 91' lang='lat' dir='ltr'><strong>et</strong></span> <span class='ocrx_word' id='word_1_26' title='bbox 3152 620 3361 676; x_wconf 86' lang='lat' dir='ltr'><strong>austro,</strong></span> <span class='ocrx_word' id='word_1_27' title='bbox 3390 612 3523 681; x_wconf 78' lang='lat' dir='ltr'><strong>Age,</strong></span> 
     </span>
    </p>
   </div>
   <div class='ocr_carea' id='block_1_6' title="bbox 246 708 1841 782">
    <p class='ocr_par' dir='ltr' id='par_1_6' title="bbox 246 708 1841 782">
     <span class='ocr_line' id='line_1_6' title="bbox 246 708 1841 782; baseline -0.003 -17"><span class='ocrx_word' id='word_1_28' title='bbox 246 708 429 765; x_wconf 78' lang='grc' dir='ltr'>κὼλυε</span> <span class='ocrx_word' id='word_1_29' title='bbox 451 726 466 739; x_wconf 69' lang='grc'><strong><em>⁸</em></strong></span> <span class='ocrx_word' id='word_1_30' title='bbox 496 709 596 778; x_wconf 81' lang='grc' dir='ltr'>ἄγε</span> <span class='ocrx_word' id='word_1_31' title='bbox 624 711 751 774; x_wconf 79' lang='grc' dir='ltr'>τοὺς</span> <span class='ocrx_word' id='word_1_32' title='bbox 791 710 937 774; x_wconf 77' lang='grc' dir='ltr'>υἱούς</span> <span class='ocrx_word' id='word_1_33' title='bbox 967 728 1069 781; x_wconf 92' lang='grc' dir='ltr'><strong>μου</strong></span> <span class='ocrx_word' id='word_1_34' title='bbox 1105 710 1214 764; x_wconf 83' lang='grc' dir='ltr'>ἀπὸ</span> <span class='ocrx_word' id='word_1_35' title='bbox 1252 712 1352 782; x_wconf 85' lang='grc' dir='ltr'>τῆς</span> <span class='ocrx_word' id='word_1_36' title='bbox 1396 711 1699 782; x_wconf 69' lang='grc' dir='ltr'>πόρρωθεν,</span> <span class='ocrx_word' id='word_1_37' title='bbox 1751 709 1841 763; x_wconf 78' lang='grc' dir='ltr'>καὶ</span> 
     </span>
    </p>
   </div>
   <div class='ocr_carea' id='block_1_7' title="bbox 246 799 1835 873">
    <p class='ocr_par' dir='ltr' id='par_1_7' title="bbox 246 799 1835 873">
     <span class='ocr_line' id='line_1_7' title="bbox 246 799 1835 873; baseline -0.001 -19"><span class='ocrx_word' id='word_1_38' title='bbox 246 802 353 864; x_wconf 75' lang='grc' dir='ltr'><strong>τὰς</strong></span> <span class='ocrx_word' id='word_1_39' title='bbox 385 799 696 871; x_wconf 85' lang='grc' dir='ltr'>θυγατέρας</span> <span class='ocrx_word' id='word_1_40' title='bbox 729 818 831 872; x_wconf 88' lang='grc' dir='ltr'><strong>μου</strong></span> <span class='ocrx_word' id='word_1_41' title='bbox 868 804 961 856; x_wconf 79' lang='grc' dir='ltr'><strong>ἀπ’</strong></span> <span class='ocrx_word' id='word_1_42' title='bbox 992 802 1177 873; x_wconf 80' lang='grc' dir='ltr'>ἄκρων</span> <span class='ocrx_word' id='word_1_43' title='bbox 1204 802 1307 873; x_wconf 78' lang='grc' dir='ltr'>τῆς</span> <span class='ocrx_word' id='word_1_44' title='bbox 1335 802 1459 872; x_wconf 81' lang='grc' dir='ltr'>γῆς.</span> <span class='ocrx_word' id='word_1_45' title='bbox 1488 822 1506 853; x_wconf 74' lang='grc' dir='ltr'><strong>ι</strong></span> <span class='ocrx_word' id='word_1_46' title='bbox 1551 801 1692 870; x_wconf 83' lang='grc' dir='ltr'><strong>Ἐγὼ</strong></span> <span class='ocrx_word' id='word_1_47' title='bbox 1726 802 1835 872; x_wconf 88' lang='grc' dir='ltr'><strong>γάρ</strong></span> 
     </span>
    </p>
   </div>
   <div class='ocr_carea' id='block_1_8' title="bbox 245 891 1848 964">
    <p class='ocr_par' dir='ltr' id='par_1_8' title="bbox 245 891 1848 964">
     <span class='ocr_line' id='line_1_8' title="bbox 245 891 1848 964; baseline -0.001 -18"><span class='ocrx_word' id='word_1_48' title='bbox 245 894 372 955; x_wconf 83' lang='grc' dir='ltr'>ταῖς</span> <span class='ocrx_word' id='word_1_49' title='bbox 399 891 723 960; x_wconf 80' lang='grc' dir='ltr'>ἀγγελικαῖς</span> <span class='ocrx_word' id='word_1_50' title='bbox 758 893 1020 964; x_wconf 83' lang='grc' dir='ltr'>δυνάμεσι</span> <span class='ocrx_word' id='word_1_51' title='bbox 1058 893 1215 947; x_wconf 89' lang='grc' dir='ltr'>τοῦτο</span> <span class='ocrx_word' id='word_1_52' title='bbox 1238 897 1410 947; x_wconf 85' lang='grc' dir='ltr'>ποιεῖν</span> <span class='ocrx_word' id='word_1_53' title='bbox 1434 893 1737 964; x_wconf 83' lang='grc' dir='ltr'>προστάξω,</span> <span class='ocrx_word' id='word_1_54' title='bbox 1761 893 1848 946; x_wconf 85' lang='grc' dir='ltr'><strong>διά</strong></span> 
     </span>
    </p>
   </div>
   <div class='ocr_carea' id='block_1_9' title="bbox 244 978 1849 1059">
    <p class='ocr_par' dir='ltr' id='par_1_9' title="bbox 244 978 1849 1059">
     <span class='ocr_line' id='line_1_9' title="bbox 244 978 1849 1059; baseline 0.002 -22"><span class='ocrx_word' id='word_1_55' title='bbox 244 984 314 1037; x_wconf 81' lang='grc' dir='ltr'>τὸ</span> <span class='ocrx_word' id='word_1_56' title='bbox 344 984 517 1055; x_wconf 71' lang='grc' dir='ltr'>ἐμοὺς</span> <span class='ocrx_word' id='word_1_57' title='bbox 551 978 693 1037; x_wconf 83' lang='grc' dir='ltr'>εἶναι</span> <span class='ocrx_word' id='word_1_58' title='bbox 715 986 867 1049; x_wconf 81' lang='grc' dir='ltr'>υἱοὺς</span> <span class='ocrx_word' id='word_1_59' title='bbox 907 987 1001 1040; x_wconf 77' lang='grc' dir='ltr'>καὶ</span> <span class='ocrx_word' id='word_1_60' title='bbox 1036 985 1343 1059; x_wconf 81' lang='grc' dir='ltr'><strong>θυγατέρας</strong></span> <span class='ocrx_word' id='word_1_61' title='bbox 1389 986 1530 1056; x_wconf 78' lang='grc' dir='ltr'>ὲμάς</span> <span class='ocrx_word' id='word_1_62' title='bbox 1577 985 1645 1038; x_wconf 84' lang='grc' dir='ltr'><strong>δι’</strong></span> <span class='ocrx_word' id='word_1_63' title='bbox 1696 986 1849 1055; x_wconf 82' lang='grc' dir='ltr'>ὑμῶν</span> 
     </span>
    </p>
   </div>
   <div class='ocr_carea' id='block_1_10' title="bbox 250 1076 1846 1150">
    <p class='ocr_par' dir='ltr' id='par_1_10' title="bbox 250 1076 1846 1150">
     <span class='ocr_line' id='line_1_10' title="bbox 250 1076 1846 1150; baseline 0 -21"><span class='ocrx_word' id='word_1_64' title='bbox 250 1076 571 1147; x_wconf 79' lang='grc' dir='ltr'>σπαρέντας</span> <span class='ocrx_word' id='word_1_65' title='bbox 601 1078 696 1130; x_wconf 77' lang='grc' dir='ltr'>καὶ</span> <span class='ocrx_word' id='word_1_66' title='bbox 723 1078 1181 1149; x_wconf 84' lang='grc' dir='ltr'>άναγεννηθέντας</span> <span class='ocrx_word' id='word_1_67' title='bbox 1200 1079 1257 1133; x_wconf 83' lang='grc' dir='ltr'>ὲν</span> <span class='ocrx_word' id='word_1_68' title='bbox 1279 1081 1345 1150; x_wconf 80' lang='grc' dir='ltr'>τῇ</span> <span class='ocrx_word' id='word_1_69' title='bbox 1378 1080 1484 1149; x_wconf 80' lang='grc' dir='ltr'>ἐμῇ</span> <span class='ocrx_word' id='word_1_70' title='bbox 1527 1076 1846 1149; x_wconf 73' lang='grc' dir='ltr'>Ἐκκλησία.</span> 
     </span>
    </p>
   </div>
   <div class='ocr_carea' id='block_1_11' title="bbox 333 1152 1844 1240">
    <p class='ocr_par' dir='ltr' id='par_1_11' title="bbox 333 1152 1844 1240">
     <span class='ocr_line' id='line_1_11' title="bbox 333 1152 1844 1240; baseline 0.001 -21"><span class='ocrx_word' id='word_1_71' title='bbox 333 1186 352 1219; x_wconf 74' lang='grc' dir='ltr'><strong>ι</strong></span> <span class='ocrx_word' id='word_1_72' title='bbox 386 1167 609 1230; x_wconf 83' lang='grc' dir='ltr'>Πάντας</span> <span class='ocrx_word' id='word_1_73' title='bbox 661 1168 776 1222; x_wconf 77' lang='grc' dir='ltr'>ὅσοι</span> <span class='ocrx_word' id='word_1_74' title='bbox 829 1168 1215 1240; x_wconf 81' lang='grc' dir='ltr'>ὲπικέκληνται</span> <span class='ocrx_word' id='word_1_75' title='bbox 1260 1168 1337 1239; x_wconf 82' lang='grc' dir='ltr'>τῷ</span> <span class='ocrx_word' id='word_1_76' title='bbox 1385 1168 1607 1239; x_wconf 83' lang='grc' dir='ltr'>ὀνόματί</span> <span class='ocrx_word' id='word_1_77' title='bbox 1667 1152 1844 1239; x_wconf 69' lang='grc' dir='ltr'>μου.’›</span> 
     </span>
    </p>
   </div>
   <div class='ocr_carea' id='block_1_12' title="bbox 247 1257 1851 1330">
    <p class='ocr_par' dir='ltr' id='par_1_12' title="bbox 247 1257 1851 1330">
     <span class='ocr_line' id='line_1_12' title="bbox 247 1257 1851 1330; baseline 0 -19"><span class='ocrx_word' id='word_1_78' title='bbox 247 1258 433 1312; x_wconf 83' lang='grc' dir='ltr'><strong>Πόθεν</strong></span> <span class='ocrx_word' id='word_1_79' title='bbox 467 1258 523 1312; x_wconf 86' lang='grc' dir='ltr'>δὲ</span> <span class='ocrx_word' id='word_1_80' title='bbox 554 1257 777 1312; x_wconf 80' lang='grc' dir='ltr'>ἄλλοθεν</span> <span class='ocrx_word' id='word_1_81' title='bbox 804 1258 1012 1330; x_wconf 80' lang='grc' dir='ltr'><strong>ὑπέστη</strong></span> <span class='ocrx_word' id='word_1_82' title='bbox 1048 1258 1107 1311; x_wconf 86' lang='grc' dir='ltr'><strong>τὺ</strong></span> <span class='ocrx_word' id='word_1_83' title='bbox 1150 1258 1493 1330; x_wconf 77' lang='grc' dir='ltr'><strong>Χριστιανῶν</strong></span> <span class='ocrx_word' id='word_1_84' title='bbox 1524 1258 1693 1329; x_wconf 75' lang='grc' dir='ltr'>ὄνομα</span> <span class='ocrx_word' id='word_1_85' title='bbox 1721 1258 1754 1329; x_wconf 80' lang='grc' dir='ltr'><strong>ἢ</strong></span> <span class='ocrx_word' id='word_1_86' title='bbox 1784 1260 1851 1311; x_wconf 86' lang='grc' dir='ltr'>ὲκ</span> 
     </span>
    </p>
   </div>
   <div class='ocr_carea' id='block_1_13' title="bbox 248 1345 1850 1422">
    <p class='ocr_par' dir='ltr' id='par_1_13' title="bbox 248 1345 1850 1422">
     <span class='ocr_line' id='line_1_13' title="bbox 248 1345 1850 1422; baseline -0.002 -19"><span class='ocrx_word' id='word_1_87' title='bbox 248 1352 355 1422; x_wconf 82' lang='grc' dir='ltr'><strong>τῆς</strong></span> <span class='ocrx_word' id='word_1_88' title='bbox 387 1349 486 1404; x_wconf 89' lang='grc' dir='ltr'><strong>τοῦ</strong></span> <span class='ocrx_word' id='word_1_89' title='bbox 517 1350 753 1422; x_wconf 82' lang='grc' dir='ltr'><strong>Χριστοῦ</strong></span> <span class='ocrx_word' id='word_1_90' title='bbox 783 1350 1189 1422; x_wconf 83' lang='grc' dir='ltr'>προσηγορίας;</span> <span class='ocrx_word' id='word_1_91' title='bbox 1226 1349 1385 1413; x_wconf 80' lang='grc' dir='ltr'>αὐτὸς</span> <span class='ocrx_word' id='word_1_92' title='bbox 1409 1349 1466 1402; x_wconf 86' lang='grc' dir='ltr'>δὲ</span> <span class='ocrx_word' id='word_1_93' title='bbox 1494 1345 1562 1419; x_wconf 80' lang='grc' dir='ltr'>ἦν</span> <span class='ocrx_word' id='word_1_94' title='bbox 1588 1352 1616 1403; x_wconf 99' lang='lat'><strong>6</strong></span> <span class='ocrx_word' id='word_1_95' title='bbox 1638 1348 1726 1402; x_wconf 79' lang='grc' dir='ltr'>διὰ.</span> <span class='ocrx_word' id='word_1_96' title='bbox 1756 1346 1850 1401; x_wconf 83' lang='grc' dir='ltr'><strong>τοῦ</strong></span> 
     </span>
    </p>
   </div>
   <div class='ocr_carea' id='block_1_14' title="bbox 247 1438 1850 1512">
    <p class='ocr_par' dir='ltr' id='par_1_14' title="bbox 247 1438 1850 1512">
     <span class='ocr_line' id='line_1_14' title="bbox 247 1438 1850 1512; baseline 0 -19"><span class='ocrx_word' id='word_1_97' title='bbox 247 1440 545 1512; x_wconf 81' lang='grc' dir='ltr'><strong>προφήτου</strong></span> <span class='ocrx_word' id='word_1_98' title='bbox 574 1438 746 1493; x_wconf 88' lang='grc' dir='ltr'>ταῦτα</span> <span class='ocrx_word' id='word_1_99' title='bbox 784 1439 1075 1505; x_wconf 77' lang='grc' dir='ltr'>θεσπίζων.</span> <span class='ocrx_word' id='word_1_100' title='bbox 1124 1459 1141 1491; x_wconf 78' lang='lat' dir='ltr'><strong>t</strong></span> <span class='ocrx_word' id='word_1_101' title='bbox 1183 1440 1272 1493; x_wconf 82' lang='grc' dir='ltr'>Ἐν</span> <span class='ocrx_word' id='word_1_102' title='bbox 1302 1440 1408 1512; x_wconf 81' lang='grc' dir='ltr'><strong>γάρ</strong></span> <span class='ocrx_word' id='word_1_103' title='bbox 1456 1442 1521 1511; x_wconf 80' lang='grc' dir='ltr'><strong>τῇ</strong></span> <span class='ocrx_word' id='word_1_104' title='bbox 1566 1440 1695 1511; x_wconf 80' lang='grc' dir='ltr'>δόξῃ</span> <span class='ocrx_word' id='word_1_105' title='bbox 1749 1457 1850 1511; x_wconf 80' lang='grc' dir='ltr'><strong>μου</strong></span> 
     </span>
    </p>
   </div>
   <div class='ocr_carea' id='block_1_15' title="bbox 249 1530 1851 1602">
    <p class='ocr_par' dir='ltr' id='par_1_15' title="bbox 249 1530 1851 1602">
     <span class='ocr_line' id='line_1_15' title="bbox 249 1530 1851 1602; baseline -0.001 -15"><span class='ocrx_word' id='word_1_106' title='bbox 249 1532 645 1587; x_wconf 78' lang='grc' dir='ltr'><strong>κατεσκεύασα</strong></span> <span class='ocrx_word' id='word_1_107' title='bbox 683 1531 865 1596; x_wconf 76' lang='grc' dir='ltr'>αὑτὸν,</span> <span class='ocrx_word' id='word_1_108' title='bbox 895 1532 989 1585; x_wconf 73' lang='grc' dir='ltr'>καὶ</span> <span class='ocrx_word' id='word_1_109' title='bbox 1040 1530 1249 1584; x_wconf 77' lang='grc' dir='ltr'>ἒπλασα</span> <span class='ocrx_word' id='word_1_110' title='bbox 1283 1530 1465 1595; x_wconf 82' lang='grc' dir='ltr'>αὑτὸν,</span> <span class='ocrx_word' id='word_1_111' title='bbox 1497 1532 1591 1584; x_wconf 83' lang='grc' dir='ltr'>καὶ</span> <span class='ocrx_word' id='word_1_112' title='bbox 1623 1531 1851 1602; x_wconf 81' lang='grc' dir='ltr'>ἐποίησα</span> 
     </span>
    </p>
   </div>
   <div class='ocr_carea' id='block_1_16' title="bbox 251 1623 1355 1693">
    <p class='ocr_par' dir='ltr' id='par_1_16' title="bbox 251 1623 1355 1693">
     <span class='ocr_line' id='line_1_16' title="bbox 251 1623 1355 1693; baseline -0.001 -16"><span class='ocrx_word' id='word_1_113' title='bbox 251 1623 446 1687; x_wconf 76' lang='grc' dir='ltr'>αὐτὸν,</span> <span class='ocrx_word' id='word_1_114' title='bbox 491 1623 765 1678; x_wconf 72' lang='grc' dir='ltr'>ἄπλαστον</span> <span class='ocrx_word' id='word_1_115' title='bbox 812 1623 941 1677; x_wconf 75' lang='grc' dir='ltr'>ὄντα</span> <span class='ocrx_word' id='word_1_116' title='bbox 973 1625 1086 1687; x_wconf 89' lang='grc' dir='ltr'>τοῖς</span> <span class='ocrx_word' id='word_1_117' title='bbox 1114 1623 1355 1693; x_wconf 83' lang='grc' dir='ltr'>τρόποις.</span> 
     </span>
    </p>
   </div>
   <div class='ocr_carea' id='block_1_17' title="bbox 334 1714 1849 1787">
    <p class='ocr_par' dir='ltr' id='par_1_17' title="bbox 334 1714 1849 1787">
     <span class='ocr_line' id='line_1_17' title="bbox 334 1714 1849 1787; baseline 0 -20"><span class='ocrx_word' id='word_1_118' title='bbox 334 1734 356 1767; x_wconf 77' lang='grc' dir='ltr'>ι</span> <span class='ocrx_word' id='word_1_119' title='bbox 390 1716 505 1768; x_wconf 77' lang='grc' dir='ltr'><strong>Καὶ</strong></span> <span class='ocrx_word' id='word_1_120' title='bbox 534 1715 804 1786; x_wconf 77' lang='grc' dir='ltr'><strong>ἐξήγαγον</strong></span> <span class='ocrx_word' id='word_1_121' title='bbox 850 1714 979 1768; x_wconf 79' lang='grc' dir='ltr'>λαὸν</span> <span class='ocrx_word' id='word_1_122' title='bbox 1029 1715 1250 1783; x_wconf 70' lang='grc' dir='ltr'>τυφλὸν,</span> <span class='ocrx_word' id='word_1_123' title='bbox 1282 1716 1377 1767; x_wconf 70' lang='grc' dir='ltr'>καὶ</span> <span class='ocrx_word' id='word_1_124' title='bbox 1403 1715 1671 1787; x_wconf 75' lang='grc' dir='ltr'>ὀφθαλμοί</span> <span class='ocrx_word' id='word_1_125' title='bbox 1713 1715 1849 1768; x_wconf 89' lang='grc' dir='ltr'>είσιν</span> 
     </span>
    </p>
   </div>
   <div class='ocr_carea' id='block_1_18' title="bbox 251 1800 1849 1877">
    <p class='ocr_par' dir='ltr' id='par_1_18' title="bbox 251 1800 1849 1877">
     <span class='ocr_line' id='line_1_18' title="bbox 251 1800 1849 1877; baseline -0.001 -17"><span class='ocrx_word' id='word_1_126' title='bbox 251 1806 528 1871; x_wconf 77' lang='grc' dir='ltr'><strong>ὡσαύτως</strong></span> <span class='ocrx_word' id='word_1_127' title='bbox 559 1805 770 1876; x_wconf 65' lang='grc' dir='ltr'>τυφλοὶ,</span> <span class='ocrx_word' id='word_1_128' title='bbox 813 1806 905 1859; x_wconf 78' lang='grc' dir='ltr'><strong>καὶ</strong></span> <span class='ocrx_word' id='word_1_129' title='bbox 958 1807 1131 1877; x_wconf 67' lang='grc' dir='ltr'>κωφοὶ</span> <span class='ocrx_word' id='word_1_130' title='bbox 1158 1807 1227 1861; x_wconf 87' lang='grc' dir='ltr'>τὰ</span> <span class='ocrx_word' id='word_1_131' title='bbox 1251 1800 1366 1860; x_wconf 77' lang='grc' dir='ltr'>ὦτα</span> <span class='ocrx_word' id='word_1_132' title='bbox 1392 1807 1623 1877; x_wconf 78' lang='grc' dir='ltr'>ἔχοντες.</span> <span class='ocrx_word' id='word_1_133' title='bbox 1668 1808 1849 1860; x_wconf 82' lang='grc' dir='ltr'>Πάντα</span> 
     </span>
    </p>
   </div>
   <div class='ocr_carea' id='block_1_19' title="bbox 248 1894 1849 1970">
    <p class='ocr_par' dir='ltr' id='par_1_19' title="bbox 248 1894 1849 1970">
     <span class='ocr_line' id='line_1_19' title="bbox 248 1894 1849 1970; baseline 0 -19"><span class='ocrx_word' id='word_1_134' title='bbox 248 1900 321 1951; x_wconf 68' lang='grc' dir='ltr'>τὰ</span> <span class='ocrx_word' id='word_1_135' title='bbox 362 1894 494 1964; x_wconf 71' lang='grc' dir='ltr'>ἔθνη</span> <span class='ocrx_word' id='word_1_136' title='bbox 522 1896 865 1968; x_wconf 80' lang='grc' dir='ltr'><strong>συνήχθησαν</strong></span> <span class='ocrx_word' id='word_1_137' title='bbox 900 1897 1036 1967; x_wconf 78' lang='grc' dir='ltr'>ἅμα,</span> <span class='ocrx_word' id='word_1_138' title='bbox 1066 1897 1159 1950; x_wconf 65' lang='grc' dir='ltr'><strong>καὶ¹</strong></span> <span class='ocrx_word' id='word_1_139' title='bbox 1191 1897 1612 1969; x_wconf 81' lang='grc' dir='ltr'>συναχθήσονται</span> <span class='ocrx_word' id='word_1_140' title='bbox 1654 1899 1849 1970; x_wconf 82' lang='grc' dir='ltr'>ἄρχον-</span> 
     </span>
    </p>
   </div>
   <div class='ocr_carea' id='block_1_20' title="bbox 249 1986 1844 2061">
    <p class='ocr_par' dir='ltr' id='par_1_20' title="bbox 249 1986 1844 2061">
     <span class='ocr_line' id='line_1_20' title="bbox 249 1986 1844 2061; baseline 0.001 -18"><span class='ocrx_word' id='word_1_141' title='bbox 249 1989 432 2053; x_wconf 77' lang='grc' dir='ltr'>τεςὲξ</span> <span class='ocrx_word' id='word_1_142' title='bbox 456 1988 659 2044; x_wconf 77' lang='grc' dir='ltr'>αὐτῶν.</span> <span class='ocrx_word' id='word_1_143' title='bbox 698 2009 715 2039; x_wconf 74' lang='grc' dir='ltr'><strong>ι</strong></span> <span class='ocrx_word' id='word_1_144' title='bbox 768 1986 868 2041; x_wconf 72' lang='grc' dir='ltr'>Διὰ</span> <span class='ocrx_word' id='word_1_145' title='bbox 899 1989 1007 2059; x_wconf 82' lang='grc' dir='ltr'>γὰρ</span> <span class='ocrx_word' id='word_1_146' title='bbox 1037 1988 1145 2041; x_wconf 81' lang='grc' dir='ltr'><strong>τῶν</strong></span> <span class='ocrx_word' id='word_1_147' title='bbox 1187 1990 1557 2043; x_wconf 86' lang='grc' dir='ltr'>ἀποστολικῶν</span> <span class='ocrx_word' id='word_1_148' title='bbox 1591 1991 1844 2061; x_wconf 87' lang='grc' dir='ltr'>σπερμά-</span> 
     </span>
    </p>
   </div>
   <div class='ocr_carea' id='block_1_21' title="bbox 250 2078 1847 2151">
    <p class='ocr_par' dir='ltr' id='par_1_21' title="bbox 250 2078 1847 2151">
     <span class='ocr_line' id='line_1_21' title="bbox 250 2078 1847 2151; baseline -0.001 -17"><span class='ocrx_word' id='word_1_149' title='bbox 250 2098 369 2134; x_wconf 83' lang='grc' dir='ltr'><strong>των</strong></span> <span class='ocrx_word' id='word_1_150' title='bbox 423 2078 658 2150; x_wconf 74' lang='grc' dir='ltr'>καὶτῆς</span> <span class='ocrx_word' id='word_1_151' title='bbox 712 2078 1061 2143; x_wconf 83' lang='grc' dir='ltr'>διδασκαλίας</span> <span class='ocrx_word' id='word_1_152' title='bbox 1111 2079 1291 2133; x_wconf 78' lang='grc' dir='ltr'>αὐτῶν</span> <span class='ocrx_word' id='word_1_153' title='bbox 1344 2080 1739 2151; x_wconf 77' lang='grc' dir='ltr'>μεταϐαλόντες</span> <span class='ocrx_word' id='word_1_154' title='bbox 1797 2082 1847 2134; x_wconf 81' lang='grc' dir='ltr'>οἱ</span> 
     </span>
    </p>
   </div>
   <div class='ocr_carea' id='block_1_22' title="bbox 252 2171 1851 2245">
    <p class='ocr_par' dir='ltr' id='par_1_22' title="bbox 252 2171 1851 2245">
     <span class='ocr_line' id='line_1_22' title="bbox 252 2171 1851 2245; baseline -0.002 -17"><span class='ocrx_word' id='word_1_155' title='bbox 252 2172 429 2228; x_wconf 83' lang='grc' dir='ltr'>πάλαι</span> <span class='ocrx_word' id='word_1_156' title='bbox 454 2173 649 2242; x_wconf 74' lang='grc' dir='ltr'>τυφλοὶ</span> <span class='ocrx_word' id='word_1_157' title='bbox 678 2172 772 2225; x_wconf 77' lang='grc' dir='ltr'>καὶ</span> <span class='ocrx_word' id='word_1_158' title='bbox 795 2171 990 2240; x_wconf 73' lang='grc' dir='ltr'>κωφοὶ,</span> <span class='ocrx_word' id='word_1_159' title='bbox 1022 2172 1366 2244; x_wconf 80' lang='grc' dir='ltr'>συνήχθησαν</span> <span class='ocrx_word' id='word_1_160' title='bbox 1391 2174 1469 2238; x_wconf 78' lang='grc' dir='ltr'>εἰς</span> <span class='ocrx_word' id='word_1_161' title='bbox 1492 2174 1589 2245; x_wconf 81' lang='grc' dir='ltr'>τὴν</span> <span class='ocrx_word' id='word_1_162' title='bbox 1624 2172 1851 2245; x_wconf 83' lang='grc' dir='ltr'>Ἐκκλη-</span> 
     </span>
    </p>
   </div>
   <div class='ocr_carea' id='block_1_23' title="bbox 257 2264 1849 2337">
    <p class='ocr_par' dir='ltr' id='par_1_23' title="bbox 257 2264 1849 2337">
     <span class='ocr_line' id='line_1_23' title="bbox 257 2264 1849 2337; baseline 0.001 -20"><span class='ocrx_word' id='word_1_163' title='bbox 257 2264 385 2319; x_wconf 80' lang='grc' dir='ltr'>σίαν</span> <span class='ocrx_word' id='word_1_164' title='bbox 416 2264 515 2317; x_wconf 89' lang='grc' dir='ltr'><strong>τοῦ</strong></span> <span class='ocrx_word' id='word_1_165' title='bbox 549 2264 685 2317; x_wconf 92' lang='grc' dir='ltr'>Θεοῦ</span> <span class='ocrx_word' id='word_1_166' title='bbox 707 2282 719 2294; x_wconf 91' lang='grc'><strong>·</strong></span> <span class='ocrx_word' id='word_1_167' title='bbox 755 2264 854 2335; x_wconf 81' lang='grc' dir='ltr'><strong>ήδη</strong></span> <span class='ocrx_word' id='word_1_168' title='bbox 877 2264 933 2317; x_wconf 76' lang='grc' dir='ltr'>δὲ</span> <span class='ocrx_word' id='word_1_169' title='bbox 966 2265 1061 2318; x_wconf 72' lang='grc' dir='ltr'>καὶ</span> <span class='ocrx_word' id='word_1_170' title='bbox 1106 2265 1365 2337; x_wconf 77' lang='grc' dir='ltr'>ἄρχοντες</span> <span class='ocrx_word' id='word_1_171' title='bbox 1413 2264 1471 2329; x_wconf 78' lang='grc' dir='ltr'>ἐξ</span> <span class='ocrx_word' id='word_1_172' title='bbox 1503 2265 1683 2319; x_wconf 80' lang='grc' dir='ltr'>αὐτῶν</span> <span class='ocrx_word' id='word_1_173' title='bbox 1724 2265 1849 2319; x_wconf 75' lang='grc' dir='ltr'>τού-</span> 
     </span>
    </p>
   </div>
   <div class='ocr_carea' id='block_1_24' title="bbox 252 2354 1811 2427">
    <p class='ocr_par' dir='ltr' id='par_1_24' title="bbox 252 2354 1811 2427">
     <span class='ocr_line' id='line_1_24' title="bbox 252 2354 1811 2427; baseline 0.001 -18"><span class='ocrx_word' id='word_1_174' title='bbox 252 2371 367 2409; x_wconf 86' lang='grc' dir='ltr'><strong>των</strong></span> <span class='ocrx_word' id='word_1_175' title='bbox 406 2356 520 2408; x_wconf 82' lang='grc' dir='ltr'>τῶν</span> <span class='ocrx_word' id='word_1_176' title='bbox 551 2354 721 2409; x_wconf 75' lang='grc' dir='ltr'>ἐθνῶν</span> <span class='ocrx_word' id='word_1_177' title='bbox 757 2358 848 2409; x_wconf 72' lang='grc' dir='ltr'><strong>ἐπὶ</strong></span> <span class='ocrx_word' id='word_1_178' title='bbox 876 2356 966 2409; x_wconf 71' lang='grc' dir='ltr'>τὸν</span> <span class='ocrx_word' id='word_1_179' title='bbox 999 2355 1123 2409; x_wconf 83' lang='grc' dir='ltr'>λαὸν</span> <span class='ocrx_word' id='word_1_180' title='bbox 1154 2355 1247 2408; x_wconf 85' lang='grc' dir='ltr'><strong>τοῦ</strong></span> <span class='ocrx_word' id='word_1_181' title='bbox 1283 2354 1417 2408; x_wconf 84' lang='grc' dir='ltr'>Θεοῦ</span> <span class='ocrx_word' id='word_1_182' title='bbox 1456 2356 1811 2427; x_wconf 80' lang='grc' dir='ltr'>κατέστησαν.</span> 
     </span>
    </p>
   </div>
   <div class='ocr_carea' id='block_1_25' title="bbox 334 2448 1853 2519">
    <p class='ocr_par' dir='ltr' id='par_1_25' title="bbox 334 2448 1853 2519">
     <span class='ocr_line' id='line_1_25' title="bbox 334 2448 1853 2519; baseline 0.002 -20"><span class='ocrx_word' id='word_1_183' title='bbox 334 2469 354 2499; x_wconf 73' lang='grc' dir='ltr'><strong>ι</strong></span> <span class='ocrx_word' id='word_1_184' title='bbox 389 2450 493 2511; x_wconf 88' lang='grc' dir='ltr'>Τίς</span> <span class='ocrx_word' id='word_1_185' title='bbox 528 2448 820 2518; x_wconf 80' lang='grc' dir='ltr'>ἀναγγελεῖ</span> <span class='ocrx_word' id='word_1_186' title='bbox 861 2449 1071 2514; x_wconf 77' lang='grc' dir='ltr'>ταῦτας</span> <span class='ocrx_word' id='word_1_187' title='bbox 1109 2449 1142 2519; x_wconf 79' lang='grc' dir='ltr'>ἦ</span> <span class='ocrx_word' id='word_1_188' title='bbox 1178 2449 1244 2502; x_wconf 77' lang='grc' dir='ltr'><strong>τὰ</strong></span> <span class='ocrx_word' id='word_1_189' title='bbox 1276 2448 1335 2513; x_wconf 76' lang='grc' dir='ltr'>ἐξ</span> <span class='ocrx_word' id='word_1_190' title='bbox 1369 2449 1542 2519; x_wconf 79' lang='grc' dir='ltr'>ἀρχῆς</span> <span class='ocrx_word' id='word_1_191' title='bbox 1574 2449 1657 2512; x_wconf 77' lang='grc' dir='ltr'><strong>τίς</strong></span> <span class='ocrx_word' id='word_1_192' title='bbox 1686 2450 1853 2517; x_wconf 87' lang='grc' dir='ltr'>ἀναγ-</span> 
     </span>
    </p>
   </div>
   <div class='ocr_carea' id='block_1_26' title="bbox 252 2536 1853 2609">
    <p class='ocr_par' dir='ltr' id='par_1_26' title="bbox 252 2536 1853 2609">
     <span class='ocr_line' id='line_1_26' title="bbox 252 2536 1853 2609; baseline 0.002 -20"><span class='ocrx_word' id='word_1_193' title='bbox 252 2536 409 2605; x_wconf 71' lang='grc' dir='ltr'>γελεῖ</span> <span class='ocrx_word' id='word_1_194' title='bbox 437 2538 601 2606; x_wconf 75' lang='grc' dir='ltr'>ὑμῖνς</span> <span class='ocrx_word' id='word_1_195' title='bbox 650 2536 1029 2605; x_wconf 73' lang='grc' dir='ltr'>Ἀγαγὲτωσαν</span> <span class='ocrx_word' id='word_1_196' title='bbox 1062 2539 1189 2600; x_wconf 73' lang='grc' dir='ltr'>τοὺς</span> <span class='ocrx_word' id='word_1_197' title='bbox 1220 2538 1501 2609; x_wconf 80' lang='grc' dir='ltr'>μάρτυρας</span> <span class='ocrx_word' id='word_1_198' title='bbox 1532 2540 1731 2603; x_wconf 78' lang='grc' dir='ltr'>αὐτῶν,</span> <span class='ocrx_word' id='word_1_199' title='bbox 1759 2540 1853 2592; x_wconf 71' lang='grc' dir='ltr'>καὶ</span> 
     </span>
    </p>
   </div>
   <div class='ocr_carea' id='block_1_27' title="bbox 255 2626 1853 2698">
    <p class='ocr_par' dir='ltr' id='par_1_27' title="bbox 255 2626 1853 2698">
     <span class='ocr_line' id='line_1_27' title="bbox 255 2626 1853 2698; baseline 0.003 -19"><span class='ocrx_word' id='word_1_200' title='bbox 255 2626 733 2698; x_wconf 84' lang='grc' dir='ltr'>δικαιωθήτωσαν,</span> <span class='ocrx_word' id='word_1_201' title='bbox 781 2627 873 2679; x_wconf 68' lang='grc' dir='ltr'>καὶ</span> <span class='ocrx_word' id='word_1_202' title='bbox 932 2628 1341 2692; x_wconf 87' lang='grc' dir='ltr'>ἀκουσάτωσαν,</span> <span class='ocrx_word' id='word_1_203' title='bbox 1397 2629 1487 2681; x_wconf 74' lang='grc' dir='ltr'>καὶ</span> <span class='ocrx_word' id='word_1_204' title='bbox 1544 2629 1853 2684; x_wconf 76' lang='grc' dir='ltr'>εἰπάτωσαν</span> 
     </span>
    </p>
   </div>
   <div class='ocr_carea' id='block_1_28' title="bbox 259 2718 1853 2791">
    <p class='ocr_par' dir='ltr' id='par_1_28' title="bbox 259 2718 1853 2791">
     <span class='ocr_line' id='line_1_28' title="bbox 259 2718 1853 2791; baseline 0.001 -19"><span class='ocrx_word' id='word_1_205' title='bbox 259 2719 466 2790; x_wconf 77' lang='grc' dir='ltr'>ἀληθῆ.</span> <span class='ocrx_word' id='word_1_206' title='bbox 496 2718 726 2771; x_wconf 84' lang='grc' dir='ltr'>Γένεσθέ</span> <span class='ocrx_word' id='word_1_207' title='bbox 754 2736 843 2789; x_wconf 81' lang='grc' dir='ltr'><strong>μοι</strong></span> <span class='ocrx_word' id='word_1_208' title='bbox 882 2719 1180 2790; x_wconf 89' lang='grc' dir='ltr'>μάρτυρες,</span> <span class='ocrx_word' id='word_1_209' title='bbox 1213 2721 1305 2772; x_wconf 70' lang='grc' dir='ltr'>καὶ</span> <span class='ocrx_word' id='word_1_210' title='bbox 1332 2720 1443 2787; x_wconf 81' lang='grc' dir='ltr'><strong>ἐγὼ</strong></span> <span class='ocrx_word' id='word_1_211' title='bbox 1491 2720 1724 2791; x_wconf 80' lang='grc' dir='ltr'><strong>μάρτυς,</strong></span> <span class='ocrx_word' id='word_1_212' title='bbox 1767 2722 1853 2775; x_wconf 69' lang='grc' dir='ltr'>λέο</span> 
     </span>
    </p>
   </div>
   <div class='ocr_carea' id='block_1_29' title="bbox 258 2808 1847 2882">
    <p class='ocr_par' dir='ltr' id='par_1_29' title="bbox 258 2808 1847 2882">
     <span class='ocr_line' id='line_1_29' title="bbox 258 2808 1847 2882; baseline 0.001 -19"><span class='ocrx_word' id='word_1_213' title='bbox 258 2827 345 2881; x_wconf 70' lang='grc' dir='ltr'><strong>⁴γει</strong></span> <span class='ocrx_word' id='word_1_214' title='bbox 378 2809 591 2881; x_wconf 75' lang='grc' dir='ltr'>Κύριος</span> <span class='ocrx_word' id='word_1_215' title='bbox 618 2810 645 2860; x_wconf 95' lang='lat'><strong>6</strong></span> <span class='ocrx_word' id='word_1_216' title='bbox 670 2808 824 2872; x_wconf 80' lang='grc' dir='ltr'>Θεὸς,</span> <span class='ocrx_word' id='word_1_217' title='bbox 858 2810 953 2863; x_wconf 72' lang='grc' dir='ltr'><strong>καὶ</strong></span> <span class='ocrx_word' id='word_1_218' title='bbox 986 2812 1013 2863; x_wconf 92' lang='lat'><strong>6</strong></span> <span class='ocrx_word' id='word_1_219' title='bbox 1048 2811 1174 2872; x_wconf 79' lang='grc' dir='ltr'>παῖς</span> <span class='ocrx_word' id='word_1_220' title='bbox 1204 2826 1329 2879; x_wconf 85' lang='grc' dir='ltr'>μου,</span> <span class='ocrx_word' id='word_1_221' title='bbox 1352 2809 1410 2862; x_wconf 73' lang='grc' dir='ltr'>ὃν</span> <span class='ocrx_word' id='word_1_222' title='bbox 1436 2809 1789 2882; x_wconf 76' lang='grc' dir='ltr'><strong>ἐξελεξάμην.</strong></span> <span class='ocrx_word' id='word_1_223' title='bbox 1828 2831 1847 2864; x_wconf 75' lang='grc' dir='ltr'><strong>ι</strong></span> 
     </span>
    </p>
   </div>
   <div class='ocr_carea' id='block_1_30' title="bbox 273 2900 1853 2973">
    <p class='ocr_par' dir='ltr' id='par_1_30' title="bbox 273 2900 1853 2973">
     <span class='ocr_line' id='line_1_30' title="bbox 273 2900 1853 2973; baseline 0 -16"><span class='ocrx_word' id='word_1_224' title='bbox 273 2903 497 2973; x_wconf 65' lang='grc' dir='ltr'>’ἐπειδὴ</span> <span class='ocrx_word' id='word_1_225' title='bbox 525 2901 679 2970; x_wconf 78' lang='grc' dir='ltr'>κάγὼ</span> <span class='ocrx_word' id='word_1_226' title='bbox 707 2905 735 2954; x_wconf 94' lang='lat'><strong>6</strong></span> <span class='ocrx_word' id='word_1_227' title='bbox 770 2900 903 2965; x_wconf 83' lang='grc' dir='ltr'><strong>Θεὸς</strong></span> <span class='ocrx_word' id='word_1_228' title='bbox 945 2901 1153 2972; x_wconf 82' lang='grc' dir='ltr'>μάρτυς</span> <span class='ocrx_word' id='word_1_229' title='bbox 1200 2902 1377 2955; x_wconf 78' lang='grc' dir='ltr'>αὐτῶν</span> <span class='ocrx_word' id='word_1_230' title='bbox 1414 2902 1737 2972; x_wconf 86' lang='grc' dir='ltr'>γενήσομαι,</span> <span class='ocrx_word' id='word_1_231' title='bbox 1760 2904 1853 2957; x_wconf 72' lang='grc' dir='ltr'>καὶ</span> 
     </span>
    </p>
   </div>
   <div class='ocr_carea' id='block_1_31' title="bbox 256 2986 1849 3063">
    <p class='ocr_par' dir='ltr' id='par_1_31' title="bbox 256 2986 1849 3063">
     <span class='ocr_line' id='line_1_31' title="bbox 256 2986 1849 3063; baseline -0.001 -16"><span class='ocrx_word' id='word_1_232' title='bbox 256 2994 287 3047; x_wconf 85' lang='lat'><strong>6</strong></span> <span class='ocrx_word' id='word_1_233' title='bbox 316 2995 453 3055; x_wconf 88' lang='grc' dir='ltr'>παῖς</span> <span class='ocrx_word' id='word_1_234' title='bbox 492 3010 594 3062; x_wconf 87' lang='grc' dir='ltr'><strong>μου</strong></span> <span class='ocrx_word' id='word_1_235' title='bbox 622 2992 679 3045; x_wconf 80' lang='grc' dir='ltr'>ὃν</span> <span class='ocrx_word' id='word_1_236' title='bbox 709 2990 1038 3062; x_wconf 77' lang='grc' dir='ltr'>ἐξελεξάμην</span> <span class='ocrx_word' id='word_1_237' title='bbox 1064 3009 1076 3021; x_wconf 89' lang='grc'><strong>·</strong></span> <span class='ocrx_word' id='word_1_238' title='bbox 1113 2992 1241 3063; x_wconf 69' lang='grc' dir='ltr'>περὶ</span> <span class='ocrx_word' id='word_1_239' title='bbox 1269 2986 1329 3045; x_wconf 77' lang='grc' dir='ltr'><strong>οῦ</strong></span> <span class='ocrx_word' id='word_1_240' title='bbox 1351 2992 1609 3063; x_wconf 82' lang='grc' dir='ltr'><strong>ἀνωτέρω</strong></span> <span class='ocrx_word' id='word_1_241' title='bbox 1634 2992 1815 3061; x_wconf 79' lang='grc' dir='ltr'>ἔλεγεν</span> <span class='ocrx_word' id='word_1_242' title='bbox 1835 3010 1849 3024; x_wconf 92' lang='grc'><strong>·</strong></span> 
     </span>
    </p>
   </div>
   <div class='ocr_carea' id='block_1_32' title="bbox 266 3083 1854 3156">
    <p class='ocr_par' dir='ltr' id='par_1_32' title="bbox 266 3083 1854 3156">
     <span class='ocr_line' id='line_1_32' title="bbox 266 3083 1854 3156; baseline 0 -19"><span class='ocrx_word' id='word_1_243' title='bbox 266 3103 286 3137; x_wconf 71' lang='grc' dir='ltr'>ι</span> <span class='ocrx_word' id='word_1_244' title='bbox 327 3084 466 3137; x_wconf 78' lang='grc' dir='ltr'>Ἰδοὺ</span> <span class='ocrx_word' id='word_1_245' title='bbox 498 3084 528 3135; x_wconf 91' lang='lat'><strong>6</strong></span> <span class='ocrx_word' id='word_1_246' title='bbox 550 3086 677 3146; x_wconf 87' lang='grc' dir='ltr'>παῖς</span> <span class='ocrx_word' id='word_1_247' title='bbox 702 3101 823 3154; x_wconf 84' lang='grc' dir='ltr'>μου,</span> <span class='ocrx_word' id='word_1_248' title='bbox 853 3084 911 3136; x_wconf 79' lang='grc' dir='ltr'>ὃν</span> <span class='ocrx_word' id='word_1_249' title='bbox 940 3083 1188 3154; x_wconf 76' lang='grc' dir='ltr'>ᾑρέτισα,</span> <span class='ocrx_word' id='word_1_250' title='bbox 1212 3085 1239 3136; x_wconf 97' lang='lat'><strong>6</strong></span> <span class='ocrx_word' id='word_1_251' title='bbox 1261 3083 1513 3147; x_wconf 72' lang='grc' dir='ltr'>ἐκλεκτός</span> <span class='ocrx_word' id='word_1_252' title='bbox 1539 3101 1660 3154; x_wconf 90' lang='grc' dir='ltr'>μου,</span> <span class='ocrx_word' id='word_1_253' title='bbox 1686 3101 1854 3156; x_wconf 85' lang='grc' dir='ltr'>προσ-</span> 
     </span>
    </p>
   </div>
   <div class='ocr_carea' id='block_1_33' title="bbox 261 3174 1853 3246">
    <p class='ocr_par' dir='ltr' id='par_1_33' title="bbox 261 3174 1853 3246">
     <span class='ocr_line' id='line_1_33' title="bbox 261 3174 1853 3246; baseline 0 -17"><span class='ocrx_word' id='word_1_254' title='bbox 261 3175 486 3240; x_wconf 78' lang='grc' dir='ltr'>εδέξατο</span> <span class='ocrx_word' id='word_1_255' title='bbox 539 3174 703 3227; x_wconf 75' lang='grc' dir='ltr'>αὐτὸν</span> <span class='ocrx_word' id='word_1_256' title='bbox 754 3174 964 3246; x_wconf 70' lang='grc' dir='ltr'>ἡψυχή</span> <span class='ocrx_word' id='word_1_257' title='bbox 997 3194 1121 3246; x_wconf 90' lang='grc' dir='ltr'>μου.</span> <span class='ocrx_word' id='word_1_258' title='bbox 1153 3195 1171 3226; x_wconf 72' lang='grc' dir='ltr'><strong>ι</strong></span> <span class='ocrx_word' id='word_1_259' title='bbox 1218 3174 1359 3243; x_wconf 84' lang='grc' dir='ltr'>Ἐγὼ</span> <span class='ocrx_word' id='word_1_260' title='bbox 1404 3176 1581 3228; x_wconf 86' lang='grc' dir='ltr'>τοίνυν</span> <span class='ocrx_word' id='word_1_261' title='bbox 1613 3176 1771 3239; x_wconf 78' lang='grc' dir='ltr'>αὐτὸς</span> <span class='ocrx_word' id='word_1_262' title='bbox 1825 3176 1853 3229; x_wconf 91' lang='lat'><strong>6</strong></span> 
     </span>
    </p>
   </div>
   <div class='ocr_carea' id='block_1_34' title="bbox 1950 704 3528 777">
    <p class='ocr_par' dir='ltr' id='par_1_34' title="bbox 1950 704 3528 777">
     <span class='ocr_line' id='line_1_34' title="bbox 1950 704 3528 777; baseline -0.002 -16"><span class='ocrx_word' id='word_1_263' title='bbox 1950 707 2059 762; x_wconf 89' lang='lat' dir='ltr'><strong>noli</strong></span> <span class='ocrx_word' id='word_1_264' title='bbox 2087 706 2393 777; x_wconf 85' lang='lat' dir='ltr'><strong>prohibere.</strong></span> <span class='ocrx_word' id='word_1_265' title='bbox 2432 706 2543 775; x_wconf 85' lang='lat' dir='ltr'><strong>Age</strong></span> <span class='ocrx_word' id='word_1_266' title='bbox 2572 704 2711 759; x_wconf 92' lang='lat' dir='ltr'><strong>ﬁlios</strong></span> <span class='ocrx_word' id='word_1_267' title='bbox 2747 719 2895 757; x_wconf 87' lang='lat' dir='ltr'><strong>meos</strong></span> <span class='ocrx_word' id='word_1_268' title='bbox 2931 706 2996 757; x_wconf 85' lang='lat' dir='ltr'><strong>de</strong></span> <span class='ocrx_word' id='word_1_269' title='bbox 3026 713 3167 758; x_wconf 90' lang='lat' dir='ltr'><strong>terra</strong></span> <span class='ocrx_word' id='word_1_270' title='bbox 3203 713 3431 771; x_wconf 76' lang='lat' dir='ltr'><strong>remota,</strong></span> <span class='ocrx_word' id='word_1_271' title='bbox 3470 714 3528 758; x_wconf 86' lang='lat' dir='ltr'><strong>et</strong></span> 
     </span>
    </p>
   </div>
   <div class='ocr_carea' id='block_1_35' title="bbox 1951 796 3525 865">
    <p class='ocr_par' dir='ltr' id='par_1_35' title="bbox 1951 796 3525 865">
     <span class='ocr_line' id='line_1_35' title="bbox 1951 796 3525 865; baseline -0.003 -11"><span class='ocrx_word' id='word_1_272' title='bbox 1951 801 2087 855; x_wconf 97' lang='lat' dir='ltr'><strong>ﬁlias</strong></span> <span class='ocrx_word' id='word_1_273' title='bbox 2114 814 2261 853; x_wconf 91' lang='lat' dir='ltr'><strong>meas</strong></span> <span class='ocrx_word' id='word_1_274' title='bbox 2290 798 2359 851; x_wconf 91' lang='lat' dir='ltr'><strong>ab</strong></span> <span class='ocrx_word' id='word_1_275' title='bbox 2376 797 2635 852; x_wconf 76' lang='lat' dir='ltr'><strong>extremis</strong></span> <span class='ocrx_word' id='word_1_276' title='bbox 2661 807 2838 851; x_wconf 85' lang='lat' dir='ltr'><strong>terrae.</strong></span> <span class='ocrx_word' id='word_1_277' title='bbox 2877 814 2894 846; x_wconf 75' lang='grc' dir='ltr'><strong>ι</strong></span> <span class='ocrx_word' id='word_1_278' title='bbox 2945 796 3054 865; x_wconf 82' lang='lat' dir='ltr'><strong>Ego</strong></span> <span class='ocrx_word' id='word_1_279' title='bbox 3078 797 3221 850; x_wconf 89' lang='lat' dir='ltr'><strong>enim</strong></span> <span class='ocrx_word' id='word_1_280' title='bbox 3252 796 3525 865; x_wconf 81' lang='lat' dir='ltr'><strong>angelicas</strong></span> 
     </span>
    </p>
   </div>
   <div class='ocr_carea' id='block_1_36' title="bbox 1952 886 3523 960">
    <p class='ocr_par' dir='ltr' id='par_1_36' title="bbox 1952 886 3523 960">
     <span class='ocr_line' id='line_1_36' title="bbox 1952 886 3523 960; baseline -0.004 -13"><span class='ocrx_word' id='word_1_281' title='bbox 1952 896 2182 947; x_wconf 89' lang='lat' dir='ltr'><strong>virtutes</strong></span> <span class='ocrx_word' id='word_1_282' title='bbox 2202 892 2313 946; x_wconf 75' lang='lat' dir='ltr'><strong>hzrc</strong></span> <span class='ocrx_word' id='word_1_283' title='bbox 2339 905 2501 960; x_wconf 83' lang='lat' dir='ltr'><strong>agere</strong></span> <span class='ocrx_word' id='word_1_284' title='bbox 2531 888 2837 959; x_wconf 68' lang='lat' dir='ltr'><strong>prmcipiam</strong></span> <span class='ocrx_word' id='word_1_285' title='bbox 2860 929 2875 952; x_wconf 92' lang='lat'><strong>,</strong></span> <span class='ocrx_word' id='word_1_286' title='bbox 2909 888 3035 955; x_wconf 89' lang='lat' dir='ltr'><strong>quia</strong></span> <span class='ocrx_word' id='word_1_287' title='bbox 3071 887 3161 942; x_wconf 89' lang='lat' dir='ltr'><strong>ﬁlii</strong></span> <span class='ocrx_word' id='word_1_288' title='bbox 3191 887 3296 941; x_wconf 90' lang='lat' dir='ltr'><strong>mei</strong></span> <span class='ocrx_word' id='word_1_289' title='bbox 3320 896 3375 941; x_wconf 92' lang='lat' dir='ltr'><strong>et</strong></span> <span class='ocrx_word' id='word_1_290' title='bbox 3400 886 3523 941; x_wconf 78' lang='lat' dir='ltr'><strong>ﬁlia:</strong></span> 
     </span>
    </p>
   </div>
   <div class='ocr_carea' id='block_1_37' title="bbox 1951 977 3528 1051">
    <p class='ocr_par' dir='ltr' id='par_1_37' title="bbox 1951 977 3528 1051">
     <span class='ocr_line' id='line_1_37' title="bbox 1951 977 3528 1051; baseline -0.006 -11"><span class='ocrx_word' id='word_1_291' title='bbox 1951 1000 2084 1041; x_wconf 70' lang='lat' dir='ltr'><strong>mea:</strong></span> <span class='ocrx_word' id='word_1_292' title='bbox 2137 992 2285 1046; x_wconf 90' lang='lat' dir='ltr'><strong>sunt,</strong></span> <span class='ocrx_word' id='word_1_293' title='bbox 2336 998 2434 1051; x_wconf 90' lang='lat' dir='ltr'><strong>per</strong></span> <span class='ocrx_word' id='word_1_294' title='bbox 2467 997 2560 1034; x_wconf 86' lang='lat' dir='ltr'><strong>vos</strong></span> <span class='ocrx_word' id='word_1_295' title='bbox 2600 980 2701 1034; x_wconf 90' lang='lat' dir='ltr'><strong>sati</strong></span> <span class='ocrx_word' id='word_1_296' title='bbox 2734 988 2789 1032; x_wconf 89' lang='lat' dir='ltr'><strong>et</strong></span> <span class='ocrx_word' id='word_1_297' title='bbox 2841 980 3138 1049; x_wconf 86' lang='lat' dir='ltr'><strong>regenerati</strong></span> <span class='ocrx_word' id='word_1_298' title='bbox 3185 980 3239 1034; x_wconf 90' lang='lat' dir='ltr'><strong>in</strong></span> <span class='ocrx_word' id='word_1_299' title='bbox 3283 977 3528 1033; x_wconf 78' lang='lat' dir='ltr'><strong>Ecclesia</strong></span> 
     </span>
    </p>
   </div>
   <div class='ocr_carea' id='block_1_38' title="bbox 1952 1090 2090 1131">
    <p class='ocr_par' dir='ltr' id='par_1_38' title="bbox 1952 1090 2090 1131">
     <span class='ocr_line' id='line_1_38' title="bbox 1952 1090 2090 1131; baseline -0.029 0"><span class='ocrx_word' id='word_1_300' title='bbox 1952 1090 2090 1131; x_wconf 82' lang='lat' dir='ltr'><strong>mea.</strong></span> 
     </span>
    </p>
   </div>
   <div class='ocr_carea' id='block_1_39' title="bbox 2028 1164 3526 1235">
    <p class='ocr_par' dir='ltr' id='par_1_39' title="bbox 2028 1164 3526 1235">
     <span class='ocr_line' id='line_1_39' title="bbox 2028 1164 3526 1235; baseline -0.001 -14"><span class='ocrx_word' id='word_1_301' title='bbox 2028 1165 2188 1221; x_wconf 70' lang='lat' dir='ltr'><strong>Vens.</strong></span> <span class='ocrx_word' id='word_1_302' title='bbox 2234 1166 2290 1220; x_wconf 90' lang='lat'><strong>7.</strong></span> <span class='ocrx_word' id='word_1_303' title='bbox 2336 1185 2352 1217; x_wconf 82' lang='grc' dir='ltr'><strong>ι</strong></span> <span class='ocrx_word' id='word_1_304' title='bbox 2390 1165 2607 1231; x_wconf 80' lang='lat' dir='ltr'><strong>Omnes,</strong></span> <span class='ocrx_word' id='word_1_305' title='bbox 2638 1174 2908 1235; x_wconf 91' lang='lat' dir='ltr'><strong>quotquot</strong></span> <span class='ocrx_word' id='word_1_306' title='bbox 2939 1165 3114 1218; x_wconf 80' lang='lat' dir='ltr'><strong>vocali</strong></span> <span class='ocrx_word' id='word_1_307' title='bbox 3146 1173 3271 1218; x_wconf 87' lang='lat' dir='ltr'><strong>sunt</strong></span> <span class='ocrx_word' id='word_1_308' title='bbox 3305 1164 3526 1220; x_wconf 84' lang='lat' dir='ltr'><strong>nomine</strong></span> 
     </span>
    </p>
   </div>
   <div class='ocr_carea' id='block_1_40' title="bbox 1952 1257 3528 1325">
    <p class='ocr_par' dir='ltr' id='par_1_40' title="bbox 1952 1257 3528 1325">
     <span class='ocr_line' id='line_1_40' title="bbox 1952 1257 3528 1325; baseline -0.003 -10"><span class='ocrx_word' id='word_1_309' title='bbox 1952 1275 2091 1315; x_wconf 91' lang='lat' dir='ltr'><strong>meo.</strong></span> <span class='ocrx_word' id='word_1_310' title='bbox 2118 1278 2136 1313; x_wconf 67' lang='grc' dir='ltr'><strong><em>ι</em></strong></span> <span class='ocrx_word' id='word_1_311' title='bbox 2174 1257 2328 1313; x_wconf 89' lang='lat' dir='ltr'><strong>Unde</strong></span> <span class='ocrx_word' id='word_1_312' title='bbox 2354 1258 2704 1313; x_wconf 89' lang='lat' dir='ltr'><strong>constitutum</strong></span> <span class='ocrx_word' id='word_1_313' title='bbox 2739 1267 2821 1312; x_wconf 88' lang='lat' dir='ltr'><strong>est</strong></span> <span class='ocrx_word' id='word_1_314' title='bbox 2843 1257 3280 1313; x_wconf 88' lang='lat' dir='ltr'><strong>Christianorum</strong></span> <span class='ocrx_word' id='word_1_315' title='bbox 3309 1272 3528 1325; x_wconf 87' lang='lat' dir='ltr'><strong>nomen,</strong></span> 
     </span>
    </p>
   </div>
   <div class='ocr_carea' id='block_1_41' title="bbox 1954 1350 3529 1419">
    <p class='ocr_par' dir='ltr' id='par_1_41' title="bbox 1954 1350 3529 1419">
     <span class='ocr_line' id='line_1_41' title="bbox 1954 1350 3529 1419; baseline -0.002 -12"><span class='ocrx_word' id='word_1_316' title='bbox 1954 1352 2055 1407; x_wconf 88' lang='lat' dir='ltr'><strong>nisi</strong></span> <span class='ocrx_word' id='word_1_317' title='bbox 2096 1366 2160 1404; x_wconf 81' lang='lat' dir='ltr'><strong>ex</strong></span> <span class='ocrx_word' id='word_1_318' title='bbox 2201 1350 2402 1406; x_wconf 75' lang='lat' dir='ltr'><strong>Christi</strong></span> <span class='ocrx_word' id='word_1_319' title='bbox 2444 1350 2707 1403; x_wconf 83' lang='lat' dir='ltr'><strong>nomine?</strong></span> <span class='ocrx_word' id='word_1_320' title='bbox 2738 1350 2855 1419; x_wconf 91' lang='lat' dir='ltr'><strong>Ipse</strong></span> <span class='ocrx_word' id='word_1_321' title='bbox 2900 1359 3082 1403; x_wconf 85' lang='lat' dir='ltr'><strong>autem</strong></span> <span class='ocrx_word' id='word_1_322' title='bbox 3120 1359 3263 1415; x_wconf 89' lang='lat' dir='ltr'><strong>erat,</strong></span> <span class='ocrx_word' id='word_1_323' title='bbox 3296 1350 3386 1419; x_wconf 89' lang='lat' dir='ltr'><strong>qui</strong></span> <span class='ocrx_word' id='word_1_324' title='bbox 3430 1365 3529 1419; x_wconf 88' lang='lat' dir='ltr'><strong>per</strong></span> 
     </span>
    </p>
   </div>
   <div class='ocr_carea' id='block_1_42' title="bbox 1952 1441 3528 1515">
    <p class='ocr_par' dir='ltr' id='par_1_42' title="bbox 1952 1441 3528 1515">
     <span class='ocr_line' id='line_1_42' title="bbox 1952 1441 3528 1515; baseline -0.001 -18"><span class='ocrx_word' id='word_1_325' title='bbox 1952 1446 2270 1515; x_wconf 72' lang='lat' dir='ltr'><strong>prophetam</strong></span> <span class='ocrx_word' id='word_1_326' title='bbox 2306 1445 2420 1498; x_wconf 76' lang='lat' dir='ltr'><strong>ha‘c</strong></span> <span class='ocrx_word' id='word_1_327' title='bbox 2448 1442 2872 1497; x_wconf 73' lang='lat' dir='ltr'><strong>vaticinabatur.</strong></span> <span class='ocrx_word' id='word_1_328' title='bbox 2907 1460 2926 1493; x_wconf 85' lang='grc'><strong>‹</strong></span> <span class='ocrx_word' id='word_1_329' title='bbox 2952 1441 3005 1496; x_wconf 90' lang='lat' dir='ltr'><strong>In</strong></span> <span class='ocrx_word' id='word_1_330' title='bbox 3035 1442 3207 1509; x_wconf 74' lang='lat' dir='ltr'><strong>gloria</strong></span> <span class='ocrx_word' id='word_1_331' title='bbox 3239 1442 3384 1495; x_wconf 92' lang='lat' dir='ltr'><strong>enim</strong></span> <span class='ocrx_word' id='word_1_332' title='bbox 3409 1456 3528 1496; x_wconf 86' lang='lat' dir='ltr'><strong>mea</strong></span> 
     </span>
    </p>
   </div>
   <div class='ocr_carea' id='block_1_43' title="bbox 1950 1532 3529 1601">
    <p class='ocr_par' dir='ltr' id='par_1_43' title="bbox 1950 1532 3529 1601">
     <span class='ocr_line' id='line_1_43' title="bbox 1950 1532 3529 1601; baseline 0.002 -14"><span class='ocrx_word' id='word_1_333' title='bbox 1950 1535 2091 1588; x_wconf 81' lang='lat' dir='ltr'><strong>edidi</strong></span> <span class='ocrx_word' id='word_1_334' title='bbox 2122 1549 2267 1601; x_wconf 90' lang='lat' dir='ltr'><strong>eum,</strong></span> <span class='ocrx_word' id='word_1_335' title='bbox 2321 1543 2373 1588; x_wconf 95' lang='lat' dir='ltr'><strong>et</strong></span> <span class='ocrx_word' id='word_1_336' title='bbox 2413 1534 2542 1587; x_wconf 82' lang='lat' dir='ltr'><strong>ﬁnxi</strong></span> <span class='ocrx_word' id='word_1_337' title='bbox 2573 1548 2721 1595; x_wconf 86' lang='lat' dir='ltr'><strong>eum.</strong></span> <span class='ocrx_word' id='word_1_338' title='bbox 2773 1543 2828 1588; x_wconf 91' lang='lat' dir='ltr'><strong>et</strong></span> <span class='ocrx_word' id='word_1_339' title='bbox 2878 1534 2979 1590; x_wconf 83' lang='lat' dir='ltr'><strong>feci</strong></span> <span class='ocrx_word' id='word_1_340' title='bbox 3034 1548 3182 1598; x_wconf 90' lang='lat' dir='ltr'><strong>cum,</strong></span> <span class='ocrx_word' id='word_1_341' title='bbox 3218 1553 3237 1585; x_wconf 75' lang='grc' dir='ltr'><strong>ι</strong></span> <span class='ocrx_word' id='word_1_342' title='bbox 3306 1532 3529 1591; x_wconf 86' lang='lat' dir='ltr'><strong>minime</strong></span> 
     </span>
    </p>
   </div>
   <div class='ocr_carea' id='block_1_44' title="bbox 1952 1627 2925 1697">
    <p class='ocr_par' dir='ltr' id='par_1_44' title="bbox 1952 1627 2925 1697">
     <span class='ocr_line' id='line_1_44' title="bbox 1952 1627 2925 1697; baseline -0.001 -16"><span class='ocrx_word' id='word_1_343' title='bbox 1952 1627 2131 1681; x_wconf 86' lang='lat' dir='ltr'><strong>ﬁctum</strong></span> <span class='ocrx_word' id='word_1_344' title='bbox 2167 1628 2428 1681; x_wconf 84' lang='lat' dir='ltr'><strong>moribus.</strong></span> <span class='ocrx_word' id='word_1_345' title='bbox 2921 1691 2925 1697; x_wconf 29' lang='lat'><strong><em>.</em></strong></span> 
     </span>
    </p>
   </div>
   <div class='ocr_carea' id='block_1_45' title="bbox 2026 1714 3531 1786">
    <p class='ocr_par' dir='ltr' id='par_1_45' title="bbox 2026 1714 3531 1786">
     <span class='ocr_line' id='line_1_45' title="bbox 2026 1714 3531 1786; baseline 0.001 -14"><span class='ocrx_word' id='word_1_346' title='bbox 2026 1718 2188 1773; x_wconf 75' lang='lat' dir='ltr'><strong>Vens.</strong></span> <span class='ocrx_word' id='word_1_347' title='bbox 2243 1716 2296 1785; x_wconf 90' lang='lat'><strong>8,</strong></span> <span class='ocrx_word' id='word_1_348' title='bbox 2339 1718 2393 1773; x_wconf 88' lang='lat'><strong>9.</strong></span> <span class='ocrx_word' id='word_1_349' title='bbox 2444 1736 2463 1770; x_wconf 72' lang='grc' dir='ltr'><strong>ι</strong></span> <span class='ocrx_word' id='word_1_350' title='bbox 2488 1716 2551 1772; x_wconf 86' lang='grc' dir='ltr'>Ει</span> <span class='ocrx_word' id='word_1_351' title='bbox 2584 1718 2747 1771; x_wconf 80' lang='lat' dir='ltr'><strong>eduxi</strong></span> <span class='ocrx_word' id='word_1_352' title='bbox 2774 1714 3025 1786; x_wconf 90' lang='lat' dir='ltr'><strong>populum</strong></span> <span class='ocrx_word' id='word_1_353' title='bbox 3051 1731 3279 1784; x_wconf 70' lang='lat' dir='ltr'><strong>cazcum,</strong></span> <span class='ocrx_word' id='word_1_354' title='bbox 3313 1716 3531 1773; x_wconf 86' lang='lat' dir='ltr'><strong>etoeuli</strong></span> 
     </span>
    </p>
   </div>
   <div class='ocr_carea' id='block_1_46' title="bbox 1951 1807 3519 1880">
    <p class='ocr_par' dir='ltr' id='par_1_46' title="bbox 1951 1807 3519 1880">
     <span class='ocr_line' id='line_1_46' title="bbox 1951 1807 3519 1880; baseline -0.001 -15"><span class='ocrx_word' id='word_1_355' title='bbox 1951 1823 2073 1865; x_wconf 90' lang='lat' dir='ltr'><strong>sunt</strong></span> <span class='ocrx_word' id='word_1_356' title='bbox 2105 1810 2311 1880; x_wconf 85' lang='lat' dir='ltr'><strong>pariter</strong></span> <span class='ocrx_word' id='word_1_357' title='bbox 2354 1810 2503 1876; x_wconf 64' lang='grc' dir='ltr'>(τεεί,</span> <span class='ocrx_word' id='word_1_358' title='bbox 2538 1822 2589 1863; x_wconf 90' lang='lat' dir='ltr'><strong>et</strong></span> <span class='ocrx_word' id='word_1_359' title='bbox 2628 1809 2776 1863; x_wconf 90' lang='lat' dir='ltr'><strong>surdi</strong></span> <span class='ocrx_word' id='word_1_360' title='bbox 2828 1824 2987 1863; x_wconf 88' lang='lat' dir='ltr'><strong>aures</strong></span> <span class='ocrx_word' id='word_1_361' title='bbox 3040 1810 3262 1863; x_wconf 84' lang='lat' dir='ltr'><strong>habent.</strong></span> <span class='ocrx_word' id='word_1_362' title='bbox 3314 1807 3519 1869; x_wconf 88' lang='lat' dir='ltr'><strong>Omnes</strong></span> 
     </span>
    </p>
   </div>
   <div class='ocr_carea' id='block_1_47' title="bbox 1951 1900 3533 1975">
    <p class='ocr_par' dir='ltr' id='par_1_47' title="bbox 1951 1900 3533 1975">
     <span class='ocr_line' id='line_1_47' title="bbox 1951 1900 3533 1975; baseline 0.001 -20"><span class='ocrx_word' id='word_1_363' title='bbox 1951 1910 2136 1971; x_wconf 75' lang='lat' dir='ltr'><strong>gentes</strong></span> <span class='ocrx_word' id='word_1_364' title='bbox 2158 1911 2503 1970; x_wconf 69' lang='lat' dir='ltr'><strong>congregata:</strong></span> <span class='ocrx_word' id='word_1_365' title='bbox 2529 1909 2654 1954; x_wconf 90' lang='lat' dir='ltr'><strong>sunt</strong></span> <span class='ocrx_word' id='word_1_366' title='bbox 2692 1900 2954 1975; x_wconf 86' lang='lat' dir='ltr'><strong>simul,et</strong></span> <span class='ocrx_word' id='word_1_367' title='bbox 2997 1901 3222 1955; x_wconf 87' lang='lat' dir='ltr'><strong>coibunt</strong></span> <span class='ocrx_word' id='word_1_368' title='bbox 3256 1902 3533 1972; x_wconf 81' lang='lat' dir='ltr'><strong>principes</strong></span> 
     </span>
    </p>
   </div>
   <div class='ocr_carea' id='block_1_48' title="bbox 1949 1993 3533 2063">
    <p class='ocr_par' dir='ltr' id='par_1_48' title="bbox 1949 1993 3533 2063">
     <span class='ocr_line' id='line_1_48' title="bbox 1949 1993 3533 2063; baseline 0 -17"><span class='ocrx_word' id='word_1_369' title='bbox 1949 2009 2012 2048; x_wconf 79' lang='lat' dir='ltr'><strong>ex</strong></span> <span class='ocrx_word' id='word_1_370' title='bbox 2037 1994 2168 2048; x_wconf 65' lang='lat' dir='ltr'><strong>eis.»</strong></span> <span class='ocrx_word' id='word_1_371' title='bbox 2191 1993 2295 2048; x_wconf 86' lang='lat' dir='ltr'><strong>Per</strong></span> <span class='ocrx_word' id='word_1_372' title='bbox 2321 1993 2615 2062; x_wconf 85' lang='lat' dir='ltr'><strong>apostolica</strong></span> <span class='ocrx_word' id='word_1_373' title='bbox 2641 1994 2839 2063; x_wconf 87' lang='lat' dir='ltr'><strong>quippe</strong></span> <span class='ocrx_word' id='word_1_374' title='bbox 2863 1993 3072 2046; x_wconf 86' lang='lat' dir='ltr'><strong>semina</strong></span> <span class='ocrx_word' id='word_1_375' title='bbox 3112 2001 3164 2048; x_wconf 91' lang='lat' dir='ltr'><strong>et</strong></span> <span class='ocrx_word' id='word_1_376' title='bbox 3195 2008 3293 2063; x_wconf 88' lang='lat' dir='ltr'><strong>per</strong></span> <span class='ocrx_word' id='word_1_377' title='bbox 3324 1994 3533 2048; x_wconf 71' lang='lat' dir='ltr'><strong>doctri»</strong></span> 
     </span>
    </p>
   </div>
   <div class='ocr_carea' id='block_1_49' title="bbox 1954 2084 3531 2153">
    <p class='ocr_par' dir='ltr' id='par_1_49' title="bbox 1954 2084 3531 2153">
     <span class='ocr_line' id='line_1_49' title="bbox 1954 2084 3531 2153; baseline 0.001 -15"><span class='ocrx_word' id='word_1_378' title='bbox 1954 2101 2075 2138; x_wconf 87' lang='lat' dir='ltr'><strong>nam</strong></span> <span class='ocrx_word' id='word_1_379' title='bbox 2107 2099 2295 2140; x_wconf 88' lang='lat' dir='ltr'><strong>eorum</strong></span> <span class='ocrx_word' id='word_1_380' title='bbox 2346 2085 2576 2149; x_wconf 89' lang='lat' dir='ltr'><strong>mutati,</strong></span> <span class='ocrx_word' id='word_1_381' title='bbox 2614 2084 2703 2153; x_wconf 86' lang='lat' dir='ltr'><strong>qui</strong></span> <span class='ocrx_word' id='word_1_382' title='bbox 2736 2084 2863 2139; x_wconf 90' lang='lat' dir='ltr'><strong>olim</strong></span> <span class='ocrx_word' id='word_1_383' title='bbox 2895 2084 3023 2138; x_wconf 85' lang='lat' dir='ltr'><strong>caeci</strong></span> <span class='ocrx_word' id='word_1_384' title='bbox 3066 2097 3124 2139; x_wconf 84' lang='lat' dir='ltr'><strong>et</strong></span> <span class='ocrx_word' id='word_1_385' title='bbox 3157 2084 3305 2139; x_wconf 88' lang='lat' dir='ltr'><strong>surdi</strong></span> <span class='ocrx_word' id='word_1_386' title='bbox 3355 2094 3531 2151; x_wconf 79' lang='lat' dir='ltr'><strong>erant,</strong></span> 
     </span>
    </p>
   </div>
   <div class='ocr_carea' id='block_1_50' title="bbox 1952 2176 3534 2248">
    <p class='ocr_par' dir='ltr' id='par_1_50' title="bbox 1952 2176 3534 2248">
     <span class='ocr_line' id='line_1_50' title="bbox 1952 2176 3534 2248; baseline 0.003 -17"><span class='ocrx_word' id='word_1_387' title='bbox 1952 2178 2260 2248; x_wconf 79' lang='lat' dir='ltr'><strong>congregati</strong></span> <span class='ocrx_word' id='word_1_388' title='bbox 2294 2186 2421 2231; x_wconf 89' lang='lat' dir='ltr'><strong>sunt</strong></span> <span class='ocrx_word' id='word_1_389' title='bbox 2458 2178 2511 2229; x_wconf 90' lang='lat' dir='ltr'><strong>in</strong></span> <span class='ocrx_word' id='word_1_390' title='bbox 2550 2176 2787 2232; x_wconf 80' lang='lat' dir='ltr'><strong>Ecclesia</strong></span> <span class='ocrx_word' id='word_1_391' title='bbox 2821 2176 2911 2230; x_wconf 86' lang='lat' dir='ltr'><strong>Dei</strong></span> <span class='ocrx_word' id='word_1_392' title='bbox 2945 2195 2958 2231; x_wconf 91' lang='lat'><strong>:</strong></span> <span class='ocrx_word' id='word_1_393' title='bbox 2986 2176 3215 2247; x_wconf 82' lang='lat' dir='ltr'><strong>jamque</strong></span> <span class='ocrx_word' id='word_1_394' title='bbox 3254 2176 3534 2247; x_wconf 89' lang='lat' dir='ltr'><strong>principes</strong></span> 
     </span>
    </p>
   </div>
   <div class='ocr_carea' id='block_1_51' title="bbox 1951 2249 3533 2340">
    <p class='ocr_par' dir='ltr' id='par_1_51' title="bbox 1951 2249 3533 2340">
     <span class='ocr_line' id='line_1_51' title="bbox 1951 2249 3533 2340; baseline 0.003 -17"><span class='ocrx_word' id='word_1_395' title='bbox 1951 2278 2016 2323; x_wconf 78' lang='lat' dir='ltr'><strong>ex</strong></span> <span class='ocrx_word' id='word_1_396' title='bbox 2074 2269 2266 2324; x_wconf 84' lang='lat' dir='ltr'><strong>iisdem</strong></span> <span class='ocrx_word' id='word_1_397' title='bbox 2330 2269 2588 2339; x_wconf 83' lang='lat' dir='ltr'><strong>gentibus</strong></span> <span class='ocrx_word' id='word_1_398' title='bbox 2643 2268 2694 2323; x_wconf 93' lang='lat' dir='ltr'><strong>in</strong></span> <span class='ocrx_word' id='word_1_399' title='bbox 2771 2269 3023 2340; x_wconf 68' lang='lat' dir='ltr'><strong>poltulum</strong></span> <span class='ocrx_word' id='word_1_400' title='bbox 3090 2270 3182 2325; x_wconf 85' lang='lat' dir='ltr'><strong>Dei</strong></span> <span class='ocrx_word' id='word_1_401' title='bbox 3245 2249 3533 2327; x_wconf 75' lang='lat' dir='ltr'><strong>constituti</strong></span> 
     </span>
    </p>
   </div>
   <div class='ocr_carea' id='block_1_52' title="bbox 1953 2374 2099 2418">
    <p class='ocr_par' dir='ltr' id='par_1_52' title="bbox 1953 2374 2099 2418">
     <span class='ocr_line' id='line_1_52' title="bbox 1953 2374 2099 2418; baseline 0.007 -1"><span class='ocrx_word' id='word_1_402' title='bbox 1953 2374 2099 2418; x_wconf 73' lang='lat' dir='ltr'><strong>SUIIL</strong></span> 
     </span>
    </p>
   </div>
   <div class='ocr_carea' id='block_1_53' title="bbox 2027 2454 3533 2523">
    <p class='ocr_par' dir='ltr' id='par_1_53' title="bbox 2027 2454 3533 2523">
     <span class='ocr_line' id='line_1_53' title="bbox 2027 2454 3533 2523; baseline 0 -15"><span class='ocrx_word' id='word_1_403' title='bbox 2027 2454 2185 2509; x_wconf 73' lang='lat' dir='ltr'><strong>Vens.</strong></span> <span class='ocrx_word' id='word_1_404' title='bbox 2230 2454 2383 2509; x_wconf 84' lang='lat' dir='ltr'><strong>9-H.</strong></span> <span class='ocrx_word' id='word_1_405' title='bbox 2428 2473 2446 2505; x_wconf 86' lang='grc'><strong>‹</strong></span> <span class='ocrx_word' id='word_1_406' title='bbox 2477 2454 2607 2520; x_wconf 85' lang='lat' dir='ltr'><strong>Quis</strong></span> <span class='ocrx_word' id='word_1_407' title='bbox 2640 2454 2982 2507; x_wconf 84' lang='lat' dir='ltr'><strong>annuntiabit</strong></span> <span class='ocrx_word' id='word_1_408' title='bbox 3011 2454 3126 2508; x_wconf 77' lang='lat' dir='ltr'><strong>lucc</strong></span> <span class='ocrx_word' id='word_1_409' title='bbox 3151 2493 3165 2519; x_wconf 93' lang='lat'><strong>,</strong></span> <span class='ocrx_word' id='word_1_410' title='bbox 3217 2463 3271 2507; x_wconf 92' lang='lat' dir='ltr'><strong>ct</strong></span> <span class='ocrx_word' id='word_1_411' title='bbox 3320 2469 3440 2523; x_wconf 67' lang='lat' dir='ltr'><strong>qua:</strong></span> <span class='ocrx_word' id='word_1_412' title='bbox 3466 2455 3533 2509; x_wconf 87' lang='lat' dir='ltr'><strong>ab</strong></span> 
     </span>
    </p>
   </div>
   <div class='ocr_carea' id='block_1_54' title="bbox 1954 2547 3533 2616">
    <p class='ocr_par' dir='ltr' id='par_1_54' title="bbox 1954 2547 3533 2616">
     <span class='ocr_line' id='line_1_54' title="bbox 1954 2547 3533 2616; baseline -0.002 -13"><span class='ocrx_word' id='word_1_413' title='bbox 1954 2549 2112 2603; x_wconf 87' lang='lat' dir='ltr'><strong>initio</strong></span> <span class='ocrx_word' id='word_1_414' title='bbox 2143 2548 2265 2616; x_wconf 83' lang='lat' dir='ltr'><strong>quis</strong></span> <span class='ocrx_word' id='word_1_415' title='bbox 2309 2548 2587 2601; x_wconf 83' lang='lat' dir='ltr'><strong>enarrabit</strong></span> <span class='ocrx_word' id='word_1_416' title='bbox 2621 2547 2819 2601; x_wconf 76' lang='lat' dir='ltr'><strong>vobis?</strong></span> <span class='ocrx_word' id='word_1_417' title='bbox 2846 2548 3131 2599; x_wconf 82' lang='lat' dir='ltr'><strong>Adducant</strong></span> <span class='ocrx_word' id='word_1_418' title='bbox 3173 2550 3338 2601; x_wconf 85' lang='lat' dir='ltr'><strong>testes</strong></span> <span class='ocrx_word' id='word_1_419' title='bbox 3384 2561 3533 2612; x_wconf 89' lang='lat' dir='ltr'><strong>suos,</strong></span> 
     </span>
    </p>
   </div>
   <div class='ocr_carea' id='block_1_55' title="bbox 1953 2638 3532 2711">
    <p class='ocr_par' dir='ltr' id='par_1_55' title="bbox 1953 2638 3532 2711">
     <span class='ocr_line' id='line_1_55' title="bbox 1953 2638 3532 2711; baseline -0.003 -16"><span class='ocrx_word' id='word_1_420' title='bbox 1953 2641 2410 2711; x_wconf 84' lang='lat' dir='ltr'><strong>ctjustilieentur.</strong></span> <span class='ocrx_word' id='word_1_421' title='bbox 2448 2646 2502 2692; x_wconf 91' lang='lat' dir='ltr'><strong>et</strong></span> <span class='ocrx_word' id='word_1_422' title='bbox 2533 2638 2756 2692; x_wconf 86' lang='lat' dir='ltr'><strong>audiant</strong></span> <span class='ocrx_word' id='word_1_423' title='bbox 2787 2646 2841 2693; x_wconf 90' lang='lat' dir='ltr'><strong>et</strong></span> <span class='ocrx_word' id='word_1_424' title='bbox 2870 2638 3054 2691; x_wconf 89' lang='lat' dir='ltr'><strong>dicant</strong></span> <span class='ocrx_word' id='word_1_425' title='bbox 3082 2651 3201 2707; x_wconf 70' lang='lat' dir='ltr'><strong>qua:</strong></span> <span class='ocrx_word' id='word_1_426' title='bbox 3228 2652 3355 2689; x_wconf 88' lang='lat' dir='ltr'><strong>vera</strong></span> <span class='ocrx_word' id='word_1_427' title='bbox 3387 2645 3532 2690; x_wconf 87' lang='lat' dir='ltr'><strong>sunt.</strong></span> 
     </span>
    </p>
   </div>
   <div class='ocr_carea' id='block_1_56' title="bbox 1956 2727 3536 2801">
    <p class='ocr_par' dir='ltr' id='par_1_56' title="bbox 1956 2727 3536 2801">
     <span class='ocr_line' id='line_1_56' title="bbox 1956 2727 3536 2801; baseline -0.001 -15"><span class='ocrx_word' id='word_1_428' title='bbox 1956 2734 2137 2787; x_wconf 87' lang='lat' dir='ltr'><strong>Estote</strong></span> <span class='ocrx_word' id='word_1_429' title='bbox 2172 2732 2301 2785; x_wconf 89' lang='lat' dir='ltr'><strong>milii</strong></span> <span class='ocrx_word' id='word_1_430' title='bbox 2343 2742 2549 2794; x_wconf 89' lang='lat' dir='ltr'><strong>testes,</strong></span> <span class='ocrx_word' id='word_1_431' title='bbox 2609 2740 2660 2783; x_wconf 88' lang='lat' dir='ltr'><strong>et</strong></span> <span class='ocrx_word' id='word_1_432' title='bbox 2716 2744 2815 2801; x_wconf 84' lang='lat' dir='ltr'><strong>ego</strong></span> <span class='ocrx_word' id='word_1_433' title='bbox 2874 2730 3046 2793; x_wconf 89' lang='lat' dir='ltr'><strong>testis,</strong></span> <span class='ocrx_word' id='word_1_434' title='bbox 3091 2728 3224 2782; x_wconf 86' lang='lat' dir='ltr'><strong>dicit</strong></span> <span class='ocrx_word' id='word_1_435' title='bbox 3275 2727 3536 2785; x_wconf 80' lang='lat' dir='ltr'><strong>Dominus</strong></span> 
     </span>
    </p>
   </div>
   <div class='ocr_carea' id='block_1_57' title="bbox 1956 2819 3534 2891">
    <p class='ocr_par' dir='ltr' id='par_1_57' title="bbox 1956 2819 3534 2891">
     <span class='ocr_line' id='line_1_57' title="bbox 1956 2819 3534 2891; baseline -0.003 -13"><span class='ocrx_word' id='word_1_436' title='bbox 1956 2824 2131 2886; x_wconf 90' lang='lat' dir='ltr'><strong>Deus,</strong></span> <span class='ocrx_word' id='word_1_437' title='bbox 2161 2831 2215 2876; x_wconf 91' lang='lat' dir='ltr'><strong>et</strong></span> <span class='ocrx_word' id='word_1_438' title='bbox 2251 2837 2383 2891; x_wconf 81' lang='lat' dir='ltr'><strong>puer</strong></span> <span class='ocrx_word' id='word_1_439' title='bbox 2416 2837 2588 2887; x_wconf 89' lang='lat' dir='ltr'><strong>meus,</strong></span> <span class='ocrx_word' id='word_1_440' title='bbox 2636 2836 2796 2890; x_wconf 87' lang='lat' dir='ltr'><strong>quem</strong></span> <span class='ocrx_word' id='word_1_441' title='bbox 2848 2819 3006 2890; x_wconf 76' lang='lat' dir='ltr'><strong>elegi.</strong></span> <span class='ocrx_word' id='word_1_442' title='bbox 3040 2840 3057 2871; x_wconf 73' lang='grc' dir='ltr'><strong>ι</strong></span> <span class='ocrx_word' id='word_1_443' title='bbox 3115 2819 3381 2886; x_wconf 83' lang='lat' dir='ltr'><strong>Quoniam</strong></span> <span class='ocrx_word' id='word_1_444' title='bbox 3433 2836 3534 2890; x_wconf 79' lang='lat' dir='ltr'><strong>ego</strong></span> 
     </span>
    </p>
   </div>
   <div class='ocr_carea' id='block_1_58' title="bbox 1956 2912 3532 2985">
    <p class='ocr_par' dir='ltr' id='par_1_58' title="bbox 1956 2912 3532 2985">
     <span class='ocr_line' id='line_1_58' title="bbox 1956 2912 3532 2985; baseline -0.001 -17"><span class='ocrx_word' id='word_1_445' title='bbox 1956 2915 2095 2969; x_wconf 89' lang='lat' dir='ltr'><strong>Deus</strong></span> <span class='ocrx_word' id='word_1_446' title='bbox 2128 2916 2282 2969; x_wconf 86' lang='lat' dir='ltr'><strong>testis</strong></span> <span class='ocrx_word' id='word_1_447' title='bbox 2322 2918 2507 2968; x_wconf 83' lang='lat' dir='ltr'><strong>eorum</strong></span> <span class='ocrx_word' id='word_1_448' title='bbox 2544 2928 2674 2977; x_wconf 89' lang='lat' dir='ltr'><strong>ero,</strong></span> <span class='ocrx_word' id='word_1_449' title='bbox 2706 2921 2759 2966; x_wconf 90' lang='lat' dir='ltr'><strong>et</strong></span> <span class='ocrx_word' id='word_1_450' title='bbox 2789 2930 2921 2981; x_wconf 85' lang='lat' dir='ltr'><strong>puer</strong></span> <span class='ocrx_word' id='word_1_451' title='bbox 2955 2928 3127 2979; x_wconf 85' lang='lat' dir='ltr'><strong>meus,</strong></span> <span class='ocrx_word' id='word_1_452' title='bbox 3163 2928 3323 2982; x_wconf 87' lang='lat' dir='ltr'><strong>quem</strong></span> <span class='ocrx_word' id='word_1_453' title='bbox 3359 2912 3532 2985; x_wconf 78' lang='lat' dir='ltr'><strong>elegi;</strong></span> 
     </span>
    </p>
   </div>
   <div class='ocr_carea' id='block_1_59' title="bbox 1954 3005 3534 3077">
    <p class='ocr_par' dir='ltr' id='par_1_59' title="bbox 1954 3005 3534 3077">
     <span class='ocr_line' id='line_1_59' title="bbox 1954 3005 3534 3077; baseline 0.001 -16"><span class='ocrx_word' id='word_1_454' title='bbox 1954 3009 2021 3061; x_wconf 89' lang='lat' dir='ltr'><strong>de</strong></span> <span class='ocrx_word' id='word_1_455' title='bbox 2050 3022 2156 3075; x_wconf 90' lang='lat' dir='ltr'><strong>quo</strong></span> <span class='ocrx_word' id='word_1_456' title='bbox 2180 3007 2431 3075; x_wconf 89' lang='lat' dir='ltr'><strong>superius</strong></span> <span class='ocrx_word' id='word_1_457' title='bbox 2462 3005 2677 3061; x_wconf 89' lang='lat' dir='ltr'><strong>dicebat</strong></span> <span class='ocrx_word' id='word_1_458' title='bbox 2705 3046 2718 3068; x_wconf 94' lang='lat'><strong>,</strong></span> <span class='ocrx_word' id='word_1_459' title='bbox 2768 3023 2787 3055; x_wconf 69' lang='grc' dir='ltr'><strong>ι</strong></span> <span class='ocrx_word' id='word_1_460' title='bbox 2818 3005 2956 3059; x_wconf 85' lang='lat' dir='ltr'><strong>Ecce</strong></span> <span class='ocrx_word' id='word_1_461' title='bbox 2998 3020 3133 3075; x_wconf 85' lang='lat' dir='ltr'><strong>puer</strong></span> <span class='ocrx_word' id='word_1_462' title='bbox 3157 3020 3307 3059; x_wconf 90' lang='lat' dir='ltr'><strong>meus</strong></span> <span class='ocrx_word' id='word_1_463' title='bbox 3330 3046 3346 3071; x_wconf 91' lang='lat'><strong>,</strong></span> <span class='ocrx_word' id='word_1_464' title='bbox 3372 3022 3534 3077; x_wconf 89' lang='lat' dir='ltr'><strong>quem</strong></span> 
     </span>
    </p>
   </div>
   <div class='ocr_carea' id='block_1_60' title="bbox 1954 3098 3537 3172">
    <p class='ocr_par' dir='ltr' id='par_1_60' title="bbox 1954 3098 3537 3172">
     <span class='ocr_line' id='line_1_60' title="bbox 1954 3098 3537 3172; baseline -0.002 -17"><span class='ocrx_word' id='word_1_465' title='bbox 1954 3101 2116 3172; x_wconf 75' lang='lat' dir='ltr'><strong>elegi,</strong></span> <span class='ocrx_word' id='word_1_466' title='bbox 2147 3100 2355 3155; x_wconf 90' lang='lat' dir='ltr'><strong>electus</strong></span> <span class='ocrx_word' id='word_1_467' title='bbox 2381 3112 2553 3162; x_wconf 90' lang='lat' dir='ltr'><strong>mens,</strong></span> <span class='ocrx_word' id='word_1_468' title='bbox 2582 3098 2822 3167; x_wconf 88' lang='lat' dir='ltr'><strong>suscepit</strong></span> <span class='ocrx_word' id='word_1_469' title='bbox 2845 3112 2967 3150; x_wconf 89' lang='lat' dir='ltr'><strong>cum</strong></span> <span class='ocrx_word' id='word_1_470' title='bbox 2994 3098 3172 3150; x_wconf 85' lang='lat' dir='ltr'><strong>anima</strong></span> <span class='ocrx_word' id='word_1_471' title='bbox 3200 3112 3337 3152; x_wconf 91' lang='lat' dir='ltr'><strong>mea.</strong></span> <span class='ocrx_word' id='word_1_472' title='bbox 3370 3115 3390 3150; x_wconf 71' lang='grc' dir='ltr'><strong>ι</strong></span> <span class='ocrx_word' id='word_1_473' title='bbox 3427 3098 3537 3167; x_wconf 79' lang='lat' dir='ltr'><strong>Ego</strong></span> 
     </span>
    </p>
   </div>
   <div class='ocr_carea' id='block_1_61' title="bbox 1956 3188 3535 3261">
    <p class='ocr_par' dir='ltr' id='par_1_61' title="bbox 1956 3188 3535 3261">
     <span class='ocr_line' id='line_1_61' title="bbox 1956 3188 3535 3261; baseline -0.001 -15"><span class='ocrx_word' id='word_1_474' title='bbox 1956 3192 2137 3261; x_wconf 91' lang='lat' dir='ltr'><strong>itaque</strong></span> <span class='ocrx_word' id='word_1_475' title='bbox 2170 3191 2285 3261; x_wconf 89' lang='lat' dir='ltr'><strong>ipse</strong></span> <span class='ocrx_word' id='word_1_476' title='bbox 2321 3192 2482 3254; x_wconf 88' lang='lat' dir='ltr'><strong>Deus,</strong></span> <span class='ocrx_word' id='word_1_477' title='bbox 2525 3199 2578 3244; x_wconf 91' lang='lat' dir='ltr'><strong>et</strong></span> <span class='ocrx_word' id='word_1_478' title='bbox 2608 3188 2694 3243; x_wconf 91' lang='lat' dir='ltr'><strong>hic</strong></span> <span class='ocrx_word' id='word_1_479' title='bbox 2727 3205 2862 3258; x_wconf 85' lang='lat' dir='ltr'><strong>puer</strong></span> <span class='ocrx_word' id='word_1_480' title='bbox 2899 3189 3108 3244; x_wconf 81' lang='lat' dir='ltr'><strong>electus</strong></span> <span class='ocrx_word' id='word_1_481' title='bbox 3156 3204 3340 3256; x_wconf 86' lang='lat' dir='ltr'><strong>meus,</strong></span> <span class='ocrx_word' id='word_1_482' title='bbox 3381 3190 3535 3245; x_wconf 93' lang='lat' dir='ltr'><strong>testi-</strong></span> 
     </span>
    </p>
   </div>
   <div class='ocr_carea' id='block_1_62' title="bbox 264 3262 1850 3370">
    <p class='ocr_par' dir='ltr' id='par_1_62' title="bbox 264 3262 1850 3339">
     <span class='ocr_line' id='line_1_62' title="bbox 264 3262 1850 3339; baseline 0 -20"><span class='ocrx_word' id='word_1_483' title='bbox 264 3266 424 3331; x_wconf 70' lang='grc' dir='ltr'>Θεὸς,</span> <span class='ocrx_word' id='word_1_484' title='bbox 462 3266 559 3319; x_wconf 75' lang='grc' dir='ltr'><strong>καὶ</strong></span> <span class='ocrx_word' id='word_1_485' title='bbox 590 3267 618 3318; x_wconf 95' lang='lat'><strong>6</strong></span> <span class='ocrx_word' id='word_1_486' title='bbox 656 3269 781 3329; x_wconf 89' lang='grc' dir='ltr'>παῖς</span> <span class='ocrx_word' id='word_1_487' title='bbox 818 3262 971 3331; x_wconf 72' lang='grc' dir='ltr'>οὗτος</span> <span class='ocrx_word' id='word_1_488' title='bbox 998 3270 1026 3321; x_wconf 93' lang='lat'><strong>6</strong></span> <span class='ocrx_word' id='word_1_489' title='bbox 1054 3267 1309 3331; x_wconf 83' lang='grc' dir='ltr'>ἐκλεκτός</span> <span class='ocrx_word' id='word_1_490' title='bbox 1359 3286 1482 3338; x_wconf 89' lang='grc' dir='ltr'>μου,</span> <span class='ocrx_word' id='word_1_491' title='bbox 1522 3268 1850 3339; x_wconf 82' lang='grc' dir='ltr'>μαρτυρήσω</span> 
     </span>
    </p>
   </div>
   <div class='ocr_carea' id='block_1_63' title="bbox 1961 3262 3537 3370">
    <p class='ocr_par' dir='ltr' id='par_1_63' title="bbox 1961 3279 3537 3351">
     <span class='ocr_line' id='line_1_63' title="bbox 1961 3279 3537 3351; baseline -0.001 -13"><span class='ocrx_word' id='word_1_492' title='bbox 1961 3285 2164 3341; x_wconf 85' lang='lat' dir='ltr'><strong>ﬁcabor</strong></span> <span class='ocrx_word' id='word_1_493' title='bbox 2200 3284 2432 3339; x_wconf 76' lang='lat' dir='ltr'><strong>testibus</strong></span> <span class='ocrx_word' id='word_1_494' title='bbox 2480 3281 2654 3348; x_wconf 86' lang='lat' dir='ltr'><strong>meis,</strong></span> <span class='ocrx_word' id='word_1_495' title='bbox 2709 3282 2855 3351; x_wconf 89' lang='lat' dir='ltr'><strong>quod</strong></span> <span class='ocrx_word' id='word_1_496' title='bbox 2904 3281 3159 3335; x_wconf 89' lang='lat' dir='ltr'><strong>nimirum</strong></span> <span class='ocrx_word' id='word_1_497' title='bbox 3200 3279 3452 3336; x_wconf 84' lang='lat' dir='ltr'><strong>Salvator</strong></span> <span class='ocrx_word' id='word_1_498' title='bbox 3481 3281 3537 3336; x_wconf 87' lang='lat' dir='ltr'><strong>in</strong></span> 
     </span>
    </p>
   </div>
   <div class='ocr_carea' id='block_1_64' title="bbox 264 3356 1850 3448">
    <p class='ocr_par' dir='ltr' id='par_1_64' title="bbox 264 3356 1850 3427">
     <span class='ocr_line' id='line_1_64' title="bbox 264 3356 1850 3427; baseline -0.001 -18"><span class='ocrx_word' id='word_1_499' title='bbox 264 3361 373 3421; x_wconf 89' lang='grc' dir='ltr'>τοῖς</span> <span class='ocrx_word' id='word_1_500' title='bbox 402 3359 562 3427; x_wconf 81' lang='grc' dir='ltr'>ἐμοῖς</span> <span class='ocrx_word' id='word_1_501' title='bbox 594 3356 827 3427; x_wconf 83' lang='grc' dir='ltr'>μάρτυσι</span> <span class='ocrx_word' id='word_1_502' title='bbox 849 3373 863 3386; x_wconf 69' lang='grc'><strong><em>⁵</em></strong></span> <span class='ocrx_word' id='word_1_503' title='bbox 903 3357 930 3409; x_wconf 80' lang='lat'><strong>6</strong></span> <span class='ocrx_word' id='word_1_504' title='bbox 963 3356 1026 3427; x_wconf 82' lang='grc' dir='ltr'>δὴ</span> <span class='ocrx_word' id='word_1_505' title='bbox 1053 3357 1148 3409; x_wconf 74' lang='grc' dir='ltr'>καὶ</span> <span class='ocrx_word' id='word_1_506' title='bbox 1174 3356 1407 3427; x_wconf 77' lang='grc' dir='ltr'>ὁΣωτὴρ</span> <span class='ocrx_word' id='word_1_507' title='bbox 1429 3358 1486 3409; x_wconf 83' lang='grc' dir='ltr'>ὲν</span> <span class='ocrx_word' id='word_1_508' title='bbox 1503 3356 1850 3426; x_wconf 82' lang='grc' dir='ltr'>Εὑαγγελίοις</span> 
     </span>
    </p>
   </div>
   <div class='ocr_carea' id='block_1_65' title="bbox 1961 3356 3539 3448">
    <p class='ocr_par' dir='ltr' id='par_1_65' title="bbox 1961 3370 3539 3448">
     <span class='ocr_line' id='line_1_65' title="bbox 1961 3370 3539 3448; baseline -0.005 -15"><span class='ocrx_word' id='word_1_509' title='bbox 1961 3376 2265 3448; x_wconf 86' lang='lat' dir='ltr'><strong>Evangeliis</strong></span> <span class='ocrx_word' id='word_1_510' title='bbox 2291 3374 2607 3431; x_wconf 88' lang='lat' dir='ltr'><strong>declarabat</strong></span> <span class='ocrx_word' id='word_1_511' title='bbox 2632 3373 2718 3429; x_wconf 92' lang='lat' dir='ltr'><strong>his</strong></span> <span class='ocrx_word' id='word_1_512' title='bbox 2759 3372 2961 3437; x_wconf 89' lang='lat' dir='ltr'><strong>verbis,</strong></span> <span class='ocrx_word' id='word_1_513' title='bbox 3002 3389 3020 3422; x_wconf 75' lang='grc' dir='ltr'><strong>ι</strong></span> <span class='ocrx_word' id='word_1_514' title='bbox 3051 3370 3372 3439; x_wconf 85' lang='lat' dir='ltr'><strong>Quicunque</strong></span> <span class='ocrx_word' id='word_1_515' title='bbox 3401 3386 3539 3426; x_wconf 84' lang='lat' dir='ltr'><strong>con-</strong></span> 
     </span>
    </p>
   </div>
   <div class='ocr_carea' id='block_1_66' title="bbox 264 3447 1854 3521">
    <p class='ocr_par' dir='ltr' id='par_1_66' title="bbox 264 3447 1854 3521">
     <span class='ocr_line' id='line_1_66' title="bbox 264 3447 1854 3521; baseline 0.001 -21"><span class='ocrx_word' id='word_1_516' title='bbox 264 3449 461 3519; x_wconf 84' lang='grc' dir='ltr'>ὲδήλου</span> <span class='ocrx_word' id='word_1_517' title='bbox 497 3448 673 3515; x_wconf 85' lang='grc' dir='ltr'>λέγων</span> <span class='ocrx_word' id='word_1_518' title='bbox 694 3465 707 3477; x_wconf 93' lang='grc'><strong>·</strong></span> <span class='ocrx_word' id='word_1_519' title='bbox 744 3466 762 3499; x_wconf 71' lang='grc' dir='ltr'><strong>ι</strong></span> <span class='ocrx_word' id='word_1_520' title='bbox 794 3449 889 3510; x_wconf 85' lang='grc' dir='ltr'>Ὃς</span> <span class='ocrx_word' id='word_1_521' title='bbox 922 3447 1015 3500; x_wconf 78' lang='grc' dir='ltr'>ἐὰν</span> <span class='ocrx_word' id='word_1_522' title='bbox 1046 3447 1358 3521; x_wconf 79' lang='grc' dir='ltr'>ὁμολογήσῃ</span> <span class='ocrx_word' id='word_1_523' title='bbox 1391 3450 1448 3501; x_wconf 86' lang='grc' dir='ltr'>ὲν</span> <span class='ocrx_word' id='word_1_524' title='bbox 1482 3448 1603 3519; x_wconf 78' lang='grc' dir='ltr'>ἐμοὶ</span> <span class='ocrx_word' id='word_1_525' title='bbox 1650 3447 1854 3519; x_wconf 78' lang='grc' dir='ltr'>ἔμπρο-</span> 
     </span>
    </p>
   </div>
   <div class='ocr_carea' id='block_1_67' title="bbox 264 3538 1853 3612">
    <p class='ocr_par' dir='ltr' id='par_1_67' title="bbox 264 3538 1853 3612">
     <span class='ocr_line' id='line_1_67' title="bbox 264 3538 1853 3612; baseline -0.001 -18"><span class='ocrx_word' id='word_1_526' title='bbox 264 3541 390 3594; x_wconf 87' lang='grc' dir='ltr'>σθεν</span> <span class='ocrx_word' id='word_1_527' title='bbox 432 3540 541 3593; x_wconf 81' lang='grc' dir='ltr'><strong>τῶν</strong></span> <span class='ocrx_word' id='word_1_528' title='bbox 569 3538 888 3611; x_wconf 83' lang='grc' dir='ltr'>ἀνθρώπων,</span> <span class='ocrx_word' id='word_1_529' title='bbox 917 3539 1235 3611; x_wconf 79' lang='grc' dir='ltr'>ὁμολογήσω</span> <span class='ocrx_word' id='word_1_530' title='bbox 1276 3539 1432 3609; x_wconf 81' lang='grc' dir='ltr'><strong>κάγὼ</strong></span> <span class='ocrx_word' id='word_1_531' title='bbox 1463 3544 1519 3595; x_wconf 80' lang='grc' dir='ltr'>ἐν</span> <span class='ocrx_word' id='word_1_532' title='bbox 1563 3540 1709 3612; x_wconf 77' lang='grc' dir='ltr'>αὐτῷ</span> <span class='ocrx_word' id='word_1_533' title='bbox 1754 3540 1853 3612; x_wconf 81' lang='grc' dir='ltr'><strong>ἔμ-</strong></span> 
     </span>
    </p>
   </div>
   <div class='ocr_carea' id='block_1_68' title="bbox 267 3630 1854 3704">
    <p class='ocr_par' dir='ltr' id='par_1_68' title="bbox 267 3630 1854 3704">
     <span class='ocr_line' id='line_1_68' title="bbox 267 3630 1854 3704; baseline 0.001 -20"><span class='ocrx_word' id='word_1_534' title='bbox 267 3631 513 3704; x_wconf 83' lang='grc' dir='ltr'>προσθεν</span> <span class='ocrx_word' id='word_1_535' title='bbox 546 3630 641 3683; x_wconf 88' lang='grc' dir='ltr'><strong>τοῦ</strong></span> <span class='ocrx_word' id='word_1_536' title='bbox 672 3631 883 3700; x_wconf 77' lang='grc' dir='ltr'>Πατρός</span> <span class='ocrx_word' id='word_1_537' title='bbox 922 3648 1022 3701; x_wconf 86' lang='grc' dir='ltr'><strong>μου</strong></span> <span class='ocrx_word' id='word_1_538' title='bbox 1050 3632 1145 3684; x_wconf 86' lang='grc' dir='ltr'><strong>τοῦ</strong></span> <span class='ocrx_word' id='word_1_539' title='bbox 1181 3633 1239 3684; x_wconf 79' lang='grc' dir='ltr'>ὲν</span> <span class='ocrx_word' id='word_1_540' title='bbox 1276 3635 1390 3696; x_wconf 87' lang='grc' dir='ltr'>τοῖς</span> <span class='ocrx_word' id='word_1_541' title='bbox 1430 3633 1696 3704; x_wconf 74' lang='grc' dir='ltr'>οὐρανοῖς.</span> <span class='ocrx_word' id='word_1_542' title='bbox 1737 3633 1854 3686; x_wconf 86' lang='grc' dir='ltr'>Ἵνα</span> 
     </span>
    </p>
   </div>
   <div class='ocr_carea' id='block_1_69' title="bbox 260 3720 1849 3793">
    <p class='ocr_par' dir='ltr' id='par_1_69' title="bbox 260 3720 1849 3793">
     <span class='ocr_line' id='line_1_69' title="bbox 260 3720 1849 3793; baseline 0 -17"><span class='ocrx_word' id='word_1_543' title='bbox 260 3724 442 3792; x_wconf 83' lang='grc' dir='ltr'>γνῶτε</span> <span class='ocrx_word' id='word_1_544' title='bbox 493 3722 588 3775; x_wconf 83' lang='grc' dir='ltr'>καὶ</span> <span class='ocrx_word' id='word_1_545' title='bbox 638 3720 987 3793; x_wconf 79' lang='grc' dir='ltr'>πιστεύσητε,</span> <span class='ocrx_word' id='word_1_546' title='bbox 1040 3722 1134 3775; x_wconf 79' lang='grc' dir='ltr'>καὶ</span> <span class='ocrx_word' id='word_1_547' title='bbox 1177 3724 1394 3793; x_wconf 80' lang='grc' dir='ltr'>συνῆτε,</span> <span class='ocrx_word' id='word_1_548' title='bbox 1444 3725 1525 3776; x_wconf 84' lang='grc' dir='ltr'>ὅτι</span> <span class='ocrx_word' id='word_1_549' title='bbox 1576 3723 1686 3791; x_wconf 77' lang='grc' dir='ltr'><strong>ἐγώ</strong></span> <span class='ocrx_word' id='word_1_550' title='bbox 1716 3726 1849 3793; x_wconf 85' lang='grc' dir='ltr'>είμι.</span> 
     </span>
    </p>
   </div>
   <div class='ocr_carea' id='block_1_70' title="bbox 324 3814 1853 3887">
    <p class='ocr_par' dir='ltr' id='par_1_70' title="bbox 324 3814 1853 3887">
     <span class='ocr_line' id='line_1_70' title="bbox 324 3814 1853 3887; baseline -0.002 -17"><span class='ocrx_word' id='word_1_551' title='bbox 324 3836 344 3870; x_wconf 85' lang='grc'><strong>‹</strong></span> <span class='ocrx_word' id='word_1_552' title='bbox 390 3814 747 3887; x_wconf 86' lang='grc' dir='ltr'>Ἔμπροσθέν</span> <span class='ocrx_word' id='word_1_553' title='bbox 781 3832 879 3885; x_wconf 89' lang='grc' dir='ltr'><strong>μου</strong></span> <span class='ocrx_word' id='word_1_554' title='bbox 911 3815 1011 3867; x_wconf 78' lang='grc' dir='ltr'>οὐκ</span> <span class='ocrx_word' id='word_1_555' title='bbox 1026 3816 1241 3884; x_wconf 78' lang='grc' dir='ltr'>ἐγένετο</span> <span class='ocrx_word' id='word_1_556' title='bbox 1261 3815 1419 3879; x_wconf 77' lang='grc' dir='ltr'>ἄλλος</span> <span class='ocrx_word' id='word_1_557' title='bbox 1448 3817 1597 3880; x_wconf 83' lang='grc' dir='ltr'>Θεὸς,</span> <span class='ocrx_word' id='word_1_558' title='bbox 1624 3816 1715 3869; x_wconf 78' lang='grc' dir='ltr'>καὶ</span> <span class='ocrx_word' id='word_1_559' title='bbox 1737 3817 1853 3887; x_wconf 87' lang='grc' dir='ltr'>μετ’</span> 
     </span>
    </p>
   </div>
   <div class='ocr_carea' id='block_1_71' title="bbox 265 3906 1852 3979">
    <p class='ocr_par' dir='ltr' id='par_1_71' title="bbox 265 3906 1852 3979">
     <span class='ocr_line' id='line_1_71' title="bbox 265 3906 1852 3979; baseline -0.001 -18"><span class='ocrx_word' id='word_1_560' title='bbox 265 3908 363 3979; x_wconf 67' lang='grc' dir='ltr'><strong>ἐμὲ</strong></span> <span class='ocrx_word' id='word_1_561' title='bbox 394 3909 498 3959; x_wconf 80' lang='grc' dir='ltr'>οὐκ</span> <span class='ocrx_word' id='word_1_562' title='bbox 532 3907 665 3959; x_wconf 75' lang='grc' dir='ltr'>ἐστι.</span> <span class='ocrx_word' id='word_1_563' title='bbox 690 3926 707 3957; x_wconf 76' lang='grc' dir='ltr'><strong>ι</strong></span> <span class='ocrx_word' id='word_1_564' title='bbox 743 3906 815 3959; x_wconf 86' lang='grc' dir='ltr'><strong>Τὸ</strong></span> <span class='ocrx_word' id='word_1_565' title='bbox 846 3906 955 3978; x_wconf 80' lang='grc' dir='ltr'><strong>γὰρ</strong></span> <span class='ocrx_word' id='word_1_566' title='bbox 976 3907 1146 3960; x_wconf 83' lang='grc' dir='ltr'>αἴτιον</span> <span class='ocrx_word' id='word_1_567' title='bbox 1172 3907 1273 3978; x_wconf 79' lang='grc' dir='ltr'>τῆς</span> <span class='ocrx_word' id='word_1_568' title='bbox 1296 3908 1391 3961; x_wconf 89' lang='grc' dir='ltr'><strong>τοῦ</strong></span> <span class='ocrx_word' id='word_1_569' title='bbox 1420 3906 1656 3979; x_wconf 82' lang='grc' dir='ltr'>Χριστοῦ</span> <span class='ocrx_word' id='word_1_570' title='bbox 1701 3924 1852 3979; x_wconf 83' lang='grc' dir='ltr'>παρ-</span> 
     </span>
    </p>
   </div>
   <div class='ocr_carea' id='block_1_72' title="bbox 263 3997 1856 4068">
    <p class='ocr_par' dir='ltr' id='par_1_72' title="bbox 263 3997 1856 4068">
     <span class='ocr_line' id='line_1_72' title="bbox 263 3997 1856 4068; baseline 0.003 -19"><span class='ocrx_word' id='word_1_571' title='bbox 263 4000 456 4060; x_wconf 80' lang='grc' dir='ltr'>ουσίας</span> <span class='ocrx_word' id='word_1_572' title='bbox 487 3999 581 4050; x_wconf 74' lang='grc' dir='ltr'>καὶ</span> <span class='ocrx_word' id='word_1_573' title='bbox 615 3999 714 4068; x_wconf 83' lang='grc' dir='ltr'>τῆς</span> <span class='ocrx_word' id='word_1_574' title='bbox 747 3997 856 4050; x_wconf 84' lang='grc' dir='ltr'>τῶν</span> <span class='ocrx_word' id='word_1_575' title='bbox 906 3998 1224 4051; x_wconf 82' lang='grc' dir='ltr'>ἀποστόλων</span> <span class='ocrx_word' id='word_1_576' title='bbox 1260 3999 1425 4053; x_wconf 85' lang='grc' dir='ltr'>αὑτοῦ</span> <span class='ocrx_word' id='word_1_577' title='bbox 1456 4001 1536 4063; x_wconf 88' lang='grc' dir='ltr'><strong>είς</strong></span> <span class='ocrx_word' id='word_1_578' title='bbox 1584 4000 1761 4054; x_wconf 88' lang='grc' dir='ltr'>πάντα</span> <span class='ocrx_word' id='word_1_579' title='bbox 1786 3999 1856 4053; x_wconf 76' lang='grc' dir='ltr'><strong>τὰ</strong></span> 
     </span>
    </p>
   </div>
   <div class='ocr_carea' id='block_1_73' title="bbox 268 4086 1854 4163">
    <p class='ocr_par' dir='ltr' id='par_1_73' title="bbox 268 4086 1854 4163">
     <span class='ocr_line' id='line_1_73' title="bbox 268 4086 1854 4163; baseline 0.003 -23"><span class='ocrx_word' id='word_1_580' title='bbox 268 4088 397 4162; x_wconf 72' lang='grc' dir='ltr'>ἔθνη</span> <span class='ocrx_word' id='word_1_581' title='bbox 448 4090 750 4161; x_wconf 80' lang='grc' dir='ltr'>μαρτυρίας</span> <span class='ocrx_word' id='word_1_582' title='bbox 778 4089 928 4142; x_wconf 80' lang='grc' dir='ltr'>οὐδὲν</span> <span class='ocrx_word' id='word_1_583' title='bbox 966 4090 1151 4161; x_wconf 71' lang='grc' dir='ltr'>ἕτερον</span> <span class='ocrx_word' id='word_1_584' title='bbox 1194 4086 1283 4161; x_wconf 80' lang='grc' dir='ltr'>ἦν,</span> <span class='ocrx_word' id='word_1_585' title='bbox 1314 4091 1347 4162; x_wconf 82' lang='grc' dir='ltr'>ἢ</span> <span class='ocrx_word' id='word_1_586' title='bbox 1385 4092 1445 4144; x_wconf 80' lang='grc' dir='ltr'>τὸ</span> <span class='ocrx_word' id='word_1_587' title='bbox 1483 4091 1713 4163; x_wconf 82' lang='grc' dir='ltr'>κηρῦξαι</span> <span class='ocrx_word' id='word_1_588' title='bbox 1755 4092 1854 4162; x_wconf 79' lang='grc' dir='ltr'>τὴν</span> 
     </span>
    </p>
   </div>
   <div class='ocr_carea' id='block_1_74' title="bbox 269 4181 1854 4255">
    <p class='ocr_par' dir='ltr' id='par_1_74' title="bbox 269 4181 1854 4255">
     <span class='ocr_line' id='line_1_74' title="bbox 269 4181 1854 4255; baseline 0.002 -21"><span class='ocrx_word' id='word_1_589' title='bbox 269 4182 362 4235; x_wconf 84' lang='grc' dir='ltr'><strong>τοῦ</strong></span> <span class='ocrx_word' id='word_1_590' title='bbox 397 4181 536 4234; x_wconf 85' lang='grc' dir='ltr'>Θεοῦ</span> <span class='ocrx_word' id='word_1_591' title='bbox 560 4182 780 4250; x_wconf 81' lang='grc' dir='ltr'>γνῶσιν,</span> <span class='ocrx_word' id='word_1_592' title='bbox 814 4182 905 4234; x_wconf 73' lang='grc' dir='ltr'>καὶ</span> <span class='ocrx_word' id='word_1_593' title='bbox 944 4182 1042 4253; x_wconf 83' lang='grc' dir='ltr'><strong>τήν</strong></span> <span class='ocrx_word' id='word_1_594' title='bbox 1078 4184 1159 4246; x_wconf 81' lang='grc' dir='ltr'>εἰς</span> <span class='ocrx_word' id='word_1_595' title='bbox 1201 4184 1361 4238; x_wconf 77' lang='grc' dir='ltr'>αὑτὸν</span> <span class='ocrx_word' id='word_1_596' title='bbox 1395 4184 1598 4249; x_wconf 88' lang='grc' dir='ltr'>πίστιν,</span> <span class='ocrx_word' id='word_1_597' title='bbox 1633 4186 1729 4237; x_wconf 77' lang='grc' dir='ltr'>καὶ</span> <span class='ocrx_word' id='word_1_598' title='bbox 1756 4184 1854 4255; x_wconf 85' lang='grc' dir='ltr'>τὴν</span> 
     </span>
    </p>
   </div>
   <div class='ocr_carea' id='block_1_75' title="bbox 271 4274 1852 4347">
    <p class='ocr_par' dir='ltr' id='par_1_75' title="bbox 271 4274 1852 4347">
     <span class='ocr_line' id='line_1_75' title="bbox 271 4274 1852 4347; baseline 0.002 -21"><span class='ocrx_word' id='word_1_599' title='bbox 271 4277 402 4347; x_wconf 74' lang='grc' dir='ltr'>περὶ</span> <span class='ocrx_word' id='word_1_600' title='bbox 434 4274 602 4327; x_wconf 77' lang='grc' dir='ltr'>αὐτοῦ</span> <span class='ocrx_word' id='word_1_601' title='bbox 638 4274 850 4327; x_wconf 78' lang='grc' dir='ltr'>σύνεσιν</span> <span class='ocrx_word' id='word_1_602' title='bbox 900 4277 1011 4338; x_wconf 90' lang='grc' dir='ltr'>τοῖς</span> <span class='ocrx_word' id='word_1_603' title='bbox 1044 4276 1171 4347; x_wconf 76' lang='grc' dir='ltr'>πρὶν</span> <span class='ocrx_word' id='word_1_604' title='bbox 1218 4276 1515 4339; x_wconf 87' lang='grc' dir='ltr'>ἀσυνέτοις,</span> <span class='ocrx_word' id='word_1_605' title='bbox 1548 4276 1643 4329; x_wconf 75' lang='grc' dir='ltr'>καὶ</span> <span class='ocrx_word' id='word_1_606' title='bbox 1689 4278 1852 4329; x_wconf 84' lang='grc' dir='ltr'><strong>ἀσυν⁴</strong></span> 
     </span>
    </p>
   </div>
   <div class='ocr_carea' id='block_1_76' title="bbox 271 4362 1851 4437">
    <p class='ocr_par' dir='ltr' id='par_1_76' title="bbox 271 4362 1851 4437">
     <span class='ocr_line' id='line_1_76' title="bbox 271 4362 1851 4437; baseline 0.002 -20"><span class='ocrx_word' id='word_1_607' title='bbox 271 4365 468 4429; x_wconf 87' lang='grc' dir='ltr'>θέτοις,</span> <span class='ocrx_word' id='word_1_608' title='bbox 501 4366 596 4419; x_wconf 75' lang='grc' dir='ltr'><strong>καὶ</strong></span> <span class='ocrx_word' id='word_1_609' title='bbox 636 4366 905 4429; x_wconf 84' lang='grc' dir='ltr'>ἀπίστοις,</span> <span class='ocrx_word' id='word_1_610' title='bbox 949 4367 1042 4419; x_wconf 68' lang='grc' dir='ltr'>καὶ</span> <span class='ocrx_word' id='word_1_611' title='bbox 1080 4368 1136 4418; x_wconf 84' lang='grc' dir='ltr'>ὲν</span> <span class='ocrx_word' id='word_1_612' title='bbox 1169 4367 1413 4437; x_wconf 72' lang='grc' dir='ltr'>ἀγνωσία</span> <span class='ocrx_word' id='word_1_613' title='bbox 1453 4362 1600 4419; x_wconf 81' lang='grc' dir='ltr'>οὖσιν</span> <span class='ocrx_word' id='word_1_614' title='bbox 1646 4368 1810 4420; x_wconf 84' lang='grc' dir='ltr'>αὑτοῦ</span> <span class='ocrx_word' id='word_1_615' title='bbox 1838 4384 1851 4397; x_wconf 88' lang='grc'><strong>·</strong></span> 
     </span>
    </p>
   </div>
   <div class='ocr_carea' id='block_1_77' title="bbox 269 4456 1855 4529">
    <p class='ocr_par' dir='ltr' id='par_1_77' title="bbox 269 4456 1855 4529">
     <span class='ocr_line' id='line_1_77' title="bbox 269 4456 1855 4529; baseline 0.001 -19"><span class='ocrx_word' id='word_1_616' title='bbox 269 4457 339 4521; x_wconf 79' lang='grc' dir='ltr'><strong>ὡς</strong></span> <span class='ocrx_word' id='word_1_617' title='bbox 368 4458 460 4511; x_wconf 76' lang='grc' dir='ltr'><strong>διά</strong></span> <span class='ocrx_word' id='word_1_618' title='bbox 512 4456 673 4511; x_wconf 89' lang='grc' dir='ltr'>τοῦτο</span> <span class='ocrx_word' id='word_1_619' title='bbox 702 4458 1033 4527; x_wconf 75' lang='grc' dir='ltr'>τυφλώττειν</span> <span class='ocrx_word' id='word_1_620' title='bbox 1062 4460 1189 4521; x_wconf 82' lang='grc' dir='ltr'>τοὺς</span> <span class='ocrx_word' id='word_1_621' title='bbox 1226 4458 1328 4529; x_wconf 81' lang='grc' dir='ltr'><strong>τῆς</strong></span> <span class='ocrx_word' id='word_1_622' title='bbox 1376 4458 1613 4523; x_wconf 86' lang='grc' dir='ltr'>διανοίας</span> <span class='ocrx_word' id='word_1_623' title='bbox 1657 4459 1855 4529; x_wconf 86' lang='grc' dir='ltr'>ὀφθαλ-</span> 
     </span>
    </p>
   </div>
   <div class='ocr_carea' id='block_1_78' title="bbox 275 4549 1855 4622">
    <p class='ocr_par' dir='ltr' id='par_1_78' title="bbox 275 4549 1855 4622">
     <span class='ocr_line' id='line_1_78' title="bbox 275 4549 1855 4622; baseline -0.001 -20"><span class='ocrx_word' id='word_1_624' title='bbox 275 4552 427 4617; x_wconf 78' lang='grc' dir='ltr'>μοὺς,</span> <span class='ocrx_word' id='word_1_625' title='bbox 466 4549 562 4602; x_wconf 75' lang='grc' dir='ltr'><strong>καὶ</strong></span> <span class='ocrx_word' id='word_1_626' title='bbox 586 4550 711 4621; x_wconf 89' lang='grc' dir='ltr'><strong>περί</strong></span> <span class='ocrx_word' id='word_1_627' title='bbox 736 4550 834 4621; x_wconf 83' lang='grc' dir='ltr'>τὴν</span> <span class='ocrx_word' id='word_1_628' title='bbox 860 4550 1066 4622; x_wconf 83' lang='grc' dir='ltr'>πλάνην</span> <span class='ocrx_word' id='word_1_629' title='bbox 1092 4551 1190 4622; x_wconf 84' lang='grc' dir='ltr'>τῆς</span> <span class='ocrx_word' id='word_1_630' title='bbox 1227 4550 1386 4603; x_wconf 87' lang='grc' dir='ltr'>ἀθέου</span> <span class='ocrx_word' id='word_1_631' title='bbox 1414 4550 1855 4621; x_wconf 84' lang='grc' dir='ltr'>είδωλολατρείας</span> 
     </span>
    </p>
   </div>
   <div class='ocr_carea' id='block_1_79' title="bbox 1958 3462 3543 3532">
    <p class='ocr_par' dir='ltr' id='par_1_79' title="bbox 1958 3462 3543 3532">
     <span class='ocr_line' id='line_1_79' title="bbox 1958 3462 3543 3532; baseline -0.006 -6"><span class='ocrx_word' id='word_1_632' title='bbox 1958 3471 2197 3526; x_wconf 89' lang='lat' dir='ltr'><strong>ﬁtebltur</strong></span> <span class='ocrx_word' id='word_1_633' title='bbox 2244 3484 2327 3523; x_wconf 90' lang='lat' dir='ltr'><strong>me</strong></span> <span class='ocrx_word' id='word_1_634' title='bbox 2370 3481 2551 3522; x_wconf 84' lang='lat' dir='ltr'><strong>coram</strong></span> <span class='ocrx_word' id='word_1_635' title='bbox 2604 3463 2940 3529; x_wconf 88' lang='lat' dir='ltr'><strong>hominibus,</strong></span> <span class='ocrx_word' id='word_1_636' title='bbox 2986 3462 3290 3517; x_wconf 86' lang='lat' dir='ltr'><strong>conﬁtebor</strong></span> <span class='ocrx_word' id='word_1_637' title='bbox 3336 3471 3391 3516; x_wconf 92' lang='lat' dir='ltr'><strong>et</strong></span> <span class='ocrx_word' id='word_1_638' title='bbox 3438 3476 3543 3532; x_wconf 78' lang='lat' dir='ltr'><strong>ego</strong></span> 
     </span>
    </p>
   </div>
   <div class='ocr_carea' id='block_1_80' title="bbox 1957 3550 3540 3626">
    <p class='ocr_par' dir='ltr' id='par_1_80' title="bbox 1957 3550 3540 3626">
     <span class='ocr_line' id='line_1_80' title="bbox 1957 3550 3540 3626; baseline -0.007 -8"><span class='ocrx_word' id='word_1_639' title='bbox 1957 3580 2078 3618; x_wconf 91' lang='lat' dir='ltr'><strong>eum</strong></span> <span class='ocrx_word' id='word_1_640' title='bbox 2110 3578 2292 3618; x_wconf 88' lang='lat' dir='ltr'><strong>coram</strong></span> <span class='ocrx_word' id='word_1_641' title='bbox 2324 3560 2487 3616; x_wconf 86' lang='lat' dir='ltr'><strong>Patre</strong></span> <span class='ocrx_word' id='word_1_642' title='bbox 2516 3573 2659 3623; x_wconf 89' lang='lat' dir='ltr'><strong>meo,</strong></span> <span class='ocrx_word' id='word_1_643' title='bbox 2692 3557 2781 3626; x_wconf 88' lang='lat' dir='ltr'><strong>qui</strong></span> <span class='ocrx_word' id='word_1_644' title='bbox 2816 3557 2868 3610; x_wconf 93' lang='lat' dir='ltr'><strong>in</strong></span> <span class='ocrx_word' id='word_1_645' title='bbox 2904 3553 3058 3609; x_wconf 69' lang='lat' dir='ltr'><strong>caelis</strong></span> <span class='ocrx_word' id='word_1_646' title='bbox 3086 3560 3170 3607; x_wconf 89' lang='lat' dir='ltr'><strong>est</strong></span> <span class='ocrx_word' id='word_1_647' title='bbox 3196 3552 3265 3604; x_wconf 79' lang='grc'><strong>⁷⁸.</strong></span> <span class='ocrx_word' id='word_1_648' title='bbox 3296 3570 3314 3603; x_wconf 75' lang='grc' dir='ltr'><strong>ι</strong></span> <span class='ocrx_word' id='word_1_649' title='bbox 3335 3569 3442 3603; x_wconf 75' lang='grc' dir='ltr'>-ι</span> <span class='ocrx_word' id='word_1_650' title='bbox 3468 3550 3540 3607; x_wconf 89' lang='lat' dir='ltr'><strong>Ut</strong></span> 
     </span>
    </p>
   </div>
   <div class='ocr_carea' id='block_1_81' title="bbox 1955 3644 3535 3729">
    <p class='ocr_par' dir='ltr' id='par_1_81' title="bbox 1955 3644 3535 3729">
     <span class='ocr_line' id='line_1_81' title="bbox 1955 3644 3535 3729; baseline -0.011 -17"><span class='ocrx_word' id='word_1_651' title='bbox 1955 3652 2638 3729; x_wconf 79' lang='lat' dir='ltr'><strong>cognoscatis,etcredatis</strong></span> <span class='ocrx_word' id='word_1_652' title='bbox 2662 3659 2720 3719; x_wconf 81' lang='lat' dir='ltr'><strong>et</strong></span> <span class='ocrx_word' id='word_1_653' title='bbox 2751 3646 3080 3717; x_wconf 88' lang='lat' dir='ltr'><strong>intelligatis,</strong></span> <span class='ocrx_word' id='word_1_654' title='bbox 3106 3644 3229 3713; x_wconf 87' lang='lat' dir='ltr'><strong>quia</strong></span> <span class='ocrx_word' id='word_1_655' title='bbox 3249 3658 3348 3712; x_wconf 89' lang='lat' dir='ltr'><strong>ego</strong></span> <span class='ocrx_word' id='word_1_656' title='bbox 3361 3658 3535 3697; x_wconf 63' lang='lat' dir='ltr'><strong>sum.»</strong></span> 
     </span>
    </p>
   </div>
   <div class='ocr_carea' id='block_1_82' title="bbox 2029 3736 3541 3805">
    <p class='ocr_par' dir='ltr' id='par_1_82' title="bbox 2029 3736 3541 3805">
     <span class='ocr_line' id='line_1_82' title="bbox 2029 3736 3541 3805; baseline -0.013 0"><span class='ocrx_word' id='word_1_657' title='bbox 2029 3749 2195 3805; x_wconf 75' lang='lat' dir='ltr'><strong>Vens.</strong></span> <span class='ocrx_word' id='word_1_658' title='bbox 2241 3748 2327 3801; x_wconf 74' lang='lat'><strong>1‘2.</strong></span> <span class='ocrx_word' id='word_1_659' title='bbox 2377 3766 2394 3797; x_wconf 75' lang='grc' dir='ltr'><strong>ι</strong></span> <span class='ocrx_word' id='word_1_660' title='bbox 2427 3747 2563 3799; x_wconf 83' lang='lat' dir='ltr'><strong>Ante</strong></span> <span class='ocrx_word' id='word_1_661' title='bbox 2591 3757 2675 3797; x_wconf 91' lang='lat' dir='ltr'><strong>me</strong></span> <span class='ocrx_word' id='word_1_662' title='bbox 2713 3756 2819 3795; x_wconf 92' lang='lat' dir='ltr'><strong>non</strong></span> <span class='ocrx_word' id='word_1_663' title='bbox 2859 3739 2961 3794; x_wconf 81' lang='lat' dir='ltr'><strong>fuit</strong></span> <span class='ocrx_word' id='word_1_664' title='bbox 2992 3739 3131 3793; x_wconf 89' lang='lat' dir='ltr'><strong>Deus</strong></span> <span class='ocrx_word' id='word_1_665' title='bbox 3155 3736 3315 3801; x_wconf 87' lang='lat' dir='ltr'><strong>alius,</strong></span> <span class='ocrx_word' id='word_1_666' title='bbox 3341 3744 3395 3789; x_wconf 87' lang='lat' dir='ltr'><strong>et</strong></span> <span class='ocrx_word' id='word_1_667' title='bbox 3422 3744 3541 3804; x_wconf 90' lang='lat' dir='ltr'><strong>post</strong></span> 
     </span>
    </p>
   </div>
   <div class='ocr_carea' id='block_1_83' title="bbox 1958 3826 3540 3898">
    <p class='ocr_par' dir='ltr' id='par_1_83' title="bbox 1958 3826 3540 3898">
     <span class='ocr_line' id='line_1_83' title="bbox 1958 3826 3540 3898; baseline -0.012 0"><span class='ocrx_word' id='word_1_668' title='bbox 1958 3858 2042 3898; x_wconf 90' lang='lat' dir='ltr'><strong>me</strong></span> <span class='ocrx_word' id='word_1_669' title='bbox 2078 3858 2183 3898; x_wconf 91' lang='lat' dir='ltr'><strong>non</strong></span> <span class='ocrx_word' id='word_1_670' title='bbox 2209 3841 2333 3896; x_wconf 89' lang='lat' dir='ltr'><strong>erit.</strong></span> <span class='ocrx_word' id='word_1_671' title='bbox 2367 3859 2385 3892; x_wconf 77' lang='grc' dir='ltr'><strong>ι</strong></span> <span class='ocrx_word' id='word_1_672' title='bbox 2416 3836 2549 3891; x_wconf 86' lang='lat' dir='ltr'><strong>Nam</strong></span> <span class='ocrx_word' id='word_1_673' title='bbox 2577 3833 2779 3891; x_wconf 86' lang='lat' dir='ltr'><strong>Christi</strong></span> <span class='ocrx_word' id='word_1_674' title='bbox 2806 3834 3076 3887; x_wconf 86' lang='lat' dir='ltr'><strong>adventus</strong></span> <span class='ocrx_word' id='word_1_675' title='bbox 3100 3868 3116 3893; x_wconf 92' lang='lat'><strong>,</strong></span> <span class='ocrx_word' id='word_1_676' title='bbox 3156 3838 3211 3881; x_wconf 88' lang='lat' dir='ltr'><strong>et.</strong></span> <span class='ocrx_word' id='word_1_677' title='bbox 3243 3826 3540 3882; x_wconf 88' lang='lat' dir='ltr'><strong>testimonii</strong></span> 
     </span>
    </p>
   </div>
   <div class='ocr_carea' id='block_1_84' title="bbox 1960 3919 3538 4004">
    <p class='ocr_par' dir='ltr' id='par_1_84' title="bbox 1960 3919 3538 4004">
     <span class='ocr_line' id='line_1_84' title="bbox 1960 3919 3538 4004; baseline -0.011 -16"><span class='ocrx_word' id='word_1_678' title='bbox 1960 3949 2056 4004; x_wconf 92' lang='lat' dir='ltr'><strong>per</strong></span> <span class='ocrx_word' id='word_1_679' title='bbox 2086 3931 2364 4001; x_wconf 88' lang='lat' dir='ltr'><strong>apostolos</strong></span> <span class='ocrx_word' id='word_1_680' title='bbox 2411 3930 2531 4000; x_wconf 90' lang='lat' dir='ltr'><strong>ejus</strong></span> <span class='ocrx_word' id='word_1_681' title='bbox 2568 3941 2662 3998; x_wconf 88' lang='lat' dir='ltr'><strong>per</strong></span> <span class='ocrx_word' id='word_1_682' title='bbox 2711 3939 2901 3979; x_wconf 88' lang='lat' dir='ltr'><strong>omnes</strong></span> <span class='ocrx_word' id='word_1_683' title='bbox 2935 3932 3123 3994; x_wconf 83' lang='lat' dir='ltr'><strong>gentes</strong></span> <span class='ocrx_word' id='word_1_684' title='bbox 3169 3919 3399 3973; x_wconf 79' lang='lat' dir='ltr'><strong>exliibiti</strong></span> <span class='ocrx_word' id='word_1_685' title='bbox 3433 3935 3538 3973; x_wconf 87' lang='lat' dir='ltr'><strong>nou</strong></span> 
     </span>
    </p>
   </div>
   <div class='ocr_carea' id='block_1_85' title="bbox 1958 4011 3541 4096">
    <p class='ocr_par' dir='ltr' id='par_1_85' title="bbox 1958 4011 3541 4096">
     <span class='ocr_line' id='line_1_85' title="bbox 1958 4011 3541 4096; baseline -0.011 -16"><span class='ocrx_word' id='word_1_686' title='bbox 1958 4034 2179 4096; x_wconf 86' lang='lat' dir='ltr'><strong>propter</strong></span> <span class='ocrx_word' id='word_1_687' title='bbox 2208 4022 2353 4078; x_wconf 87' lang='lat' dir='ltr'><strong>aliud</strong></span> <span class='ocrx_word' id='word_1_688' title='bbox 2386 4029 2523 4083; x_wconf 87' lang='lat' dir='ltr'><strong>erat,</strong></span> <span class='ocrx_word' id='word_1_689' title='bbox 2557 4035 2717 4089; x_wconf 88' lang='lat' dir='ltr'><strong>quam</strong></span> <span class='ocrx_word' id='word_1_690' title='bbox 2752 4026 2811 4070; x_wconf 90' lang='lat' dir='ltr'><strong>ut</strong></span> <span class='ocrx_word' id='word_1_691' title='bbox 2843 4013 3204 4085; x_wconf 59' lang='lat' dir='ltr'><strong>praedicarent</strong></span> <span class='ocrx_word' id='word_1_692' title='bbox 3240 4012 3331 4066; x_wconf 92' lang='lat' dir='ltr'><strong>Dei</strong></span> <span class='ocrx_word' id='word_1_693' title='bbox 3357 4011 3541 4080; x_wconf 84' lang='lat' dir='ltr'><strong>cogni-</strong></span> 
     </span>
    </p>
   </div>
   <div class='ocr_carea' id='block_1_86' title="bbox 1960 4102 3537 4180">
    <p class='ocr_par' dir='ltr' id='par_1_86' title="bbox 1960 4102 3537 4180">
     <span class='ocr_line' id='line_1_86' title="bbox 1960 4102 3537 4180; baseline -0.011 -9"><span class='ocrx_word' id='word_1_694' title='bbox 1960 4118 2188 4180; x_wconf 88' lang='lat' dir='ltr'><strong>tionem,</strong></span> <span class='ocrx_word' id='word_1_695' title='bbox 2234 4115 2390 4169; x_wconf 88' lang='lat' dir='ltr'><strong>ﬁdem</strong></span> <span class='ocrx_word' id='word_1_696' title='bbox 2424 4112 2476 4165; x_wconf 90' lang='lat' dir='ltr'><strong>in</strong></span> <span class='ocrx_word' id='word_1_697' title='bbox 2511 4126 2657 4176; x_wconf 88' lang='lat' dir='ltr'><strong>eum,</strong></span> <span class='ocrx_word' id='word_1_698' title='bbox 2688 4118 2743 4165; x_wconf 88' lang='lat' dir='ltr'><strong>et</strong></span> <span class='ocrx_word' id='word_1_699' title='bbox 2786 4107 3201 4176; x_wconf 85' lang='lat' dir='ltr'><strong>intelligentiam</strong></span> <span class='ocrx_word' id='word_1_700' title='bbox 3266 4103 3407 4171; x_wconf 88' lang='lat' dir='ltr'><strong>ejus,</strong></span> <span class='ocrx_word' id='word_1_701' title='bbox 3451 4102 3537 4162; x_wconf 85' lang='lat' dir='ltr'><strong>iis,</strong></span> 
     </span>
    </p>
   </div>
   <div class='ocr_carea' id='block_1_87' title="bbox 1957 4196 3539 4281">
    <p class='ocr_par' dir='ltr' id='par_1_87' title="bbox 1957 4196 3539 4281">
     <span class='ocr_line' id='line_1_87' title="bbox 1957 4196 3539 4281; baseline -0.01 -18"><span class='ocrx_word' id='word_1_702' title='bbox 1957 4211 2046 4281; x_wconf 91' lang='lat' dir='ltr'><strong>qui</strong></span> <span class='ocrx_word' id='word_1_703' title='bbox 2078 4210 2227 4279; x_wconf 90' lang='lat' dir='ltr'><strong>prius</strong></span> <span class='ocrx_word' id='word_1_704' title='bbox 2261 4206 2605 4274; x_wconf 88' lang='lat' dir='ltr'><strong>insipientes,</strong></span> <span class='ocrx_word' id='word_1_705' title='bbox 2638 4200 2928 4258; x_wconf 87' lang='lat' dir='ltr'><strong>inordinati</strong></span> <span class='ocrx_word' id='word_1_706' title='bbox 2958 4239 2973 4263; x_wconf 97' lang='lat'><strong>,</strong></span> <span class='ocrx_word' id='word_1_707' title='bbox 3021 4207 3075 4253; x_wconf 83' lang='lat' dir='ltr'><strong>et</strong></span> <span class='ocrx_word' id='word_1_708' title='bbox 3106 4196 3348 4251; x_wconf 86' lang='lat' dir='ltr'><strong>inﬁdeles</strong></span> <span class='ocrx_word' id='word_1_709' title='bbox 3381 4206 3539 4247; x_wconf 84' lang='lat' dir='ltr'><strong>erant.</strong></span> 
     </span>
    </p>
   </div>
   <div class='ocr_carea' id='block_1_88' title="bbox 1956 4288 3539 4374">
    <p class='ocr_par' dir='ltr' id='par_1_88' title="bbox 1956 4288 3539 4374">
     <span class='ocr_line' id='line_1_88' title="bbox 1956 4288 3539 4374; baseline -0.014 -15"><span class='ocrx_word' id='word_1_710' title='bbox 1956 4314 2119 4374; x_wconf 87' lang='lat' dir='ltr'><strong>atque</strong></span> <span class='ocrx_word' id='word_1_711' title='bbox 2170 4303 2223 4355; x_wconf 91' lang='lat' dir='ltr'><strong>in</strong></span> <span class='ocrx_word' id='word_1_712' title='bbox 2302 4296 2610 4370; x_wconf 83' lang='lat' dir='ltr'><strong>ignorantia</strong></span> <span class='ocrx_word' id='word_1_713' title='bbox 2683 4294 2805 4364; x_wconf 89' lang='lat' dir='ltr'><strong>ejus</strong></span> <span class='ocrx_word' id='word_1_714' title='bbox 2867 4291 3271 4354; x_wconf 81' lang='lat' dir='ltr'><strong>versabantur;</strong></span> <span class='ocrx_word' id='word_1_715' title='bbox 3342 4288 3413 4339; x_wconf 89' lang='lat' dir='ltr'><strong>ita</strong></span> <span class='ocrx_word' id='word_1_716' title='bbox 3481 4295 3539 4339; x_wconf 86' lang='lat' dir='ltr'><strong>ut</strong></span> 
     </span>
    </p>
   </div>
   <div class='ocr_carea' id='block_1_89' title="bbox 1958 4382 3539 4466">
    <p class='ocr_par' dir='ltr' id='par_1_89' title="bbox 1958 4382 3539 4466">
     <span class='ocr_line' id='line_1_89' title="bbox 1958 4382 3539 4466; baseline -0.013 -17"><span class='ocrx_word' id='word_1_717' title='bbox 1958 4402 2245 4466; x_wconf 89' lang='lat' dir='ltr'><strong>propterea</strong></span> <span class='ocrx_word' id='word_1_718' title='bbox 2296 4387 2491 4443; x_wconf 89' lang='lat' dir='ltr'><strong>mentis</strong></span> <span class='ocrx_word' id='word_1_719' title='bbox 2540 4385 2713 4441; x_wconf 90' lang='lat' dir='ltr'><strong>oculis</strong></span> <span class='ocrx_word' id='word_1_720' title='bbox 2754 4384 3089 4446; x_wconf 69' lang='lat' dir='ltr'><strong>caecutirient,</strong></span> <span class='ocrx_word' id='word_1_721' title='bbox 3139 4390 3193 4435; x_wconf 91' lang='lat' dir='ltr'><strong>et</strong></span> <span class='ocrx_word' id='word_1_722' title='bbox 3240 4382 3292 4433; x_wconf 91' lang='lat' dir='ltr'><strong>in</strong></span> <span class='ocrx_word' id='word_1_723' title='bbox 3352 4394 3539 4432; x_wconf 85' lang='lat' dir='ltr'><strong>errore</strong></span> 
     </span>
    </p>
   </div>
   <div class='ocr_carea' id='block_1_90' title="bbox 1958 4473 3537 4555">
    <p class='ocr_par' dir='ltr' id='par_1_90' title="bbox 1958 4473 3537 4555">
     <span class='ocr_line' id='line_1_90' title="bbox 1958 4473 3537 4555; baseline -0.011 -15"><span class='ocrx_word' id='word_1_724' title='bbox 1958 4486 2135 4555; x_wconf 75' lang='lat' dir='ltr'><strong>impia:</strong></span> <span class='ocrx_word' id='word_1_725' title='bbox 2160 4479 2475 4537; x_wconf 69' lang='lat' dir='ltr'><strong>idololatria:</strong></span> <span class='ocrx_word' id='word_1_726' title='bbox 2504 4479 2895 4533; x_wconf 84' lang='lat' dir='ltr'><strong>volutarentur.</strong></span> <span class='ocrx_word' id='word_1_727' title='bbox 2929 4493 2949 4527; x_wconf 70' lang='grc' dir='ltr'><strong>ι</strong></span> <span class='ocrx_word' id='word_1_728' title='bbox 2982 4474 3094 4546; x_wconf 82' lang='lat' dir='ltr'><strong>Ego</strong></span> <span class='ocrx_word' id='word_1_729' title='bbox 3127 4473 3286 4537; x_wconf 91' lang='lat' dir='ltr'><strong>Deus,</strong></span> <span class='ocrx_word' id='word_1_730' title='bbox 3336 4482 3392 4525; x_wconf 86' lang='lat' dir='ltr'><strong>et</strong></span> <span class='ocrx_word' id='word_1_731' title='bbox 3432 4486 3537 4523; x_wconf 90' lang='lat' dir='ltr'><strong>non</strong></span> 
     </span>
    </p>
   </div>
   <div class='ocr_carea' id='block_1_91' title="bbox 1958 4560 3538 4645">
    <p class='ocr_par' dir='ltr' id='par_1_91' title="bbox 1958 4560 3538 4645">
     <span class='ocr_line' id='line_1_91' title="bbox 1958 4560 3538 4645; baseline -0.013 -13"><span class='ocrx_word' id='word_1_732' title='bbox 1958 4590 2041 4632; x_wconf 86' lang='lat' dir='ltr'><strong>est</strong></span> <span class='ocrx_word' id='word_1_733' title='bbox 2088 4583 2286 4645; x_wconf 74' lang='lat' dir='ltr'><strong>prmter</strong></span> <span class='ocrx_word' id='word_1_734' title='bbox 2343 4585 2428 4625; x_wconf 91' lang='lat' dir='ltr'><strong>me</strong></span> <span class='ocrx_word' id='word_1_735' title='bbox 2479 4568 2750 4624; x_wconf 88' lang='lat' dir='ltr'><strong>Salvator.</strong></span> <span class='ocrx_word' id='word_1_736' title='bbox 2800 4584 2819 4617; x_wconf 74' lang='grc' dir='ltr'><strong>ι</strong></span> <span class='ocrx_word' id='word_1_737' title='bbox 2885 4565 3019 4619; x_wconf 83' lang='lat' dir='ltr'><strong>Nam</strong></span> <span class='ocrx_word' id='word_1_738' title='bbox 3072 4579 3193 4617; x_wconf 90' lang='lat' dir='ltr'><strong>cum</strong></span> <span class='ocrx_word' id='word_1_739' title='bbox 3263 4576 3428 4615; x_wconf 89' lang='lat' dir='ltr'><strong>unum</strong></span> <span class='ocrx_word' id='word_1_740' title='bbox 3468 4560 3538 4613; x_wconf 82' lang='lat' dir='ltr'><strong>sit</strong></span> 
     </span>
    </p>
   </div>
   <div class='ocr_carea' id='block_1_92' title="bbox 271 4641 1850 4739">
    <p class='ocr_par' dir='ltr' id='par_1_92' title="bbox 271 4641 1850 4714">
     <span class='ocr_line' id='line_1_92' title="bbox 271 4641 1850 4714; baseline 0.001 -21"><span class='ocrx_word' id='word_1_741' title='bbox 271 4641 547 4695; x_wconf 80' lang='grc' dir='ltr'>είλεῖσθαι.</span> <span class='ocrx_word' id='word_1_742' title='bbox 591 4660 610 4693; x_wconf 86' lang='grc'><em>‹</em></span> <span class='ocrx_word' id='word_1_743' title='bbox 656 4642 796 4711; x_wconf 85' lang='grc' dir='ltr'><strong>Ἐγὼ</strong></span> <span class='ocrx_word' id='word_1_744' title='bbox 825 4643 1030 4707; x_wconf 84' lang='grc' dir='ltr'>ὁΘεὺς,</span> <span class='ocrx_word' id='word_1_745' title='bbox 1079 4643 1297 4697; x_wconf 75' lang='grc' dir='ltr'>καὶούκ</span> <span class='ocrx_word' id='word_1_746' title='bbox 1340 4643 1453 4696; x_wconf 75' lang='grc' dir='ltr'>ἔστι</span> <span class='ocrx_word' id='word_1_747' title='bbox 1497 4642 1671 4714; x_wconf 81' lang='grc' dir='ltr'>παρὲξ</span> <span class='ocrx_word' id='word_1_748' title='bbox 1718 4642 1850 4714; x_wconf 76' lang='grc' dir='ltr'>ἐμοῦ</span> 
     </span>
    </p>
   </div>
   <div class='ocr_carea' id='block_1_93' title="bbox 1961 4641 3541 4739">
    <p class='ocr_par' dir='ltr' id='par_1_93' title="bbox 1961 4641 3541 4739">
     <span class='ocr_line' id='line_1_93' title="bbox 1961 4641 3541 4739; baseline -0.013 -15"><span class='ocrx_word' id='word_1_749' title='bbox 1961 4641 2310 4739; x_wconf 74' lang='lat' dir='ltr'><strong>principium,</strong></span> <span class='ocrx_word' id='word_1_750' title='bbox 2379 4678 2481 4717; x_wconf 90' lang='lat' dir='ltr'><strong>una</strong></span> <span class='ocrx_word' id='word_1_751' title='bbox 2542 4660 2705 4715; x_wconf 80' lang='lat' dir='ltr'><strong>fuerit</strong></span> <span class='ocrx_word' id='word_1_752' title='bbox 2744 4667 2801 4714; x_wconf 84' lang='lat' dir='ltr'><strong>et</strong></span> <span class='ocrx_word' id='word_1_753' title='bbox 2836 4658 3048 4722; x_wconf 85' lang='lat' dir='ltr'><strong>deitas,</strong></span> <span class='ocrx_word' id='word_1_754' title='bbox 3110 4669 3342 4725; x_wconf 88' lang='lat' dir='ltr'><strong>quacum</strong></span> <span class='ocrx_word' id='word_1_755' title='bbox 3387 4666 3541 4706; x_wconf 80' lang='lat' dir='ltr'><strong>assu-</strong></span> 
     </span>
    </p>
   </div>
   <div class='ocr_carea' id='block_1_94' title="bbox 273 4731 1847 4807">
    <p class='ocr_par' dir='ltr' id='par_1_94' title="bbox 273 4731 1847 4807">
     <span class='ocr_line' id='line_1_94' title="bbox 273 4731 1847 4807; baseline 0.004 -25"><span class='ocrx_word' id='word_1_756' title='bbox 273 4732 481 4797; x_wconf 77' lang='grc' dir='ltr'>σώζων.</span> <span class='ocrx_word' id='word_1_757' title='bbox 508 4749 526 4783; x_wconf 86' lang='grc'>›</span> <span class='ocrx_word' id='word_1_758' title='bbox 548 4732 695 4794; x_wconf 82' lang='grc' dir='ltr'><strong>Μιᾶς</strong></span> <span class='ocrx_word' id='word_1_759' title='bbox 709 4732 816 4807; x_wconf 79' lang='grc' dir='ltr'><strong>γάρ</strong></span> <span class='ocrx_word' id='word_1_760' title='bbox 842 4731 1009 4804; x_wconf 75' lang='grc' dir='ltr'>οὔσης</span> <span class='ocrx_word' id='word_1_761' title='bbox 1035 4735 1227 4805; x_wconf 85' lang='grc' dir='ltr'>ἀρχῆς,</span> <span class='ocrx_word' id='word_1_762' title='bbox 1251 4734 1347 4803; x_wconf 85' lang='grc' dir='ltr'><strong>μία</strong></span> <span class='ocrx_word' id='word_1_763' title='bbox 1376 4734 1459 4805; x_wconf 77' lang='grc' dir='ltr'><strong>εἴη</strong></span> <span class='ocrx_word' id='word_1_764' title='bbox 1494 4734 1561 4787; x_wconf 86' lang='grc' dir='ltr'>ἂν</span> <span class='ocrx_word' id='word_1_765' title='bbox 1584 4736 1616 4804; x_wconf 87' lang='grc' dir='ltr'><strong>ή</strong></span> <span class='ocrx_word' id='word_1_766' title='bbox 1639 4734 1847 4805; x_wconf 87' lang='grc' dir='ltr'>θεότης,</span> 
     </span>
    </p>
   </div>
   <div class='ocr_carea' id='block_1_95' title="bbox 274 4816 1849 4895">
    <p class='ocr_par' dir='ltr' id='par_1_95' title="bbox 274 4816 1849 4895">
     <span class='ocr_line' id='line_1_95' title="bbox 274 4816 1849 4895; baseline 0.001 -18"><span class='ocrx_word' id='word_1_767' title='bbox 274 4816 931 4895; x_wconf 76' lang='grc' dir='ltr'>ᾔσυμπαραλαμδάνεται</span> <span class='ocrx_word' id='word_1_768' title='bbox 972 4826 1064 4877; x_wconf 71' lang='grc' dir='ltr'>καὶ</span> <span class='ocrx_word' id='word_1_769' title='bbox 1094 4828 1126 4895; x_wconf 89' lang='grc' dir='ltr'><strong>ή</strong></span> <span class='ocrx_word' id='word_1_770' title='bbox 1161 4825 1256 4878; x_wconf 89' lang='grc' dir='ltr'><strong>τοῦ</strong></span> <span class='ocrx_word' id='word_1_771' title='bbox 1302 4826 1637 4893; x_wconf 87' lang='grc' dir='ltr'>Μονογενοῦς</span> <span class='ocrx_word' id='word_1_772' title='bbox 1684 4824 1849 4878; x_wconf 83' lang='grc' dir='ltr'>αὑτοῦ</span> 
     </span>
    </p>
   </div>
   <div class='ocr_carea' id='block_1_96' title="bbox 274 4913 557 4987">
    <p class='ocr_par' dir='ltr' id='par_1_96' title="bbox 274 4913 557 4987">
     <span class='ocr_line' id='line_1_96' title="bbox 274 4913 557 4987; baseline 0.014 -21"><span class='ocrx_word' id='word_1_773' title='bbox 274 4913 521 4986; x_wconf 80' lang='grc' dir='ltr'>θεολογία</span> <span class='ocrx_word' id='word_1_774' title='bbox 546 4974 557 4987; x_wconf 45' lang='grc'><strong><em>⁸</em></strong></span> 
     </span>
    </p>
   </div>
   <div class='ocr_carea' id='block_1_97' title="bbox 346 5113 1860 5185">
    <p class='ocr_par' dir='ltr' id='par_1_97' title="bbox 346 5113 1860 5185">
     <span class='ocr_line' id='line_1_97' title="bbox 346 5113 1860 5185; baseline 0.003 -20"><span class='ocrx_word' id='word_1_775' title='bbox 346 5134 365 5165; x_wconf 77' lang='grc' dir='ltr'>ι</span> <span class='ocrx_word' id='word_1_776' title='bbox 411 5113 557 5183; x_wconf 85' lang='grc' dir='ltr'><strong>Ἐγὼ</strong></span> <span class='ocrx_word' id='word_1_777' title='bbox 603 5115 903 5185; x_wconf 86' lang='grc' dir='ltr'>ἀνήγγειλα</span> <span class='ocrx_word' id='word_1_778' title='bbox 947 5116 1042 5167; x_wconf 75' lang='grc' dir='ltr'>καὶ</span> <span class='ocrx_word' id='word_1_779' title='bbox 1074 5114 1282 5168; x_wconf 75' lang='grc' dir='ltr'>ἔσωσαο</span> <span class='ocrx_word' id='word_1_780' title='bbox 1324 5115 1596 5180; x_wconf 83' lang='grc' dir='ltr'>ὡνείδισα,</span> <span class='ocrx_word' id='word_1_781' title='bbox 1630 5114 1725 5168; x_wconf 72' lang='grc' dir='ltr'>καὶ</span> <span class='ocrx_word' id='word_1_782' title='bbox 1758 5113 1860 5169; x_wconf 81' lang='grc' dir='ltr'>οὒκ</span> 
     </span>
    </p>
   </div>
   <div class='ocr_carea' id='block_1_98' title="bbox 276 5196 1861 5278">
    <p class='ocr_par' dir='ltr' id='par_1_98' title="bbox 276 5196 1861 5278">
     <span class='ocr_line' id='line_1_98' title="bbox 276 5196 1861 5278; baseline 0 -20"><span class='ocrx_word' id='word_1_783' title='bbox 276 5196 340 5273; x_wconf 79' lang='grc' dir='ltr'>ἦν</span> <span class='ocrx_word' id='word_1_784' title='bbox 383 5208 442 5259; x_wconf 80' lang='grc' dir='ltr'>ὲν</span> <span class='ocrx_word' id='word_1_785' title='bbox 499 5206 627 5276; x_wconf 83' lang='grc' dir='ltr'>ὑμῖν</span> <span class='ocrx_word' id='word_1_786' title='bbox 664 5207 960 5278; x_wconf 83' lang='grc' dir='ltr'>ἀλλότριος.</span> <span class='ocrx_word' id='word_1_787' title='bbox 1021 5207 1211 5277; x_wconf 84' lang='grc' dir='ltr'>Ὑμεῖς</span> <span class='ocrx_word' id='word_1_788' title='bbox 1255 5207 1378 5277; x_wconf 76' lang='grc' dir='ltr'>ἐμοὶ</span> <span class='ocrx_word' id='word_1_789' title='bbox 1420 5207 1714 5278; x_wconf 86' lang='grc' dir='ltr'>μάρτυρες,</span> <span class='ocrx_word' id='word_1_790' title='bbox 1765 5206 1861 5259; x_wconf 63' lang='grc' dir='ltr'><strong>καὶ⁴</strong></span> 
     </span>
    </p>
   </div>
   <div class='ocr_carea' id='block_1_99' title="bbox 281 5296 1850 5372">
    <p class='ocr_par' dir='ltr' id='par_1_99' title="bbox 281 5296 1850 5372">
     <span class='ocr_line' id='line_1_99' title="bbox 281 5296 1850 5372; baseline 0.003 -25"><span class='ocrx_word' id='word_1_791' title='bbox 281 5296 383 5365; x_wconf 69' lang='grc' dir='ltr'><strong>ἐγὼ</strong></span> <span class='ocrx_word' id='word_1_792' title='bbox 409 5299 613 5370; x_wconf 79' lang='grc' dir='ltr'>Κύριος</span> <span class='ocrx_word' id='word_1_793' title='bbox 641 5302 669 5353; x_wconf 90' lang='lat'><strong>6</strong></span> <span class='ocrx_word' id='word_1_794' title='bbox 696 5299 827 5362; x_wconf 80' lang='grc' dir='ltr'>Θεὸς</span> <span class='ocrx_word' id='word_1_795' title='bbox 850 5300 929 5352; x_wconf 77' lang='grc' dir='ltr'>ἔτι</span> <span class='ocrx_word' id='word_1_796' title='bbox 956 5301 1048 5353; x_wconf 87' lang='grc' dir='ltr'><strong>ἀπ’</strong></span> <span class='ocrx_word' id='word_1_797' title='bbox 1075 5298 1279 5372; x_wconf 82' lang='grc' dir='ltr'>άρχῆς’</span> <span class='ocrx_word' id='word_1_798' title='bbox 1314 5299 1405 5353; x_wconf 79' lang='grc' dir='ltr'>καὶ</span> <span class='ocrx_word' id='word_1_799' title='bbox 1432 5300 1531 5352; x_wconf 84' lang='grc' dir='ltr'>οὐκ</span> <span class='ocrx_word' id='word_1_800' title='bbox 1556 5300 1703 5353; x_wconf 80' lang='grc' dir='ltr'>ἔστιν</span> <span class='ocrx_word' id='word_1_801' title='bbox 1728 5301 1756 5351; x_wconf 90' lang='lat'><strong>6</strong></span> <span class='ocrx_word' id='word_1_802' title='bbox 1788 5302 1850 5352; x_wconf 78' lang='grc' dir='ltr'>ὲκ</span> 
     </span>
    </p>
   </div>
   <div class='ocr_carea' id='block_1_100' title="bbox 284 5386 1852 5463">
    <p class='ocr_par' dir='ltr' id='par_1_100' title="bbox 284 5386 1852 5463">
     <span class='ocr_line' id='line_1_100' title="bbox 284 5386 1852 5463; baseline 0 -22"><span class='ocrx_word' id='word_1_803' title='bbox 284 5391 473 5462; x_wconf 84' lang='grc' dir='ltr'>χειρῶν</span> <span class='ocrx_word' id='word_1_804' title='bbox 511 5408 613 5461; x_wconf 89' lang='grc' dir='ltr'><strong>μου</strong></span> <span class='ocrx_word' id='word_1_805' title='bbox 647 5392 1052 5462; x_wconf 73' lang='grc' dir='ltr'>ἐξαιρούμενος.</span> <span class='ocrx_word' id='word_1_806' title='bbox 1083 5392 1323 5463; x_wconf 88' lang='grc' dir='ltr'>Ποιήσω,</span> <span class='ocrx_word' id='word_1_807' title='bbox 1354 5391 1445 5444; x_wconf 74' lang='grc' dir='ltr'><strong>καὶ</strong></span> <span class='ocrx_word' id='word_1_808' title='bbox 1466 5386 1549 5453; x_wconf 87' lang='grc' dir='ltr'><strong>τίς</strong></span> <span class='ocrx_word' id='word_1_809' title='bbox 1583 5388 1852 5461; x_wconf 85' lang='grc' dir='ltr'>ἀποστρέ-</span> 
     </span>
    </p>
   </div>
   <div class='ocr_carea' id='block_1_101' title="bbox 283 5478 1857 5553">
    <p class='ocr_par' dir='ltr' id='par_1_101' title="bbox 283 5478 1857 5553">
     <span class='ocr_line' id='line_1_101' title="bbox 283 5478 1857 5553; baseline -0.003 -20"><span class='ocrx_word' id='word_1_810' title='bbox 283 5480 365 5549; x_wconf 71' lang='grc' dir='ltr'><strong>ψει</strong></span> <span class='ocrx_word' id='word_1_811' title='bbox 417 5483 582 5546; x_wconf 78' lang='grc' dir='ltr'>αὑτό;</span> <span class='ocrx_word' id='word_1_812' title='bbox 615 5502 634 5533; x_wconf 70' lang='grc' dir='ltr'><strong>ι</strong></span> <span class='ocrx_word' id='word_1_813' title='bbox 674 5482 761 5544; x_wconf 82' lang='grc' dir='ltr'>Ὠς</span> <span class='ocrx_word' id='word_1_814' title='bbox 815 5482 922 5552; x_wconf 76' lang='grc' dir='ltr'><strong>γὰρ</strong></span> <span class='ocrx_word' id='word_1_815' title='bbox 964 5483 1172 5553; x_wconf 87' lang='grc' dir='ltr'>μάρτυς</span> <span class='ocrx_word' id='word_1_816' title='bbox 1216 5480 1379 5542; x_wconf 79' lang='grc' dir='ltr'>αὐτὸς</span> <span class='ocrx_word' id='word_1_817' title='bbox 1422 5478 1655 5548; x_wconf 73' lang='grc' dir='ltr'>ἐλέγετο,</span> <span class='ocrx_word' id='word_1_818' title='bbox 1700 5479 1795 5531; x_wconf 80' lang='grc' dir='ltr'>καὶ</span> <span class='ocrx_word' id='word_1_819' title='bbox 1826 5480 1857 5529; x_wconf 88' lang='lat'><strong>6</strong></span> 
     </span>
    </p>
   </div>
   <div class='ocr_carea' id='block_1_102' title="bbox 285 5569 1853 5642">
    <p class='ocr_par' dir='ltr' id='par_1_102' title="bbox 285 5569 1853 5642">
     <span class='ocr_line' id='line_1_102' title="bbox 285 5569 1853 5642; baseline -0.001 -18"><span class='ocrx_word' id='word_1_820' title='bbox 285 5574 405 5635; x_wconf 72' lang='grc' dir='ltr'>παῖς</span> <span class='ocrx_word' id='word_1_821' title='bbox 438 5573 497 5625; x_wconf 85' lang='grc' dir='ltr'>ὃν</span> <span class='ocrx_word' id='word_1_822' title='bbox 526 5572 807 5639; x_wconf 76' lang='grc' dir='ltr'>ἐξελέξατο</span> <span class='ocrx_word' id='word_1_823' title='bbox 827 5590 838 5602; x_wconf 73' lang='grc' dir='ltr'><strong>ο</strong></span> <span class='ocrx_word' id='word_1_824' title='bbox 869 5573 1011 5626; x_wconf 79' lang='grc' dir='ltr'>οὓτω</span> <span class='ocrx_word' id='word_1_825' title='bbox 1038 5573 1131 5625; x_wconf 77' lang='grc' dir='ltr'>καὶ</span> <span class='ocrx_word' id='word_1_826' title='bbox 1164 5572 1297 5634; x_wconf 82' lang='grc' dir='ltr'>Θεὸς</span> <span class='ocrx_word' id='word_1_827' title='bbox 1330 5569 1517 5635; x_wconf 76' lang='grc' dir='ltr'>σώζων</span> <span class='ocrx_word' id='word_1_828' title='bbox 1549 5573 1634 5642; x_wconf 86' lang='grc' dir='ltr'>εῐη</span> <span class='ocrx_word' id='word_1_829' title='bbox 1656 5571 1721 5625; x_wconf 82' lang='grc' dir='ltr'>ἂν</span> <span class='ocrx_word' id='word_1_830' title='bbox 1754 5572 1853 5624; x_wconf 80' lang='grc' dir='ltr'><strong>αὑ·-</strong></span> 
     </span>
    </p>
   </div>
   <div class='ocr_carea' id='block_1_103' title="bbox 284 5661 1856 5736">
    <p class='ocr_par' dir='ltr' id='par_1_103' title="bbox 284 5661 1856 5736">
     <span class='ocr_line' id='line_1_103' title="bbox 284 5661 1856 5736; baseline 0.001 -25"><span class='ocrx_word' id='word_1_831' title='bbox 284 5662 384 5726; x_wconf 80' lang='grc' dir='ltr'>τός.</span> <span class='ocrx_word' id='word_1_832' title='bbox 436 5664 641 5718; x_wconf 68' lang='grc' dir='ltr'>Ἐἀνδὲ</span> <span class='ocrx_word' id='word_1_833' title='bbox 668 5665 822 5736; x_wconf 81' lang='grc' dir='ltr'>λέγῃ,</span> <span class='ocrx_word' id='word_1_834' title='bbox 859 5683 877 5715; x_wconf 73' lang='grc' dir='ltr'><strong>ι</strong></span> <span class='ocrx_word' id='word_1_835' title='bbox 913 5664 1025 5719; x_wconf 74' lang='grc' dir='ltr'><strong>Καὶ</strong></span> <span class='ocrx_word' id='word_1_836' title='bbox 1064 5664 1163 5716; x_wconf 82' lang='grc' dir='ltr'>οὐκ</span> <span class='ocrx_word' id='word_1_837' title='bbox 1213 5662 1327 5716; x_wconf 78' lang='grc' dir='ltr'>ἐστι</span> <span class='ocrx_word' id='word_1_838' title='bbox 1381 5663 1553 5734; x_wconf 82' lang='grc' dir='ltr'>παρὲξ</span> <span class='ocrx_word' id='word_1_839' title='bbox 1582 5662 1716 5734; x_wconf 80' lang='grc' dir='ltr'>ἐμοῦ</span> <span class='ocrx_word' id='word_1_840' title='bbox 1753 5661 1856 5715; x_wconf 80' lang='grc' dir='ltr'><strong>σὼ-</strong></span> 
     </span>
    </p>
   </div>
   <div class='ocr_carea' id='block_1_104' title="bbox 289 5902 749 5975">
    <p class='ocr_par' dir='ltr' id='par_1_104' title="bbox 289 5902 749 5975">
     <span class='ocr_line' id='line_1_104' title="bbox 289 5902 749 5975; baseline 0.011 -17"><span class='ocrx_word' id='word_1_841' title='bbox 289 5902 327 5931; x_wconf 75' lang='lat'><em>&quot;</em></span> <span class='ocrx_word' id='word_1_842' title='bbox 359 5904 544 5963; x_wconf 77' lang='lat' dir='ltr'><strong>Matth.</strong></span> <span class='ocrx_word' id='word_1_843' title='bbox 578 5923 634 5975; x_wconf 74' lang='grc' dir='ltr'>ι,</span> <span class='ocrx_word' id='word_1_844' title='bbox 658 5909 749 5963; x_wconf 71' lang='lat'><strong>32.</strong></span> 
     </span>
    </p>
   </div>
   <div class='ocr_carea' id='block_1_105' title="bbox 1959 4750 2953 4830">
    <p class='ocr_par' dir='ltr' id='par_1_105' title="bbox 1959 4750 2953 4830">
     <span class='ocr_line' id='line_1_105' title="bbox 1959 4750 2953 4830; baseline -0.013 -12"><span class='ocrx_word' id='word_1_845' title='bbox 1959 4762 2134 4818; x_wconf 29' lang='lat' dir='ltr'><strong>mitur.</strong></span> <span class='ocrx_word' id='word_1_846' title='bbox 2172 4757 2448 4830; x_wconf 83' lang='lat' dir='ltr'><strong>Unigeniti</strong></span> <span class='ocrx_word' id='word_1_847' title='bbox 2505 4755 2623 4825; x_wconf 87' lang='lat' dir='ltr'><strong>ejus</strong></span> <span class='ocrx_word' id='word_1_848' title='bbox 2663 4750 2953 4817; x_wconf 86' lang='lat' dir='ltr'><strong>theologia.</strong></span> 
     </span>
    </p>
   </div>
   <div class='ocr_carea' id='block_1_106' title="bbox 2045 5082 3536 5164">
    <p class='ocr_par' dir='ltr' id='par_1_106' title="bbox 2045 5082 3536 5164">
     <span class='ocr_line' id='line_1_106' title="bbox 2045 5082 3536 5164; baseline -0.019 -6"><span class='ocrx_word' id='word_1_849' title='bbox 2045 5115 2194 5158; x_wconf 66' lang='lat' dir='ltr'><strong>unus.</strong></span> <span class='ocrx_word' id='word_1_850' title='bbox 2239 5120 2324 5151; x_wconf 75' lang='grc' dir='ltr'><strong>ω.</strong></span> <span class='ocrx_word' id='word_1_851' title='bbox 2388 5114 2408 5147; x_wconf 71' lang='grc' dir='ltr'><strong>ι</strong></span> <span class='ocrx_word' id='word_1_852' title='bbox 2439 5100 2551 5164; x_wconf 58' lang='lat' dir='ltr'><strong>Ego</strong></span> <span class='ocrx_word' id='word_1_853' title='bbox 2580 5100 2903 5145; x_wconf 81' lang='lat' dir='ltr'><strong>annunttavt</strong></span> <span class='ocrx_word' id='word_1_854' title='bbox 2948 5096 3001 5139; x_wconf 90' lang='lat' dir='ltr'><strong>et</strong></span> <span class='ocrx_word' id='word_1_855' title='bbox 3052 5082 3255 5138; x_wconf 81' lang='lat' dir='ltr'><strong>salvavi</strong></span> <span class='ocrx_word' id='word_1_856' title='bbox 3291 5098 3305 5133; x_wconf 87' lang='lat'><strong>:</strong></span> <span class='ocrx_word' id='word_1_857' title='bbox 3338 5091 3536 5146; x_wconf 72' lang='lat' dir='ltr'><strong>expro-</strong></span> 
     </span>
    </p>
   </div>
   <div class='ocr_carea' id='block_1_107' title="bbox 1959 5173 3535 5256">
    <p class='ocr_par' dir='ltr' id='par_1_107' title="bbox 1959 5173 3535 5256">
     <span class='ocr_line' id='line_1_107' title="bbox 1959 5173 3535 5256; baseline -0.018 -6"><span class='ocrx_word' id='word_1_858' title='bbox 1959 5195 2133 5256; x_wconf 86' lang='lat' dir='ltr'><strong>bravi,</strong></span> <span class='ocrx_word' id='word_1_859' title='bbox 2161 5199 2348 5246; x_wconf 89' lang='lat' dir='ltr'><strong>etnon</strong></span> <span class='ocrx_word' id='word_1_860' title='bbox 2373 5197 2494 5243; x_wconf 89' lang='lat' dir='ltr'><strong>erat</strong></span> <span class='ocrx_word' id='word_1_861' title='bbox 2517 5187 2571 5240; x_wconf 90' lang='lat' dir='ltr'><strong>in</strong></span> <span class='ocrx_word' id='word_1_862' title='bbox 2602 5184 2755 5239; x_wconf 86' lang='lat' dir='ltr'><strong>vobis</strong></span> <span class='ocrx_word' id='word_1_863' title='bbox 2778 5182 3006 5234; x_wconf 79' lang='lat' dir='ltr'><strong>alienus.</strong></span> <span class='ocrx_word' id='word_1_864' title='bbox 3051 5175 3156 5229; x_wconf 86' lang='lat' dir='ltr'><strong>Vos</strong></span> <span class='ocrx_word' id='word_1_865' title='bbox 3188 5173 3317 5227; x_wconf 91' lang='lat' dir='ltr'><strong>mihi</strong></span> <span class='ocrx_word' id='word_1_866' title='bbox 3351 5182 3535 5234; x_wconf 88' lang='lat' dir='ltr'><strong>testes,</strong></span> 
     </span>
    </p>
   </div>
   <div class='ocr_carea' id='block_1_108' title="bbox 1957 5269 3540 5357">
    <p class='ocr_par' dir='ltr' id='par_1_108' title="bbox 1957 5269 3540 5357">
     <span class='ocr_line' id='line_1_108' title="bbox 1957 5269 3540 5357; baseline -0.018 -14"><span class='ocrx_word' id='word_1_867' title='bbox 1957 5298 2011 5343; x_wconf 86' lang='lat' dir='ltr'><strong>et</strong></span> <span class='ocrx_word' id='word_1_868' title='bbox 2048 5302 2148 5357; x_wconf 86' lang='lat' dir='ltr'><strong>ego</strong></span> <span class='ocrx_word' id='word_1_869' title='bbox 2175 5284 2438 5340; x_wconf 87' lang='lat' dir='ltr'><strong>Dominus</strong></span> <span class='ocrx_word' id='word_1_870' title='bbox 2476 5281 2617 5334; x_wconf 85' lang='lat' dir='ltr'><strong>Deus</strong></span> <span class='ocrx_word' id='word_1_871' title='bbox 2658 5276 2822 5331; x_wconf 86' lang='lat' dir='ltr'><strong>etiam</strong></span> <span class='ocrx_word' id='word_1_872' title='bbox 2868 5272 2935 5325; x_wconf 84' lang='lat' dir='ltr'><strong>ab</strong></span> <span class='ocrx_word' id='word_1_873' title='bbox 2977 5269 3135 5323; x_wconf 90' lang='lat' dir='ltr'><strong>initio</strong></span> <span class='ocrx_word' id='word_1_874' title='bbox 3166 5284 3178 5319; x_wconf 89' lang='lat'><strong>:</strong></span> <span class='ocrx_word' id='word_1_875' title='bbox 3208 5275 3262 5319; x_wconf 87' lang='lat' dir='ltr'><strong>et</strong></span> <span class='ocrx_word' id='word_1_876' title='bbox 3307 5279 3413 5318; x_wconf 89' lang='lat' dir='ltr'><strong>non</strong></span> <span class='ocrx_word' id='word_1_877' title='bbox 3457 5273 3540 5318; x_wconf 88' lang='lat' dir='ltr'><strong>est</strong></span> 
     </span>
    </p>
   </div>
   <div class='ocr_carea' id='block_1_109' title="bbox 1959 5357 3539 5453">
    <p class='ocr_par' dir='ltr' id='par_1_109' title="bbox 1959 5357 3539 5453">
     <span class='ocr_line' id='line_1_109' title="bbox 1959 5357 3539 5453; baseline -0.019 -16"><span class='ocrx_word' id='word_1_878' title='bbox 1959 5383 2050 5453; x_wconf 87' lang='lat' dir='ltr'><strong>qui</strong></span> <span class='ocrx_word' id='word_1_879' title='bbox 2077 5383 2144 5434; x_wconf 89' lang='lat' dir='ltr'><strong>de</strong></span> <span class='ocrx_word' id='word_1_880' title='bbox 2175 5377 2423 5432; x_wconf 86' lang='lat' dir='ltr'><strong>manibus</strong></span> <span class='ocrx_word' id='word_1_881' title='bbox 2466 5374 2601 5426; x_wconf 89' lang='lat' dir='ltr'><strong>meis</strong></span> <span class='ocrx_word' id='word_1_882' title='bbox 2628 5377 2809 5425; x_wconf 86' lang='lat' dir='ltr'><strong>eruat.</strong></span> <span class='ocrx_word' id='word_1_883' title='bbox 2837 5365 3079 5425; x_wconf 83' lang='lat' dir='ltr'><strong>Faciam,</strong></span> <span class='ocrx_word' id='word_1_884' title='bbox 3109 5368 3163 5414; x_wconf 89' lang='lat' dir='ltr'><strong>et</strong></span> <span class='ocrx_word' id='word_1_885' title='bbox 3186 5357 3307 5427; x_wconf 89' lang='lat' dir='ltr'><strong>quis</strong></span> <span class='ocrx_word' id='word_1_886' title='bbox 3334 5364 3539 5408; x_wconf 84' lang='lat' dir='ltr'><strong>avertet</strong></span> 
     </span>
    </p>
   </div>
   <div class='ocr_carea' id='block_1_110' title="bbox 1962 5458 3532 5529">
    <p class='ocr_par' dir='ltr' id='par_1_110' title="bbox 1962 5458 3532 5529">
     <span class='ocr_line' id='line_1_110' title="bbox 1962 5458 3532 5529; baseline -0.018 -2"><span class='ocrx_word' id='word_1_887' title='bbox 1962 5472 2158 5529; x_wconf 65' lang='lat' dir='ltr'><strong>illud?»</strong></span> <span class='ocrx_word' id='word_1_888' title='bbox 2189 5468 2401 5524; x_wconf 82' lang='lat' dir='ltr'><strong>Etenim</strong></span> <span class='ocrx_word' id='word_1_889' title='bbox 2442 5474 2494 5519; x_wconf 90' lang='lat' dir='ltr'><strong>ut</strong></span> <span class='ocrx_word' id='word_1_890' title='bbox 2548 5463 2705 5517; x_wconf 89' lang='lat' dir='ltr'><strong>testis</strong></span> <span class='ocrx_word' id='word_1_891' title='bbox 2750 5458 3075 5519; x_wconf 73' lang='lat' dir='ltr'><strong>dicebatur,</strong></span> <span class='ocrx_word' id='word_1_892' title='bbox 3103 5462 3156 5505; x_wconf 87' lang='lat' dir='ltr'><strong>et</strong></span> <span class='ocrx_word' id='word_1_893' title='bbox 3188 5464 3323 5520; x_wconf 89' lang='lat' dir='ltr'><strong>puer</strong></span> <span class='ocrx_word' id='word_1_894' title='bbox 3374 5462 3532 5517; x_wconf 80' lang='lat' dir='ltr'><strong>quem</strong></span> 
     </span>
    </p>
   </div>
   <div class='ocr_carea' id='block_1_111' title="bbox 1960 5540 3535 5636">
    <p class='ocr_par' dir='ltr' id='par_1_111' title="bbox 1960 5540 3535 5636">
     <span class='ocr_line' id='line_1_111' title="bbox 1960 5540 3535 5636; baseline -0.02 -15"><span class='ocrx_word' id='word_1_895' title='bbox 1960 5567 2234 5636; x_wconf 81' lang='lat' dir='ltr'><strong>elegerat;</strong></span> <span class='ocrx_word' id='word_1_896' title='bbox 2266 5564 2338 5617; x_wconf 85' lang='lat' dir='ltr'><strong>ita</strong></span> <span class='ocrx_word' id='word_1_897' title='bbox 2386 5569 2441 5613; x_wconf 89' lang='lat' dir='ltr'><strong>et</strong></span> <span class='ocrx_word' id='word_1_898' title='bbox 2486 5561 2598 5626; x_wconf 87' lang='lat' dir='ltr'><strong>ipse</strong></span> <span class='ocrx_word' id='word_1_899' title='bbox 2621 5567 2835 5623; x_wconf 91' lang='lat' dir='ltr'><strong>quoque</strong></span> <span class='ocrx_word' id='word_1_900' title='bbox 2880 5548 3021 5603; x_wconf 87' lang='lat' dir='ltr'><strong>Deus</strong></span> <span class='ocrx_word' id='word_1_901' title='bbox 3055 5545 3303 5636; x_wconf 63' lang='lat' dir='ltr'><strong>Salvator</strong></span> <span class='ocrx_word' id='word_1_902' title='bbox 3351 5540 3535 5593; x_wconf 78' lang='lat' dir='ltr'><strong>fuerit.</strong></span> 
     </span>
    </p>
   </div>
   <div class='ocr_carea' id='block_1_112' title="bbox 1957 5633 3535 5723">
    <p class='ocr_par' dir='ltr' id='par_1_112' title="bbox 1957 5633 3535 5723">
     <span class='ocr_line' id='line_1_112' title="bbox 1957 5633 3535 5723; baseline -0.018 -12"><span class='ocrx_word' id='word_1_903' title='bbox 1957 5633 2112 5723; x_wconf 81' lang='lat' dir='ltr'><strong>Quod</strong></span> <span class='ocrx_word' id='word_1_904' title='bbox 2155 5654 2200 5708; x_wconf 90' lang='lat' dir='ltr'><strong>si</strong></span> <span class='ocrx_word' id='word_1_905' title='bbox 2237 5652 2401 5715; x_wconf 86' lang='lat' dir='ltr'><strong>dicat,</strong></span> <span class='ocrx_word' id='word_1_906' title='bbox 2439 5668 2457 5702; x_wconf 73' lang='grc' dir='ltr'><strong>ι</strong></span> <span class='ocrx_word' id='word_1_907' title='bbox 2496 5647 2564 5703; x_wconf 81' lang='lat' dir='ltr'><strong>Et</strong></span> <span class='ocrx_word' id='word_1_908' title='bbox 2606 5660 2713 5701; x_wconf 89' lang='lat' dir='ltr'><strong>non</strong></span> <span class='ocrx_word' id='word_1_909' title='bbox 2753 5652 2835 5696; x_wconf 87' lang='lat' dir='ltr'><strong>est</strong></span> <span class='ocrx_word' id='word_1_910' title='bbox 2864 5649 3057 5711; x_wconf 71' lang='lat' dir='ltr'><strong>praeter</strong></span> <span class='ocrx_word' id='word_1_911' title='bbox 3092 5652 3176 5693; x_wconf 83' lang='lat' dir='ltr'><strong>me</strong></span> <span class='ocrx_word' id='word_1_912' title='bbox 3216 5633 3484 5695; x_wconf 74' lang='lat' dir='ltr'><strong>Salvator,</strong></span> <span class='ocrx_word' id='word_1_913' title='bbox 3513 5646 3535 5683; x_wconf 70' lang='grc' dir='ltr'><strong>ι</strong></span> 
     </span>
    </p>
   </div>
  </div>
