3968 6514
424 467 532 524 39.9

1172 451 1442 510 EUSEBII
1481 444 1961 507 CASSARIENSI’S
2001 445 2150 501 OPP.
2195 443 2375 500 PARS
2410 442 2494 497 Ill.
2535 471 2603 481 —
2641 435 3050 496 EXEGETICA.

3581 429 3692 483 400

426 601 533 638 non
565 592 741 632 tamen
779 581 938 645 negat
962 585 1216 643 puerum,
1246 583 1404 638 quem
1439 564 1617 634 elegit,
1650 564 1990 616 Salvatorem

2126 564 2237 624 ζων,
2279 581 2296 612 ι
2340 561 2439 615 οὐκ
2470 559 2831 632 ἀπαγορεύων
2856 557 2946 608 τὸν
2969 555 3198 626 Σωτῆρα
3224 547 3362 606 εἶναι
3388 550 3480 605 τὸν
3512 552 3692 606 παῖδα

423 691 544 734 esse
576 691 589 727 :
621 674 795 740 ipsum
848 666 994 721 enim
1046 661 1387 718 Salvatorem
1441 655 1694 727 agnoscit
1735 654 1824 708 hic
1876 667 2002 722 pro-

421 773 601 840 pheta,
634 778 756 820 cum
788 761 865 815 ait
895 779 908 813 :
940 778 958 809 ‹
993 757 1058 812 Ει
1090 756 1271 810 mittet
1299 751 1405 805 illis
1446 748 1707 804 Dominus
1751 746 2000 801 Salvato-

421 877 534 917 rem
604 857 694 926 qui
743 853 978 909 salvabit
1019 864 1134 904 eos.
1161 867 1180 898 ι
1237 845 1342 898 Pro
1385 841 1476 895 illo
1517 851 1718 904 autem,
1767 857 1784 890 ι
1815 850 2010 905 expro-

418 955 594 1015 bravi,
627 971 646 1004 ι
679 947 871 1018 reliqui
907 958 1098 1000 omnes
1125 942 1475 1008 interpretes,
1508 953 1526 984 ι
1551 932 1809 987 etaudire
1835 929 1989 991 feci,»

419 1049 692 1102 dixerunt.

488 1138 656 1190 Vens.
717 1131 902 1187 H-l'f.
962 1126 1094 1182 «Sic
1151 1125 1283 1180 dicit
1337 1124 1599 1178 Dominus
1667 1117 1846 1176 Deus,
1905 1114 1998 1184 qui

418 1228 636 1282 redimit
670 1240 784 1289 vos,
814 1223 1044 1279 Sanctus
1072 1217 1276 1272 lsrael:
1305 1217 1534 1286 Propter
1575 1228 1668 1269 vos
1697 1211 1904 1266 mittant
1937 1209 1991 1262 in

416 1319 748 1391 Babylonem
776 1333 790 1370 :
823 1323 877 1371 et
903 1312 1180 1368 suscitabo
1205 1310 1478 1380 fugientes
1507 1321 1718 1370 omnes,
1754 1313 1808 1358 et
1837 1301 2000 1358 Chal-

417 1414 518 1468 daei
573 1414 626 1466 in
683 1409 912 1465 navibus
976 1405 1301 1460 vincientur.
1363 1401 1477 1471 Ego
1539 1398 1801 1453 Dominus
1858 1395 2000 1449 Deus

418 1513 644 1560 sanctus
672 1513 876 1566 vester,
910 1495 1259 1568 qui-ostendi
1287 1493 1454 1550 Israel
1505 1507 1684 1563 regem
1735 1498 1998 1543 vestrum.

421 1600 513 1654 Sic
540 1599 673 1652 dicit
705 1595 983 1656 Dominus,
1013 1591 1104 1660 qui
1140 1593 1233 1645 dat
1254 1590 1309 1643 in
1339 1587 1476 1641 mari
1508 1587 1672 1651 viam,
1702 1584 1828 1652 etin
1862 1596 2000 1650 aqua

419 1691 728 1748 vehementi
774 1687 1065 1744 semitam:
1093 1683 1186 1753 qui
1238 1679 1430 1735 eduxit
1470 1691 1666 1734 currus
1703 1684 1758 1730 et
1787 1674 2001 1742 equita-

422 1795 556 1850 tutn,
592 1792 648 1838 et
694 1778 1096 1836 multitudinem
1153 1775 1430 1829 robustam
1463 1769 1594 1826 :sed
1630 1767 2000 1833 dormierunt,

420 1886 476 1933 et
521 1891 629 1931 non
673 1881 991 1943 resurgeut;
1041 1866 1301 1924 exstincti
1334 1873 1463 1920 sunt
1493 1872 1553 1917 ut
1582 1861 1750 1916 linum
1801 1857 2007 1912 exstin-

421 1981 590 2025 ctum.
613 1987 632 2023 ι
666 1967 868 2023 Horum
903 1978 1094 2020 sensus
1140 1961 1230 2016 hic
1267 1969 1352 2014 est
1398 1975 1412 2012 :
1446 1956 1585 2014 Olim
1637 1953 1856 2024 quidem
1910 1947 2002 2003 Ju-

423 2062 585 2118 daico
632 2058 828 2130 populo
863 2054 1128 2112 beneficia
1172 2049 1376 2108 contuli
1409 2063 1512 2103 :ac
1560 2060 1720 2110 cum,
1755 2051 1819 2097 ut
1859 2040 2006 2109 ipsos

421 2156 746 2225 castigarem
782 2159 839 2206 et
868 2149 935 2204 ad
963 2148 1158 2202 bonam
1185 2155 1422 2198 mentem
1452 2140 1791 2202 reducerem,
1827 2133 2003 2203 Baby-
2039 2176 2081 2232 Β

423 2248 587 2302 loniis
619 2243 986 2304 tradidissem,
1021 2253 1127 2293 non
1157 2237 1248 2290 diu
1273 2245 1458 2305 postea
1491 2246 1586 2287 eos
1617 2245 1646 2284 a
1678 2225 2004 2294 Babylonica

425 2340 745 2412 captivitate
770 2335 972 2391 liberos
1004 2329 1211 2394 dimisi,
1256 2337 1444 2399 utpote
1481 2324 1625 2379 Deus
1659 2331 1711 2377 et
1747 2318 2008 2373 Dominus

424 2427 1102 2496 universorum.lpsosque
1130 2419 1472 2492 Babylonios,
1494 2415 1583 2486 qui
1608 2421 1794 2468 contra
1821 2407 2009 2463 Hiero-

427 2526 699 2596 solymam
731 2523 1061 2592 irruperant,
1107 2525 1353 2571 extorres
1382 2510 1517 2574 feci;
1553 2509 1625 2562 ita
1652 2517 1713 2561 ut
1751 2501 2007 2562 Chaldaei.

428 2619 522 2692 qui
570 2631 734 2689 penes
763 2630 862 2669 eos
896 2620 1092 2673 erant,
1148 2609 1201 2662 in
1257 2606 1435 2674 fugam
1488 2616 1548 2657 se
1600 2605 1898 2661 verterent,
1947 2606 2012 2647 ac

429 2711 650 2784 quidam
683 2721 873 2764 eorum
902 2703 1068 2760 vincti
1098 2701 1166 2756 ab
1184 2698 1306 2752 aliis
1336 2710 1394 2749 se
1423 2690 1739 2750 fortioribus
1771 2689 1823 2742 in
1845 2699 2012 2740 naves

429 2803 832 2874 conjicerentur
877 2798 930 2854 in
957 2794 1093 2852 mari
1123 2792 1224 2848 sibi
1267 2787 1573 2858 adiacente.
1621 2781 1751 2836 Haec
1780 2792 1880 2850 ego
1910 2776 2012 2833 feci

431 2897 600 2964 Deus,
623 2905 682 2951 ut
711 2906 938 2964 regnum
972 2902 1146 2943 meum
1184 2881 1493 2939 hominibus
1539 2877 1904 2933 ostenderem.

449 3113 451 3116 ι
504 3075 672 3130 Vens.
729 3071 816 3137 18,
884 3067 972 3126 l9.
1045 3063 1170 3120 «Ne
1222 3057 1580 3118 memineritis
1622 3054 1865 3126 priorum
1899 3090 1914 3115 ,
1961 3059 2016 3105 et

435 3178 620 3226 vetera
657 3179 726 3220 ne
772 3159 1106 3233 recogitetis.
1158 3156 1298 3210 Ecce
1339 3166 1440 3223 ego
1493 3149 1633 3205 facio
1680 3160 1836 3207 nova,
1895 3157 2015 3214 quae

353 3267 362 3282 ‘
438 3277 583 3319 nunc
615 3259 888 3319 orientur,
918 3262 972 3307 et
1005 3247 1350 3321 cognoscetis
1396 3258 1479 3300 ea.
1508 3260 1528 3295 ι
1573 3239 1776 3295 Iudicat
1828 3251 2018 3291 rursus

442 3351 738 3410 Ecclesiam
808 3348 858 3400 in
915 3343 1170 3416 gentibus
1225 3333 1695 3398 constituendam,
1748 3343 1870 3400 qua:
1925 3326 2015 3382 Dei

437 3445 750 3519 cognitione
778 3453 944 3495 vacua
971 3445 1110 3498 erat,
1146 3440 1432 3500 antequam
1469 3425 1749 3480 adveniret
1768 3422 2056 3479 Christum

441 3516 560 3603 Dei,
592 3534 682 3605 qui
704 3531 856 3598 (fixit,
893 3547 911 3580 ι
940 3528 1050 3598 Ego
1071 3539 1189 3579 sum
1223 3523 1330 3575 via.
1377 3519 1440 3574 Et
1483 3516 1679 3571 faciam
1711 3516 1763 3569 in
1799 3516 2018 3570 deserto
2047 3534 2090 3595 ρ

441 3633 608 3693 viam,
642 3636 697 3682 et
723 3625 777 3679 in
809 3624 1069 3690 iuaquoso
1093 3614 1333 3671 flumina.
1367 3631 1386 3666 ι
1427 3609 1627 3665 Verum
1671 3607 1726 3661 in
1760 3605 1874 3670 illo,
1906 3605 2019 3671 ait,

439 3711 710 3796 quondam
742 3718 957 3772 deserto
987 3713 1127 3766 viam
1154 3700 1842 3776 faciam,quemadmodum
1871 3699 2021 3769 prius

443 3820 499 3875 in
540 3813 675 3870 mari
708 3811 897 3866 Rubro
945 3805 1068 3862 feci.
1122 3803 1320 3858 Fluunt
1355 3813 1517 3872 porro
1565 3795 1873 3851 divinorum
1911 3791 2022 3846 elo-

447 3911 700 3983 quiorum
740 3902 966 3959 ﬁumina
1019 3914 1089 3954 ex
1126 3899 1373 3952 doctrina
1425 3890 1600 3947 saneti
1657 3887 1914 3958 Spiritus,
1967 3884 2022 3938 in

444 3975 534 4058 illa
587 3999 716 4055 olim
752 3996 1050 4064 inaquosa;
1083 3983 1544 4059 quemadmodum
1603 3989 1660 4035 et
1704 3978 1804 4032 sub
1840 3975 2024 4046 Moyse

443 4099 497 4153 iu
546 4095 762 4150 deserto
807 4086 1026 4142 flutuina
1079 4088 1438 4142 emanarunt;
1495 4076 1588 4130 sed
1647 4071 1756 4125 illic
1807 4068 2022 4138 quidem

442 4201 721 4260 corporea:
741 4195 901 4252 aqua:
929 4187 1105 4240 erant,
1151 4184 1207 4229 et
1247 4179 1442 4228 natura
1485 4181 1580 4222 sua
1615 4163 1770 4218 fluxa:
1812 4169 1866 4214 et
1894 4173 2021 4214 cor-

444 4293 648 4354 rupta};
695 4291 844 4332 nunc
895 4281 1076 4326 autem
1120 4267 1229 4324 Deo
1273 4261 1743 4321 subministrante,
1792 4252 2025 4308 rationa-

441 4377 568 4434 bilis
604 4383 660 4429 et
685 4365 984 4439 spiritualis
1012 4377 1164 4433 aqua:
1190 4358 1410 4413 flumina
1445 4358 1687 4408 manant.

517 4463 685 4519 Vens.
717 4436 814 4514 90.
855 4475 872 4508 ι
899 4453 1229 4509 Benedicent
1258 4446 1386 4501 milii
1417 4441 1604 4498 bestiae
1629 4438 1766 4508 agri,
1798 4436 2023 4501 sirenes,

445 4569 499 4613 et
531 4556 656 4611 filiae
683 4549 1048 4607 strutltiouum
1083 4563 1097 4600 :
1132 4542 1259 4614 quia
1294 4538 1416 4594 dedi
1460 4536 1515 4590 in
1553 4534 1771 4588 deserto
1804 4543 2026 4599 aquam,

448 4661 502 4705 et
524 4646 748 4703 flumina
786 4644 839 4697 in
873 4643 1156 4709 inaquosa,
1191 4635 1258 4690 ad
1291 4627 1590 4702 potandum
1635 4638 1804 4695 genus
1850 4635 2026 4674 meum

440 4745 701 4797 electum.
733 4757 752 4790 ι
786 4736 1036 4792 Efferatze
1067 4731 1283 4791 animae,
1317 4719 1554 4778 fluminis
1581 4718 1778 4772 virtute
1799 4727 2028 4771 conver-

443 4851 542 4900 διε,
583 4849 613 4887 a
663 4831 839 4886 ferino
891 4828 984 4882 illo
1034 4834 1182 4880 statu
1232 4817 1626 4876 mutabuntur;
1679 4810 1752 4864 ita
1801 4815 1860 4862 ut
1903 4805 2031 4875 ipsae

451 4899 579 4984 fera:
605 4924 932 4982 benedicant
988 4919 1147 4973 ‘mihi.
1199 4910 1353 4979 Quod
1391 4908 1434 4962 si
1483 4906 1645 4961 etiam
1681 4902 1886 4956 Sirena:
1913 4899 2028 4952 l‘ue-
2059 4899 2103 4954 D

451 5021 580 5086 rint,
622 5019 895 5088 voluptate
935 5024 989 5066 et
1012 5005 1298 5066 diabolicis
1337 4999 1566 5056 canticis
1595 4996 1874 5050 hominum
1904 4990 2016 5043 ani-

451 5130 569 5172 mas
619 5079 992 5168 demulcentes
1026 5142 1043 5168 ,
1106 5097 1336 5170 poeticis
1403 5088 1738 5146 carminibus
1797 5079 2024 5151 eleganti

449 5223 702 5266 sermone
728 5196 1105 5260 concinnatis;
1137 5192 1242 5245 illae
1282 5188 1446 5242 etiam
1482 5184 1778 5236 immutata:
1807 5173 2031 5231 benedi-

451 5311 577 5359 cent
640 5293 1179 5358 mihizinsuperque
1255 5281 1377 5336 tiliae
1438 5275 1845 5334 struthionum;
1916 5265 2031 5319 sive

452 5395 750 5448 secundum
781 5384 1021 5453 reliquos
1040 5381 1391 5447 interpretes,
1415 5391 1432 5422 ε
1459 5359 1977 5425 etstruthocameli;
2007 5376 2025 5408 ι

451 5496 644 5556 estque
675 5479 802 5536 illud
855 5473 1056 5531 animal
1109 5475 1160 5525 in
1199 5465 1491 5525 solitudine
1535 5470 1592 5517 et
1627 5455 1861 5513 desertis
1901 5453 2034 5506 locis

455 5545 686 5648 degens;
730 5570 871 5641 quod
912 5577 968 5623 et
1011 5567 1188 5636 ipsum
1242 5561 1310 5614 ad
1370 5551 1842 5612 mansuetudinem
1879 5545 2038 5598 redu-

454 5683 625 5730 ctum,
661 5664 787 5719 mihi
807 5663 914 5718 Deo
944 5657 1262 5716 benedicere
1287 5650 1597 5709 docebitur.
1627 5641 1831 5696 Horum
1855 5645 2033 5692 autem

437 5778 620 5818 causa
657 5759 760 5814 erit
788 5771 927 5827 aqua
959 5753 1074 5818 illa,
1101 5764 1264 5822 quam
1309 5747 1362 5800 in
1389 5745 1608 5798 deserto
1646 5733 1792 5798 dedi,
1820 5742 2031 5785 necnon

445 5855 735 5910 ﬂuminum
771 5824 1143 5906 in‘solitudine
1170 5837 1504 5898 manantium
1531 5831 1615 5888 vis
1653 5836 1706 5884 et
1734 5824 1912 5897 copia.

2108 649 2167 701 ὃν
2195 649 2494 714 ἐξελέξατο,
2527 649 2671 702 τοῦτ’
2702 648 2768 701 ἂν
2806 647 2976 699 εἴποι·
3005 638 3112 697 οἶδε
3139 641 3268 713 γοῦν
3299 641 3459 695 αὐτὸν
3507 642 3695 712 Σωτῆ-

2114 757 2183 812 ρα
2205 742 2233 792 6
2265 739 2454 812 παρὼν
2485 739 2771 811 προφήτης
2807 738 2863 790 ἐν
2889 731 2969 798 οἷς
2993 751 3126 805 φησι
3147 751 3160 763 ·
3192 754 3212 796 ,t
3245 733 3355 786 Καὶ
3397 733 3700 787 ἀποστελεῖ

2113 831 2295 894 αὐτοῖς
2330 830 2534 901 Κύριος
2574 829 2823 900 Σωτῆρα,
2860 827 2920 891 ὃς
2946 826 3107 880 σώσει
3153 825 3370 888 αὐτούς.
3403 843 3421 876 ι
3458 811 3604 877 ’Ᾱντὶ
3634 824 3696 878 δὲ

2098 919 2214 984 τοῦ,
2246 939 2264 971 ι
2301 920 2572 982 ὠνείδισα,
2617 937 2633 969 ι
2669 920 2718 971 οἱ
2743 917 2918 971 λοιποὶ
2952 916 3285 988 ἐρμηνευταὶ
3314 915 3532 977 πάντες,
3567 916 3697 968 «καὶ

2099 1008 2382 1081 ήκούτισα,
2428 1028 2446 1059 ι
2464 1009 2754 1080 εἰρήκασι.

2177 1121 2195 1151 ε
2221 1101 2405 1164 υῦτως
2431 1100 2578 1168 λέγει
2603 1099 2809 1171 Κύριος
2843 1099 2871 1150 6
2912 1096 3063 1163 Θεὸς,
3086 1099 3114 1150 6
3140 1095 3498 1167 λυτρούμενος
3527 1095 3697 1165 ὑμᾶς,

2110 1198 2138 1250 ὁ
2169 1195 2363 1264 ’Ἄγιος
2393 1193 2486 1247 τοῦ
2523 1191 2776 1264 Ἰσραήλ·
2832 1191 3054 1243 Ἕνεκεν
3101 1187 3252 1260 ὑμῶν
3289 1186 3573 1242 ἀποστελῶ
3616 1187 3703 1249 εἰς

2103 1285 2420 1348 Βαϐυλῶνα,
2455 1283 2549 1337 καὶ
2581 1279 2828 1352 ἐπεγερῶ
2848 1279 3147 1348 φεύγοντας
3171 1278 3399 1342 πάντας,
3429 1277 3523 1330 καὶ
3552 1277 3704 1330 Χαλ-

2103 1381 2238 1434 δαῖοι
2273 1381 2330 1433 ἐν
2383 1378 2589 1440 πλοίοις
2634 1375 2967 1447 δεθήσονται.
3007 1371 3148 1441 Ἐγὼ
3180 1371 3383 1442 Κύριος
3440 1372 3469 1422 6
3507 1369 3639 1432 Θεὸς
3673 1371 3704 1422 6

2105 1471 2258 1540 ἅγιος
2283 1469 2456 1541 ὑμῶν,
2480 1470 2508 1521 6
2541 1461 2860 1531 καταδείξας
2880 1464 3097 1536 Ἰσραὴλ
3131 1461 3353 1534 βασιλέα
3383 1461 3558 1532 ὑμῶν.
3591 1460 3706 1514 Οὖ-

2104 1580 2211 1627 τως
2243 1563 2391 1632 λέγει
2418 1561 2621 1634 Κύριος
2652 1562 2680 1613 6
2733 1559 2910 1623 διδοὺς
2945 1559 3004 1610 ἐν
3039 1555 3281 1628 θαλάσσῃ
3312 1555 3452 1618 ὁδὸν,
3508 1553 3602 1607 καὶ
3631 1555 3707 1606 ἐν

2107 1656 2259 1709 ὕδατι
2277 1655 2480 1727 ἰσχυρῷ
2499 1653 2704 1726 τρίϐον,
2718 1655 2745 1706 6
2765 1650 3046 1720 ἐξαγαγὼν
3064 1650 3282 1722 ἅρματα
3299 1649 3388 1701 καὶ
3412 1648 3578 1700 ἵππον
3605 1648 3707 1700 καὶ

2107 1749 2264 1820 ὄχλον
2317 1748 2561 1820 ἰσχυρόν·
2602 1746 2717 1800 ἀλλ’
2769 1743 3164 1815 ἐκοιμήθησαν,
3215 1742 3309 1796 καὶ
3343 1741 3442 1793 οὐκ
3469 1739 3710 1810 άναστήέ

2113 1859 2319 1904 σονται,
2375 1838 2710 1910 ἐσϐέσθησαν
2735 1837 2808 1900 ὡς
2844 1837 2986 1889 λίνον
3041 1833 3388 1904 ἐσϐεσμένον.
3420 1851 3438 1884 ι
3492 1831 3549 1884 '0
3577 1830 3706 1894 νοῦς,

2108 1932 2217 1986 τῶν
2247 1932 2623 2004 προκειμένων
2650 1928 2890 1992 τοιοῦτός
2913 1929 3030 1980 ἐστι
3053 1943 3066 1956 ·
3100 1924 3275 1979 Πάλαι
3305 1923 3405 1994 μὲν
3431 1923 3530 1986 τάς
3561 1922 3710 1993 ἐμὰς

2109 2023 2431 2096 εὐεργεσίας
2479 2025 2738 2094 παρεῖχον
2783 2019 2862 2090 τῷ
2915 2016 3185 2072 Ἰουδαίων
3219 2016 3398 2069 ἔθνει·
3433 2015 3709 2068 παιδεύων

2115 2119 2214 2192 μὲν
2243 2116 2439 2180 αὐτοὺς
2468 2115 2562 2168 καὶ
2595 2111 2962 2183 σωφρονίζων,
2997 2108 3355 2169 Βαϐυλωνίοις
3385 2105 3708 2176 παρέδωκα,

2110 2211 2210 2265 οὐκ
2242 2211 2320 2272 είς
2355 2206 2562 2279 μακρὸν
2604 2204 2921 2275 ἐλευθέρους
2950 2202 3128 2272 ἀνῆκα
3167 2201 3266 2271 τῆς
3297 2199 3374 2262 εἷς
3407 2196 3714 2252 Βαϐυλῶνα

2113 2299 2510 2373 αἰχμαλωσίας,
2543 2299 2638 2352 ἆτε
2668 2295 2800 2358 Θεὸς
2823 2293 2897 2347 ὢν
2924 2293 3016 2346 καὶ
3044 2291 3246 2363 Κύριος
3277 2289 3385 2342 τῶν
3411 2287 3566 2341 ὅλων.
3599 2288 3715 2341 Αὐ-

2113 2389 2238 2452 τούς
2263 2405 2323 2441 τε
2352 2385 2726 2447 Βαϐυλωνίους
2750 2383 2876 2446 τοὺς
2905 2381 3230 2443 ἐπιστάντας
3255 2383 3321 2450 τῇ
3353 2376 3714 2448 Ἰερουσαλὴμ

2115 2479 2450 2541 ἀναστάτους
2489 2476 2744 2548 ἐποίησα,
2781 2475 2856 2538 ὡς
2905 2475 2998 2528 καὶ
3035 2475 3178 2544 φυγῇ
3223 2469 3534 2543 χρήσασθαι
3581 2468 3717 2531 τοὺς

2116 2576 2248 2647 παρ’
2281 2574 2462 2636 αὐτοῖς
2490 2570 2814 2633 Χαλδαίους.
2862 2567 3114 2639 δεσμίους
3137 2583 3194 2619 τε
3223 2561 3537 2634 ἀπαχθῆναί
3557 2577 3716 2623 τινας

2118 2666 2320 2728 αὐτῶν,
2349 2664 2554 2729 πλοίοις
2576 2661 2945 2734 ἐμϐληθέντας
2965 2661 3023 2715 ἐν
3053 2661 3118 2730 τῇ
3153 2657 3281 2729 παρ’
3303 2657 3486 2719 αὐτοῖς
3515 2654 3717 2708 θαλάσ-

2120 2778 2210 2836 σῃ,
2237 2761 2325 2830 ὑφ’
2358 2759 2559 2830 ἐτέρων
2607 2754 2772 2808 τινῶν
2813 2751 3039 2822 δυνάμει
3071 2748 3477 2822 κραταιοτέρων
3503 2746 3710 2800 αὐτῶν.

2119 2856 2305 2912 Ταῦτα
2351 2853 2460 2925 γὰρ
2493 2849 2603 2921 ἐγὼ
2635 2845 3014 2920 διεπραξάμην
3063 2843 3092 2894 6
3147 2840 3296 2906 Θεὸς,
3350 2838 3563 2902 δεικνὺς
3609 2836 3717 2909 τὴν

2121 2950 2259 3022 ἐμὴν
2286 2946 2563 3019 βασιλείαν
2588 2940 2915 3015 ἀνθρώποις.

2197 3021 2326 3111 «Μὴ
2360 3035 2726 3111 μνημονεύετε
2775 3032 2844 3086 τὰ
2872 3030 3086 3102 πρῶτα,
3134 3027 3230 3080 καὶ
3274 3025 3341 3079 τὰ
3380 3025 3583 3096 ἀρχαῖα
3634 3021 3711 3093 μὴ

2125 3131 2518 3202 συλλογίζεσθε.
2555 3127 2687 3182 Ἰδοὺ
2733 3125 2844 3195 ἐγὼ
2879 3123 3017 3177 ποιῶ
3050 3120 3233 3183 καινὰ,
3263 3118 3298 3172 ἃ
3321 3116 3416 3171 νῦν
3441 3114 3709 3178 ἀνατελεῖ,

2123 3228 2218 3283 καὶ
2268 3221 2545 3296 γνώσεσθε
2592 3219 2751 3274 αὐτά.
2780 3238 2799 3271 ι
2860 3217 3020 3288 Δηλοί
3055 3215 3112 3268 δέ
3147 3212 3308 3266 πάλιν
3358 3210 3458 3279 τὴν
3492 3209 3561 3275 ἐν,
3597 3209 3711 3270 τοῖς

2125 3294 2300 3374 ἔθνεσι
2349 3312 2762 3386 συστησομένην
2824 3306 3170 3378 Ἐκκλησίαν,
3214 3305 3336 3374 ἥτις
3393 3301 3596 3372 ἕρημος
3640 3294 3710 3368 ἦν

2125 3411 2259 3466 Θεοῦ
2282 3408 2534 3478 γνώσεως
2561 3406 2688 3478 πρὶν
2722 3401 3053 3473 ἐπιδημῆσαι
3081 3399 3172 3452 τὸν
3193 3394 3427 3469 Χριστὸν
3450 3392 3543 3446 τοῦ
3574 3391 3709 3446 Θεοῦ

2125 3503 2216 3558 τὸν
2247 3501 2500 3556 εἰπόντα·
2545 3516 2564 3550 ι
2604 3495 2745 3566 Ἐγώ
2782 3494 2956 3565 είμιή
2999 3491 3135 3554 ὁδός.
3167 3488 3278 3543 Καὶ
3314 3486 3524 3556 ποιήσω
3552 3484 3609 3534 ἐν
3642 3482 3710 3550 τῇ

2126 3598 2316 3670 ἐρήμῳ
2352 3593 2490 3656 ὁδὸν,
2537 3590 2632 3644 καλ⁵
2661 3591 2717 3642 ἐν
2749 3589 2815 3659 τῇ
2852 3585 3064 3655 ἀνύδρῳ
3097 3577 3391 3650 ποταμούς.
3419 3596 3438 3628 ι
3487 3574 3624 3627 Ἀλλ’
3655 3575 3714 3626 ἐν

2363 3684 2514 3754 φησὶ,
2549 3684 2616 3752 τῇ
2663 3678 2831 3733 πάλαι
2862 3677 3053 3747 ἐρήμῳ
3099 3672 3214 3725 ὁδὸν
3256 3670 3487 3739 ποιήσω,
3523 3664 3714 3734 ὥσπερ

2127 3780 2221 3834 καὶ
2256 3757 2519 3849 πρότερον
2553 3773 2644 3826 ἐπὶ
2669 3771 2766 3840 τῆς
2807 3766 3072 3840 Ἐρυθρᾶς
3101 3762 3376 3832 πεποίηκα
3415 3757 3712 3825 θαλάσσης.

2141 3873 2350 3926 Ῥέουσι
2382 3845 2442 3922 δέ
2476 3865 2570 3920 καὶ
2620 3860 2854 3931 ποταμοὶ
2883 3857 3039 3910 θείων
3060 3853 3255 3922 λογίων
3281 3853 3345 3904 ἐκ
3369 3845 3715 3907 διδασκαλίας

2129 3962 2283 4031 ἁγίου
2311 3958 2628 4029 Πνεύματος
2659 3954 2738 4015 είς
2778 3949 2875 4021 τὴν
2907 3945 3077 4000 πάλαι
3121 3939 3366 4012 ἄνυδρον,
3406 3939 3480 4003 ὼς
3505 3937 3600 3991 καὶ⁸
3622 3937 3717 3988 ἐπὶ

2130 4030 2406 4116 Μωῡσέως
2451 4051 2714 4122 ἕρῤευσαν
2744 4045 2802 4096 ἐν
2841 4043 2907 4112 τῇ
2936 4040 3124 4111 ἐρήμῳ
3159 4034 3423 4105 ποταμοί·
3463 4031 3576 4086 ἀλλ’
3601 4030 3718 4082 ἐκεῖ

2134 4151 2230 4222 μὲν
2270 4146 2475 4208 ,ὓδατος
2531 4133 2866 4210 σωματικοῦ,
2921 4131 3152 4205 ῥευστῆς
3191 4129 3376 4191 οὐσίας
3425 4126 3575 4187 ὄντος
3623 4122 3719 4181 καὶ

2133 4215 2397 4313 ίρθαρτῆς,
2430 4235 2549 4288 νυνὶ
2587 4231 2646 4285 δὲ
2685 4232 2750 4282 ἐκ
2783 4228 2880 4298 τῆς
2913 4223 3095 4278 ἐνθέου
3130 4217 3392 4291 χορηγίας
3443 4215 3537 4269 τοῦ
3579 4215 3720 4282 107t-

2135 4330 2233 4386 κοῦ
2268 4329 2363 4383 καὶ
2389 4319 2761 4394 πνευματικοῦ
2796 4317 3006 4378 ὓδατος.

2211 4445 2230 4477 ι
2259 4417 2627 4491 Εὐλογήσουσί
2664 4431 2730 4486 με
2760 4411 2830 4465 τά
2869 4409 3034 4481 θηρία
3074 4403 3168 4459 τοῦ
3205 4401 3399 4472 ἀγροῦ,
3446 4400 3716 4470 σειρῆνες,

2133 4518 2227 4574 xal.
2259 4514 2555 4586 Θυγατέρες
2583 4506 2856 4581 στρουθῶν
2878 4521 2892 4535 ·
2937 4503 3020 4556 ὅτι
3062 4491 3238 4553 ἔδωκα
3266 4500 3323 4551 ἐν
3344 4499 3409 4566 τῇ
3441 4495 3629 4566 ἐρήμῳ
3657 4491 3721 4544 ὐ-

2133 4612 2264 4681 δωρ,
2295 4607 2390 4660 καὶ
2445 4584 2724 4672 ποταμοὺς
2755 4601 2812 4652 ἐν
2836 4598 2900 4666 τῇ
2955 4592 3189 4664 ἀνύδρῳ,
3224 4589 3442 4642 ποτίσαι
3472 4587 3532 4639 τὸ
3565 4584 3722 4653 γένος

2137 4675 2238 4774 μού
2273 4700 2333 4753 τὸ
2367 4695 2637 4751 ἐκλεκτόν.
2661 4712 2678 4744 ι
2713 4691 2776 4744 Δί
2811 4684 3231 4758 ἀπηγριωμέναι
3260 4681 3427 4752 ψυχαὶ
3461 4675 3724 4749 μεταϐλη-

2136 4795 2388 4866 θήσονται
2413 4788 2514 4858 τῆς
2546 4783 2842 4857 θηριώδους
2871 4777 3258 4837 καταστάσεως
3291 4775 3354 4826 ἐκ
3376 4771 3474 4840 τῆς
3499 4768 3594 4821 τοῦ
3625 4783 3724 4818 πο-

2130 4884 2306 4958 ταμοῦ
2342 4881 2624 4949 δυνάμεως
2657 4871 3050 4933 ἀλλοιωθεῖσαι,
3077 4869 3152 4931 ὡς
3175 4865 3369 4926 αὐτοὺς
3401 4861 3562 4915 πάλιν
3596 4860 3726 4919 τοὺς

2127 4984 2301 5052 θῆρας
2324 4971 2610 5042 εὐλογῆσαί
2635 4984 2720 5040 με.
2757 4967 2820 5019 Εἰ
2841 4965 2896 5017 δὲ
2920 4962 3011 5016 καὶ
3044 4960 3296 5031 Σειρῆνες
3317 4952 3476 5027 ἦσαν,
3513 4951 3726 5018 θέλγουο

2129 5089 2219 5125 σαι
2252 5068 2412 5140 ἡδονῇ
2440 5064 2534 5116 καὶ
2561 5060 2769 5132 ᾄσμασι
2796 5054 3130 5124 δαιμονικοῖς
3158 5053 3256 5112 τάς
3288 5047 3394 5099 τῶν
3418 5042 3724 5113 ἀνθρώπων

2129 5136 2307 5232 ψυχὰ-ς
2343 5136 2409 5210 ἐν
2438 5152 2675 5223 ποιητῶν
2715 5146 3030 5216 πλάσμασιν
3068 5141 3295 5210 εὐεπείᾳ
3333 5136 3508 5204 λόγων
3560 5150 3725 5188 κεκο-

2136 5227 2436 5326 σμημένοις
2455 5265 2468 5278 ·
2502 5244 2637 5300 ἀλλά
2669 5243 2762 5296 καὶ
2794 5232 2955 5293 αὗται
2981 5231 3376 5307 μεταϐαλοῦσαι
3410 5227 3726 5297 εὐλογήσου-

2139 5346 2190 5400 σί
2227 5362 2295 5416 με
2317 5361 2329 5372 ·
2373 5342 2453 5395 ἐτι
2492 5356 2554 5409 γε
2594 5335 2697 5407 μὴν
2730 5335 2824 5387 καὶ
2865 5329 3160 5398 θυγατέρες
3192 5321 3497 5397 στρουθῶν·
3524 5320 3558 5391 ἣ
3585 5316 3726 5372 κατά

2135 5440 2261 5502 τοὺς
2303 5433 2522 5495 λοιποὺς
2574 5424 2936 5500 ἐρμηνευτὰς,
3003 5440 3018 5471 ι
3049 5421 3142 5472 καὶ
3177 5411 3670 5488 στρουθοκάμηλοι,
3703 5429 3720 5461 ι

2137 5498 2276 5594 ζῶον
2293 5528 2349 5579 ἐν
2367 5498 2623 5597 ἐρημίαις
2647 5498 2741 5572 καὶ
2768 5515 2974 5587 χώραις
2999 5510 3271 5579 ἀοικήτοις
3298 5504 3603 5574 γινόμενον,
3633 5498 3726 5552 καὶ

2137 5621 2269 5676 αὐτὸ
2298 5595 2581 5691 ήμερωθέν
2613 5611 2857 5679 εὐλογεῖν
2894 5606 2995 5676 ἐμὲ
3034 5603 3124 5655 τὸν
3154 5599 3290 5654 Θεὸν
3328 5595 3723 5669 μαθηθήσεται.

2138 5686 2433 5768 Τούτωνδέ
2461 5710 2634 5764 αἴτιον
2655 5705 2806 5759 ἕσται
2826 5702 2887 5756 τὸ
2907 5699 2996 5754 ὐπ’
3029 5694 3163 5768 ἐμοῦ
3183 5693 3334 5748 δοθὲν
3364 5695 3420 5746 ἐν
3441 5691 3507 5759 τῇ
3535 5686 3726 5757 ἐρήμῳ

2143 5807 2308 5877 ὕδωρ,
2344 5803 2438 5857 καὶ⁹
2469 5803 2503 5873 ἡ
2523 5798 2631 5855 τῶν
2662 5793 2923 5868 ποταμῶν
2949 5788 3178 5860 δύναμις
3207 5786 3318 5840 τῶν
3349 5786 3406 5838 ὲν
3438 5782 3505 5852 τῇ
3534 5777 3737 5860 ἐρήμῳ

2144 5897 2471 5971 ῥευσάντων.
