3968 6508
267 387 336 441 ἆυ
351 389 364 441 Ι

1197 375 1703 436 (ΖΟΜΜΕΝΤΑΒΙΑ
1743 375 1809 430 ΙΝ
1847 371 2105 430 ISAIAM.
2146 403 2215 416 —-
2251 368 2407 425 CAP.
2451 367 2631 422 XLIV.

3426 351 3533 410 503

345 527 364 558 ι
398 507 543 559 Λαόν
575 523 674 576 μου
698 505 758 557 ὃν
778 501 1250 573 περιεποιησάμην
1269 499 1367 564 τὰς
1387 497 1586 572 ἀρετάς
1616 516 1716 572 μου
1743 497 1856 566 διη-

2033 492 2192 548 Vens.
2245 492 2338 556 ‘21,
2383 489 2474 542 2‘2.
2531 506 2549 538 ι
2583 484 2841 554 Populum
2877 496 3054 536 meum
3075 493 3236 550 quem
3269 476 3532 545 acquisivi

266 599 492 668 γεῖσθαι
517 616 529 628 ’
560 599 620 650 οὐ
667 595 761 649 νῦν
793 594 1029 650 ἐκάλεσά
1062 610 1144 656 σε,
1187 592 1401 656 Ἰακὼϐ,
1445 591 1564 644 οὐδὲ
1603 590 1858 644 κοπιάσαι

269 709 326 743 σε
357 691 618 760 ἐποίησα,
655 687 887 760 Ἰσραήλ.
914 706 932 739 ι
958 687 1020 740 EI
1047 685 1144 757 μὲν
1172 683 1279 757 γὰρ
1310 684 1473 755 θῆρες
1492 684 1540 736 οἱ
1564 684 1742 754 ἄγριοι
1768 681 1862 734 καὶ

269 783 526 853 σειρῆνες
554 781 646 834 καὶ
677 782 732 833 αἱ
767 779 1066 850 θυγατέρες
1094 769 1202 830 τῶν
1238 775 1513 848 στρουθῶν
1535 775 1859 845 εὐλογήσου-

271 875 322 926 σί
362 890 434 945 με
463 891 476 904 ο
508 874 570 926 σὺ
591 873 669 937 δὲ,
709 871 922 934 Ἰακὼϐ,
961 871 1112 924 οὐδὲν
1145 869 1380 923 τοιοῦτον
1413 868 1711 940 διεπράξω
1746 865 1860 920 ἀλλ’

266 967 392 1018 οὐδὲ
423 965 664 1035 ἠξίωσας
689 965 791 1036 ἐμὲ
817 963 1212 1026 ἐπικαλεῖσθαι,
1243 981 1260 1012 ι
1285 959 1580 1030 ὲκοπιάθης
1605 980 1623 1011 ι
1653 961 1708 1014 δὲ
1737 980 1755 1012 ι
1783 961 1863 1023 είς

267 1059 392 1128 ἐμὲ,
422 1077 440 1108 ι
471 1058 614 1112 κατὰ
659 1059 750 1113 τὸν
780 1057 1097 1129 Σύμμαχον,
1127 1055 1304 1110 καίτοι
1333 1054 1466 1125 ἐμοῦ
1497 1054 1571 1126 μὴ
1597 1054 1857 1125 ποιήσαν-

270 1148 362 1211 τὸς
396 1165 462 1200 σε
487 1148 771 1202 κοπιάσαι.

347 1345 367 1377 ε
402 1327 519 1381 Οὐκ
537 1327 772 1397 ἤνεγκας
799 1345 887 1398 μοι
918 1326 1167 1398 πρόϐατά
1190 1344 1282 1380 σου
1313 1325 1412 1395 τῆς
1437 1321 1864 1394 ὁλοκαρπώσειτις

273 1436 390 1483 σου,
415 1419 541 1473 οὐδὲ
564 1421 621 1472 ὲν
641 1423 758 1484 ταῖς
790 1419 1001 1484 θυσίαις
1028 1439 1119 1474 σου
1148 1420 1402 1486 ὲδόξασάς
1434 1435 1500 1488 με
1521 1435 1534 1448 ο
1575 1417 1672 1470 οὐκ
1712 1415 1862 1469 ἐδού-

271 1509 422 1563 λωσά
458 1528 517 1563 σε
551 1512 609 1564 ἐν
633 1510 863 1577 θυσίαις,
895 1512 1015 1564 οὐδὲ
1039 1511 1271 1581 ἕγκοπον
1304 1510 1534 1581 ἐποίησά
1558 1527 1616 1562 σε
1639 1511 1697 1562 ἐν
1719 1507 1864 1561 λιϐά-

272 1619 368 1672 νῳ.
398 1622 417 1654 ι
460 1604 654 1666 Ὅπως
683 1603 777 1656 καὶ
805 1605 862 1655 ἐν
884 1605 997 1666 τοῖς
1027 1603 1404 1674 προκειμένοις
1432 1603 1495 1672 τῇ
1521 1600 1734 1672 ἐρήμῳ,
1771 1598 1863 1651 καὶ

272 1696 385 1755 τοῖς
412 1694 472 1746 ἐν
505 1695 643 1764 αὐτῇ
671 1695 880 1765 θηρίοις
907 1694 1124 1762 ἀγαθῶν
1166 1693 1387 1756 ἐλπίδας
1415 1691 1821 1762 εὐαγγελίζεται
1845 1708 1858 1720 ·

271 1787 357 1842 τὸν
389 1787 446 1840 δὲ
477 1787 609 1840 λαὸν
631 1789 722 1840 τὸν
753 1791 816 1841 ἐκ
850 1789 1148 1860 περιτομῆς
1185 1791 1273 1843 ἐπ’
1306 1786 1582 1850 ἀσεϐείαις
1627 1785 1859 1856 ἐλέγχει,

270 1882 327 1933 ὃν
355 1882 453 1934 καὶ
488 1879 688 1935 Ἰακὼϐ
750 1880 905 1933 καλεῖ
929 1879 1022 1933 νῦν
1068 1881 1159 1934 καὶ
1196 1879 1441 1950 Ἰσραήλ·
1473 1878 1644 1941 οὕτως
1677 1877 1859 1943 ἁπλῶς

275 1970 458 2041 ξηροῖς
479 1970 740 2042 ὀνόμασιν
772 1967 894 2024 οὔτε
925 1970 1107 2024 δοῦλον
1132 1969 1316 2034 αὐτοῦ,
1351 1968 1473 2023 οὔτε
1506 1969 1758 2023 ἐκλεκτὸν
1788 1970 1862 2022 εἰ·

273 2059 410 2125 πὼν,
439 2062 580 2134 ὅπερ
604 2062 777 2116 ἐποίει
805 2061 898 2116 ἐπὶ
925 2061 1018 2115 τοῦ
1041 2061 1347 2133 κρείττονος
1369 2061 1666 2131 τάγματος.

348 2266 534 2320 «Οὐδὲ
585 2266 803 2336 ἐκτήσω
858 2283 946 2337 μοι
991 2264 1255 2337 ἀργυρίου
1303 2263 1573 2334 θυμίαμα,
1629 2264 1750 2318 οῦδέ
1805 2265 1864 2317 τὸ

275 2359 443 2430 στέαρ
479 2359 590 2411 τῶν
630 2358 829 2412 θυσιῶν
860 2375 956 2411 σου
989 2357 1310 2428 ἐπεθύμησα
1333 2373 1344 2385 ·
1385 2356 1521 2409 ἀλλὰ
1549 2359 1606 2410 ἐν
1639 2359 1759 2420 ταῖς
1802 2357 1865 2409 ἀ-

279 2452 544 2522 μαρτίαις
573 2469 667 2504 σου
694 2450 965 2522 προέστης
985 2468 1108 2520 μου,
1131 2449 1228 2504 καὶ
1259 2451 1316 2502 ἐν
1345 2453 1462 2513 ταῖς
1492 2448 1723 2511 ἀδικίαις
1749 2466 1862 2500 σου.

287 2542 430 2610 Ἐγώ
465 2544 604 2614 είμι,
638 2541 750 2611 ὲγὼ
781 2544 916 2613 εἰμι,
970 2543 998 2594 6
1027 2541 1324 2610 ἐξαλείφων
1357 2541 1456 2605 τὰς
1512 2542 1739 2612 ἀνομίας
1773 2559 1865 2604 σου

275 2634 462 2687 ἕνεκεν
502 2635 658 2706 ἐμοῦ,
693 2634 911 2698 καὶτὰς
944 2633 1216 2707 ἁμαρτίας
1246 2652 1360 2694 σου,
1391 2634 1486 2688 καὶ
1519 2635 1579 2687 οὐ
1618 2635 1689 2704 μὴ
1730 2652 1866 2704 μνη-

279 2726 577 2798 σθήσομαι.
612 2727 683 2779 Σὺ
735 2727 792 2781 δὲ
829 2727 1118 2800 μνήσθητι,
1151 2728 1268 2781 -καὶ
1309 2726 1607 2798 κριθῶμεν.
1641 2747 1659 2778 ι
1712 2725 1867 2796 Καλὴ

279 2817 382 2888 γὰρ
412 2818 448 2887 ἡ
490 2817 677 2888 μνήμη
706 2816 814 2870 τῶν
843 2817 1118 2889 προτέρων
1149 2817 1563 2891 ἁμαρτημάτων
1584 2817 1652 2870 δι’
1679 2817 1866 2888 ἐξομο-

279 2909 560 2980 λογήσεως
609 2909 1053 2981 ὲξηγορευμένη·
1097 2909 1178 2963 διὸ
1240 2909 1528 2982 ἐπιφέρειο
1586 2908 1754 2978 «Λέγε
1803 2911 1866 2963 σὺ

281 3003 501 3073 πρῶτος
531 3002 629 3065 τὰς
657 3001 933 3073 ἁμαρτίας
986 3019 1102 3067 σου,
1160 3002 1246 3056 ἵνα
1295 3001 1592 3073 δικαιωθῇς
1612 3018 1624 3031 ·
1661 3021 1680 3052 ι
1711 3000 1868 3055 τοῦτο

280 3096 385 3169 γάρ
420 3094 596 3150 ποιῶν
615 3094 952 3166 δικαιωθήσῃ
977 3111 990 3124 ·
1032 3095 1222 3166 ἐπειδὴ
1267 3094 1477 3158 δίκαιος
1522 3092 1687 3148 αὐτοῦ
1735 3111 1866 3147 κατ-

288 3191 492 3262 ήγορος
521 3191 578 3241 ἐν
607 3187 972 3260 πρωτολογίᾳ.

353 3300 371 3332 ι
401 3280 473 3334 0i.-
504 3279 741 3350 πατέρες
771 3278 923 3349 ὑμῶν
955 3278 1181 3348 πρῶτοι,
1219 3279 1314 3332 κα)⁸
1342 3279 1391 3332 οἱ
1423 3280 1684 3350 ἄρχοντες
1717 3278 1870 3349 ὑμῶν

281 3371 565 3442 ηνὸμησαν
591 3374 670 3434 εἰς
707 3369 827 3440 ἐμέ.
861 3371 969 3424 Καὶ
1009 3371 1237 3442 ἐμίαναν
1265 3372 1315 3424 οι
1362 3371 1620 3442 ἄρχοντες
1644 3372 1714 3424 τὰ
1741 3371 1872 3438 ἅγιά

287 3480 406 3531 μου.
457 3463 568 3515 Καὶ
604 3462 779 3516 ἔδωκα
830 3461 1091 3516 ἀπολέσαι
1127 3459 1341 3525 Ἰακὼϐ,
1392 3463 1494 3515 καὶ.
1519 3460 1736 3534 Ἰσραὴλ
1791 3463 1871 3525 εἰς

283 3553 612 3624 ὀνειδισμόν.
641 3573 662 3606 ι

797 3624 1195 3677 ΚΕΦΛΛΑΙΟΝ
1228 3626 1359 3678 MA'.

359 3737 377 3767 ε
423 3715 540 3769 Νῦν
571 3715 626 3769 δὲ
663 3715 1122 3778 ἄκουσον,Ίακὼϐ
1155 3717 1182 3768 6
1216 3719 1342 3780 παῖς
1379 3734 1500 3786 μου,
1526 3715 1869 3788 κα“ι”1σραήλ,

283 3807 338 3860 ὃν
369 3808 728 3880 ἐξελεξάμην.
757 3830 773 3861 ι
810 3811 907 3863 Διὰ
937 3810 1138 3864 τούτων
1186 3812 1274 3865 τὸν
1302 3813 1460 3882 χορὸν
1506 3808 1660 3877 αὖθις
1698 3814 1787 3867 τὸν
1821 3815 1874 3868 ἀ-

282 3903 606 3962 ποστολικδν
637 3903 1009 3957 ἀποκαλεῖται.

358 4021 378 4052 ι
406 3997 567 4052 Οὕτω
595 3996 742 4065 λέγει
765 3996 969 4066 Κύριος
1014 3997 1042 4051 6
1073 3997 1205 4062 Θεὸς
1252 3999 1280 4051 6
1325 4000 1559 4068 ποιήσας
1611 4016 1690 4062 σε,
1722 3999 1813 4053 καὶ
1845 4000 1873 4054 6

289 4095 504 4156 πλάσας
553 4109 612 4144 σε
657 4091 721 4143 ἐκ
751 4090 994 4154 κοιλίας·
1033 4091 1152 4144 Ἔτι
1184 4090 1498 4164 βοηθηθήσῃ
1522 4109 1534 4121 ο
1580 4092 1654 4163 μὴ
1684 4091 1871 4160 φοϐοῦ,

280 4188 416 4264 παῖς
457 4199 558 4252 μου
595 4178 810 4243 Ἰακὼϐ,
843 4180 934 4232 καὶ
955 4180 1307 4251 ήγαπημένος
1354 4180 1586 4254 Ἰσραὴλ,
1614 4182 1672 4235 ὃν
1694 4181 1873 4248 ἐξελε-

291 4275 488 4346 ξάμην.
526 4273 644 4326 Ὅτι
680 4271 788 4340 ἐγὼ
820 4269 976 4324 δώσω
1007 4270 1152 4341 ὕδωρ
1182 4273 1239 4324 ἐν
1279 4270 1420 4341 δίψει
1442 4275 1550 4335 τοῖς
1575 4273 1876 4344 πορευομέ-

289 4386 397 4431 νοις
429 4368 487 4419 ἐν
515 4363 748 4434 ἀνύδρῳ,
778 4363 1024 4434 ἐπιθήσω
1043 4365 1101 4416 τὸ
1130 4363 1346 4435 πνεῦμά
1381 4381 1480 4434 μου
1505 4366 1597 4417 ἐπὶ
1628 4365 1688 4417 τὸ
1709 4365 1875 4436 σπέρ-

282 4477 366 4534 μα
405 4475 522 4522 σου,
568 4456 788 4519 καὶτὰς
821 4455 1069 4524 εὐλογίας
1117 4473 1219 4526 μου
1262 4456 1354 4509 ἐπὶ
1400 4455 1470 4509 τὰ
1511 4456 1674 4509 τέκνα
1709 4473 1822 4509 σου.
1851 4477 1871 4509 ι

1962 597 2019 642 ιιι
2050 586 2278 639 virtutes
2313 597 2460 637 meas
2488 587 2738 633 narraret
2776 595 2789 629 :
2823 590 2926 628 non
2961 587 3102 628 nunc
3149 569 3334 624 vocavi
3365 577 3416 622 te
3441 565 3539 622 Ja-

1962 680 2084 742 cob,
2123 692 2297 748 neque
2326 677 2577 730 laborare
2605 682 2658 726 te
2682 671 2803 732 feci,
2831 667 3013 723 Israel.
3045 685 3063 718 ι
3116 665 3340 720 Etiamsi
3390 661 3533 716 enim

1964 771 2201 826 futurum
2228 770 2319 832 sit,
2353 776 2411 822 ut
2434 775 2676 836 agrestes
2702 761 2854 827 ferae,
2898 761 3116 822 sirenae,
3148 768 3203 811 et
3239 757 3359 810 filiae
3387 765 3536 809 stru-

1963 865 2206 918 thionum
2264 859 2588 915 benedicant
2643 855 2810 919 mibi;
2865 863 2920 908 tu
2955 866 3108 918 sane,
3167 849 3358 916 Jacob,
3397 845 3534 902 nihil

1961 956 2138 1012 simile
2171 943 2345 1010 fecisti
2373 969 2387 1016 ;
2418 952 2512 1006 sed
2542 962 2722 1017 neque
2758 947 3009 1015 dignatus
3041 958 3100 997 es
3133 958 3220 997 me
3247 942 3532 1002 invocare,

1967 1068 1984 1101 ι
2025 1047 2394 1117 defatigatus.
2466 1051 2644 1096 autem
2706 1057 2724 1090 ι
2775 1054 2834 1092 es
2888 1039 2941 1090 in
3003 1051 3123 1100 me,
3166 1053 3183 1085 ι
3240 1032 3533 1089 secundmu

1962 1140 2384 1211 Symmachum,
2439 1134 2654 1190 etiamsi
2701 1148 2802 1202 ego
2849 1145 2955 1186 non
2996 1138 3048 1184 te
3091 1129 3339 1182 laborare
3389 1125 3540 1179 fece-

1962 1250 2084 1289 I‘IIII.

2033 1327 2194 1380 Vens.
2233 1325 2324 1379 ‘23.
2382 1342 2400 1374 ι
2434 1321 2548 1375 Νοιι
2598 1316 2844 1373 obtulisti
2882 1312 3015 1368 mihi
3057 1325 3188 1368 oves
3232 1307 3544 1363 bolocausti

1962 1421 2038 1475 tui
2074 1435 2087 1471 :
2117 1432 2292 1488 neque
2321 1418 2372 1470 in
2405 1414 2692 1470 sacriﬁciis
2712 1413 2828 1488 tuis
2858 1405 3176 1482 glorificasti
3214 1417 3298 1456 me
3320 1441 3337 1465 ,
3367 1414 3540 1463 neque

1962 1514 2170 1569 servire
2195 1522 2248 1565 te
2274 1510 2375 1564 feci
2411 1509 2467 1563 in
2501 1482 2762 1572 victimis,
2797 1517 2972 1573 neque
3005 1500 3246 1554 laborem
3275 1495 3370 1549 tibi
3401 1507 3541 1563 prae-

1964 1603 2050 1657 bui
2077 1603 2131 1656 in
2160 1601 2338 1656 thure.
2367 1618 2386 1651 ι
2419 1593 2884 1664 Quemadmodum
2919 1590 3008 1646 hic
3033 1583 3353 1649 solitudini,
3384 1581 3542 1635 feris-

1961 1711 2068 1768 que
2120 1708 2244 1748 eam
2300 1688 2664 1746 incolentibus
2721 1689 2986 1740 bonorum
3038 1670 3188 1750 spem
3232 1674 3540 1734 annuntiat,

1963 1786 2332 1859 populumque
2375 1797 2442 1838 ex
2475 1778 2900 1835 circumcisione
2947 1777 3013 1830 de
3060 1771 3339 1839 impietate
3382 1780 3540 1822 coar-

1963 1881 2098 1954 guit,
2129 1894 2287 1948 quem
2317 1890 2460 1930 nunc
2484 1873 2653 1929 Iacob
2685 1884 2739 1927 et
2761 1868 2929 1926 Israel
2963 1875 3270 1934 nuncupat;
3306 1863 3376 1915 ita
3409 1860 3545 1915 sim-

1962 1973 2176 2045 pliciter
2199 1970 2365 2024 allato
2381 1967 2498 2037 ejus
2529 1965 2766 2031 nomine,
2792 1977 2889 2018 nec
2912 1975 3150 2025 servum,
3176 1973 3276 2011 nec
3306 1955 3542 2010 electum

1967 2073 2123 2119 vorat
2175 2063 2325 2117 illum
2351 2101 2368 2127 ,
2407 2061 2549 2131 quod
2596 2068 2778 2113 tamen
2839 2056 2911 2110 de
2955 2050 3317 2124 prmstantiori
3352 2047 3546 2104 ordine

1966 2157 2195 2227 loquens
2221 2157 2496 2210 observat.

2039 2250 2204 2304 Vsus.
2260 2247 2449 2302 24-26.
2508 2244 2734 2314 cNeque
2763 2249 2989 2310 argento
3024 2236 3204 2293 emisti
3245 2233 3377 2288 mihi
3424 2232 3540 2302 thy-

1967 2341 2191 2408 miama,
2246 2355 2422 2411 neque
2462 2339 2676 2407 adipem
2721 2335 3117 2390 sacrificiorum
3166 2338 3546 2383 tuorum'con-

1970 2434 2185 2505 cupivi;
2219 2436 2310 2488 sed
2343 2435 2394 2487 in
2428 2430 2666 2502 peccatis
2693 2430 2799 2483 tuis
2822 2434 2948 2482 ante
2996 2440 3082 2479 me
3127 2420 3357 2484 stetisti,
3389 2427 3442 2473 et
3493 2417 3546 2472 in

1971 2526 2354 2595 iniquitatibus
2390 2526 2518 2577 tuis.
2553 2523 2664 2594 Ego
2700 2535 2840 2584 sum,
2878 2533 2978 2589 ego
3019 2531 3139 2571 sum
3163 2558 3176 2580 ,
3240 2514 3330 2582 qui
3392 2509 3549 2565 deleo

1972 2619 2285 2687 iniquitates
2314 2626 2436 2670 tuas
2465 2627 2688 2684 propter
2721 2627 2832 2675 me,
2861 2620 2915 2664 et
2946 2618 3171 2679 peccata
3204 2617 3330 2669 tua;
3363 2611 3417 2658 et
3444 2619 3548 2655 non

1973 2709 2323 2765 recordabor.
2396 2706 2474 2760 Tu
2537 2717 2718 2758 autem
2774 2710 3069 2759 memento.
3129 2709 3183 2752 et
3241 2696 3552 2766 judicemur

1970 2802 2151 2856 simul.
2187 2816 2321 2856 BONA
2382 2779 2718 2864 QUII’PE'IEST
2778 2807 3135 2848 rats'rmonuu
3201 2801 3550 2843 reccuormu

1971 2908 2210 2948 ἸἰὶΙΟῙιΙΑ
2265 2908 2371 2948 (ΞοΜ
2414 2902 2767 2946 (ΣΟΝΡΕΒΜΟΝΕ
2822 2901 3122 2941 CONJIINCTA
3164 2900 3178 2936 2
3220 2890 3553 2951 quapropter

1971 2987 2155 3050 infert,
2191 3005 2210 3038 ι
2239 2985 2332 3039 Dic
2358 2995 2414 3038 tu
2443 2984 2654 3054 primus
2683 2991 2904 3051 peccata
2937 2992 3049 3042 tua,
3075 2986 3130 3030 ut
3156 2972 3473 3045 justiliceris
3498 2991 3547 3025 ει

1975 3079 2027 3132 id
2083 3093 2252 3148 agens
2298 3074 2729 3145 iustificaberis;
2786 3073 2910 3141 quia
2963 3071 3139 3139 justus
3180 3067 3233 3120 in
3287 3064 3554 3134 principio

1898 3190 1939 3245 ο
1973 3168 2245 3223 sermonis
2281 3173 2570 3221 accusator
2593 3172 2678 3218 est
2704 3164 2810 3217 sui.

2044 3258 2209 3316 Vens.
2257 3257 2349 3321 27,
2372 3299 2376 3308 .
2400 3255 2491 3311 28.
2549 3275 2566 3306 ι
2601 3254 2792 3309 Patres
2829 3251 2996 3307 vestri
3033 3249 3218 3318 primi,
3265 3257 3319 3303 et
3353 3245 3553 3315 princi-

1973 3367 2068 3421 pes
2099 3349 2269 3406 vestri
2313 3349 2498 3418 inique
2527 3353 2758 3417 egerunt
2789 3345 2847 3422 in
2885 3358 2995 3398 me.
3047 3341 3112 3396 Et
3139 3339 3553 3394 coutaminave-

1977 3454 2101 3496 runt
2133 3440 2404 3512 principes
2433 3448 2623 3492 sancta
2675 3417 2846 3490 nica.-
2875 3433 2940 3488 Et
2991 3433 3110 3487 dedi
3144 3417 3222 3486 :in
3273 3429 3553 3485 interitum

1974 3533 2162 3595 Jacob,
2187 3542 2236 3586 et
2269 3529 2437 3587 Israel
2483 3531 2535 3583 in
2575 3526 2948 3598 opprobrium.
2974 3545 2992 3576 ι

2538 3618 2766 3675 CAPUT
2805 3616 2987 3672 XLIV.

2045 3719 2204 3773 Vens.
2266 3717 2314 3771 Ι.
2367 3734 2386 3767 ι
2421 3713 2573 3770 Nunc
2605 3723 2785 3770 autem
2813 3712 2961 3775 audi,
2991 3707 3161 3766 Iacob
3201 3711 3337 3777 puer
3381 3713 3553 3767 meus,

1974 3823 2028 3868 et
2081 3809 2272 3873 Israel,
2331 3822 2493 3878 quem
2549 3806 2706 3876 elegi.
2740 3825 2758 3858 ι
2793 3801 2909 3859 Ἠίε
2957 3802 3152 3858 iterum
3201 3795 3558 3868 apostolicum

1976 3905 2204 3960 chorum
2236 3909 2450 3956 evocat.

2049 3996 2214 4050 Vens.
2280 3993 2336 4052 2.
2398 3991 2454 4044 3.
2515 4009 2532 4041 ι
2567 3988 2658 4044 Sic
2711 3987 2840 4042 dicit
2898 3986 3160 4040 Dominus
3200 3982 3366 4037 'Deus
3399 4020 3414 4046 ,
3466 3979 3560 4049 qui

1977 4088 2108 4142 fecit
2135 4095 2207 4150 te,
2241 4094 2294 4140 et
2335 4083 2592 4138 formavit
2631 4089 2682 4135 te
2710 4079 2780 4134 de
2818 4087 3009 4133 ventre
3038 4093 3052 4132 :
3084 4076 3276 4130 Adhuc
3334 4071 3562 4128 habebis

1977 4181 2274 4242 auxilium;
2306 4176 2413 4231 noli
2446 4183 2712 4236 metuere,
2739 4187 2875 4240 puer
2909 4184 3060 4224 meus
3084 4166 3271 4229 Jacob,
3291 4174 3346 4220 et
3367 4164 3561 4219 dilecte

1978 4271 2167 4336 Israel,
2197 4285 2358 4340 quem
2393 4267 2552 4338 elegi.
2595 4264 2732 4332 Quia
2771 4278 2874 4334 ego
2925 4261 3064 4314 dabo
3117 4272 3314 4325 aquam
3363 4256 3416 4309 iu
3470 4255 3561 4310 siti

1980 4365 2066 4420 his
2096 4365 2189 4434 qui
2233 4359 2516 4416 ambulant
2549 4358 2602 4412 in
2655 4357 2943 4424 inaquosa,
2981 4351 3256 4419 imponam
3310 4347 3559 4418 spiritum

1983 4471 2159 4511 meum
2189 4469 2351 4523 super
2379 4465 2562 4506 semen
2621 4459 2807 4514 tuum,
2858 4453 2912 4500 et
2960 4441 3367 4498 benedictioues
3413 4454 3562 4493 meas

290 4551 386 4604 Διά
409 4551 520 4622 γὰρ
553 4548 646 4602 τοῦ
679 4548 992 4619 Πνεῦματος
1020 4546 1113 4601 τοῦ
1139 4545 1294 4617 ἁγίου
1321 4547 1382 4601 τὸ
1409 4548 1624 4616 λογικὸν
1657 4549 1750 4602 καὶ
1786 4549 1869 4617 γό-

1982 4559 2141 4613 super
2185 4541 2328 4595 ﬁlios
2363 4549 2501 4593 tuos.
2535 4533 2741 4590 I'Natn
2806 4549 2900 4604 per
2961 4531 3225 4602 Spiritum
3283 4539 3558 4588 sanctum,

290 4657 468 4710 νιμον,
505 4639 599 4691 καὶ
637 4635 1006 4707 πνευματικὸν
1041 4636 1185 4706 ὕδωρ
1219 4639 1283 4707 τῇ
1317 4636 1529 4708 ἀνύδρῳ
1558 4637 1651 4690 καὶ
1681 4638 1875 4707 ἐρήμῳ

291 4731 622 4802 χορηγήσειν
651 4727 870 4799 ἤμελλε.
896 4727 1126 4797 Σπέρμα
1145 4726 1201 4780 δὲ
1222 4727 1328 4780 τῶν
1345 4727 1652 4782 ἀποστόλων
1670 4729 1722 4780 αξ
1761 4727 1878 4781 Ἐκ-

292 4822 513 4894 κλησίαι
549 4819 644 4873 τοῦ
674 4818 830 4884 Θεοῦ,
882 4820 976 4872 καὶ
1000 4818 1066 4871 τὰ
1109 4817 1274 4872 τέκνα
1315 4818 1494 4871 αὐτῶν
1523 4821 1570 4870 οἱ
1602 4819 1874 4890 πανταχοῦ

292 4917 393 4986 γῆς
427 4914 522 4968 καὶ
569 4915 627 4966 ὲν
657 4914 788 4966 πᾶσι
818 4915 929 4976 τοῖς
963 4911 1137 4965 ἔθνεσι
1167 4910 1255 4964 διὰ
1299 4910 1393 4964 τοῦ
1439 4911 1753 4982 Πνεῦματος
1781 4912 1874 4966 τοῦ

292 5009 449 5077 ἁγίου
484 5005 935 5074 ἀναγεννηθέντες
961 5021 973 5033 ·
1011 5003 1058 5056 οἳ
1087 5004 1181 5056 καὶ

371 5119 390 5152 ι
434 5095 798 5157 Ἀνατελοῦσι,
824 5113 842 5148 ι
887 5095 1072 5166 φησιν,
1115 5112 1134 5146 ι
1167 5094 1269 5146 ἀνὰ
1315 5093 1478 5164 μέσον
1524 5093 1715 5157 ὕδατος
1750 5095 1877 5165 χόρ-

294 5210 403 5256 τον,
459 5192 554 5243 κα“ι
603 5189 679 5252 ὡς
737 5187 851 5241 ἰτέα
889 5188 982 5241 ἐπί
1015 5187 1328 5258 παραρρέον
1368 5185 1531 5258 ὕδωρ.
1561 5206 1578 5238 ι
1628 5188 1738 5240 Καὶ
1792 5191 1880 5240 ὲν-

293 5283 469 5337 ταῦθα
494 5282 550 5336 δὲ
573 5281 669 5351 τὴν
703 5279 847 5334 ἰτέαν
877 5278 1153 5351 παρέλαϐε
1180 5279 1271 5333 διὰ
1296 5279 1356 5330 τὸ
1377 5277 1625 5342 ἀειθαλὲς
1642 5279 1736 5332 καὶ
1765 5295 1882 5331 νεα-

299 5376 388 5445 ρὸν
421 5373 514 5426 τοῦ
545 5370 737 5441 φυτοῦ,
774 5373 852 5433 εἰς
887 5370 1231 5442 παράστασιν
1279 5369 1371 5422 τοῦ
1403 5369 1640 5441 πλήθους
1664 5369 1771 5422 τῶν
1796 5369 1882 5423 λο-

296 5465 466 5534 γικῶν
511 5462 718 5517 ὑδάτων
751 5461 858 5515 τῶν
909 5463 966 5516 ἐν
1005 5464 1071 5533 τῇ
1114 5460 1409 5531 Ἐκκλησία
1451 5459 1615 5514 αὑτοῦ
1655 5461 1882 5531 ρευσάν-

297 5575 424 5612 των.

369 5640 579 5709 «Οὗτος
607 5647 744 5716 ἐρεῖ,
794 5642 902 5697 Τοῦ
925 5641 1061 5697 Θεοῦ
1094 5644 1230 5712 εἰμι,
1280 5643 1374 5695 καὶ
1428 5635 1580 5705 οὗτος
1630 5641 1880 5711 βοήσεται

301 5741 388 5793 ἐπὶ
423 5738 500 5810 τῷ
542 5738 765 5808 ὀνόματι
809 5734 1022 5798 Ἰακὼϐ,
1074 5734 1167 5788 καὶ
1202 5734 1384 5804 ἔτερος
1417 5731 1707 5804 ἐπιγράφει
1740 5733 1880 5803 χειρὶ

302 5830 484 5895 αὐτοῦ,
543 5829 648 5883 Τοῦ
683 5828 815 5882 Θεοῦ
846 5828 978 5898 εἰμι,
1020 5828 1111 5881 καὶ
1150 5825 1242 5880 ἐπὶ
1283 5826 1357 5897 τῷ
1407 5825 1624 5896 ὀνόματι
1668 5823 1882 5896 Ἰσραὴλ

1985 4634 2381 4694 rationabilem,
2417 4630 2705 4684 fecundam
2737 4637 2786 4682 et
2831 4625 3171 4696 spiritualcm
3205 4640 3402 4692 aquam
3443 4625 3562 4675 ina-

1973 4743 2165 4799 »quosaa
2197 4735 2252 4780 et
2287 4723 2565 4780 solitudini
2593 4720 2920 4788 elargiturtts
2966 4727 3107 4772 erat.
3153 4715 3349 4771 Semen
3383 4726 3564 4768 autem

1977 4819 2354 4891 apostolorqu
2399 4823 2525 4869 sunt
2559 4812 2815 4867 Ecclesiae
2857 4811 2984 4877 Dei;
3025 4809 3120 4863 lilii
3169 4824 3299 4862 vero
3351 4801 3562 4870 eOrut'n,

1982 4919 2242 4981 quotquOt
2275 4909 2326 4961 in
2358 4907 2606 4961 universa
2642 4915 2785 4958 terra
2826 4912 2881 4957 et
2925 4903 2976 4956 iu
3028 4898 3283 4956 omnibus
3312 4895 3566 4969 gentibus

1985 5019 2081 5072 per
2109 4999 2372 5070 Spiritum
2399 5006 2646 5053 sanctum
2673 4993 2979 5066 rcgenerati
3010 5003 3136 5047 sunt
3160 5010 3174 5046 :
3207 4991 3300 5060 qui

2055 5094 2216 5149 Vsus.
2272 5093 2326 5148 4.
2363 5091 2738 5156 «Ριοιιιιιτθιιι,
2780 5089 2876 5150 ait,
2935 5087 2988 5140 in
3044 5085 3224 5140 medio
3276 5097 3430 5151 aqua:
3488 5081 3566 5134 fe-

1985 5201 2136 5246 num,
2170 5193 2225 5237 et
2257 5184 2398 5238 sicut
2427 5181 2566 5236 salix
2597 5181 2660 5234 ad
2691 5195 2887 5249 aquam
2927 5178 3206 5232 ﬂuentem.
3236 5193 3255 5226 ι
3297 5173 3397 5228 llic
3423 5190 3562 5243 quo-

1983 5294 2087 5348 que
2113 5277 2331 5332 salicem
2376 5276 2608 5330 assumit
2660 5275 2730 5329 ob
2782 5274 3017 5327 virorem
3065 5281 3120 5324 et
3161 5267 3561 5337 juvenilitatcm

1985 5369 2227 5435 arboris;
2280 5369 2349 5421 ad
2401 5366 2787 5421 declarandam
2844 5360 3247 5417 rationabilium
3300 5375 3564 5430 aquarum

1985 5464 2037 5517 in
2068 5461 2312 5519 Ecclesia
2337 5460 2455 5530 ejus
2482 5459 2822 5514 manantium
2851 5457 3088 5528 copiam.

2059 5637 2220 5692 Vsus.
2253 5637 2307 5691 5.
2354 5633 2488 5688 «llic
2515 5633 2680 5698 dicet,
2716 5631 2807 5688 Dei
2838 5647 2990 5695 sum;
3023 5641 3077 5687 et
3110 5631 3199 5687 hic
3233 5630 3489 5686 clamabit
3515 5629 3565 5681 in

1989 5728 2432 5794 nominelacob,
2457 5736 2510 5780 et
2542 5725 2682 5780 alius
2707 5725 2979 5780 describet
3023 5725 3076 5780 in
3127 5740 3290 5780 manu
3323 5739 3445 5784 sua,
3473 5720 3564 5774 Dei

1991 5840 2131 5890 sum,
2161 5835 2215 5879 et
2259 5823 2312 5877 in
2355 5820 2573 5878 nomine
2627 5819 2790 5876 Israel
2845 5819 3124 5875 clamabit.
3153 5838 3170 5870 ι
3208 5818 3277 5873 Se
3313 5815 3566 5871 Israelcm
