3968 6508
403 346 510 403 803

1075 341 1342 400 EUSEBll
1380 335 1854 395 CIESMUENSIS
1892 335 2043 392 OPP.
2087 332 2264 388 PARS
2296 331 2382 386 ιιι.
2420 363 2486 374 -
2523 325 2942 387 EXEGETICA.

3569 325 3680 382 λοι

403 482 526 524 esse
546 465 828 536 gloriando
853 465 1018 520 dicet.
1047 461 1231 517 Mirari
1267 457 1427 530 plane
1469 468 1525 514 et
1573 467 1796 527 stupere
1843 455 1983 510 subit

2091 449 2411 521 βοήσεται.»
2469 432 2731 522 Σεμνὺνει
2779 442 2968 497 ἑαυτὸν
3024 441 3199 509 λέγων
3247 434 3383 494 εἶναι
3435 438 3675 510 Ἰσραήλ.

406 557 854 629 propheticorum
886 568 1200 616 sermonum
1247 551 1378 616 vim,
1426 559 1482 607 et
1531 565 1696 621 quam
1745 565 1876 606 vere
1905 551 1984 604 rei

404 648 659 705 eﬂectum
693 656 750 702 et
794 645 1256 716 complementum
1306 643 1737 713 perceperitnus.
1769 641 1900 697 Nam
1932 643 1984 697 in

406 739 878 813 persecutionibus
912 747 1101 794 nostro
1139 747 1383 805 tempore
1424 735 1733 799 concitatis,
1791 735 1986 790 multos

404 848 472 889 ex
503 831 822 902 alienigenis
878 829 1128 900 gentibus
1183 828 1441 894 vidimus,
1495 827 1587 898 qui
1668 837 1983 882 sanctorum

404 926 645 984 virorum
700 925 919 980 nomina
1003 929 1368 990 usurparent;
1413 919 1551 974 alius
1611 920 1809 990 quippe
1862 933 1985 973 sese

406 1014 666 1070 Jacobum
696 1011 1183 1084 appellabat,alius
1203 1009 1482 1077 lsraelem,
1508 1008 1648 1063 alius
1668 1005 1981 1074 Jeremiam,

407 1107 496 1162 hic
547 1104 765 1172 Isaiam,
819 1105 925 1161 iste
967 1099 1242 1157 Danielem
1273 1119 1284 1155 :
1312 1101 1510 1156 etenim
1538 1101 1622 1154 his
1665 1099 1766 1154 sibi
1813 1097 1984 1151 ascri-

406 1200 519 1267 ptis
546 1197 874 1259 nominibus,
913 1197 980 1251 ad
1031 1195 1349 1266 martyrium
1377 1208 1475 1262 pro
1505 1194 1613 1247 Deo
1644 1190 1983 1246 subeundum

408 1301 532 1343 cum
559 1287 756 1342 ﬁducia
779 1296 835 1342 et
864 1287 1170 1342 constantia
1204 1283 1560 1340 accedebant.
1593 1278 1720 1346 Qua:
1749 1277 1982 1348 prophe-

411 1379 486 1435 tia
539 1378 769 1443 indicat,
825 1378 950 1433 dum
1001 1377 1078 1433 ait
1115 1397 1128 1432 :
1159 1396 1176 1428 ι
1204 1375 1301 1430 llic
1332 1375 1496 1436 dicet,
1523 1372 1613 1426 Dei
1649 1387 1789 1436 sum,
1813 1377 1866 1424 et
1896 1369 1984 1423 hic

409 1469 671 1525 clamabit
715 1469 766 1524 in
808 1470 1026 1526 nomine
1067 1467 1255 1534 Iacob,
1293 1467 1431 1522 alius
1460 1466 1511 1520 in
1556 1479 1715 1518 manu
1763 1478 1860 1516 sua
1893 1463 1985 1516 de-

412 1559 637 1637 scribet,
679 1560 771 1616 Dei
820 1577 960 1626 sum,
995 1571 1049 1616 et
1080 1560 1221 1614 alius
1251 1559 1302 1614 in
1337 1558 1555 1613 nomine
1586 1555 1750 1611 Israel
1793 1553 1986 1608 clama-

413 1651 513 1710 hit.
538 1671 558 1706 ι

482 1825 646 1884 Vens.
679 1829 732 1890 6.
773 1829 828 1886 7.
856 1849 874 1880 ι
905 1830 995 1884 Sic
1020 1832 1092 1882 ait
1124 1829 1287 1891 Deus,
1325 1843 1416 1882 rex
1444 1827 1624 1892 Israel,
1649 1837 1703 1880 et
1728 1825 1816 1896 qui
1851 1826 1981 1878 Iibe—
2019 1811 2058 1864 Β

410 1922 552 1977 tavit
573 1923 746 1992 ipsum
780 1921 1038 1977 Dominus
1080 1923 1317 1978 Sabaoth
1356 1940 1370 1976 :
1401 1921 1511 1991 Ego
1535 1920 1760 1988 prinms,
1797 1927 1851 1972 et
1885 1933 1986 1987 ego

409 2023 535 2083 post
561 2011 675 2068 haec
708 2029 722 2064 :
749 2024 949 2082 praeter
979 2029 1066 2068 me
1091 2029 1195 2066 non
1219 2023 1304 2068 est
1332 2014 1496 2068 Dens.
1530 2009 1662 2078 Quis
1690 2012 1827 2064 sicut
1851 2011 1987 2079 ego?

411 2105 552 2168 Stet,
585 2115 763 2168 vocet,
817 2106 1104 2160 annuntiet
1162 2115 1216 2160 et
1261 2114 1530 2174 praeparet
1577 2104 1705 2158 mihi
1737 2118 1752 2155 :
1785 2120 1848 2158 ex
1877 2118 1984 2173 quo

410 2195 512 2251 feci
546 2197 816 2252 hominem
867 2197 919 2251 in
955 2196 1211 2252 saiculum
1253 2208 1267 2250 :
1308 2206 1362 2250 et
1397 2205 1643 2263 ventura,
1693 2206 1983 2264 antequam

409 2287 564 2352 ﬁant,
619 2289 943 2344 annuntient
992 2287 1168 2345 vobis.
1202 2309 1222 2341 ι
1265 2289 1419 2343 Dicat
1470 2290 1614 2342 enim
1651 2289 1694 2343 si
1735 2289 1858 2356 quis
1903 2295 1986 2343 est

409 2377 578 2443 Deus,
613 2378 752 2449 quod
798 2388 1172 2449 quantumque
1223 2394 1359 2448 opus
1410 2395 1564 2432 suum
1615 2379 1876 2433 exhibeat
1932 2377 1982 2430 in

411 2469 688 2524 universo.
718 2469 848 2523 Nam
872 2473 915 2524 si
947 2487 1084 2525 unus
1114 2480 1196 2526 est
1221 2472 1476 2534 mundus,
1498 2469 1718 2540 ipseque
1742 2468 1982 2537 ejusdem

415 2570 645 2624 natura},
678 2561 890 2630 sibique
909 2577 1132 2631 prorsus
1157 2563 1514 2633 coniunctus;
1543 2578 1680 2616 unus
1714 2577 1842 2616 sane
1871 2561 1985 2630 ejus

409 2651 591 2722 opifex
621 2653 803 2707 fuerit.
838 2653 944 2708 Sed
970 2653 1058 2708 hic
1088 2669 1151 2707 ex
1184 2653 1557 2722 magnitudine
1585 2664 1640 2708 et
1688 2652 1986 2722 pulchritu-

409 2743 538 2798 dine
572 2753 971 2807 creaturarum,
997 2755 1182 2814 utpote
1239 2746 1477 2800 universi
1538 2745 1810 2811 conditor,
1858 2761 1984 2798 con-

409 2836 658 2904 spieitur.
703 2836 854 2903 Quod
892 2837 936 2892 si
986 2839 1108 2907 quis
1141 2838 1304 2892 alium
1355 2839 1602 2902 inducat,
1633 2839 1798 2891 alium
1855 2839 1982 2892 item

411 2930 540 2985 huic
572 2929 804 2984 similem
836 2932 1092 2986 mundum
1124 2933 1409 2993 ostendat;
1443 2941 1497 2984 at
1550 2947 1657 2985 non
1706 2940 1792 2984 est
1849 2931 1987 2985 alius

411 3020 668 3089 mundus,
721 3030 916 3092 praeter
969 3036 1126 3088 eum,
1179 3039 1340 3092 quem
1410 3023 1774 3092 conspicimus
1808 3038 1823 3076 :
1855 3037 1986 3093 ergo

411 3126 514 3168 nec
548 3113 688 3169 alius
736 3114 878 3169 Deus
919 3125 1021 3168 est.
1058 3114 1115 3168 Si
1169 3116 1293 3185 quis
1329 3130 1462 3168 vero
1492 3115 1584 3178 sit,
1614 3133 1632 3166 ι
1659 3113 1800 3179 Stet,
1829 3134 1846 3167 ι
1900 3116 1982 3169 in-

410 3205 550 3274 quit,
589 3205 859 3272 primum;
889 3204 940 3257 id
980 3217 1064 3260 est
1094 3206 1472 3260 exsistentiani
1525 3205 1778 3260 ostendat
1805 3221 1979 3270 suam,

407 3297 625 3374 etquod
661 3295 714 3349 in
746 3284 1050 3349 substantia
1103 3296 1386 3362 subsistat,
1419 3295 1668 3364 quodque
1697 3295 1749 3349 in
1780 3310 1840 3350 se
1870 3311 1984 3348 nia-

411 3395 558 3464 neat
578 3394 633 3441 et
665 3394 768 3442 stet
799 3403 813 3441 :
842 3385 1036 3442 deinde
1085 3401 1269 3441 vocem
1321 3389 1575 3443 emittens
1607 3385 1981 3441 rationabilem

409 3495 476 3533 ac
518 3479 626 3535 Deo
669 3479 913 3550 dignam,
964 3480 1273 3546 annuntiet,
1305 3495 1424 3549 quae
1477 3487 1660 3549 postea
1715 3478 1890 3532 futura
1929 3478 1980 3532 in

411 3569 618 3625 mundo
668 3569 812 3634 sint;
845 3578 941 3623 aut
984 3584 1102 3640 qua:
1129 3571 1257 3624 olim
1289 3579 1344 3625 et
1375 3585 1405 3624 a
1447 3571 1709 3640 principio
1747 3570 1984 3640 contige-

410 3668 559 3724 runt,
609 3673 677 3713 ex
728 3673 837 3728 quo
897 3658 1171 3714 hominem
1233 3661 1284 3713 in
1333 3669 1476 3713 terra
1512 3660 1884 3729 posui,u5que
1917 3659 1981 3712 ad

411 3762 649 3818 praesens
711 3759 942 3818 tempus.
1015 3748 1152 3804 lline
1195 3749 1340 3804 enim
1427 3764 1799 3820 agnoseemus,
1861 3765 1983 3803 eum

411 3839 599 3895 isthmc
631 3840 796 3895 verbo
821 3841 1188 3895 constituisse.

481 3931 646 3988 VERS.
678 3931 825 3987 8-10.
869 3948 887 3981 ι
910 3930 1086 3986 Nolite
1112 3931 1394 3998 abscondi,
1443 3929 1607 3986 nolite
1635 3945 1844 3986 errare.
1874 3929 1984 3983 An-

407 4035 513 4077 non
545 4022 614 4076 ab
660 4023 813 4076 initio
844 4023 1175 4086 attendistis,
1210 4031 1265 4077 et
1297 4019 1616 4076 annuntiavi
1670 4021 1864 4074 vobis?
1887 4019 1983 4074 Te-

405 4125 518 4168 stes
557 4129 652 4169 vos
679 4115 834 4179 estis,
869 4130 996 4168 num
1026 4116 1097 4169 sit
1123 4115 1262 4172 Deus
1289 4124 1484 4186 przeter
1503 4129 1605 4168 me.
1632 4113 1696 4167 Et
1720 4121 1847 4167 tunc
1877 4127 1982 4166 non

407 4203 696 4259 audierunt
745 4205 836 4276 qui
900 4205 1109 4276 fingunt
1153 4216 1210 4261 et
1259 4205 1558 4277 sculpunt:
1597 4218 1787 4258 omnes
1837 4197 1981 4266 vani,

405 4297 498 4367 qui
548 4297 754 4352 faciunt
798 4298 1066 4354 desideria
1114 4313 1234 4363 sua,
1263 4313 1383 4370 qua:
1414 4313 1518 4352 non
1548 4296 1849 4368 proderunt
1877 4294 1983 4349 eis.

407 4387 515 4442 Sed
538 4389 937 4443 confundentur
961 4388 1054 4460 qui
1108 4389 1274 4444 Deum
1321 4386 1602 4460 eiliugunt,
1645 4397 1699 4442 et
1726 4386 1980 4456 sculpqu

405 4494 598 4536 omnes
629 4479 900 4533 inutilia.)
938 4479 1051 4534 Non
1083 4481 1150 4535 ab
1200 4481 1378 4546 initio,
1416 4481 1615 4550 inquit,
1642 4479 1713 4534 ila
1762 4478 1894 4544 fuit;
1929 4477 1980 4532 id

405 4578 494 4626 est
555 4582 682 4625 ante
731 4571 915 4625 diluvii
970 4580 1236 4643 tempora,
1275 4588 1396 4628 cum
1457 4573 1641 4626 animo
1674 4570 1977 4640 expertium

403 4662 819 4719 simulacrorum
869 4663 1007 4719 fabri
1043 4665 1283 4719 nondum
1325 4675 1528 4719 essent.
1565 4663 1780 4734 Vosque
1816 4672 1982 4717 testes

405 4756 563 4818 estis,
614 4755 873 4818 nomium,
925 4755 1134 4812 scilicet
1165 4757 1317 4810 initio
1361 4755 1603 4811 mortalis
1635 4755 1780 4818 vitae,
1821 4752 1984 4807 exsti-

404 4845 537 4900 tisse
565 4846 891 4902 conﬂatores
917 4847 1332 4917 sculptoresque
1385 4848 1644 4909 deorum;
1680 4861 1806 4900 cum
1842 4843 1982 4898 scul-

401 4937 581 5008 ptoria
613 4937 934 5010 fabrilisque
965 4955 1057 4994 ars
1082 4938 1223 5009 apud
1261 4938 1507 4992 homines
1547 4938 1780 4991 nondum
1828 4950 1982 5004 repe-

403 5036 628 5080 l'll'ellll'.

477 5115 642 5171 Vens.
682 5117 863 5173 11-17.
897 5139 915 5170 ε
943 5119 1006 5172 Ει
1049 5133 1238 5175 omnes
1263 5117 1401 5172 unde
1429 5116 1554 5172 facti
1599 5129 1722 5172 sunt
1751 5133 1980 5173 exarue-

406 5219 552 5272 runt,
573 5219 627 5264 et
660 5211 807 5265 surdi
854 5213 921 5266 ab
962 5211 1274 5265 hominibus
1321 5220 1721 5279 congregemur
1765 5225 1978 5274 oiuues,

401 5313 459 5356 et
486 5287 634 5358 stent
656 5303 836 5370 simul,
867 5303 1275 5360 confundantur
1303 5314 1357 5357 et
1389 5303 1718 5356 erubescant
1772 5303 1930 5357 simul
1963 5319 1977 5355 :

401 5397 530 5466 quia
569 5396 718 5451 acuit
751 5397 904 5452 faber
949 5396 1154 5450 ferrum
1192 5415 1206 5450 :
1236 5395 1382 5450 ascia
1417 5405 1676 5464 operatus
1703 5403 1786 5448 est
1820 5394 1976 5459 illud,

400 5495 458 5541 et
484 5488 757 5543 terebrum
785 5489 1024 5544 admovit
1049 5489 1122 5554 ei,
1148 5496 1470 5557 etoperatus
1504 5495 1586 5540 est
1612 5484 1739 5538 illud
1770 5485 1820 5538 in
1853 5485 1978 5538 bra-

475 5624 591 5696 (39)
616 5623 736 5696 Jam
770 5622 824 5678 in
853 5622 1177 5696 Praefatione
1229 5619 1542 5696 aduEusebii
1577 5617 1976 5696 Commentaria

404 5697 462 5750 in
486 5689 736 5750 'l’salmoa
762 5694 1064 5762 perspicuis
1108 5691 1371 5762 exemplis
1405 5689 1974 5762 commonstravimus,

404 5783 590 5823 vocctn
627 5759 772 5831 βίος(
794 5759 1103 5834 frequenter
1157 5762 1226 5816 ab
1271 5759 1520 5816 Eusebio
1572 5759 1819 5829 usurpari
1884 5774 1978 5827 pro

2089 539 2376 609 Θαυμάσαι
2409 537 2465 590 δὲ
2498 535 2614 589 ἔστι
2639 536 2734 589 καὶ
2762 531 3176 603 καταπλαγῆναι
3207 529 3420 600 άληθῶς
3445 529 3542 599 τὴν
3567 529 3684 584 τῶν

2086 626 2443 700 προφητικῶν
2467 625 2638 694 λόγων
2663 623 2913 694 δύναμιν,
2944 639 3019 685 ως
3043 623 3227 683 αὑτοῖς
3252 620 3432 692 ἔργοις
3451 619 3518 672 τὰ
3541 619 3684 674 ἀπο-

2083 719 2394 790 τελέσματα
2424 716 2859 790 παρειλήφαμεν.
2917 714 3008 767 Ἔν
3061 711 3192 781 γοῦν
3218 714 3332 774 τοῖς
3374 710 3494 763 καθ’
3527 711 3685 782 ἡμᾶς

2085 811 2282 874 αὑτοὺς
2321 809 2637 880 γενομένοις
2668 808 2929 879 διωγμοῖς
2973 804 3200 868 πολλοὺς
3227 803 3334 857 τῶν
3364 801 3685 872 ἀλλοφύλων

2085 904 2257 958 ἐθνῶν
2291 899 2658 973 ἐθεασάμεθα,
2694 897 3152 972 προαρπάζοντας
3185 899 3394 960 ἑαυτοῖς
3439 896 3538 960 τὰς
3567 897 3682 949 τῶν

2085 997 2257 1066 ἁγίων
2288 995 2496 1068 ἀνδρῶν
2539 991 2930 1065 προσηγορίας,
2965 983 3039 1044 ὧν
3061 991 3088 1044 ό
3120 991 3217 1062 μὲν
3247 988 3440 1042 ἑαυτὸν
3481 988 3682 1042 Ἰακὼϐ

2085 1087 2291 1150 ἐκάλει,
2323 1088 2416 1140 καὶ
2464 1085 2649 1156 ἕτερος
2696 1083 2932 1155 Ἰσραὴλ,
2962 1081 3119 1145 ἄλλος
3157 1081 3213 1134 δὲ
3255 1079 3546 1152 Ἱερεμίαν,
3581 1081 3684 1134 καὶ

2095 1180 2322 1233 Ἡσαΐαν
2373 1180 2580 1250 ἕτερος,
2611 1177 2704 1229 καὶ
2761 1175 2957 1246 Δανιὴλ
2990 1173 3150 1228 πάλιν
3208 1173 3403 1237 ἄλλος·
3451 1171 3685 1226 τοιαῦτα.

2082 1267 2212 1338 γοῦν
2248 1267 2680 1338 ἐπιγραφόμενοι
2725 1265 2966 1335 ὀνόματα
2998 1265 3090 1316 ἐπὶ
3135 1264 3196 1316 τὸ
3251 1263 3547 1335 μαρτύριον
3579 1262 3681 1316 τοῦ

2083 1361 2216 1414 Θεοῦ
2255 1362 2349 1412 σὺν
2379 1358 2559 1430 πολλῷ
2589 1357 2778 1428 θάρσει
2817 1357 2911 1410 καὶ
2957 1355 3238 1428 παρρησίᾳ
3269 1355 3570 1426 παρῄεσαν.
3609 1355 3685 1406 ⁰Α

2082 1451 2146 1523 δὴ
2176 1452 2516 1522 σημαίνουσα
2551 1453 2584 1520 ἡ
2607 1447 2912 1522 προφητεία
2937 1447 3099 1517 φησίν
3122 1463 3135 1476 ’
3173 1465 3189 1497 t
3219 1438 3389 1508 Οὗτος
3408 1447 3539 1514 ἐρεῖ,
3567 1444 3681 1499 Τοῦ

2093 1543 2228 1597 Θεοῦ
2251 1539 2386 1614 εἶμι,
2418 1545 2512 1595 καὶ
2534 1536 2687 1605 οὗτος
2715 1541 2966 1612 βοήσεται
2991 1539 3084 1590 ἐπὶ
3108 1537 3184 1609 τῷ
3201 1538 3424 1608 ὀνόματι
3457 1536 3681 1600 Ἰακὼϐ,

2084 1637 2180 1688 καὶ
2215 1635 2371 1698 ἄλλος
2402 1633 2698 1705 ἐπιγράψει
2731 1636 2796 1704 τῇ
2828 1633 2970 1704 χειρὶ
2998 1629 3188 1692 αὑτοῦ,
3235 1629 3370 1683 Θεοῦ
3413 1631 3548 1700 εἰμι,
3579 1628 3683 1683 καὶ

2083 1727 2242 1792 ἄλλος
2276 1728 2368 1780 ἐπὶ
2396 1727 2471 1798 τῷ
2501 1727 2724 1796 ὀνόματι
2771 1725 2986 1797 Ἰσραὴλ
3018 1723 3290 1795 βοήσεται.
3320 1742 3339 1775 ι

2166 1839 2183 1870 ι
2213 1819 2401 1884 Οὕτως
2437 1820 2585 1888 λέγει
2614 1821 2642 1871 ό
2671 1817 2803 1881 Θεὸς
2831 1819 2858 1870 ό
2893 1815 3141 1886 βασιλεὺς
3175 1814 3409 1885 Ἰσραὴλ,
3440 1813 3532 1867 καὶ
3577 1815 3681 1884 ῥυ-

2091 1915 2320 1984 σάμενος
2343 1913 2502 1965 αὑτὸν
2529 1911 2662 1974 Θεὸς
2692 1907 2920 1962 Σαϐαώο
2941 1925 2954 1937 ·
3003 1906 3144 1976 Ἐγὼ
3178 1906 3411 1978 πρῶτος,
3443 1907 3536 1959 καὶ
3564 1904 3684 1975 ἐγὼ

2092 2005 2231 2076 μετὰ
2258 2003 2430 2058 ταῦτα
2453 2021 2464 2032 ·
2517 2001 2656 2072 πλὴν
2685 1998 2819 2072 ἐμοῦ
2866 2000 2966 2053 οὑκ
3001 1997 3116 2051 ἐστι
3146 1998 3297 2061 Θεός.
3355 1997 3450 2061 Τίς
3483 1999 3683 2070 ὥσπερ

2089 2092 2232 2163 ἐγώ;
2265 2093 2473 2164 Στήτω,
2512 2092 2606 2145 καὶ
2647 2089 2950 2152 καλεσάτω,
3001 2090 3096 2145 καὶ
3126 2088 3518 2157 ἀναγγειλάτω,
3583 2090 3684 2142 καὶ

2087 2183 2429 2254 ἑτοιμασάτω
2473 2199 2593 2251 μοι’
2655 2180 2748 2249 ἀφ’
2777 2173 2838 2232 οὗ
2883 2179 3114 2250 ἐποίησα
3147 2179 3430 2251 ἄνθρωπον
3462 2181 3542 2243 εἰς
3583 2179 3688 2232 τὸν

2088 2276 2279 2340 αἰῶνα,
2317 2276 2410 2328 καὶ
2438 2275 2505 2328 τά
2539 2273 2878 2346 ἐπερχόμενα
2902 2273 3008 2345 πρὸ
3036 2271 3130 2326 τοῦ
3157 2272 3330 2326 ἐλθεῖν
3352 2273 3687 2342 ἀναγγειλά-

2087 2384 2266 2421 τωσαν
2297 2367 2445 2437 ὑμῖν.
2472 2386 2489 2418 ι
2525 2367 2743 2434 Λεγέτω
2767 2365 2876 2437 γὰρ
2904 2364 2955 2416 εἴ
2975 2364 3059 2428 τίς
3105 2367 3221 2418 ἐστι
3255 2365 3406 2428 Θεὸς,
3440 2365 3566 2418 ὅσον
3587 2364 3687 2436 ξρ-

2087 2477 2182 2528 γον
2205 2457 2398 2513 ἑαυτοῦ
2431 2458 2698 2512 δείκνυσιν
2727 2459 2783 2511 ἐν
2827 2456 2907 2527 τῷ
2958 2455 3138 2511 παντί.
3171 2456 3234 2508 Εἰ
3267 2455 3375 2526 γάρ
3408 2451 3488 2518 εἷς
3514 2457 3544 2509 ό
3578 2457 3679 2508 x6-

2089 2570 2244 2624 σμος,
2273 2552 2368 2606 καὶ
2393 2544 2546 2614 οὗτος
2578 2549 2848 2620 συμφυὴς,
2879 2548 2972 2600 καὶ
2999 2547 3162 2610 αὑτὸς
3191 2546 3366 2616 ἐαυτῷ
3392 2547 3687 2616 συνημμέ-

2087 2662 2196 2709 νος,
2227 2640 2308 2708 εἷς
2343 2645 2408 2698 ἂν
2453 2644 2662 2712 γένοιτο
2720 2643 2814 2696 καὶ
2850 2643 2878 2694 ὁ
2911 2641 3100 2694 τούτου
3131 2640 3479 2711 δημιουργός.
3533 2639 3682 2692 Ἀλλ’

2085 2729 2241 2800 οὗτος
2275 2737 2338 2788 ἐκ
2374 2734 2636 2806 μεγέθους
2673 2734 2765 2787 καὶ
2794 2732 3056 2802 καλλονῆς
3094 2730 3428 2802 κτισμάτων,
3468 2727 3555 2784 οἷα
3581 2731 3684 2786 τοῦ

2088 2827 2289 2890 παντὸς
2314 2825 2691 2895 γενεσιουργὸς
2715 2823 3019 2894 θεωρεῖται.
3047 2823 3108 2874 Εἰ
3133 2821 3188 2874 δέ
3222 2839 3306 2885 τις
3329 2822 3537 2890 εῑσάγοι
3569 2821 3687 2876 ἓτε-

2091 2935 2202 2990 ρον,
2253 2917 2514 2970 δεικνύτω
2536 2916 2774 2968 τοιοῦτον
2799 2914 2998 2985 ὁμοίως
3043 2913 3246 2984 κόσμον
3308 2914 3492 2984 ἕτερον
3533 2930 3686 2985 παρ-

2091 3009 2245 3072 ιστάς
2265 3026 2278 3038 ⁸
2307 3009 2420 3062 ἀλλ’
2461 3008 2561 3060 οὑκ
2590 3006 2733 3058 ἔστιν
2764 3004 2949 3076 ἕτερος
2979 3003 3130 3074 παρὰ
3158 3003 3248 3056 τὸν
3280 3001 3554 3074 ὁρώμενον
3585 3005 3685 3057 κό-

2089 3118 2257 3173 σμονο
2290 3100 2408 3153 οὑδὲ
2437 3098 2570 3162 Θεὸς
2596 3098 2701 3168 ἄρα
2741 3094 2923 3168 ἕτερός
2952 3097 3119 3146 ἐστιν.
3156 3095 3218 3147 Εἰ
3255 3093 3312 3146 δέ
3349 3111 3452 3156 τις,
3493 3113 3510 3144 t
3541 3095 3685 3166 Στή-

2085 3209 2183 3258 τω,
2211 3211 2228 3242 ι
2261 3192 2414 3260 φησὶ,
2439 3188 2595 3242 τοῦτο
2629 3188 2843 3259 πρῶτον
2863 3205 2875 3217 '
2898 3187 3042 3254 λέγω
3063 3185 3126 3257 δὴ
3151 3183 3248 3255 τὴν
3276 3184 3471 3238 ἐαυτοῦ
3505 3184 3685 3251 saga.

2086 3302 2166 3338 τω
2195 3282 2427 3353 ὓπαρξιν
2449 3299 2462 3312 ·
2508 3281 2590 3334 ὃτι
2628 3281 2687 3333 τέ
2722 3282 2868 3334 ἐστιν
2912 3281 2970 3333 ἐν
3001 3279 3186 3340 οὐσίας
3225 3278 3537 3341 ὑποστάσει,
3572 3279 3672 3331 καὶ

2084 3377 2166 3429 ὅτι
2199 3375 2284 3444 ἐφ’
2311 3375 2485 3445 ἐαυτῷ
2516 3374 2667 3444 μένει
2697 3373 2791 3425 καὶ
2811 3372 3039 3441 ἕστηκεν
3059 3389 3072 3401 ·
3101 3371 3291 3424 ἔπειτα
3312 3371 3493 3442 φωνὴν
3514 3371 3680 3439 ἀφεὶς

2084 3468 2308 3538 λογικὴν
2334 3465 2428 3519 καὶ
2460 3463 2578 3535 Θεῷ
2608 3463 2944 3537 πρέπουσαν,
2980 3463 3352 3531 άναγγειλάτω
3372 3463 3493 3518 τινα
3521 3462 3682 3516 ἔσται

2083 3560 2151 3612 τά
2182 3558 2319 3629 μετὰ
2341 3555 2513 3611 ταῦτα
2529 3556 2869 3628 γενησόμενα
2884 3557 2940 3608 ἐν
2968 3555 3044 3626 τῷ
3069 3555 3169 3626 βίῳ
3197 3555 3329 3626 (59)·
3351 3554 3384 3626 ἢ
3406 3555 3475 3609 τὰ
3505 3555 3678 3608 πάλαι

2084 3650 2144 3716 ἐξ
2195 3651 2369 3723 ἀρχῆς
2403 3650 2734 3714 ὑποστάντα,
2785 3650 2879 3719 ἀφ’
2923 3642 2983 3702 οῦ
3018 3649 3107 3701 τὸν
3148 3648 3433 3720 ἄνθρωπον
3469 3647 3678 3720 ἐθέμην

2085 3743 2176 3794 ἐπὶ
2207 3743 2304 3812 τῆς
2335 3743 2437 3812 γῆς
2478 3742 2636 3813 μέχρι
2686 3741 2779 3795 τοῦ
2818 3743 3080 3813 παρόντος
3126 3740 3338 3812 χρόνου.
3393 3740 3523 3794 Ἀπὸ
3563 3740 3678 3812 γάρ

2084 3836 2273 3890 τούτου
2307 3835 2650 3906 γνωσόμεθα,
2689 3835 2770 3887 ὅτι
2800 3833 3030 3905 ἔστησεν
3052 3832 3190 3886 αὑτά
3227 3833 3389 3902 λόγῳ.

2163 3945 2181 3979 t
2209 3927 2300 3998 Μὴ
2350 3925 2867 3998 παρακαλύπτεσθε,
2911 3924 3045 3996 μηδὲ
3095 3923 3389 3978 πλανᾶσθε.
3437 3925 3549 3976 οὑκ
3575 3916 3678 3976 ἀπ’

2084 4021 2258 4091 ἀρχῆς
2291 4016 2653 4088 ἡνωτίσασθε,
2686 4018 2781 4070 καὶ
2810 4016 3120 4088 ἀπήγγειλα
3173 4016 3341 4085 ὑμῖν;
3381 4015 3676 4086 Μάρτυρες

2085 4111 2242 4182 ὑμεῖς
2264 4112 2404 4172 ἐστε,
2441 4110 2490 4161 εἰ
2521 4108 2638 4161 ἔστι
2663 4107 2794 4172 Θεὸς
2827 4107 2966 4179 πλὴν
2991 4107 3145 4179 ἐμοῦ.
3169 4108 3279 4160 Καὶ
3307 4107 3407 4160 οὑκ
3431 4107 3679 4178 ἥκουσαν

2083 4199 2205 4252 τότε
2229 4201 2279 4252 οἱ
2297 4199 2626 4262 πλάσσοντες
2651 4199 2746 4252 καὶ
2778 4199 2827 4250 οἰ
2856 4197 3172 4267 γλύφοντες,
3200 4197 3401 4262 πάντες
3429 4197 3674 4269 μάταιοι,

2085 4290 2366 4353 ποιοῦντες
2396 4290 2465 4344 τὰ
2489 4290 2804 4362 καταθύμια
2840 4289 3042 4354 αὑτῶν,
3088 4289 3123 4344 ἃ
3154 4291 3253 4344 οὑκ
3281 4290 3552 4363 ὠφελήσει
3576 4292 3675 4345 aii-

2082 4381 2227 4446 τούς.
2275 4382 2412 4436 Ἀλλ’
2450 4381 2900 4452 αἰσχυνθήσονται
2945 4382 2994 4434 οἱ
3036 4382 3370 4445 πλάσσοντες
3391 4382 3542 4453 Θεὸν,
3577 4383 3674 4436 καὶ

2013 4505 2056 4560 D
2085 4475 2380 4545 γλύφοντες
2409 4475 2608 4539 πάντες
2636 4474 2907 4545 ἀνωφελῆ,
2937 4493 2956 4527 ι
2992 4475 3106 4528 Οὑκ
3145 4475 3239 4527 ἀπ’
3264 4475 3462 4545 ἀρχῆς,
3513 4476 3670 4547 φησὶ,

2087 4565 2332 4619 τουτέστι
2365 4565 2470 4637 πρὸ
2491 4565 2598 4619 τῶν
2628 4565 2721 4619 τοῦ
2751 4564 3138 4636 κατακλυσμοῦ
3167 4566 3392 4637 χρόνων,
3427 4565 3548 4618 καθ’
3577 4565 3674 4631 οὓς

2089 4659 2209 4712 οὑδὲ
2233 4660 2282 4711 οἱ
2337 4659 2444 4712 τῶν
2472 4659 2694 4729 ἀψύχων
2753 4659 2952 4724 ξοάνων
2976 4659 3224 4722 τέκτονες
3268 4659 3530 4730 ὑπῆρχον.
3560 4659 3673 4714 Καὶ

2087 4746 2292 4800 τούτων
2319 4747 2476 4818 ὑμεῖς
2507 4748 2802 4819 μάρτυρες,
2826 4749 2902 4810 ὡς
2933 4749 3034 4801 οὑκ
3061 4743 3201 4820 ἦσαν
3249 4749 3391 4816 τότε,
3434 4749 3576 4818 λέγω
3604 4750 3670 4823 δὴ

2091 4839 2230 4891 κατά
2264 4839 2361 4904 τάς
2393 4840 2568 4912 ἀρχὰς
2600 4842 2697 4912 τῆς
2734 4840 2828 4895 τοῦ
2867 4841 3062 4912 θνητοῦ
3099 4841 3215 4912 βίου
3245 4843 3576 4908 συστάσεως,
3617 4844 3670 4896 οἱ

2089 4929 2417 4994 πλάσσοντες
2447 4932 2540 4985 καὶ
2571 4931 2866 5003 γλύφοντες
2916 4932 3092 4999 θεοὺς,
3141 4931 3295 4987 οῦπω
3343 4933 3668 5006 γλυπτικῆς,

2089 5021 2209 5074 οὑδέ
2241 5023 2540 5093 πλαστικῆς
2572 5025 2765 5095 τέχνης
2798 5026 2856 5078 ἐν
2900 5023 3210 5097 ἀνθρώποις
3252 5026 3665 5098 εὑρισκομένης.

2165 5114 2312 5166 «Καὶ
2343 5115 2542 5178 πάντες
2583 5115 2704 5168 ὅθεν
2736 5116 2981 5185 ἐγένοντο
3009 5117 3402 5189 ἐξηράνθησαν.
3433 5121 3525 5172 καὶ
3561 5137 3669 5173 κω-

2090 5208 2180 5277 φοὶ
2213 5207 2317 5260 ἀπο
2341 5207 2639 5279 ἀνθρώπιον
2663 5207 3084 5280 συναχθήτωσαν
3109 5210 3328 5276 πάντες,
3354 5211 3447 5264 καὶ
3478 5211 3670 5283 στησά-

2087 5315 2262 5352 τωσαν
2295 5299 2430 5369 ἅμα.
2478 5299 2571 5352 καὶ
2613 5300 3056 5371 ἐντραπήτωσαν,
3101 5303 3194 5354 καὶ
3226 5301 3668 5374 αἱσχυνθήτωσαν

2088 5393 2203 5462 ἅμα
2225 5409 2238 5421 ·
2270 5391 2352 5444 ὅτι
2379 5390 2548 5458 ὢξυνε
2579 5390 2785 5444 τέκτων
2819 5392 3056 5463 σίδηρον,
3096 5393 3385 5464 σκεπάρνῳ
3415 5394 3668 5466 εἰργάσα-

2088 5504 2148 5539 το
2180 5485 2328 5550 αὑτὸ,
2363 5487 2457 5537 καὶ
2491 5486 2547 5537 ἐν
2569 5485 2806 5552 τερέτρῳ
2839 5484 3064 5556 ἔστησεν
3102 5486 3254 5548 αὑτὸ,
3289 5487 3384 5540 καὶ
3418 5487 3667 5558 εἰργάσα-

2086 5617 2316 5680 mundo,
2351 5619 2467 5671 sive
2495 5630 2592 5685 pro
2627 5615 2940 5669 hominibus
2988 5616 3092 5670 hoc
3123 5617 3176 5670 in
3210 5617 3410 5672 mundo
3441 5632 3666 5670 versan-

2087 5689 2230 5742 tibus
2256 5705 2268 5741 :
2294 5695 2350 5740 et
2382 5691 2463 5740 sic
2495 5685 2764 5758 intelligas
2797 5696 3014 5754 oportet
3039 5688 3162 5758 hoc
3189 5687 3307 5742 loco
3335 5688 3395 5739 ἐν
3426 5686 3504 5758 τῷ
3540 5685 3660 5756 βίῳ,

2089 5758 2301 5814 scilicet
2334 5759 2383 5812 iu
2410 5756 2626 5825 mundo,
2667 5773 2728 5811 ac
2763 5757 3008 5812 homines
3035 5757 3087 5812 in
3119 5757 3217 5814 hac
3241 5758 3346 5812 vita
3382 5756 3661 5829 degentes.
