3968 6522
225 571 294 606 το
327 549 470 605 αὐτὸ
496 549 554 600 ὲν
578 545 656 614 τῷ
690 540 935 613 βραχίονι
971 537 1065 604 τῆς
1102 530 1282 603 ἰσχύος
1307 524 1498 582 αὐτοῦ’
1538 520 1632 575 καὶ
1658 515 1842 571 πεινὰ-

231 658 345 699 σει,
383 638 480 692 καὶ
504 607 830 702 ἀσθενήσει,
862 626 954 679 καὶ
977 624 1038 676 οὐ
1078 621 1151 692 μὴ
1185 618 1284 688 πίῃ
1313 615 1474 686 ὕδωρ.
1521 607 1842 676 Ἐκλεξάμε-

227 697 574 794 νοςίτέκτων
599 697 774 790 ξύλον,
797 719 1022 788 ἔστησεν
1049 712 1179 766 αὐτὸ
1206 712 1264 762 ὲν
1300 707 1502 778 μέτρῳ,
1527 703 1620 756 καὶ
1642 703 1698 752 ὲν
1720 697 1840 751 κόλ-

227 788 321 893 λῃ*
348 788 690 891 ἐρρύθμισεν
740 811 889 872 αὐτὸ,
939 808 1031 861 καὶ
1065 802 1318 871 εποίησεν
1347 796 1478 850 αὐτὸ
1523 794 1598 856 ὼς
1626 788 1840 862 μορφὴν

228 913 460 984 ἀνδρὸς,
492 909 585 962 καὶ
608 907 683 970 ὡς
713 903 1022 977 ὡραιότητα
1064 894 1373 967 ἀνθρώπου,
1414 888 1604 958 στῆσαι
1623 882 1755 937 αὐτὸ
1781 881 1840 932 ὲν

227 1006 403 1074 οἴκῳ.
444 999 649 1068 Ἐκοψε
684 996 838 1062 ξύλον
872 997 935 1046 ἐκ
977 990 1072 1044 τοῦ
1121 984 1350 1060 δρυμοῦ,
1375 983 1403 1036 ὃ
1440 979 1702 1049 ἐφύτευσε
1728 973 1841 1028 Κύ-

232 1067 383 1165 ριος,
415 1067 603 1149 πίτυν,
625 1087 715 1139 καὶ
740 1084 892 1146 ὑετὸς
920 1083 1189 1152 ὲμήκυνεν
1212 1094 1226 1107 θ
1255 1078 1343 1128 ἵνα
1423 1068 1727 1141 ἀνθρώποις
1761 1067 1840 1128 είς

230 1157 442 1237 καῦσιν
469 1198 482 1210 ·
521 1179 615 1232 καὶ
645 1175 824 1229 λαϐὼν
854 1172 948 1225 ἀπ’
975 1168 1164 1234 αὐτοῦ,
1200 1163 1535 1237 ἐθερμάνθη,
1581 1161 1675 1214 καὶ
1701 1157 1839 1212 καύ-

231 1290 442 1335 σαντες
467 1270 674 1339 ἔπεψαν
709 1267 907 1338 ἄρτους
929 1264 1012 1316 ἐπ’
1040 1260 1220 1315 αὐτῶν
1241 1276 1255 1290 ο
1285 1259 1342 1310 τὸ
1369 1257 1427 1310 δὲ
1451 1253 1635 1306 λοιπὸν
1659 1249 1842 1322 είργὰο

231 1383 409 1420 σαντο
437 1363 616 1425 θεοὺς,
645 1359 739 1412 καὶ
779 1354 1176 1427 προσκυνοῦσιν
1213 1353 1398 1412 αὐτοῖς
1422 1366 1435 1378 ·
1476 1342 1536 1401 οὖ
1565 1346 1626 1398 τὸ
1667 1345 1838 1415 ἥμισυ

229 1456 410 1513 αὐτοῦ
444 1454 782 1509 κατέκαυσεν
808 1453 865 1502 ὲν
895 1449 1049 1520 πυρὶ,
1078 1447 1170 1501 καὶ
1191 1445 1282 1498 ἐπὶ
1304 1442 1396 1495 τοῦ
1425 1440 1654 1512 ἡμίσους
1674 1435 1838 1490 αὐτοῦ

228 1551 451 1620 ἐπεψεν
476 1552 534 1602 ὲν
559 1549 670 1610 τοῖς
703 1540 960 1614 ἄνθραξιν
989 1541 1207 1612 ἄρτους,
1239 1539 1332 1590 καὶ
1367 1535 1451 1588 ἐπ’
1477 1531 1642 1586 αὐτοῦ
1671 1529 1840 1602 κρέας

230 1616 496 1714 ὀπτήσας
531 1639 726 1707 ἔφαγε,
768 1637 862 1689 καὶ
893 1631 1222 1702 ἐνεπλήσθη,
1257 1630 1351 1682 καὶ
1398 1623 1725 1698 θερμανθεὶς
1759 1616 1840 1672 εἷ·-

233 1753 340 1787 πεν
365 1753 380 1764 ·
422 1733 553 1786 Ἢδύ
577 1749 687 1802 μοι,
717 1731 798 1782 ὅτι
828 1725 1189 1798 ἐθερμάνθην,
1218 1722 1310 1774 καὶ
1345 1716 1484 1773 εἶδον
1515 1718 1647 1789 πῦρ.
1681 1717 1754 1768 Τὸ
1783 1715 1840 1767 δὲ

232 1827 433 1880 λοιπὸν
461 1826 716 1894 ἐποίησεν
741 1824 820 1883 είς
848 1819 979 1872 Θεὸν
1009 1815 1266 1885 γλυπτὸν,
1293 1813 1386 1866 καὶ
1425 1811 1717 1882 προσκυνεῖ
1744 1807 1838 1860 καὶ

233 1916 614 1988 προσεύχεται
637 1914 810 1979 λέγων
830 1931 843 1943 ο
883 1910 1094 1976 Ἐξέλου
1121 1925 1208 1978 με,
1242 1907 1322 1959 ὅτι
1342 1904 1473 1967 Θεός
1507 1920 1606 1973 μου
1634 1896 1684 1953 εἶ
1708 1899 1792 1952 σύ.
1815 1919 1833 1950 ι

235 2013 397 2074 Τέως
434 2012 491 2064 δὲ
539 2011 694 2078 ὑμεῖς
728 2007 821 2059 ἐπὶ
853 2004 946 2057 τοῦ
980 2001 1269 2072 παρόντος,
1301 1997 1438 2069 πρὸς
1469 1994 1560 2059 οὒς
1592 1998 1620 2048 ὁ
1651 1993 1839 2065 παρὼν

236 2109 402 2177 λόγος
433 2125 449 2172 ;
493 2107 559 2159 Τί
592 2106 791 2176 δήποτε
829 2103 904 2174 μὴ
941 2098 1218 2169 λογίζεσθε
1263 2097 1392 2168 παρ’
1419 2097 1651 2158 ἑαυτοῖς,
1687 2093 1768 2156 τίς
1807 2095 1839 2163 ἡ

237 2198 409 2268 ςύσις
440 2197 549 2250 τῶν
577 2197 635 2247 ὲν
661 2193 889 2264 ἀψύχοις
907 2190 1210 2261 ἀγάλμασιν
1225 2183 1654 2255 θεοποιουμένων
1678 2183 1837 2253 ύμῖν;

264 2293 388 2360 Ap;
445 2287 555 2357 γὰρ
615 2285 675 2338 ού
743 2283 1033 2355 πρόχειρον
1082 2283 1193 2343 τοῖς
1247 2279 1378 2330 πᾶσι
1451 2276 1699 2346 συνορᾷν,
1765 2272 1840 2335 ὡς

233 2376 517 2428 τεκτόνων
545 2368 655 2424 εἷεν
682 2371 840 2442 ἔργα,
890 2368 1214 2441 σκεπάρνοις
1261 2368 1355 2418 καὶ
1383 2364 1698 2435 τρυπάνοις,
1747 2363 1841 2415 καὶ

235 2470 514 2530 τοιούτοις
561 2467 703 2519 τισὶν
748 2465 998 2536 ὀργάνοις
1039 2461 1455 2532 σκευωρημένα,
1493 2462 1722 2531 πένητος
1748 2461 1842 2513 καὶ

235 2557 460 2620 ἐνδεοῦς
499 2557 690 2627 ἀνδρὸς
735 2555 969 2619 ἐπίνοια,
1002 2553 1060 2617 ὃς
1093 2553 1159 2604 δι’
1192 2551 1398 2604 ἔνδειαν
1440 2549 1643 2620 τροφῆς
1693 2551 1843 2618 ἐνερ-

237 2649 401 2717 γείας
441 2650 610 2720 ἄρκτου
641 2647 833 2718 σχολῆς
861 2645 1106 2717 μηχανὴν
1134 2644 1340 2713 πλάνης
1367 2641 1661 2712 ἐξηύρατο;

315 2762 335 2794 ι
362 2742 482 2795 Οὐκ
515 2741 757 2808 ἔγνωσαν
782 2740 1068 2810 φρονῆσαι,
1120 2738 1202 2789 ὅτι
1228 2733 1713 2804 ἁπημαυρώθησαν
1746 2731 1840 2784 τοῦ

242 2833 467 2903 βλέπειν
515 2835 628 2895 τοῖς
668 2831 986 2901 ὀφθαλμοῖς,
1031 2830 1124 2882 καὶ
1167 2827 1258 2880 τοῦ
1292 2826 1483 2894 νοῆσαι
1529 2827 1594 2895 τῇ
1645 2824 1843 2896 καρδίᾳ

239 2925 445 2978 αὐτῶν.
477 2926 588 2978 Καὶ
616 2925 714 2977 οὐκ
745 2924 1026 2992 ἐλογίσατο
1053 2924 1118 2992 τῇ
1145 2921 1288 2991 ψυχῇ
1330 2917 1516 2980 αὑτοῦ,
1550 2917 1670 2970 οὐδὲ
1703 2916 1844 2985 ἔγνω

239 3021 306 3088 τῇ
339 3016 632 3087 φρονήσει,
665 3017 748 3069 ὅτι
779 3016 839 3068 τὸ
865 3017 1036 3085 ἥμισυ
1078 3013 1242 3066 αὐτοῦ
1284 3011 1621 3065 κατέκαυσεν
1657 3011 1714 3063 ὲν
1745 3028 1842 3062 πυ-

245 3111 319 3179 ρὶ,
364 3111 463 3163 καὶ
506 3108 707 3177 έπεῲεν
742 3109 835 3160 ἐπὶ
864 3107 970 3160 τῶν
1001 3105 1285 3177 ἀνθράκων
1315 3103 1479 3157 αὑτοῦ
1502 3103 1719 3174 ἄρτους,
1749 3103 1843 3155 καὶ

241 3203 494 3272 ὀπτήσας
526 3200 662 3270 κρέα
703 3199 892 3268 ἔφαγε,
929 3200 1022 3251 καὶ
1053 3199 1111 3250 τὸ
1146 3198 1328 3249 λοιπὸν
1358 3195 1522 3249 αὑτοῦ
1554 3197 1633 3259 είς
1661 3195 1843 3266 βδέλυ-
1868 3215 1913 3274 ο

243 3311 361 3364 γμα
387 3295 641 3363 ἐποίησε,
667 3293 760 3345 καὶ
795 3290 1189 3361 προσκυνοῦσιν
1216 3289 1380 3360 αὐτῷ.
1411 3309 1428 3341 ι
1481 3289 1567 3351 Ὠς
1604 3287 1847 3359 ἐπιλεληο

244 3384 464 3454 σμένων
497 3382 553 3435 δὲ
585 3383 676 3434 καὶ
712 3383 980 3452 δεομένων
1009 3381 1102 3452 τῆς
1130 3381 1332 3433 τούτων
1365 3381 1726 3450 ὑπομνήσεως
1757 3379 1844 3434 διὰ

251 3473 559 3544 ταχύτητος
603 3472 887 3543 λογισμοῦ,
941 3471 1112 3525 ταῦτά
1149 3489 1301 3542 φησι.
1361 3471 1559 3541 Διόπερ
1609 3469 1844 3538 ὀφείλεις

243 3566 342 3636 τῆς
383 3564 586 3619 σαυτοῦ
627 3564 987 3635 μνημονεύειν
1015 3563 1186 3628 ἀξίας,
1224 3563 1316 3616 καὶ
1350 3562 1573 3631 πλάσμα
1601 3560 1736 3613 Θεοῦ
1768 3559 1844 3612 ὢν

244 3657 410 3720 αὐτὸς
437 3656 511 3727 μὴ
543 3653 840 3725 καθύϐριζε
871 3655 1114 3717 σεαυτὸν,
1145 3654 1349 3723 ἄψυχον
1381 3651 1511 3721 ὓλην
1545 3651 1702 3721 χερεῖ)⁸
1745 3649 1842 3720 βα-

243 3749 465 3801 ναύσων
501 3746 711 3818 ἀνδρῶν
747 3746 1134 3817 πεπλασμένην
1167 3744 1395 3799 σεαυτοῦ
1433 3742 1716 3814 ποοτιμῶν
1750 3745 1843 3796 καὶ

243 3837 532 3892 Θεοποιῶν.

320 3950 340 3981 ι
370 3929 566 3990 Γνῶθι,
595 3929 676 3981 ὅτι
715 3929 907 3991 σποδὸς
949 3930 981 3998 ἡ
1023 3929 1219 3999 καρδία
1254 3928 1452 3991 αὐτῶν,
1488 3927 1578 3979 καὶ
1603 3926 1844 3979 πλανῶν-

245 4038 358 4085 ται,
397 4021 496 4076 καὶ
529 4021 704 4083 οὐδεὶς
732 4020 952 4073 δύναται
991 4020 1265 4087 ἐξελέσθαι
1311 4020 1408 4092 τὴν
1437 4020 1614 4091 ψυχὴν
1653 4020 1840 4073 αὐτοῦ.

249 4105 422 4169 Ἴδετε
464 4115 559 4167 καὶ
599 4114 698 4167 οὐκ
731 4116 923 4186 ἐρεῖτε,
966 4116 1046 4168 ὅτι
1084 4114 1277 4184 ψεῦδος
1316 4117 1372 4168 ἐν
1419 4117 1484 4184 τῇ
1526 4112 1674 4184 δεξιᾷ
1718 4130 1839 4183 μου.

247 4204 538 4275 Μνήσθητι
560 4204 752 4267 ταῦτα,
772 4205 970 4257 Ἰακὼὸ
996 4207 1088 4258 καὶ
1132 4206 1362 4277 Ἰσραὴλ,
1397 4207 1478 4258 ὅτι
1511 4207 1637 4267 παῖς
1663 4222 1762 4274 μου
1794 4199 1844 4256 εί

249 4293 337 4351 σύ.
378 4297 635 4349 Ἔπλασά
668 4315 727 4349 σε
759 4298 922 4351 παῖδὰ
954 4316 1075 4369 μου,
1108 4299 1198 4350 καὶ
1236 4297 1320 4362 συ,
1366 4296 1598 4368 Ἰσραὴλ,
1629 4295 1702 4366 μὴ
1732 4298 1844 4348 ἐπι-

245 4385 516 4441 λανθανου
569 4405 691 4458 μου.
724 4409 742 4440 ι
800 4392 888 4452 Ὠς
934 4389 1378 4460 ἀπεστραμμένῳ
1423 4389 1516 4441 καὶ
1565 4388 1841 4459 πολεμίοις

248 4478 603 4550 ὲκδεδομένῳ.

328 4679 348 4712 ι
373 4661 506 4713 Ἰδοὺ
541 4661 648 4731 γὰρ
677 4661 956 4732 ἀπήλειψα
993 4663 1068 4725 ὡς
1091 4662 1320 4733 νεφέλην
1337 4663 1434 4726 τὰς
1461 4665 1690 4734 ἀνομίας
1722 4681 1836 4729 σου,

249 4754 345 4807 καὶ
373 4754 448 4816 ὼς
472 4757 669 4820 γνόφον
698 4753 796 4825 τὴν
830 4755 1102 4824 ἁμαρτίαν
1133 4771 1244 4807 σου.
1281 4755 1676 4828 Ἑπιστράφηθι
1705 4755 1840 4827 πρὸς

252 4845 346 4916 μὲ,
387 4846 481 4898 καὶ
507 4843 855 4917 λυτρὼσομαί
914 4865 994 4902 σε.
1055 4847 1430 4918 Εὐφράνθητε,
1470 4849 1704 4918 οὐρανοὶ,
1758 4849 1840 4901 ὅτι

249 4939 475 5010 ἐλέησεν
505 4941 533 4992 ὁ
561 4938 693 5000 Θεὸς
733 4938 823 4990 τὸν
858 4938 1089 5010 Ἰσραήλ.
1126 4958 1141 4989 ι
1189 4939 1274 5003 Ὠς
1313 4938 1378 4991 ἂν
1409 4941 1582 5011 χαρᾶς
1603 4941 1661 4992 ἐν
1688 4941 1844 5010 ούρα-

251 5036 360 5095 νοῖς
399 5031 773 5102 γενησομένης
818 5032 911 5084 ἐπὶ
947 5035 1057 5096 τοῖς
1101 5033 1352 5102 μέλλουσι
1401 5033 1690 5104 μετάνοιαν
1731 5033 1841 5087 τῶν

253 5125 440 5179 κακῶν
463 5123 815 5195 ποιήσασθαι.

327 5237 346 5268 ι
375 5215 711 5281 Σαλπίσατε,
730 5215 798 5268 τὰ
823 5215 1046 5286 θεμέλια
1071 5216 1161 5286 τῆς
1183 5217 1305 5286 γῆς,
1335 5215 1585 5287 βοήσατε,
1605 5215 1726 5286 ὅρη,
1747 5217 1839 5267 εὑρη

255 5308 550 5380 φροσύνην,
578 5310 625 5361 οἱ
657 5308 835 5378 βουνοί
859 5309 953 5362 καὶ
983 5309 1160 5362 πάντα
1193 5309 1262 5363 τὰ
1297 5307 1429 5373 ξύλα
1454 5309 1522 5363 τὰ
1545 5312 1601 5362 ἐν
1622 5310 1837 5375 αὐτοῖς,

255 5402 335 5452 ὃτι
361 5397 709 5471 ὲλυτρώσατο
739 5403 768 5454 ὁ
804 5401 936 5464 Θεὸς
965 5401 1060 5453 τὸν
1107 5401 1320 5465 Ἰακὼϐ,
1367 5401 1460 5454 καὶ
1500 5400 1716 5470 Ἰσραὴλ
1749 5401 1839 5454 δο-

258 5493 606 5564 ξασθήσεται.
648 5513 665 5542 ι
700 5495 761 5546 Ei
789 5495 897 5565 γάρ
927 5494 1074 5556 τινές
1103 5495 1238 5546 εἰσιν
1269 5496 1325 5547 αἱ
1354 5494 1454 5565 τὴν
1478 5493 1579 5564 γῆν
1610 5493 1843 5565 ὑποστη-

263 5585 508 5654 ρίζουσαι
566 5584 706 5638 θεῖαι
755 5585 1036 5657 δυνάμεις,
1072 5588 1166 5640 καὶ
1209 5582 1369 5641 αὗται
1398 5585 1714 5656 ἀλαλαγμὸν
1747 5589 1841 5640 καὶ

261 5676 428 5750 ὕμνον
449 5678 928 5748 ἀναπεμπέτωσαν
952 5678 1030 5748 τῷ
1060 5679 1198 5750 Θεῷ,
1232 5682 1393 5744 Εἰκὸς
1421 5681 1477 5733 δὲ
1499 5680 1724 5752 θεμέλια
1744 5682 1842 5750 τῆς

262 5770 364 5839 γῆς
392 5770 754 5840 χρηματίζειν
785 5771 911 5834 τοὺς
951 5772 1231 5841 προφήτας
1276 5771 1471 5835 αὐτοὺς
1513 5773 1606 5825 καὶ
1641 5771 1845 5834 πάντας

270 5867 384 5928 τοὺς
410 5864 651 5928 δικαίους
692 5866 781 5918 καὶ
832 5863 1099 5933 θεοφιλεῖς
1127 5863 1323 5934 ἄνδρας
1350 5881 1358 5891 ·
1397 5864 1552 5917 τοῦτο
1583 5864 1712 5931 γοῦν
1743 5863 1847 5917 ἐδί-

1177 401 1682 468 COMMENTARIA
1723 396 1791 452 IN
1829 391 2085 450 ISAIAM.
2131 419 2196 432 -—-
2231 383 2386 440 CAP.
2429 377 2612 464 XLIV.

1869 517 1916 574 Α
1946 509 2072 566 chio
2106 499 2438 560 fortitudinis
2466 511 2576 550 sua:
2612 513 2624 546 ι
2652 500 2706 545 et
2731 487 2937 544 esuriet
2966 490 3019 537 et
3049 474 3431 536 infirmabitur,
3459 480 3516 526 et

3415 353 3512 410 £06
3549 388 3552 391 -

2085 597 2232 652 bibet
2276 603 2494 659 aquam.
2535 584 2718 639 Electo
2750 579 2908 634 faber
2941 575 3108 644 ligno,
3137 562 3514 659 adhibuit-ipsi

1945 706 2212 755 normam,
2236 695 2293 742 et
2323 651 2575 738 formarit
2601 674 2728 730 illud
2775 673 2828 727 in
2862 668 3112 730 runcina,
3147 671 3200 714 et
3231 657 3359 714 fecit
3387 651 3518 708 illud

1943 786 2008 839 ad
2037 752 2268 836 formam
2295 773 2419 838 viri,
2453 778 2507 825 et
2537 767 2605 822 ad
2657 764 2890 833 speciem
2929 755 3188 816 hominis,
3217 761 3276 804 ut
3313 752 3520 802 statuat

1944 873 2076 930 illud
2120 869 2287 924 domi.
2325 863 2538 920 Cecidit
2586 859 2787 926 lignum
2823 868 2888 906 ex
2937 849 3094 910 silva,
3137 841 3279 914 quod
3309 839 3520 908 planta-

1941 968 2019 1021 vit
2041 962 2322 1023 Dominus,
2359 957 2573 1026 pinum,
2608 959 2664 1005 et
2695 945 2874 1017 pluvia
2906 941 3056 997 auxit
3087 947 3144 992 ut
3185 941 3331 992 esset
3349 928 3522 984 homi-

1943 1061 2100 1116 nibus
2128 1057 2181 1110 in
2216 1049 2645 1109 combustionem
2679 1059 2693 1094 :
2728 1051 2782 1096 et
2813 1053 2934 1093 cum
2967 1031 3285 1102 sumpsisset
3328 1024 3395 1078 ab
3429 1037 3518 1086 eo,

1942 1152 2232 1210 calefactus
2261 1154 2364 1208 est,
2388 1152 2443 1198 et
2472 1137 2864 1196 succendentes
2891 1135 3153 1184 coaerunt
3180 1136 3348 1193 panes
3375 1116 3514 1172 illis:

1944 1243 2209 1311 reliquum
2238 1245 2420 1290 autem
2455 1232 2709 1284 fecerunt
2736 1227 2788 1280 in
2821 1223 2974 1285 deos,
3005 1228 3061 1272 et
3093 1215 3322 1268 adorant
3349 1209 3518 1278 ipsos,

1941 1297 2098 1405 cujus
2128 1328 2420 1386 dimidium
2450 1321 2756 1393 combussit
2800 1317 2941 1384 igne,
2967 1320 3023 1367 et
3055 1311 3107 1363 in
3149 1303 3374 1360 dimidio
3403 1297 3520 1367 ejus

1941 1430 2089 1488 coxit
2118 1427 2172 1481 in
2200 1420 2537 1479 carbonibus
2584 1427 2776 1485 panes,
2822 1418 2877 1463 et
2923 1408 2975 1460 in
3012 1419 3076 1460 eo
3102 1412 3296 1457 carnes
3328 1407 3520 1448 assans

1943 1521 2197 1583 comedit,
2221 1525 2276 1572 et
2302 1512 2556 1583 impletus
2582 1516 2688 1571 est,
2717 1515 2772 1559 et
2797 1500 3094 1557 calefactus
3124 1491 3281 1554 dixit,
3311 1485 3520 1540 lucun-

1941 1615 2066 1669 dum
2105 1611 2240 1664 mihi
2266 1577 2410 1676 quod
2438 1599 2734 1658 calefactus
2783 1610 2925 1656 sum,
2956 1601 3012 1644 et
3043 1586 3150 1641 vidi
3180 1585 3382 1653 ignem.
3422 1577 3526 1631 Rc-

1941 1707 2148 1775 liqnum
2179 1675 2361 1754 autent
2395 1697 2522 1751 fecit
2551 1695 2603 1748 in
2640 1693 2798 1745 deum
2823 1682 3150 1754 sculptilem,
3171 1687 3224 1732 et
3249 1675 3441 1728 adorat
3468 1677 3523 1723 et

1943 1773 2194 1869 precatur
2218 1794 2433 1852 dicens,
2460 1788 2650 1842 Libera
2684 1796 2790 1844 me,
2809 1780 2934 1848 quia
2966 1776 3106 1830 Deus
3143 1785 3296 1826 meus
3317 1782 3377 1822 es
3405 1773 3518 1818 tu.)

1943 1889 2080 1956 Quid
2113 1901 2208 1941 vos
2242 1900 2379 1954 quos
2412 1896 2558 1936 nunc
2587 1873 2870 1944 alloquor?
2918 1870 3027 1924 Cur
3083 1881 3187 1920 non
3243 1860 3521 1916 vobiscum

1946 1980 2233 2052 reputatis,
2265 1989 2516 2047 quamam
2547 1969 2970 2025 inanimatorum
3023 1954 3334 2029 huiusmodi
3380 1949 3522 2006 scul-

1945 2050 2178 2146 ptilium,
2213 2085 2335 2143 qua:
2363 2077 2422 2122 ut
2444 2068 2574 2122 deos
2597 2063 2799 2125 colitis,
2833 2066 3023 2114 natura
3051 2052 3154 2108 sit?
3178 2050 3372 2106 Annon
3397 2056 3522 2113 pto-

1943 2168 2118 2240 palam
2169 2163 2421 2221 omnibus
2469 2174 2592 2214 esse
2643 2155 2838 2216 valeat,
2873 2150 3148 2203 fabrorum
3183 2154 3347 2210 opera
3378 2147 3520 2194 esse,

1943 2236 2107 2314 asciis
2137 2267 2195 2312 et
2220 2254 2452 2310 terebris
2484 2261 2650 2319 atque
2683 2247 2806 2300 aliis
2853 2237 3162 2309 huiusmodi
3193 2236 3526 2288 instrumen-

1947 2351 2014 2405 tis
2057 2350 2351 2409 adornata;
2405 2341 2660 2413 pauperis
2687 2336 2890 2392 scilicet
2945 2330 3230 2399 inopisque
3283 2318 3525 2377 hominis

1945 2447 2243 2503 inventum,
2275 2439 2364 2509 qui
2399 2437 2469 2492 oh
2494 2434 2599 2488 eihi
2633 2431 2940 2502 penuriam,
2970 2440 3032 2478 ac
3076 2436 3170 2492 per
3211 2417 3382 2472 otium
3439 2428 3526 2480 pa-

1946 2537 2097 2592 randi
2135 2534 2311 2604 panis,
2343 2528 2549 2586 erroris
2585 2524 2893 2579 machinam
2929 2514 3169 2587 reperit?

2017 2717 2182 2770 Vens.
2225 2713 2412 2767 lii—20.
2449 2729 2468 2760 ι
2497 2709 2610 2762 Non
2647 2711 2914 2760 noverunt
2951 2713 3165 2766 sapere,
3189 2693 3314 2764 quia
3344 2697 3525 2743 retusa

1944 2820 2029 2865 est
2077 2810 2224 2862 acies
2277 2821 2492 2865 eorum,
2529 2815 2595 2854 ne
2627 2798 2876 2852 viderent
2905 2791 3076 2846 oculis
3099 2788 3234 2849 suis,
3260 2793 3315 2837 et
3345 2796 3411 2834 ne
3439 2780 3523 2834 in-

1948 2903 2243 2968 telligerent
2284 2897 2448 2952 corde
2479 2909 2598 2948 suo.
2632 2889 2816 2958 Neque
2852 2883 3076 2956 agitavit
3109 2881 3162 2934 in
3193 2877 3375 2930 animo
3402 2887 3524 2936 suo,

1948 3011 2120 3064 neque
2151 2991 2402 3059 cognovit
2459 2985 2743 3057 prudentia
2792 2996 2914 3044 sua,
2941 2978 3067 3047 quia
3095 2971 3372 3029 dimidium
3409 2965 3527 3034 ejus

1946 3086 2245 3143 combussit
2274 3083 2407 3154 igni,
2443 3090 2497 3134 et
2526 3078 2672 3132 coxit
2697 3090 2862 3143 super
2884 3071 3155 3127 carbones
3185 3065 3302 3134 ejus
3329 3075 3524 3130 panes,

1946 3192 2001 3235 et
2035 3181 2123 3234 ubi
2154 3177 2358 3233 assavit
2402 3187 2620 3235 carnes,
2645 3169 2902 3230 comedit,
2928 3173 2982 3220 et
3029 3161 3299 3216 residuum
3323 3155 3443 3224 ejus
3471 3153 3525 3206 in

1950 3271 2408 3326 abominationem
2443 3265 2591 3328 fecit,
2623 3273 2676 3316 et
2707 3260 2937 3313 adorant
2969 3253 3122 3309 illud.
3159 3271 3176 3304 ›
3225 3249 3350 3304 Haec
3400 3245 3526 3308 illis,

1948 3377 2048 3417 ceu
2099 3360 2302 3423 oblitis,
2337 3369 2390 3413 et
2434 3358 2502 3412 ob
2555 3353 2757 3409 mentis
2805 3349 3111 3407 crassitiem
3158 3343 3250 3398 tali
3282 3341 3529 3396 admoni-

1951 3453 2095 3506 tione
2121 3449 2411 3520 egentibus
2444 3449 2700 3517 loquitur.
2751 3447 2931 3512 Quare
2965 3448 3180 3509 oportet
3207 3448 3261 3491 te
3295 3433 3530 3506 dignita-

1951 3543 2018 3597 tis
2048 3553 2152 3596 tuze
2176 3555 2470 3596 memorem
2507 3551 2662 3601 esse;
2699 3550 2763 3588 ac
2814 3534 3123 3602 figmentum
3154 3527 3246 3581 Dei
3279 3542 3401 3581 cum
3428 3525 3526 3588 sis,

1951 3653 2019 3691 ne
2069 3636 2299 3705 teipsum
2349 3630 2680 3687 contumelia
2713 3627 2939 3692 afﬁcias,
2975 3624 3330 3678 inanimatam
3358 3628 3531 3673 mate-

1953 3729 2110 3792 riem,
2143 3725 2414 3784 artificum
2444 3722 2694 3776 manibus
2717 3721 2768 3773 in
2795 3719 3022 3788 elligiem
3057 3726 3262 3776 actam,
3301 3711 3396 3766 tibi
3435 3725 3531 3764 an-

1951 3829 2232 3887 teponens,
2274 3815 2528 3881 illamque
2559 3812 2814 3864 adOrans.

2023 3911 2184 3965 Vens.
2217 3909 2308 3961 2|.
2348 3927 2364 3958 ι
2410 3906 2559 3959 Scito
2592 3903 2733 3971 quod
2782 3901 2922 3954 cinis
2954 3913 3050 3952 cor
3079 3911 3265 3951 eorum
3289 3935 3304 3958 ,
3336 3905 3392 3948 et
3429 3893 3533 3946 fal-

1949 4004 2155 4061 luntur,
2199 4012 2255 4055 et
2306 4015 2467 4053 nemo
2503 4007 2680 4068 potest
2714 3995 2925 4063 eripere
2955 3992 3191 4045 animam
3225 4003 3399 4041 suam.
3442 3984 3533 4038 Vi—

1950 4101 2069 4152 dete
2095 4106 2149 4148 et
2183 4110 2249 4148 ne
2285 4093 2501 4154 dicatis,
2533 4090 2792 4158 quoniam
2825 4085 3164 4139 mendacium
3201 4081 3364 4135 estin
3399 4080 3534 4132 dex-

1952 4201 2066 4246 tera
2119 4203 2259 4242 mea.
2315 4186 2581 4238 Memento
2617 4183 2832 4241 horum,
2860 4176 3031 4230 Jacob
3059 4183 3112 4228 et
3140 4172 3303 4227 Israel
3330 4213 3345 4238 ,
3391 4186 3532 4239 quo-

1950 4284 2094 4338 niam
2128 4294 2263 4349 puer
2297 4291 2447 4330 mens
2472 4289 2534 4326 es
2569 4283 2646 4328 tu.
2683 4269 2931 4325 Fortnavi
2966 4276 3020 4319 te
3048 4280 3273 4336 puerum
3311 4277 3526 4316 meum:

1947 4385 2001 4431 et
2038 4385 2115 4438 tu,
2170 4370 2332 4426 Israel
2367 4408 2382 4432 ,
2410 4383 2477 4422 ne
2523 4363 2866 4421 obliviscaris
2901 4359 3026 4415 inci.
3087 4378 3104 4409 ι
3153 4356 3276 4412 Haec
3310 4355 3482 4411 aitilli
3515 4395 3530 4419 ,

1948 4479 2132 4539 utpote
2193 4466 2286 4536 qui
2336 4476 2558 4517 aversus
2621 4460 2731 4522 sit,
2794 4466 2849 4511 et
2909 4453 3144 4508 inimicis
3203 4466 3325 4506 sese
3380 4449 3532 4504 dedi-

1870 4569 1913 4622 D
1943 4563 2103 4619 derit.

2023 4655 2187 4709 \‘eas.
2227 4653 2318 4718 Ἡ,
2349 4650 2443 4704 25.
2502 4668 2520 4700 ι
2579 4646 2720 4701 Ecce
2762 4643 2906 4698 enim
2953 4640 3126 4697 delevi
3159 4639 3304 4696 velut
3334 4637 3532 4693 nubem

1951 4748 2264 4817 iniquitates
2319 4753 2481 4804 tuas,
2532 4749 2586 4794 et
2623 4740 2769 4793 velut
2817 4736 3102 4804 caliginem
3158 4741 3381 4802 peccata
3419 4741 3530 4784 tua.

1948 4841 2282 4895 Convertere
2316 4837 2381 4889 ad
2425 4843 2530 4899 me,
2565 4843 2620 4887 et
2647 4831 2909 4886 redimam
2945 4838 3017 4882 te.
3049 4824 3352 4888 Laetamini,
3384 4820 3531 4882 cali,

1950 4932 2209 5002 quoniam
2257 4929 2516 4984 misertus
2562 4935 2646 4981 est
2676 4925 2817 4979 Deus
2855 4921 3036 4977 Israel.
3083 4939 3102 4972 ι
3136 4921 3273 4986 Quia
3303 4919 3354 4972 in
3379 4915 3534 4970 cwlis

1950 5025 2206 5096 gaudium
2244 5022 2484 5075 futurum
2517 5029 2600 5074 est
2633 5019 2698 5073 de
2727 5018 2816 5079 iis,
2858 5016 2949 5084 qui
2979 5023 3325 5083 peccatorum
3357 5009 3532 5077 paeni-

1951 5118 2173 5172 tentiam
2207 5116 2382 5170 acturi
2410 5125 2556 5168 sunt.

2026 5230 2043 5260 ι
2089 5207 2278 5264 Canite
2311 5210 2459 5268 tuba,
2493 5205 2840 5259 fundamenta
2873 5212 3064 5255 terrae:
3091 5197 3350 5258 clamate,
3378 5209 3534 5248 mon—

1951 5316 2058 5367 tes,
2082 5304 2343 5366 lastitiam,
2362 5302 2526 5356 colles
2556 5308 2611 5353 et
2635 5297 2818 5351 omnia
2847 5295 3010 5364 ligna,
3030 5305 3151 5360 quae
3177 5290 3229 5343 in
3258 5288 3340 5343 eis
3367 5296 3492 5341 sunt
3517 5303 3529 5338 :

1951 5398 2209 5468 quoniam
2244 5395 2472 5449 redemit
2501 5394 2643 5446 Deus
2674 5389 2842 5445 Jacoh
2867 5427 2883 5453 ,
2923 5395 2977 5441 et
3009 5382 3170 5436 Israel
3201 5379 3534 5451 glorificabi-

1954 5501 2062 5544 tur.
2101 5507 2120 5539 ι
2162 5487 2299 5542 Nam
2330 5489 2376 5540 si
2407 5503 2528 5556 qtae
2568 5491 2693 5539 sunt
2742 5481 2940 5535 divina:
2972 5477 3238 5538 virtutes,
3273 5491 3394 5545 qua:
3426 5484 3534 5528 ter-

1951 5597 2066 5634 ram
2095 5587 2419 5644 sustentem,
2443 5581 2523 5631 hae
2549 5589 2764 5646 quoque
2791 5571 3167 5640 jubilatiouem
3196 5569 3528 5639 ethymnum

1953 5673 2064 5728 Deo
2120 5673 2393 5729 emittant.
2457 5667 2763 5724 Verisimile
2821 5681 2982 5736 porro
3042 5674 3126 5719 cst
3183 5662 3532 5716 fundamenta

1955 5777 2112 5821 terrae
2143 5765 2247 5820 dici
2283 5766 2428 5834 ipsos
2469 5763 2760 5833 prophetas
2787 5800 2800 5823 ,
2848 5769 3012 5827 atque
3039 5774 3229 5812 omnes
3259 5756 3436 5825 justos
3478 5762 3535 5807 et

1959 5860 2238 5931 religiosos
2287 5861 2432 5914 viros
2464 5873 2478 5910 :
2513 5857 2566 5912 id
2618 5870 2850 5925 namque
2901 5856 3054 5908 docet
3107 5851 3399 5921 Apostolus
3452 5848 3536 5901 Itis
