3968 6508
224 380 341 435 ωε)

1167 372 1671 429 (ῚΟΜΜΕΝΤΑΒΙΑ
1709 371 1776 428 IN
1816 371 2071 428 lSAlAM.
2102 401 2170 411 —
2208 370 2359 427 CAP.
2405 364 2559 425 XLV.

3398 366 3504 421 UO

225 500 432 552 τεῦθεν
462 498 562 570 ἤδη
606 497 854 570 προλέγω
883 499 976 551 καὶ
1009 497 1437 569 ἐπαγγέλλομαι,
1467 499 1549 551 ὅτι
1586 500 1684 569 τὴν
1722 500 1824 551 Ἰε-

1941 497 2042 564 :jus
2072 496 2346 551 excidium
2381 512 2409 547 a
2442 492 2751 563 Babyloniis
2780 492 2984 546 factum
3008 529 3023 553 ,
3059 490 3423 542 renovandam
3452 500 3508 543 et

230 589 529 663 ρουσαλὴμ
556 589 695 659 μετὰ
727 588 823 661 τὴν
857 587 1082 660 πρώτην
1110 588 1428 659 καθαίρεσιν
1454 589 1552 660 τὴν
1584 590 1687 642 ὑπὸ
1723 589 1829 641 Βα-

228 680 525 732 6υλωνίων
566 679 942 750 γενησομένην
989 679 1439 749 ἁνακαινισθῆναι
1486 682 1719 749 ποιήσω,
1752 679 1829 742 ὡς

226 769 326 823 καὶ⁵
364 769 468 832 τὰς
486 770 587 836 τῆς
626 768 879 831 Ἰουδαίας
912 768 1095 831 πόλεις
1120 770 1533 840 κατοικηθῆναι,
1566 772 1659 822 καὶ
1683 769 1751 822 τὰ
1771 769 1828 821 ἐν

226 861 433 923 αὑταῖς
460 861 645 931 ἔρημα
683 859 845 911 πάλιν
869 859 944 922 ὡς
965 859 1031 912 τὰ
1052 860 1329 931 ἀπ’ἀρχῆς
1356 862 1635 931 συστῆναι.
1670 860 1830 913 Ἀλλὰ

227 955 328 1005 καὶ
373 953 475 1023 τὴν
507 952 820 1016 πολυθεῖαν,
854 953 951 1022 τῆς
993 952 1192 1015 κακίας
1227 953 1459 1006 ἄϐυσσον
1493 952 1829 1025 ὀνομαζομέ-

224 1064 355 1116 νην,
402 1045 609 1116 ἔρημον
637 1047 983 1115 καταστήσω,
1020 1044 1112 1096 καὶ
1138 1046 1265 1107 τοὺς
1296 1046 1572 1115 ποταμοὺς
1610 1046 1708 1115 τῆς
1733 1062 1830 1097 πο-

225 1138 463 1201 λυθεῖας
511 1136 621 1189 τῶν
654 1136 928 1205 πολεμίων
982 1135 1336 1207 ἁποξηρανῶ·
1368 1138 1442 1200 ὼς
1501 1137 1695 1207 μηκέτι
1730 1136 1829 1208 τὴν

227 1228 543 1282 Βαϐυλῶνα
573 1227 855 1296 συστῆναι,
891 1228 1027 1296 μήτε
1056 1227 1180 1289 τοὺς
1204 1230 1481 1298 ποταμοὺς
1505 1230 1673 1298 αὐτῆς
1704 1230 1828 1291 τοὺς

230 1320 418 1374 πολλὰ
440 1319 836 1390 δεδυνημένους
868 1320 926 1371 ἐν
974 1317 1233 1389 πλήθεσιν
1269 1321 1526 1390 ἰσχυροῖς.
1557 1321 1740 1374 Ταῦτα
1772 1320 1828 1373 δὲ

229 1415 422 1468 πάντα
442 1414 656 1482 ποιήσω
690 1410 918 1481 διακόνῳ
933 1410 1275 1482 χρησάμενος
1300 1411 1453 1483 ἀνδρὶ
1486 1412 1577 1465 τοῦ
1603 1412 1827 1484 Περσῶν

227 1508 432 1575 γένους
454 1503 859 1574 βεϐασιλευκότι
882 1502 1099 1572 πρώτῳ.
1130 1501 1259 1555 Εἰδὲ
1286 1503 1389 1573 χρὴ
1412 1504 1505 1556 καὶ
1524 1503 1608 1556 ἐπ’
1631 1504 1828 1573 ὀνόμα-

227 1615 324 1659 τος
344 1594 727 1666 προφητεῦσαι
748 1592 935 1645 τούτου
949 1594 1045 1664 τὴν
1060 1592 1449 1663 προσηγορίαν,
1466 1592 1645 1662 Κῦρος
1659 1592 1827 1662 ὄνομα

227 1691 310 1761 τῷ
360 1688 765 1757 θεσπιζομένῳ,
810 1686 869 1738 ὃν
914 1690 1291 1757 προστήσομαι
1335 1685 1442 1738 τῶν
1476 1686 1624 1756 ἐμῶν
1654 1686 1827 1754 λόγων

229 1777 550 1847 ὑπηρέτην,
586 1774 849 1844 φρόνησιν
892 1773 1040 1843 αὐτῷ
1077 1773 1461 1845 δωρησάμενος
1504 1774 1722 1845 εὐσεϐῆ,
1752 1775 1827 1839 ῶς

1930 586 2347 644 restaurandam
2400 593 2715 639 curaturum
2748 598 2911 649 esse;
2952 583 3025 636 ita
3074 592 3130 634 ut
3182 579 3384 635 Iudaea:
3415 598 3509 635 ur-

1928 682 2023 737 bes
2051 679 2380 742 incolantnr,
2413 687 2466 733 et
2492 692 2616 745 qua:
2648 676 2700 729 in
2736 675 2844 729 illis
2878 675 3093 729 deserta
3124 674 3363 739 fuerant,
3404 675 3508 729 ite-

1928 790 2046 829 rum
2092 783 2149 827 ut
2202 788 2231 826 a
2286 770 2558 839 principio
2590 768 2968 823 constituenda
3004 768 3134 821 sint.
3164 766 3304 833 Quin
3340 766 3505 819 etiam

1928 868 2148 920 deorum
2193 862 2649 932 mnltiplicitalem
2675 901 2689 925 ,
2715 876 2835 929 qua:
2882 861 3107 929 abyssus
3138 859 3357 912 malitize
3412 874 3507 911 vo-

1928 956 2404 1023 catur,dcsertam
2453 953 2672 1017 faciam,
2727 967 2790 1006 ac
2852 949 3076 1003 flumina
3135 951 3507 1020 multiplicita-

1931 1051 1998 1104 tis
2031 1052 2253 1102 deorum
2285 1087 2299 1111 ,
2345 1061 2466 1115 quae
2511 1059 2677 1114 penes
2718 1043 2970 1097 inimicos
2999 1052 3121 1109 est,
3168 1044 3502 1107 arefaciam;

1929 1142 2000 1195 ita
2032 1150 2089 1193 nt
2119 1138 2359 1209 Babylon
2394 1154 2499 1191 non
2536 1136 2677 1190 ultra
2731 1136 3017 1200 consistat,
3060 1135 3153 1189 sed
3186 1150 3362 1204 neque
3408 1134 3507 1187 ﬂu-

1928 1233 2072 1285 mina
2112 1230 2270 1295 ejus,
2318 1230 2367 1283 vi
2404 1229 2765 1283 multitudinis
2797 1228 3025 1281 multum
3064 1227 3316 1281 valentia.
3384 1227 3508 1281 ΙΙωο

1927 1339 2092 1393 porro
2122 1323 2303 1377 omnia
2340 1337 2597 1391 peragam
2636 1320 2889 1374 ministro
2921 1329 3079 1372 utens
3105 1316 3248 1380 viro,
3276 1317 3366 1387 qui
3396 1319 3509 1387 pri-

1929 1431 2047 1469 mus
2094 1414 2378 1469 Persarum
2409 1428 2502 1468 rex
2535 1413 2659 1467 erit.
2695 1412 2848 1478 Quod
2900 1412 2945 1467 si
2996 1426 3133 1480 Opus
3185 1411 3258 1465 sit
3310 1425 3507 1468 nomen

1927 1509 2043 1575 ejus
2070 1507 2380 1577 prophetice
2430 1506 2743 1574 significare
2770 1545 2785 1571 ,
2831 1504 3005 1576 Cyrus
3037 1503 3395 1572 appellabitur
3440 1503 3504 1567 is,

1928 1602 2020 1670 qui
2074 1601 2128 1653 in
2177 1598 2433 1653 vaticinio
2483 1598 2678 1661 fertur,
2713 1612 2873 1666 quem
2916 1597 3209 1651 verborum
3260 1611 3509 1651 meorum

1930 1695 2239 1747 ministrum
2271 1692 2597 1746 constituam
2631 1706 2644 1756 ;
2674 1690 2816 1759 piam
2846 1688 2947 1758 ipsi
2993 1697 3227 1742 mentem
3274 1687 3465 1741 indens
3496 1729 3510 1751 ,

1928 1796 1989 1840 ut
2022 1786 2152 1839 mihi
2192 1784 2389 1853 placita
2445 1783 2627 1837 omnia
2680 1791 3037 1850 exsequatur,
3088 1796 3153 1834 ac
3204 1780 3507 1835 Jerusalem

233 1870 424 1922 πάντα
458 1868 529 1920 τὰ
552 1866 871 1937 καταθύμιά
904 1884 993 1937 μοι
1024 1867 1248 1935 ποιῆσαι
1274 1866 1368 1919 καὶ
1395 1867 1693 1934 προστάξαι
1727 1868 1825 1939 τὴν

1949 1881 2106 1932 obeat
2156 1876 2425 1941 excitari,
2481 1874 2853 1945 templumque
2900 1873 3018 1943 ejus
3066 1889 3096 1927 a
3142 1872 3513 1930 fundamentis

243 1957 613 2029 Ἰερουσαλὴμ
632 1956 1070 2027 οἰκοδομηθῆναι,
1103 1958 1196 2009 καὶ
1227 1956 1316 2009 τὸν
1342 1956 1477 2009 νεὼν
1501 1956 1592 2010 τὸν
1611 1960 1667 2010 ἐν
1687 1959 1824 2029 αὐτῇ

237 2048 667 2119 θεμελιωθῆναι.

747 2117 1144 2175 ΚΕΦΑΛΑΙΟΝ
1182 2119 1314 2172 ME'.

313 2230 333 2261 ‹
372 2210 536 2262 Οὕτω
563 2210 710 2279 λέγει
740 2211 943 2282 Κύριος
971 2213 999 2263 6
1030 2210 1161 2274 Θεὸς
1207 2210 1282 2281 τῷ
1332 2212 1536 2283 χριστῷ
1572 2230 1671 2284 μου
1716 2212 1829 2265 Κύ-

237 2319 340 2373 ρῳ,
394 2294 460 2353 οῦ
508 2302 790 2373 ἐκράτησα
828 2304 926 2373 τῆς
972 2303 1150 2369 δεξιᾶς
1189 2304 1490 2357 ἐπακοῦσαι
1520 2304 1828 2376 ἔμπροσθεν

234 2394 412 2449 αὑτοῦ
445 2394 598 2465 ἔθνη,
651 2397 745 2448 καὶ
782 2397 935 2466 ἰσχὺν
964 2396 1227 2466 βασιλέων
1257 2396 1549 2469 διαρρήξω.
1608 2396 1829 2462 Ἀνοίξω

236 2488 559 2560 ἔμπροσθεν
586 2486 749 2541 αὑτοῦ
779 2488 967 2559 θύρας,
1014 2491 1107 2542 καί
1152 2489 1335 2551 πόλεις
1381 2490 1441 2542 ού
1494 2490 1831 2557 συγκλείσον-

238 2598 353 2634 ται.
403 2599 423 2632 ι
479 2579 709 2648 Ἀγαθὸν
746 2579 801 2631 δὲ
843 2580 1121 2650 ὑπηρέτην
1148 2581 1248 2649 τῆς
1277 2580 1415 2649 ἐμῆς
1452 2578 1643 2650 βουλῆς
1673 2574 1829 2651 εὗρον

232 2675 329 2727 τὸν
354 2672 777 2744 προδηλωθέντα
800 2673 984 2745 ἄνδρα·
1011 2671 1259 2725 ἐντεῦθεν
1293 2673 1392 2742 ἤδη
1422 2674 1830 2744 ἐπαγγέλλομαι

237 2763 545 2831 κρατήσειν
584 2761 749 2813 αὐτοῦ
784 2761 884 2831 τῆς
922 2760 1120 2825 δεξιᾶς,
1158 2763 1293 2831 πρὸς
1334 2762 1395 2814 τὸ
1437 2762 1512 2833 μὴ
1560 2766 1832 2835 παρατρέ-

238 2851 467 2915 πεσθαι,
501 2851 637 2920 μηδέ
674 2851 923 2903 νικᾶσθαι
971 2851 1075 2902 ὑπό
1116 2867 1261 2913 τινος
1308 2851 1637 2923 κρείττονος.
1670 2853 1831 2907 Ὑπο-

237 2945 432 2997 τάσσω
465 2943 523 2995 δὲ
563 2942 711 3013 αὐτῷ
753 2942 977 2995 πλεῖστα
1035 2943 1133 2995 ὅσα
1166 2943 1223 2994 ἐν
1253 2945 1367 3005 τοῖς
1418 2942 1623 3006 λοιποῖς
1655 2942 1832 2995 ἔθνεσι

243 3035 647 3105 βασιλευόντων
671 3052 683 3063 ·
709 3035 775 3087 δι’
803 3034 966 3087 αὑτοῦ
982 3034 1037 3087 δὲ
1057 3034 1154 3104 τὴν
1185 3034 1335 3103 ἰσχὺν
1352 3034 1626 3105 διαῤῥήξω
1652 3034 1833 3105 πάσης

239 3128 338 3198 τῆς
372 3127 432 3178 ἐν
466 3129 581 3189 τοῖς
612 3125 817 3189 λοιποῖς
839 3125 1013 3178 ἔθνεσι
1040 3124 1356 3187 δυναστείας
1377 3140 1389 3153 ’
1430 3124 1606 3179 πάντα
1630 3125 1686 3177 δὲ
1716 3126 1833 3178 λεῖα

1932 1971 2163 2026 exstrui.

2500 2122 2732 2181 CAPUT
2772 2120 2935 2177 XLV.

1998 2222 2161 2277 Vens.
2198 2221 2246 2276 ι.
2283 2240 2301 2272 ι
2337 2218 2430 2276 Sic
2465 2219 2595 2273 dicit
2647 2217 2910 2272 Dominus
2954 2214 3098 2271 Deus
3145 2214 3357 2269 christo
3392 2228 3513 2267 meo

1927 2316 2093 2388 Cyro,
2163 2313 2317 2381 cujus
2368 2310 2706 2382 apprehendi
2759 2310 3065 2373 dexteram,
3119 2318 3177 2362 ut
3226 2307 3510 2375 subjiciam

1929 2420 2053 2463 ante
2084 2406 2274 2460 faciem
2326 2404 2443 2473 ejus
2485 2413 2696 2474 gentes,
2731 2410 2787 2456 et
2829 2401 2974 2455 vires
3012 2414 3197 2469 regum
3245 2398 3512 2467 frangam.

1929 2501 2182 2569 Aperiam
2218 2514 2405 2553 coram
2436 2511 2501 2550 eo
2533 2504 2740 2565 portas,
2795 2504 2851 2548 et
2902 2493 3068 2546 urbes
3104 2506 3209 2545 non
3253 2490 3514 2545 clauden-

1933 2605 2038 2649 tur.
2072 2612 2089 2644 ι
2128 2592 2335 2646 Bonum
2374 2597 2557 2643 autem
2591 2585 2805 2641 consilii
2843 2585 2948 2638 mei
2986 2583 3292 2637 ministrum
3332 2578 3515 2634 inveni

1931 2696 2293 2741 memoratum
2322 2684 2536 2735 virum:
2568 2678 2680 2750 jam
2730 2679 2858 2732 hinc
2890 2676 3151 2747 polliceor
3196 2688 3283 2727 me
3322 2672 3516 2726 dexte-

1933 2794 2047 2833 ram
2084 2778 2200 2847 ejus
2250 2775 2717 2843 apprehensurum
2766 2785 2909 2837 esse,
2969 2780 3028 2823 ut
3081 2774 3515 2825 nonevertatur,

1936 2886 2116 2940 neque
2142 2873 2447 2937 'superetur
2502 2880 2531 2918 a
2590 2863 2848 2933 quopiam
2920 2860 3166 2914 fortiore.
3224 2858 3329 2926 Ipsi
3385 2871 3517 2910 vero

1936 2963 2103 3018 multa
2147 2960 2433 3029 subjiciam
2484 2971 2553 3012 ex
2613 2970 2801 3025 regum
2864 2954 3094 3008 aliarum
3139 2950 3381 3020 gentium
3431 2948 3515 3001 di-

1938 3058 2082 3111 tione
2110 3072 2123 3107 :
2161 3067 2257 3121 per
2288 3051 2467 3118 ipsum
2504 3048 2631 3102 item
2662 3062 2877 3102 onmem
2911 3047 2962 3099 in
3002 3042 3228 3111 reliquis
3262 3041 3517 3109 gentibus

1937 3146 2235 3220 potentiam
2269 3142 2622 3213 perfringam,
2679 3141 2859 3193 omnia
2905 3138 3065 3208 plana
3102 3143 3157 3189 et
3204 3133 3386 3187 facilia
3420 3147 3516 3199 pa-

241 3220 337 3272 καὶ
369 3218 554 3289 ὁμαλὰ
584 3219 929 3290 καταστήσας
962 3217 1066 3289 πρὸ
1092 3216 1200 3270 τῶν
1230 3218 1392 3270 αὐτοῦ
1442 3218 1636 3282 ποδῶν,
1670 3218 1833 3289 θύρας

1941 3199 2095 3220 τνκ-κκ
2154 3199 2161 3200 κ
2270 3199 2285 3213 .
2480 3199 2508 3209 ν
2609 3199 2620 3206 .
2906 3199 2921 3208 .

1941 3254 2071 3296 rans
2097 3246 2223 3290 ante
2253 3232 2421 3303 pedes
2454 3228 2571 3296 ejus
2597 3248 2609 3283 :
2643 3239 2828 3298 portas
2853 3228 3091 3291 urbium,
3111 3235 3165 3281 et
3204 3225 3350 3292 ipsas
3380 3223 3517 3275 inte-

242 3312 481 3373 πόλεων,
518 3310 613 3362 καί
632 3308 801 3372 αὑτὰς
828 3308 954 3371 ὅλας
984 3308 1081 3371 τὰς
1110 3308 1292 3372 πόλεις
1322 3308 1666 3380 ὑποχειρίους
1688 3310 1836 3381 αὐτῷ

245 3399 569 3473 παραδώσω
587 3416 601 3430 ⁸
636 3402 711 3462 ὡς
737 3399 1007 3470 μηδεμίαν
1032 3399 1282 3453 ἐναντίαν
1306 3400 1455 3469 αὐτῷ
1489 3399 1760 3467 γενέσθαι.

319 3533 339 3563 ε
378 3510 525 3579 Ἐγὼ
559 3509 866 3580 ἔμπροσθέν
894 3526 987 3561 σου
1032 3507 1395 3578 πορεύσομαι,
1444 3508 1536 3560 καὶ
1567 3507 1675 3578 ὅρη
1707 3511 1838 3577 ὁμα-

242 3606 345 3657 λιῶ
367 3621 381 3633 ·
416 3604 589 3675 θύρας
630 3603 835 3672 χαλκᾶς
868 3600 1163 3671 συντρίψω,
1200 3600 1294 3651 καὶ
1316 3598 1546 3669 μοχλοὺς
1585 3600 1837 3671 σιδηροῦς

248 3695 565 3763 συγκλάσω.
612 3712 629 3744 ι
663 3694 771 3747 Καὶ
806 3694 947 3745 εἴποι
989 3691 1033 3742 δ’
1059 3689 1125 3742 ἄν
1156 3707 1240 3753 τις
1267 3689 1333 3742 τὰ
1372 3688 1514 3743 κατὰ
1539 3690 1630 3742 τὸν
1676 3692 1839 3760 Ζορο-

245 3788 443 3853 ϐἁὸελ,
478 3787 512 3857 ἦ
556 3786 696 3839 κατὰ
743 3786 924 3856 Κῦρον
971 3786 1259 3857 ἰστορικῶς
1292 3784 1579 3854 γενόμενα,
1623 3784 1838 3847 εἰκόνας

249 3881 351 3934 καὶ
379 3877 629 3949 σύμϐολα
646 3878 921 3949 περιέχειν
948 3877 1045 3947 τῆς
1075 3876 1331 3945 ἀληθείας
1349 3891 1363 3905 ·
1394 3874 1462 3927 τὰ
1489 3874 1546 3927 δέ
1578 3878 1719 3927 κατὰ
1746 3877 1837 3928 τὸν

248 3970 434 4040 ἀληθῆ
469 3968 672 4040 Κύριον
712 3969 805 4021 καὶ
845 3968 1078 4037 Χριστὸν
1121 3964 1502 4036 πνευματικῶς
1546 3966 1836 4037 πεπληρῶ-

250 4064 380 4117 σθαι
400 4079 414 4092 ·
447 4063 522 4124 ὡς
556 4062 641 4113 ἐπ’
675 4060 837 4113 αὐτὸν
878 4058 1076 4130 μᾶλλον
1118 4056 1402 4128 ἀληθεύειν
1428 4057 1518 4109 τὸν
1556 4056 1713 4126 λόγον
1746 4059 1836 4111 τὸν

249 4158 549 4227 φήσαντα·
598 4174 615 4205 ι
670 4153 809 4205 Τάδε
863 4152 1010 4220 λέγει
1072 4149 1275 4219 Κύριος
1340 4148 1417 4219 τῷ
1468 4150 1673 4220 χριστῷ
1735 4167 1836 4219 μου

248 4248 447 4318 Κύρῳ.
473 4244 662 4298 »Κατὰ
700 4244 808 4315 γὰρ
838 4245 937 4314 τὴν
968 4242 1255 4314 πρόχειρον
1279 4240 1422 4306 λέξιν
1458 4239 1579 4293 οὔτε
1606 4239 1838 4311 Χριστὸς

248 4344 331 4397 ῶν
354 4341 453 4394 τοῦ
483 4340 617 4393 Θεοῦ
637 4340 884 4409 φαίνεται
906 4340 933 4391 ὁ
959 4339 1183 4409 Περσῶν
1210 4336 1461 4407 βασιλεὺς
1481 4336 1839 4407 οἰκοδομήσας

246 4440 355 4508 τὴν
402 4434 794 4506 Ἰερουσαλήμ
841 4431 955 4485 ἀλλ’
993 4432 1112 4485 οὐδὲ
1161 4430 1297 4492 ὅλως
1337 4427 1477 4480 κατὰ
1523 4427 1618 4498 τὴν
1674 4427 1837 4481 αὐτοῦ

1938 3348 2068 3404 gras
2099 3329 2261 3385 urbes
2292 3326 2344 3379 in
2375 3338 2565 3378 manus
2589 3323 2705 3392 ejus
2742 3324 2950 3377 tradam
2982 3337 2998 3387 ;
3032 3320 3103 3374 ita
3135 3327 3192 3372 ut
3234 3315 3381 3371 nulla
3416 3315 3516 3383 ipsi

1938 3430 2278 3482 adversetur.

2012 3521 2173 3575 Vens.
2207 3519 2261 3573 2.
2320 3535 2340 3570 ι
2377 3518 2490 3587 Ego
2524 3520 2649 3568 ante
2686 3518 2737 3562 te
2782 3504 2892 3567 ibo,
2929 3511 2983 3556 et
3017 3508 3230 3554 montes
3275 3494 3517 3564 compla-

1939 3615 2119 3668 nabo:
2151 3620 2335 3680 portas
2365 3623 2537 3664 aereas
2565 3614 2869 3662 conteram,
2900 3606 2953 3651 et
2970 3603 3152 3649 vectes
3168 3592 3374 3645 ferreos
3396 3604 3522 3642 con-

1939 3706 2196 3775 fringam.
2225 3724 2244 3756 ι
2275 3703 2485 3757 Dixerit
2519 3696 2788 3769 quispiam
2817 3706 2902 3753 ea,
2936 3704 3057 3759 qum
3091 3696 3333 3754 tempore
3354 3682 3519 3737 Zoro-

1939 3798 2169 3863 babelis,
2215 3795 2300 3850 vel
2350 3794 2503 3866 Cyri,
2562 3788 2705 3860 quod
2759 3786 2825 3839 ad
2870 3780 3151 3837 historiam
3185 3786 3335 3847 gesta
3372 3783 3518 3835 sunt,

1939 3889 2204 3959 imagines
2233 3895 2287 3940 et
2314 3883 2555 3956 symbola
2609 3879 2857 3934 veritatis
2887 3872 3175 3943 complecti
3206 3887 3220 3936 ;
3266 3883 3385 3937 qua:
3424 3882 3520 3920 au-

1941 3990 2044 4035 lem
2093 3978 2159 4032 ad
2209 3976 2325 4031 veri
2388 3973 2599 4028 Domini
2632 3982 2687 4026 et
2728 3968 2932 4022 Christi
2982 3974 3196 4033 tempus
3247 3970 3517 4029 spectant,

1939 4069 2291 4141 spiritualiter
2340 4066 2561 4135 impleta
2613 4065 2818 4126 fuisse;
2857 4060 2927 4112 ita
2979 4066 3038 4111 ut
3082 4057 3134 4110 in
3190 4056 3306 4123 ipso
3350 4055 3521 4121 magis

1941 4179 2100 4219 verus
2153 4160 2590 4231 deprehendatur
2635 4169 2838 4217 sermo,
2889 4151 2981 4221 qui
3033 4150 3129 4212 ait,
3167 4165 3184 4196 ι
3226 4145 3346 4198 llaec
3390 4144 3521 4197 dicit

1942 4256 2201 4312 Dominus
2244 4253 2452 4307 christo
2488 4264 2608 4303 meo
2643 4248 2807 4317 Cyro.
2844 4264 2862 4296 ι
2918 4242 3050 4296 Nam
3086 4238 3381 4294 secundum
3424 4237 3520 4288 ob-

1940 4352 2081 4405 viam
2104 4348 2419 4409 dictionem,
2460 4356 2635 4412 neque
2682 4339 2925 4394 Christus
2976 4333 3069 4387 Dei
3118 4331 3332 4387 videtur
3356 4327 3522 4381 fuisse

1944 4444 2230 4497 Persarum
2270 4438 2359 4493 ille
2400 4452 2522 4499 rex,
2565 4434 2657 4503 qui
2707 4429 3143 4499 Hierosolymam
3194 4422 3519 4481 construxit,

250 4528 407 4596 ζωὴν
440 4524 716 4596 προύκοψε
758 4524 853 4594 τῆς
885 4522 1173 4593 οἰκοδομῆς
1218 4521 1277 4574 τὸ
1315 4520 1501 4590 ἔργον·
1549 4520 1706 4590 μόνον
1731 4519 1833 4591 γὰρ

1948 4549 2125 4605 neque
2158 4531 2448 4586 admodum
2481 4528 2597 4596 ipso
2629 4526 2847 4579 vivente
2895 4528 3201 4590 promotum
3242 4526 3325 4570 est
3355 4515 3524 4568 a'difi-

249 4618 495 4690 ῆρξαντο
542 4616 652 4668 τῶν
687 4614 951 4685 θεμελίων
1002 4613 1140 4666 κατὰ
1184 4614 1308 4675 τοὺς
1352 4611 1550 4673 αὐτοὺς
1582 4611 1840 4681 χρόνους·

251 4708 358 4763 εἰτ’
395 4703 875 4776 ἐπισχεθέντοςτοῦ
902 4702 1086 4773 ἔργου,
1115 4702 1380 4767 διέμεινεν
1407 4700 1610 4771 ἕρημος
1634 4704 1662 4753 6
1682 4700 1845 4763 τόπος

256 4802 425 4873 μέχρι
446 4801 543 4868 τῆς
576 4798 803 4868 Δαρείου
841 4795 1132 4865 βασιλείας.
1171 4794 1282 4846 Καὶ
1314 4792 1383 4846 τὰ
1418 4794 1543 4863 ἐξῆς
1578 4793 1634 4845 δὲ
1666 4794 1846 4845 ἐπιλε-

254 4892 467 4960 γόμενα
500 4888 697 4959 μᾶλλον
726 4887 803 4957 τῷ
830 4884 1103 4956 Χριστῷῆ
1139 4884 1215 4955 τῷ
1240 4884 1349 4937 τῶν
1376 4884 1604 4955 Περσῶν
1634 4884 1845 4953 βασιλεῖ

254 4980 625 5051 ἐφαρμόσειεν
664 4978 727 5032 ἄν
749 4996 762 5009 ’
796 4978 890 5031 καὶ
930 4978 1127 5048 μᾶλλον
1161 4976 1237 5047 τῷ
1276 4976 1528 5047 ἡμετέρῳ
1572 4977 1841 5048 Σωτῆριῆ

254 5072 335 5144 τῷ
367 5070 690 5142 Ζοροϐάϐελ.

342 5207 359 5237 ι
411 5187 521 5237 Καὶ
553 5183 709 5237 δώσω
748 5201 828 5237 σοι
869 5182 1174 5253 θησαυροὺς
1224 5182 1552 5246 σκοτεινοῦς,
1603 5182 1846 5253 ἀποκρύ-

260 5293 418 5346 φους,
454 5274 714 5344 ἀοράτους,
756 5270 949 5335 ἁνοίξω
990 5287 1099 5323 σοι·
1137 5270 1225 5322 ἵνα
1268 5269 1430 5340 γνῷς,
1466 5270 1549 5321 ὅτι
1588 5268 1699 5336 ἐγὼ
1729 5268 1843 5320 Κύ-

265 5386 378 5441 ριος
419 5369 447 5419 6
485 5366 617 5428 θεός
670 5381 799 5427 σου,
845 5366 873 5417 ὁ
924 5363 1104 5416 καλῶν
1146 5364 1207 5415 τὸ
1259 5363 1430 5433 ὄνομά
1479 5380 1593 5426 σου,
1642 5365 1670 5415 ὁ
1711 5362 1842 5425 Θεὸς

275 5458 513 5529 Ἰσραήλ.
534 5457 755 5509 Ἕνεκεν
787 5454 881 5508 τοῦ
916 5456 1101 5519 παιδός
1126 5474 1225 5525 μου
1255 5455 1470 5519 Ἰακὼϐ,
1503 5456 1593 5508 καὶ
1627 5454 1843 5527 Ἰσραὴλ

264 5550 359 5603 τοῦ
400 5547 658 5602 ὲκλεκτοῦ
707 5564 829 5615 μου,
862 5545 972 5615 ἐγὼ
1000 5545 1217 5597 καλέσω
1256 5562 1316 5598 σε
1354 5545 1429 5617 τῷ
1467 5545 1688 5615 ὀνόματί
1716 5562 1841 5607 σου,

269 5644 363 5696 καὶ
398 5640 760 5715 προσδέξομαί
787 5656 876 5692 σε·
910 5640 973 5691 σὺ
1003 5638 1058 5691 δὲ
1097 5639 1197 5689 οὐκ
1230 5637 1399 5706 ἔγνως
1432 5656 1521 5708 με.
1555 5658 1573 5690 ι
1612 5638 1749 5701 Τούς
1785 5654 1844 5689 τε

269 5736 398 5787 εἵσω
450 5733 652 5787 τούτων
678 5730 1104 5802 ταμιευομένους
1139 5731 1463 5801 θησαυροὺς,
1496 5733 1717 5801 ἀφανεῖς
1754 5730 1845 5784 καὶ

274 5827 537 5898 ἀοράτως
569 5827 677 5887 τοῖς
712 5823 994 5895 προτέροις
1039 5822 1313 5892 βασιλεῦσι
1341 5823 1679 5894 πενομένους,
1714 5824 1842 5878 ἀνα-

1942 4630 2106 4689 einm,
2137 4625 2493 4679 fundamenta
2524 4620 2726 4690 quippe
2760 4626 2970 4672 tantum
3019 4611 3139 4681 ejus
3181 4625 3295 4665 αξνο
3321 4623 3523 4678 ponere

1943 4728 2228 4790 creperum
2259 4738 2270 4772 :
2309 4716 2525 4776 deinde,
2558 4711 2802 4767 cohibito
2860 4722 3045 4777 opere,
3083 4710 3332 4757 desertus
3377 4700 3525 4754 locus

1944 4811 2145 4865 mansit
2173 4823 2345 4877 usque
2375 4807 2440 4861 ad
2482 4805 2631 4858 Darii
2660 4817 2907 4872 regnum.
2946 4799 3075 4865 Quae
3106 4812 3235 4849 vero
3262 4799 3363 4848 sub
3411 4795 3525 4846 ha-e

1944 4904 2212 4967 fernntnr,
2239 4901 2459 4956 Christo
2492 4899 2672 4967 aptius
2706 4911 2867 4965 quam
2904 4892 3192 4945 Persarum
3228 4887 3337 4953 regi
3372 4900 3520 4938 com-

1947 5004 2176 5064 petant:
2210 4994 2490 5061 magisone
2517 4989 2797 5046 Servatori
2833 4995 3039 5048 nostro,
3084 4998 3248 5051 quam
3283 4979 3523 5032 Zoroba-

1946 5088 2073 5142 beli.

2021 5180 2182 5235 Vens.
2219 5181 2271 5234 5.
2325 5198 2343 5231 ι
2398 5178 2462 5231 Et
2500 5177 2638 5230 dabo
2688 5174 2783 5229 tibi
2825 5173 3113 5227 thesauros
3157 5164 3522 5227 absconditos,

1945 5272 2197 5337 latentes,
2232 5271 2473 5326 occultos
2514 5270 2609 5322 tibi
2646 5268 2885 5337 aperiam
2915 5283 2928 5331 ;
2966 5274 3024 5316 ut
3055 5259 3523 5331 cognoscas,quia

1948 5380 2049 5432 ego
2096 5364 2350 5417 Dominus
2385 5363 2524 5416 Deus
2577 5370 2720 5422 tnns,
2763 5358 2856 5427 qui
2913 5370 3047 5408 voco
3102 5368 3295 5407 nomen
3352 5362 3524 5416 tuum,

1952 5455 2299 5512 Deus'lsrael
2332 5474 2343 5509 :
2392 5464 2615 5524 propter
2658 5467 2883 5522 puerum
2928 5464 3104 5501 meum
3129 5446 3317 5513 Jacob,
3358 5453 3413 5499 et
3448 5443 3524 5497 ls—

1951 5548 2061 5603 rael
2095 5548 2327 5602 eleCtum
2369 5562 2569 5607 meum,
2602 5560 2702 5614 ego
2735 5542 2943 5598 vocabo
2980 5552 3032 5595 te
3069 5542 3288 5595 nomine
3336 5549 3450 5601 tuo,
3473 5548 3527 5592 et

1949 5641 2210 5709 accipiam
2240 5649 2311 5694 te.
2355 5638 2433 5692 Tu
2465 5648 2647 5691 autem
2686 5651 2791 5690 non
2830 5634 3131 5705 cognovisti
3167 5649 3271 5687 me.
3301 5649 3323 5684 ι
3380 5632 3524 5684 Intra

1949 5735 2110 5789 urbes
2137 5733 2445 5787 reconditos
2479 5732 2780 5793 thesauros,
2814 5730 3041 5783 latentes
3090 5727 3209 5783 illos
3249 5741 3303 5782 ei
3355 5724 3527 5779 occul-
3594 5770 3595 5773 η

1951 5836 2052 5893 tos,
2090 5826 2331 5898 pristinis
2365 5822 2583 5894 regibus
2612 5821 2981 5889 absconditos,
3024 5820 3259 5890 aperiam
3286 5819 3411 5885 tibi;
3466 5827 3525 5868 ut
