3968 6508
434 409 536 469 ιιι

1112 399 1378 456 EUSEBII
1417 397 1891 456 CASSARIENSIS
1927 400 2082 456 OPP.
2124 398 2304 457 PARS
2339 398 2430 455 lil.
2470 430 2538 441 —
2576 396 2991 455 EXEGETICA.

3584 393 3702 455 4l2

436 525 573 597 ipsis
595 521 852 595 operibus
879 518 1111 584 ediscas,
1134 517 1261 589 quis
1305 531 1406 587 ego
1443 517 1570 583 sim,
1623 519 1715 587 qui
1764 530 1892 574 ante
1936 527 2014 575 tot

2130 520 2338 574 πετάσω
2368 535 2450 574 σοι
2526 517 2603 582 ὡς
2635 517 2701 572 ἂν
2728 517 2911 581 αὐτοῖς
2933 515 3114 587 ἔργοις
3147 513 3337 586 μάθοις
3370 516 3516 579 ὅστις
3562 517 3704 572 ποτὲ

438 613 978 694 annosipsisslmum
1029 624 1231 664 nomen
1284 619 1435 665 tuum
1492 611 1829 680 propheticis
1863 610 2014 667 seri-

440 706 622 779 pluris
665 703 822 767 meis,
854 701 1016 772 quasi
1047 701 1224 772 cippis
1262 703 1506 766 aeternis,
1550 703 1830 774 insculpsi.
1882 703 2014 759 Sum

438 807 623 867 autem
675 793 819 848 Deus
875 790 1070 858 Israel,
1126 791 1270 862 quod
1323 806 1390 846 ne
1433 791 1651 861 ignores
1707 801 1946 863 oportet.
1983 807 2018 849 ο

437 886 619 959 Cyre:
661 882 846 940 omnia
885 882 1088 955 quippe
1134 881 1252 951 jam
1304 882 1576 939 recensita
1624 886 1848 960 tradam,
1873 885 2015 952 tibi;

437 993 545 1034 non
583 974 746 1031 aliam
778 973 849 1029 ob
891 989 1031 1041 rem,
1059 989 1222 1045 quam
1254 982 1480 1045 propter
1511 974 1768 1046 populum
1808 991 2016 1041 meum,

438 1083 601 1137 quem
638 1066 771 1122 mihi
797 1065 936 1136 elegi
973 1079 1038 1121 ex
1070 1064 1324 1122 omnibus
1353 1065 1632 1137 gentibus,
1661 1066 1809 1136 quod
1834 1075 2024 1138 patres

437 1174 629 1215 eorum
669 1158 725 1213 in
752 1158 930 1228 pretio
959 1157 1214 1214 habeam.

511 1341 680 1397 Vsus.
710 1340 829 1397 5-7.
900 1358 921 1393 ι
977 1340 1241 1409 Quoniam
1298 1355 1401 1412 ego
1454 1340 1718 1396 Dominus
1767 1341 1931 1407 Deus,
1965 1350 2021 1398 et

444 1451 550 1492 non
584 1446 670 1492 est
716 1435 858 1491 alius
893 1436 1036 1491 Deus
1070 1446 1267 1507 praeter
1313 1452 1418 1490 me.
1452 1436 1810 1491 Corroboravi
1851 1446 1924 1502 te,
1965 1447 2020 1491 et

442 1547 550 1586 non
576 1529 874 1602 cognovisti
896 1545 982 1585 me
1011 1545 1025 1595 ;
1055 1539 1113 1582 ut
1137 1539 1468 1599 cognoscant
1497 1530 1587 1598 qui
1615 1530 1683 1585 ab
1710 1538 1832 1584 ortu
1861 1528 2017 1593 solis,

442 1633 500 1679 et
521 1624 615 1695 qui
655 1624 723 1678 ab
752 1637 972 1689 occasu,
1006 1623 1133 1693 quia
1195 1640 1302 1678 non
1361 1635 1447 1678 est
1495 1622 1638 1677 Deus
1675 1633 1872 1694 praeter
1913 1639 2017 1676 me.

443 1714 556 1786 Ego
588 1714 846 1771 Dominus
876 1716 1038 1783 Deus,
1064 1725 1119 1771 et
1153 1733 1258 1771 non
1292 1727 1378 1773 est
1428 1725 1717 1786 praeterea.
1774 1717 1884 1784 Ego
1928 1716 2020 1786 qui

441 1808 735 1877 praparavi
778 1806 973 1871 lucem,
1004 1818 1060 1863 et
1080 1809 1170 1878 qui
1201 1809 1301 1865 feci
1332 1810 1604 1875 tenebras,
1635 1811 1725 1880 qui
1760 1810 1900 1865 facio
1922 1824 2021 1879 pa-

443 1915 584 1967 cem,
619 1909 674 1954 et
701 1915 828 1956 creo
854 1901 1018 1958 mala.
1064 1902 1181 1973 Ego
1227 1903 1487 1958 Dominus
1540 1903 1702 1968 Deus,
1757 1903 1847 1972 qui
1876 1901 2018 1957 facio

2130 1898 2273 1963 Θεὸς,
2308 1900 2336 1952 6
2358 1899 2528 1953 ποιῶν
2561 1899 2739 1953 πάντα
2760 1898 2953 1951 ταῦτα.
2997 1918 3015 1951 ι
3058 1897 3146 1963 Ἐξ
3172 1897 3350 1952 αὐτῶν
3370 1896 3480 1969 γὰρ
3501 1895 3719 1951 τούτων
3818 1926 3825 1937 ο

443 1992 558 2049 haec
583 1995 786 2051 omnia.
812 2013 831 2047 ι
872 1995 948 2049 Ex
979 1995 1066 2051 his
1088 1995 1219 2064 ipsis
1245 1996 1499 2065 operibus
1539 1995 1786 2051 ediscent
1819 2010 1837 2061 ;
1892 2009 2015 2048 cum

440 2087 587 2142 enim
616 2101 888 2145 aerumnas
909 2087 1106 2158 popqu
1130 2101 1252 2142 meo
1273 2088 1341 2143 ad
1369 2087 1783 2143 conversionem
1816 2096 1870 2140 et
1899 2086 2014 2140 dis-

444 2180 705 2250 ciplinam
762 2180 1011 2251 inﬂigere
1057 2196 1194 2251 Opus
1231 2189 1373 2245 erat,
1425 2180 1665 2235 inimicis
1701 2180 1876 2250 ipsum
1910 2189 2020 2233 tra-

442 2273 577 2340 didi,
608 2275 765 2345 quasi
798 2273 1035 2329 tenebris
1064 2283 1120 2329 et
1149 2274 1244 2327 ira:
1274 2272 1572 2344 impietatis
1594 2287 1762 2327 causa
1790 2271 2015 2326 dedens.

442 2363 578 2420 Cum
606 2375 786 2421 autem
819 2366 998 2421 denuo
1051 2380 1377 2421 conversum
1429 2373 1486 2420 et
1532 2366 1600 2420 ad
1651 2364 1931 2420 meliorem
1963 2378 2022 2417 se

444 2457 654 2531 frugem
675 2458 1049 2528 recipientem,
1078 2456 1342 2513 reducere
1368 2471 1505 2526 opus
1536 2464 1645 2521 est,
1675 2470 2023 2524 consequen—

442 2560 531 2606 ter
563 2550 717 2621 pacis
750 2551 1101 2620 omniumque
1158 2549 1423 2605 bonorum
1485 2548 1667 2602 lumen
1722 2546 1853 2618 ipsis
1889 2546 2035 2607 oriri

442 2652 678 2714 oportet.
719 2645 770 2698 Λ
817 2658 904 2699 me
933 2645 1133 2713 quippe
1186 2650 1242 2697 et
1286 2641 1464 2696 lumen
1495 2650 1550 2696 et
1575 2656 1695 2711 qua:
1727 2640 1795 2694 ad
1831 2653 2020 2710 pacem

444 2742 693 2805 spectant
723 2735 907 2793 omnia
938 2734 1465 2800 subministrantur;
1493 2732 1704 2800 judicio
1734 2734 1864 2789 item
1903 2749 2023 2788 meo

445 2827 582 2885 ultio
612 2842 830 2898 quoque
863 2828 1158 2883 inducitur.
1196 2828 1543 2897 Quapropter
1576 2828 1718 2881 hanc
1748 2845 1778 2880 ει
1813 2842 1899 2882 me
1921 2827 2021 2882 do-

442 2916 675 2973 ctrinam
700 2921 886 2986 accipe
916 2933 933 2985 ;
961 2932 1047 2973 me
1063 2916 1275 2972 scilicet
1301 2923 1357 2970 et
1383 2914 1525 2970 lucis
1562 2914 1922 2978 conditorem,
1967 2925 2023 2971 et
2050 2918 2058 2926 '

444 3007 596 3078 pacis
634 3007 947 3079 largitorem
989 3022 1132 3075 esse,
1176 3006 1541 3077 similiterque
1585 3007 1929 3087 tenebrarum
1967 3019 2024 3064 et

441 3111 631 3152 eorum
663 3113 784 3167 quae
814 3097 990 3153 tristia
1018 3105 1358 3167 reputantar,
1384 3092 1506 3167 qua:
1536 3112 1636 3167 pro
1668 3096 1826 3153 malis
1854 3112 2023 3167 penes

444 3185 645 3242 multos
684 3186 993 3241 habentur:
1028 3196 1086 3241 et
1116 3197 1297 3242 tamen
1326 3185 1521 3245 horum
1550 3196 1742 3243 auctor
1782 3202 1882 3258 ego
1913 3187 2021 3242 dici

2118 614 2232 684 εἰμι
2251 614 2280 666 6
2301 611 2407 684 πρὸ
2430 610 2699 664 τοσούτων
2718 609 2856 664 ἐτῶν
2876 607 3133 680 ὀνομαστὶ
3152 606 3251 679 τὴν
3286 606 3386 679 σὴν
3417 624 3704 680 προσηγο-

2118 705 2242 777 ρίαν
2273 708 2393 769 ταῖς
2424 705 2792 776 προφητικαῖς
2830 720 2931 774 μου
2955 703 3220 774 Γραφαῖς,
3257 700 3447 772 ὥσπερ
3474 702 3532 753 ἐν
3560 689 3707 774 στή-

2116 795 2238 861 λαις
2259 794 2519 859 αἰωνίοις,
2549 792 2879 866 ἐγχαράξας.
2906 793 3037 865 Εἰμὶ
3074 793 3130 846 δὲ
3163 794 3192 846 6
3221 790 3355 855 Θεὸς
3399 790 3636 864 Ἰσραὴλ,
3666 791 3707 847 ὃ

2119 890 2387 961 προσήκει
2421 890 2516 942 καὶ
2548 888 2608 941 σὲ
2639 888 2714 959 μὴ
2753 889 2998 956 ἀγνοεῖν,
3061 881 3107 941 ὦ
3146 884 3332 957 Κῦρε’
3368 885 3544 940 πάντα
3586 884 3707 958 γὰρ

2117 982 2188 1036 τὰ
2219 981 2584 1054 προλεχθέντα
2612 980 2909 1052 χαριοῦμαί
2941 999 3021 1034 σοι
3057 981 3118 1034 οὐ
3146 979 3235 1034 διά
3266 998 3319 1034 τι
3341 979 3550 1051 ἕτερον,
3582 980 3707 1033 ἀλλ’

2118 1075 2306 1129 ἕνεκεν
2354 1073 2448 1127 τοῦ
2496 1072 2632 1145 ἐμοῦ
2675 1072 2841 1138 λαοῦ,
2884 1074 2943 1127 ὃν
2994 1073 3217 1146 ἐμαυτῷ
3258 1071 3590 1145 ἐξελεξάμην
3638 1072 3708 1140 ἐξ

2118 1165 2375 1219 ἁπάντων
2406 1162 2517 1218 τῶν
2563 1163 2731 1233 ἐθνῶν
2763 1163 2851 1217 διὰ
2881 1162 2977 1235 τήν
3013 1163 3148 1236 πρὸς
3175 1163 3301 1228 τοὺς
3327 1163 3571 1235 πατέρας
3602 1163 3712 1217 αὐ-

2117 1254 2227 1309 τῶν
2254 1256 2438 1327 τιμήν.
3651 1251 3660 1261 ’

2198 1366 2218 1400 ι
2249 1347 2374 1403 Ὅτι
2407 1346 2518 1418 ἐγὼ
2535 1346 2752 1420 ,Κύριος
2776 1349 2804 1401 6
2831 1347 2982 1412 Θεὸς,
3025 1349 3119 1403 καὶ
3137 1350 3238 1402 οὐκ
3264 1348 3409 1403 ἐστιν
3436 1349 3517 1403 ἔτι
3560 1349 3715 1423 πλὴν

2123 1440 2260 1513 ἐμοῦ
2281 1442 2435 1506 Θεός.
2481 1441 2770 1512 Ἐνίσχυσά
2792 1459 2873 1504 σε,
2900 1442 2994 1495 καὶ
3008 1442 3107 1496 οὐκ
3127 1442 3273 1514 ᾕδεις
3291 1457 3378 1514 με’
3399 1444 3485 1496 ἵνα
3499 1443 3715 1512 γνῶσιν

2122 1535 2171 1587 οί
2203 1534 2297 1587 ἀπ’
2310 1532 2582 1587 ἀνατολῶν
2604 1533 2752 1604 ήλίου
2781 1535 2874 1587 καὶ
2896 1535 2944 1587 οί
2970 1534 3077 1587 ἀπὸ
3103 1533 3344 1605 δυσμῶν,
3373 1535 3454 1588 ὅτι
3473 1536 3573 1589 οὐκ
3587 1535 3717 1590 ἐστι

2122 1627 2255 1691 Θεὸς
2280 1627 2419 1699 πλὴν
2446 1627 2600 1699 ἐμοῦ.
2643 1626 2784 1696 Ἐγὼ
2827 1626 3031 1699 Κύριος
3065 1629 3092 1680 6
3121 1627 3274 1690 Θεὸς,
3301 1628 3397 1680 καὶ
3427 1629 3528 1681 οὐκ
3556 1627 3717 1682 ἐστιν

2120 1715 2221 1770 ἔτι.
2268 1714 2409 1787 Ἐγὼ
2440 1718 2469 1770 6
2500 1718 2916 1780 κατασκευάσας
2942 1716 3078 1786 φῶς,
3113 1717 3207 1771 καὶ
3229 1719 3462 1788 ποιήσας
3492 1718 3719 1782 σκότος,

2122 1807 2151 1859 6
2196 1806 2368 1861 ποιῶν
2404 1808 2646 1878 εἰρήνην,
2688 1808 2783 1861 καὶ
2815 1806 3013 1872 κτίζων
3060 1806 3226 1861 κακά.
3264 1805 3409 1875 Ἐγὼ
3442 1806 3649 1878 Κύριος
3684 1808 3719 1860 6

2126 1990 2462 2062 μαθήσονται
2500 1990 2610 2045 τῶν
2652 1990 2862 2062 ἔργων·
2902 1992 2990 2045 ὅτε
3029 1992 3126 2062 μὲν
3171 1991 3277 2063 γὰρ
3318 1988 3539 2061 λυπηρά
3567 1990 3719 2061 χρῆν

2125 2081 2425 2149 ἐπαγαγεῖν
2459 2080 2537 2151 τῷ
2569 2080 2688 2151 ἐμῷ
2720 2080 2836 2151 λαῷ
2871 2081 3174 2153 ἐπιστροφῇ
3209 2082 3301 2134 κα)⁸
3328 2080 3567 2150 παιδείᾳ,
3593 2081 3719 2142 τοῖς

2124 2169 2402 2241 πολεμίοις
2416 2171 2576 2224 αὐτὸν
2594 2170 2853 2237 ἐξέδωκα,
2876 2169 3065 2243 ὥσπερ
3081 2171 3258 2241 σκότῳ
3271 2171 3362 2224 καί
3377 2171 3515 2243 ὀργῇ
3528 2185 3718 2241 παρα-

2121 2260 2245 2325 δοὺς
2265 2260 2426 2315 αὑτὸν
2440 2254 2547 2314 τῶν
2566 2261 2736 2331 ἀσεϐη
2743 2262 2929 2332 μάτων
2942 2264 3120 2334 χάριν
3139 2264 3227 2317 ὅτε
3240 2263 3318 2330 δέ,
3350 2262 3503 2333 φησι,
3520 2262 3719 2315 λοιπὸν

2125 2355 2531 2427 ἐπιστρέψαντα
2563 2356 2657 2409 καὶ
2688 2356 3041 2428 ὠφελημένον
3080 2358 3344 2427 προσήκει
3376 2355 3673 2410 ἀναλαϐεῖν
3697 2397 3715 2421 ,

2123 2446 2416 2500 ἀκόλουθον
2451 2446 2519 2501 ἂν
2551 2448 2636 2518 εἴη
2670 2447 2785 2516 φῶς
2819 2449 3042 2520 εἰρήνης
3084 2449 3179 2500 καὶ
3224 2449 3441 2502 πάντων
3486 2447 3719 2517 ἀγαθῶν

2126 2538 2435 2592 ἀνατέλλειν
2451 2539 2538 2592 ἐπ’
2556 2540 2738 2594 αὐτόν.
2767 2538 2856 2607 Ἐξ
2878 2539 3013 2611 ἐμοῦ
3043 2542 3151 2611 γὰρ
3168 2540 3229 2593 τί,
3247 2540 3362 2610 φῶς
3389 2544 3718 2613 χορηγεῖται

2123 2630 2220 2685 καὶ
2251 2629 2321 2686 τὰ
2344 2631 2442 2702 τῆς
2462 2632 2688 2703 εἰρήνης
2705 2633 2879 2686 πάντα
2895 2649 2909 2663 ο
2930 2633 3109 2704 κρίσει
3139 2632 3196 2686 δὲ
3213 2635 3279 2704 τῇ
3293 2634 3398 2704 ἐμῇ
3417 2634 3511 2686 καὶ
3528 2633 3595 2686 τὰ
3610 2634 3725 2706 τῆς

2123 2723 2293 2795 ὀργῆς
2330 2723 2613 2792 ἐπάγεται.
2659 2724 2856 2795 Διόπερ
2893 2723 3068 2794 δόγμα
3084 2724 3213 2796 παρ’
3236 2724 3371 2796 ἐμοῦ
3388 2725 3547 2778 τοῦτο
3566 2725 3715 2794 μάν-

2125 2815 2253 2870 θανε
2275 2834 2287 2847 ·
2323 2816 2398 2880 ὡς
2422 2816 2531 2888 ἄρα
2555 2815 2667 2885 ἐγὼ
2701 2818 2862 2881 αὐτὸς
2886 2818 2979 2870 καὶ
3009 2818 3185 2887 φωτός
3212 2820 3329 2889 εἰμι
3356 2819 3721 2891 δημιουργὸς,

2124 2910 2219 2964 καὶ
2235 2911 2459 2983 εἰρήνης
2487 2911 2743 2982 χορηγὸς,
2764 2909 2965 2981 ὁμοίως
2997 2911 3056 2964 δὲ
3094 2913 3188 2964 καὶ
3223 2912 3449 2975 σκότους
3484 2913 3579 2965 καὶ
3599 2912 3719 2966 τῶν

2124 3000 2493 3071 νομιζομένων
2519 2999 2779 3071 λυπηρῶν
2798 3017 2810 3029 °
2842 3000 2986 3071 ἆπερ
3020 3002 3166 3054 κακά
3193 3005 3305 3064 τοῖς
3330 3001 3543 3065 πολλοῖς
3571 2997 3719 3055 εἶναι

2126 3094 2458 3165 νενόμισται,
2491 3087 2567 3147 ὧν
2595 3094 2824 3165 ποιητὴς
2851 3092 2918 3147 ἂν
2938 3092 3208 3165 λεχθείην,
3241 3093 3419 3166 κρίσει
3441 3095 3627 3168 δικαίᾳ
3645 3095 3722 3148 τά

2129 3188 2439 3261 κατάλληλα
2469 3192 2579 3254 τοῖς
2615 3188 2787 3256 ἀξίοις
2826 3188 3068 3257 ἐπάγων.
3096 3190 3161 3242 Ei
3199 3189 3378 3242 τοίνυν
3411 3187 3522 3256 ἐγὼ
3555 3189 3720 3256 Θεὸς,

442 3277 676 3344 valeam,
709 3277 859 3349 justo
883 3277 1091 3350 judicio
1123 3278 1424 3347 promerita
1460 3277 1692 3347 singulis
1727 3278 2016 3334 inducens.

2130 3282 2220 3335 irai.
2240 3283 2343 3336 οὐκ
2367 3280 2481 3335 ἐστι
2511 3280 2649 3352 πλὴν
2679 3280 2813 3351 ἐμοῦ
2830 3280 3037 3352 ἕτερος,
3067 3283 3096 3334 6
3120 3280 3290 3334 ποιῶν
3309 3280 3481 3333 ταῦτα
3508 3281 3717 3346 πάντα,

444 3370 507 3428 Si
537 3373 720 3442 itaque
746 3387 848 3444 ego
887 3372 1053 3437 Deus,
1079 3381 1134 3426 et
1159 3386 1265 3425 non
1290 3380 1371 3425 est
1397 3381 1596 3439 praeter
1626 3386 1711 3427 me
1741 3372 1903 3435 alius,
1928 3372 2019 3441 qui

447 3464 566 3520 hate
617 3463 802 3530 omnia
854 3463 1071 3530 iaciat;
1116 3462 1333 3518 etiamsi
1380 3463 1657 3516 contraria
1712 3464 2021 3530 videantur,

445 3563 686 3609 attamen
717 3562 913 3610 natura
948 3568 1045 3619 sua
1081 3553 1359 3608 contraria
1398 3568 1505 3607 non
1545 3564 1692 3607 sunt.
1729 3552 1861 3607 Nam
1905 3571 2024 3624 quae

448 3643 588 3699 mala
635 3658 667 3700 ι
718 3658 805 3698 nte
844 3642 1013 3714 inlligi
1049 3642 1455 3708 existimantur,
1502 3658 1564 3699 ea
1609 3659 1742 3700 sane
1780 3644 2025 3699 maxime

446 3734 735 3793 conferunt
775 3734 841 3789 ad
878 3735 1168 3790 utilitatem
1203 3744 1261 3789 et
1291 3734 1524 3790 salutem
1568 3750 1781 3801 eorum,
1811 3736 1905 3805 qui
1940 3735 2026 3791 his

447 3825 519 3879 ad
544 3841 732 3881 sanam
756 3834 993 3882 mentem
1026 3825 1383 3881 reducuntur.

520 3915 685 3973 Vsus.
713 3917 769 3974 8.
814 3935 834 3970 ι
883 3915 1118 3972 Laetetur
1168 3917 1367 3972 coelum
1419 3918 1678 3987 desuper,
1735 3924 1793 3971 et
1853 3916 2027 3973 nubes

446 4008 653 4065 stillent
682 4009 949 4080 justitiam
977 4027 990 4064 :
1026 4008 1307 4079 aperiatur
1341 4020 1510 4073 terra,
1543 4018 1598 4063 et
1621 4009 1890 4077 germinet
1925 4010 2026 4064 mi--

446 4102 824 4167 sericordiam,
872 4112 928 4159 et
958 4099 1225 4170 justitiam
1271 4101 1408 4156 oriri
1457 4100 1629 4157 faciat
1681 4101 1867 4156 simul.
1912 4100 2026 4172 Ego

446 4210 568 4250 sum
625 4195 911 4263 Dominus,
963 4200 1054 4269 qui
1110 4201 1292 4256 creavi
1353 4210 1425 4256 te.
1478 4221 1497 4254 ι
1556 4200 2023 4268 Quemadmodum

446 4289 592 4344 enim
628 4300 840 4362 tempus
863 4295 992 4350 olitn
1022 4296 1146 4362 fuit,
1176 4314 1300 4353 cum
1335 4298 1569 4354 nubibus
1601 4298 1874 4365 mandavi,
1916 4317 1935 4349 ι
1968 4308 2027 4352 ιιι

445 4397 554 4439 non
583 4383 832 4454 pluereut
853 4402 1019 4458 super
1051 4388 1264 4445 vineam
1299 4390 1575 4459 pluviam;
1610 4410 1630 4443 ι
1666 4391 1740 4444 ita
1772 4399 1827 4446 et
1879 4407 2023 4446 nunc

445 4489 550 4531 suo
589 4484 834 4548 tempore
881 4478 1301 4536 r'ationabilibus
1352 4481 1592 4538 nubibus
1629 4482 1768 4538 meis
1831 4482 2027 4552 praeci-

445 4565 616 4636 piam,
660 4575 720 4622 ut
751 4582 859 4625 non
892 4569 1149 4626 sensilem
1185 4586 1406 4641 aquam,
1442 4573 1538 4628 sed
1560 4570 1832 4640 justitiam
1861 4572 2023 4629 desu-

444 4672 542 4728 per
573 4673 641 4714 ex
670 4660 782 4717 alto
809 4660 1019 4717 stillent
1049 4663 1137 4730 iis,
1169 4663 1265 4733 qui
1300 4664 1615 4721 inhabitant
1648 4674 1878 4721 terram.

517 4751 686 4808 Vsus.
716 4752 772 4816 9,
804 4753 892 4809 10.
931 4772 950 4806 ι
984 4753 1123 4823 Quid
1150 4756 1349 4812 melius
1386 4757 1688 4828 prmparavi
1734 4769 1795 4815 ut
1846 4757 2018 4814 lutum

443 4842 629 4916 figuli?
658 4842 797 4898 Nunt
822 4846 914 4914 qui
950 4854 1091 4912 arat,
1128 4849 1306 4904 arabit
1353 4860 1559 4906 terram
1606 4858 1720 4906 tota
1737 4851 2020 4908 dieiNum

443 4935 588 4991 dicet
608 4935 781 4990 lutum
830 4936 1016 5007 ligulo,
1059 4939 1200 5006 Quid
1248 4942 1406 5017 lacis,
1453 4942 1717 5011 quoniam
1748 4958 1855 4997 non
1887 4958 2021 5013 ope-

444 5026 609 5093 raris,
641 5041 817 5098 neque
840 5029 1011 5085 babes
1040 5047 1232 5087 manus
1257 5033 1281 5087 ?
1311 5032 1448 5088 Num
1480 5034 1765 5104 respondit
1793 5034 2021 5106 ﬁgmen-

446 5124 561 5171 tum
593 5116 769 5173 lictori
798 5120 938 5175 suo?
963 5120 1064 5187 Qui
1095 5122 1229 5178 dicit
1286 5125 1452 5193 patri,
1497 5124 1639 5192 Quid
1677 5127 1970 5195 generabis
1997 5126 2022 5181 ?

443 5214 501 5262 et
528 5206 713 5273 matri,
746 5206 887 5275 Quid
923 5210 1151 5279 paries?
1184 5230 1203 5264 ι
1263 5212 1429 5278 Quasi
1459 5229 1555 5269 eos
1591 5214 1899 5285 alloquens,
1928 5217 2019 5286 qui

445 5296 741 5353 universali
780 5298 852 5352 illi
883 5299 1241 5370 providentiae
1288 5313 1344 5358 et
1389 5303 1854 5360 administrationi
1886 5321 2021 5361 con-

445 5388 744 5458 tradicunt,
774 5389 852 5446 ait
876 5411 890 5446 :
910 5389 1000 5447 Vae
1030 5392 1121 5462 qui
1148 5394 1484 5450 contradicit
1520 5395 1699 5453 lictori
1730 5411 1851 5451 suo.
1885 5395 2021 5452 Nam

441 5481 663 5552 quando
686 5483 1042 5554 castigatione
1067 5495 1123 5540 et
1149 5487 1510 5543 conversione
1538 5502 1673 5557 opus
1695 5498 1834 5557 erat,
1870 5487 2028 5545 Jeru-

444 5572 616 5627 salem
646 5575 805 5643 quasi
833 5584 1026 5630 testam
1060 5575 1316 5632 contrivi.
1370 5587 1425 5633 et
1479 5579 1735 5649 templum
1786 5580 2023 5636 inimicis

446 5673 498 5717 et
540 5664 788 5721 hostibus
820 5667 1057 5736 tradidi;
1102 5684 1223 5724 cum
1269 5678 1452 5725 autem
1505 5681 1628 5741 post
1669 5670 2022 5729 suﬂieientem

451 5755 657 5811 illatam
693 5772 932 5827 ptenam,
988 5759 1380 5815 humanitatem
1430 5763 1690 5819 exhibere
1740 5765 2017 5834 oportuit;

458 5859 580 5907 tunc
611 5859 664 5907 et
696 5851 950 5923 templum
1001 5864 1055 5910 et
1104 5854 1294 5912 urbem
1346 5855 1590 5925 pristinis
1652 5860 2026 5927 prxstantiura

2127 3373 2229 3428 κᾶν
2258 3373 2479 3428 ἐναντία
2510 3369 2655 3427 εἶναι
2695 3371 2849 3444 δοκῇ,
2884 3372 2986 3426 οὐκ
3019 3372 3148 3425 ὅντα
3170 3375 3236 3443 τῇ
3269 3372 3428 3442 φύσει
3465 3372 3713 3429 ἐναντία.

2139 3466 2290 3519 Ἐπεὶ
2323 3466 2416 3520 καὶ⁵
2442 3465 2509 3519 τὰ
2536 3466 2864 3535 νομιζόμενα
2887 3465 2979 3517 ὑπ’
3001 3463 3135 3535 ἐμοῦ
3167 3464 3466 3532 ἐπάγεσθαι
3480 3462 3625 3518 κακὰ
3642 3464 3719 3519 τά

2131 3556 2362 3629 μέγιστα
2398 3555 2776 3627 συμϐάλλοιντ’
2809 3555 2876 3609 ἂν
2923 3556 3059 3627 πρὸς
3091 3556 3359 3625 ὠφέλειαν
3402 3556 3496 3609 καὶ
3533 3573 3719 3630 σωτηο

2128 3651 2250 3722 ρίαν
2276 3648 2385 3703 τῶν
2416 3649 2482 3703 δι’
2516 3647 2694 3703 αὐτῶν
2729 3648 3230 3720 σωφρονιζομένων.

2203 3938 2222 3969 ι
2256 3918 2624 3990 Εὐφρανθήτω
2665 3920 2694 3972 6
2720 3918 2966 3991 ὀὺρανος
3006 3918 3233 3981 ἄνωθεν,
3276 3918 3370 3970 καὶ
3404 3918 3461 3970 αἱ
3491 3914 3717 3986 νεφέλαι

2128 4010 2447 4083 ῥανάτωσαν
2492 4011 2867 4085 δικαιοσύνην·
2908 4010 3245 4066 ἀνατειλάτω
3276 4013 3310 4082 ή
3336 4013 3427 4082 γῆ,
3462 4010 3559 4063 καὶ
3591 4008 3717 4078 βλα-

2130 4101 2384 4172 στησάτω
2427 4102 2611 4167 ἐλεος,
2670 4103 2763 4156 καὶ
2812 4103 3160 4174 δικαιοσύνην
3203 4101 3538 4156 ἀνατειλάτω
3569 4100 3711 4172 ἅμα.

2140 4192 2280 4262 Ἐγώ
2302 4197 2417 4265 είμι
2446 4195 2651 4266 Κύριος
2677 4197 2706 4248 6
2729 4200 2920 4260 κτίσας
2950 4212 3032 4249 σε,
3067 4214 3086 4246 ι
3118 4196 3331 4266 Ὥσπερ
3351 4195 3459 4267 γὰρ
3487 4190 3556 4266 ἦν
3590 4212 3718 4249 και-

2129 4283 2221 4356 ρός
2256 4302 2408 4349 ποτε,
2458 4285 2547 4338 ὅτε
2588 4287 2710 4349 ταῖς
2750 4285 3004 4355 νεφέλαις
3045 4286 3400 4357 ἐνετειλάμην
3433 4305 3451 4337 ι
3492 4284 3588 4339 τοῦ
3632 4285 3713 4357 μὴ

2130 4376 2317 4448 βρέξαι
2344 4378 2423 4441 είς
2452 4377 2543 4430 τὸν
2559 4377 2857 4448 ἀμπελῶνα
2890 4378 3064 4444 ὑετὸν,
3095 4398 3112 4429 ι
3143 4377 3286 4431 οὕτω
3306 4377 3401 4432 νῦν
3426 4377 3567 4431 κατά
3591 4396 3715 4431 και-

2132 4467 2221 4539 ρον
2246 4470 2367 4532 ταῖς
2418 4469 2577 4538 ἐμαῖς
2608 4468 2857 4538 νεφέλαις
2896 4469 3141 4538 λογικαῖς
3171 4469 3358 4535 οὔσαις
3387 4470 3715 4543 προστάσσω

2132 4559 2207 4631 μὴ
2236 4560 2493 4631 αἰσθητὸν
2527 4559 2690 4632 ὕδωρ,
2727 4561 2865 4615 ἀλλὰ
2898 4561 2999 4634 τὴν
3027 4562 3376 4633 δικαιοσύνην
3404 4561 3613 4618 ἀνωθεν
3650 4562 3714 4629 ἐξ

2053 4611 2100 4669 υ
2130 4611 2877 4725 icon,eglpatvettiizéégt
2910 4611 3252 4726 £96535.

2208 4762 2224 4794 ι
2244 4743 2402 4796 Ποῖον
2433 4743 2640 4814 βέλτιον
2674 4747 3057 4802 κατεσκεύασα
3082 4746 3159 4811 ὡς
3191 4747 3361 4820 πηλὸν
3385 4747 3713 4819 κεραμέωςς

2128 4832 2220 4904 Μὴ
2251 4836 2280 4886 ὁ
2308 4835 2578 4906 ἀροτριῶν
2603 4837 2920 4910 ἀροτριάσει
2948 4839 3046 4911 τήν
3075 4839 3180 4910 γῆν
3206 4839 3714 4913 ὃληντὴνήμέραν;

2126 4925 2221 4998 Μὴ
2238 4927 2353 4998 ἐρεῖ
2368 4928 2397 4980 ὁ
2415 4927 2584 4999 πηλὸς
2604 4930 2682 5001 τῷ
2698 4934 2951 5003 κεραμεῖ,
2971 4934 3036 4985 Τί
3055 4936 3246 4999 ποιεῖς,
3264 4935 3346 4988 ὄτι
3362 4935 3461 4987 οὐκ
3477 4934 3712 5010 ἐργάζῃ,

2128 5017 2251 5070 οὐδέ
2266 5017 2411 5089 ἔχεις
2438 5022 2626 5092 χεῖρας
2648 5023 2770 5095 ;Μή
2788 5024 3216 5096 ἀποκριθήσεται
3241 5027 3303 5079 τὸ
3330 5026 3555 5097 πλάσμα
3579 5028 3717 5100 πρὸς

2130 5110 2220 5164 τὸν
2234 5110 2517 5165 πλάσαντα
2534 5114 2664 5166 αὑτό
2683 5131 2697 5179 ;
2716 5116 2773 5168 Ὀ
2797 5115 2969 5185 λέγων
2996 5116 3073 5188 τῷ
3090 5118 3277 5189 πατρὶ,
3297 5119 3362 5172 Τί
3391 5120 3674 5191 γεννήσεις
3693 5139 3710 5187 ;

2132 5211 2227 5265 καὶ
2240 5213 2306 5282 τῇ
2328 5212 2587 5282 μητρὶ,Τί
2613 5209 2826 5276 ὼδίνεις
2846 5230 2860 5278 ;
2887 5213 2975 5277 Ὠς
2995 5214 3104 5286 γὰρ
3124 5213 3257 5286 πρὸς
3270 5212 3717 5283 τοῦςάντιλέγον-

2127 5321 2227 5368 τας
2253 5306 2321 5376 τῇ
2347 5303 2572 5357 καθόλου
2610 5303 2835 5376 προνοίᾳ
2865 5323 2924 5358 τε
2954 5305 3048 5359 καὶ
3072 5305 3337 5377 διοικήσει
3359 5305 3524 5376 φησίν
3541 5324 3554 5337 ·
3578 5306 3716 5359 Οὐαὶ

2127 5397 2156 5447 6
2187 5396 2483 5465 ἀντιλέγων
2514 5396 2594 5468 τῷ
2634 5396 2901 5452 πλάσαντι
2930 5399 3113 5453 αὐτόν.
3154 5400 3283 5451 Ὅτε
3326 5398 3424 5469 μέν
3446 5397 3558 5468 γὰρ
3588 5416 3716 5453 παι-

2128 5488 2295 5553 δείας,
2332 5489 2423 5543 καὶ
2451 5490 2788 5563 ἐπιστροφῆς
2832 5491 2993 5562 χρεία
3018 5486 3108 5561 ἦν,
3150 5491 3243 5544 καὶ
3289 5490 3586 5563 συνέτριψα
3616 5491 3716 5562 τήν

2143 5580 2499 5653 Ἰερουσαλὴμ
2535 5582 2612 5647 ὡς
2645 5582 2933 5655 ὄστρακον,
2973 5585 3067 5638 καὶ
3098 5583 3192 5637 τὸν
3231 5584 3359 5639 ναὸν
3385 5583 3598 5655 ἐχθροῖς
3625 5584 3716 5638 καὶ

2139 5670 2419 5742 πολεμίοις
2463 5672 2786 5745 παρέδωκα’
2833 5673 2923 5726 ὅτε
2964 5672 3021 5726 δέ
3070 5672 3233 5728 πάλιν
3284 5673 3390 5745 χρὴ
3437 5672 3577 5744 μετά
3616 5672 3718 5744 τὴν

2138 5763 2319 5817 αὐτῶν
2352 5764 2600 5838 αὐτάρκη
2654 5767 2924 5833 παιδείαν,
2955 5766 3023 5820 τά
3055 5767 3154 5837 τῆς
3190 5765 3599 5839 φιλανθρωπίας
3633 5767 3717 5819 ἐν-

2134 5856 2432 5925 δειξασθαι,
2464 5857 2583 5912 τότε
2621 5858 2864 5929 βελτίονα
2897 5859 2991 5912 τοῦ
3035 5858 3302 5931 προτέρου
3338 5856 3714 5913 κατεσκεύασα
