3968 6514
160 346 277 402 M3

1127 349 1626 410 COMMENTARIA
1663 352 1732 408 1N
1768 353 2026 431 lSAIAhI.
2065 385 2135 396 -
2169 353 2321 410 CAP.
2362 353 2525 410 XLV.

3349 361 3452 416 ιιι

159 464 257 517 τὸν
300 462 476 517 νεὼν
510 466 600 518 καὶ⁸
631 465 731 536 τήν
777 464 950 531 πόλιν,
982 465 1057 530 ὡς
1093 467 1261 538 πηλὸν
1291 468 1576 541 κεραμέως
1609 487 1782 542 μετα-

1894 469 2200 524 construxi:
2237 484 2356 540 quae
2409 469 2535 524 olim
2588 469 2819 525 contrita
2856 469 3096 535 fueran,
3133 485 3232 527 ceu
3277 473 3450 530 lutum

161 551 364 607 ϐαλὼν
395 555 508 608 καὶ
544 555 988 627 ἀνανεωσάμενος
1017 557 1086 611 τὰ
1120 559 1287 614 πάλαι
1323 563 1777 635 συντετριμμένα.

240 660 265 696 ε
305 644 461 698 Ὀτι
479 643 619 697 οὕτω
642 643 789 712 λέγει
816 644 1022 716 Κύριος
1039 646 1068 698 6
1087 645 1240 712 Θεὸς,
1272 649 1300 701 6
1329 648 1522 717 ’Ἄγιος
1545 648 1780 721 Ἰσραὴλ,

156 736 189 788 6
223 734 499 807 ποίησας
530 734 600 788 τὰ
624 737 964 807 ἐπερχόμενα
986 753 1000 767 °
1044 738 1386 811 Ἐρωτήσατέ
1419 758 1485 811 με
1520 740 1647 811 περὶ
1676 741 1784 810 τῶν

161 825 306 880 υἰῶν
342 844 490 898 μου,
519 827 612 881 καί
640 829 768 900 περί
794 828 900 882 τῶν
933 828 1109 902 ἔργων
1133 830 1241 883 τῶν
1262 831 1459 902 χειρῶν
1489 849 1589 902 μου
1617 831 1786 885 ἐντεί-

159 917 344 970 λασθέ
396 935 520 988 μοι.
560 937 578 969 ι
610 918 957 972 Παιδευέσθω
985 919 1276 992 τοιγαροῦν
1305 922 1414 985 πᾶς
1440 920 1726 993 ἄνθρωπος
1755 924 1785 976 ὁ

158 1012 276 1067 ἀπὸ
318 1013 456 1083 γῆς
481 1012 706 1083 ληφθεὶς
757 1011 850 1066 καὶ
911 1012 1070 1083 σῶμα
1123 1012 1326 1082 γεῶδες
1378 1013 1782 1083 περικείμενος,

161 1104 354 1174 πηλοῦ
408 1123 476 1158 τε
517 1105 684 1176 μηδὲν
720 1103 993 1176 διαφέρων
1024 1103 1324 1176 παραθέσει
1362 1104 1456 1157 τοῦ
1502 1105 1786 1168 κτίσαντος

160 1195 368 1261 αὐτὸν,
413 1197 493 1267 μὴ
523 1195 727 1268 τολμᾷν
765 1199 886 1260 ταῖς
919 1196 1012 1250 τοῦ
1045 1195 1180 1249 Θεοῦ
1213 1194 1541 1266 διοικήσεσιν
1572 1195 1785 1249 ἀντιλέ-

160 1305 311 1356 γειν,
351 1287 504 1358 μηδὲ
529 1287 985 1359 καταμέμφεσθαι
1014 1288 1116 1358 τῆς
1137 1289 1391 1360 προνοίας
1413 1288 1540 1352 τοὺς
1571 1288 1781 1359 λόγους.

161 1378 380 1432 Πολλοὶ
422 1381 535 1450 γάρ
563 1380 701 1433 εἰσιν
735 1380 784 1432 οἰ
817 1379 1245 1450 φιλεγκλήμονες
1291 1380 1565 1435 αἰτιᾶσθαι
1601 1380 1786 1434 εἰωθό-

161 1487 260 1534 τες
283 1511 303 1537 ,
345 1469 476 1524 Καὶ
506 1470 558 1523 τί
590 1469 700 1541 γὰρ
716 1473 1008 1540 ἀναγκαῖον
1029 1467 1096 1543 ἦν
1115 1473 1214 1543 τὴν
1245 1472 1420 1544 ἀρχὴν
1449 1474 1529 1536 εἰς
1559 1472 1650 1525 τὸν
1671 1472 1784 1542 βίον

162 1563 520 1633 παρελθεῖνς
560 1562 838 1631 λέγοντες·
871 1562 970 1616 Διὰ
1001 1563 1052 1616 τί
1095 1563 1152 1617 δὲ
1185 1564 1356 1617 ταῦτα
1407 1564 1602 1618 οὑτωσὶ
1642 1565 1787 1632 γίνε-

164 1674 306 1723 rat;
351 1657 431 1711 Τί
464 1657 524 1711 δὲ
569 1658 679 1710 τῶν
715 1655 970 1710 τοιούτων
1003 1652 1071 1728 ἦν
1103 1656 1298 1728 χρεία;
1351 1656 1458 1710 ἔδει
1501 1657 1609 1729 γὰρ
1643 1656 1784 1710 οὕτω

162 1748 545 1818 γεγενῆσθαι.
581 1747 740 1801 Ἀλλὰ
763 1748 972 1813 τούτοις
995 1749 1277 1820 πρόκειται
1299 1749 1358 1802 τὸ
1379 1769 1397 1800 ι
1422 1747 1558 1803 Οὐαί
1567 1792 1578 1804 .
1619 1750 1785 1821 Ἐρω-

166 1840 392 1911 τήσατέ
439 1857 511 1910 με
543 1840 672 1911 περί
717 1838 825 1894 τῶν
859 1841 990 1892 υἰῶν
1023 1858 1147 1911 μου,
1185 1840 1278 1893 καὶ
1321 1840 1578 1912 περὶτῶν
1605 1840 1782 1912 ἔργων
1813 1821 1857 1876 Β

166 1931 283 1985 τῶν
326 1931 550 2003 χειρῶν
603 1949 706 2003 μου
747 1931 1056 1986 ὲντείλασθέ
1094 1950 1218 2002 μοι·
1262 1952 1280 1984 ι
1329 1933 1428 2004 τῆς
1471 1933 1567 2002 μὲν
1591 1932 1784 2001 νοερᾶς

170 2025 270 2078 καὶ
300 2025 550 2096 λογικῆς
576 2025 762 2088 οὐσίας
790 2023 879 2078 διὰ
897 2024 1006 2077 τῶν
1039 2024 1170 2080 υἱῶν
1190 2025 1523 2097 δηλουμένης
1543 2042 1555 2054 ·
1594 2023 1702 2078 τῶν
1726 2022 1782 2075 δὲ

167 2115 265 2168 τοῦ
297 2116 529 2186 κόσμου
563 2114 746 2187 μερῶν
782 2115 872 2169 διὰ
901 2115 1008 2169 τῶν
1037 2115 1214 2188 ἔργων
1247 2116 1355 2170 τῶν
1387 2117 1586 2189 χειρῶν
1616 2115 1780 2169 αὐτοῦ

177 2207 650 2279 παρισταμένων.

251 2341 271 2373 ι
319 2319 482 2390 Ἐγὼ
510 2321 746 2392 ἐποίησα
765 2322 869 2392 γῆν
903 2321 998 2374 καὶ
1027 2320 1308 2393 ἄνθρωπον
1337 2322 1422 2374 ἐπ’
1449 2322 1642 2392 αὐτῆς·
1672 2320 1785 2390 ἐγὼ

174 2415 242 2481 τῇ
281 2412 448 2483 χειρί
485 2429 584 2482 μου
616 2411 924 2483 ὲστερέωσα
950 2412 1038 2465 τὸν
1072 2411 1327 2483 οὐρανὸν,
1364 2412 1472 2481 ἐγὼ
1505 2414 1638 2465 πᾶσι
1671 2415 1786 2476 τοῖς
1830 2439 1835 2443 -

174 2503 414 2575 ἄστροις
440 2502 817 2574 ἐνετειλάμην.
853 2522 870 2554 ι
895 2503 1027 2556 Τίνα
1049 2499 1140 2556 οὖν
1164 2502 1274 2574 ἔχοι
1295 2503 1526 2557 ἐνταῦθα
1548 2503 1781 2574 μέμψινς

175 2594 346 2647 Ποῖον
383 2593 450 2646 δὲ
481 2593 578 2662 οὐχ
617 2594 903 2666 ὑπεραίρει
939 2595 1154 2658 κάλλος,
1183 2595 1215 2664 ἦ
1248 2598 1397 2648 ποῖον
1429 2596 1488 2648 οὐ
1521 2595 1785 2648 καλύπτει

182 2683 466 2755 μέγεθοςς
499 2686 564 2736 Τί
589 2685 646 2736 δὲ
678 2685 799 2755 ούχί
824 2686 1180 2756 συμϐαλεῖται
1208 2687 1378 2740 ταῦτα
1422 2688 1557 2758 πρός
1591 2703 1654 2754 γε
1683 2687 1783 2757 τὴν

179 2775 279 2830 τοῦ
308 2777 589 2848 παρόντος
629 2777 897 2848 κόσμησιν
945 2778 1040 2831 καὶ
1089 2779 1222 2850 πρὸς
1255 2779 1344 2830 τὸν
1379 2781 1435 2831 ὲν
1477 2778 1786 2849 ἀνθρώποις

188 2869 443 2943 βιωφελῆ
471 2869 618 2940 βίον;
647 2870 755 2942 Γῆν
789 2871 886 2940 μὲν
922 2870 1031 2942 γὰρ
1058 2871 1287 2940 ἐποίησα
1315 2872 1415 2924 οὐκ
1441 2871 1664 2941 ἔρημον,
1698 2871 1788 2923 ού-

184 2961 242 3015 δὲ
272 2965 562 3034 ἄχρηστον
595 2966 856 3032 στοιχεῖον
878 2979 892 2992 ο
918 2963 1231 3034 οἰκητήριον
1257 2962 1312 3014 δὲ
1345 2962 1663 3034 ἀνθρώπων.
1696 2961 1786 3015 Διὸ

188 3058 282 3110 καὶ
309 3057 384 3110 τὰ
409 3053 578 3108 λοιπὰ
601 3053 716 3119 ζῶα
745 3072 803 3107 τε
834 3055 926 3108 καὶ
959 3054 1103 3124 φυτὰ
1128 3055 1208 3119 εἰς
1241 3059 1434 3127 χρῆσιν
1461 3055 1553 3108 καί
1584 3056 1788 3125 ὑπηρε-

1883 559 2055 630 figuli,
2089 561 2155 613 ad
2187 559 2462 614 mel-iorem
2497 557 2724 614 formam
2757 561 3024 616 reducens
3053 569 3108 615 et
3151 577 3448 621 renovans.

1952 648 2114 703 Vens.
2151 649 2232 702 fl.
2289 648 2598 713 «Quoniam
2658 648 2738 702 sic
2787 649 2920 704 dicit
2965 651 3232 707 Dominus
3289 653 3453 720 Deus,

1884 738 2116 795 Sanctus
2149 739 2334 806 Israel,
2373 740 2465 810 qui
2514 739 2644 794 fecit
2691 750 2920 796 ventura
2953 760 2967 797 :
2999 743 3338 815 interrogate
3371 761 3458 803 me

1882 832 1950 888 de
1978 833 2100 888 filiis
2132 835 2288 900 meis,
2322 834 2457 889 etde
2474 835 2729 904 operibus
2753 851 3008 891 manuum
3041 854 3285 895 mearum
3317 857 3457 912 pra:—

1883 926 2048 994 eipite
2114 923 2314 981 mihi.»
2369 926 2663 981 Erudiatur
2713 928 2895 998 itaque
2950 930 3128 1000 quivis
3179 932 3340 989 homo
3389 933 3458 990 de

1885 1028 2026 1072 terra
2073 1028 2342 1088 sumptus,
2393 1026 2448 1074 ct
2494 1029 2712 1075 terreno
2760 1021 2978 1077 indutus
3027 1039 3278 1093 corpore,
3319 1027 3458 1082 nihil

1883 1109 2136 1164 differens
2159 1127 2187 1163 a
2219 1110 2329 1165 luto
2359 1111 2402 1165 si
2433 1127 2552 1165 cum
2589 1121 2842 1172 creatore
2864 1129 2962 1169 suo
2988 1101 3352 1184 comparetur,
3388 1135 3458 1175 ne

1885 1207 2078 1258 audeat
2106 1204 2198 1258 Dei
2234 1205 2623 1274 dispensationi
2665 1207 3070 1273 contradicere,
3116 1225 3291 1280 neque
3335 1227 3462 1281 pro-

1885 1295 2136 1350 videntia:
2168 1295 2432 1351 rationem
2479 1297 2721 1368 culpare.
2765 1298 2899 1354 Nam
2930 1302 3080 1355 multi
3112 1304 3325 1372 queruli
3359 1305 3460 1359 ho-

1885 1388 2056 1443 mines
2107 1397 2252 1455 sunt,
2290 1387 2380 1457 qui
2433 1389 2714 1444 criminari
2763 1401 2819 1445 et
2862 1405 3090 1462 arguere
3129 1393 3332 1448 audent
3377 1395 3463 1450 his

1886 1482 2065 1536 verbis
2110 1500 2124 1536 :
2175 1480 2313 1548 Quid
2372 1496 2598 1536 necesse
2647 1482 2748 1536 fuit
2793 1497 2824 1537 a
2871 1484 3139 1554 principio
3182 1485 3250 1539 ad
3298 1486 3462 1539 vitam

1888 1575 2166 1630 transire?
2195 1575 2303 1630 Cur
2335 1575 2450 1628 hznc
2486 1575 2577 1629 tali
2609 1575 2773 1631 modo
2800 1557 3153 1631 conduntur?
3181 1576 3321 1644 Quid
3365 1578 3464 1631 hu-

1881 1667 2113 1737 jusmodi
2170 1667 2331 1722 rebus
2390 1667 2570 1735 Opus?
2624 1683 2746 1721 nam
2815 1669 2917 1724 hoc
2967 1668 3084 1722 fieri
3137 1671 3296 1723 modo
3366 1683 3468 1738 par

1887 1771 2023 1816 erat.
2073 1745 2269 1815 Verum
2320 1761 2386 1814 ad
2436 1775 2530 1814 eos
2577 1771 2786 1829 spectat
2828 1761 2979 1824 illud,
3024 1779 3042 1813 ι
3070 1760 3182 1816 Vae.
3237 1761 3468 1816 Interro-

1883 1863 2006 1924 gate
2032 1867 2118 1907 me
2148 1853 2214 1906 de
2253 1851 2376 1907 filiis
2403 1854 2557 1916 meis,
2590 1863 2646 1908 et
2675 1856 2742 1909 dc
2763 1856 3017 1925 operibus
3048 1871 3304 1909 manuum
3341 1872 3458 1911 me-

1885 1963 2037 2001 arum
2073 1945 2350 2015 praecipite
2399 1946 2552 1999 mihi.
2583 1965 2601 1998 ›
2646 1946 2905 2002 Filiorum
2940 1949 3158 2002 nomine
3191 1947 3466 2003 intellectu

1884 2039 2110 2111 praedita
2176 2047 2230 2093 et
2288 2039 2634 2094 rationabilis
2703 2041 3008 2095 substantia
3081 2041 3464 2113 significatur;

1883 2131 2138 2200 Operibus
2169 2141 2348 2186 autem
2377 2148 2628 2186 manuum
2665 2131 2781 2202 ejus
2809 2175 2822 2197 ,
2859 2135 3038 2188 nmndi
3073 2143 3254 2204 partes
3286 2135 3468 2190 decla-

1887 2235 2094 2279 rantur.

1958 2317 2122 2372 Vens.
2159 2316 2245 2370 12.
2286 2315 2428 2385 «Ego
2461 2315 2560 2370 feci
2603 2328 2824 2383 terram,
2870 2326 2925 2372 et
2969 2317 3239 2372 hominem
3275 2317 3326 2371 in
3359 2333 3421 2372 ea
3451 2337 3466 2374 :

1885 2425 1985 2480 ego
2018 2426 2179 2464 manu
2231 2425 2349 2464 mea
2384 2410 2590 2463 firmavi
2633 2411 2852 2472 cceinm,
2883 2426 2984 2482 ego
3030 2412 3284 2466 omnibus
3311 2413 3472 2466 astris

1886 2502 2212 2572 mandavi.)
2273 2502 2535 2570 Quaenam
2596 2503 2760 2574 igitur
2813 2504 2904 2558 hic
2956 2504 3211 2573 culpandi
3261 2505 3472 2559 causa?

1887 2594 2108 2663 Qualem
2148 2595 2606 2664 pulchritudinem
2654 2613 2758 2649 non
2813 2603 3058 2665 superat,
3116 2606 3209 2650 aut
3257 2597 3471 2666 qualem

1887 2688 2316 2759 magnitudinem
2375 2703 2479 2741 non
2532 2689 2707 2757 aperit
2760 2695 2815 2742 et
2875 2688 3132 2743 excedit?
3189 2688 3472 2755 Quomodo

1887 2781 2002 2835 haec
2034 2795 2138 2834 non
2170 2779 2526 2834 conferantur
2558 2779 2624 2832 ad
2657 2781 2942 2848 praesentis
2983 2782 3165 2834 mundi
3197 2790 3469 2847 ornatum,

1887 2882 1942 2927 et
1973 2873 2038 2926 ad
2071 2871 2411 2926 commodam
2441 2871 2721 2926 hon'iinum
2755 2872 2970 2925 vitam?
3012 2871 3237 2926 Terram
3273 2875 3472 2942 quippe

1888 2977 1992 3016 non
2029 2962 2299 3017 desertam
2336 2962 2592 3030 condidi,
2645 2977 2820 3032 neque
2875 2963 3064 3017 inutile
3099 2963 3469 3030 elementum;

1890 3057 1984 3110 sed
2011 3055 2064 3108 in
2095 3054 2422 3109 domicilium
2479 3055 2810 3111 hominibus.
2864 3055 3206 3124 Quapmpter
3266 3056 3472 3125 reliqua

189 3147 312 3199 σίαν
348 3143 665 3216 ἀνθρώποις
708 3161 768 3196 τε
818 3143 1240 3214 παρεσκεύασα·
1295 3145 1523 3215 οὐρανόν
1549 3161 1607 3196 τε
1633 3146 1783 3196 ἐστε·

1894 3148 2166 3212 animalia,
2211 3155 2266 3202 et
2318 3147 2529 3218 plautas
2571 3148 2636 3201 ad
2674 3163 2832 3203 usum
2874 3159 2926 3201 et
2960 3149 3324 3202 ministerium
3375 3149 3473 3202 ho-

193 3236 402 3306 ρέωσα,
433 3235 716 3306 κοσμήσας
739 3234 987 3305 ἄστροις·
1030 3232 1110 3300 οἷς
1143 3237 1494 3307 ἐνετειλάμην
1525 3235 1786 3289 εὔτακτον

189 3329 283 3381 καὶ
310 3326 644 3397 ἐναρμόνιον
689 3327 957 3379 ποιεῖσθαι
1009 3326 1105 3398 τὴν
1143 3328 1383 3398 κίνησιν·
1429 3329 1503 3391 ὡς
1532 3329 1653 3381 τοτὲ
1688 3327 1786 3399 μὲν

192 3417 415 3486 φαίνειν
460 3418 575 3479 τοῖς
613 3416 705 3468 ἐπὶ
743 3418 840 3486 τῆς
876 3419 1000 3487 γῆς,
1038 3418 1157 3470 τοτὲ
1187 3418 1242 3471 δὲ
1276 3414 1413 3471 εἶναι
1458 3421 1537 3482 εἰς
1564 3421 1784 3489 σημεῖα,

192 3507 287 3560 καὶ
332 3509 423 3571 εἰς
464 3507 713 3578 καιροὺς,
763 3508 856 3560 καὶ
909 3511 988 3572 εἰς
1033 3510 1266 3582 ἡμέρας,
1304 3511 1399 3564 καὶ
1449 3511 1644 3581 μῆνας,
1692 3512 1788 3565 καὶ

193 3596 508 3661 ἐνιαυτούς.

269 3773 288 3803 ι
334 3751 488 3820 Ἐγὼ
530 3753 727 3823 ἦγειρα
773 3753 936 3806 αὑτὸν
979 3752 1117 3823 μετὰ
1159 3753 1504 3826 δικαιοσύνης
1541 3755 1787 3826 βασιλέα,

194 3843 288 3897 καὶ
317 3845 501 3897 πᾶσαι
542 3844 598 3896 αἰ
636 3843 744 3897 ὁδοὶ
786 3844 950 3898 αὑτοῦ
990 3843 1214 3897 εὐθεῖαι.
1245 3837 1412 3908 Οὗτος
1444 3846 1789 3917 οἰκοδομήσει

193 3933 294 4007 τὴν
342 3936 503 3990 πόλιν
549 3953 673 4006 μου,
707 3937 802 3990 καί
843 3935 941 4007 τὴν
985 3938 1360 4008 αἰχμαλωσίαν
1396 3939 1489 3992 τοῦ
1527 3939 1657 3994 λαοῦ
1687 3957 1786 4010 μου

198 4024 547 4098 ἐπιστρέψει,
580 4027 642 4079 οὐ
677 4027 813 4096 μετὰ
834 4026 1064 4098 λύτρων,
1096 4027 1217 4081 οὐδὲ
1256 4030 1394 4098 μετὰ
1427 4027 1636 4097 δώρων,
1668 4024 1788 4082 εἷπε

198 4115 409 4188 Κύριος
441 4114 723 4168 Σαϐαὼθ.»
745 4115 882 4170 Τίνα
905 4116 963 4168 δὲ
987 4115 1173 4170 τοῦτον
1202 4117 1234 4188 ἢ
1264 4119 1443 4186 ποῖον;
1482 4119 1539 4171 '0
1577 4119 1674 4190 μέν
1704 4136 1791 4184 τις

199 4208 316 4280 ἐρεῖ
328 4206 434 4259 τὸν
460 4205 569 4258 τῶν
593 4205 818 4277 Περσῶν
853 4205 1074 4277 βασιλέα
1112 4207 1315 4279 Κῦρον,
1346 4203 1407 4263 οῦ
1439 4209 1534 4262 καὶ
1564 4209 1653 4263 διὰ
1683 4209 1789 4262 τῶν

201 4297 520 4369 ἔμπροσθεν
571 4297 976 4368 ἐμνημόνευσεν
1025 4300 1055 4350 6
1099 4298 1290 4367 λόγος·
1327 4300 1402 4364 ὡς
1453 4300 1580 4372 περὶ
1623 4299 1789 4354 αὑτοῦ

201 4390 465 4461 λέγεσθαι
487 4390 570 4454 τὸ,
610 4409 629 4442 ι
663 4391 840 4444 Πᾶσαι
865 4390 1049 4444 αἰόδοί
1081 4391 1248 4444 αὑτοῦ
1280 4391 1504 4457 εὐθεῖαι,
1537 4412 1555 4443 ι
1582 4393 1614 4464 ἢ
1650 4392 1792 4446 κατὰ

1888 3242 2127 3297 minibus
2171 3240 2478 3311 apparari:
2528 3240 2840 3312 malumque
2890 3239 3143 3303 firmavi,
3197 3249 3250 3293 et
3302 3238 3474 3294 astris

1885 3335 2151 3390 exornavi
2184 3351 2198 3388 :
2246 3335 2447 3404 quibus
2491 3333 2724 3404 praecepi
2757 3343 2816 3386 ut
2853 3332 3122 3386 concinne
3161 3340 3217 3384 et
3259 3333 3474 3383 harmo-

1888 3430 2013 3484 nico
2054 3436 2199 3481 motu
2241 3425 2638 3497 procederent;
2677 3439 2799 3479 cum
2843 3433 2900 3477 nt
2935 3433 3140 3478 terram
3175 3419 3470 3475 incolenti-

1888 3521 1988 3577 bus
2013 3521 2277 3588 lncerent,
2313 3515 2434 3575 tum’
2454 3526 2512 3573 ut
2537 3527 2716 3574 essent
2740 3518 2791 3572 in
2818 3517 2996 3587 signa,
3025 3516 3077 3569 in
3121 3525 3385 3581 tempora,
3417 3511 3471 3566 in

1889 3614 2026 3683 dies,
2063 3628 2279 3668 menses
2305 3621 2362 3668 et
2391 3626 2584 3667 annos.

1960 3772 2126 3826 Vens.
2157 3771 2244 3826 15.
2281 3789 2299 3822 ι
2326 3770 2438 3840 Ego
2462 3768 2690 3824 excitavi
2718 3782 2840 3822 eum
2876 3782 2998 3822 cum
3025 3765 3236 3835 iustitia
3269 3779 3472 3837 regem,

1888 3875 1943 3921 et
1982 3881 2172 3920 omnes
2213 3866 2314 3918 via:
2353 3863 2471 3931 ejus
2514 3872 2700 3918 rectm.
2742 3861 2844 3916 llic
2874 3861 3165 3916 :edificabit
3195 3860 3473 3915 civitatem

1891 3973 2102 4021 meam,
2151 3965 2201 4011 et
2251 3956 2620 4024 captivitatem
2683 3954 2863 4025 populi
2911 3954 3016 4008 mei
3060 3957 3321 4018 reducet,
3363 3967 3474 4007 non

1891 4052 2081 4120 pretio.
2136 4063 2314 4118 neque
2360 4047 2697 4111 muneribus,
2747 4046 2826 4099 ait
2867 4045 3128 4099 Dominus
3162 4042 3422 4097 Sabaoth.
3449 4061 3471 4094 ι

1891 4144 2058 4211 Quem
2105 4150 2196 4195 aut
2226 4139 2440 4208 qualem
2475 4137 2566 4192 hic
2607 4135 2910 4191 memorat?
2954 4135 3160 4206 Cyrum
3185 4134 3475 4188 Persarum

1893 4250 2111 4303 regem,
2172 4233 2316 4286 dicet
2363 4229 2633 4300 quispiam
2662 4266 2678 4294 ,
2725 4226 2882 4296 cujus
2937 4226 2990 4280 in
3043 4223 3477 4294 praecedentibus

1893 4325 2172 4391 meminit;
2230 4326 2317 4380 ita
2353 4332 2412 4377 ut
2461 4327 2528 4376 de
2572 4319 2666 4375 illo
2717 4318 3034 4381 diceretur,
3091 4330 3328 4387 «omnes
3376 4314 3478 4368 via:

1892 4421 2009 4489 ejus
2049 4425 2289 4480 rectae”
2351 4416 2466 4470 sive
2512 4414 2808 4469 secundum
2863 4411 3293 4482 Symmachum,
3361 4407 3477 4462 «Et

202 4484 290 4538 τὸν
320 4483 642 4554 Σύμμαχον,
680 4501 697 4534 ι
732 4481 842 4536 Καὶ
869 4481 1049 4547 πάσας
1076 4481 1174 4548 τὰς
1195 4483 1346 4547 ὁδοὺς
1375 4483 1540 4537 αὐτοῦ
1564 4484 1786 4538 εύθυνῶ.

1896 4481 2083 4570 omnes
2123 4511 2238 4566 vias
2287 4509 2406 4580 ejus
2453 4515 2629 4564 rectas
2668 4481 3004 4563 faciamaEt
3055 4504 3142 4560 hic
3181 4503 3478 4560 :edificabit

204 4577 315 4631 Καὶ
346 4571 502 4638 οὗτος
522 4575 865 4646 οἰκοδομήσει
891 4573 988 4645 τὴν
1017 4575 1173 4628 πόλιν
1209 4593 1330 4647 μου.
1366 4595 1384 4626 ι
1418 4577 1654 4648 Δυνάμει
1679 4576 1786 4649 γὰρ

1894 4609 2166 4663 civitatem
2200 4620 2397 4661 meam.
2427 4623 2445 4656 ι
2495 4602 2630 4657 Nam
2663 4602 2753 4657 hic
2782 4602 3014 4672 quadam
3048 4601 3256 4654 ratione
3285 4599 3476 4654 civita-

205 4669 372 4731 αὐτὸς
403 4663 473 4736 ἦν
505 4668 533 4719 6
569 4666 667 4737 τὴν
701 4666 856 4720 πόλιν
888 4666 1249 4737 οἰκοδομήσας
1276 4667 1373 4738 τήν
1415 4667 1788 4739 Ἰερουσαλὴμ,

205 4759 290 4815 διὰ
321 4759 420 4813 τοῦ
456 4758 858 4828 συγχωρεῖσθαι
889 4760 1002 4821 τοῖς
1027 4757 1298 4812 ἐθέλουσιν
1319 4759 1526 4813 ἀνιέναι
1557 4760 1664 4813 ἀπὸ
1693 4763 1795 4831 τῆς

209 4851 550 4914 Βαϐυλῶνος,
582 4851 676 4903 καὶ
707 4850 1012 4922 ἀνεγείρειν
1039 4850 1128 4903 τὸν
1150 4851 1334 4904 τόπον.
1356 4851 1525 4904 Τοῦτο
1552 4852 1792 4924 ἐπλήρου

208 4943 350 4998 κατὰ
399 4943 500 5013 τὴν
557 4943 798 5012 ἱστορίαν
853 4945 882 4995 ὁ
935 4940 1197 5012 δηλωθείς
1240 4941 1465 5012 Περσῶν
1517 4940 1788 5010 βασιλεύς.

211 5035 407 5098 Ἄλλος
433 5034 476 5087 δ’
513 5033 579 5088 ἂν
602 5034 746 5087 εἴποι
776 5032 951 5088 ταῦτα
984 5032 1236 5102 λέγεσθαι
1269 5035 1398 5106 περὶ
1427 5033 1521 5086 τοῦ
1555 5032 1792 5104 Ζοροϐά-

211 5127 326 5193 ϐελ,
347 5127 429 5191 ὃς,
455 5125 566 5180 ἀπὸ
592 5125 685 5178 τοῦ
722 5125 1000 5196 βασιλικοῦ
1041 5125 1230 5194 γένους
1255 5124 1596 5197 ὁρμώμενος,
1627 5121 1696 5196 ἦν
1727 5126 1794 5179 ἐκ

214 5221 386 5292 φυλῆς
411 5217 583 5273 Ἰούδα
615 5218 710 5271 καὶ
738 5220 840 5288 τῆς
873 5217 967 5270 τοῦ
995 5215 1156 5270 Δαυῖδ
1187 5216 1456 5288 διαδοχῆς.
1505 5215 1664 5270 Ἀλλὰ
1697 5215 1791 5269 καὶ

214 5311 310 5383 τὴν
357 5309 468 5363 τῶν
510 5307 700 5380 ψυχῶν
731 5307 1106 5380 αἰχμαλωσίαν
1135 5307 1294 5380 μόνος
1343 5309 1371 5360 6
1408 5307 1643 5380 Χριστὸς
1689 5307 1792 5359 ἀπ-

215 5399 468 5476 έστρεψε,
492 5403 590 5474 τῆς
616 5402 937 5472 δαιμνικῆς
956 5401 1161 5473 πλάνης
1179 5400 1548 5472 ἐλευθερώσας
1569 5401 1663 5454 καὶ
1681 5400 1792 5453 δου-

216 5491 360 5556 λείας
380 5511 394 5523 ·
437 5493 534 5547 καὶ¹
569 5490 728 5546 τοῦτο
755 5491 990 5563 ἔπραξεν
1022 5493 1083 5546 οὐ
1123 5492 1260 5562 μετὰ
1284 5491 1515 5563 λύτρων,
1544 5492 1664 5546 οὐδὲ
1696 5509 1794 5563 με-

217 5579 281 5633 τὰ
317 5579 537 5652 δώρωψ
589 5581 620 5634 ὃ
655 5579 717 5636 δὴ
749 5581 844 5633 καὶ
878 5581 1121 5634 διδάσκει
1162 5581 1191 5632 ὁ
1231 5580 1550 5645 Ἀποστολος
1589 5581 1787 5637 εἰπών·

227 5687 245 5720 ι
279 5669 474 5742 Χάριτί
501 5673 624 5725 ὲστε
657 5671 1008 5743 σεσωσμένοι.
1054 5692 1072 5724 ι

292 5779 312 5812 ι
340 5760 498 5818 Uitam
533 5760 684 5831 λέγει
719 5760 923 5833 Κύριος
967 5759 1192 5817 Σαϐαὼθ
1220 5779 1229 5790 ·
1278 5763 1593 5818 Ἐκοπίασεν
1623 5764 1786 5831 Δίγυ-

1893 4709 1998 4756 tem
2019 4699 2448 4769 Hierosolymam
2478 4696 2795 4760 :edificavit,
2828 4694 2952 4764 quia
2977 4692 3244 4748 volentem
3286 4705 3476 4761 quem-

1893 4809 1998 4864 que
2041 4792 2312 4862 permisit,
2367 4789 2638 4861 Babyloue
2697 4785 3008 4857 proficisci,
3058 4796 3112 4840 et
3160 4785 3335 4840 locum
3387 4799 3475 4837 reo

1893 4897 2162 4941 staurare.
2183 4883 2328 4947 Haec,
2353 4882 2649 4936 secundum
2684 4879 2990 4942 historiam,
3020 4883 3352 4932 memoratus
3381 4889 3474 4928 rex

1896 4976 2186 5032 Persarum
2243 4973 2508 5042 implevit.
2560 4972 2713 5028 Alius
2764 4987 2894 5027 vero
2938 4970 3206 5040 quispiam
3255 4965 3472 5030 dixerit,

1899 5071 2016 5126 hzec
2056 5069 2120 5123 de
2151 5064 2485 5122 Zorobabele
2516 5065 2646 5132 dici,
2677 5065 2768 5135 qui
2810 5079 2876 5118 ex
2914 5064 3058 5132 regia
3089 5061 3259 5130 stirpe
3289 5059 3476 5112 oriun-

1899 5164 2021 5227 dus,
2052 5176 2117 5215 ex
2158 5160 2297 5214 tribu
2333 5157 2468 5214 Juda
2512 5168 2567 5213 et
2601 5173 2666 5211 ex
2709 5155 3057 5212 successione
3085 5152 3302 5207 Davidis
3331 5158 3470 5204 erat.

1896 5255 2009 5311 lmo
2059 5269 2188 5309 vero
2240 5252 2389 5308 solus
2435 5252 2686 5306 Christus
2742 5249 3046 5302 animarum
3107 5242 3472 5312 captivitatem

1897 5348 2132 5408 reduxit,
2197 5357 2360 5416 atque
2411 5361 2441 5398 a
2499 5344 2805 5398 dzemonum
2868 5352 3056 5395 errore
3109 5334 3475 5403 servituteque

1897 5440 2150 5496 liberavit
2189 5458 2202 5493 :
2249 5439 2412 5507 idque
2445 5435 2595 5500 fecit,
2641 5450 2746 5489 non
2793 5432 2969 5503 pretio
3012 5445 3080 5484 ac
3121 5427 3471 5482 muneribus-

1897 5532 2041 5602 quod
2080 5533 2248 5587 etiam
2291 5533 2448 5587 docet
2481 5527 2792 5598 Apostolus,
2825 5526 3046 5581 dicens:
3069 5542 3088 5576 ι
3113 5521 3300 5579 Gratia
3339 5520 3472 5576 salvi

1902 5627 2028 5681 facti
2061 5626 2214 5681 estis.
2246 5644 2264 5678 ι

1974 5758 2138 5819 Vens.
2168 5761 2253 5817 Η.
2288 5779 2305 5816 ι
2337 5761 2427 5816 Sic
2469 5760 2600 5817 dicit
2637 5758 2894 5816 Dominus
2927 5757 3162 5814 Sabaoth
3193 5773 3204 5809 :
3236 5752 3474 5809 Laborat-
