  <div class='ocr_page' id='page_1' title='image "/cluster/home/n/w/nwhite01/storage/ocr_20150623/24/hvd.32044019207729/213.png"; bbox 0 0 3968 6510; ppageno 0'>
   <div class='ocr_carea' id='block_1_1' title="bbox 504 403 610 458">
    <p class='ocr_par' dir='ltr' id='par_1_1' title="bbox 504 403 610 458">
     <span class='ocr_line' id='line_1_1' title="bbox 504 403 610 458; baseline 0.009 -1"><span class='ocrx_word' id='word_1_1' title='bbox 504 403 610 458; x_wconf 78' lang='grc'><strong>413</strong></span> 
     </span>
    </p>
   </div>
   <div class='ocr_carea' id='block_1_2' title="bbox 1178 398 3068 462">
    <p class='ocr_par' dir='ltr' id='par_1_2' title="bbox 1178 398 3068 462">
     <span class='ocr_line' id='line_1_2' title="bbox 1178 398 3068 462; baseline -0.001 -5"><span class='ocrx_word' id='word_1_2' title='bbox 1178 402 1450 460; x_wconf 87' lang='lat' dir='ltr'><strong>EUSEBII</strong></span> <span class='ocrx_word' id='word_1_3' title='bbox 1487 402 1962 462; x_wconf 64' lang='lat' dir='ltr'><strong>CASSARIENSIS</strong></span> <span class='ocrx_word' id='word_1_4' title='bbox 2000 403 2152 460; x_wconf 87' lang='lat' dir='ltr'><strong>OPP.</strong></span> <span class='ocrx_word' id='word_1_5' title='bbox 2195 405 2374 460; x_wconf 80' lang='lat' dir='ltr'><strong>PARS</strong></span> <span class='ocrx_word' id='word_1_6' title='bbox 2413 405 2505 461; x_wconf 91' lang='lat' dir='ltr'><strong>lll.</strong></span> <span class='ocrx_word' id='word_1_7' title='bbox 2545 435 2613 447; x_wconf 91' lang='lat'>—</span> <span class='ocrx_word' id='word_1_8' title='bbox 2652 398 3068 458; x_wconf 75' lang='lat' dir='ltr'><strong>EXEGETICA.</strong></span> 
     </span>
    </p>
   </div>
   <div class='ocr_carea' id='block_1_3' title="bbox 3648 381 3778 452">
    <p class='ocr_par' dir='ltr' id='par_1_3' title="bbox 3648 381 3778 452">
     <span class='ocr_line' id='line_1_3' title="bbox 3648 381 3778 452; baseline 0 -1"><span class='ocrx_word' id='word_1_9' title='bbox 3648 381 3778 452; x_wconf 62' lang='grc' dir='ltr'><strong>εἰσ</strong></span> 
     </span>
    </p>
   </div>
   <div class='ocr_carea' id='block_1_4' title="bbox 504 513 2084 592">
    <p class='ocr_par' dir='ltr' id='par_1_4' title="bbox 504 519 2076 592">
     <span class='ocr_line' id='line_1_4' title="bbox 504 519 2076 592; baseline 0.001 -18"><span class='ocrx_word' id='word_1_10' title='bbox 504 532 583 576; x_wconf 79' lang='lat' dir='ltr'><strong>vit</strong></span> <span class='ocrx_word' id='word_1_11' title='bbox 611 524 895 592; x_wconf 64' lang='lat' dir='ltr'><strong>Aligyplus,</strong></span> <span class='ocrx_word' id='word_1_12' title='bbox 941 530 996 574; x_wconf 90' lang='lat' dir='ltr'><strong>et</strong></span> <span class='ocrx_word' id='word_1_13' title='bbox 1038 520 1332 590; x_wconf 86' lang='lat' dir='ltr'><strong>negotiatio</strong></span> <span class='ocrx_word' id='word_1_14' title='bbox 1367 519 1708 590; x_wconf 66' lang='lat' dir='ltr'><strong>)Ethiopum,</strong></span> <span class='ocrx_word' id='word_1_15' title='bbox 1754 533 1806 577; x_wconf 88' lang='lat' dir='ltr'><strong>et</strong></span> <span class='ocrx_word' id='word_1_16' title='bbox 1855 522 2076 577; x_wconf 86' lang='lat' dir='ltr'><strong>Sabaim</strong></span> 
     </span>
    </p>
   </div>
   <div class='ocr_carea' id='block_1_5' title="bbox 2191 513 3785 592">
    <p class='ocr_par' dir='ltr' id='par_1_5' title="bbox 2191 513 3785 592">
     <span class='ocr_line' id='line_1_5' title="bbox 2191 513 3785 592; baseline -0.004 -19"><span class='ocrx_word' id='word_1_17' title='bbox 2191 539 2332 584; x_wconf 78' lang='grc' dir='ltr'>πτος,</span> <span class='ocrx_word' id='word_1_18' title='bbox 2366 523 2460 576; x_wconf 73' lang='grc' dir='ltr'><strong>καὶ</strong></span> <span class='ocrx_word' id='word_1_19' title='bbox 2498 521 2737 592; x_wconf 84' lang='grc' dir='ltr'>ἐμπορία</span> <span class='ocrx_word' id='word_1_20' title='bbox 2764 519 3056 578; x_wconf 82' lang='grc' dir='ltr'><strong>Αἰθιόπων,</strong></span> <span class='ocrx_word' id='word_1_21' title='bbox 3093 517 3187 569; x_wconf 79' lang='grc' dir='ltr'><strong>καὶ</strong></span> <span class='ocrx_word' id='word_1_22' title='bbox 3223 516 3272 568; x_wconf 83' lang='grc' dir='ltr'><strong>οἱ</strong></span> <span class='ocrx_word' id='word_1_23' title='bbox 3305 516 3548 585; x_wconf 67' lang='grc' dir='ltr'>Σαοαεὶμ</span> <span class='ocrx_word' id='word_1_24' title='bbox 3571 513 3785 586; x_wconf 75' lang='grc' dir='ltr'>ἄνδρες</span> 
     </span>
    </p>
   </div>
   <div class='ocr_carea' id='block_1_6' title="bbox 503 611 2084 681">
    <p class='ocr_par' dir='ltr' id='par_1_6' title="bbox 503 611 2084 681">
     <span class='ocr_line' id='line_1_6' title="bbox 503 611 2084 681; baseline 0 -13"><span class='ocrx_word' id='word_1_25' title='bbox 503 616 605 668; x_wconf 86' lang='lat' dir='ltr'><strong>viri</strong></span> <span class='ocrx_word' id='word_1_26' title='bbox 645 613 841 668; x_wconf 83' lang='lat' dir='ltr'><strong>excelsi</strong></span> <span class='ocrx_word' id='word_1_27' title='bbox 883 612 948 666; x_wconf 89' lang='lat' dir='ltr'><strong>ad</strong></span> <span class='ocrx_word' id='word_1_28' title='bbox 985 622 1034 667; x_wconf 90' lang='lat' dir='ltr'><strong>te</strong></span> <span class='ocrx_word' id='word_1_29' title='bbox 1063 611 1392 678; x_wconf 85' lang='lat' dir='ltr'><strong>transibunt,</strong></span> <span class='ocrx_word' id='word_1_30' title='bbox 1429 623 1484 666; x_wconf 90' lang='lat' dir='ltr'><strong>et</strong></span> <span class='ocrx_word' id='word_1_31' title='bbox 1512 613 1605 667; x_wconf 92' lang='lat' dir='ltr'><strong>tibi</strong></span> <span class='ocrx_word' id='word_1_32' title='bbox 1638 614 1782 668; x_wconf 83' lang='lat' dir='ltr'><strong>servi</strong></span> <span class='ocrx_word' id='word_1_33' title='bbox 1813 623 1995 681; x_wconf 91' lang='lat' dir='ltr'><strong>erunt,</strong></span> <span class='ocrx_word' id='word_1_34' title='bbox 2029 624 2084 669; x_wconf 87' lang='lat' dir='ltr'><strong>et</strong></span> 
     </span>
    </p>
   </div>
   <div class='ocr_carea' id='block_1_7' title="bbox 502 704 2080 774">
    <p class='ocr_par' dir='ltr' id='par_1_7' title="bbox 502 704 2080 774">
     <span class='ocr_line' id='line_1_7' title="bbox 502 704 2080 774; baseline -0.001 -12"><span class='ocrx_word' id='word_1_35' title='bbox 502 714 625 774; x_wconf 82' lang='lat' dir='ltr'><strong>post</strong></span> <span class='ocrx_word' id='word_1_36' title='bbox 655 715 705 760; x_wconf 88' lang='lat' dir='ltr'><strong>te</strong></span> <span class='ocrx_word' id='word_1_37' title='bbox 735 713 1027 774; x_wconf 74' lang='lat' dir='ltr'><strong>sequentur</strong></span> <span class='ocrx_word' id='word_1_38' title='bbox 1069 705 1238 759; x_wconf 84' lang='lat' dir='ltr'><strong>vincti</strong></span> <span class='ocrx_word' id='word_1_39' title='bbox 1281 704 1550 758; x_wconf 89' lang='lat' dir='ltr'><strong>manicis:</strong></span> <span class='ocrx_word' id='word_1_40' title='bbox 1577 713 1634 760; x_wconf 84' lang='lat' dir='ltr'><strong>et</strong></span> <span class='ocrx_word' id='word_1_41' title='bbox 1667 707 1978 760; x_wconf 86' lang='lat' dir='ltr'><strong>transibunt</strong></span> <span class='ocrx_word' id='word_1_42' title='bbox 2016 707 2080 761; x_wconf 87' lang='lat' dir='ltr'><strong>ad</strong></span> 
     </span>
    </p>
   </div>
   <div class='ocr_carea' id='block_1_8' title="bbox 505 797 2083 868">
    <p class='ocr_par' dir='ltr' id='par_1_8' title="bbox 505 797 2083 868">
     <span class='ocr_line' id='line_1_8' title="bbox 505 797 2083 868; baseline 0.003 -19"><span class='ocrx_word' id='word_1_43' title='bbox 505 807 557 850; x_wconf 92' lang='lat' dir='ltr'><strong>te</strong></span> <span class='ocrx_word' id='word_1_44' title='bbox 581 840 596 863; x_wconf 91' lang='lat'><strong>,</strong></span> <span class='ocrx_word' id='word_1_45' title='bbox 634 806 685 849; x_wconf 89' lang='lat' dir='ltr'><strong>et</strong></span> <span class='ocrx_word' id='word_1_46' title='bbox 723 797 1028 852; x_wconf 88' lang='lat' dir='ltr'><strong>adorabunt</strong></span> <span class='ocrx_word' id='word_1_47' title='bbox 1056 805 1107 851; x_wconf 91' lang='lat' dir='ltr'><strong>te</strong></span> <span class='ocrx_word' id='word_1_48' title='bbox 1133 814 1147 864; x_wconf 93' lang='lat'><strong>;</strong></span> <span class='ocrx_word' id='word_1_49' title='bbox 1183 806 1235 852; x_wconf 91' lang='lat' dir='ltr'><strong>et</strong></span> <span class='ocrx_word' id='word_1_50' title='bbox 1265 797 1317 850; x_wconf 93' lang='lat' dir='ltr'><strong>in</strong></span> <span class='ocrx_word' id='word_1_51' title='bbox 1359 804 1409 851; x_wconf 90' lang='lat' dir='ltr'><strong>te</strong></span> <span class='ocrx_word' id='word_1_52' title='bbox 1435 799 1802 867; x_wconf 88' lang='lat' dir='ltr'><strong>precabuntur</strong></span> <span class='ocrx_word' id='word_1_53' title='bbox 1827 816 1840 853; x_wconf 92' lang='lat'>:</span> <span class='ocrx_word' id='word_1_54' title='bbox 1869 801 1994 868; x_wconf 85' lang='lat' dir='ltr'><strong>quia</strong></span> <span class='ocrx_word' id='word_1_55' title='bbox 2028 799 2083 853; x_wconf 91' lang='lat' dir='ltr'><strong>in</strong></span> 
     </span>
    </p>
   </div>
   <div class='ocr_carea' id='block_1_9' title="bbox 512 889 2083 962">
    <p class='ocr_par' dir='ltr' id='par_1_9' title="bbox 512 889 2083 962">
     <span class='ocr_line' id='line_1_9' title="bbox 512 889 2083 962; baseline 0.001 -19"><span class='ocrx_word' id='word_1_56' title='bbox 512 899 562 943; x_wconf 85' lang='lat' dir='ltr'><strong>te</strong></span> <span class='ocrx_word' id='word_1_57' title='bbox 592 890 734 944; x_wconf 90' lang='lat' dir='ltr'><strong>Deus</strong></span> <span class='ocrx_word' id='word_1_58' title='bbox 759 898 863 957; x_wconf 89' lang='lat' dir='ltr'><strong>est,</strong></span> <span class='ocrx_word' id='word_1_59' title='bbox 891 899 946 943; x_wconf 90' lang='lat' dir='ltr'><strong>et</strong></span> <span class='ocrx_word' id='word_1_60' title='bbox 973 905 1079 944; x_wconf 93' lang='lat' dir='ltr'><strong>non</strong></span> <span class='ocrx_word' id='word_1_61' title='bbox 1105 898 1187 944; x_wconf 90' lang='lat' dir='ltr'><strong>est</strong></span> <span class='ocrx_word' id='word_1_62' title='bbox 1211 890 1352 944; x_wconf 88' lang='lat' dir='ltr'><strong>Deus</strong></span> <span class='ocrx_word' id='word_1_63' title='bbox 1387 900 1587 960; x_wconf 48' lang='lat' dir='ltr'><strong>printer</strong></span> <span class='ocrx_word' id='word_1_64' title='bbox 1628 898 1698 944; x_wconf 92' lang='lat' dir='ltr'><strong>te.</strong></span> <span class='ocrx_word' id='word_1_65' title='bbox 1731 909 1748 941; x_wconf 74' lang='grc' dir='ltr'><strong>ι</strong></span> <span class='ocrx_word' id='word_1_66' title='bbox 1793 889 2083 962; x_wconf 66' lang='lat' dir='ltr'><strong>Egyptum</strong></span> 
     </span>
    </p>
   </div>
   <div class='ocr_carea' id='block_1_10' title="bbox 508 981 2087 1051">
    <p class='ocr_par' dir='ltr' id='par_1_10' title="bbox 508 981 2087 1051">
     <span class='ocr_line' id='line_1_10' title="bbox 508 981 2087 1051; baseline 0.003 -16"><span class='ocrx_word' id='word_1_67' title='bbox 508 984 584 1036; x_wconf 94' lang='lat' dir='ltr'><strong>ait</strong></span> <span class='ocrx_word' id='word_1_68' title='bbox 613 982 929 1036; x_wconf 68' lang='lat' dir='ltr'><strong>idololatria:</strong></span> <span class='ocrx_word' id='word_1_69' title='bbox 969 996 1157 1036; x_wconf 91' lang='lat' dir='ltr'><strong>errore</strong></span> <span class='ocrx_word' id='word_1_70' title='bbox 1195 981 1495 1043; x_wconf 87' lang='lat' dir='ltr'><strong>laborasse,</strong></span> <span class='ocrx_word' id='word_1_71' title='bbox 1541 981 1756 1051; x_wconf 82' lang='lat' dir='ltr'><strong>quando</strong></span> <span class='ocrx_word' id='word_1_72' title='bbox 1790 982 2003 1038; x_wconf 84' lang='lat' dir='ltr'><strong>diabolo</strong></span> <span class='ocrx_word' id='word_1_73' title='bbox 2031 992 2087 1039; x_wconf 86' lang='lat' dir='ltr'><strong>et</strong></span> 
     </span>
    </p>
   </div>
   <div class='ocr_carea' id='block_1_11' title="bbox 502 1073 2083 1143">
    <p class='ocr_par' dir='ltr' id='par_1_11' title="bbox 502 1073 2083 1143">
     <span class='ocr_line' id='line_1_11' title="bbox 502 1073 2083 1143; baseline 0.001 -14"><span class='ocrx_word' id='word_1_74' title='bbox 502 1074 777 1129; x_wconf 85' lang='lat' dir='ltr'><strong>ministris</strong></span> <span class='ocrx_word' id='word_1_75' title='bbox 815 1074 932 1142; x_wconf 86' lang='lat' dir='ltr'><strong>ejus</strong></span> <span class='ocrx_word' id='word_1_76' title='bbox 981 1074 1320 1128; x_wconf 76' lang='lat' dir='ltr'><strong>dzemouibus</strong></span> <span class='ocrx_word' id='word_1_77' title='bbox 1364 1073 1608 1143; x_wconf 84' lang='lat' dir='ltr'><strong>subjecta</strong></span> <span class='ocrx_word' id='word_1_78' title='bbox 1649 1085 1808 1128; x_wconf 85' lang='lat' dir='ltr'><strong>erat:</strong></span> <span class='ocrx_word' id='word_1_79' title='bbox 1845 1085 2083 1130; x_wconf 86' lang='lat' dir='ltr'><strong>attamen</strong></span> 
     </span>
    </p>
   </div>
   <div class='ocr_carea' id='block_1_12' title="bbox 502 1165 2081 1236">
    <p class='ocr_par' dir='ltr' id='par_1_12' title="bbox 502 1165 2081 1236">
     <span class='ocr_line' id='line_1_12' title="bbox 502 1165 2081 1236; baseline -0.001 -14"><span class='ocrx_word' id='word_1_80' title='bbox 502 1184 533 1222; x_wconf 91' lang='lat' dir='ltr'><strong>a</strong></span> <span class='ocrx_word' id='word_1_81' title='bbox 586 1166 777 1222; x_wconf 85' lang='lat' dir='ltr'><strong>labore</strong></span> <span class='ocrx_word' id='word_1_82' title='bbox 831 1166 1186 1221; x_wconf 86' lang='lat' dir='ltr'><strong>recreandam</strong></span> <span class='ocrx_word' id='word_1_83' title='bbox 1237 1165 1527 1236; x_wconf 60' lang='lat' dir='ltr'><strong>[Egyptum</strong></span> <span class='ocrx_word' id='word_1_84' title='bbox 1582 1178 1703 1220; x_wconf 90' lang='lat' dir='ltr'><strong>esse</strong></span> <span class='ocrx_word' id='word_1_85' title='bbox 1755 1165 2081 1234; x_wconf 84' lang='lat' dir='ltr'><strong>pollicetur:</strong></span> 
     </span>
    </p>
   </div>
   <div class='ocr_carea' id='block_1_13' title="bbox 502 1257 2080 1328">
    <p class='ocr_par' dir='ltr' id='par_1_13' title="bbox 502 1257 2080 1328">
     <span class='ocr_line' id='line_1_13' title="bbox 502 1257 2080 1328; baseline 0.001 -16"><span class='ocrx_word' id='word_1_86' title='bbox 502 1274 609 1328; x_wconf 91' lang='lat' dir='ltr'><strong>qua</strong></span> <span class='ocrx_word' id='word_1_87' title='bbox 658 1267 827 1314; x_wconf 89' lang='lat' dir='ltr'><strong>totum</strong></span> <span class='ocrx_word' id='word_1_88' title='bbox 868 1258 1186 1312; x_wconf 72' lang='lat' dir='ltr'><strong>idololatriae</strong></span> <span class='ocrx_word' id='word_1_89' title='bbox 1242 1273 1412 1327; x_wconf 88' lang='lat' dir='ltr'><strong>genus</strong></span> <span class='ocrx_word' id='word_1_90' title='bbox 1455 1257 1779 1311; x_wconf 90' lang='lat' dir='ltr'><strong>subindicat.</strong></span> <span class='ocrx_word' id='word_1_91' title='bbox 1832 1275 1852 1308; x_wconf 73' lang='grc' dir='ltr'><strong>ι</strong></span> <span class='ocrx_word' id='word_1_92' title='bbox 1881 1257 1946 1311; x_wconf 80' lang='lat' dir='ltr'><strong>Et</strong></span> <span class='ocrx_word' id='word_1_93' title='bbox 1981 1257 2080 1312; x_wconf 87' lang='lat' dir='ltr'><strong>Sa-</strong></span> 
     </span>
    </p>
   </div>
   <div class='ocr_carea' id='block_1_14' title="bbox 502 1349 2085 1421">
    <p class='ocr_par' dir='ltr' id='par_1_14' title="bbox 502 1349 2085 1421">
     <span class='ocr_line' id='line_1_14' title="bbox 502 1349 2085 1421; baseline 0.001 -17"><span class='ocrx_word' id='word_1_94' title='bbox 502 1351 650 1405; x_wconf 87' lang='lat' dir='ltr'><strong>baim</strong></span> <span class='ocrx_word' id='word_1_95' title='bbox 684 1351 787 1405; x_wconf 91' lang='lat' dir='ltr'><strong>viri</strong></span> <span class='ocrx_word' id='word_1_96' title='bbox 826 1349 1047 1406; x_wconf 82' lang='lat' dir='ltr'><strong>excelsi.</strong></span> <span class='ocrx_word' id='word_1_97' title='bbox 1083 1370 1102 1403; x_wconf 79' lang='grc'><strong>»</strong></span> <span class='ocrx_word' id='word_1_98' title='bbox 1146 1349 1310 1417; x_wconf 85' lang='lat' dir='ltr'><strong>Queis</strong></span> <span class='ocrx_word' id='word_1_99' title='bbox 1353 1350 1662 1421; x_wconf 76' lang='lat' dir='ltr'><strong>significare</strong></span> <span class='ocrx_word' id='word_1_100' title='bbox 1706 1349 1916 1405; x_wconf 87' lang='lat' dir='ltr'><strong>videtur</strong></span> <span class='ocrx_word' id='word_1_101' title='bbox 1957 1351 2085 1406; x_wconf 64' lang='lat' dir='ltr'><strong>bar«</strong></span> 
     </span>
    </p>
   </div>
   <div class='ocr_carea' id='block_1_15' title="bbox 501 1443 2087 1513">
    <p class='ocr_par' dir='ltr' id='par_1_15' title="bbox 501 1443 2087 1513">
     <span class='ocr_line' id='line_1_15' title="bbox 501 1443 2087 1513; baseline 0.002 -15"><span class='ocrx_word' id='word_1_102' title='bbox 501 1443 664 1498; x_wconf 88' lang='lat' dir='ltr'><strong>baras</strong></span> <span class='ocrx_word' id='word_1_103' title='bbox 699 1444 957 1512; x_wconf 85' lang='lat' dir='ltr'><strong>quasdam</strong></span> <span class='ocrx_word' id='word_1_104' title='bbox 1003 1443 1376 1513; x_wconf 85' lang='lat' dir='ltr'><strong>immanesque</strong></span> <span class='ocrx_word' id='word_1_105' title='bbox 1411 1451 1625 1513; x_wconf 84' lang='lat' dir='ltr'><strong>gentes,</strong></span> <span class='ocrx_word' id='word_1_106' title='bbox 1655 1453 1897 1497; x_wconf 82' lang='lat' dir='ltr'><strong>extrema</strong></span> <span class='ocrx_word' id='word_1_107' title='bbox 1929 1454 2087 1502; x_wconf 73' lang='lat' dir='ltr'><strong>terra:</strong></span> 
     </span>
    </p>
   </div>
   <div class='ocr_carea' id='block_1_16' title="bbox 505 1535 2082 1604">
    <p class='ocr_par' dir='ltr' id='par_1_16' title="bbox 505 1535 2082 1604">
     <span class='ocr_line' id='line_1_16' title="bbox 505 1535 2082 1604; baseline 0.003 -15"><span class='ocrx_word' id='word_1_108' title='bbox 505 1535 821 1601; x_wconf 73' lang='lat' dir='ltr'><strong>incolentes,</strong></span> <span class='ocrx_word' id='word_1_109' title='bbox 857 1550 996 1604; x_wconf 86' lang='lat' dir='ltr'><strong>quas</strong></span> <span class='ocrx_word' id='word_1_110' title='bbox 1027 1535 1245 1591; x_wconf 88' lang='lat' dir='ltr'><strong>Christo</strong></span> <span class='ocrx_word' id='word_1_111' title='bbox 1284 1537 1530 1591; x_wconf 88' lang='lat' dir='ltr'><strong>subditas</strong></span> <span class='ocrx_word' id='word_1_112' title='bbox 1569 1535 1686 1592; x_wconf 91' lang='lat' dir='ltr'><strong>fore</strong></span> <span class='ocrx_word' id='word_1_113' title='bbox 1720 1537 2082 1602; x_wconf 84' lang='lat' dir='ltr'><strong>vaticinatur;</strong></span> 
     </span>
    </p>
   </div>
   <div class='ocr_carea' id='block_1_17' title="bbox 505 1629 935 1696">
    <p class='ocr_par' dir='ltr' id='par_1_17' title="bbox 505 1629 935 1696">
     <span class='ocr_line' id='line_1_17' title="bbox 505 1629 935 1696; baseline 0.002 -14"><span class='ocrx_word' id='word_1_114' title='bbox 505 1643 682 1696; x_wconf 81' lang='lat' dir='ltr'><strong>quare</strong></span> <span class='ocrx_word' id='word_1_115' title='bbox 718 1629 935 1685; x_wconf 87' lang='lat' dir='ltr'><strong>subdit:</strong></span> 
     </span>
    </p>
   </div>
   <div class='ocr_carea' id='block_1_18' title="bbox 573 1867 2098 1967">
    <p class='ocr_par' dir='ltr' id='par_1_18' title="bbox 573 1867 2098 1967">
     <span class='ocr_line' id='line_1_18' title="bbox 573 1867 2098 1967; baseline 0.003 -21"><span class='ocrx_word' id='word_1_116' title='bbox 573 1890 740 1948; x_wconf 73' lang='lat' dir='ltr'><strong>Vens.</strong></span> <span class='ocrx_word' id='word_1_117' title='bbox 767 1895 854 1957; x_wconf 80' lang='lat' dir='ltr'><strong>l5,</strong></span> <span class='ocrx_word' id='word_1_118' title='bbox 888 1895 974 1950; x_wconf 78' lang='grc'><strong>16.</strong></span> <span class='ocrx_word' id='word_1_119' title='bbox 1014 1914 1032 1948; x_wconf 73' lang='grc' dir='ltr'><strong>ι</strong></span> <span class='ocrx_word' id='word_1_120' title='bbox 1055 1897 1122 1952; x_wconf 84' lang='grc' dir='ltr'>Ει</span> <span class='ocrx_word' id='word_1_121' title='bbox 1157 1907 1280 1967; x_wconf 90' lang='lat' dir='ltr'><strong>post</strong></span> <span class='ocrx_word' id='word_1_122' title='bbox 1315 1906 1366 1952; x_wconf 92' lang='lat' dir='ltr'><strong>te</strong></span> <span class='ocrx_word' id='word_1_123' title='bbox 1392 1905 1688 1967; x_wconf 87' lang='lat' dir='ltr'><strong>sequentur</strong></span> <span class='ocrx_word' id='word_1_124' title='bbox 1717 1896 1884 1952; x_wconf 89' lang='lat' dir='ltr'><strong>vincti</strong></span> <span class='ocrx_word' id='word_1_125' title='bbox 1916 1867 2098 1950; x_wconf 40' lang='lat' dir='ltr'><strong>mani:</strong></span> 
     </span>
    </p>
   </div>
   <div class='ocr_carea' id='block_1_19' title="bbox 501 1986 2084 2054">
    <p class='ocr_par' dir='ltr' id='par_1_19' title="bbox 501 1986 2084 2054">
     <span class='ocr_line' id='line_1_19' title="bbox 501 1986 2084 2054; baseline 0.001 -14"><span class='ocrx_word' id='word_1_126' title='bbox 501 1986 602 2040; x_wconf 90' lang='lat' dir='ltr'><strong>cis.</strong></span> <span class='ocrx_word' id='word_1_127' title='bbox 643 1986 721 2040; x_wconf 90' lang='lat' dir='ltr'><strong>Tu</strong></span> <span class='ocrx_word' id='word_1_128' title='bbox 757 1989 902 2042; x_wconf 89' lang='lat' dir='ltr'><strong>enim</strong></span> <span class='ocrx_word' id='word_1_129' title='bbox 951 2004 1011 2043; x_wconf 90' lang='lat' dir='ltr'><strong>es</strong></span> <span class='ocrx_word' id='word_1_130' title='bbox 1054 1990 1216 2054; x_wconf 88' lang='lat' dir='ltr'><strong>Deus,</strong></span> <span class='ocrx_word' id='word_1_131' title='bbox 1261 1998 1315 2044; x_wconf 92' lang='lat' dir='ltr'><strong>et</strong></span> <span class='ocrx_word' id='word_1_132' title='bbox 1355 1989 1703 2053; x_wconf 88' lang='lat' dir='ltr'><strong>nescivimus,</strong></span> <span class='ocrx_word' id='word_1_133' title='bbox 1735 1987 1878 2044; x_wconf 85' lang='lat' dir='ltr'><strong>Deus</strong></span> <span class='ocrx_word' id='word_1_134' title='bbox 1919 1988 2084 2042; x_wconf 86' lang='lat' dir='ltr'><strong>Israel</strong></span> 
     </span>
    </p>
   </div>
   <div class='ocr_carea' id='block_1_20' title="bbox 503 2079 2086 2137">
    <p class='ocr_par' dir='ltr' id='par_1_20' title="bbox 503 2079 2086 2137">
     <span class='ocr_line' id='line_1_20' title="bbox 503 2079 2086 2137; baseline 0.003 -5"><span class='ocrx_word' id='word_1_135' title='bbox 503 2079 766 2135; x_wconf 83' lang='lat' dir='ltr'><strong>salvator.</strong></span> <span class='ocrx_word' id='word_1_136' title='bbox 799 2081 1214 2137; x_wconf 82' lang='lat' dir='ltr'><strong>Confundeutur</strong></span> <span class='ocrx_word' id='word_1_137' title='bbox 1238 2091 1294 2136; x_wconf 92' lang='lat' dir='ltr'><strong>et</strong></span> <span class='ocrx_word' id='word_1_138' title='bbox 1323 2080 1649 2136; x_wconf 90' lang='lat' dir='ltr'><strong>erubescent</strong></span> <span class='ocrx_word' id='word_1_139' title='bbox 1683 2097 1871 2136; x_wconf 91' lang='lat' dir='ltr'><strong>omnes</strong></span> <span class='ocrx_word' id='word_1_140' title='bbox 1901 2082 2086 2136; x_wconf 88' lang='lat' dir='ltr'><strong>adver-</strong></span> 
     </span>
    </p>
   </div>
   <div class='ocr_carea' id='block_1_21' title="bbox 501 2171 2087 2242">
    <p class='ocr_par' dir='ltr' id='par_1_21' title="bbox 501 2171 2087 2242">
     <span class='ocr_line' id='line_1_21' title="bbox 501 2171 2087 2242; baseline 0.001 -16"><span class='ocrx_word' id='word_1_141' title='bbox 501 2171 632 2227; x_wconf 86' lang='lat' dir='ltr'><strong>sarii</strong></span> <span class='ocrx_word' id='word_1_142' title='bbox 674 2173 836 2242; x_wconf 85' lang='lat' dir='ltr'><strong>ejus:</strong></span> <span class='ocrx_word' id='word_1_143' title='bbox 889 2183 944 2228; x_wconf 91' lang='lat' dir='ltr'><strong>et</strong></span> <span class='ocrx_word' id='word_1_144' title='bbox 986 2174 1341 2230; x_wconf 79' lang='lat' dir='ltr'><strong>ambulabunt</strong></span> <span class='ocrx_word' id='word_1_145' title='bbox 1381 2174 1434 2228; x_wconf 93' lang='lat' dir='ltr'><strong>in</strong></span> <span class='ocrx_word' id='word_1_146' title='bbox 1471 2173 1810 2229; x_wconf 89' lang='lat' dir='ltr'><strong>confusione.</strong></span> <span class='ocrx_word' id='word_1_147' title='bbox 1857 2173 2087 2228; x_wconf 81' lang='lat' dir='ltr'><strong>lnnova-</strong></span> 
     </span>
    </p>
   </div>
   <div class='ocr_carea' id='block_1_22' title="bbox 500 2265 2089 2336">
    <p class='ocr_par' dir='ltr' id='par_1_22' title="bbox 500 2265 2089 2336">
     <span class='ocr_line' id='line_1_22' title="bbox 500 2265 2089 2336; baseline 0.001 -18"><span class='ocrx_word' id='word_1_148' title='bbox 500 2265 635 2319; x_wconf 89' lang='lat' dir='ltr'><strong>mini</strong></span> <span class='ocrx_word' id='word_1_149' title='bbox 681 2267 748 2320; x_wconf 88' lang='lat' dir='ltr'><strong>ad</strong></span> <span class='ocrx_word' id='word_1_150' title='bbox 787 2280 892 2334; x_wconf 90' lang='lat' dir='ltr'><strong>me,</strong></span> <span class='ocrx_word' id='word_1_151' title='bbox 932 2267 1142 2321; x_wconf 69' lang='lat' dir='ltr'><strong>insulae.</strong></span> <span class='ocrx_word' id='word_1_152' title='bbox 1172 2286 1191 2318; x_wconf 71' lang='grc' dir='ltr'><strong>ι</strong></span> <span class='ocrx_word' id='word_1_153' title='bbox 1240 2266 1522 2334; x_wconf 87' lang='lat' dir='ltr'><strong>Quomodo</strong></span> <span class='ocrx_word' id='word_1_154' title='bbox 1565 2266 1881 2322; x_wconf 83' lang='lat' dir='ltr'><strong>confusione</strong></span> <span class='ocrx_word' id='word_1_155' title='bbox 1915 2277 1969 2322; x_wconf 92' lang='lat' dir='ltr'><strong>et</strong></span> <span class='ocrx_word' id='word_1_156' title='bbox 1997 2283 2089 2336; x_wconf 89' lang='lat' dir='ltr'><strong>pu-</strong></span> 
     </span>
    </p>
   </div>
   <div class='ocr_carea' id='block_1_23' title="bbox 501 2357 2086 2428">
    <p class='ocr_par' dir='ltr' id='par_1_23' title="bbox 501 2357 2086 2428">
     <span class='ocr_line' id='line_1_23' title="bbox 501 2357 2086 2428; baseline 0 -16"><span class='ocrx_word' id='word_1_157' title='bbox 501 2359 635 2412; x_wconf 87' lang='lat' dir='ltr'><strong>dore</strong></span> <span class='ocrx_word' id='word_1_158' title='bbox 682 2359 872 2427; x_wconf 90' lang='lat' dir='ltr'><strong>repleti</strong></span> <span class='ocrx_word' id='word_1_159' title='bbox 926 2361 1058 2426; x_wconf 88' lang='lat' dir='ltr'><strong>sint,</strong></span> <span class='ocrx_word' id='word_1_160' title='bbox 1108 2375 1342 2426; x_wconf 90' lang='lat' dir='ltr'><strong>omnes,</strong></span> <span class='ocrx_word' id='word_1_161' title='bbox 1390 2359 1480 2428; x_wconf 91' lang='lat' dir='ltr'><strong>qui</strong></span> <span class='ocrx_word' id='word_1_162' title='bbox 1535 2358 1703 2413; x_wconf 86' lang='lat' dir='ltr'><strong>variis</strong></span> <span class='ocrx_word' id='word_1_163' title='bbox 1754 2357 2086 2428; x_wconf 87' lang='lat' dir='ltr'><strong>temporibus</strong></span> 
     </span>
    </p>
   </div>
   <div class='ocr_carea' id='block_1_24' title="bbox 501 2449 2086 2521">
    <p class='ocr_par' dir='ltr' id='par_1_24' title="bbox 501 2449 2086 2521">
     <span class='ocr_line' id='line_1_24' title="bbox 501 2449 2086 2521; baseline 0.003 -21"><span class='ocrx_word' id='word_1_164' title='bbox 501 2449 801 2504; x_wconf 81' lang='lat' dir='ltr'><strong>adversarii</strong></span> <span class='ocrx_word' id='word_1_165' title='bbox 835 2451 1006 2517; x_wconf 85' lang='lat' dir='ltr'><strong>fuere,</strong></span> <span class='ocrx_word' id='word_1_166' title='bbox 1063 2451 1272 2521; x_wconf 89' lang='lat' dir='ltr'><strong>ipsique</strong></span> <span class='ocrx_word' id='word_1_167' title='bbox 1321 2449 1505 2520; x_wconf 82' lang='lat' dir='ltr'><strong>populi</strong></span> <span class='ocrx_word' id='word_1_168' title='bbox 1557 2465 1620 2504; x_wconf 79' lang='lat' dir='ltr'><strong>ex</strong></span> <span class='ocrx_word' id='word_1_169' title='bbox 1672 2450 2086 2504; x_wconf 89' lang='lat' dir='ltr'><strong>circumcisione</strong></span> 
     </span>
    </p>
   </div>
   <div class='ocr_carea' id='block_1_25' title="bbox 501 2542 2088 2612">
    <p class='ocr_par' dir='ltr' id='par_1_25' title="bbox 501 2542 2088 2612">
     <span class='ocr_line' id='line_1_25' title="bbox 501 2542 2088 2612; baseline 0.004 -21"><span class='ocrx_word' id='word_1_170' title='bbox 501 2549 662 2609; x_wconf 88' lang='lat' dir='ltr'><strong>atque</strong></span> <span class='ocrx_word' id='word_1_171' title='bbox 709 2555 776 2595; x_wconf 81' lang='lat' dir='ltr'><strong>ex</strong></span> <span class='ocrx_word' id='word_1_172' title='bbox 824 2543 1076 2606; x_wconf 77' lang='lat' dir='ltr'><strong>gentibus</strong></span> <span class='ocrx_word' id='word_1_173' title='bbox 1121 2545 1395 2607; x_wconf 86' lang='lat' dir='ltr'><strong>universi,</strong></span> <span class='ocrx_word' id='word_1_174' title='bbox 1446 2542 1535 2612; x_wconf 91' lang='lat' dir='ltr'><strong>qui</strong></span> <span class='ocrx_word' id='word_1_175' title='bbox 1583 2553 1769 2596; x_wconf 88' lang='lat' dir='ltr'><strong>contra</strong></span> <span class='ocrx_word' id='word_1_176' title='bbox 1827 2543 2088 2598; x_wconf 85' lang='lat' dir='ltr'><strong>ecclesias</strong></span> 
     </span>
    </p>
   </div>
   <div class='ocr_carea' id='block_1_26' title="bbox 501 2632 2085 2706">
    <p class='ocr_par' dir='ltr' id='par_1_26' title="bbox 501 2632 2085 2706">
     <span class='ocr_line' id='line_1_26' title="bbox 501 2632 2085 2706; baseline 0.004 -22"><span class='ocrx_word' id='word_1_177' title='bbox 501 2632 619 2700; x_wconf 85' lang='lat' dir='ltr'><strong>ejus</strong></span> <span class='ocrx_word' id='word_1_178' title='bbox 703 2635 1133 2701; x_wconf 87' lang='lat' dir='ltr'><strong>persecutionem</strong></span> <span class='ocrx_word' id='word_1_179' title='bbox 1195 2636 1544 2702; x_wconf 82' lang='lat' dir='ltr'><strong>excitarunt,</strong></span> <span class='ocrx_word' id='word_1_180' title='bbox 1615 2635 1748 2705; x_wconf 89' lang='lat' dir='ltr'><strong>ipsis</strong></span> <span class='ocrx_word' id='word_1_181' title='bbox 1823 2637 2085 2706; x_wconf 88' lang='lat' dir='ltr'><strong>operibus</strong></span> 
     </span>
    </p>
   </div>
   <div class='ocr_carea' id='block_1_27' title="bbox 503 2724 1544 2794">
    <p class='ocr_par' dir='ltr' id='par_1_27' title="bbox 503 2724 1544 2794">
     <span class='ocr_line' id='line_1_27' title="bbox 503 2724 1544 2794; baseline 0.004 -16"><span class='ocrx_word' id='word_1_182' title='bbox 503 2724 677 2794; x_wconf 79' lang='lat' dir='ltr'><strong>magis</strong></span> <span class='ocrx_word' id='word_1_183' title='bbox 716 2741 876 2794; x_wconf 87' lang='lat' dir='ltr'><strong>quam</strong></span> <span class='ocrx_word' id='word_1_184' title='bbox 925 2742 1175 2783; x_wconf 90' lang='lat' dir='ltr'><strong>sermone</strong></span> <span class='ocrx_word' id='word_1_185' title='bbox 1214 2728 1544 2782; x_wconf 86' lang='lat' dir='ltr'><strong>declaratur.</strong></span> 
     </span>
    </p>
   </div>
   <div class='ocr_carea' id='block_1_28' title="bbox 572 2814 2088 2887">
    <p class='ocr_par' dir='ltr' id='par_1_28' title="bbox 572 2814 2088 2887">
     <span class='ocr_line' id='line_1_28' title="bbox 572 2814 2088 2887; baseline 0.005 -18"><span class='ocrx_word' id='word_1_186' title='bbox 572 2814 736 2872; x_wconf 74' lang='lat' dir='ltr'><strong>Vens.</strong></span> <span class='ocrx_word' id='word_1_187' title='bbox 774 2817 861 2872; x_wconf 83' lang='lat' dir='ltr'><strong>l7.</strong></span> <span class='ocrx_word' id='word_1_188' title='bbox 929 2839 947 2870; x_wconf 77' lang='grc' dir='ltr'><strong>ι</strong></span> <span class='ocrx_word' id='word_1_189' title='bbox 982 2819 1144 2874; x_wconf 85' lang='lat' dir='ltr'><strong>Israel</strong></span> <span class='ocrx_word' id='word_1_190' title='bbox 1210 2821 1451 2875; x_wconf 90' lang='lat' dir='ltr'><strong>salvatur</strong></span> <span class='ocrx_word' id='word_1_191' title='bbox 1502 2835 1529 2875; x_wconf 88' lang='lat' dir='ltr'><strong>a</strong></span> <span class='ocrx_word' id='word_1_192' title='bbox 1583 2819 1848 2887; x_wconf 89' lang='lat' dir='ltr'><strong>Domino,</strong></span> <span class='ocrx_word' id='word_1_193' title='bbox 1912 2820 2088 2876; x_wconf 90' lang='lat' dir='ltr'><strong>salute</strong></span> 
     </span>
    </p>
   </div>
   <div class='ocr_carea' id='block_1_29' title="bbox 501 2913 2088 2981">
    <p class='ocr_par' dir='ltr' id='par_1_29' title="bbox 501 2913 2088 2981">
     <span class='ocr_line' id='line_1_29' title="bbox 501 2913 2088 2981; baseline 0.005 -21"><span class='ocrx_word' id='word_1_194' title='bbox 501 2915 705 2962; x_wconf 83' lang='lat' dir='ltr'><strong>:ctcrna</strong></span> <span class='ocrx_word' id='word_1_195' title='bbox 749 2929 764 2965; x_wconf 88' lang='lat'><strong>:</strong></span> <span class='ocrx_word' id='word_1_196' title='bbox 809 2927 914 2966; x_wconf 90' lang='lat' dir='ltr'><strong>non</strong></span> <span class='ocrx_word' id='word_1_197' title='bbox 969 2913 1391 2974; x_wconf 87' lang='lat' dir='ltr'><strong>confundentur.</strong></span> <span class='ocrx_word' id='word_1_198' title='bbox 1442 2927 1618 2981; x_wconf 89' lang='lat' dir='ltr'><strong>neque</strong></span> <span class='ocrx_word' id='word_1_199' title='bbox 1644 2913 1969 2968; x_wconf 89' lang='lat' dir='ltr'><strong>erubescent</strong></span> <span class='ocrx_word' id='word_1_200' title='bbox 1998 2928 2088 2968; x_wconf 88' lang='lat' dir='ltr'><strong>us-</strong></span> 
     </span>
    </p>
   </div>
   <div class='ocr_carea' id='block_1_30' title="bbox 500 3003 2088 3076">
    <p class='ocr_par' dir='ltr' id='par_1_30' title="bbox 500 3003 2088 3076">
     <span class='ocr_line' id='line_1_30' title="bbox 500 3003 2088 3076; baseline 0.002 -21"><span class='ocrx_word' id='word_1_201' title='bbox 500 3016 607 3072; x_wconf 85' lang='lat' dir='ltr'><strong>que</strong></span> <span class='ocrx_word' id='word_1_202' title='bbox 636 3003 688 3056; x_wconf 93' lang='lat' dir='ltr'><strong>in</strong></span> <span class='ocrx_word' id='word_1_203' title='bbox 718 3018 1002 3061; x_wconf 83' lang='lat' dir='ltr'><strong>aeternum.</strong></span> <span class='ocrx_word' id='word_1_204' title='bbox 1031 3024 1049 3056; x_wconf 76' lang='grc' dir='ltr'><strong>ι</strong></span> <span class='ocrx_word' id='word_1_205' title='bbox 1091 3004 1214 3060; x_wconf 65' lang='lat' dir='ltr'><strong>Haec</strong></span> <span class='ocrx_word' id='word_1_206' title='bbox 1244 3020 1406 3074; x_wconf 90' lang='lat' dir='ltr'><strong>porro</strong></span> <span class='ocrx_word' id='word_1_207' title='bbox 1433 3005 1767 3075; x_wconf 88' lang='lat' dir='ltr'><strong>conjunctim</strong></span> <span class='ocrx_word' id='word_1_208' title='bbox 1801 3014 1988 3076; x_wconf 90' lang='lat' dir='ltr'><strong>postea</strong></span> <span class='ocrx_word' id='word_1_209' title='bbox 2021 3006 2088 3058; x_wconf 90' lang='lat' dir='ltr'><strong>de</strong></span> 
     </span>
    </p>
   </div>
   <div class='ocr_carea' id='block_1_31' title="bbox 501 3096 2084 3167">
    <p class='ocr_par' dir='ltr' id='par_1_31' title="bbox 501 3096 2084 3167">
     <span class='ocr_line' id='line_1_31' title="bbox 501 3096 2084 3167; baseline 0.002 -18"><span class='ocrx_word' id='word_1_210' title='bbox 501 3096 778 3164; x_wconf 81' lang='lat' dir='ltr'><strong>apostolis,</strong></span> <span class='ocrx_word' id='word_1_211' title='bbox 823 3097 1104 3166; x_wconf 74' lang='lat' dir='ltr'><strong>discipulis</strong></span> <span class='ocrx_word' id='word_1_212' title='bbox 1137 3106 1192 3151; x_wconf 93' lang='lat' dir='ltr'><strong>et</strong></span> <span class='ocrx_word' id='word_1_213' title='bbox 1248 3097 1602 3167; x_wconf 83' lang='lat' dir='ltr'><strong>evangelistis</strong></span> <span class='ocrx_word' id='word_1_214' title='bbox 1636 3097 1941 3153; x_wconf 90' lang='lat' dir='ltr'><strong>Salvatoris</strong></span> <span class='ocrx_word' id='word_1_215' title='bbox 1983 3113 2084 3152; x_wconf 85' lang='lat' dir='ltr'><strong>no-</strong></span> 
     </span>
    </p>
   </div>
   <div class='ocr_carea' id='block_1_32' title="bbox 2185 606 3782 685">
    <p class='ocr_par' dir='ltr' id='par_1_32' title="bbox 2185 606 3782 685">
     <span class='ocr_line' id='line_1_32' title="bbox 2185 606 3782 685; baseline -0.006 -19"><span class='ocrx_word' id='word_1_216' title='bbox 2185 613 2378 685; x_wconf 80' lang='grc' dir='ltr'>ύψηλοὶ</span> <span class='ocrx_word' id='word_1_217' title='bbox 2428 615 2520 666; x_wconf 80' lang='grc' dir='ltr'><strong>ἐπὶ</strong></span> <span class='ocrx_word' id='word_1_218' title='bbox 2556 615 2614 666; x_wconf 89' lang='grc' dir='ltr'>σὲ</span> <span class='ocrx_word' id='word_1_219' title='bbox 2652 612 3018 683; x_wconf 87' lang='grc' dir='ltr'>διαϐήσονται,</span> <span class='ocrx_word' id='word_1_220' title='bbox 3065 609 3159 662; x_wconf 77' lang='grc' dir='ltr'><strong>καὶ</strong></span> <span class='ocrx_word' id='word_1_221' title='bbox 3191 609 3275 661; x_wconf 79' lang='grc' dir='ltr'><strong>σοὶ</strong></span> <span class='ocrx_word' id='word_1_222' title='bbox 3309 607 3521 661; x_wconf 74' lang='grc' dir='ltr'>ἔσονται</span> <span class='ocrx_word' id='word_1_223' title='bbox 3563 606 3782 667; x_wconf 79' lang='grc' dir='ltr'>δοῦλοι,</span> 
     </span>
    </p>
   </div>
   <div class='ocr_carea' id='block_1_33' title="bbox 2185 699 3779 773">
    <p class='ocr_par' dir='ltr' id='par_1_33' title="bbox 2185 699 3779 773">
     <span class='ocr_line' id='line_1_33' title="bbox 2185 699 3779 773; baseline -0.003 -16"><span class='ocrx_word' id='word_1_224' title='bbox 2185 705 2280 757; x_wconf 76' lang='grc' dir='ltr'>καὶ</span> <span class='ocrx_word' id='word_1_225' title='bbox 2303 705 2480 757; x_wconf 81' lang='grc' dir='ltr'>ὀπίσω</span> <span class='ocrx_word' id='word_1_226' title='bbox 2508 721 2600 757; x_wconf 91' lang='grc' dir='ltr'><strong>σου</strong></span> <span class='ocrx_word' id='word_1_227' title='bbox 2635 702 3057 773; x_wconf 82' lang='grc' dir='ltr'>ἀκολουθήσουσι</span> <span class='ocrx_word' id='word_1_228' title='bbox 3086 699 3357 771; x_wconf 81' lang='grc' dir='ltr'>δεδεμένοι</span> <span class='ocrx_word' id='word_1_229' title='bbox 3386 699 3742 770; x_wconf 84' lang='grc' dir='ltr'>χειροπέδαις</span> <span class='ocrx_word' id='word_1_230' title='bbox 3763 713 3779 727; x_wconf 86' lang='lat'>&#39;</span> 
     </span>
    </p>
   </div>
   <div class='ocr_carea' id='block_1_34' title="bbox 2183 792 3784 868">
    <p class='ocr_par' dir='ltr' id='par_1_34' title="bbox 2183 792 3784 868">
     <span class='ocr_line' id='line_1_34' title="bbox 2183 792 3784 868; baseline -0.003 -18"><span class='ocrx_word' id='word_1_231' title='bbox 2183 797 2278 850; x_wconf 71' lang='lat' dir='ltr'><strong>xui.</strong></span> <span class='ocrx_word' id='word_1_232' title='bbox 2301 796 2644 868; x_wconf 84' lang='grc' dir='ltr'>διαϐήσονται</span> <span class='ocrx_word' id='word_1_233' title='bbox 2670 795 2806 867; x_wconf 79' lang='grc' dir='ltr'>πρὸς</span> <span class='ocrx_word' id='word_1_234' title='bbox 2832 793 2910 854; x_wconf 84' lang='grc' dir='ltr'><strong>σὲ.</strong></span> <span class='ocrx_word' id='word_1_235' title='bbox 2939 793 3034 846; x_wconf 75' lang='grc' dir='ltr'><strong>καὶ</strong></span> <span class='ocrx_word' id='word_1_236' title='bbox 3066 792 3502 865; x_wconf 87' lang='grc' dir='ltr'>προσκυνήσουσί</span> <span class='ocrx_word' id='word_1_237' title='bbox 3529 809 3640 844; x_wconf 67' lang='grc' dir='ltr'>σοι*</span> <span class='ocrx_word' id='word_1_238' title='bbox 3673 793 3784 846; x_wconf 78' lang='grc' dir='ltr'>καὶ</span> 
     </span>
    </p>
   </div>
   <div class='ocr_carea' id='block_1_35' title="bbox 2183 883 3784 960">
    <p class='ocr_par' dir='ltr' id='par_1_35' title="bbox 2183 883 3784 960">
     <span class='ocr_line' id='line_1_35' title="bbox 2183 883 3784 960; baseline -0.002 -20"><span class='ocrx_word' id='word_1_239' title='bbox 2183 889 2242 942; x_wconf 85' lang='grc' dir='ltr'><strong>ἐν</strong></span> <span class='ocrx_word' id='word_1_240' title='bbox 2288 889 2370 942; x_wconf 72' lang='grc' dir='ltr'><strong>σοὶ</strong></span> <span class='ocrx_word' id='word_1_241' title='bbox 2413 887 2829 960; x_wconf 73' lang='grc' dir='ltr'>προσεύξονταιο</span> <span class='ocrx_word' id='word_1_242' title='bbox 2877 888 2959 940; x_wconf 81' lang='grc' dir='ltr'><strong>ὅτι</strong></span> <span class='ocrx_word' id='word_1_243' title='bbox 3011 887 3068 939; x_wconf 86' lang='grc' dir='ltr'><strong>ἐν</strong></span> <span class='ocrx_word' id='word_1_244' title='bbox 3103 885 3184 937; x_wconf 76' lang='grc' dir='ltr'>σοὶ</span> <span class='ocrx_word' id='word_1_245' title='bbox 3225 887 3254 938; x_wconf 89' lang='grc' dir='ltr'><strong>ό</strong></span> <span class='ocrx_word' id='word_1_246' title='bbox 3293 883 3427 947; x_wconf 86' lang='grc' dir='ltr'>Θεός</span> <span class='ocrx_word' id='word_1_247' title='bbox 3477 885 3614 949; x_wconf 87' lang='grc' dir='ltr'>ἐστι,</span> <span class='ocrx_word' id='word_1_248' title='bbox 3669 885 3784 936; x_wconf 73' lang='grc' dir='ltr'>καὶ</span> 
     </span>
    </p>
   </div>
   <div class='ocr_carea' id='block_1_36' title="bbox 2184 974 3783 1050">
    <p class='ocr_par' dir='ltr' id='par_1_36' title="bbox 2184 974 3783 1050">
     <span class='ocr_line' id='line_1_36' title="bbox 2184 974 3783 1050; baseline -0.006 -16"><span class='ocrx_word' id='word_1_249' title='bbox 2184 981 2285 1034; x_wconf 84' lang='grc' dir='ltr'><strong>οὐκ</strong></span> <span class='ocrx_word' id='word_1_250' title='bbox 2323 980 2436 1034; x_wconf 76' lang='grc' dir='ltr'>ἐστι</span> <span class='ocrx_word' id='word_1_251' title='bbox 2469 980 2602 1044; x_wconf 83' lang='grc' dir='ltr'><strong>Θεὸς</strong></span> <span class='ocrx_word' id='word_1_252' title='bbox 2637 979 2774 1050; x_wconf 82' lang='grc' dir='ltr'>πλὴν</span> <span class='ocrx_word' id='word_1_253' title='bbox 2810 977 2924 1031; x_wconf 82' lang='grc' dir='ltr'>σοῦ.</span> <span class='ocrx_word' id='word_1_254' title='bbox 2967 997 2985 1028; x_wconf 70' lang='grc' dir='ltr'>ιι</span> <span class='ocrx_word' id='word_1_255' title='bbox 3028 977 3298 1045; x_wconf 76' lang='grc' dir='ltr'>Αἴγυπτον</span> <span class='ocrx_word' id='word_1_256' title='bbox 3329 974 3387 1027; x_wconf 85' lang='grc' dir='ltr'><strong>δέ</strong></span> <span class='ocrx_word' id='word_1_257' title='bbox 3433 990 3564 1043; x_wconf 84' lang='grc' dir='ltr'>φησι</span> <span class='ocrx_word' id='word_1_258' title='bbox 3603 991 3783 1026; x_wconf 87' lang='grc' dir='ltr'>κεκο-</span> 
     </span>
    </p>
   </div>
   <div class='ocr_carea' id='block_1_37' title="bbox 2187 1065 3783 1142">
    <p class='ocr_par' dir='ltr' id='par_1_37' title="bbox 2187 1065 3783 1142">
     <span class='ocr_line' id='line_1_37' title="bbox 2187 1065 3783 1142; baseline -0.006 -17"><span class='ocrx_word' id='word_1_259' title='bbox 2187 1071 2439 1126; x_wconf 80' lang='grc' dir='ltr'>πιακέναι</span> <span class='ocrx_word' id='word_1_260' title='bbox 2479 1070 2568 1124; x_wconf 89' lang='grc' dir='ltr'>διὰ</span> <span class='ocrx_word' id='word_1_261' title='bbox 2601 1073 2701 1142; x_wconf 80' lang='grc' dir='ltr'>τῆς</span> <span class='ocrx_word' id='word_1_262' title='bbox 2734 1069 3116 1139; x_wconf 77' lang='grc' dir='ltr'>εἰδωλολάτρου</span> <span class='ocrx_word' id='word_1_263' title='bbox 3152 1066 3381 1136; x_wconf 81' lang='grc' dir='ltr'><strong>πλάνης,</strong></span> <span class='ocrx_word' id='word_1_264' title='bbox 3415 1065 3654 1135; x_wconf 84' lang='grc' dir='ltr'>ὁπηνίκα</span> <span class='ocrx_word' id='word_1_265' title='bbox 3694 1065 3783 1134; x_wconf 83' lang='grc' dir='ltr'><strong>τῷ</strong></span> 
     </span>
    </p>
   </div>
   <div class='ocr_carea' id='block_1_38' title="bbox 2184 1159 3783 1234">
    <p class='ocr_par' dir='ltr' id='par_1_38' title="bbox 2184 1159 3783 1234">
     <span class='ocr_line' id='line_1_38' title="bbox 2184 1159 3783 1234; baseline -0.005 -17"><span class='ocrx_word' id='word_1_266' title='bbox 2184 1163 2415 1234; x_wconf 84' lang='grc' dir='ltr'>διαϐόλῳ</span> <span class='ocrx_word' id='word_1_267' title='bbox 2444 1163 2538 1216; x_wconf 76' lang='grc' dir='ltr'><strong>καὶ</strong></span> <span class='ocrx_word' id='word_1_268' title='bbox 2565 1164 2677 1226; x_wconf 85' lang='grc' dir='ltr'>τοῖς</span> <span class='ocrx_word' id='word_1_269' title='bbox 2706 1162 2834 1233; x_wconf 72' lang='grc' dir='ltr'>περὶ</span> <span class='ocrx_word' id='word_1_270' title='bbox 2856 1162 3017 1215; x_wconf 81' lang='grc' dir='ltr'>αὑτὸν</span> <span class='ocrx_word' id='word_1_271' title='bbox 3054 1160 3269 1230; x_wconf 82' lang='grc' dir='ltr'>δαίμοσι</span> <span class='ocrx_word' id='word_1_272' title='bbox 3305 1159 3560 1226; x_wconf 85' lang='grc' dir='ltr'>πονηροῖς</span> <span class='ocrx_word' id='word_1_273' title='bbox 3597 1174 3783 1210; x_wconf 82' lang='grc' dir='ltr'>κατα-</span> 
     </span>
    </p>
   </div>
   <div class='ocr_carea' id='block_1_39' title="bbox 2184 1246 3780 1324">
    <p class='ocr_par' dir='ltr' id='par_1_39' title="bbox 2184 1246 3780 1324">
     <span class='ocr_line' id='line_1_39' title="bbox 2184 1246 3780 1324; baseline -0.003 -19"><span class='ocrx_word' id='word_1_274' title='bbox 2184 1252 2506 1306; x_wconf 76' lang='grc' dir='ltr'><strong>δεδούλωτο⁸</strong></span> <span class='ocrx_word' id='word_1_275' title='bbox 2548 1253 2689 1324; x_wconf 84' lang='grc' dir='ltr'>πλὴν</span> <span class='ocrx_word' id='word_1_276' title='bbox 2721 1251 2836 1305; x_wconf 77' lang='grc' dir='ltr'>ἀλλ’</span> <span class='ocrx_word' id='word_1_277' title='bbox 2866 1252 3014 1322; x_wconf 83' lang='grc' dir='ltr'>ὅμως</span> <span class='ocrx_word' id='word_1_278' title='bbox 3044 1247 3502 1302; x_wconf 88' lang='grc' dir='ltr'>διαναπαύσεσθαι</span> <span class='ocrx_word' id='word_1_279' title='bbox 3544 1246 3639 1301; x_wconf 79' lang='grc' dir='ltr'>τοῦ</span> <span class='ocrx_word' id='word_1_280' title='bbox 3675 1249 3780 1300; x_wconf 86' lang='grc' dir='ltr'>κό-</span> 
     </span>
    </p>
   </div>
   <div class='ocr_carea' id='block_1_40' title="bbox 2187 1339 3781 1414">
    <p class='ocr_par' dir='ltr' id='par_1_40' title="bbox 2187 1339 3781 1414">
     <span class='ocr_line' id='line_1_40' title="bbox 2187 1339 3781 1414; baseline -0.005 -16"><span class='ocrx_word' id='word_1_281' title='bbox 2187 1362 2288 1398; x_wconf 87' lang='grc' dir='ltr'><strong>που</strong></span> <span class='ocrx_word' id='word_1_282' title='bbox 2327 1346 2426 1414; x_wconf 87' lang='grc' dir='ltr'><strong>τὴν</strong></span> <span class='ocrx_word' id='word_1_283' title='bbox 2463 1343 2736 1414; x_wconf 78' lang='grc' dir='ltr'>Αἴγυπτον</span> <span class='ocrx_word' id='word_1_284' title='bbox 2777 1341 3200 1411; x_wconf 79' lang='grc' dir='ltr'>ἐπαγγέλλεται’</span> <span class='ocrx_word' id='word_1_285' title='bbox 3250 1339 3317 1393; x_wconf 89' lang='grc' dir='ltr'>δι’</span> <span class='ocrx_word' id='word_1_286' title='bbox 3365 1339 3533 1410; x_wconf 78' lang='grc' dir='ltr'>αὐτῆς</span> <span class='ocrx_word' id='word_1_287' title='bbox 3564 1341 3676 1392; x_wconf 79' lang='grc' dir='ltr'><strong>πᾶν</strong></span> <span class='ocrx_word' id='word_1_288' title='bbox 3714 1339 3781 1392; x_wconf 88' lang='grc' dir='ltr'><strong>τὸ</strong></span> 
     </span>
    </p>
   </div>
   <div class='ocr_carea' id='block_1_41' title="bbox 2185 1432 3780 1509">
    <p class='ocr_par' dir='ltr' id='par_1_41' title="bbox 2185 1432 3780 1509">
     <span class='ocr_line' id='line_1_41' title="bbox 2185 1432 3780 1509; baseline -0.003 -19"><span class='ocrx_word' id='word_1_289' title='bbox 2185 1437 2285 1508; x_wconf 79' lang='grc' dir='ltr'>τῆς</span> <span class='ocrx_word' id='word_1_290' title='bbox 2331 1436 2771 1509; x_wconf 85' lang='grc' dir='ltr'>είδωλολατρείας</span> <span class='ocrx_word' id='word_1_291' title='bbox 2819 1435 2972 1504; x_wconf 81' lang='grc' dir='ltr'>γένος</span> <span class='ocrx_word' id='word_1_292' title='bbox 3011 1432 3396 1502; x_wconf 78' lang='grc' dir='ltr'>αἰνιττόμενος.</span> <span class='ocrx_word' id='word_1_293' title='bbox 3453 1450 3472 1483; x_wconf 75' lang='grc' dir='ltr'><strong>ι</strong></span> <span class='ocrx_word' id='word_1_294' title='bbox 3513 1432 3622 1484; x_wconf 79' lang='grc' dir='ltr'><strong>Καὶ</strong></span> <span class='ocrx_word' id='word_1_295' title='bbox 3666 1432 3780 1485; x_wconf 87' lang='grc' dir='ltr'><strong>Σα-</strong></span> 
     </span>
    </p>
   </div>
   <div class='ocr_carea' id='block_1_42' title="bbox 2187 1521 3784 1601">
    <p class='ocr_par' dir='ltr' id='par_1_42' title="bbox 2187 1521 3784 1601">
     <span class='ocr_line' id='line_1_42' title="bbox 2187 1521 3784 1601; baseline -0.001 -22"><span class='ocrx_word' id='word_1_296' title='bbox 2187 1527 2354 1600; x_wconf 75' lang='grc' dir='ltr'>ϐαεὶμ</span> <span class='ocrx_word' id='word_1_297' title='bbox 2383 1529 2570 1601; x_wconf 81' lang='grc' dir='ltr'>ἄνδρες</span> <span class='ocrx_word' id='word_1_298' title='bbox 2594 1528 2806 1601; x_wconf 76' lang='grc' dir='ltr'>ὑψηλοί.</span> <span class='ocrx_word' id='word_1_299' title='bbox 2847 1547 2866 1580; x_wconf 75' lang='grc' dir='ltr'><strong>ι</strong></span> <span class='ocrx_word' id='word_1_300' title='bbox 2892 1529 2970 1580; x_wconf 86' lang='grc' dir='ltr'><strong>Δι’</strong></span> <span class='ocrx_word' id='word_1_301' title='bbox 2997 1521 3071 1582; x_wconf 85' lang='grc' dir='ltr'>ὧν</span> <span class='ocrx_word' id='word_1_302' title='bbox 3093 1526 3379 1596; x_wconf 78' lang='grc' dir='ltr'>σημαίνειν</span> <span class='ocrx_word' id='word_1_303' title='bbox 3398 1524 3538 1577; x_wconf 75' lang='grc' dir='ltr'>ἔοικε</span> <span class='ocrx_word' id='word_1_304' title='bbox 3562 1524 3784 1596; x_wconf 79' lang='grc' dir='ltr'>βάρϐα-</span> 
     </span>
    </p>
   </div>
   <div class='ocr_carea' id='block_1_43' title="bbox 2189 1618 3782 1693">
    <p class='ocr_par' dir='ltr' id='par_1_43' title="bbox 2189 1618 3782 1693">
     <span class='ocr_line' id='line_1_43' title="bbox 2189 1618 3782 1693; baseline -0.001 -19"><span class='ocrx_word' id='word_1_305' title='bbox 2189 1620 2259 1692; x_wconf 85' lang='grc' dir='ltr'><strong>ρά</strong></span> <span class='ocrx_word' id='word_1_306' title='bbox 2298 1639 2418 1676; x_wconf 90' lang='grc' dir='ltr'>τινα</span> <span class='ocrx_word' id='word_1_307' title='bbox 2449 1623 2542 1675; x_wconf 72' lang='grc' dir='ltr'>καὶ</span> <span class='ocrx_word' id='word_1_308' title='bbox 2574 1623 2844 1693; x_wconf 84' lang='grc' dir='ltr'>ἀνήμερα,</span> <span class='ocrx_word' id='word_1_309' title='bbox 2877 1621 2972 1675; x_wconf 68' lang='grc' dir='ltr'><strong>καὶ</strong></span> <span class='ocrx_word' id='word_1_310' title='bbox 3010 1621 3069 1673; x_wconf 91' lang='grc' dir='ltr'><strong>ἐν</strong></span> <span class='ocrx_word' id='word_1_311' title='bbox 3097 1621 3210 1684; x_wconf 85' lang='grc' dir='ltr'>τοῖς</span> <span class='ocrx_word' id='word_1_312' title='bbox 3247 1618 3504 1685; x_wconf 80' lang='grc' dir='ltr'><strong>ἐξωτάτω</strong></span> <span class='ocrx_word' id='word_1_313' title='bbox 3535 1620 3636 1689; x_wconf 83' lang='grc' dir='ltr'><strong>τῆς</strong></span> <span class='ocrx_word' id='word_1_314' title='bbox 3667 1621 3782 1689; x_wconf 85' lang='grc' dir='ltr'><strong>γῆς</strong></span> 
     </span>
    </p>
   </div>
   <div class='ocr_carea' id='block_1_44' title="bbox 2186 1712 3776 1785">
    <p class='ocr_par' dir='ltr' id='par_1_44' title="bbox 2186 1712 3776 1785">
     <span class='ocr_line' id='line_1_44' title="bbox 2186 1712 3776 1785; baseline 0.001 -21"><span class='ocrx_word' id='word_1_315' title='bbox 2186 1712 2439 1767; x_wconf 78' lang='grc' dir='ltr'>οἰκοῦντα</span> <span class='ocrx_word' id='word_1_316' title='bbox 2460 1712 2588 1784; x_wconf 76' lang='grc' dir='ltr'>ἔθνη</span> <span class='ocrx_word' id='word_1_317' title='bbox 2607 1731 2620 1745; x_wconf 83' lang='grc'>⁶</span> <span class='ocrx_word' id='word_1_318' title='bbox 2646 1713 2683 1769; x_wconf 77' lang='grc' dir='ltr'>ἃ</span> <span class='ocrx_word' id='word_1_319' title='bbox 2710 1713 2774 1785; x_wconf 83' lang='grc' dir='ltr'>δὴ</span> <span class='ocrx_word' id='word_1_320' title='bbox 2804 1713 3110 1769; x_wconf 79' lang='grc' dir='ltr'>δουλεύσειν</span> <span class='ocrx_word' id='word_1_321' title='bbox 3139 1712 3220 1785; x_wconf 81' lang='grc' dir='ltr'>τῷ</span> <span class='ocrx_word' id='word_1_322' title='bbox 3239 1712 3461 1785; x_wconf 83' lang='grc' dir='ltr'>Χριστῷ</span> <span class='ocrx_word' id='word_1_323' title='bbox 3485 1712 3746 1777; x_wconf 75' lang='grc' dir='ltr'>θεσπίζει</span> <span class='ocrx_word' id='word_1_324' title='bbox 3763 1729 3776 1741; x_wconf 88' lang='grc'><strong>·</strong></span> 
     </span>
    </p>
   </div>
   <div class='ocr_carea' id='block_1_45' title="bbox 2188 1803 2565 1873">
    <p class='ocr_par' dir='ltr' id='par_1_45' title="bbox 2188 1803 2565 1873">
     <span class='ocr_line' id='line_1_45' title="bbox 2188 1803 2565 1873; baseline 0.008 -17"><span class='ocrx_word' id='word_1_325' title='bbox 2188 1803 2270 1857; x_wconf 90' lang='grc' dir='ltr'><strong>διὸ</strong></span> <span class='ocrx_word' id='word_1_326' title='bbox 2293 1805 2536 1873; x_wconf 76' lang='grc' dir='ltr'>ἐπιλέγει</span> <span class='ocrx_word' id='word_1_327' title='bbox 2551 1822 2565 1836; x_wconf 77' lang='grc'><strong><em>⁸</em></strong></span> 
     </span>
    </p>
   </div>
   <div class='ocr_carea' id='block_1_46' title="bbox 2262 1915 3782 1988">
    <p class='ocr_par' dir='ltr' id='par_1_46' title="bbox 2262 1915 3782 1988">
     <span class='ocr_line' id='line_1_46' title="bbox 2262 1915 3782 1988; baseline 0.001 -20"><span class='ocrx_word' id='word_1_328' title='bbox 2262 1935 2280 1968; x_wconf 78' lang='grc' dir='ltr'><strong>ι</strong></span> <span class='ocrx_word' id='word_1_329' title='bbox 2315 1917 2424 1972; x_wconf 83' lang='grc' dir='ltr'>Καὶ</span> <span class='ocrx_word' id='word_1_330' title='bbox 2445 1917 2618 1970; x_wconf 81' lang='grc' dir='ltr'>ὀπίσω</span> <span class='ocrx_word' id='word_1_331' title='bbox 2652 1935 2744 1970; x_wconf 89' lang='grc' dir='ltr'><strong>σου</strong></span> <span class='ocrx_word' id='word_1_332' title='bbox 2771 1917 3192 1988; x_wconf 82' lang='grc' dir='ltr'>ἀκολουθήσουσι</span> <span class='ocrx_word' id='word_1_333' title='bbox 3213 1915 3484 1988; x_wconf 81' lang='grc' dir='ltr'>δεδεμένοι</span> <span class='ocrx_word' id='word_1_334' title='bbox 3513 1917 3782 1988; x_wconf 83' lang='grc' dir='ltr'>χειροπέ-</span> 
     </span>
    </p>
   </div>
   <div class='ocr_carea' id='block_1_47' title="bbox 2184 2005 3782 2080">
    <p class='ocr_par' dir='ltr' id='par_1_47' title="bbox 2184 2005 3782 2080">
     <span class='ocr_line' id='line_1_47' title="bbox 2184 2005 3782 2080; baseline -0.001 -16"><span class='ocrx_word' id='word_1_335' title='bbox 2184 2011 2322 2074; x_wconf 85' lang='grc' dir='ltr'>δαις.</span> <span class='ocrx_word' id='word_1_336' title='bbox 2365 2010 2438 2062; x_wconf 84' lang='grc' dir='ltr'><strong>Σὺ</strong></span> <span class='ocrx_word' id='word_1_337' title='bbox 2473 2009 2582 2079; x_wconf 82' lang='grc' dir='ltr'><strong>γάρ</strong></span> <span class='ocrx_word' id='word_1_338' title='bbox 2616 2005 2668 2062; x_wconf 78' lang='grc' dir='ltr'><strong>εἴ</strong></span> <span class='ocrx_word' id='word_1_339' title='bbox 2709 2009 2863 2073; x_wconf 89' lang='grc' dir='ltr'>Θεὸς,</span> <span class='ocrx_word' id='word_1_340' title='bbox 2895 2011 2990 2063; x_wconf 74' lang='grc' dir='ltr'><strong>καὶ</strong></span> <span class='ocrx_word' id='word_1_341' title='bbox 3017 2011 3116 2063; x_wconf 83' lang='grc' dir='ltr'><strong>οὐκ</strong></span> <span class='ocrx_word' id='word_1_342' title='bbox 3146 2009 3389 2080; x_wconf 74' lang='grc' dir='ltr'>ᾔδειμεν,</span> <span class='ocrx_word' id='word_1_343' title='bbox 3434 2011 3463 2063; x_wconf 88' lang='grc' dir='ltr'><strong>ό</strong></span> <span class='ocrx_word' id='word_1_344' title='bbox 3505 2009 3640 2073; x_wconf 86' lang='grc' dir='ltr'>Θεὸς</span> <span class='ocrx_word' id='word_1_345' title='bbox 3677 2009 3782 2062; x_wconf 79' lang='grc' dir='ltr'>τοῦ</span> 
     </span>
    </p>
   </div>
   <div class='ocr_carea' id='block_1_48' title="bbox 2198 2100 3779 2173">
    <p class='ocr_par' dir='ltr' id='par_1_48' title="bbox 2198 2100 3779 2173">
     <span class='ocr_line' id='line_1_48' title="bbox 2198 2100 3779 2173; baseline -0.001 -20"><span class='ocrx_word' id='word_1_346' title='bbox 2198 2100 2415 2172; x_wconf 85' lang='grc' dir='ltr'>Ἰσραὴλ</span> <span class='ocrx_word' id='word_1_347' title='bbox 2455 2102 2661 2173; x_wconf 87' lang='grc' dir='ltr'>σωτήρ.</span> <span class='ocrx_word' id='word_1_348' title='bbox 2699 2100 3162 2171; x_wconf 81' lang='grc' dir='ltr'>Αίσχυνθήσονται</span> <span class='ocrx_word' id='word_1_349' title='bbox 3203 2100 3297 2154; x_wconf 78' lang='grc' dir='ltr'>καὶ</span> <span class='ocrx_word' id='word_1_350' title='bbox 3332 2100 3779 2172; x_wconf 78' lang='grc' dir='ltr'>ἐντραπήσονται</span> 
     </span>
    </p>
   </div>
   <div class='ocr_carea' id='block_1_49' title="bbox 2185 2190 3779 2262">
    <p class='ocr_par' dir='ltr' id='par_1_49' title="bbox 2185 2190 3779 2262">
     <span class='ocr_line' id='line_1_49' title="bbox 2185 2190 3779 2262; baseline 0.001 -20"><span class='ocrx_word' id='word_1_351' title='bbox 2185 2190 2388 2254; x_wconf 86' lang='grc' dir='ltr'>πάντες</span> <span class='ocrx_word' id='word_1_352' title='bbox 2438 2193 2486 2244; x_wconf 84' lang='grc' dir='ltr'><strong>οί</strong></span> <span class='ocrx_word' id='word_1_353' title='bbox 2538 2191 2899 2262; x_wconf 83' lang='grc' dir='ltr'>ἀντικείμενοι</span> <span class='ocrx_word' id='word_1_354' title='bbox 2951 2191 3120 2262; x_wconf 81' lang='grc' dir='ltr'>αὐτῷ,</span> <span class='ocrx_word' id='word_1_355' title='bbox 3169 2191 3264 2245; x_wconf 59' lang='grc' dir='ltr'><strong>καὶ⁸</strong></span> <span class='ocrx_word' id='word_1_356' title='bbox 3311 2190 3676 2262; x_wconf 82' lang='grc' dir='ltr'>πορεύσονται</span> <span class='ocrx_word' id='word_1_357' title='bbox 3716 2193 3779 2243; x_wconf 87' lang='grc' dir='ltr'><strong>ἐν</strong></span> 
     </span>
    </p>
   </div>
   <div class='ocr_carea' id='block_1_50' title="bbox 2186 2279 3778 2353">
    <p class='ocr_par' dir='ltr' id='par_1_50' title="bbox 2186 2279 3778 2353">
     <span class='ocr_line' id='line_1_50' title="bbox 2186 2279 3778 2353; baseline 0 -19"><span class='ocrx_word' id='word_1_358' title='bbox 2186 2279 2436 2353; x_wconf 75' lang='grc' dir='ltr'>αἰσχύνῃ.</span> <span class='ocrx_word' id='word_1_359' title='bbox 2507 2279 2910 2348; x_wconf 77' lang='grc' dir='ltr'>Ἐγκαινίζεσθε</span> <span class='ocrx_word' id='word_1_360' title='bbox 2968 2281 3107 2352; x_wconf 89' lang='grc' dir='ltr'>πρὸς</span> <span class='ocrx_word' id='word_1_361' title='bbox 3157 2281 3245 2350; x_wconf 87' lang='grc' dir='ltr'><strong>μὲ,</strong></span> <span class='ocrx_word' id='word_1_362' title='bbox 3295 2281 3468 2350; x_wconf 85' lang='grc' dir='ltr'>νῆσοι.</span> <span class='ocrx_word' id='word_1_363' title='bbox 3512 2299 3530 2332; x_wconf 72' lang='grc' dir='ltr'><strong>ι</strong></span> <span class='ocrx_word' id='word_1_364' title='bbox 3574 2281 3778 2344; x_wconf 85' lang='grc' dir='ltr'>Ὅπως</span> 
     </span>
    </p>
   </div>
   <div class='ocr_carea' id='block_1_51' title="bbox 2185 2372 3779 2446">
    <p class='ocr_par' dir='ltr' id='par_1_51' title="bbox 2185 2372 3779 2446">
     <span class='ocr_line' id='line_1_51' title="bbox 2185 2372 3779 2446; baseline 0.001 -22"><span class='ocrx_word' id='word_1_365' title='bbox 2185 2373 2244 2426; x_wconf 84' lang='grc' dir='ltr'>δὲ</span> <span class='ocrx_word' id='word_1_366' title='bbox 2285 2372 2738 2446; x_wconf 81' lang='grc' dir='ltr'>κατῃσχύνθησαν</span> <span class='ocrx_word' id='word_1_367' title='bbox 2791 2373 2886 2426; x_wconf 76' lang='grc' dir='ltr'><strong>καὶ</strong></span> <span class='ocrx_word' id='word_1_368' title='bbox 2938 2372 3316 2445; x_wconf 82' lang='grc' dir='ltr'>ἐνετράπησαν</span> <span class='ocrx_word' id='word_1_369' title='bbox 3359 2373 3558 2436; x_wconf 86' lang='grc' dir='ltr'>πάντες</span> <span class='ocrx_word' id='word_1_370' title='bbox 3588 2373 3638 2425; x_wconf 87' lang='grc' dir='ltr'><strong>οί</strong></span> <span class='ocrx_word' id='word_1_371' title='bbox 3673 2391 3779 2426; x_wconf 86' lang='grc' dir='ltr'>κα-</span> 
     </span>
    </p>
   </div>
   <div class='ocr_carea' id='block_1_52' title="bbox 2187 2462 3777 2534">
    <p class='ocr_par' dir='ltr' id='par_1_52' title="bbox 2187 2462 3777 2534">
     <span class='ocr_line' id='line_1_52' title="bbox 2187 2462 3777 2534; baseline -0.002 -18"><span class='ocrx_word' id='word_1_372' title='bbox 2187 2462 2255 2516; x_wconf 87' lang='grc' dir='ltr'><strong>τά</strong></span> <span class='ocrx_word' id='word_1_373' title='bbox 2275 2465 2497 2534; x_wconf 77' lang='grc' dir='ltr'>καιροὺς</span> <span class='ocrx_word' id='word_1_374' title='bbox 2525 2463 2904 2534; x_wconf 78' lang='grc' dir='ltr'>ἀντικείμενοι,</span> <span class='ocrx_word' id='word_1_375' title='bbox 2923 2463 3075 2516; x_wconf 86' lang='grc' dir='ltr'>αὐτοί</span> <span class='ocrx_word' id='word_1_376' title='bbox 3103 2480 3160 2515; x_wconf 89' lang='grc' dir='ltr'><strong>τε</strong></span> <span class='ocrx_word' id='word_1_377' title='bbox 3186 2464 3235 2517; x_wconf 87' lang='grc' dir='ltr'><strong>οί</strong></span> <span class='ocrx_word' id='word_1_378' title='bbox 3260 2464 3323 2516; x_wconf 87' lang='grc' dir='ltr'><strong>ἐκ</strong></span> <span class='ocrx_word' id='word_1_379' title='bbox 3348 2465 3650 2534; x_wconf 80' lang='grc' dir='ltr'>περιτομῆς</span> <span class='ocrx_word' id='word_1_380' title='bbox 3676 2462 3777 2516; x_wconf 75' lang='grc' dir='ltr'><strong>καὶ</strong></span> 
     </span>
    </p>
   </div>
   <div class='ocr_carea' id='block_1_53' title="bbox 2185 2551 3775 2624">
    <p class='ocr_par' dir='ltr' id='par_1_53' title="bbox 2185 2551 3775 2624">
     <span class='ocr_line' id='line_1_53' title="bbox 2185 2551 3775 2624; baseline 0 -19"><span class='ocrx_word' id='word_1_381' title='bbox 2185 2553 2292 2606; x_wconf 88' lang='grc' dir='ltr'><strong>τῶν</strong></span> <span class='ocrx_word' id='word_1_382' title='bbox 2312 2553 2479 2606; x_wconf 86' lang='grc' dir='ltr'>ἐθνῶν</span> <span class='ocrx_word' id='word_1_383' title='bbox 2513 2553 2715 2617; x_wconf 87' lang='grc' dir='ltr'>πάντες</span> <span class='ocrx_word' id='word_1_384' title='bbox 2741 2553 2791 2606; x_wconf 86' lang='grc' dir='ltr'><strong>οί</strong></span> <span class='ocrx_word' id='word_1_385' title='bbox 2816 2554 2941 2617; x_wconf 77' lang='grc' dir='ltr'>τοὺς</span> <span class='ocrx_word' id='word_1_386' title='bbox 2966 2552 3106 2606; x_wconf 85' lang='grc' dir='ltr'><strong>κατά</strong></span> <span class='ocrx_word' id='word_1_387' title='bbox 3129 2555 3228 2624; x_wconf 87' lang='grc' dir='ltr'><strong>τῆς</strong></span> <span class='ocrx_word' id='word_1_388' title='bbox 3256 2551 3579 2622; x_wconf 84' lang='grc' dir='ltr'>Ἐκκλησίας</span> <span class='ocrx_word' id='word_1_389' title='bbox 3598 2551 3775 2606; x_wconf 79' lang='grc' dir='ltr'>αὑτοῦ</span> 
     </span>
    </p>
   </div>
   <div class='ocr_carea' id='block_1_54' title="bbox 2184 2644 3774 2716">
    <p class='ocr_par' dir='ltr' id='par_1_54' title="bbox 2184 2644 3774 2716">
     <span class='ocr_line' id='line_1_54' title="bbox 2184 2644 3774 2716; baseline 0 -18"><span class='ocrx_word' id='word_1_390' title='bbox 2184 2645 2458 2716; x_wconf 83' lang='grc' dir='ltr'>διωγμοὺς</span> <span class='ocrx_word' id='word_1_391' title='bbox 2490 2645 2806 2714; x_wconf 77' lang='grc' dir='ltr'>ἐξάψαντες,</span> <span class='ocrx_word' id='word_1_392' title='bbox 2831 2645 3035 2708; x_wconf 88' lang='grc' dir='ltr'>παντὸς</span> <span class='ocrx_word' id='word_1_393' title='bbox 3056 2645 3214 2714; x_wconf 82' lang='grc' dir='ltr'>λόγου</span> <span class='ocrx_word' id='word_1_394' title='bbox 3244 2644 3440 2715; x_wconf 82' lang='grc' dir='ltr'>μᾶλλον</span> <span class='ocrx_word' id='word_1_395' title='bbox 3471 2645 3506 2715; x_wconf 77' lang='grc' dir='ltr'>ἡ</span> <span class='ocrx_word' id='word_1_396' title='bbox 3533 2644 3624 2698; x_wconf 79' lang='grc' dir='ltr'>διὰ</span> <span class='ocrx_word' id='word_1_397' title='bbox 3656 2645 3774 2698; x_wconf 86' lang='grc' dir='ltr'><strong>τῶν</strong></span> 
     </span>
    </p>
   </div>
   <div class='ocr_carea' id='block_1_55' title="bbox 2187 2734 3042 2808">
    <p class='ocr_par' dir='ltr' id='par_1_55' title="bbox 2187 2734 3042 2808">
     <span class='ocr_line' id='line_1_55' title="bbox 2187 2734 3042 2808; baseline -0.001 -21"><span class='ocrx_word' id='word_1_398' title='bbox 2187 2734 2370 2807; x_wconf 50' lang='grc' dir='ltr'>ἔργων,</span> <span class='ocrx_word' id='word_1_399' title='bbox 2395 2735 2669 2808; x_wconf 86' lang='grc' dir='ltr'>μαρτυρία</span> <span class='ocrx_word' id='word_1_400' title='bbox 2695 2735 3042 2807; x_wconf 76' lang='grc' dir='ltr'>παρίστησιν.</span> 
     </span>
    </p>
   </div>
   <div class='ocr_carea' id='block_1_56' title="bbox 2265 2825 3770 2901">
    <p class='ocr_par' dir='ltr' id='par_1_56' title="bbox 2265 2825 3770 2901">
     <span class='ocr_line' id='line_1_56' title="bbox 2265 2825 3770 2901; baseline 0.001 -23"><span class='ocrx_word' id='word_1_401' title='bbox 2265 2847 2282 2878; x_wconf 79' lang='grc' dir='ltr'><strong>ι</strong></span> <span class='ocrx_word' id='word_1_402' title='bbox 2334 2828 2548 2901; x_wconf 86' lang='grc' dir='ltr'>Ἰσραὴλ</span> <span class='ocrx_word' id='word_1_403' title='bbox 2574 2828 2805 2892; x_wconf 78' lang='grc' dir='ltr'>σώζεται</span> <span class='ocrx_word' id='word_1_404' title='bbox 2849 2829 2954 2881; x_wconf 81' lang='grc' dir='ltr'><strong>ὑπὸ</strong></span> <span class='ocrx_word' id='word_1_405' title='bbox 2976 2825 3177 2898; x_wconf 80' lang='grc' dir='ltr'>Κυρίου</span> <span class='ocrx_word' id='word_1_406' title='bbox 3209 2826 3482 2899; x_wconf 87' lang='grc' dir='ltr'>σωτηρίαν</span> <span class='ocrx_word' id='word_1_407' title='bbox 3511 2825 3770 2880; x_wconf 82' lang='grc' dir='ltr'>αἰώνιον·</span> 
     </span>
    </p>
   </div>
   <div class='ocr_carea' id='block_1_57' title="bbox 2185 2917 3774 2992">
    <p class='ocr_par' dir='ltr' id='par_1_57' title="bbox 2185 2917 3774 2992">
     <span class='ocr_line' id='line_1_57' title="bbox 2185 2917 3774 2992; baseline -0.001 -20"><span class='ocrx_word' id='word_1_408' title='bbox 2185 2919 2287 2973; x_wconf 80' lang='grc' dir='ltr'><strong>οὐκ</strong></span> <span class='ocrx_word' id='word_1_409' title='bbox 2338 2919 2802 2992; x_wconf 85' lang='grc' dir='ltr'>αίσχυνθήσονται,</span> <span class='ocrx_word' id='word_1_410' title='bbox 2846 2918 2966 2972; x_wconf 89' lang='grc' dir='ltr'><strong>ούδέ</strong></span> <span class='ocrx_word' id='word_1_411' title='bbox 3022 2919 3095 2989; x_wconf 80' lang='grc' dir='ltr'>μὴ</span> <span class='ocrx_word' id='word_1_412' title='bbox 3147 2917 3482 2988; x_wconf 85' lang='grc' dir='ltr'>ἐντραπῶσιν</span> <span class='ocrx_word' id='word_1_413' title='bbox 3519 2917 3624 2982; x_wconf 73' lang='grc' dir='ltr'><strong>ἕως</strong></span> <span class='ocrx_word' id='word_1_414' title='bbox 3675 2918 3774 2972; x_wconf 79' lang='grc' dir='ltr'><strong>τοῦ</strong></span> 
     </span>
    </p>
   </div>
   <div class='ocr_carea' id='block_1_58' title="bbox 2187 3009 3773 3082">
    <p class='ocr_par' dir='ltr' id='par_1_58' title="bbox 2187 3009 3773 3082">
     <span class='ocr_line' id='line_1_58' title="bbox 2187 3009 3773 3082; baseline -0.002 -17"><span class='ocrx_word' id='word_1_415' title='bbox 2187 3011 2381 3076; x_wconf 89' lang='grc' dir='ltr'>αἰῶνος</span> <span class='ocrx_word' id='word_1_416' title='bbox 2407 3011 2508 3066; x_wconf 78' lang='grc' dir='ltr'>ἔτι.</span> <span class='ocrx_word' id='word_1_417' title='bbox 2545 3031 2565 3065; x_wconf 82' lang='grc'><strong>›</strong></span> <span class='ocrx_word' id='word_1_418' title='bbox 2594 3013 2703 3066; x_wconf 76' lang='grc' dir='ltr'><strong>Καὶ</strong></span> <span class='ocrx_word' id='word_1_419' title='bbox 2727 3011 2899 3064; x_wconf 76' lang='grc' dir='ltr'>ταῦτα</span> <span class='ocrx_word' id='word_1_420' title='bbox 2929 3012 2986 3064; x_wconf 82' lang='grc' dir='ltr'>δὲ</span> <span class='ocrx_word' id='word_1_421' title='bbox 3011 3009 3319 3069; x_wconf 77' lang='grc' dir='ltr'>ἀκολούθως</span> <span class='ocrx_word' id='word_1_422' title='bbox 3343 3009 3610 3080; x_wconf 81' lang='grc' dir='ltr'>συνῆπται</span> <span class='ocrx_word' id='word_1_423' title='bbox 3637 3013 3773 3082; x_wconf 72' lang='grc' dir='ltr'>περὶ</span> 
     </span>
    </p>
   </div>
   <div class='ocr_carea' id='block_1_59' title="bbox 2185 3101 3771 3176">
    <p class='ocr_par' dir='ltr' id='par_1_59' title="bbox 2185 3101 3771 3176">
     <span class='ocr_line' id='line_1_59' title="bbox 2185 3101 3771 3176; baseline -0.001 -19"><span class='ocrx_word' id='word_1_424' title='bbox 2185 3103 2293 3158; x_wconf 86' lang='grc' dir='ltr'><strong>τῶν</strong></span> <span class='ocrx_word' id='word_1_425' title='bbox 2335 3104 2646 3158; x_wconf 85' lang='grc' dir='ltr'>ἀποστόλων</span> <span class='ocrx_word' id='word_1_426' title='bbox 2694 3105 2788 3158; x_wconf 72' lang='grc' dir='ltr'>καὶ</span> <span class='ocrx_word' id='word_1_427' title='bbox 2817 3103 3072 3176; x_wconf 83' lang='grc' dir='ltr'>μαθητῶν</span> <span class='ocrx_word' id='word_1_428' title='bbox 3109 3104 3204 3156; x_wconf 71' lang='grc' dir='ltr'><strong>καὶ</strong></span> <span class='ocrx_word' id='word_1_429' title='bbox 3240 3101 3637 3172; x_wconf 81' lang='grc' dir='ltr'>εὐαγγελιστῶν</span> <span class='ocrx_word' id='word_1_430' title='bbox 3673 3103 3771 3156; x_wconf 83' lang='grc' dir='ltr'>τοῦ</span> 
     </span>
    </p>
   </div>
   <div class='ocr_carea' id='block_1_60' title="bbox 503 3187 2084 3275">
    <p class='ocr_par' dir='ltr' id='par_1_60' title="bbox 503 3187 2082 3260">
     <span class='ocr_line' id='line_1_60' title="bbox 503 3187 2082 3260; baseline 0 -19"><span class='ocrx_word' id='word_1_431' title='bbox 503 3187 603 3242; x_wconf 93' lang='lat' dir='ltr'><strong>stri</strong></span> <span class='ocrx_word' id='word_1_432' title='bbox 648 3187 944 3242; x_wconf 86' lang='lat' dir='ltr'><strong>dicuntur:</strong></span> <span class='ocrx_word' id='word_1_433' title='bbox 979 3189 1078 3260; x_wconf 84' lang='lat' dir='ltr'><strong>ipsi</strong></span> <span class='ocrx_word' id='word_1_434' title='bbox 1128 3204 1362 3260; x_wconf 87' lang='lat' dir='ltr'><strong>namque</strong></span> <span class='ocrx_word' id='word_1_435' title='bbox 1411 3199 1568 3244; x_wconf 86' lang='lat' dir='ltr'><strong>erant</strong></span> <span class='ocrx_word' id='word_1_436' title='bbox 1613 3188 1773 3245; x_wconf 87' lang='lat' dir='ltr'><strong>Israel</strong></span> <span class='ocrx_word' id='word_1_437' title='bbox 1823 3189 1946 3254; x_wconf 90' lang='lat' dir='ltr'><strong>ille,</strong></span> <span class='ocrx_word' id='word_1_438' title='bbox 1991 3188 2082 3258; x_wconf 87' lang='lat' dir='ltr'><strong>qui</strong></span> 
     </span>
    </p>
   </div>
   <div class='ocr_carea' id='block_1_61' title="bbox 2191 3187 3770 3275">
    <p class='ocr_par' dir='ltr' id='par_1_61' title="bbox 2191 3191 3770 3268">
     <span class='ocr_line' id='line_1_61' title="bbox 2191 3191 3770 3268; baseline 0 -19"><span class='ocrx_word' id='word_1_439' title='bbox 2191 3196 2437 3267; x_wconf 79' lang='grc' dir='ltr'>Σωτῆρος</span> <span class='ocrx_word' id='word_1_440' title='bbox 2459 3196 2616 3268; x_wconf 81' lang='grc' dir='ltr'>ἡμῶν</span> <span class='ocrx_word' id='word_1_441' title='bbox 2633 3214 2646 3226; x_wconf 87' lang='grc'><strong>·</strong></span> <span class='ocrx_word' id='word_1_442' title='bbox 2671 3197 2828 3250; x_wconf 77' lang='grc' dir='ltr'>αὐτοὶ</span> <span class='ocrx_word' id='word_1_443' title='bbox 2853 3196 2961 3266; x_wconf 76' lang='grc' dir='ltr'><strong>γάρ</strong></span> <span class='ocrx_word' id='word_1_444' title='bbox 2980 3191 3121 3266; x_wconf 85' lang='grc' dir='ltr'>ἦσαν</span> <span class='ocrx_word' id='word_1_445' title='bbox 3140 3196 3168 3248; x_wconf 90' lang='grc' dir='ltr'><strong>ό</strong></span> <span class='ocrx_word' id='word_1_446' title='bbox 3191 3193 3493 3264; x_wconf 74' lang='grc' dir='ltr'>σωζόμενος</span> <span class='ocrx_word' id='word_1_447' title='bbox 3527 3196 3770 3267; x_wconf 78' lang='grc' dir='ltr'>Ἰσραήλ·</span> 
     </span>
    </p>
   </div>
   <div class='ocr_carea' id='block_1_62' title="bbox 501 3280 2081 3352">
    <p class='ocr_par' dir='ltr' id='par_1_62' title="bbox 501 3280 2081 3352">
     <span class='ocr_line' id='line_1_62' title="bbox 501 3280 2081 3352; baseline 0.001 -18"><span class='ocrx_word' id='word_1_448' title='bbox 501 3280 675 3334; x_wconf 87' lang='lat' dir='ltr'><strong>salute</strong></span> <span class='ocrx_word' id='word_1_449' title='bbox 723 3282 999 3337; x_wconf 88' lang='lat' dir='ltr'><strong>donatur:</strong></span> <span class='ocrx_word' id='word_1_450' title='bbox 1041 3297 1103 3336; x_wconf 91' lang='lat' dir='ltr'><strong>ac</strong></span> <span class='ocrx_word' id='word_1_451' title='bbox 1155 3298 1340 3337; x_wconf 91' lang='lat' dir='ltr'><strong>eorum</strong></span> <span class='ocrx_word' id='word_1_452' title='bbox 1396 3298 1558 3352; x_wconf 88' lang='lat' dir='ltr'><strong>opera</strong></span> <span class='ocrx_word' id='word_1_453' title='bbox 1614 3282 1930 3352; x_wconf 85' lang='lat' dir='ltr'><strong>plerumque</strong></span> <span class='ocrx_word' id='word_1_454' title='bbox 1967 3297 2081 3336; x_wconf 90' lang='lat' dir='ltr'><strong>me-</strong></span> 
     </span>
    </p>
   </div>
   <div class='ocr_carea' id='block_1_63' title="bbox 507 3373 2084 3430">
    <p class='ocr_par' dir='ltr' id='par_1_63' title="bbox 507 3373 2084 3430">
     <span class='ocr_line' id='line_1_63' title="bbox 507 3373 2084 3430; baseline 0.004 -6"><span class='ocrx_word' id='word_1_455' title='bbox 507 3382 728 3427; x_wconf 76' lang='lat' dir='ltr'><strong>morata:</strong></span> <span class='ocrx_word' id='word_1_456' title='bbox 779 3373 965 3428; x_wconf 71' lang='lat' dir='ltr'><strong>insula:</strong></span> <span class='ocrx_word' id='word_1_457' title='bbox 1016 3384 1284 3428; x_wconf 79' lang='lat' dir='ltr'><strong>renovatae</strong></span> <span class='ocrx_word' id='word_1_458' title='bbox 1336 3384 1482 3430; x_wconf 91' lang='lat' dir='ltr'><strong>sunt.</strong></span> <span class='ocrx_word' id='word_1_459' title='bbox 1535 3375 1703 3430; x_wconf 88' lang='lat' dir='ltr'><strong>Erant</strong></span> <span class='ocrx_word' id='word_1_460' title='bbox 1749 3385 1930 3430; x_wconf 87' lang='lat' dir='ltr'><strong>autem</strong></span> <span class='ocrx_word' id='word_1_461' title='bbox 1980 3375 2084 3430; x_wconf 74' lang='lat' dir='ltr'><strong>illa:</strong></span> 
     </span>
    </p>
   </div>
   <div class='ocr_carea' id='block_1_64' title="bbox 505 3463 2084 3536">
    <p class='ocr_par' dir='ltr' id='par_1_64' title="bbox 505 3463 2084 3536">
     <span class='ocr_line' id='line_1_64' title="bbox 505 3463 2084 3536; baseline 0.004 -20"><span class='ocrx_word' id='word_1_462' title='bbox 505 3463 597 3517; x_wconf 87' lang='lat' dir='ltr'><strong>Dei</strong></span> <span class='ocrx_word' id='word_1_463' title='bbox 660 3464 906 3520; x_wconf 76' lang='lat' dir='ltr'><strong>ecclesia:</strong></span> <span class='ocrx_word' id='word_1_464' title='bbox 968 3482 1088 3536; x_wconf 69' lang='lat' dir='ltr'><strong>qua:</strong></span> <span class='ocrx_word' id='word_1_465' title='bbox 1157 3481 1254 3522; x_wconf 89' lang='lat' dir='ltr'><strong>ceu</strong></span> <span class='ocrx_word' id='word_1_466' title='bbox 1322 3468 1457 3521; x_wconf 81' lang='lat' dir='ltr'><strong>mari</strong></span> <span class='ocrx_word' id='word_1_467' title='bbox 1521 3468 1645 3523; x_wconf 75' lang='lat' dir='ltr'><strong>vita:</strong></span> <span class='ocrx_word' id='word_1_468' title='bbox 1717 3469 1914 3522; x_wconf 86' lang='lat' dir='ltr'><strong>malitia</strong></span> <span class='ocrx_word' id='word_1_469' title='bbox 1968 3484 2084 3522; x_wconf 87' lang='lat' dir='ltr'><strong>atu-</strong></span> 
     </span>
    </p>
   </div>
   <div class='ocr_carea' id='block_1_65' title="bbox 502 3556 748 3611">
    <p class='ocr_par' dir='ltr' id='par_1_65' title="bbox 502 3556 748 3611">
     <span class='ocr_line' id='line_1_65' title="bbox 502 3556 748 3611; baseline 0.004 -1"><span class='ocrx_word' id='word_1_470' title='bbox 502 3556 748 3611; x_wconf 91' lang='lat' dir='ltr'><strong>biuntur.</strong></span> 
     </span>
    </p>
   </div>
   <div class='ocr_carea' id='block_1_66' title="bbox 577 3647 2083 3720">
    <p class='ocr_par' dir='ltr' id='par_1_66' title="bbox 577 3647 2083 3720">
     <span class='ocr_line' id='line_1_66' title="bbox 577 3647 2083 3720; baseline 0.001 -16"><span class='ocrx_word' id='word_1_471' title='bbox 577 3648 740 3704; x_wconf 74' lang='lat' dir='ltr'><strong>Vens.</strong></span> <span class='ocrx_word' id='word_1_472' title='bbox 773 3649 861 3714; x_wconf 77' lang='grc'><strong>18,</strong></span> <span class='ocrx_word' id='word_1_473' title='bbox 890 3648 977 3705; x_wconf 85' lang='lat' dir='ltr'><strong>l9.</strong></span> <span class='ocrx_word' id='word_1_474' title='bbox 1021 3669 1039 3701; x_wconf 75' lang='grc' dir='ltr'><strong>ι</strong></span> <span class='ocrx_word' id='word_1_475' title='bbox 1064 3647 1155 3706; x_wconf 88' lang='lat' dir='ltr'><strong>Sic</strong></span> <span class='ocrx_word' id='word_1_476' title='bbox 1186 3650 1319 3706; x_wconf 89' lang='lat' dir='ltr'><strong>dicit</strong></span> <span class='ocrx_word' id='word_1_477' title='bbox 1353 3651 1638 3717; x_wconf 87' lang='lat' dir='ltr'><strong>Dominus,</strong></span> <span class='ocrx_word' id='word_1_478' title='bbox 1671 3651 1762 3720; x_wconf 91' lang='lat' dir='ltr'><strong>qui</strong></span> <span class='ocrx_word' id='word_1_479' title='bbox 1813 3651 1942 3707; x_wconf 88' lang='lat' dir='ltr'><strong>fecit</strong></span> <span class='ocrx_word' id='word_1_480' title='bbox 1971 3666 2083 3706; x_wconf 67' lang='lat' dir='ltr'><strong>eoa-</strong></span> 
     </span>
    </p>
   </div>
   <div class='ocr_carea' id='block_1_67' title="bbox 506 3739 2079 3813">
    <p class='ocr_par' dir='ltr' id='par_1_67' title="bbox 506 3739 2079 3813">
     <span class='ocr_line' id='line_1_67' title="bbox 506 3739 2079 3813; baseline 0.002 -20"><span class='ocrx_word' id='word_1_481' title='bbox 506 3739 616 3794; x_wconf 91' lang='lat' dir='ltr'><strong>lum</strong></span> <span class='ocrx_word' id='word_1_482' title='bbox 651 3758 665 3795; x_wconf 89' lang='lat'><strong>:</strong></span> <span class='ocrx_word' id='word_1_483' title='bbox 711 3741 811 3796; x_wconf 90' lang='lat' dir='ltr'><strong>iste</strong></span> <span class='ocrx_word' id='word_1_484' title='bbox 846 3741 1008 3808; x_wconf 91' lang='lat' dir='ltr'><strong>Deus,</strong></span> <span class='ocrx_word' id='word_1_485' title='bbox 1051 3744 1138 3813; x_wconf 92' lang='lat' dir='ltr'><strong>qui</strong></span> <span class='ocrx_word' id='word_1_486' title='bbox 1164 3745 1404 3800; x_wconf 86' lang='lat' dir='ltr'><strong>ostendit</strong></span> <span class='ocrx_word' id='word_1_487' title='bbox 1435 3754 1659 3809; x_wconf 85' lang='lat' dir='ltr'><strong>terram,</strong></span> <span class='ocrx_word' id='word_1_488' title='bbox 1697 3753 1751 3798; x_wconf 89' lang='lat' dir='ltr'><strong>et</strong></span> <span class='ocrx_word' id='word_1_489' title='bbox 1779 3744 1909 3799; x_wconf 84' lang='lat' dir='ltr'><strong>fecit</strong></span> <span class='ocrx_word' id='word_1_490' title='bbox 1937 3759 2079 3808; x_wconf 81' lang='lat' dir='ltr'><strong>eam,</strong></span> 
     </span>
    </p>
   </div>
   <div class='ocr_carea' id='block_1_68' title="bbox 507 3835 2086 3904">
    <p class='ocr_par' dir='ltr' id='par_1_68' title="bbox 507 3835 2086 3904">
     <span class='ocr_line' id='line_1_68' title="bbox 507 3835 2086 3904; baseline 0.001 -18"><span class='ocrx_word' id='word_1_491' title='bbox 507 3835 620 3904; x_wconf 84' lang='lat' dir='ltr'><strong>ipse</strong></span> <span class='ocrx_word' id='word_1_492' title='bbox 665 3835 912 3890; x_wconf 81' lang='lat' dir='ltr'><strong>distinxit</strong></span> <span class='ocrx_word' id='word_1_493' title='bbox 955 3851 1097 3891; x_wconf 88' lang='lat' dir='ltr'><strong>eam.</strong></span> <span class='ocrx_word' id='word_1_494' title='bbox 1151 3835 1265 3891; x_wconf 82' lang='lat' dir='ltr'><strong>Non</strong></span> <span class='ocrx_word' id='word_1_495' title='bbox 1311 3836 1510 3890; x_wconf 73' lang='lat' dir='ltr'><strong>frustra</strong></span> <span class='ocrx_word' id='word_1_496' title='bbox 1555 3836 1682 3890; x_wconf 78' lang='lat' dir='ltr'><strong>fecit</strong></span> <span class='ocrx_word' id='word_1_497' title='bbox 1722 3851 1861 3899; x_wconf 85' lang='lat' dir='ltr'><strong>eam,</strong></span> <span class='ocrx_word' id='word_1_498' title='bbox 1899 3835 1992 3890; x_wconf 85' lang='lat' dir='ltr'><strong>sed</strong></span> <span class='ocrx_word' id='word_1_499' title='bbox 2028 3844 2086 3889; x_wconf 94' lang='lat' dir='ltr'><strong>ut</strong></span> 
     </span>
    </p>
   </div>
   <div class='ocr_carea' id='block_1_69' title="bbox 504 3925 2085 3998">
    <p class='ocr_par' dir='ltr' id='par_1_69' title="bbox 504 3925 2085 3998">
     <span class='ocr_line' id='line_1_69' title="bbox 504 3925 2085 3998; baseline 0.001 -17"><span class='ocrx_word' id='word_1_500' title='bbox 504 3925 844 3982; x_wconf 83' lang='lat' dir='ltr'><strong>habitaretur</strong></span> <span class='ocrx_word' id='word_1_501' title='bbox 875 3927 1161 3998; x_wconf 87' lang='lat' dir='ltr'><strong>plasmavit</strong></span> <span class='ocrx_word' id='word_1_502' title='bbox 1201 3942 1342 3984; x_wconf 88' lang='lat' dir='ltr'><strong>eam.</strong></span> <span class='ocrx_word' id='word_1_503' title='bbox 1402 3928 1514 3998; x_wconf 89' lang='lat' dir='ltr'><strong>Ego</strong></span> <span class='ocrx_word' id='word_1_504' title='bbox 1555 3943 1672 3982; x_wconf 88' lang='lat' dir='ltr'><strong>sum</strong></span> <span class='ocrx_word' id='word_1_505' title='bbox 1706 3925 1981 3991; x_wconf 80' lang='lat' dir='ltr'><strong>Dominus,</strong></span> <span class='ocrx_word' id='word_1_506' title='bbox 2029 3937 2085 3982; x_wconf 88' lang='lat' dir='ltr'><strong>et</strong></span> 
     </span>
    </p>
   </div>
   <div class='ocr_carea' id='block_1_70' title="bbox 505 4019 2086 4091">
    <p class='ocr_par' dir='ltr' id='par_1_70' title="bbox 505 4019 2086 4091">
     <span class='ocr_line' id='line_1_70' title="bbox 505 4019 2086 4091; baseline 0.001 -17"><span class='ocrx_word' id='word_1_507' title='bbox 505 4035 612 4074; x_wconf 90' lang='lat' dir='ltr'><strong>non</strong></span> <span class='ocrx_word' id='word_1_508' title='bbox 643 4029 728 4074; x_wconf 88' lang='lat' dir='ltr'><strong>est</strong></span> <span class='ocrx_word' id='word_1_509' title='bbox 762 4019 920 4074; x_wconf 87' lang='lat' dir='ltr'><strong>alius.</strong></span> <span class='ocrx_word' id='word_1_510' title='bbox 944 4039 964 4073; x_wconf 74' lang='grc' dir='ltr'><strong>ι</strong></span> <span class='ocrx_word' id='word_1_511' title='bbox 1020 4019 1113 4075; x_wconf 86' lang='lat' dir='ltr'><strong>His</strong></span> <span class='ocrx_word' id='word_1_512' title='bbox 1143 4023 1388 4085; x_wconf 88' lang='lat' dir='ltr'><strong>docetur,</strong></span> <span class='ocrx_word' id='word_1_513' title='bbox 1435 4034 1540 4074; x_wconf 90' lang='lat' dir='ltr'><strong>non</strong></span> <span class='ocrx_word' id='word_1_514' title='bbox 1589 4019 1944 4091; x_wconf 83' lang='lat' dir='ltr'><strong>ignorandum</strong></span> <span class='ocrx_word' id='word_1_515' title='bbox 1987 4035 2086 4075; x_wconf 86' lang='lat' dir='ltr'><strong>no-</strong></span> 
     </span>
    </p>
   </div>
   <div class='ocr_carea' id='block_1_71' title="bbox 504 4112 2082 4184">
    <p class='ocr_par' dir='ltr' id='par_1_71' title="bbox 504 4112 2082 4184">
     <span class='ocr_line' id='line_1_71' title="bbox 504 4112 2082 4184; baseline 0 -17"><span class='ocrx_word' id='word_1_516' title='bbox 504 4113 630 4178; x_wconf 86' lang='lat' dir='ltr'><strong>bis,</strong></span> <span class='ocrx_word' id='word_1_517' title='bbox 685 4112 962 4166; x_wconf 87' lang='lat' dir='ltr'><strong>hominum</strong></span> <span class='ocrx_word' id='word_1_518' title='bbox 1024 4128 1192 4182; x_wconf 86' lang='lat' dir='ltr'><strong>genus</strong></span> <span class='ocrx_word' id='word_1_519' title='bbox 1254 4128 1450 4184; x_wconf 80' lang='lat' dir='ltr'><strong>magno</strong></span> <span class='ocrx_word' id='word_1_520' title='bbox 1500 4113 1642 4181; x_wconf 88' lang='lat' dir='ltr'><strong>apud</strong></span> <span class='ocrx_word' id='word_1_521' title='bbox 1703 4113 2082 4167; x_wconf 86' lang='lat' dir='ltr'><strong>universorum</strong></span> 
     </span>
    </p>
   </div>
   <div class='ocr_carea' id='block_1_72' title="bbox 505 4204 2086 4275">
    <p class='ocr_par' dir='ltr' id='par_1_72' title="bbox 505 4204 2086 4275">
     <span class='ocr_line' id='line_1_72' title="bbox 505 4204 2086 4275; baseline 0 -15"><span class='ocrx_word' id='word_1_522' title='bbox 505 4205 791 4260; x_wconf 90' lang='lat' dir='ltr'><strong>Dominum</strong></span> <span class='ocrx_word' id='word_1_523' title='bbox 835 4204 1001 4258; x_wconf 90' lang='lat' dir='ltr'><strong>Deum</strong></span> <span class='ocrx_word' id='word_1_524' title='bbox 1055 4207 1106 4258; x_wconf 92' lang='lat' dir='ltr'><strong>in</strong></span> <span class='ocrx_word' id='word_1_525' title='bbox 1152 4205 1358 4260; x_wconf 83' lang='lat' dir='ltr'><strong>honore</strong></span> <span class='ocrx_word' id='word_1_526' title='bbox 1403 4205 1643 4260; x_wconf 89' lang='lat' dir='ltr'><strong>habitum</strong></span> <span class='ocrx_word' id='word_1_527' title='bbox 1691 4219 1812 4260; x_wconf 90' lang='lat' dir='ltr'><strong>esse</strong></span> <span class='ocrx_word' id='word_1_528' title='bbox 1859 4223 1872 4259; x_wconf 90' lang='lat'>:</span> <span class='ocrx_word' id='word_1_529' title='bbox 1917 4219 2086 4275; x_wconf 88' lang='lat' dir='ltr'><strong>quare</strong></span> 
     </span>
    </p>
   </div>
   <div class='ocr_carea' id='block_1_73' title="bbox 505 4296 2086 4371">
    <p class='ocr_par' dir='ltr' id='par_1_73' title="bbox 505 4296 2086 4371">
     <span class='ocr_line' id='line_1_73' title="bbox 505 4296 2086 4371; baseline -0.001 -20"><span class='ocrx_word' id='word_1_530' title='bbox 505 4297 678 4364; x_wconf 91' lang='lat' dir='ltr'><strong>ipsum</strong></span> <span class='ocrx_word' id='word_1_531' title='bbox 717 4296 940 4371; x_wconf 77' lang='lat' dir='ltr'><strong>salutari</strong></span> <span class='ocrx_word' id='word_1_532' title='bbox 985 4298 1269 4352; x_wconf 88' lang='lat' dir='ltr'><strong>vocatione</strong></span> <span class='ocrx_word' id='word_1_533' title='bbox 1303 4299 1556 4368; x_wconf 85' lang='lat' dir='ltr'><strong>dignatus</strong></span> <span class='ocrx_word' id='word_1_534' title='bbox 1585 4307 1693 4361; x_wconf 89' lang='lat' dir='ltr'><strong>est,</strong></span> <span class='ocrx_word' id='word_1_535' title='bbox 1724 4312 1935 4352; x_wconf 90' lang='lat' dir='ltr'><strong>necnon</strong></span> <span class='ocrx_word' id='word_1_536' title='bbox 1965 4311 2086 4351; x_wconf 83' lang='lat' dir='ltr'><strong>om-</strong></span> 
     </span>
    </p>
   </div>
   <div class='ocr_carea' id='block_1_74' title="bbox 2188 3285 3773 3357">
    <p class='ocr_par' dir='ltr' id='par_1_74' title="bbox 2188 3285 3773 3357">
     <span class='ocr_line' id='line_1_74' title="bbox 2188 3285 3773 3357; baseline -0.002 -15"><span class='ocrx_word' id='word_1_537' title='bbox 2188 3289 2284 3343; x_wconf 58' lang='grc' dir='ltr'><strong>κοιλ⁸</strong></span> <span class='ocrx_word' id='word_1_538' title='bbox 2333 3289 2400 3341; x_wconf 82' lang='grc' dir='ltr'>δι’</span> <span class='ocrx_word' id='word_1_539' title='bbox 2452 3287 2630 3342; x_wconf 80' lang='grc' dir='ltr'>αὐτῶν</span> <span class='ocrx_word' id='word_1_540' title='bbox 2667 3287 3116 3357; x_wconf 87' lang='grc' dir='ltr'>ἀνεκαινίσθησαν</span> <span class='ocrx_word' id='word_1_541' title='bbox 3151 3287 3208 3339; x_wconf 80' lang='grc' dir='ltr'>αἱ</span> <span class='ocrx_word' id='word_1_542' title='bbox 3242 3285 3496 3350; x_wconf 85' lang='grc' dir='ltr'>πολλάκις</span> <span class='ocrx_word' id='word_1_543' title='bbox 3541 3286 3631 3340; x_wconf 81' lang='grc' dir='ltr'><strong>διὰ</strong></span> <span class='ocrx_word' id='word_1_544' title='bbox 3659 3288 3773 3342; x_wconf 78' lang='grc' dir='ltr'><strong>τῶν</strong></span> 
     </span>
    </p>
   </div>
   <div class='ocr_carea' id='block_1_75' title="bbox 2187 3373 3774 3455">
    <p class='ocr_par' dir='ltr' id='par_1_75' title="bbox 2187 3373 3774 3455">
     <span class='ocr_line' id='line_1_75' title="bbox 2187 3373 3774 3455; baseline -0.002 -19"><span class='ocrx_word' id='word_1_545' title='bbox 2187 3382 2494 3455; x_wconf 78' lang='grc' dir='ltr'>ἔμπροσθεν</span> <span class='ocrx_word' id='word_1_546' title='bbox 2533 3380 2854 3453; x_wconf 82' lang='grc' dir='ltr'>δηλωθεῖσαι</span> <span class='ocrx_word' id='word_1_547' title='bbox 2907 3381 3081 3450; x_wconf 80' lang='grc' dir='ltr'>νῆσοι.</span> <span class='ocrx_word' id='word_1_548' title='bbox 3114 3373 3282 3433; x_wconf 73' lang='grc' dir='ltr'>Λῦται</span> <span class='ocrx_word' id='word_1_549' title='bbox 3311 3377 3367 3431; x_wconf 87' lang='grc' dir='ltr'><strong>δὲ</strong></span> <span class='ocrx_word' id='word_1_550' title='bbox 3397 3373 3534 3448; x_wconf 78' lang='grc' dir='ltr'>ἦσαν</span> <span class='ocrx_word' id='word_1_551' title='bbox 3573 3380 3628 3432; x_wconf 81' lang='grc' dir='ltr'>αἱ</span> <span class='ocrx_word' id='word_1_552' title='bbox 3676 3381 3774 3433; x_wconf 83' lang='grc' dir='ltr'>ἐκ-</span> 
     </span>
    </p>
   </div>
   <div class='ocr_carea' id='block_1_76' title="bbox 2187 3471 3774 3547">
    <p class='ocr_par' dir='ltr' id='par_1_76' title="bbox 2187 3471 3774 3547">
     <span class='ocr_line' id='line_1_76' title="bbox 2187 3471 3774 3547; baseline -0.003 -19"><span class='ocrx_word' id='word_1_553' title='bbox 2187 3476 2408 3547; x_wconf 86' lang='grc' dir='ltr'>κλησίαι</span> <span class='ocrx_word' id='word_1_554' title='bbox 2450 3473 2712 3529; x_wconf 84' lang='grc' dir='ltr'>τού.Θεοῦ</span> <span class='ocrx_word' id='word_1_555' title='bbox 2738 3472 2813 3537; x_wconf 82' lang='grc' dir='ltr'>ὡς</span> <span class='ocrx_word' id='word_1_556' title='bbox 2847 3472 2940 3525; x_wconf 76' lang='grc' dir='ltr'><strong>ἐπὶ</strong></span> <span class='ocrx_word' id='word_1_557' title='bbox 2967 3471 3240 3541; x_wconf 86' lang='grc' dir='ltr'>θαλάσσης</span> <span class='ocrx_word' id='word_1_558' title='bbox 3267 3471 3632 3541; x_wconf 73' lang='grc' dir='ltr'>κυκλούμεναι</span> <span class='ocrx_word' id='word_1_559' title='bbox 3667 3471 3774 3524; x_wconf 78' lang='grc' dir='ltr'><strong>ὑπὸ</strong></span> 
     </span>
    </p>
   </div>
   <div class='ocr_carea' id='block_1_77' title="bbox 2185 3565 2809 3639">
    <p class='ocr_par' dir='ltr' id='par_1_77' title="bbox 2185 3565 2809 3639">
     <span class='ocr_line' id='line_1_77' title="bbox 2185 3565 2809 3639; baseline -0.008 -17"><span class='ocrx_word' id='word_1_560' title='bbox 2185 3569 2288 3639; x_wconf 84' lang='grc' dir='ltr'>τῆς</span> <span class='ocrx_word' id='word_1_561' title='bbox 2320 3567 2413 3621; x_wconf 81' lang='grc' dir='ltr'>τοῦ</span> <span class='ocrx_word' id='word_1_562' title='bbox 2445 3567 2560 3637; x_wconf 86' lang='grc' dir='ltr'>βίου</span> <span class='ocrx_word' id='word_1_563' title='bbox 2588 3565 2809 3628; x_wconf 86' lang='grc' dir='ltr'>κακίας.</span> 
     </span>
    </p>
   </div>
   <div class='ocr_carea' id='block_1_78' title="bbox 2262 3645 3772 3726">
    <p class='ocr_par' dir='ltr' id='par_1_78' title="bbox 2262 3645 3772 3726">
     <span class='ocr_line' id='line_1_78' title="bbox 2262 3645 3772 3726; baseline -0.005 -15"><span class='ocrx_word' id='word_1_564' title='bbox 2262 3677 2280 3710; x_wconf 82' lang='grc' dir='ltr'><strong>ι</strong></span> <span class='ocrx_word' id='word_1_565' title='bbox 2317 3656 2503 3721; x_wconf 76' lang='grc' dir='ltr'>Οὕτως</span> <span class='ocrx_word' id='word_1_566' title='bbox 2522 3655 2668 3726; x_wconf 77' lang='grc' dir='ltr'>λέγει</span> <span class='ocrx_word' id='word_1_567' title='bbox 2699 3653 2901 3724; x_wconf 87' lang='grc' dir='ltr'>Κύριος</span> <span class='ocrx_word' id='word_1_568' title='bbox 2944 3653 2972 3705; x_wconf 84' lang='grc' dir='ltr'><strong>ὁ</strong></span> <span class='ocrx_word' id='word_1_569' title='bbox 3008 3654 3240 3725; x_wconf 85' lang='grc' dir='ltr'>ποιήσας</span> <span class='ocrx_word' id='word_1_570' title='bbox 3269 3652 3360 3707; x_wconf 82' lang='grc' dir='ltr'><strong>τὸν</strong></span> <span class='ocrx_word' id='word_1_571' title='bbox 3384 3651 3610 3722; x_wconf 79' lang='grc' dir='ltr'>οὐρανόν</span> <span class='ocrx_word' id='word_1_572' title='bbox 3629 3669 3643 3681; x_wconf 88' lang='grc'><strong>·</strong></span> <span class='ocrx_word' id='word_1_573' title='bbox 3687 3645 3772 3706; x_wconf 61' lang='grc' dir='ltr'><strong>οἶν</strong></span> 
     </span>
    </p>
   </div>
   <div class='ocr_carea' id='block_1_79' title="bbox 2183 3746 3768 3818">
    <p class='ocr_par' dir='ltr' id='par_1_79' title="bbox 2183 3746 3768 3818">
     <span class='ocr_line' id='line_1_79' title="bbox 2183 3746 3768 3818; baseline -0.005 -13"><span class='ocrx_word' id='word_1_574' title='bbox 2183 3769 2275 3816; x_wconf 87' lang='grc' dir='ltr'><strong>τος</strong></span> <span class='ocrx_word' id='word_1_575' title='bbox 2303 3754 2332 3806; x_wconf 90' lang='grc' dir='ltr'><strong>ό</strong></span> <span class='ocrx_word' id='word_1_576' title='bbox 2359 3750 2492 3814; x_wconf 82' lang='grc' dir='ltr'>Θεὸς</span> <span class='ocrx_word' id='word_1_577' title='bbox 2534 3753 2563 3803; x_wconf 86' lang='grc' dir='ltr'><strong>ό</strong></span> <span class='ocrx_word' id='word_1_578' title='bbox 2602 3746 2925 3814; x_wconf 78' lang='grc' dir='ltr'>καταδείξας</span> <span class='ocrx_word' id='word_1_579' title='bbox 2966 3747 3064 3817; x_wconf 78' lang='grc' dir='ltr'>τὴν</span> <span class='ocrx_word' id='word_1_580' title='bbox 3113 3749 3238 3818; x_wconf 84' lang='grc' dir='ltr'>γῆν,</span> <span class='ocrx_word' id='word_1_581' title='bbox 3273 3747 3366 3800; x_wconf 80' lang='grc' dir='ltr'><strong>καὶ</strong></span> <span class='ocrx_word' id='word_1_582' title='bbox 3400 3747 3634 3816; x_wconf 87' lang='grc' dir='ltr'>ποιήσας</span> <span class='ocrx_word' id='word_1_583' title='bbox 3672 3747 3768 3798; x_wconf 78' lang='grc' dir='ltr'><strong>αὺ-</strong></span> 
     </span>
    </p>
   </div>
   <div class='ocr_carea' id='block_1_80' title="bbox 2185 3838 3770 3916">
    <p class='ocr_par' dir='ltr' id='par_1_80' title="bbox 2185 3838 3770 3916">
     <span class='ocr_line' id='line_1_80' title="bbox 2185 3838 3770 3916; baseline -0.006 -18"><span class='ocrx_word' id='word_1_584' title='bbox 2185 3845 2305 3916; x_wconf 81' lang='grc' dir='ltr'>τὴν,</span> <span class='ocrx_word' id='word_1_585' title='bbox 2352 3842 2515 3907; x_wconf 83' lang='grc' dir='ltr'>αὐτὸς</span> <span class='ocrx_word' id='word_1_586' title='bbox 2557 3841 2809 3914; x_wconf 81' lang='grc' dir='ltr'>διώρισεν</span> <span class='ocrx_word' id='word_1_587' title='bbox 2849 3841 3038 3912; x_wconf 82' lang='grc' dir='ltr'>αὐτήν.</span> <span class='ocrx_word' id='word_1_588' title='bbox 3080 3840 3193 3894; x_wconf 82' lang='grc' dir='ltr'>Οὐκ</span> <span class='ocrx_word' id='word_1_589' title='bbox 3219 3840 3300 3902; x_wconf 81' lang='grc' dir='ltr'><strong>εἰς</strong></span> <span class='ocrx_word' id='word_1_590' title='bbox 3331 3838 3486 3891; x_wconf 82' lang='grc' dir='ltr'>κενὸν</span> <span class='ocrx_word' id='word_1_591' title='bbox 3513 3838 3770 3908; x_wconf 83' lang='grc' dir='ltr'>ἐποίησεν</span> 
     </span>
    </p>
   </div>
   <div class='ocr_carea' id='block_1_81' title="bbox 2187 3930 3771 4009">
    <p class='ocr_par' dir='ltr' id='par_1_81' title="bbox 2187 3930 3771 4009">
     <span class='ocr_line' id='line_1_81' title="bbox 2187 3930 3771 4009; baseline -0.006 -17"><span class='ocrx_word' id='word_1_592' title='bbox 2187 3938 2376 4009; x_wconf 82' lang='grc' dir='ltr'>αὐτὴν,</span> <span class='ocrx_word' id='word_1_593' title='bbox 2404 3936 2541 3990; x_wconf 81' lang='grc' dir='ltr'>ἀλλὰ</span> <span class='ocrx_word' id='word_1_594' title='bbox 2575 3933 2944 3989; x_wconf 88' lang='grc' dir='ltr'>κατοικεῖσθαι</span> <span class='ocrx_word' id='word_1_595' title='bbox 2993 3932 3224 3985; x_wconf 80' lang='grc' dir='ltr'>ἔπλασεν</span> <span class='ocrx_word' id='word_1_596' title='bbox 3262 3932 3450 4003; x_wconf 81' lang='grc' dir='ltr'>αὐτήν.</span> <span class='ocrx_word' id='word_1_597' title='bbox 3489 3930 3627 3999; x_wconf 75' lang='grc' dir='ltr'><strong>Ἐγώ</strong></span> <span class='ocrx_word' id='word_1_598' title='bbox 3654 3932 3771 4002; x_wconf 86' lang='grc' dir='ltr'>είμι</span> 
     </span>
    </p>
   </div>
   <div class='ocr_carea' id='block_1_82' title="bbox 2188 4021 3772 4101">
    <p class='ocr_par' dir='ltr' id='par_1_82' title="bbox 2188 4021 3772 4101">
     <span class='ocr_line' id='line_1_82' title="bbox 2188 4021 3772 4101; baseline -0.006 -17"><span class='ocrx_word' id='word_1_599' title='bbox 2188 4029 2414 4101; x_wconf 82' lang='grc' dir='ltr'>Κύριος,</span> <span class='ocrx_word' id='word_1_600' title='bbox 2449 4028 2542 4082; x_wconf 76' lang='grc' dir='ltr'>καὶ</span> <span class='ocrx_word' id='word_1_601' title='bbox 2569 4027 2670 4080; x_wconf 73' lang='grc' dir='ltr'><strong>οὐκ</strong></span> <span class='ocrx_word' id='word_1_602' title='bbox 2709 4026 2857 4081; x_wconf 74' lang='grc' dir='ltr'>ἐστιν</span> <span class='ocrx_word' id='word_1_603' title='bbox 2897 4025 3000 4078; x_wconf 78' lang='grc' dir='ltr'>ἔτι.</span> <span class='ocrx_word' id='word_1_604' title='bbox 3041 4045 3058 4075; x_wconf 75' lang='grc' dir='ltr'><strong>ι</strong></span> <span class='ocrx_word' id='word_1_605' title='bbox 3110 4024 3362 4078; x_wconf 75' lang='grc' dir='ltr'>Διδάσκει</span> <span class='ocrx_word' id='word_1_606' title='bbox 3385 4022 3474 4076; x_wconf 86' lang='grc' dir='ltr'><strong>διά</strong></span> <span class='ocrx_word' id='word_1_607' title='bbox 3507 4021 3716 4076; x_wconf 87' lang='grc' dir='ltr'>τούτων</span> <span class='ocrx_word' id='word_1_608' title='bbox 3745 4023 3772 4074; x_wconf 90' lang='grc' dir='ltr'><strong>ό</strong></span> 
     </span>
    </p>
   </div>
   <div class='ocr_carea' id='block_1_83' title="bbox 2187 4113 3772 4191">
    <p class='ocr_par' dir='ltr' id='par_1_83' title="bbox 2187 4113 3772 4191">
     <span class='ocr_line' id='line_1_83' title="bbox 2187 4113 3772 4191; baseline -0.004 -19"><span class='ocrx_word' id='word_1_609' title='bbox 2187 4120 2344 4190; x_wconf 89' lang='grc' dir='ltr'>λόγος</span> <span class='ocrx_word' id='word_1_610' title='bbox 2377 4119 2452 4191; x_wconf 83' lang='grc' dir='ltr'>μὴ</span> <span class='ocrx_word' id='word_1_611' title='bbox 2480 4120 2718 4187; x_wconf 84' lang='grc' dir='ltr'>ἀγνοεῖν,</span> <span class='ocrx_word' id='word_1_612' title='bbox 2771 4118 2847 4180; x_wconf 83' lang='grc' dir='ltr'><strong>ῶς</strong></span> <span class='ocrx_word' id='word_1_613' title='bbox 2893 4116 3142 4187; x_wconf 82' lang='grc' dir='ltr'>μεγάλως</span> <span class='ocrx_word' id='word_1_614' title='bbox 3170 4115 3456 4186; x_wconf 82' lang='grc' dir='ltr'>τετίμηται</span> <span class='ocrx_word' id='word_1_615' title='bbox 3500 4114 3654 4185; x_wconf 85' lang='grc' dir='ltr'><strong>παρά</strong></span> <span class='ocrx_word' id='word_1_616' title='bbox 3695 4113 3772 4183; x_wconf 80' lang='grc' dir='ltr'><strong>τῷ</strong></span> 
     </span>
    </p>
   </div>
   <div class='ocr_carea' id='block_1_84' title="bbox 2187 4205 3770 4282">
    <p class='ocr_par' dir='ltr' id='par_1_84' title="bbox 2187 4205 3770 4282">
     <span class='ocr_line' id='line_1_84' title="bbox 2187 4205 3770 4282; baseline -0.004 -17"><span class='ocrx_word' id='word_1_617' title='bbox 2187 4213 2404 4267; x_wconf 90' lang='grc' dir='ltr'>πάντων</span> <span class='ocrx_word' id='word_1_618' title='bbox 2436 4211 2668 4282; x_wconf 81' lang='grc' dir='ltr'>δεσπότῃ</span> <span class='ocrx_word' id='word_1_619' title='bbox 2702 4209 2821 4280; x_wconf 85' lang='grc' dir='ltr'>Θεῷ</span> <span class='ocrx_word' id='word_1_620' title='bbox 2863 4210 2924 4262; x_wconf 89' lang='grc' dir='ltr'><strong>τὸ</strong></span> <span class='ocrx_word' id='word_1_621' title='bbox 2964 4208 3072 4262; x_wconf 89' lang='grc' dir='ltr'><strong>τῶν</strong></span> <span class='ocrx_word' id='word_1_622' title='bbox 3111 4205 3413 4280; x_wconf 84' lang='grc' dir='ltr'>ἀνθρώπων</span> <span class='ocrx_word' id='word_1_623' title='bbox 3451 4206 3640 4275; x_wconf 85' lang='grc' dir='ltr'>γένος·</span> <span class='ocrx_word' id='word_1_624' title='bbox 3694 4206 3770 4258; x_wconf 85' lang='grc' dir='ltr'><strong>διὸ</strong></span> 
     </span>
    </p>
   </div>
   <div class='ocr_carea' id='block_1_85' title="bbox 2187 4298 3770 4375">
    <p class='ocr_par' dir='ltr' id='par_1_85' title="bbox 2187 4298 3770 4375">
     <span class='ocr_line' id='line_1_85' title="bbox 2187 4298 3770 4375; baseline -0.005 -17"><span class='ocrx_word' id='word_1_625' title='bbox 2187 4306 2280 4358; x_wconf 75' lang='grc' dir='ltr'><strong>καὶ</strong></span> <span class='ocrx_word' id='word_1_626' title='bbox 2302 4305 2402 4375; x_wconf 78' lang='grc' dir='ltr'>τῆς</span> <span class='ocrx_word' id='word_1_627' title='bbox 2436 4303 2682 4375; x_wconf 84' lang='grc' dir='ltr'>κλήσεως</span> <span class='ocrx_word' id='word_1_628' title='bbox 2714 4302 2876 4366; x_wconf 81' lang='grc' dir='ltr'>αὐτὸς</span> <span class='ocrx_word' id='word_1_629' title='bbox 2899 4301 2998 4370; x_wconf 78' lang='grc' dir='ltr'>τῆς</span> <span class='ocrx_word' id='word_1_630' title='bbox 3029 4299 3296 4371; x_wconf 84' lang='grc' dir='ltr'>σωτηρίου</span> <span class='ocrx_word' id='word_1_631' title='bbox 3320 4298 3650 4370; x_wconf 80' lang='grc' dir='ltr'>κατηξίωσε,</span> <span class='ocrx_word' id='word_1_632' title='bbox 3677 4298 3770 4351; x_wconf 81' lang='grc' dir='ltr'><strong>καὶ</strong></span> 
     </span>
    </p>
   </div>
   <div class='ocr_carea' id='block_1_86' title="bbox 506 4389 2084 4470">
    <p class='ocr_par' dir='ltr' id='par_1_86' title="bbox 506 4389 2084 4460">
     <span class='ocr_line' id='line_1_86' title="bbox 506 4389 2084 4460; baseline 0 -18"><span class='ocrx_word' id='word_1_633' title='bbox 506 4389 667 4444; x_wconf 89' lang='lat' dir='ltr'><strong>nibus</strong></span> <span class='ocrx_word' id='word_1_634' title='bbox 713 4389 810 4453; x_wconf 89' lang='lat' dir='ltr'><strong>iis,</strong></span> <span class='ocrx_word' id='word_1_635' title='bbox 861 4404 978 4458; x_wconf 76' lang='lat' dir='ltr'><strong>qua:</strong></span> <span class='ocrx_word' id='word_1_636' title='bbox 1018 4389 1072 4443; x_wconf 92' lang='lat' dir='ltr'><strong>in</strong></span> <span class='ocrx_word' id='word_1_637' title='bbox 1114 4390 1364 4460; x_wconf 62' lang='lat' dir='ltr'><strong>presenti</strong></span> <span class='ocrx_word' id='word_1_638' title='bbox 1419 4389 1705 4460; x_wconf 84' lang='lat' dir='ltr'><strong>prOphetia</strong></span> <span class='ocrx_word' id='word_1_639' title='bbox 1761 4389 2084 4459; x_wconf 84' lang='lat' dir='ltr'><strong>promittun-</strong></span> 
     </span>
    </p>
   </div>
   <div class='ocr_carea' id='block_1_87' title="bbox 2191 4389 3770 4470">
    <p class='ocr_par' dir='ltr' id='par_1_87' title="bbox 2191 4391 3770 4470">
     <span class='ocr_line' id='line_1_87' title="bbox 2191 4391 3770 4470; baseline -0.005 -20"><span class='ocrx_word' id='word_1_640' title='bbox 2191 4397 2404 4451; x_wconf 82' lang='grc' dir='ltr'>πάντων</span> <span class='ocrx_word' id='word_1_641' title='bbox 2429 4396 2543 4470; x_wconf 71' lang='grc' dir='ltr'><strong>¹τῶν</strong></span> <span class='ocrx_word' id='word_1_642' title='bbox 2566 4395 2655 4449; x_wconf 81' lang='grc' dir='ltr'>διὰ</span> <span class='ocrx_word' id='word_1_643' title='bbox 2687 4395 2788 4466; x_wconf 80' lang='grc' dir='ltr'><strong>τῆς</strong></span> <span class='ocrx_word' id='word_1_644' title='bbox 2811 4393 3092 4466; x_wconf 87' lang='grc' dir='ltr'>παρούσης</span> <span class='ocrx_word' id='word_1_645' title='bbox 3123 4391 3460 4465; x_wconf 81' lang='grc' dir='ltr'>προφητείας</span> <span class='ocrx_word' id='word_1_646' title='bbox 3494 4392 3770 4462; x_wconf 80' lang='grc' dir='ltr'>ἐπηγγελ-</span> 
     </span>
    </p>
   </div>
   <div class='ocr_carea' id='block_1_88' title="bbox 507 4480 2080 4550">
    <p class='ocr_par' dir='ltr' id='par_1_88' title="bbox 507 4480 2080 4550">
     <span class='ocr_line' id='line_1_88' title="bbox 507 4480 2080 4550; baseline 0.001 -17"><span class='ocrx_word' id='word_1_647' title='bbox 507 4490 613 4536; x_wconf 91' lang='lat' dir='ltr'><strong>tur.</strong></span> <span class='ocrx_word' id='word_1_648' title='bbox 674 4481 1136 4547; x_wconf 84' lang='lat' dir='ltr'><strong>Quemadmodum</strong></span> <span class='ocrx_word' id='word_1_649' title='bbox 1185 4483 1328 4537; x_wconf 89' lang='lat' dir='ltr'><strong>enim</strong></span> <span class='ocrx_word' id='word_1_650' title='bbox 1398 4482 1596 4537; x_wconf 62' lang='lat' dir='ltr'><strong>caelum</strong></span> <span class='ocrx_word' id='word_1_651' title='bbox 1648 4482 1715 4535; x_wconf 90' lang='lat' dir='ltr'><strong>ad</strong></span> <span class='ocrx_word' id='word_1_652' title='bbox 1767 4480 2080 4550; x_wconf 82' lang='lat' dir='ltr'><strong>angelorum</strong></span> 
     </span>
    </p>
   </div>
   <div class='ocr_carea' id='block_1_89' title="bbox 503 4573 2084 4641">
    <p class='ocr_par' dir='ltr' id='par_1_89' title="bbox 503 4573 2084 4641">
     <span class='ocr_line' id='line_1_89' title="bbox 503 4573 2084 4641; baseline 0.001 -16"><span class='ocrx_word' id='word_1_653' title='bbox 503 4581 926 4640; x_wconf 79' lang='lat' dir='ltr'><strong>sanctorumque</strong></span> <span class='ocrx_word' id='word_1_654' title='bbox 955 4573 1240 4641; x_wconf 88' lang='lat' dir='ltr'><strong>spirituum</strong></span> <span class='ocrx_word' id='word_1_655' title='bbox 1272 4573 1603 4628; x_wconf 89' lang='lat' dir='ltr'><strong>domicilium</strong></span> <span class='ocrx_word' id='word_1_656' title='bbox 1637 4575 1966 4634; x_wconf 89' lang='lat' dir='ltr'><strong>necessario,</strong></span> <span class='ocrx_word' id='word_1_657' title='bbox 1997 4583 2084 4627; x_wconf 66' lang='lat' dir='ltr'><strong>at.</strong></span> 
     </span>
    </p>
   </div>
   <div class='ocr_carea' id='block_1_90' title="bbox 503 4663 2083 4734">
    <p class='ocr_par' dir='ltr' id='par_1_90' title="bbox 503 4663 2083 4734">
     <span class='ocr_line' id='line_1_90' title="bbox 503 4663 2083 4734; baseline 0 -15"><span class='ocrx_word' id='word_1_658' title='bbox 503 4679 612 4734; x_wconf 89' lang='lat' dir='ltr'><strong>que</strong></span> <span class='ocrx_word' id='word_1_659' title='bbox 665 4663 730 4717; x_wconf 88' lang='lat' dir='ltr'><strong>ad</strong></span> <span class='ocrx_word' id='word_1_660' title='bbox 774 4663 1010 4719; x_wconf 90' lang='lat' dir='ltr'><strong>universi</strong></span> <span class='ocrx_word' id='word_1_661' title='bbox 1057 4675 1310 4720; x_wconf 89' lang='lat' dir='ltr'><strong>ornatum</strong></span> <span class='ocrx_word' id='word_1_662' title='bbox 1360 4666 1652 4731; x_wconf 88' lang='lat' dir='ltr'><strong>constitui;</strong></span> <span class='ocrx_word' id='word_1_663' title='bbox 1699 4667 1769 4720; x_wconf 85' lang='lat' dir='ltr'><strong>ita</strong></span> <span class='ocrx_word' id='word_1_664' title='bbox 1825 4675 1880 4720; x_wconf 91' lang='lat' dir='ltr'><strong>et</strong></span> <span class='ocrx_word' id='word_1_665' title='bbox 1930 4675 2083 4720; x_wconf 71' lang='lat' dir='ltr'><strong>terra:</strong></span> 
     </span>
    </p>
   </div>
   <div class='ocr_carea' id='block_1_91' title="bbox 504 4757 2083 4827">
    <p class='ocr_par' dir='ltr' id='par_1_91' title="bbox 504 4757 2083 4827">
     <span class='ocr_line' id='line_1_91' title="bbox 504 4757 2083 4827; baseline 0.001 -15"><span class='ocrx_word' id='word_1_666' title='bbox 504 4761 830 4812; x_wconf 87' lang='lat' dir='ltr'><strong>elementum</strong></span> <span class='ocrx_word' id='word_1_667' title='bbox 858 4799 875 4824; x_wconf 90' lang='lat'><strong>,</strong></span> <span class='ocrx_word' id='word_1_668' title='bbox 923 4773 1027 4812; x_wconf 79' lang='lat' dir='ltr'><strong>non</strong></span> <span class='ocrx_word' id='word_1_669' title='bbox 1079 4759 1130 4812; x_wconf 92' lang='lat' dir='ltr'><strong>in</strong></span> <span class='ocrx_word' id='word_1_670' title='bbox 1164 4772 1360 4812; x_wconf 87' lang='lat' dir='ltr'><strong>vanum</strong></span> <span class='ocrx_word' id='word_1_671' title='bbox 1414 4773 1590 4827; x_wconf 90' lang='lat' dir='ltr'><strong>neque</strong></span> <span class='ocrx_word' id='word_1_672' title='bbox 1643 4757 1908 4812; x_wconf 87' lang='lat' dir='ltr'><strong>inutiliter</strong></span> <span class='ocrx_word' id='word_1_673' title='bbox 1953 4773 2083 4812; x_wconf 90' lang='lat' dir='ltr'><strong>con-</strong></span> 
     </span>
    </p>
   </div>
   <div class='ocr_carea' id='block_1_92' title="bbox 505 4849 2083 4919">
    <p class='ocr_par' dir='ltr' id='par_1_92' title="bbox 505 4849 2083 4919">
     <span class='ocr_line' id='line_1_92' title="bbox 505 4849 2083 4919; baseline 0.001 -16"><span class='ocrx_word' id='word_1_674' title='bbox 505 4850 649 4914; x_wconf 84' lang='lat' dir='ltr'><strong>didi;</strong></span> <span class='ocrx_word' id='word_1_675' title='bbox 696 4849 790 4904; x_wconf 90' lang='lat' dir='ltr'><strong>sed</strong></span> <span class='ocrx_word' id='word_1_676' title='bbox 844 4849 1018 4919; x_wconf 90' lang='lat' dir='ltr'><strong>ipsum</strong></span> <span class='ocrx_word' id='word_1_677' title='bbox 1067 4850 1134 4904; x_wconf 77' lang='lat' dir='ltr'><strong>ad</strong></span> <span class='ocrx_word' id='word_1_678' title='bbox 1186 4849 1554 4905; x_wconf 87' lang='lat' dir='ltr'><strong>habitaculum</strong></span> <span class='ocrx_word' id='word_1_679' title='bbox 1602 4860 1658 4906; x_wconf 91' lang='lat' dir='ltr'><strong>et</strong></span> <span class='ocrx_word' id='word_1_680' title='bbox 1703 4849 2083 4905; x_wconf 89' lang='lat' dir='ltr'><strong>commoratio-</strong></span> 
     </span>
    </p>
   </div>
   <div class='ocr_carea' id='block_1_93' title="bbox 506 4943 2081 5012">
    <p class='ocr_par' dir='ltr' id='par_1_93' title="bbox 506 4943 2081 5012">
     <span class='ocr_line' id='line_1_93' title="bbox 506 4943 2081 5012; baseline -0.001 -15"><span class='ocrx_word' id='word_1_681' title='bbox 506 4957 630 4997; x_wconf 89' lang='lat' dir='ltr'><strong>nem</strong></span> <span class='ocrx_word' id='word_1_682' title='bbox 690 4957 922 5008; x_wconf 81' lang='lat' dir='ltr'><strong>eorutn,</strong></span> <span class='ocrx_word' id='word_1_683' title='bbox 977 4943 1067 5012; x_wconf 92' lang='lat' dir='ltr'><strong>qui</strong></span> <span class='ocrx_word' id='word_1_684' title='bbox 1139 4943 1212 4999; x_wconf 91' lang='lat' dir='ltr'><strong>ibi</strong></span> <span class='ocrx_word' id='word_1_685' title='bbox 1275 4943 1584 4998; x_wconf 86' lang='lat' dir='ltr'><strong>rationabili</strong></span> <span class='ocrx_word' id='word_1_686' title='bbox 1639 4943 1798 4997; x_wconf 90' lang='lat' dir='ltr'><strong>modo</strong></span> <span class='ocrx_word' id='word_1_687' title='bbox 1853 4958 2081 4997; x_wconf 84' lang='lat' dir='ltr'><strong>conver-</strong></span> 
     </span>
    </p>
   </div>
   <div class='ocr_carea' id='block_1_94' title="bbox 506 5033 2084 5104">
    <p class='ocr_par' dir='ltr' id='par_1_94' title="bbox 506 5033 2084 5104">
     <span class='ocr_line' id='line_1_94' title="bbox 506 5033 2084 5104; baseline 0 -16"><span class='ocrx_word' id='word_1_688' title='bbox 506 5035 676 5094; x_wconf 83' lang='lat' dir='ltr'><strong>saturi</strong></span> <span class='ocrx_word' id='word_1_689' title='bbox 735 5044 937 5101; x_wconf 87' lang='lat' dir='ltr'><strong>erant,</strong></span> <span class='ocrx_word' id='word_1_690' title='bbox 991 5036 1294 5100; x_wconf 86' lang='lat' dir='ltr'><strong>adornavi,</strong></span> <span class='ocrx_word' id='word_1_691' title='bbox 1365 5035 1455 5104; x_wconf 89' lang='lat' dir='ltr'><strong>qui</strong></span> <span class='ocrx_word' id='word_1_692' title='bbox 1516 5049 1650 5088; x_wconf 89' lang='lat' dir='ltr'><strong>sane</strong></span> <span class='ocrx_word' id='word_1_693' title='bbox 1710 5033 2084 5103; x_wconf 78' lang='lat' dir='ltr'><strong>cognoscendo</strong></span> 
     </span>
    </p>
   </div>
   <div class='ocr_carea' id='block_1_95' title="bbox 507 5128 2082 5198">
    <p class='ocr_par' dir='ltr' id='par_1_95' title="bbox 507 5128 2082 5198">
     <span class='ocr_line' id='line_1_95' title="bbox 507 5128 2082 5198; baseline -0.001 -17"><span class='ocrx_word' id='word_1_694' title='bbox 507 5128 637 5189; x_wconf 91' lang='lat' dir='ltr'><strong>Deo,</strong></span> <span class='ocrx_word' id='word_1_695' title='bbox 691 5143 756 5184; x_wconf 90' lang='lat' dir='ltr'><strong>ac</strong></span> <span class='ocrx_word' id='word_1_696' title='bbox 812 5129 1059 5198; x_wconf 80' lang='lat' dir='ltr'><strong>religiose</strong></span> <span class='ocrx_word' id='word_1_697' title='bbox 1087 5129 1314 5182; x_wconf 85' lang='lat' dir='ltr'><strong>vivendo</strong></span> <span class='ocrx_word' id='word_1_698' title='bbox 1347 5141 1506 5197; x_wconf 86' lang='lat' dir='ltr'><strong>pares</strong></span> <span class='ocrx_word' id='word_1_699' title='bbox 1557 5136 1733 5191; x_wconf 91' lang='lat' dir='ltr'><strong>erant,</strong></span> <span class='ocrx_word' id='word_1_700' title='bbox 1784 5136 1969 5197; x_wconf 91' lang='lat' dir='ltr'><strong>utpote</strong></span> <span class='ocrx_word' id='word_1_701' title='bbox 2016 5128 2082 5180; x_wconf 89' lang='lat' dir='ltr'><strong>ad</strong></span> 
     </span>
    </p>
   </div>
   <div class='ocr_carea' id='block_1_96' title="bbox 509 5217 2084 5290">
    <p class='ocr_par' dir='ltr' id='par_1_96' title="bbox 509 5217 2084 5290">
     <span class='ocr_line' id='line_1_96' title="bbox 509 5217 2084 5290; baseline 0.001 -18"><span class='ocrx_word' id='word_1_702' title='bbox 509 5219 798 5290; x_wconf 75' lang='lat' dir='ltr'><strong>imaginem</strong></span> <span class='ocrx_word' id='word_1_703' title='bbox 834 5219 930 5274; x_wconf 85' lang='lat' dir='ltr'><strong>Dei</strong></span> <span class='ocrx_word' id='word_1_704' title='bbox 968 5221 1194 5275; x_wconf 88' lang='lat' dir='ltr'><strong>conditi.</strong></span> <span class='ocrx_word' id='word_1_705' title='bbox 1244 5219 1397 5273; x_wconf 88' lang='lat' dir='ltr'><strong>Sicut</strong></span> <span class='ocrx_word' id='word_1_706' title='bbox 1447 5219 1610 5287; x_wconf 80' lang='lat' dir='ltr'><strong>igitur</strong></span> <span class='ocrx_word' id='word_1_707' title='bbox 1646 5218 1822 5289; x_wconf 84' lang='lat' dir='ltr'><strong>angeli</strong></span> <span class='ocrx_word' id='word_1_708' title='bbox 1858 5220 1910 5273; x_wconf 91' lang='lat' dir='ltr'><strong>in</strong></span> <span class='ocrx_word' id='word_1_709' title='bbox 1945 5217 2084 5274; x_wconf 67' lang='lat' dir='ltr'><strong>emlo</strong></span> 
     </span>
    </p>
   </div>
   <div class='ocr_carea' id='block_1_97' title="bbox 509 5311 2086 5379">
    <p class='ocr_par' dir='ltr' id='par_1_97' title="bbox 509 5311 2086 5379">
     <span class='ocr_line' id='line_1_97' title="bbox 509 5311 2086 5379; baseline 0 -15"><span class='ocrx_word' id='word_1_710' title='bbox 509 5313 739 5367; x_wconf 86' lang='lat' dir='ltr'><strong>ministri</strong></span> <span class='ocrx_word' id='word_1_711' title='bbox 775 5313 866 5366; x_wconf 80' lang='lat' dir='ltr'><strong>Dei</strong></span> <span class='ocrx_word' id='word_1_712' title='bbox 903 5323 1070 5379; x_wconf 87' lang='lat' dir='ltr'><strong>sunt;</strong></span> <span class='ocrx_word' id='word_1_713' title='bbox 1121 5313 1195 5367; x_wconf 87' lang='lat' dir='ltr'><strong>ita</strong></span> <span class='ocrx_word' id='word_1_714' title='bbox 1232 5323 1287 5368; x_wconf 92' lang='lat' dir='ltr'><strong>et</strong></span> <span class='ocrx_word' id='word_1_715' title='bbox 1323 5313 1568 5366; x_wconf 92' lang='lat' dir='ltr'><strong>homines</strong></span> <span class='ocrx_word' id='word_1_716' title='bbox 1601 5311 1653 5365; x_wconf 90' lang='lat' dir='ltr'><strong>in</strong></span> <span class='ocrx_word' id='word_1_717' title='bbox 1687 5321 1831 5365; x_wconf 86' lang='lat' dir='ltr'><strong>terra</strong></span> <span class='ocrx_word' id='word_1_718' title='bbox 1864 5311 1963 5366; x_wconf 90' lang='lat' dir='ltr'><strong>sub</strong></span> <span class='ocrx_word' id='word_1_719' title='bbox 1993 5311 2086 5365; x_wconf 89' lang='lat' dir='ltr'><strong>Dei</strong></span> 
     </span>
    </p>
   </div>
   <div class='ocr_carea' id='block_1_98' title="bbox 507 5406 895 5471">
    <p class='ocr_par' dir='ltr' id='par_1_98' title="bbox 507 5406 895 5471">
     <span class='ocr_line' id='line_1_98' title="bbox 507 5406 895 5471; baseline 0.003 -13"><span class='ocrx_word' id='word_1_720' title='bbox 507 5421 639 5459; x_wconf 89' lang='lat' dir='ltr'><strong>cura</strong></span> <span class='ocrx_word' id='word_1_721' title='bbox 674 5406 895 5471; x_wconf 83' lang='lat' dir='ltr'><strong>degunt.</strong></span> 
     </span>
    </p>
   </div>
   <div class='ocr_carea' id='block_1_99' title="bbox 583 5494 2082 5555">
    <p class='ocr_par' dir='ltr' id='par_1_99' title="bbox 583 5494 2082 5555">
     <span class='ocr_line' id='line_1_99' title="bbox 583 5494 2082 5555; baseline -0.003 -6"><span class='ocrx_word' id='word_1_722' title='bbox 583 5496 740 5551; x_wconf 75' lang='lat' dir='ltr'><strong>Vsus.</strong></span> <span class='ocrx_word' id='word_1_723' title='bbox 785 5496 875 5549; x_wconf 71' lang='lat'><strong>20.</strong></span> <span class='ocrx_word' id='word_1_724' title='bbox 953 5514 972 5546; x_wconf 77' lang='grc' dir='ltr'><strong>ι</strong></span> <span class='ocrx_word' id='word_1_725' title='bbox 1004 5494 1118 5549; x_wconf 80' lang='lat' dir='ltr'><strong>Non</strong></span> <span class='ocrx_word' id='word_1_726' title='bbox 1199 5494 1254 5550; x_wconf 90' lang='lat' dir='ltr'><strong>in</strong></span> <span class='ocrx_word' id='word_1_727' title='bbox 1305 5496 1623 5551; x_wconf 86' lang='lat' dir='ltr'><strong>abscondito</strong></span> <span class='ocrx_word' id='word_1_728' title='bbox 1678 5495 1889 5550; x_wconf 85' lang='lat' dir='ltr'><strong>locutus</strong></span> <span class='ocrx_word' id='word_1_729' title='bbox 1939 5508 2082 5555; x_wconf 87' lang='lat' dir='ltr'><strong>sum,</strong></span> 
     </span>
    </p>
   </div>
   <div class='ocr_carea' id='block_1_100' title="bbox 509 5585 2085 5655">
    <p class='ocr_par' dir='ltr' id='par_1_100' title="bbox 509 5585 2085 5655">
     <span class='ocr_line' id='line_1_100' title="bbox 509 5585 2085 5655; baseline 0 -16"><span class='ocrx_word' id='word_1_730' title='bbox 509 5601 684 5655; x_wconf 89' lang='lat' dir='ltr'><strong>neque</strong></span> <span class='ocrx_word' id='word_1_731' title='bbox 715 5586 767 5640; x_wconf 92' lang='lat' dir='ltr'><strong>in</strong></span> <span class='ocrx_word' id='word_1_732' title='bbox 799 5586 918 5641; x_wconf 90' lang='lat' dir='ltr'><strong>loco</strong></span> <span class='ocrx_word' id='word_1_733' title='bbox 953 5597 1110 5641; x_wconf 72' lang='lat' dir='ltr'><strong>terra:</strong></span> <span class='ocrx_word' id='word_1_734' title='bbox 1140 5589 1449 5643; x_wconf 86' lang='lat' dir='ltr'><strong>tenebroso.</strong></span> <span class='ocrx_word' id='word_1_735' title='bbox 1481 5587 1593 5643; x_wconf 83' lang='lat' dir='ltr'><strong>Non</strong></span> <span class='ocrx_word' id='word_1_736' title='bbox 1628 5588 1737 5642; x_wconf 77' lang='lat' dir='ltr'><strong>dixi</strong></span> <span class='ocrx_word' id='word_1_737' title='bbox 1774 5587 1964 5641; x_wconf 88' lang='lat' dir='ltr'><strong>semini</strong></span> <span class='ocrx_word' id='word_1_738' title='bbox 1994 5585 2085 5639; x_wconf 85' lang='lat' dir='ltr'><strong>Ja-</strong></span> 
     </span>
    </p>
   </div>
   <div class='ocr_carea' id='block_1_101' title="bbox 510 5675 2084 5751">
    <p class='ocr_par' dir='ltr' id='par_1_101' title="bbox 510 5675 2084 5751">
     <span class='ocr_line' id='line_1_101' title="bbox 510 5675 2084 5751; baseline 0.001 -21"><span class='ocrx_word' id='word_1_739' title='bbox 510 5679 630 5740; x_wconf 80' lang='lat' dir='ltr'><strong>cob,</strong></span> <span class='ocrx_word' id='word_1_740' title='bbox 672 5675 880 5731; x_wconf 87' lang='lat' dir='ltr'><strong>Vanum</strong></span> <span class='ocrx_word' id='word_1_741' title='bbox 911 5681 1159 5746; x_wconf 57' lang='lat' dir='ltr'><strong>quaerite.</strong></span> <span class='ocrx_word' id='word_1_742' title='bbox 1202 5680 1314 5750; x_wconf 79' lang='lat' dir='ltr'><strong>Ego</strong></span> <span class='ocrx_word' id='word_1_743' title='bbox 1347 5697 1489 5748; x_wconf 87' lang='lat' dir='ltr'><strong>sum,</strong></span> <span class='ocrx_word' id='word_1_744' title='bbox 1525 5696 1623 5751; x_wconf 84' lang='lat' dir='ltr'><strong>ego</strong></span> <span class='ocrx_word' id='word_1_745' title='bbox 1651 5696 1770 5735; x_wconf 90' lang='lat' dir='ltr'><strong>sum</strong></span> <span class='ocrx_word' id='word_1_746' title='bbox 1801 5679 2084 5741; x_wconf 90' lang='lat' dir='ltr'><strong>Dominus,</strong></span> 
     </span>
    </p>
   </div>
   <div class='ocr_carea' id='block_1_102' title="bbox 514 5770 2079 5840">
    <p class='ocr_par' dir='ltr' id='par_1_102' title="bbox 514 5770 2079 5840">
     <span class='ocr_line' id='line_1_102' title="bbox 514 5770 2079 5840; baseline 0 -20"><span class='ocrx_word' id='word_1_747' title='bbox 514 5771 604 5838; x_wconf 92' lang='lat' dir='ltr'><strong>qui</strong></span> <span class='ocrx_word' id='word_1_748' title='bbox 667 5770 859 5840; x_wconf 87' lang='lat' dir='ltr'><strong>loquor</strong></span> <span class='ocrx_word' id='word_1_749' title='bbox 919 5771 1228 5838; x_wconf 86' lang='lat' dir='ltr'><strong>justitiam,</strong></span> <span class='ocrx_word' id='word_1_750' title='bbox 1293 5784 1346 5828; x_wconf 85' lang='lat' dir='ltr'><strong>et</strong></span> <span class='ocrx_word' id='word_1_751' title='bbox 1412 5773 1672 5828; x_wconf 83' lang='lat' dir='ltr'><strong>annuntio</strong></span> <span class='ocrx_word' id='word_1_752' title='bbox 1722 5773 2023 5826; x_wconf 82' lang='lat' dir='ltr'><strong>veritatem.</strong></span> <span class='ocrx_word' id='word_1_753' title='bbox 2063 5791 2079 5820; x_wconf 76' lang='grc' dir='ltr'><strong>ι</strong></span> 
     </span>
    </p>
   </div>
   <div class='ocr_carea' id='block_1_103' title="bbox 518 5862 2088 5935">
    <p class='ocr_par' dir='ltr' id='par_1_103' title="bbox 518 5862 2088 5935">
     <span class='ocr_line' id='line_1_103' title="bbox 518 5862 2088 5935; baseline 0.004 -22"><span class='ocrx_word' id='word_1_754' title='bbox 518 5862 782 5929; x_wconf 83' lang='lat' dir='ltr'><strong>Quoniam</strong></span> <span class='ocrx_word' id='word_1_755' title='bbox 843 5864 984 5919; x_wconf 83' lang='lat' dir='ltr'><strong>enim</strong></span> <span class='ocrx_word' id='word_1_756' title='bbox 1035 5867 1212 5920; x_wconf 88' lang='lat' dir='ltr'><strong>omnis</strong></span> <span class='ocrx_word' id='word_1_757' title='bbox 1262 5876 1428 5934; x_wconf 85' lang='lat' dir='ltr'><strong>terra,</strong></span> <span class='ocrx_word' id='word_1_758' title='bbox 1493 5876 1547 5922; x_wconf 90' lang='lat' dir='ltr'><strong>et</strong></span> <span class='ocrx_word' id='word_1_759' title='bbox 1602 5865 1690 5935; x_wconf 95' lang='lat' dir='ltr'><strong>qui</strong></span> <span class='ocrx_word' id='word_1_760' title='bbox 1750 5866 1801 5921; x_wconf 93' lang='lat' dir='ltr'><strong>in</strong></span> <span class='ocrx_word' id='word_1_761' title='bbox 1859 5881 1918 5920; x_wconf 82' lang='lat' dir='ltr'><strong>ea</strong></span> <span class='ocrx_word' id='word_1_762' title='bbox 1963 5875 2088 5920; x_wconf 84' lang='lat' dir='ltr'><strong>sunt</strong></span> 
     </span>
    </p>
   </div>
   <div class='ocr_carea' id='block_1_104' title="bbox 2189 4483 3769 4562">
    <p class='ocr_par' dir='ltr' id='par_1_104' title="bbox 2189 4483 3769 4562">
     <span class='ocr_line' id='line_1_104' title="bbox 2189 4483 3769 4562; baseline -0.004 -19"><span class='ocrx_word' id='word_1_763' title='bbox 2189 4491 2385 4562; x_wconf 79' lang='grc' dir='ltr'>μένων.</span> <span class='ocrx_word' id='word_1_764' title='bbox 2414 4491 2626 4561; x_wconf 79' lang='grc' dir='ltr'>Ὠσπερ</span> <span class='ocrx_word' id='word_1_765' title='bbox 2651 4489 2758 4561; x_wconf 79' lang='grc' dir='ltr'><strong>γάρ</strong></span> <span class='ocrx_word' id='word_1_766' title='bbox 2792 4489 2885 4541; x_wconf 86' lang='grc' dir='ltr'><strong>τὸν</strong></span> <span class='ocrx_word' id='word_1_767' title='bbox 2915 4486 3141 4558; x_wconf 85' lang='grc' dir='ltr'>οὐρανὸν</span> <span class='ocrx_word' id='word_1_768' title='bbox 3173 4488 3253 4548; x_wconf 88' lang='grc' dir='ltr'>εἰς</span> <span class='ocrx_word' id='word_1_769' title='bbox 3283 4483 3563 4555; x_wconf 82' lang='grc' dir='ltr'>διατριϐὴν</span> <span class='ocrx_word' id='word_1_770' title='bbox 3606 4484 3769 4552; x_wconf 75' lang='grc' dir='ltr'>ἀγγέ-</span> 
     </span>
    </p>
   </div>
   <div class='ocr_carea' id='block_1_105' title="bbox 2185 4577 3766 4654">
    <p class='ocr_par' dir='ltr' id='par_1_105' title="bbox 2185 4577 3766 4654">
     <span class='ocr_line' id='line_1_105' title="bbox 2185 4577 3766 4654; baseline -0.007 -16"><span class='ocrx_word' id='word_1_771' title='bbox 2185 4585 2292 4638; x_wconf 91' lang='grc' dir='ltr'><strong>λων</strong></span> <span class='ocrx_word' id='word_1_772' title='bbox 2331 4584 2427 4638; x_wconf 74' lang='grc' dir='ltr'>καὶ</span> <span class='ocrx_word' id='word_1_773' title='bbox 2461 4582 2786 4654; x_wconf 82' lang='grc' dir='ltr'>πνευμάτων</span> <span class='ocrx_word' id='word_1_774' title='bbox 2817 4580 2985 4648; x_wconf 86' lang='grc' dir='ltr'>ἁγίων</span> <span class='ocrx_word' id='word_1_775' title='bbox 3019 4577 3329 4646; x_wconf 77' lang='grc' dir='ltr'>ἀναγκαίως</span> <span class='ocrx_word' id='word_1_776' title='bbox 3350 4577 3766 4647; x_wconf 80' lang='grc' dir='ltr'>ὑπεστησάμην,</span> 
     </span>
    </p>
   </div>
   <div class='ocr_carea' id='block_1_106' title="bbox 2185 4667 3770 4743">
    <p class='ocr_par' dir='ltr' id='par_1_106' title="bbox 2185 4667 3770 4743">
     <span class='ocr_line' id='line_1_106' title="bbox 2185 4667 3770 4743; baseline -0.006 -16"><span class='ocrx_word' id='word_1_777' title='bbox 2185 4676 2278 4728; x_wconf 70' lang='grc' dir='ltr'><strong>καὶ</strong></span> <span class='ocrx_word' id='word_1_778' title='bbox 2309 4675 2392 4738; x_wconf 68' lang='grc' dir='ltr'>εὶς</span> <span class='ocrx_word' id='word_1_779' title='bbox 2422 4672 2625 4743; x_wconf 86' lang='grc' dir='ltr'>κόσμον</span> <span class='ocrx_word' id='word_1_780' title='bbox 2651 4671 2743 4724; x_wconf 83' lang='grc' dir='ltr'>τοῦ</span> <span class='ocrx_word' id='word_1_781' title='bbox 2773 4670 2993 4734; x_wconf 84' lang='grc' dir='ltr'>παντὸς,</span> <span class='ocrx_word' id='word_1_782' title='bbox 3037 4668 3147 4737; x_wconf 69' lang='grc' dir='ltr'><strong>’τὸν¹</strong></span> <span class='ocrx_word' id='word_1_783' title='bbox 3169 4667 3332 4722; x_wconf 77' lang='grc' dir='ltr'>αὑτὸν</span> <span class='ocrx_word' id='word_1_784' title='bbox 3359 4668 3560 4738; x_wconf 87' lang='grc' dir='ltr'>τρόπον</span> <span class='ocrx_word' id='word_1_785' title='bbox 3592 4669 3686 4720; x_wconf 73' lang='grc' dir='ltr'>καὶ</span> <span class='ocrx_word' id='word_1_786' title='bbox 3711 4667 3770 4720; x_wconf 87' lang='grc' dir='ltr'><strong>τὸ</strong></span> 
     </span>
    </p>
   </div>
   <div class='ocr_carea' id='block_1_107' title="bbox 2182 4759 3768 4836">
    <p class='ocr_par' dir='ltr' id='par_1_107' title="bbox 2182 4759 3768 4836">
     <span class='ocr_line' id='line_1_107' title="bbox 2182 4759 3768 4836; baseline -0.006 -17"><span class='ocrx_word' id='word_1_787' title='bbox 2182 4766 2285 4836; x_wconf 80' lang='grc' dir='ltr'>τῆς</span> <span class='ocrx_word' id='word_1_788' title='bbox 2318 4767 2420 4835; x_wconf 81' lang='grc' dir='ltr'>γῆς</span> <span class='ocrx_word' id='word_1_789' title='bbox 2452 4765 2712 4835; x_wconf 83' lang='grc' dir='ltr'>στοιχεῖον</span> <span class='ocrx_word' id='word_1_790' title='bbox 2760 4763 2860 4816; x_wconf 84' lang='grc' dir='ltr'><strong>οὐκ</strong></span> <span class='ocrx_word' id='word_1_791' title='bbox 2903 4763 2983 4824; x_wconf 88' lang='grc' dir='ltr'>εἰς</span> <span class='ocrx_word' id='word_1_792' title='bbox 3019 4761 3185 4832; x_wconf 88' lang='grc' dir='ltr'>ἀργὸν</span> <span class='ocrx_word' id='word_1_793' title='bbox 3223 4759 3332 4813; x_wconf 84' lang='grc' dir='ltr'>οὐδ’</span> <span class='ocrx_word' id='word_1_794' title='bbox 3373 4761 3452 4822; x_wconf 82' lang='grc' dir='ltr'><strong>είς</strong></span> <span class='ocrx_word' id='word_1_795' title='bbox 3497 4760 3768 4832; x_wconf 82' lang='grc' dir='ltr'>ἄχρηστον</span> 
     </span>
    </p>
   </div>
   <div class='ocr_carea' id='block_1_108' title="bbox 2183 4849 3765 4926">
    <p class='ocr_par' dir='ltr' id='par_1_108' title="bbox 2183 4849 3765 4926">
     <span class='ocr_line' id='line_1_108' title="bbox 2183 4849 3765 4926; baseline -0.006 -16"><span class='ocrx_word' id='word_1_796' title='bbox 2183 4855 2590 4910; x_wconf 84' lang='grc' dir='ltr'>κατεσκεύασα·</span> <span class='ocrx_word' id='word_1_797' title='bbox 2633 4855 2946 4926; x_wconf 84' lang='grc' dir='ltr'>οίκητήριον</span> <span class='ocrx_word' id='word_1_798' title='bbox 2978 4853 3034 4905; x_wconf 87' lang='grc' dir='ltr'><strong>δέ</strong></span> <span class='ocrx_word' id='word_1_799' title='bbox 3061 4850 3193 4904; x_wconf 82' lang='grc' dir='ltr'>αὐτὸ</span> <span class='ocrx_word' id='word_1_800' title='bbox 3227 4851 3319 4904; x_wconf 78' lang='grc' dir='ltr'><strong>καὶ</strong></span> <span class='ocrx_word' id='word_1_801' title='bbox 3346 4849 3625 4922; x_wconf 81' lang='grc' dir='ltr'>διατριϐὴν</span> <span class='ocrx_word' id='word_1_802' title='bbox 3661 4852 3765 4904; x_wconf 86' lang='grc' dir='ltr'><strong>τῶν</strong></span> 
     </span>
    </p>
   </div>
   <div class='ocr_carea' id='block_1_109' title="bbox 2187 4941 3762 5017">
    <p class='ocr_par' dir='ltr' id='par_1_109' title="bbox 2187 4941 3762 5017">
     <span class='ocr_line' id='line_1_109' title="bbox 2187 4941 3762 5017; baseline -0.004 -17"><span class='ocrx_word' id='word_1_803' title='bbox 2187 4951 2244 5001; x_wconf 85' lang='grc' dir='ltr'><strong>ἐν</strong></span> <span class='ocrx_word' id='word_1_804' title='bbox 2277 4946 2426 5017; x_wconf 77' lang='grc' dir='ltr'>αὐτῷ</span> <span class='ocrx_word' id='word_1_805' title='bbox 2481 4945 2711 5015; x_wconf 83' lang='grc' dir='ltr'>λογικῶς</span> <span class='ocrx_word' id='word_1_806' title='bbox 2754 4944 3129 4998; x_wconf 76' lang='grc' dir='ltr'>πολιτεύεσθαι</span> <span class='ocrx_word' id='word_1_807' title='bbox 3173 4941 3474 5013; x_wconf 86' lang='grc' dir='ltr'>μελλόντων</span> <span class='ocrx_word' id='word_1_808' title='bbox 3511 4943 3762 5012; x_wconf 68' lang='grc' dir='ltr'>εἰργασά-</span> 
     </span>
    </p>
   </div>
   <div class='ocr_carea' id='block_1_110' title="bbox 2190 5029 3757 5109">
    <p class='ocr_par' dir='ltr' id='par_1_110' title="bbox 2190 5029 3757 5109">
     <span class='ocr_line' id='line_1_110' title="bbox 2190 5029 3757 5109; baseline -0.003 -19"><span class='ocrx_word' id='word_1_809' title='bbox 2190 5057 2314 5109; x_wconf 85' lang='grc' dir='ltr'>μην,</span> <span class='ocrx_word' id='word_1_810' title='bbox 2350 5038 2398 5090; x_wconf 83' lang='grc' dir='ltr'>οἳ</span> <span class='ocrx_word' id='word_1_811' title='bbox 2438 5038 2531 5091; x_wconf 75' lang='grc' dir='ltr'><strong>καὶ</strong></span> <span class='ocrx_word' id='word_1_812' title='bbox 2563 5037 2693 5091; x_wconf 81' lang='grc' dir='ltr'>Θεὸν</span> <span class='ocrx_word' id='word_1_813' title='bbox 2731 5036 2927 5089; x_wconf 71' lang='grc' dir='ltr'>εἰδέναι</span> <span class='ocrx_word' id='word_1_814' title='bbox 2957 5035 3050 5091; x_wconf 73' lang='grc' dir='ltr'>καὶ</span> <span class='ocrx_word' id='word_1_815' title='bbox 3083 5033 3352 5097; x_wconf 89' lang='grc' dir='ltr'>θεοσεϐῶς</span> <span class='ocrx_word' id='word_1_816' title='bbox 3391 5033 3538 5103; x_wconf 76' lang='grc' dir='ltr'>βιοῦν</span> <span class='ocrx_word' id='word_1_817' title='bbox 3570 5029 3674 5087; x_wconf 84' lang='grc' dir='ltr'>οἷοί</span> <span class='ocrx_word' id='word_1_818' title='bbox 3705 5050 3757 5086; x_wconf 79' lang='grc' dir='ltr'><strong>τε</strong></span> 
     </span>
    </p>
   </div>
   <div class='ocr_carea' id='block_1_111' title="bbox 2183 5127 3758 5201">
    <p class='ocr_par' dir='ltr' id='par_1_111' title="bbox 2183 5127 3758 5201">
     <span class='ocr_line' id='line_1_111' title="bbox 2183 5127 3758 5201; baseline -0.001 -18"><span class='ocrx_word' id='word_1_819' title='bbox 2183 5127 2343 5201; x_wconf 81' lang='grc' dir='ltr'>ἦσαν,</span> <span class='ocrx_word' id='word_1_820' title='bbox 2379 5131 2473 5185; x_wconf 79' lang='grc' dir='ltr'><strong>ἅτε</strong></span> <span class='ocrx_word' id='word_1_821' title='bbox 2521 5133 2640 5184; x_wconf 78' lang='grc' dir='ltr'>κατ’</span> <span class='ocrx_word' id='word_1_822' title='bbox 2684 5131 2866 5183; x_wconf 83' lang='grc' dir='ltr'>εἰκόνα</span> <span class='ocrx_word' id='word_1_823' title='bbox 2892 5129 3027 5182; x_wconf 82' lang='grc' dir='ltr'>Θεοῦ</span> <span class='ocrx_word' id='word_1_824' title='bbox 3068 5128 3442 5199; x_wconf 81' lang='grc' dir='ltr'>πεποιημένοι.</span> <span class='ocrx_word' id='word_1_825' title='bbox 3476 5129 3685 5198; x_wconf 82' lang='grc' dir='ltr'>Ὥσπερ</span> <span class='ocrx_word' id='word_1_826' title='bbox 3717 5129 3758 5181; x_wconf 83' lang='grc' dir='ltr'>δ’</span> 
     </span>
    </p>
   </div>
   <div class='ocr_carea' id='block_1_112' title="bbox 2189 5217 3760 5292">
    <p class='ocr_par' dir='ltr' id='par_1_112' title="bbox 2189 5217 3760 5292">
     <span class='ocr_line' id='line_1_112' title="bbox 2189 5217 3760 5292; baseline -0.003 -16"><span class='ocrx_word' id='word_1_827' title='bbox 2189 5221 2282 5278; x_wconf 78' lang='grc' dir='ltr'>οὖν</span> <span class='ocrx_word' id='word_1_828' title='bbox 2308 5225 2366 5275; x_wconf 88' lang='grc' dir='ltr'><strong>ἐν</strong></span> <span class='ocrx_word' id='word_1_829' title='bbox 2395 5221 2612 5292; x_wconf 81' lang='grc' dir='ltr'>οὐρανῷ</span> <span class='ocrx_word' id='word_1_830' title='bbox 2637 5221 2857 5289; x_wconf 80' lang='grc' dir='ltr'>ἄγγελοι</span> <span class='ocrx_word' id='word_1_831' title='bbox 2884 5219 3187 5291; x_wconf 76' lang='grc' dir='ltr'>λειτουργοὶ</span> <span class='ocrx_word' id='word_1_832' title='bbox 3205 5219 3363 5272; x_wconf 79' lang='grc' dir='ltr'>Θεοῦ.</span> <span class='ocrx_word' id='word_1_833' title='bbox 3393 5217 3536 5272; x_wconf 76' lang='grc' dir='ltr'>οὕτω</span> <span class='ocrx_word' id='word_1_834' title='bbox 3560 5221 3652 5272; x_wconf 71' lang='grc' dir='ltr'><strong>καὶ</strong></span> <span class='ocrx_word' id='word_1_835' title='bbox 3673 5221 3760 5272; x_wconf 72' lang='grc' dir='ltr'><strong>ἐπὶ</strong></span> 
     </span>
    </p>
   </div>
   <div class='ocr_carea' id='block_1_113' title="bbox 2193 5313 3187 5386">
    <p class='ocr_par' dir='ltr' id='par_1_113' title="bbox 2193 5313 3187 5386">
     <span class='ocr_line' id='line_1_113' title="bbox 2193 5313 3187 5386; baseline -0.002 -17"><span class='ocrx_word' id='word_1_836' title='bbox 2193 5317 2294 5386; x_wconf 79' lang='grc' dir='ltr'>γῆς</span> <span class='ocrx_word' id='word_1_837' title='bbox 2322 5314 2510 5385; x_wconf 83' lang='grc' dir='ltr'>ἄνδρες</span> <span class='ocrx_word' id='word_1_838' title='bbox 2541 5314 2618 5384; x_wconf 80' lang='grc' dir='ltr'><strong>τῷ</strong></span> <span class='ocrx_word' id='word_1_839' title='bbox 2651 5313 2769 5385; x_wconf 82' lang='grc' dir='ltr'>Θεῷ</span> <span class='ocrx_word' id='word_1_840' title='bbox 2803 5313 3187 5384; x_wconf 83' lang='grc' dir='ltr'>μεμελημένοι.</span> 
     </span>
    </p>
   </div>
   <div class='ocr_carea' id='block_1_114' title="bbox 2267 5486 3754 5568">
    <p class='ocr_par' dir='ltr' id='par_1_114' title="bbox 2267 5486 3754 5568">
     <span class='ocr_line' id='line_1_114' title="bbox 2267 5486 3754 5568; baseline -0.005 -21"><span class='ocrx_word' id='word_1_841' title='bbox 2267 5515 2287 5547; x_wconf 73' lang='grc' dir='ltr'><em>ς</em></span> <span class='ocrx_word' id='word_1_842' title='bbox 2316 5496 2430 5548; x_wconf 82' lang='grc' dir='ltr'>Οὐκ</span> <span class='ocrx_word' id='word_1_843' title='bbox 2464 5498 2521 5548; x_wconf 86' lang='grc' dir='ltr'><strong>ἐν</strong></span> <span class='ocrx_word' id='word_1_844' title='bbox 2547 5497 2726 5568; x_wconf 77' lang='grc' dir='ltr'>κρυφῇ</span> <span class='ocrx_word' id='word_1_845' title='bbox 2760 5493 3049 5562; x_wconf 85' lang='grc' dir='ltr'>λελάληκα,</span> <span class='ocrx_word' id='word_1_846' title='bbox 3083 5490 3200 5544; x_wconf 80' lang='grc' dir='ltr'>οὐδὲ</span> <span class='ocrx_word' id='word_1_847' title='bbox 3231 5491 3286 5542; x_wconf 84' lang='grc' dir='ltr'><strong>ἐν</strong></span> <span class='ocrx_word' id='word_1_848' title='bbox 3323 5489 3472 5557; x_wconf 84' lang='grc' dir='ltr'>τόπῳ</span> <span class='ocrx_word' id='word_1_849' title='bbox 3507 5486 3610 5558; x_wconf 82' lang='grc' dir='ltr'>γῆς</span> <span class='ocrx_word' id='word_1_850' title='bbox 3641 5503 3754 5540; x_wconf 90' lang='grc' dir='ltr'>σκο-</span> 
     </span>
    </p>
   </div>
   <div class='ocr_carea' id='block_1_115' title="bbox 2190 5579 3758 5660">
    <p class='ocr_par' dir='ltr' id='par_1_115' title="bbox 2190 5579 3758 5660">
     <span class='ocr_line' id='line_1_115' title="bbox 2190 5579 3758 5660; baseline -0.007 -18"><span class='ocrx_word' id='word_1_851' title='bbox 2190 5589 2370 5660; x_wconf 80' lang='grc' dir='ltr'>τεινῷ.</span> <span class='ocrx_word' id='word_1_852' title='bbox 2408 5591 2520 5643; x_wconf 84' lang='grc' dir='ltr'>Οὐκ</span> <span class='ocrx_word' id='word_1_853' title='bbox 2547 5585 2676 5643; x_wconf 77' lang='grc' dir='ltr'>εἶπα</span> <span class='ocrx_word' id='word_1_854' title='bbox 2709 5588 2785 5659; x_wconf 81' lang='grc' dir='ltr'>τῷ</span> <span class='ocrx_word' id='word_1_855' title='bbox 2819 5586 3090 5656; x_wconf 83' lang='grc' dir='ltr'>σπέρματι</span> <span class='ocrx_word' id='word_1_856' title='bbox 3128 5580 3318 5635; x_wconf 81' lang='grc' dir='ltr'>Ἰακὼϐ</span> <span class='ocrx_word' id='word_1_857' title='bbox 3339 5598 3352 5612; x_wconf 80' lang='lat'><strong><em>°</em></strong></span> <span class='ocrx_word' id='word_1_858' title='bbox 3384 5581 3626 5634; x_wconf 87' lang='grc' dir='ltr'>Μάταιον</span> <span class='ocrx_word' id='word_1_859' title='bbox 3672 5579 3758 5648; x_wconf 80' lang='grc' dir='ltr'><strong>ζη-</strong></span> 
     </span>
    </p>
   </div>
   <div class='ocr_carea' id='block_1_116' title="bbox 2194 5669 3755 5753">
    <p class='ocr_par' dir='ltr' id='par_1_116' title="bbox 2194 5669 3755 5753">
     <span class='ocr_line' id='line_1_116' title="bbox 2194 5669 3755 5753; baseline -0.009 -19"><span class='ocrx_word' id='word_1_860' title='bbox 2194 5683 2414 5753; x_wconf 87' lang='grc' dir='ltr'>τήσατε.</span> <span class='ocrx_word' id='word_1_861' title='bbox 2451 5679 2590 5750; x_wconf 82' lang='grc' dir='ltr'><strong>Ἐγώ</strong></span> <span class='ocrx_word' id='word_1_862' title='bbox 2609 5681 2745 5750; x_wconf 86' lang='grc' dir='ltr'>εἰμι,</span> <span class='ocrx_word' id='word_1_863' title='bbox 2773 5677 2883 5745; x_wconf 82' lang='grc' dir='ltr'>ἐγώ</span> <span class='ocrx_word' id='word_1_864' title='bbox 2903 5679 3016 5747; x_wconf 69' lang='grc' dir='ltr'>εἰμι</span> <span class='ocrx_word' id='word_1_865' title='bbox 3047 5674 3270 5744; x_wconf 84' lang='grc' dir='ltr'>Κύριος,</span> <span class='ocrx_word' id='word_1_866' title='bbox 3297 5673 3326 5724; x_wconf 86' lang='grc' dir='ltr'><strong>ὁ</strong></span> <span class='ocrx_word' id='word_1_867' title='bbox 3357 5669 3534 5723; x_wconf 89' lang='grc' dir='ltr'>λαλῶν</span> <span class='ocrx_word' id='word_1_868' title='bbox 3557 5669 3755 5722; x_wconf 87' lang='grc' dir='ltr'>δικαιο-</span> 
     </span>
    </p>
   </div>
   <div class='ocr_carea' id='block_1_117' title="bbox 2196 5764 3756 5843">
    <p class='ocr_par' dir='ltr' id='par_1_117' title="bbox 2196 5764 3756 5843">
     <span class='ocr_line' id='line_1_117' title="bbox 2196 5764 3756 5843; baseline -0.008 -18"><span class='ocrx_word' id='word_1_869' title='bbox 2196 5773 2381 5843; x_wconf 88' lang='grc' dir='ltr'>σύνην,</span> <span class='ocrx_word' id='word_1_870' title='bbox 2410 5773 2502 5826; x_wconf 78' lang='grc' dir='ltr'><strong>καὶ</strong></span> <span class='ocrx_word' id='word_1_871' title='bbox 2538 5771 2881 5840; x_wconf 81' lang='grc' dir='ltr'>ἀναγγέλλων</span> <span class='ocrx_word' id='word_1_872' title='bbox 2917 5769 3190 5839; x_wconf 77' lang='grc' dir='ltr'>ἀλήθειαν.</span> <span class='ocrx_word' id='word_1_873' title='bbox 3230 5785 3246 5816; x_wconf 75' lang='grc' dir='ltr'><strong>ι</strong></span> <span class='ocrx_word' id='word_1_874' title='bbox 3289 5764 3439 5817; x_wconf 76' lang='grc' dir='ltr'>Ἐπεὶ</span> <span class='ocrx_word' id='word_1_875' title='bbox 3476 5764 3584 5834; x_wconf 78' lang='grc' dir='ltr'>γὰρ</span> <span class='ocrx_word' id='word_1_876' title='bbox 3618 5766 3756 5817; x_wconf 78' lang='grc' dir='ltr'>πᾶσα</span> 
     </span>
    </p>
   </div>
   <div class='ocr_carea' id='block_1_118' title="bbox 2197 5851 3759 5936">
    <p class='ocr_par' dir='ltr' id='par_1_118' title="bbox 2197 5851 3759 5936">
     <span class='ocr_line' id='line_1_118' title="bbox 2197 5851 3759 5936; baseline -0.007 -19"><span class='ocrx_word' id='word_1_877' title='bbox 2197 5866 2323 5936; x_wconf 79' lang='grc' dir='ltr'><strong>ἠγῆ</strong></span> <span class='ocrx_word' id='word_1_878' title='bbox 2353 5865 2444 5920; x_wconf 74' lang='grc' dir='ltr'><strong>καὶ</strong></span> <span class='ocrx_word' id='word_1_879' title='bbox 2482 5865 2526 5917; x_wconf 81' lang='grc' dir='ltr'>οἱ</span> <span class='ocrx_word' id='word_1_880' title='bbox 2569 5865 2624 5916; x_wconf 81' lang='grc' dir='ltr'><strong>ἐν</strong></span> <span class='ocrx_word' id='word_1_881' title='bbox 2656 5864 2789 5933; x_wconf 71' lang='grc' dir='ltr'>αὐτῇ</span> <span class='ocrx_word' id='word_1_882' title='bbox 2829 5861 3023 5923; x_wconf 76' lang='grc' dir='ltr'>πάντες</span> <span class='ocrx_word' id='word_1_883' title='bbox 3052 5858 3323 5929; x_wconf 77' lang='grc' dir='ltr'>ἀνθρωττοι</span> <span class='ocrx_word' id='word_1_884' title='bbox 3360 5854 3480 5927; x_wconf 80' lang='grc' dir='ltr'>ἐμοί</span> <span class='ocrx_word' id='word_1_885' title='bbox 3511 5855 3635 5917; x_wconf 76' lang='grc' dir='ltr'>εἰσι,</span> <span class='ocrx_word' id='word_1_886' title='bbox 3677 5851 3759 5906; x_wconf 63' lang='grc' dir='ltr'>διὰ</span> 
     </span>
    </p>
   </div>
  </div>
