3968 6508
22 634 31 717 ξ

18 718 29 853 ξ

216 428 311 485 ιιι
1135 407 1634 468 COMMENTANA
1674 404 1740 460 lN
1781 401 2038 458 ISAIAM.
2076 431 2139 443 -—-
2185 401 2339 456 CAP.
2380 400 2543 456 XLV.
2752 452 2755 463 ,
3360 399 3462 453 518

214 547 389 606 τοῦτο,
435 541 586 613 φησὶ,
636 539 758 601 τοὺς
807 534 1042 606 ἐμαυτοῦ
1095 533 1287 602 λόγους
1325 532 1423 584 οὐκ
1469 528 1626 581 εἴασα
1659 526 1793 599 κρύ-

1917 524 2165 589 nomines,
2208 523 2314 576 mei
2355 530 2513 585 sunt;
2562 520 2705 586 ideo,
2755 519 2949 590 inquit,
2990 518 3153 573 verba
3194 533 3310 572 mea
3359 536 3464 574 non

214 636 467 697 πτεσθαι,
499 632 606 685 οὐδ’
639 630 826 698 ὥσπερ
856 628 913 679 ἐν
945 626 1117 696 σκότῳ
1146 624 1505 684 λανθάνοντας
1529 637 1541 649 ·
1578 622 1656 682 εἰς
1682 636 1787 686 φα-

214 729 369 802 νερὸν
402 728 462 780 δὲ
482 722 725 794 ἀγαγὼν,
749 721 912 773 πᾶσιν
941 718 1189 790 ἦπλωσα,
1225 716 1301 778 ώς
1324 716 1488 767 πᾶσιν
1524 711 1699 764 ἔθνεσι
1730 711 1789 761 τὸ

216 800 486 891 σωτήριον
512 815 846 887 κηρυχθῆναι
870 809 1214 879 Εύαγγέλιον.
1253 808 1511 877 Ἀντικρυ
1536 804 1592 857 δὲ
1620 800 1790 855 ταῦτα

217 914 360 985 μόνῳ
389 909 468 980 τῷ
492 903 830 975 εύαγγελικῷ
865 902 1091 974 ἁρμόζοι
1118 900 1183 953 ἂν
1213 897 1545 969 κηρύγματι.
1579 894 1659 947 Τά
1683 892 1791 963 γὰρ

214 1004 501 1064 Μωῦσέως
529 1000 686 1068 λόγια
706 999 859 1060 εἴτις
879 992 1149 1059 ἐξετάζειν
1172 991 1363 1052 ἐθέλοι,
1395 988 1542 1058 εὖροι
1568 987 1634 1040 ἂν
1653 984 1793 1038 αὐτὰ

211 1088 398 1161 κρυφῆ
428 1085 623 1155 λελαλη
634 1083 768 1154 μένα
787 1099 800 1111 ·
824 1080 1036 1152 γλώττῃ
1066 1078 1163 1148 μὲν
1200 1074 1459 1145 Ἐϐραΐδι,
1478 1071 1793 1143 χαρακτῆρ-

214 1200 265 1235 σι
294 1181 357 1234 δὲ
402 1177 666 1241 ίδιάζουσι
709 1173 805 1227 καὶ
850 1171 923 1242 μὴ
950 1167 1367 1239 γνωριζομένοις
1413 1162 1565 1235 παρὰ
1607 1164 1789 1215 πᾶσιν.

224 1272 390 1324 Ἀλλά
420 1269 518 1323 καὶ
546 1266 600 1321 εἴ
625 1283 709 1328 τις
737 1264 1034 1334 ἐννοήσοιεν
1056 1262 1111 1312 ἐν
1136 1258 1263 1329 ποίᾳ.
1285 1258 1474 1328 ἐρήμῳ
1500 1255 1590 1308 καὶ
1610 1254 1793 1323 ἀϐάτῳ

216 1363 308 1417 καὶ
342 1360 562 1430 ἀνύδρῳ
596 1359 625 1409 6
656 1353 932 1413 Μωῦσέως
960 1350 1176 1420 ἐξεδόθη
1206 1350 1386 1419 νόμος,
1425 1347 1575 1417 εὖροι
1605 1345 1670 1399 ἂν
1700 1346 1795 1397 αὐ-

209 1456 303 1509 τὸν
368 1454 429 1505 ἐν
486 1450 638 1518 τόπῳ
696 1446 798 1517 γῆς
840 1440 1098 1511 σκοτεινῷ
1150 1438 1529 1508 λελαλημένον.
1578 1436 1651 1489 Οὐ
1691 1436 1795 1506 μὴν

216 1547 418 1616 ὁμοίως
452 1542 548 1596 καὶ
606 1540 669 1591 τὸ
712 1534 1039 1604 Εὑαγγέλιον
1082 1530 1173 1585 τοῦ
1211 1528 1466 1600 Χριστοῦ.
1518 1546 1537 1579 ι
1573 1528 1666 1589 Εἰς
1694 1528 1794 1578 πᾶ-

215 1655 311 1690 σαν
350 1655 370 1686 ι
412 1632 546 1703 γοῦν
579 1650 597 1681 ι
628 1629 723 1699 τὴν
755 1621 1129 1695 γῆνοέξῆλθεν
1183 1622 1211 1672 6
1258 1619 1491 1689 φθόγγος
1521 1618 1628 1672 τῶν
1664 1617 1798 1670 ἀπο-

215 1727 419 1781 στόλων
457 1722 644 1784 αὑτοῦ,
679 1718 775 1773 καὶ
815 1720 895 1780 είς
923 1717 991 1769 τὰ
1014 1714 1225 1784 πέρατα
1256 1713 1354 1783 τῆς
1382 1709 1702 1779 οἰκουμένης
1730 1706 1797 1760 τὰ

217 1820 441 1890 ῥήματα
461 1813 658 1869 αὐτῶν.
686 1832 703 1863 ι
727 1807 964 1878 Παντοίᾳ
986 1807 1041 1859 δὲ
1073 1806 1166 1858 καὶ
1191 1803 1427 1873 γλώττῃ,
1452 1804 1602 1871 πάσῃ
1624 1801 1795 1870 φωνῇ,

1893 614 2101 670 occulta
2166 627 2340 683 neque
2405 613 2458 666 in
2528 612 2767 668 tenebris
2812 612 3032 667 latentia
3084 611 3331 681 reliqui:
3372 612 3466 667 sed

1896 708 2074 777 palam
2126 705 2381 770 efferens,
2419 706 2668 759 omnibus
2722 714 2847 758 nota
2900 703 3050 770 feci;
3097 705 3171 759 ita
3220 713 3277 757 ut
3325 705 3471 758 salu-

1899 808 2011 854 tare
2053 798 2405 869 Evangelium
2456 796 2708 852 omnibus
2764 796 3014 866 gentibus
3063 796 3469 866 praedicaretur.

1898 890 2022 946 Haec
2065 907 2218 955 sane,
2266 901 2325 945 ut
2372 890 2548 961 palam
2592 899 2695 956 est,
2730 890 3054 959 evangelicae
3097 889 3468 959 praedicationi

1897 993 2107 1040 tantum
2145 986 2490 1041 conveniant.
2534 983 2668 1038 Nam
2692 983 2889 1053 Moysis
2916 983 3125 1052 eloquia
3153 984 3195 1037 si
3231 984 3351 1052 quis
3379 997 3474 1036 ex-

1898 1079 2133 1148 pendere
2165 1079 2314 1142 velit,
2362 1093 2424 1131 ea
2458 1076 2669 1131 occulte
2704 1075 2912 1144 prolata
2947 1075 3336 1143 deprehendat,
3371 1073 3473 1127 ile-

1902 1172 2081 1226 braica
2113 1170 2321 1225 scilicet
2370 1169 2589 1239 lingua,
2642 1168 3054 1223 cbaracteribus
3105 1167 3356 1235 propriis,
3389 1179 3476 1220 ne-

1900 1278 2005 1333 que
2049 1263 2190 1332 apud
2226 1276 2418 1316 omnes
2463 1261 2715 1331 cognitis.
2767 1258 3073 1326 Quinetiam
3106 1258 3151 1311 si
3191 1258 3317 1326 quis
3360 1272 3477 1326 per-

1902 1354 2099 1422 pendat
2139 1368 2243 1421 qua
2293 1352 2345 1405 in
2390 1351 2702 1417 solitudine,
2747 1365 2907 1420 quam
2953 1348 3093 1402 invia
3128 1361 3182 1400 et
3217 1348 3473 1415 iuaquosa

1901 1444 1984 1497 lex
2016 1444 2211 1514 Moysis
2256 1442 2455 1496 tradita
2508 1440 2689 1507 fuerit,
2745 1442 2905 1508 plane
2966 1438 3205 1493 inveniat
3246 1452 3366 1491 eam
3420 1438 3472 1490 in

1902 1536 2021 1591 loco
2067 1544 2224 1590 terra:
2271 1534 2557 1589 tenebroso
2600 1533 3002 1602 pronuntiatam
3038 1530 3224 1583 fuisse.
3273 1528 3473 1582 Atnou

1904 1626 2022 1698 pari
2077 1628 2235 1680 modo
2287 1623 2633 1692 Evangelium
2662 1622 2860 1677 Christi
2891 1640 2906 1676 :
2940 1637 3063 1675 nam
3116 1639 3141 1671 (η
3164 1620 3215 1674 in
3260 1634 3476 1674 omnem

1906 1728 2106 1773 terram
2139 1717 2308 1771 exivit
2352 1728 2515 1768 sonus
2549 1712 2917 1782 apostolorum
2955 1710 3109 1778 ejus,
3152 1711 3307 1764 etin
3345 1708 3480 1762 ﬁnes

1911 1808 2059 1867 orbis
2092 1820 2248 1863 terra:
2279 1807 2445 1862 verba
2482 1821 2667 1861 eorum
2690 1805 2756 1858 ⁸ο.
2785 1823 2803 1855 ι
2851 1803 3115 1858 Omnibus
3159 1810 3340 1855 autem
3375 1800 3481 1853 lin-

217 1907 566 1980 χαρακτῆρσί
607 1922 666 1958 τε
707 1904 819 1964 τοῖς
854 1898 974 1953 καθ’
1007 1898 1235 1951 ἕκαστον
1268 1896 1417 1960 ἐθνος
1447 1893 1805 1967 παραδέδοται

1917 1904 2054 1973 guis,
2097 1901 2241 1957 omni
2292 1915 2445 1963 voce,
2493 1897 2936 1963 characterisque
2975 1893 3307 1963 singularum
3352 1908 3481 1962 gen-

213 2005 289 2067 είς
322 2001 654 2066 ἐξάκουστον
678 1992 811 2049 πᾶσι
836 1994 949 2055 τοῖς
966 1990 1192 2045 ἐθνεσιν.

287 2202 308 2235 ι
350 2178 666 2250 Συνάχθητε
708 2177 803 2230 καὶ
846 2175 1036 2245 ἥκετε⁵
1066 2164 1423 2239 βουλεύσασθε
1458 2163 1594 2234 ἃμα,
1620 2160 1669 2213 οἱ
1696 2175 1800 2212 σω-

216 2275 437 2345 ζόμενοι
475 2271 582 2325 ἀπὸ
609 2269 715 2322 τῶν
738 2266 925 2321 ἐθνῶν.
959 2263 1071 2317 Οὐκ
1094 2261 1336 2329 ἔγνωσαν
1376 2258 1425 2311 oi
1468 2255 1713 2327 αἴροντες
1740 2250 1802 2302 τὸ

219 2341 373 2426 ξύλον
427 2359 657 2429 γλύμμα
698 2356 896 2418 αὐτῶν,
948 2354 1043 2406 καὶ
1100 2352 1148 2403 οἱ
1200 2348 1621 2420 προσευχόμενοι
1667 2341 1802 2413 πρὸς

219 2456 398 2517 θεοὺς,
429 2452 481 2505 οἳ
510 2451 571 2503 ού
599 2449 879 2513 σώζουσιν.
901 2447 961 2499 Εἰ
978 2442 1385 2513 ἀναγγελοῦσιν,
1408 2437 1800 2507 ἐγγισάτωσαν,

220 2546 308 2599 ἵνα
334 2544 544 2613 γνῶσιν
566 2541 701 2612 ἁμα.
736 2559 754 2592 ι
791 2538 1047 2610 Πρώτους
1074 2536 1169 2606 μὲν
1197 2533 1325 2604 γὰρ,
1353 2530 1537 2601 φησὶν,
1564 2526 1803 2588 ἐκείνους

221 2632 644 2703 ἁνεκαλεσάμην
686 2629 773 2684 διὰ
802 2628 895 2683 τοῦ
923 2624 1277 2695 εύαγγελικοῦ
1306 2620 1687 2694 κηρύγματος,
1713 2617 1805 2670 καὶ

224 2724 467 2797 πρώτοις
494 2723 680 2785 αὐτοῖς
699 2721 798 2792 τὴν
824 2718 1098 2791 βασιλείαν
1128 2714 1237 2769 τῶν
1266 2712 1509 2786 οὐρανῶν
1542 2711 1806 2779 ἐπηγγει-

222 2816 427 2888 λάμην,
469 2812 656 2884 ὥσπερ
701 2812 924 2883 μισθοὺς
965 2812 1064 2880 τῆς
1105 2809 1183 2871 είς
1216 2805 1315 2875 ἐμὲ
1356 2802 1592 2864 πίστεως
1624 2800 1807 2862 αὐτοῖς

223 2907 681 2979 ὑπισχνούμενον,
719 2903 854 2976 πρὸς
904 2902 964 2954 τὸ
1004 2900 1077 2971 μὴ
1110 2896 1327 2968 νομίσαι
1350 2892 1545 2957 αὐτοὺς
1574 2892 1666 2944 ἐπὶ⁹
1699 2908 1806 2961 μα·-

226 3002 362 3071 ταίῳ
393 2998 687 3053 θεοσεϐεῖν.
717 2996 808 3048 Διὸ
836 2993 929 3047 καὶ¹
957 2991 1102 3063 ζωὴν
1129 2987 1343 3044 αἰώνιον
1371 2982 1805 3055 ἐπηγγειλάμην,

223 3093 315 3146 καὶ
362 3089 548 3159 ἀγαθὰ
604 3109 621 3140 ι
664 3086 700 3142 δι
739 3084 1015 3156 ὀφθαλμὸς
1054 3083 1156 3135 οὐκ
1200 3075 1326 3143 εἶδε,
1368 3097 1387 3129 ι
1426 3076 1520 3130 καὶ
1553 3074 1622 3128 τὰ
1658 3072 1806 3142 ἑξῆς.

236 3185 393 3237 Ἐπεὶ
424 3182 481 3235 δέ
529 3180 661 3243 Θεός
698 3181 810 3247 εἰμι
840 3175 1013 3229 λαλῶν
1043 3170 1384 3241 δικαιοσύνην
1417 3169 1510 3222 καὶ
1542 3163 1807 3233 ἀναγγέλ-

225 3278 330 3331 λων
363 3275 648 3347 ἀλήθειαν,
691 3270 831 3325 κατὰ
864 3270 953 3322 τὸν
985 3266 1084 3339 τῆς
1118 3262 1461 3331 δικαιοσύνης
1485 3258 1661 3327 λόγον,
1696 3255 1811 3327 μετ’

225 3368 472 3430 ἐκείνους
510 3364 718 3426 πάντας
751 3359 1070 3432 ἀνθρώπους
1105 3356 1243 3429 πρὸς
1281 3351 1513 3425 ἐμαυτὸν
1551 3348 1813 3402 ἀνεκαλε-

225 3460 411 3531 σάμην
429 3474 446 3487 ο
479 3457 573 3510 καὶ
611 3452 854 3507 ἐντεῦθεν
883 3451 985 3522 ἤδη
1014 3450 1124 3511 τοῖς
1148 3447 1279 3499 πᾶσι
1313 3442 1565 3514 κηρύττω
1605 3439 1778 3507 λέγων
1797 3454 1811 3467 ·

230 3570 249 3603 ι
285 3528 605 3619 Συνάχθητε
650 3546 744 3599 καὶ
776 3544 963 3614 ἥκετε,
998 3534 1354 3610 βουλεύσασθε
1387 3534 1523 3603 ἅμα,
1564 3533 1613 3585 οἱ
1647 3528 1815 3593 σωζό-

229 3659 383 3712 μενοι
418 3640 527 3694 ἀπὸ
552 3638 659 3691 τῶν
688 3635 875 3688 ἐθνῶν.
914 3651 934 3684 ι
977 3631 1141 3701 Ὁρᾷς
1192 3628 1338 3688 ὅπως
1386 3624 1514 3685 τοὺς
1571 3621 1678 3675 ἀπὸ
1707 3619 1817 3673 τῶν

226 3710 402 3790 ἐθνῶν
460 3728 817 3802 βουλομένους
874 3721 1140 3786 σώζεσθαι
1186 3714 1592 3788 προσκαλεῖται.
1646 3730 1664 3763 ι
1723 3710 1819 3774 Τίς

225 3798 474 3884 ἀκουστά
496 3822 714 3891 ἐποίησε
746 3816 919 3869 ταῦτα
960 3813 1053 3866 ἀπ’
1086 3808 1299 3881 ἁρχῆς;
1338 3824 1355 3857 ι
1380 3802 1679 3873 γνώσονται
1712 3798 1820 3872 γὰρ

228 3923 400 3991 ἐγγὺς
444 3915 725 3986 γενόμενοι
766 3909 856 3962 τὸν
890 3902 1141 3975 ἀληθινὸν
1175 3899 1329 3961 Θεὸν,
1365 3892 1424 3951 οὗ
1460 3894 1601 3966 μέγα
1626 3893 1821 3962 δεῖγμα

228 4015 328 4083 τῆς
366 3983 621 4076 θεότητος
658 4000 752 4055 τοῦ
785 3994 1156 4071 προφητεῦσαι
1203 3988 1378 4042 ταῦτα
1411 3985 1498 4040 διὰ
1530 3984 1639 4037 τῶν
1674 3983 1822 4055 ἐμῶν

230 4074 555 4176 προφητῶν,
597 4094 692 4149 καὶ
731 4092 793 4145 τὸ
828 4089 922 4144 ἀπ’
959 4085 1132 4158 ἀρχῆς
1162 4078 1495 4147 ἀπαγγεῖλαι
1538 4075 1710 4129 ταῦτα
1743 4074 1823 4136 είς

230 4166 331 4258 τάς
358 4166 534 4251 ⁷όικοτὶις
557 4186 733 4258 ἡμῶν.
766 4202 784 4234 ι
821 4181 953 4234 Τότε
986 4174 1260 4248 ἀνηγγέλη
1292 4173 1439 4242 ὑμῖν,
1457 4167 1597 4237 Ἐγὼ
1616 4169 1644 4219 ὁ
1668 4166 1821 4231 Θεὸς,

231 4288 330 4342 καὶ
364 4286 467 4338 ούκ
497 4281 645 4334 ἐστιν
676 4276 832 4339 ἄλλος
876 4271 1015 4342 πλὴν
1048 4268 1202 4340 ἐμοῦ.
1243 4285 1261 4317 ι
1297 4261 1538 4330 Παγίδας
1580 4258 1825 4319 ἱστάντες

229 4384 346 4443 τοῖς
389 4378 483 4430 ἐπὶ
521 4374 621 4444 τῆς
648 4372 750 4441 γῆς
781 4371 829 4421 οἱ
858 4365 1128 4435 ἀλιτήριοι
1156 4360 1409 4428 δαίμονες
1429 4397 1443 4419 ,
1473 4353 1543 4406 τὰ
1569 4353 1668 4423 τῆς
1700 4352 1827 4403 ἐαυ-

231 4475 343 4529 τῶν
365 4471 580 4538 ἀπάτης
611 4462 948 4536 ἐργαστήρια
969 4455 1285 4527 συγκροτεῖν
1316 4445 1665 4509 ἐσπούδαζον,
1696 4444 1829 4496 ὐπο-

234 4535 550 4642 κρινόμενοι
587 4535 682 4616 καὶ
710 4557 769 4611 τὸ
802 4554 999 4608 εἰδέναι
1030 4550 1098 4603 τά
1131 4545 1388 4618 μέλλοντα
1421 4540 1515 4593 καὶ
1552 4535 1828 4606 ἀπαγγέλ-

232 4630 351 4714 λέιν
391 4655 532 4711 αύτά
570 4648 828 4705 δύνασθαι
864 4646 975 4707 τοῖς
996 4640 1234 4694 ἐθέλουσι
1271 4633 1480 4706 μαθεῖν,
1522 4630 1680 4700 μέχρι
1708 4645 1827 4680 και-

239 4755 337 4828 ροῦ
375 4746 781 4804 διατετελέκασι
831 4734 1286 4808 συναρπάζοντες.
1332 4728 1651 4800 Χρηστήρια
1698 4721 1828 4788 γοῦν

979 4827 984 4828 ,
1181 4822 1190 4828 ,
1272 4820 1293 4828 ,
1500 4819 1520 4828 _
1564 4815 1575 4828 ,
1690 4809 1715 4828 η

239 4809 386 4898 κατὰ
435 4856 497 4892 τε
536 4836 717 4895 πόλεις
778 4830 872 4883 καὶ
921 4827 1126 4898 χώρας,
1164 4815 1576 4892 ψευδομαντεῖαί
1608 4831 1667 4866 τε
1689 4809 1828 4883 ἦσαν

242 4930 523 5004 πανταχοῦ
559 4929 650 4981 καὶ
681 4920 1047 4995 κληδονισμοὶ,
1079 4918 1175 4970 καὶ
1214 4910 1619 4981 νεκυομάντεις,
1660 4906 1753 4959 καὶ
1781 4905 1830 4956 οἱ

240 4996 550 5098 φωνοῦντες
583 5023 647 5072 ἐκ
673 5016 797 5085 γῆς,
826 5005 1255 5081 ὲγγαστρίμυθοί
1286 5021 1343 5056 τε
1380 5001 1473 5054 καὶ
1500 4996 1831 5067 ἁλφιτομάν-

241 5137 376 5181 τεις,
402 5117 497 5170 καὶ
521 5106 853 5174 ἁπαξαπλῶς
874 5100 1122 5174 ψευστῶν
1145 5099 1238 5153 καὶ
1260 5096 1507 5167 φενάκων
1532 5092 1673 5163 huc?”
1693 5089 1830 5160 ἡλίῳ

244 5209 591 5279 πεπλήρωτο.
654 5221 672 5251 ι
727 5199 943 5258 Δίκαιος
1002 5194 1093 5247 καὶ
1144 5190 1326 5260 σωτὴρ
1369 5187 1470 5240 οὐκ
1516 5178 1832 5252 ἔστιπαρὲξ

243 5303 402 5375 ἐμοῦ.
436 5321 455 5353 ι
508 5296 800 5350 Ἐθέσπισα
831 5292 885 5343 δὲ
912 5290 1006 5342 καὶ
1035 5287 1312 5358 προεῖπον,
1346 5280 1467 5332 ἐπεὶ
1524 5273 1730 5336 δίκαιός
1760 5273 1831 5325 εἰ-

248 5417 307 5470 μι
347 5398 444 5448 καὶ
477 5389 691 5458 Σωτὴρ,
746 5385 935 5453 διόπερ
980 5377 1121 5433 κατὰ
1160 5376 1249 5428 τὸν
1298 5372 1390 5426 τοῦ
1430 5367 1637 5422 δικαίου
1675 5365 1832 5433 λόγον

246 5455 431 5538 πάντα
486 5478 557 5532 τὰ
602 5455 727 5545 ἔθνη
773 5470 924 5526 καλώ
964 5471 1043 5531 εἰς
1075 5466 1171 5537 τὴν
1206 5464 1333 5536 παρ’
1374 5461 1497 5531 ἐμοὶ
1538 5455 1830 5526 σωτηρίαν.

234 5577 421 5646 "Opi;
456 5573 604 5631 ὅπως
640 5565 923 5620 καθολικὸν
952 5560 1013 5613 τὸ
1036 5559 1296 5629 κήρυγμα
1337 5556 1469 5608 πᾶσι
1509 5554 1621 5613 τοῖς
1658 5547 1837 5601 ἔθνεσι

246 5663 644 5733 καταγγέλλει;
692 5660 777 5713 Ἑν
809 5655 1021 5716 τούτοις
1056 5647 1114 5704 εὖ
1160 5649 1306 5720 μάλα
1338 5648 1437 5720 τῆς
1483 5645 1571 5699 διὰ
1600 5638 1859 5697 Χοιστοῦ

322 5870 368 5903 ⁸⁸
400 5866 542 5925 ΡειιΙ.
581 5881 738 5929 mu,
774 5862 827 5917 Β.
902 5860 944 5889 ⁸⁸
972 5856 986 5913 Ι
1016 5854 1143 5912 Cor.
1179 5868 1237 5917 ιι,
1269 5850 1324 5904 9.

1915 1990 2048 2044 tium
2084 1986 2335 2043 traditum
2367 1997 2473 2052 est,
2505 1993 2566 2039 ut
2605 1985 2658 2039 in
2683 1985 2918 2039 omnium
2951 1982 3189 2052 gentium
3234 1981 3476 2035 auditum

1905 2082 2133 2136 veniret.

1982 2173 2143 2227 Vsus.
2172 2171 2360 2236 21,22.
2401 2188 2419 2222 ι
2454 2166 2869 2240 Congregamini
2894 2174 2948 2221 et
2970 2164 3149 2220 venite
3176 2179 3190 2216 :
3215 2162 3481 2219 consulite

1910 2266 2097 2330 simul,
2151 2264 2248 2334 qui
2304 2262 2589 2319 salvamini
2637 2261 2704 2315 de
2746 2260 3017 2329 gentibus.
3064 2254 3181 2310 Non
3217 2268 3484 2326 cognove-

1913 2366 2065 2422 runt,
2100 2356 2195 2425 qui
2238 2362 2459 2424 portant
2488 2352 2692 2422 lignum
2722 2349 3057 2419 sculpturam
3093 2361 3269 2411 suam,
3308 2354 3362 2400 et
3389 2345 3482 2414 qui

1911 2448 2211 2517 precantur
2242 2448 2371 2501 deos
2422 2458 2530 2499 non
2565 2442 2866 2498 salvantes.
2912 2439 2968 2494 Si
3004 2437 3359 2502 annuntient,
3393 2451 3487 2490 ac-

1911 2539 2126 2603 cedant,
2180 2546 2239 2591 ut
2289 2543 2626 2607 cognoscant
2672 2532 2851 2588 simul.
2891 2550 2908 2583 ι
2942 2531 3175 2595 Etenim,
3211 2528 3318 2593 ait,
3372 2527 3487 2597 pri-

1915 2646 2063 2684 mum
2097 2627 2220 2683 illos
2249 2642 2347 2697 per
2368 2625 2739 2696 evangelii-am
2780 2622 3222 2694 praedicationem
3271 2619 3485 2683 vocavi,

1913 2719 2155 2790 ipsisque
2200 2718 2393 2789 primis
2452 2731 2678 2787 regnum
2723 2714 2984 2770 caelorum
3030 2711 3291 2782 promisi,
3333 2712 3486 2779 quasi

1914 2813 1968 2868 in
2007 2811 2308 2867 mercedem
2347 2824 2536 2863 eorum
2582 2822 2711 2878 erga
2768 2820 2854 2859 me
2904 2804 3027 2858 ﬁdei
3068 2801 3379 2872 pollicitus;
3429 2810 3491 2854 ut

1913 2920 1982 2960 ne
2013 2911 2204 2974 putent
2226 2917 2284 2957 se
2311 2900 2511 2955 frustra
2542 2900 2684 2969 piam
2716 2896 3030 2967 religionem
3061 2893 3287 2948 sectari.
3310 2893 3490 2959 Quare

1914 2999 2084 3053 vitam
2119 3006 2376 3053 :eternam
2408 2994 2655 3065 promisi,
2684 3003 2738 3048 et
2766 2992 2906 3045 bona
2940 3008 2958 3041 ι
2991 3004 3111 3058 qua:
3146 2986 3338 3041 oculus
3379 2999 3487 3038 non

1915 3105 2056 3161 vidit
2079 3104 2148 3169 ει,
2193 3120 2213 3154 ι
2257 3111 2310 3155 et
2340 3108 2557 3155 caetera.
2589 3096 2853 3164 Quoniam
2916 3108 3047 3149 vero
3081 3092 3220 3147 Deus
3262 3104 3381 3146 sum
3413 3089 3492 3142 lo-

1841 3255 1883 3313 c
1918 3225 2091 3282 quens
2114 3207 2405 3280 justitiam,
2438 3213 2493 3259 et
2518 3203 2849 3258 annuntians
2879 3200 3192 3264 veritatem,
3226 3211 3322 3267 pro
3342 3195 3490 3264 atqui

1916 3329 1972 3375 et
2003 3317 2131 3373 boni
2181 3316 2416 3379 ratione,
2458 3320 2578 3382 post
2624 3310 2745 3364 illos
2782 3307 3069 3361 universos
3113 3306 3277 3358 etiam
3319 3301 3495 3358 homi—

1918 3437 2015 3478 nes
2056 3420 2124 3475 ad
2182 3434 2269 3474 me
2320 3415 2550 3481 vocavi;
2613 3424 2667 3468 et
2722 3412 2832 3481 jam
2894 3410 3019 3465 hinc
3061 3408 3313 3462 omnibus
3355 3420 3495 3475 prac-

1918 3523 2041 3577 dico
2084 3538 2100 3576 :
2162 3536 2180 3570 ι
2223 3513 2639 3585 Congregamini
2709 3522 2764 3565 et
2826 3509 3047 3567 venite,
3095 3505 3361 3562 consulite
3415 3503 3494 3559 si-

1920 3612 2053 3675 mul,
2112 3611 2206 3680 qui
2267 3605 2551 3663 salvamini
2612 3602 2680 3658 de
2720 3601 2990 3672 gentibus.
3030 3618 3048 3651 ι
3106 3595 3497 3664 Vidcn’,quo-

1921 3705 2082 3759 modo
2115 3702 2238 3756 illos
2276 3715 2342 3755 ex
2378 3697 2653 3769 gentibus,
2696 3694 2786 3764 qui
2836 3692 3062 3747 salutem
3096 3697 3373 3759 emptent,
3403 3687 3498 3741 ad-

1922 3795 2121 3851 vocet?
2152 3811 2171 3844 ι
2219 3792 2353 3858 Quis
2390 3792 2571 3845 audita
2619 3788 2747 3842 fecit
2791 3786 2903 3839 lucc
2949 3779 3017 3835 ab
3058 3780 3256 3834 initio?
3292 3799 3311 3832 ι
3360 3778 3495 3834 Cum

1921 3890 2066 3945 enim
2109 3887 2267 3957 juxta
2309 3883 2661 3947 accesserint,
2703 3893 2890 3932 verum
2944 3876 3114 3930 Deum
3145 3878 3497 3944 cognoscent,

1922 3981 2078 4050 cujus
2111 3976 2331 4033 deitatis
2364 3987 2621 4044 magnum
2657 3977 3036 4036 argumentum
3066 3962 3196 4016 illud
3244 3967 3326 4014 est
3355 3961 3497 4028 quod

1923 4075 2038 4129 haec
2070 4088 2167 4142 per
2215 4067 2506 4138 prophetas
2549 4078 2677 4117 suos
2727 4055 3139 4129 prtenuntiarit,
3177 4062 3233 4106 et
3277 4051 3345 4105 ab
3392 4050 3498 4104 ini-

1925 4165 2001 4217 tio
2042 4137 2094 4215 id
2135 4137 2403 4213 adraures
2451 4162 2668 4206 nostras
2721 4141 3104 4200 declaraverit.
3149 4158 3167 4190 ι
3204 4137 3358 4192 Tunc
3403 4151 3501 4189 an-

1927 4254 2235 4311 nuntialum
2284 4256 2370 4303 est
2404 4244 2579 4309 vobis,
2625 4241 2735 4310 Ego
2784 4236 2958 4300 Deus,
2988 4241 3044 4287 et
3088 4246 3192 4285 non
3246 4236 3330 4285 est
3364 4225 3502 4280 alius

1925 4355 2127 4418 praeter
2154 4355 2266 4397 me.
2300 4359 2318 4392 ι
2347 4338 2417 4393 [is
2449 4335 2539 4406 qui
2577 4335 2630 4387 in
2667 4342 2812 4385 terra
2844 4335 2968 4380 sunt
2996 4324 3221 4392 laqueos
3247 4328 3505 4390 parantes

1927 4410 2200 4495 daemones
2226 4431 2472 4502 maligni,
2504 4425 2708 4480 fraudis
2732 4419 3069 4487 fallacizeque
3093 4429 3205 4469 suae
3233 4410 3501 4466 oiIicinam

1930 4532 2223 4587 admovere
2254 4522 2596 4593 satagebant,
2647 4531 2706 4571 se
2746 4514 2927 4569 futura
2981 4521 3141 4564 nosse
3185 4502 3505 4560 simulantes

1861 4596 1902 4648 θ
1929 4639 1993 4680 ac
2029 4635 2189 4692 posse
2220 4633 2280 4673 se
2334 4615 2420 4670 illa
2471 4609 2761 4667 enuntiare
2798 4606 2883 4667 iis,
2910 4600 3002 4672 qui
3040 4599 3283 4653 ediscere
3315 4592 3503 4655 velint,

1930 4728 2081 4773 certo
2132 4724 2375 4782 tempore
2421 4704 2620 4761 multos
2663 4699 2786 4754 dolo
2836 4694 3335 4751 circumvenerunt.
3369 4682 3505 4737 Nam

1932 4812 1984 4865 in
2027 4808 2249 4862 urbibus
2281 4810 2335 4857 et
2371 4798 2682 4866 regionibus
2709 4789 2951 4855 oracula,
2981 4781 3346 4840 divinationes
3377 4776 3505 4830 item

1934 4901 2102 4961 falsae,
2138 4896 2342 4963 ubique
2382 4897 2561 4950 erant,
2598 4883 2984 4941 ominationes,
3020 4879 3416 4930 necromantes,
3454 4874 3509 4917 et

1931 4992 2022 5062 qui
2058 4960 2124 5043 ex
2157 4960 2302 5041 terra
2340 4982 2721 5051 loquebantur,
2752 4968 3172 5045 engastrimytbi
3204 5004 3219 5031 ,
3270 4960 3511 5029 alphito-

1936 5093 2167 5143 mantes,
2208 5078 2323 5132 sive
2364 5076 2455 5145 qui
2487 5088 2517 5128 e
2545 5070 2739 5127 farinis
2770 5064 3232 5122 vaticinabantur,
3262 5063 3426 5121 atque
3452 5056 3511 5103 ut

1936 5172 2246 5230 summatim
2280 5169 2482 5228 dicam,
2535 5160 2889 5218 mendacibus
2924 5164 2980 5209 et
3011 5146 3398 5220 impostoribus
3433 5158 3511 5195 re-

1937 5266 2189 5335 plebatur
2235 5258 2405 5314 orbis.
2455 5276 2472 5308 ι
2507 5254 2696 5309 Justus
2740 5258 2793 5305 et
2837 5246 3074 5301 salvator
3112 5255 3216 5294 non
3255 5244 3341 5290 est
3376 5248 3512 5300 prae-

1939 5370 2021 5415 ter
2060 5371 2165 5412 me.
2207 5374 2226 5405 ›
2262 5350 2604 5407 Vaticinatus
2634 5360 2751 5399 sum
2785 5349 2838 5395 et
2866 5334 3115 5406 praedixi,
3148 5327 3404 5400 quoniam
3428 5325 3511 5394 jn-

1936 5461 2054 5506 stus
2081 5458 2136 5503 et
2164 5446 2416 5500 Salvator
2460 5455 2601 5502 sum,
2632 5435 2755 5490 ideo
2781 5428 3076 5485 secundum
3109 5417 3383 5489 aequitatis
3424 5430 3511 5468 ra-

1939 5544 2139 5598 tionem
2172 5551 2361 5594 omnes
2401 5543 2588 5605 gentes
2640 5528 2706 5581 ad
2745 5537 2887 5587 eam,
2922 5533 3042 5589 qua:
3079 5529 3247 5587 penes
3279 5526 3364 5566 me
3403 5519 3507 5573 est,

1940 5633 2170 5692 salutem
2218 5641 2407 5686 evoco.
2464 5620 2651 5679 Viden’
2703 5612 2974 5688 quomodo
3006 5618 3348 5665 communem
3385 5616 3511 5673 gen-
