  <div class='ocr_page' id='page_1' title='image "/cluster/home/n/w/nwhite01/storage/ocr_20150623/24/hvd.32044019207729/215.png"; bbox 0 0 3968 6522; ppageno 0'>
   <div class='ocr_carea' id='block_1_1' title="bbox 476 457 583 513">
    <p class='ocr_par' dir='ltr' id='par_1_1' title="bbox 476 457 583 513">
     <span class='ocr_line' id='line_1_1' title="bbox 476 457 583 513; baseline 0.009 -2"><span class='ocrx_word' id='word_1_1' title='bbox 476 457 583 513; x_wconf 72' lang='grc'><strong>419</strong></span> 
     </span>
    </p>
   </div>
   <div class='ocr_carea' id='block_1_2' title="bbox 1152 448 2061 508">
    <p class='ocr_par' dir='ltr' id='par_1_2' title="bbox 1152 449 2055 508">
     <span class='ocr_line' id='line_1_2' title="bbox 1152 449 2055 508; baseline -0.001 -3"><span class='ocrx_word' id='word_1_2' title='bbox 1152 449 1421 506; x_wconf 86' lang='lat' dir='ltr'><strong>EUSEBII</strong></span> <span class='ocrx_word' id='word_1_3' title='bbox 1455 449 1931 508; x_wconf 64' lang='lat' dir='ltr'><strong>CAESARIENSIS</strong></span> <span class='ocrx_word' id='word_1_4' title='bbox 1968 451 2055 506; x_wconf 87' lang='grc' dir='ltr'><strong>ΟΡ</strong></span> 
     </span>
    </p>
   </div>
   <div class='ocr_carea' id='block_1_3' title="bbox 2170 448 3026 508">
    <p class='ocr_par' dir='ltr' id='par_1_3' title="bbox 2170 448 3026 507">
     <span class='ocr_line' id='line_1_3' title="bbox 2170 448 3026 507; baseline 0.004 -4"><span class='ocrx_word' id='word_1_5' title='bbox 2170 449 2339 505; x_wconf 71' lang='lat' dir='ltr'><strong>PAIIS</strong></span> <span class='ocrx_word' id='word_1_6' title='bbox 2380 450 2468 505; x_wconf 91' lang='lat' dir='ltr'><strong>III.</strong></span> <span class='ocrx_word' id='word_1_7' title='bbox 2509 480 2578 491; x_wconf 91' lang='lat'><strong>—</strong></span> <span class='ocrx_word' id='word_1_8' title='bbox 2618 448 3026 507; x_wconf 55' lang='lat' dir='ltr'><strong>EXEGETICX.</strong></span> 
     </span>
    </p>
   </div>
   <div class='ocr_carea' id='block_1_4' title="bbox 3622 449 3746 505">
    <p class='ocr_par' dir='ltr' id='par_1_4' title="bbox 3622 449 3746 505">
     <span class='ocr_line' id='line_1_4' title="bbox 3622 449 3746 505; baseline -0.016 0"><span class='ocrx_word' id='word_1_9' title='bbox 3622 452 3655 505; x_wconf 72' lang='grc'><strong><em>4</em></strong></span> <span class='ocrx_word' id='word_1_10' title='bbox 3670 449 3746 504; x_wconf 73' lang='grc' dir='ltr'><strong>ΞΟ</strong></span> 
     </span>
    </p>
   </div>
   <div class='ocr_carea' id='block_1_5' title="bbox 478 535 2061 637">
    <p class='ocr_par' dir='ltr' id='par_1_5' title="bbox 478 565 2044 636">
     <span class='ocr_line' id='line_1_5' title="bbox 478 565 2044 636; baseline -0.006 -9"><span class='ocrx_word' id='word_1_11' title='bbox 478 572 621 627; x_wconf 85' lang='lat' dir='ltr'><strong>libus</strong></span> <span class='ocrx_word' id='word_1_12' title='bbox 668 567 922 623; x_wconf 89' lang='lat' dir='ltr'><strong>omnibus</strong></span> <span class='ocrx_word' id='word_1_13' title='bbox 971 565 1413 636; x_wconf 68' lang='lat' dir='ltr'><strong>praedicationem</strong></span> <span class='ocrx_word' id='word_1_14' title='bbox 1469 566 1798 620; x_wconf 88' lang='lat' dir='ltr'><strong>annuntiet?</strong></span> <span class='ocrx_word' id='word_1_15' title='bbox 1847 565 1900 619; x_wconf 87' lang='lat' dir='ltr'><strong>In</strong></span> <span class='ocrx_word' id='word_1_16' title='bbox 1937 580 2044 634; x_wconf 94' lang='lat' dir='ltr'><strong>quo</strong></span> 
     </span>
    </p>
   </div>
   <div class='ocr_carea' id='block_1_6' title="bbox 2170 535 3746 637">
    <p class='ocr_par' dir='ltr' id='par_1_6' title="bbox 2170 535 3746 637">
     <span class='ocr_line' id='line_1_6' title="bbox 2170 535 3746 637; baseline 0.001 -20"><span class='ocrx_word' id='word_1_17' title='bbox 2170 535 2364 635; x_wconf 73' lang='grc' dir='ltr'>[ἀριτος</span> <span class='ocrx_word' id='word_1_18' title='bbox 2390 564 2592 617; x_wconf 77' lang='grc' dir='ltr'>κατίδοι</span> <span class='ocrx_word' id='word_1_19' title='bbox 2626 581 2709 627; x_wconf 88' lang='grc' dir='ltr'><strong>τις</strong></span> <span class='ocrx_word' id='word_1_20' title='bbox 2738 564 2802 618; x_wconf 83' lang='grc' dir='ltr'>ἂν</span> <span class='ocrx_word' id='word_1_21' title='bbox 2834 563 2893 616; x_wconf 85' lang='grc' dir='ltr'>τὸ</span> <span class='ocrx_word' id='word_1_22' title='bbox 2919 562 3165 634; x_wconf 85' lang='grc' dir='ltr'>μέγεθος,</span> <span class='ocrx_word' id='word_1_23' title='bbox 3198 564 3276 626; x_wconf 84' lang='grc' dir='ltr'>εἰς</span> <span class='ocrx_word' id='word_1_24' title='bbox 3310 563 3514 627; x_wconf 77' lang='grc' dir='ltr'>πάντας</span> <span class='ocrx_word' id='word_1_25' title='bbox 3537 564 3746 637; x_wconf 79' lang='grc' dir='ltr'>διῆκον</span> 
     </span>
    </p>
   </div>
   <div class='ocr_carea' id='block_1_7' title="bbox 477 656 2047 731">
    <p class='ocr_par' dir='ltr' id='par_1_7' title="bbox 477 656 2047 731">
     <span class='ocr_line' id='line_1_7' title="bbox 477 656 2047 731; baseline -0.004 -15"><span class='ocrx_word' id='word_1_26' title='bbox 477 662 633 731; x_wconf 87' lang='lat' dir='ltr'><strong>plane</strong></span> <span class='ocrx_word' id='word_1_27' title='bbox 670 660 871 715; x_wconf 87' lang='lat' dir='ltr'><strong>Christi</strong></span> <span class='ocrx_word' id='word_1_28' title='bbox 922 658 1121 728; x_wconf 69' lang='lat' dir='ltr'><strong>gratia:</strong></span> <span class='ocrx_word' id='word_1_29' title='bbox 1177 656 1601 726; x_wconf 89' lang='lat' dir='ltr'><strong>magnitudinem</strong></span> <span class='ocrx_word' id='word_1_30' title='bbox 1654 657 1878 721; x_wconf 87' lang='lat' dir='ltr'><strong>videas,</strong></span> <span class='ocrx_word' id='word_1_31' title='bbox 1927 672 2047 725; x_wconf 72' lang='lat' dir='ltr'><strong>qua:</strong></span> 
     </span>
    </p>
   </div>
   <div class='ocr_carea' id='block_1_8' title="bbox 480 748 2047 818">
    <p class='ocr_par' dir='ltr' id='par_1_8' title="bbox 480 748 2047 818">
     <span class='ocr_line' id='line_1_8' title="bbox 480 748 2047 818; baseline -0.004 -11"><span class='ocrx_word' id='word_1_32' title='bbox 480 755 546 807; x_wconf 88' lang='lat' dir='ltr'><strong>ad</strong></span> <span class='ocrx_word' id='word_1_33' title='bbox 594 766 785 807; x_wconf 89' lang='lat' dir='ltr'><strong>omnes</strong></span> <span class='ocrx_word' id='word_1_34' title='bbox 836 749 1133 817; x_wconf 87' lang='lat' dir='ltr'><strong>terrigenas</strong></span> <span class='ocrx_word' id='word_1_35' title='bbox 1181 749 1482 818; x_wconf 75' lang='lat' dir='ltr'><strong>pervadat:</strong></span> <span class='ocrx_word' id='word_1_36' title='bbox 1548 748 1747 803; x_wconf 90' lang='lat' dir='ltr'><strong>atenim</strong></span> <span class='ocrx_word' id='word_1_37' title='bbox 1800 749 2047 801; x_wconf 90' lang='lat' dir='ltr'><strong>universa</strong></span> 
     </span>
    </p>
   </div>
   <div class='ocr_carea' id='block_1_9' title="bbox 477 841 2047 913">
    <p class='ocr_par' dir='ltr' id='par_1_9' title="bbox 477 841 2047 913">
     <span class='ocr_line' id='line_1_9' title="bbox 477 841 2047 913; baseline -0.002 -16"><span class='ocrx_word' id='word_1_38' title='bbox 477 854 616 899; x_wconf 89' lang='lat' dir='ltr'><strong>terra</strong></span> <span class='ocrx_word' id='word_1_39' title='bbox 644 856 740 913; x_wconf 89' lang='lat' dir='ltr'><strong>per</strong></span> <span class='ocrx_word' id='word_1_40' title='bbox 770 844 931 896; x_wconf 87' lang='lat' dir='ltr'><strong>Iidem</strong></span> <span class='ocrx_word' id='word_1_41' title='bbox 962 842 1017 895; x_wconf 92' lang='lat' dir='ltr'><strong>in</strong></span> <span class='ocrx_word' id='word_1_42' title='bbox 1048 855 1194 906; x_wconf 92' lang='lat' dir='ltr'><strong>eum,</strong></span> <span class='ocrx_word' id='word_1_43' title='bbox 1226 841 1292 894; x_wconf 90' lang='lat' dir='ltr'><strong>ad</strong></span> <span class='ocrx_word' id='word_1_44' title='bbox 1323 841 1556 895; x_wconf 76' lang='lat' dir='ltr'><strong>salutem</strong></span> <span class='ocrx_word' id='word_1_45' title='bbox 1584 849 1642 896; x_wconf 90' lang='lat' dir='ltr'><strong>et</strong></span> <span class='ocrx_word' id='word_1_46' title='bbox 1669 841 1859 905; x_wconf 84' lang='lat' dir='ltr'><strong>vitam,</strong></span> <span class='ocrx_word' id='word_1_47' title='bbox 1892 841 2047 910; x_wconf 88' lang='lat' dir='ltr'><strong>quasi</strong></span> 
     </span>
    </p>
   </div>
   <div class='ocr_carea' id='block_1_10' title="bbox 478 934 1312 1007">
    <p class='ocr_par' dir='ltr' id='par_1_10' title="bbox 478 934 1312 1007">
     <span class='ocr_line' id='line_1_10' title="bbox 478 934 1312 1007; baseline -0.004 -17"><span class='ocrx_word' id='word_1_48' title='bbox 478 951 677 1007; x_wconf 86' lang='lat' dir='ltr'><strong>sagena</strong></span> <span class='ocrx_word' id='word_1_49' title='bbox 718 944 900 1003; x_wconf 84' lang='lat' dir='ltr'><strong>capta,</strong></span> <span class='ocrx_word' id='word_1_50' title='bbox 938 934 1172 989; x_wconf 87' lang='lat' dir='ltr'><strong>deducta</strong></span> <span class='ocrx_word' id='word_1_51' title='bbox 1205 942 1312 987; x_wconf 87' lang='lat' dir='ltr'><strong>est.</strong></span> 
     </span>
    </p>
   </div>
   <div class='ocr_carea' id='block_1_11' title="bbox 546 1022 2048 1093">
    <p class='ocr_par' dir='ltr' id='par_1_11' title="bbox 546 1022 2048 1093">
     <span class='ocr_line' id='line_1_11' title="bbox 546 1022 2048 1093; baseline -0.003 -12"><span class='ocrx_word' id='word_1_52' title='bbox 546 1026 711 1081; x_wconf 64' lang='lat' dir='ltr'><strong>Vens.</strong></span> <span class='ocrx_word' id='word_1_53' title='bbox 741 1024 833 1089; x_wconf 74' lang='lat'><strong>25,</strong></span> <span class='ocrx_word' id='word_1_54' title='bbox 886 1024 976 1079; x_wconf 71' lang='grc'><strong>24.</strong></span> <span class='ocrx_word' id='word_1_55' title='bbox 1013 1042 1032 1075; x_wconf 74' lang='grc' dir='ltr'><strong>ι</strong></span> <span class='ocrx_word' id='word_1_56' title='bbox 1084 1022 1188 1078; x_wconf 86' lang='lat' dir='ltr'><strong>Per</strong></span> <span class='ocrx_word' id='word_1_57' title='bbox 1218 1024 1597 1093; x_wconf 89' lang='lat' dir='ltr'><strong>memetipsum</strong></span> <span class='ocrx_word' id='word_1_58' title='bbox 1640 1022 1788 1092; x_wconf 90' lang='lat' dir='ltr'><strong>iuro,</strong></span> <span class='ocrx_word' id='word_1_59' title='bbox 1842 1022 1899 1078; x_wconf 89' lang='lat' dir='ltr'><strong>Si</strong></span> <span class='ocrx_word' id='word_1_60' title='bbox 1944 1039 2048 1077; x_wconf 92' lang='lat' dir='ltr'><strong>non</strong></span> 
     </span>
    </p>
   </div>
   <div class='ocr_carea' id='block_1_12' title="bbox 476 1114 2049 1186">
    <p class='ocr_par' dir='ltr' id='par_1_12' title="bbox 476 1114 2049 1186">
     <span class='ocr_line' id='line_1_12' title="bbox 476 1114 2049 1186; baseline 0 -17"><span class='ocrx_word' id='word_1_61' title='bbox 476 1117 794 1186; x_wconf 73' lang='lat' dir='ltr'><strong>egrediatur</strong></span> <span class='ocrx_word' id='word_1_62' title='bbox 836 1115 903 1170; x_wconf 92' lang='lat' dir='ltr'><strong>de</strong></span> <span class='ocrx_word' id='word_1_63' title='bbox 932 1129 1029 1169; x_wconf 90' lang='lat' dir='ltr'><strong>ore</strong></span> <span class='ocrx_word' id='word_1_64' title='bbox 1059 1129 1179 1169; x_wconf 92' lang='lat' dir='ltr'><strong>meo</strong></span> <span class='ocrx_word' id='word_1_65' title='bbox 1208 1114 1462 1184; x_wconf 82' lang='lat' dir='ltr'><strong>iustitia:</strong></span> <span class='ocrx_word' id='word_1_66' title='bbox 1494 1130 1775 1169; x_wconf 81' lang='lat' dir='ltr'><strong>sermones</strong></span> <span class='ocrx_word' id='word_1_67' title='bbox 1806 1116 1909 1169; x_wconf 91' lang='lat' dir='ltr'><strong>mei</strong></span> <span class='ocrx_word' id='word_1_68' title='bbox 1943 1129 2049 1169; x_wconf 88' lang='lat' dir='ltr'><strong>non</strong></span> 
     </span>
    </p>
   </div>
   <div class='ocr_carea' id='block_1_13' title="bbox 478 1206 2048 1277">
    <p class='ocr_par' dir='ltr' id='par_1_13' title="bbox 478 1206 2048 1277">
     <span class='ocr_line' id='line_1_13' title="bbox 478 1206 2048 1277; baseline -0.002 -13"><span class='ocrx_word' id='word_1_69' title='bbox 478 1217 819 1264; x_wconf 83' lang='lat' dir='ltr'><strong>avertentnr.</strong></span> <span class='ocrx_word' id='word_1_70' title='bbox 870 1225 889 1260; x_wconf 71' lang='grc' dir='ltr'><strong>ι</strong></span> <span class='ocrx_word' id='word_1_71' title='bbox 937 1206 1038 1274; x_wconf 86' lang='lat' dir='ltr'><strong>Qui</strong></span> <span class='ocrx_word' id='word_1_72' title='bbox 1097 1220 1409 1269; x_wconf 86' lang='lat' dir='ltr'><strong>sermones,</strong></span> <span class='ocrx_word' id='word_1_73' title='bbox 1464 1207 1566 1262; x_wconf 88' lang='lat' dir='ltr'><strong>nisi</strong></span> <span class='ocrx_word' id='word_1_74' title='bbox 1608 1208 1760 1277; x_wconf 86' lang='lat' dir='ltr'><strong>queis</strong></span> <span class='ocrx_word' id='word_1_75' title='bbox 1798 1207 2048 1275; x_wconf 89' lang='lat' dir='ltr'><strong>dicebat,</strong></span> 
     </span>
    </p>
   </div>
   <div class='ocr_carea' id='block_1_14' title="bbox 484 1297 2053 1367">
    <p class='ocr_par' dir='ltr' id='par_1_14' title="bbox 484 1297 2053 1367">
     <span class='ocr_line' id='line_1_14' title="bbox 484 1297 2053 1367; baseline 0.001 -17"><span class='ocrx_word' id='word_1_76' title='bbox 484 1316 506 1350; x_wconf 73' lang='grc' dir='ltr'><strong>ι</strong></span> <span class='ocrx_word' id='word_1_77' title='bbox 549 1298 940 1354; x_wconf 89' lang='lat' dir='ltr'><strong>Convertimini</strong></span> <span class='ocrx_word' id='word_1_78' title='bbox 974 1297 1041 1351; x_wconf 91' lang='lat' dir='ltr'><strong>ad</strong></span> <span class='ocrx_word' id='word_1_79' title='bbox 1074 1312 1178 1361; x_wconf 89' lang='lat' dir='ltr'><strong>me,</strong></span> <span class='ocrx_word' id='word_1_80' title='bbox 1217 1309 1272 1353; x_wconf 87' lang='lat' dir='ltr'><strong>et</strong></span> <span class='ocrx_word' id='word_1_81' title='bbox 1316 1298 1681 1364; x_wconf 87' lang='lat' dir='ltr'><strong>salvabimini,</strong></span> <span class='ocrx_word' id='word_1_82' title='bbox 1728 1300 1819 1367; x_wconf 87' lang='lat' dir='ltr'><strong>qui</strong></span> <span class='ocrx_word' id='word_1_83' title='bbox 1854 1300 1921 1354; x_wconf 85' lang='lat' dir='ltr'><strong>ab</strong></span> <span class='ocrx_word' id='word_1_84' title='bbox 1959 1314 2053 1354; x_wconf 78' lang='lat' dir='ltr'><strong>ex-</strong></span> 
     </span>
    </p>
   </div>
   <div class='ocr_carea' id='block_1_15' title="bbox 482 1389 2053 1458">
    <p class='ocr_par' dir='ltr' id='par_1_15' title="bbox 482 1389 2053 1458">
     <span class='ocr_line' id='line_1_15' title="bbox 482 1389 2053 1458; baseline 0.001 -15"><span class='ocrx_word' id='word_1_85' title='bbox 482 1398 656 1443; x_wconf 87' lang='lat' dir='ltr'><strong>tremo</strong></span> <span class='ocrx_word' id='word_1_86' title='bbox 700 1397 862 1443; x_wconf 54' lang='lat' dir='ltr'><strong>terra;</strong></span> <span class='ocrx_word' id='word_1_87' title='bbox 908 1389 1084 1443; x_wconf 88' lang='lat' dir='ltr'><strong>estis:</strong></span> <span class='ocrx_word' id='word_1_88' title='bbox 1143 1389 1269 1458; x_wconf 84' lang='lat' dir='ltr'><strong>quia</strong></span> <span class='ocrx_word' id='word_1_89' title='bbox 1330 1389 1461 1444; x_wconf 90' lang='lat' dir='ltr'><strong>mihi</strong></span> <span class='ocrx_word' id='word_1_90' title='bbox 1523 1390 1839 1446; x_wconf 88' lang='lat' dir='ltr'><strong>curvabitur</strong></span> <span class='ocrx_word' id='word_1_91' title='bbox 1892 1405 2053 1446; x_wconf 89' lang='lat' dir='ltr'><strong>omne</strong></span> 
     </span>
    </p>
   </div>
   <div class='ocr_carea' id='block_1_16' title="bbox 482 1479 2051 1549">
    <p class='ocr_par' dir='ltr' id='par_1_16' title="bbox 482 1479 2051 1549">
     <span class='ocr_line' id='line_1_16' title="bbox 482 1479 2051 1549; baseline 0.001 -15"><span class='ocrx_word' id='word_1_92' title='bbox 482 1494 654 1549; x_wconf 85' lang='lat' dir='ltr'><strong>genu,</strong></span> <span class='ocrx_word' id='word_1_93' title='bbox 700 1488 756 1534; x_wconf 85' lang='lat' dir='ltr'><strong>et</strong></span> <span class='ocrx_word' id='word_1_94' title='bbox 788 1479 996 1549; x_wconf 83' lang='lat' dir='ltr'><strong>iurabit</strong></span> <span class='ocrx_word' id='word_1_95' title='bbox 1042 1480 1220 1535; x_wconf 87' lang='lat' dir='ltr'><strong>omnis</strong></span> <span class='ocrx_word' id='word_1_96' title='bbox 1266 1480 1444 1546; x_wconf 82' lang='lat' dir='ltr'><strong>lingua</strong></span> <span class='ocrx_word' id='word_1_97' title='bbox 1495 1495 1591 1549; x_wconf 92' lang='lat' dir='ltr'><strong>per</strong></span> <span class='ocrx_word' id='word_1_98' title='bbox 1636 1481 1840 1536; x_wconf 89' lang='lat' dir='ltr'><strong>Deum:</strong></span> <span class='ocrx_word' id='word_1_99' title='bbox 1890 1500 1909 1533; x_wconf 74' lang='grc' dir='ltr'><strong>ι</strong></span> <span class='ocrx_word' id='word_1_100' title='bbox 1946 1496 2051 1536; x_wconf 93' lang='lat' dir='ltr'><strong>non</strong></span> 
     </span>
    </p>
   </div>
   <div class='ocr_carea' id='block_1_17' title="bbox 481 1570 2052 1643">
    <p class='ocr_par' dir='ltr' id='par_1_17' title="bbox 481 1570 2052 1643">
     <span class='ocr_line' id='line_1_17' title="bbox 481 1570 2052 1643; baseline 0.001 -18"><span class='ocrx_word' id='word_1_101' title='bbox 481 1570 790 1632; x_wconf 64' lang='lat' dir='ltr'><strong>Iudaeorum</strong></span> <span class='ocrx_word' id='word_1_102' title='bbox 830 1579 1059 1635; x_wconf 89' lang='lat' dir='ltr'><strong>tantum,</strong></span> <span class='ocrx_word' id='word_1_103' title='bbox 1098 1571 1195 1626; x_wconf 86' lang='lat' dir='ltr'><strong>sed</strong></span> <span class='ocrx_word' id='word_1_104' title='bbox 1232 1572 1397 1625; x_wconf 90' lang='lat' dir='ltr'><strong>etiam</strong></span> <span class='ocrx_word' id='word_1_105' title='bbox 1430 1572 1761 1643; x_wconf 87' lang='lat' dir='ltr'><strong>reliquarum</strong></span> <span class='ocrx_word' id='word_1_106' title='bbox 1790 1575 2052 1643; x_wconf 88' lang='lat' dir='ltr'><strong>gentium,</strong></span> 
     </span>
    </p>
   </div>
   <div class='ocr_carea' id='block_1_18' title="bbox 481 1662 2054 1735">
    <p class='ocr_par' dir='ltr' id='par_1_18' title="bbox 481 1662 2054 1735">
     <span class='ocr_line' id='line_1_18' title="bbox 481 1662 2054 1735; baseline 0.001 -18"><span class='ocrx_word' id='word_1_107' title='bbox 481 1678 591 1734; x_wconf 86' lang='lat' dir='ltr'><strong>quo</strong></span> <span class='ocrx_word' id='word_1_108' title='bbox 621 1663 757 1717; x_wconf 87' lang='lat' dir='ltr'><strong>nihil</strong></span> <span class='ocrx_word' id='word_1_109' title='bbox 787 1663 1000 1719; x_wconf 85' lang='lat' dir='ltr'><strong>beatius</strong></span> <span class='ocrx_word' id='word_1_110' title='bbox 1041 1662 1223 1718; x_wconf 83' lang='lat' dir='ltr'><strong>fuerit.</strong></span> <span class='ocrx_word' id='word_1_111' title='bbox 1272 1662 1552 1734; x_wconf 85' lang='lat' dir='ltr'><strong>IIuiusque</strong></span> <span class='ocrx_word' id='word_1_112' title='bbox 1584 1664 1879 1735; x_wconf 73' lang='lat' dir='ltr'><strong>prophetia:</strong></span> <span class='ocrx_word' id='word_1_113' title='bbox 1905 1680 2054 1720; x_wconf 90' lang='lat' dir='ltr'><strong>com-</strong></span> 
     </span>
    </p>
   </div>
   <div class='ocr_carea' id='block_1_19' title="bbox 482 1752 2056 1822">
    <p class='ocr_par' dir='ltr' id='par_1_19' title="bbox 482 1752 2056 1822">
     <span class='ocr_line' id='line_1_19' title="bbox 482 1752 2056 1822; baseline 0.002 -15"><span class='ocrx_word' id='word_1_114' title='bbox 482 1753 810 1822; x_wconf 88' lang='lat' dir='ltr'><strong>plementum</strong></span> <span class='ocrx_word' id='word_1_115' title='bbox 861 1752 917 1807; x_wconf 84' lang='lat' dir='ltr'><strong>in</strong></span> <span class='ocrx_word' id='word_1_116' title='bbox 958 1752 1159 1808; x_wconf 83' lang='lat' dir='ltr'><strong>Christi</strong></span> <span class='ocrx_word' id='word_1_117' title='bbox 1210 1752 1425 1808; x_wconf 87' lang='lat' dir='ltr'><strong>Domini</strong></span> <span class='ocrx_word' id='word_1_118' title='bbox 1480 1757 1709 1809; x_wconf 86' lang='lat' dir='ltr'><strong>adventu</strong></span> <span class='ocrx_word' id='word_1_119' title='bbox 1761 1755 1882 1810; x_wconf 80' lang='lat' dir='ltr'><strong>fuit.</strong></span> <span class='ocrx_word' id='word_1_120' title='bbox 1928 1754 2056 1810; x_wconf 87' lang='lat' dir='ltr'><strong>Post</strong></span> 
     </span>
    </p>
   </div>
   <div class='ocr_carea' id='block_1_20' title="bbox 2148 656 3746 727">
    <p class='ocr_par' dir='ltr' id='par_1_20' title="bbox 2148 656 3746 727">
     <span class='ocr_line' id='line_1_20' title="bbox 2148 656 3746 727; baseline 0 -16"><span class='ocrx_word' id='word_1_121' title='bbox 2148 659 2273 721; x_wconf 74' lang='grc' dir='ltr'>τοὺς</span> <span class='ocrx_word' id='word_1_122' title='bbox 2322 657 2483 721; x_wconf 74' lang='grc' dir='ltr'>ὄντας</span> <span class='ocrx_word' id='word_1_123' title='bbox 2544 656 2635 710; x_wconf 73' lang='grc' dir='ltr'><strong>ἐπὶ</strong></span> <span class='ocrx_word' id='word_1_124' title='bbox 2675 656 2774 726; x_wconf 79' lang='grc' dir='ltr'>τῆς</span> <span class='ocrx_word' id='word_1_125' title='bbox 2831 659 2962 725; x_wconf 83' lang='grc' dir='ltr'>γῆς·</span> <span class='ocrx_word' id='word_1_126' title='bbox 3032 656 3422 727; x_wconf 86' lang='grc' dir='ltr'>σεσαγήνευται</span> <span class='ocrx_word' id='word_1_127' title='bbox 3473 656 3580 727; x_wconf 81' lang='grc' dir='ltr'><strong>γὰρ</strong></span> <span class='ocrx_word' id='word_1_128' title='bbox 3642 658 3746 711; x_wconf 68' lang='grc' dir='ltr'><strong>διὰ</strong></span> 
     </span>
    </p>
   </div>
   <div class='ocr_carea' id='block_1_21' title="bbox 2152 746 3749 820">
    <p class='ocr_par' dir='ltr' id='par_1_21' title="bbox 2152 746 3749 820">
     <span class='ocr_line' id='line_1_21' title="bbox 2152 746 3749 820; baseline -0.001 -16"><span class='ocrx_word' id='word_1_129' title='bbox 2152 750 2385 813; x_wconf 88' lang='grc' dir='ltr'>πίστεως</span> <span class='ocrx_word' id='word_1_130' title='bbox 2415 749 2514 820; x_wconf 83' lang='grc' dir='ltr'>τῆς</span> <span class='ocrx_word' id='word_1_131' title='bbox 2537 748 2617 812; x_wconf 85' lang='grc' dir='ltr'><strong>εἰς</strong></span> <span class='ocrx_word' id='word_1_132' title='bbox 2638 746 2801 802; x_wconf 75' lang='grc' dir='ltr'>αὑτὸν</span> <span class='ocrx_word' id='word_1_133' title='bbox 2832 750 2915 812; x_wconf 87' lang='grc' dir='ltr'><strong>είς</strong></span> <span class='ocrx_word' id='word_1_134' title='bbox 2948 747 3219 820; x_wconf 76' lang='grc' dir='ltr'><strong>σωτηρίαν</strong></span> <span class='ocrx_word' id='word_1_135' title='bbox 3240 746 3334 801; x_wconf 77' lang='grc' dir='ltr'>καὶ</span> <span class='ocrx_word' id='word_1_136' title='bbox 3359 746 3503 819; x_wconf 81' lang='grc' dir='ltr'>ζωὴν</span> <span class='ocrx_word' id='word_1_137' title='bbox 3523 750 3558 819; x_wconf 81' lang='grc' dir='ltr'><strong>η</strong></span> <span class='ocrx_word' id='word_1_138' title='bbox 3585 747 3749 820; x_wconf 84' lang='grc' dir='ltr'>σύμ-</span> 
     </span>
    </p>
   </div>
   <div class='ocr_carea' id='block_1_22' title="bbox 2149 857 2419 911">
    <p class='ocr_par' dir='ltr' id='par_1_22' title="bbox 2149 857 2419 911">
     <span class='ocr_line' id='line_1_22' title="bbox 2149 857 2419 911; baseline -0.004 -18"><span class='ocrx_word' id='word_1_139' title='bbox 2149 857 2299 893; x_wconf 86' lang='grc' dir='ltr'>πασα</span> <span class='ocrx_word' id='word_1_140' title='bbox 2326 858 2419 911; x_wconf 89' lang='grc' dir='ltr'><strong>γη.</strong></span> 
     </span>
    </p>
   </div>
   <div class='ocr_carea' id='block_1_23' title="bbox 2226 1036 3744 1110">
    <p class='ocr_par' dir='ltr' id='par_1_23' title="bbox 2226 1036 3744 1110">
     <span class='ocr_line' id='line_1_23' title="bbox 2226 1036 3744 1110; baseline 0.001 -22"><span class='ocrx_word' id='word_1_141' title='bbox 2226 1056 2244 1088; x_wconf 78' lang='grc' dir='ltr'><strong>ι</strong></span> <span class='ocrx_word' id='word_1_142' title='bbox 2282 1038 2414 1091; x_wconf 80' lang='grc' dir='ltr'>Κατ’</span> <span class='ocrx_word' id='word_1_143' title='bbox 2436 1036 2672 1108; x_wconf 79' lang='grc' dir='ltr'>ἐμαυτοῦ</span> <span class='ocrx_word' id='word_1_144' title='bbox 2704 1038 2908 1107; x_wconf 82' lang='grc' dir='ltr'><strong>ὀμνύω,</strong></span> <span class='ocrx_word' id='word_1_145' title='bbox 2951 1039 3014 1093; x_wconf 68' lang='lat' dir='ltr'><strong>Et</strong></span> <span class='ocrx_word' id='word_1_146' title='bbox 3053 1037 3126 1110; x_wconf 82' lang='grc' dir='ltr'>μὴ</span> <span class='ocrx_word' id='word_1_147' title='bbox 3152 1037 3490 1105; x_wconf 82' lang='grc' dir='ltr'>ἐξελεύσεται</span> <span class='ocrx_word' id='word_1_148' title='bbox 3529 1038 3595 1090; x_wconf 85' lang='grc' dir='ltr'><strong>ἐκ</strong></span> <span class='ocrx_word' id='word_1_149' title='bbox 3634 1036 3744 1090; x_wconf 86' lang='grc' dir='ltr'><strong>τοῦ</strong></span> 
     </span>
    </p>
   </div>
   <div class='ocr_carea' id='block_1_24' title="bbox 2152 1128 3747 1201">
    <p class='ocr_par' dir='ltr' id='par_1_24' title="bbox 2152 1128 3747 1201">
     <span class='ocr_line' id='line_1_24' title="bbox 2152 1128 3747 1201; baseline 0.001 -20"><span class='ocrx_word' id='word_1_150' title='bbox 2152 1128 2419 1199; x_wconf 89' lang='grc' dir='ltr'>στόματός</span> <span class='ocrx_word' id='word_1_151' title='bbox 2440 1146 2540 1200; x_wconf 86' lang='grc' dir='ltr'><strong>μου</strong></span> <span class='ocrx_word' id='word_1_152' title='bbox 2569 1129 2882 1200; x_wconf 68' lang='grc' dir='ltr'><strong>δικαιοσύνη</strong></span> <span class='ocrx_word' id='word_1_153' title='bbox 2904 1148 2917 1161; x_wconf 85' lang='grc'><strong>·</strong></span> <span class='ocrx_word' id='word_1_154' title='bbox 2938 1131 2988 1183; x_wconf 85' lang='grc' dir='ltr'><strong>οί</strong></span> <span class='ocrx_word' id='word_1_155' title='bbox 3018 1130 3163 1199; x_wconf 92' lang='grc' dir='ltr'>λόγοι</span> <span class='ocrx_word' id='word_1_156' title='bbox 3198 1147 3299 1201; x_wconf 86' lang='grc' dir='ltr'><strong>μου</strong></span> <span class='ocrx_word' id='word_1_157' title='bbox 3327 1130 3427 1184; x_wconf 83' lang='grc' dir='ltr'>οὐκ</span> <span class='ocrx_word' id='word_1_158' title='bbox 3453 1131 3747 1200; x_wconf 80' lang='grc' dir='ltr'>ἀποπρα-</span> 
     </span>
    </p>
   </div>
   <div class='ocr_carea' id='block_1_25' title="bbox 2152 1215 3744 1293">
    <p class='ocr_par' dir='ltr' id='par_1_25' title="bbox 2152 1215 3744 1293">
     <span class='ocr_line' id='line_1_25' title="bbox 2152 1215 3744 1293; baseline 0 -19"><span class='ocrx_word' id='word_1_159' title='bbox 2152 1222 2432 1292; x_wconf 84' lang='grc' dir='ltr'>φήσονται.</span> <span class='ocrx_word' id='word_1_160' title='bbox 2468 1240 2486 1273; x_wconf 75' lang='grc' dir='ltr'><strong>ι</strong></span> <span class='ocrx_word' id='word_1_161' title='bbox 2527 1222 2677 1274; x_wconf 86' lang='grc' dir='ltr'>Ποῖοι</span> <span class='ocrx_word' id='word_1_162' title='bbox 2720 1221 2776 1274; x_wconf 87' lang='grc' dir='ltr'>δὲ</span> <span class='ocrx_word' id='word_1_163' title='bbox 2819 1221 2985 1290; x_wconf 85' lang='grc' dir='ltr'><strong>λόγοι,</strong></span> <span class='ocrx_word' id='word_1_164' title='bbox 3012 1222 3044 1293; x_wconf 83' lang='grc' dir='ltr'><strong>ἥ</strong></span> <span class='ocrx_word' id='word_1_165' title='bbox 3072 1222 3141 1275; x_wconf 77' lang='grc' dir='ltr'><strong>δι’</strong></span> <span class='ocrx_word' id='word_1_166' title='bbox 3168 1215 3243 1275; x_wconf 83' lang='grc' dir='ltr'>ὧν</span> <span class='ocrx_word' id='word_1_167' title='bbox 3274 1221 3460 1289; x_wconf 76' lang='grc' dir='ltr'>ἔλεγεν</span> <span class='ocrx_word' id='word_1_168' title='bbox 3479 1238 3492 1252; x_wconf 88' lang='grc'><strong>·</strong></span> <span class='ocrx_word' id='word_1_169' title='bbox 3534 1239 3554 1273; x_wconf 74' lang='grc' dir='ltr'><strong>ι</strong></span> <span class='ocrx_word' id='word_1_170' title='bbox 3576 1221 3744 1274; x_wconf 86' lang='grc' dir='ltr'>Ἐπι-</span> 
     </span>
    </p>
   </div>
   <div class='ocr_carea' id='block_1_26' title="bbox 2151 1310 3748 1383">
    <p class='ocr_par' dir='ltr' id='par_1_26' title="bbox 2151 1310 3748 1383">
     <span class='ocr_line' id='line_1_26' title="bbox 2151 1310 3748 1383; baseline 0.003 -21"><span class='ocrx_word' id='word_1_171' title='bbox 2151 1310 2426 1381; x_wconf 82' lang='grc' dir='ltr'>στράφητε</span> <span class='ocrx_word' id='word_1_172' title='bbox 2457 1311 2593 1381; x_wconf 85' lang='grc' dir='ltr'>πρὸς</span> <span class='ocrx_word' id='word_1_173' title='bbox 2621 1311 2710 1381; x_wconf 87' lang='grc' dir='ltr'><strong>μέ,</strong></span> <span class='ocrx_word' id='word_1_174' title='bbox 2745 1313 2837 1365; x_wconf 82' lang='grc' dir='ltr'>καὶ</span> <span class='ocrx_word' id='word_1_175' title='bbox 2856 1311 3162 1383; x_wconf 82' lang='grc' dir='ltr'>σωθήσεσθε</span> <span class='ocrx_word' id='word_1_176' title='bbox 3185 1313 3235 1364; x_wconf 86' lang='grc' dir='ltr'><strong>οί</strong></span> <span class='ocrx_word' id='word_1_177' title='bbox 3264 1312 3356 1365; x_wconf 81' lang='grc' dir='ltr'><strong>ἀπ’</strong></span> <span class='ocrx_word' id='word_1_178' title='bbox 3377 1312 3603 1381; x_wconf 77' lang='grc' dir='ltr'>ἐσχάτω</span> <span class='ocrx_word' id='word_1_179' title='bbox 3632 1312 3748 1381; x_wconf 81' lang='grc' dir='ltr'>τῆς</span> 
     </span>
    </p>
   </div>
   <div class='ocr_carea' id='block_1_27' title="bbox 2150 1399 3746 1475">
    <p class='ocr_par' dir='ltr' id='par_1_27' title="bbox 2150 1399 3746 1475">
     <span class='ocr_line' id='line_1_27' title="bbox 2150 1399 3746 1475; baseline 0.003 -21"><span class='ocrx_word' id='word_1_180' title='bbox 2150 1399 2292 1469; x_wconf 83' lang='grc' dir='ltr'>γῆς·</span> <span class='ocrx_word' id='word_1_181' title='bbox 2328 1401 2409 1453; x_wconf 79' lang='grc' dir='ltr'>ὅτι</span> <span class='ocrx_word' id='word_1_182' title='bbox 2450 1402 2573 1472; x_wconf 77' lang='grc' dir='ltr'>ἐμοὶ</span> <span class='ocrx_word' id='word_1_183' title='bbox 2626 1401 2831 1471; x_wconf 72' lang='grc' dir='ltr'>κάμψει</span> <span class='ocrx_word' id='word_1_184' title='bbox 2877 1404 2986 1456; x_wconf 86' lang='grc' dir='ltr'><strong>πᾶν</strong></span> <span class='ocrx_word' id='word_1_185' title='bbox 3026 1402 3177 1471; x_wconf 83' lang='grc' dir='ltr'><strong>γόνυ,</strong></span> <span class='ocrx_word' id='word_1_186' title='bbox 3218 1404 3313 1457; x_wconf 82' lang='grc' dir='ltr'>καὶ</span> <span class='ocrx_word' id='word_1_187' title='bbox 3334 1404 3548 1475; x_wconf 78' lang='grc' dir='ltr'>ὀμεῖται</span> <span class='ocrx_word' id='word_1_188' title='bbox 3580 1406 3746 1459; x_wconf 81' lang='grc' dir='ltr'>πᾶσα</span> 
     </span>
    </p>
   </div>
   <div class='ocr_carea' id='block_1_28' title="bbox 2151 1492 3745 1566">
    <p class='ocr_par' dir='ltr' id='par_1_28' title="bbox 2151 1492 3745 1566">
     <span class='ocr_line' id='line_1_28' title="bbox 2151 1492 3745 1566; baseline 0.004 -23"><span class='ocrx_word' id='word_1_189' title='bbox 2151 1492 2372 1561; x_wconf 90' lang='grc' dir='ltr'>γλῶσσα</span> <span class='ocrx_word' id='word_1_190' title='bbox 2412 1493 2502 1546; x_wconf 77' lang='grc' dir='ltr'><strong>τὸν</strong></span> <span class='ocrx_word' id='word_1_191' title='bbox 2529 1493 2697 1559; x_wconf 88' lang='grc' dir='ltr'>Θεόν;</span> <span class='ocrx_word' id='word_1_192' title='bbox 2742 1513 2760 1545; x_wconf 73' lang='grc' dir='ltr'><strong>ι</strong></span> <span class='ocrx_word' id='word_1_193' title='bbox 2804 1495 2939 1565; x_wconf 72' lang='grc' dir='ltr'>Ού-χὶ</span> <span class='ocrx_word' id='word_1_194' title='bbox 2977 1494 3038 1548; x_wconf 80' lang='grc' dir='ltr'>τὸ</span> <span class='ocrx_word' id='word_1_195' title='bbox 3081 1495 3346 1549; x_wconf 74' lang='grc' dir='ltr'><strong>Ἰουδαίων</strong></span> <span class='ocrx_word' id='word_1_196' title='bbox 3387 1496 3567 1566; x_wconf 85' lang='grc' dir='ltr'>μόνον,</span> <span class='ocrx_word' id='word_1_197' title='bbox 3596 1495 3745 1550; x_wconf 77' lang='grc' dir='ltr'>ἀλλὰ</span> 
     </span>
    </p>
   </div>
   <div class='ocr_carea' id='block_1_29' title="bbox 2152 1582 3746 1658">
    <p class='ocr_par' dir='ltr' id='par_1_29' title="bbox 2152 1582 3746 1658">
     <span class='ocr_line' id='line_1_29' title="bbox 2152 1582 3746 1658; baseline 0.003 -23"><span class='ocrx_word' id='word_1_198' title='bbox 2152 1584 2373 1636; x_wconf 76' lang='grc' dir='ltr'>καὶτῶν</span> <span class='ocrx_word' id='word_1_199' title='bbox 2404 1584 2604 1637; x_wconf 85' lang='grc' dir='ltr'>λοιπῶν</span> <span class='ocrx_word' id='word_1_200' title='bbox 2626 1584 2816 1651; x_wconf 82' lang='grc' dir='ltr'>ἐθνῶν,</span> <span class='ocrx_word' id='word_1_201' title='bbox 2846 1582 2906 1640; x_wconf 71' lang='grc' dir='ltr'>οὗ</span> <span class='ocrx_word' id='word_1_202' title='bbox 2938 1585 3346 1658; x_wconf 64' lang='grc' dir='ltr'>μαδαριὼτερον</span> <span class='ocrx_word' id='word_1_203' title='bbox 3380 1587 3531 1640; x_wconf 76' lang='grc' dir='ltr'>οὐδὲν</span> <span class='ocrx_word' id='word_1_204' title='bbox 3560 1586 3629 1640; x_wconf 86' lang='grc' dir='ltr'>ἂν</span> <span class='ocrx_word' id='word_1_205' title='bbox 3653 1587 3746 1655; x_wconf 85' lang='grc' dir='ltr'>γέ-</span> 
     </span>
    </p>
   </div>
   <div class='ocr_carea' id='block_1_30' title="bbox 2153 1676 3742 1750">
    <p class='ocr_par' dir='ltr' id='par_1_30' title="bbox 2153 1676 3742 1750">
     <span class='ocr_line' id='line_1_30' title="bbox 2153 1676 3742 1750; baseline 0.003 -22"><span class='ocrx_word' id='word_1_206' title='bbox 2153 1691 2317 1728; x_wconf 91' lang='grc' dir='ltr'>νοιτο.</span> <span class='ocrx_word' id='word_1_207' title='bbox 2350 1676 2459 1728; x_wconf 71' lang='grc' dir='ltr'><strong>Καὶ</strong></span> <span class='ocrx_word' id='word_1_208' title='bbox 2484 1676 2687 1747; x_wconf 81' lang='grc' dir='ltr'><strong>ταύτης</strong></span> <span class='ocrx_word' id='word_1_209' title='bbox 2718 1677 2777 1731; x_wconf 86' lang='grc' dir='ltr'>δὲ</span> <span class='ocrx_word' id='word_1_210' title='bbox 2806 1678 2905 1749; x_wconf 84' lang='grc' dir='ltr'>τῆς</span> <span class='ocrx_word' id='word_1_211' title='bbox 2939 1679 3271 1750; x_wconf 80' lang='grc' dir='ltr'><strong>προφητείας</strong></span> <span class='ocrx_word' id='word_1_212' title='bbox 3292 1679 3353 1732; x_wconf 73' lang='grc' dir='ltr'><strong>τὸ</strong></span> <span class='ocrx_word' id='word_1_213' title='bbox 3381 1679 3742 1749; x_wconf 81' lang='grc' dir='ltr'><strong>ἀποτέλεσμα</strong></span> 
     </span>
    </p>
   </div>
   <div class='ocr_carea' id='block_1_31' title="bbox 2153 1765 3743 1843">
    <p class='ocr_par' dir='ltr' id='par_1_31' title="bbox 2153 1765 3743 1843">
     <span class='ocr_line' id='line_1_31' title="bbox 2153 1765 3743 1843; baseline 0.004 -25"><span class='ocrx_word' id='word_1_214' title='bbox 2153 1765 2457 1837; x_wconf 75' lang='grc' dir='ltr'>ἐπληροῦτο</span> <span class='ocrx_word' id='word_1_215' title='bbox 2505 1771 2571 1839; x_wconf 79' lang='grc' dir='ltr'><strong>τῇ</strong></span> <span class='ocrx_word' id='word_1_216' title='bbox 2626 1768 2721 1821; x_wconf 92' lang='grc' dir='ltr'><strong>τοῦ</strong></span> <span class='ocrx_word' id='word_1_217' title='bbox 2771 1770 3019 1840; x_wconf 81' lang='grc' dir='ltr'>Σωτῆρος</span> <span class='ocrx_word' id='word_1_218' title='bbox 3074 1769 3228 1840; x_wconf 80' lang='grc' dir='ltr'>ἡμῶν</span> <span class='ocrx_word' id='word_1_219' title='bbox 3272 1770 3445 1841; x_wconf 84' lang='grc' dir='ltr'>Ἰησοῦ</span> <span class='ocrx_word' id='word_1_220' title='bbox 3492 1770 3743 1843; x_wconf 77' lang='grc' dir='ltr'>Χριστοῦ</span> 
     </span>
    </p>
   </div>
   <div class='ocr_carea' id='block_1_32' title="bbox 482 1844 2061 1933">
    <p class='ocr_par' dir='ltr' id='par_1_32' title="bbox 482 1844 2056 1917">
     <span class='ocr_line' id='line_1_32' title="bbox 482 1844 2056 1917; baseline 0.001 -18"><span class='ocrx_word' id='word_1_221' title='bbox 482 1844 634 1899; x_wconf 87' lang='lat' dir='ltr'><strong>illum</strong></span> <span class='ocrx_word' id='word_1_222' title='bbox 665 1845 830 1909; x_wconf 90' lang='lat' dir='ltr'><strong>enim,</strong></span> <span class='ocrx_word' id='word_1_223' title='bbox 874 1846 1057 1916; x_wconf 89' lang='lat' dir='ltr'><strong>populi</strong></span> <span class='ocrx_word' id='word_1_224' title='bbox 1087 1861 1278 1901; x_wconf 91' lang='lat' dir='ltr'><strong>omnes</strong></span> <span class='ocrx_word' id='word_1_225' title='bbox 1322 1846 1375 1899; x_wconf 91' lang='lat' dir='ltr'><strong>in</strong></span> <span class='ocrx_word' id='word_1_226' title='bbox 1411 1844 1526 1916; x_wconf 84' lang='lat' dir='ltr'><strong>eius</strong></span> <span class='ocrx_word' id='word_1_227' title='bbox 1569 1845 1815 1902; x_wconf 86' lang='lat' dir='ltr'><strong>Ecclesia</strong></span> <span class='ocrx_word' id='word_1_228' title='bbox 1855 1862 1949 1917; x_wconf 87' lang='lat' dir='ltr'><strong>per</strong></span> <span class='ocrx_word' id='word_1_229' title='bbox 1982 1858 2056 1901; x_wconf 90' lang='lat' dir='ltr'><strong>to-</strong></span> 
     </span>
    </p>
   </div>
   <div class='ocr_carea' id='block_1_33' title="bbox 2170 1844 3745 1933">
    <p class='ocr_par' dir='ltr' id='par_1_33' title="bbox 2170 1859 3745 1933">
     <span class='ocr_line' id='line_1_33' title="bbox 2170 1859 3745 1933; baseline 0.003 -22"><span class='ocrx_word' id='word_1_230' title='bbox 2170 1860 2443 1930; x_wconf 69' lang='grc' dir='ltr'>παρουσίαο</span> <span class='ocrx_word' id='word_1_231' title='bbox 2467 1859 2582 1930; x_wconf 79' lang='grc' dir='ltr'>μεθ’</span> <span class='ocrx_word' id='word_1_232' title='bbox 2613 1862 2677 1931; x_wconf 80' lang='grc' dir='ltr'>ἣν</span> <span class='ocrx_word' id='word_1_233' title='bbox 2711 1862 2769 1914; x_wconf 86' lang='grc' dir='ltr'><strong>ἐν</strong></span> <span class='ocrx_word' id='word_1_234' title='bbox 2796 1864 2863 1932; x_wconf 82' lang='grc' dir='ltr'>τῇ</span> <span class='ocrx_word' id='word_1_235' title='bbox 2899 1861 3192 1933; x_wconf 77' lang='grc' dir='ltr'>Ἐκκλησία</span> <span class='ocrx_word' id='word_1_236' title='bbox 3226 1862 3388 1916; x_wconf 76' lang='grc' dir='ltr'>αὑτοῦ</span> <span class='ocrx_word' id='word_1_237' title='bbox 3427 1866 3492 1933; x_wconf 81' lang='grc' dir='ltr'>τῇ</span> <span class='ocrx_word' id='word_1_238' title='bbox 3525 1863 3653 1916; x_wconf 83' lang='grc' dir='ltr'>καθ’</span> <span class='ocrx_word' id='word_1_239' title='bbox 3687 1864 3745 1916; x_wconf 84' lang='grc' dir='ltr'><strong>ὃ-</strong></span> 
     </span>
    </p>
   </div>
   <div class='ocr_carea' id='block_1_34' title="bbox 485 1927 2061 2026">
    <p class='ocr_par' dir='ltr' id='par_1_34' title="bbox 485 1937 2055 2008">
     <span class='ocr_line' id='line_1_34' title="bbox 485 1937 2055 2008; baseline 0.001 -17"><span class='ocrx_word' id='word_1_240' title='bbox 485 1944 599 1991; x_wconf 81' lang='lat' dir='ltr'><strong>tum</strong></span> <span class='ocrx_word' id='word_1_241' title='bbox 636 1938 820 1992; x_wconf 90' lang='lat' dir='ltr'><strong>orbem</strong></span> <span class='ocrx_word' id='word_1_242' title='bbox 848 1937 1183 2008; x_wconf 78' lang='lat' dir='ltr'><strong>congregati,</strong></span> <span class='ocrx_word' id='word_1_243' title='bbox 1215 1938 1323 1993; x_wconf 88' lang='lat' dir='ltr'><strong>Deo</strong></span> <span class='ocrx_word' id='word_1_244' title='bbox 1352 1938 1406 1992; x_wconf 93' lang='lat' dir='ltr'><strong>in</strong></span> <span class='ocrx_word' id='word_1_245' title='bbox 1447 1938 1719 2007; x_wconf 91' lang='lat' dir='ltr'><strong>precando</strong></span> <span class='ocrx_word' id='word_1_246' title='bbox 1759 1952 1933 2008; x_wconf 87' lang='lat' dir='ltr'><strong>genua</strong></span> <span class='ocrx_word' id='word_1_247' title='bbox 1959 1938 2055 1993; x_wconf 86' lang='lat' dir='ltr'><strong>lle-</strong></span> 
     </span>
    </p>
   </div>
   <div class='ocr_carea' id='block_1_35' title="bbox 2170 1927 3746 2026">
    <p class='ocr_par' dir='ltr' id='par_1_35' title="bbox 2170 1927 3746 2026">
     <span class='ocr_line' id='line_1_35' title="bbox 2170 1927 3746 2026; baseline 0.003 -24"><span class='ocrx_word' id='word_1_248' title='bbox 2170 1927 2253 2021; x_wconf 55' lang='grc' dir='ltr'><strong>ίης</strong></span> <span class='ocrx_word' id='word_1_249' title='bbox 2301 1927 2410 2021; x_wconf 62' lang='grc' dir='ltr'><strong>τῆς⁷</strong></span> <span class='ocrx_word' id='word_1_250' title='bbox 2434 1927 2755 2023; x_wconf 80' lang='grc' dir='ltr'>οίκουμένης</span> <span class='ocrx_word' id='word_1_251' title='bbox 2788 1927 2985 2017; x_wconf 56' lang='grc' dir='ltr'>παντες</span> <span class='ocrx_word' id='word_1_252' title='bbox 3031 1927 3096 2007; x_wconf 42' lang='grc' dir='ltr'><strong>οἱ-</strong></span> <span class='ocrx_word' id='word_1_253' title='bbox 3128 1927 3583 2026; x_wconf 76' lang='grc' dir='ltr'>συγκροτούμενοι</span> <span class='ocrx_word' id='word_1_254' title='bbox 3612 1954 3746 2008; x_wconf 72' lang='grc' dir='ltr'>λαοὶ</span> 
     </span>
    </p>
   </div>
   <div class='ocr_carea' id='block_1_36' title="bbox 482 2028 2057 2086">
    <p class='ocr_par' dir='ltr' id='par_1_36' title="bbox 482 2028 2057 2086">
     <span class='ocr_line' id='line_1_36' title="bbox 482 2028 2057 2086; baseline 0.002 -4"><span class='ocrx_word' id='word_1_255' title='bbox 482 2036 635 2083; x_wconf 82' lang='lat' dir='ltr'><strong>clere</strong></span> <span class='ocrx_word' id='word_1_256' title='bbox 678 2028 1028 2083; x_wconf 88' lang='lat' dir='ltr'><strong>didicerunt:</strong></span> <span class='ocrx_word' id='word_1_257' title='bbox 1075 2029 1179 2083; x_wconf 87' lang='lat' dir='ltr'><strong>etsi</strong></span> <span class='ocrx_word' id='word_1_258' title='bbox 1236 2030 1289 2083; x_wconf 91' lang='lat' dir='ltr'><strong>id</strong></span> <span class='ocrx_word' id='word_1_259' title='bbox 1343 2029 1515 2084; x_wconf 67' lang='lat' dir='ltr'><strong>Judaai</strong></span> <span class='ocrx_word' id='word_1_260' title='bbox 1574 2029 1882 2086; x_wconf 81' lang='lat' dir='ltr'><strong>faciendum</strong></span> <span class='ocrx_word' id='word_1_261' title='bbox 1935 2045 2057 2085; x_wconf 77' lang='lat' dir='ltr'><strong>esse</strong></span> 
     </span>
    </p>
   </div>
   <div class='ocr_carea' id='block_1_37' title="bbox 483 2118 2054 2190">
    <p class='ocr_par' dir='ltr' id='par_1_37' title="bbox 483 2118 2054 2190">
     <span class='ocr_line' id='line_1_37' title="bbox 483 2118 2054 2190; baseline 0 -17"><span class='ocrx_word' id='word_1_262' title='bbox 483 2120 756 2190; x_wconf 78' lang='lat' dir='ltr'><strong>ignorent.</strong></span> <span class='ocrx_word' id='word_1_263' title='bbox 804 2138 823 2171; x_wconf 82' lang='grc' dir='ltr'><strong>ι</strong></span> <span class='ocrx_word' id='word_1_264' title='bbox 880 2120 945 2175; x_wconf 86' lang='grc' dir='ltr'><strong>Ει</strong></span> <span class='ocrx_word' id='word_1_265' title='bbox 970 2119 1196 2189; x_wconf 89' lang='lat' dir='ltr'><strong>iurabit.</strong></span> <span class='ocrx_word' id='word_1_266' title='bbox 1252 2138 1271 2172; x_wconf 76' lang='grc' dir='ltr'><strong>ι</strong></span> <span class='ocrx_word' id='word_1_267' title='bbox 1310 2118 1443 2175; x_wconf 87' lang='lat' dir='ltr'><strong>Nam</strong></span> <span class='ocrx_word' id='word_1_268' title='bbox 1488 2121 1579 2189; x_wconf 89' lang='lat' dir='ltr'><strong>qui</strong></span> <span class='ocrx_word' id='word_1_269' title='bbox 1616 2135 1701 2176; x_wconf 91' lang='lat' dir='ltr'><strong>me</strong></span> <span class='ocrx_word' id='word_1_270' title='bbox 1744 2120 1912 2175; x_wconf 91' lang='lat' dir='ltr'><strong>Deum</strong></span> <span class='ocrx_word' id='word_1_271' title='bbox 1956 2136 2054 2174; x_wconf 91' lang='lat' dir='ltr'><strong>no-</strong></span> 
     </span>
    </p>
   </div>
   <div class='ocr_carea' id='block_1_38' title="bbox 485 2212 2055 2284">
    <p class='ocr_par' dir='ltr' id='par_1_38' title="bbox 485 2212 2055 2284">
     <span class='ocr_line' id='line_1_38' title="bbox 485 2212 2055 2284; baseline 0.001 -20"><span class='ocrx_word' id='word_1_272' title='bbox 485 2220 679 2266; x_wconf 88' lang='lat' dir='ltr'><strong>verunt</strong></span> <span class='ocrx_word' id='word_1_273' title='bbox 720 2212 772 2265; x_wconf 93' lang='lat' dir='ltr'><strong>in</strong></span> <span class='ocrx_word' id='word_1_274' title='bbox 814 2212 1067 2266; x_wconf 88' lang='lat' dir='ltr'><strong>omnibus</strong></span> <span class='ocrx_word' id='word_1_275' title='bbox 1097 2212 1367 2282; x_wconf 77' lang='lat' dir='ltr'><strong>gentibus,</strong></span> <span class='ocrx_word' id='word_1_276' title='bbox 1399 2212 1590 2283; x_wconf 85' lang='lat' dir='ltr'><strong>quavis</strong></span> <span class='ocrx_word' id='word_1_277' title='bbox 1632 2213 1814 2284; x_wconf 79' lang='lat' dir='ltr'><strong>lingua</strong></span> <span class='ocrx_word' id='word_1_278' title='bbox 1861 2221 1911 2267; x_wconf 90' lang='lat' dir='ltr'><strong>et</strong></span> <span class='ocrx_word' id='word_1_279' title='bbox 1938 2227 2055 2267; x_wconf 91' lang='lat' dir='ltr'><strong>ser-</strong></span> 
     </span>
    </p>
   </div>
   <div class='ocr_carea' id='block_1_39' title="bbox 488 2302 2059 2375">
    <p class='ocr_par' dir='ltr' id='par_1_39' title="bbox 488 2302 2059 2375">
     <span class='ocr_line' id='line_1_39' title="bbox 488 2302 2059 2375; baseline 0.003 -19"><span class='ocrx_word' id='word_1_280' title='bbox 488 2318 688 2369; x_wconf 80' lang='lat' dir='ltr'><strong>mone,</strong></span> <span class='ocrx_word' id='word_1_281' title='bbox 721 2304 836 2359; x_wconf 88' lang='lat' dir='ltr'><strong>sive</strong></span> <span class='ocrx_word' id='word_1_282' title='bbox 885 2302 1139 2371; x_wconf 89' lang='lat' dir='ltr'><strong>barbaro,</strong></span> <span class='ocrx_word' id='word_1_283' title='bbox 1192 2306 1307 2361; x_wconf 87' lang='lat' dir='ltr'><strong>sive</strong></span> <span class='ocrx_word' id='word_1_284' title='bbox 1360 2303 1569 2371; x_wconf 80' lang='lat' dir='ltr'><strong>Graeco,</strong></span> <span class='ocrx_word' id='word_1_285' title='bbox 1628 2306 1681 2360; x_wconf 89' lang='lat' dir='ltr'><strong>in</strong></span> <span class='ocrx_word' id='word_1_286' title='bbox 1736 2305 2059 2375; x_wconf 89' lang='lat' dir='ltr'><strong>iuramentis</strong></span> 
     </span>
    </p>
   </div>
   <div class='ocr_carea' id='block_1_40' title="bbox 488 2395 2054 2467">
    <p class='ocr_par' dir='ltr' id='par_1_40' title="bbox 488 2395 2054 2467">
     <span class='ocr_line' id='line_1_40' title="bbox 488 2395 2054 2467; baseline 0.003 -19"><span class='ocrx_word' id='word_1_287' title='bbox 488 2409 575 2449; x_wconf 90' lang='lat' dir='ltr'><strong>me</strong></span> <span class='ocrx_word' id='word_1_288' title='bbox 621 2395 673 2448; x_wconf 91' lang='lat' dir='ltr'><strong>in</strong></span> <span class='ocrx_word' id='word_1_289' title='bbox 727 2403 915 2450; x_wconf 88' lang='lat' dir='ltr'><strong>testem</strong></span> <span class='ocrx_word' id='word_1_290' title='bbox 974 2404 1271 2462; x_wconf 88' lang='lat' dir='ltr'><strong>assument,</strong></span> <span class='ocrx_word' id='word_1_291' title='bbox 1331 2398 1419 2467; x_wconf 87' lang='lat' dir='ltr'><strong>qui</strong></span> <span class='ocrx_word' id='word_1_292' title='bbox 1472 2413 1658 2453; x_wconf 90' lang='lat' dir='ltr'><strong>eorum</strong></span> <span class='ocrx_word' id='word_1_293' title='bbox 1704 2399 1860 2453; x_wconf 90' lang='lat' dir='ltr'><strong>dictis</strong></span> <span class='ocrx_word' id='word_1_294' title='bbox 1896 2398 2054 2454; x_wconf 76' lang='lat' dir='ltr'><strong>[idem</strong></span> 
     </span>
    </p>
   </div>
   <div class='ocr_carea' id='block_1_41' title="bbox 498 2482 718 2540">
    <p class='ocr_par' dir='ltr' id='par_1_41' title="bbox 498 2482 718 2540">
     <span class='ocr_line' id='line_1_41' title="bbox 498 2482 718 2540; baseline 0.005 -3"><span class='ocrx_word' id='word_1_295' title='bbox 498 2482 718 2540; x_wconf 82' lang='lat' dir='ltr'><strong>faciam.</strong></span> 
     </span>
    </p>
   </div>
   <div class='ocr_carea' id='block_1_42' title="bbox 562 2682 2059 2756">
    <p class='ocr_par' dir='ltr' id='par_1_42' title="bbox 562 2682 2059 2756">
     <span class='ocr_line' id='line_1_42' title="bbox 562 2682 2059 2756; baseline 0.001 -17"><span class='ocrx_word' id='word_1_296' title='bbox 562 2682 725 2739; x_wconf 65' lang='lat' dir='ltr'><strong>Vatis.</strong></span> <span class='ocrx_word' id='word_1_297' title='bbox 756 2683 847 2737; x_wconf 72' lang='grc'>25.</span> <span class='ocrx_word' id='word_1_298' title='bbox 892 2702 910 2735; x_wconf 81' lang='grc' dir='ltr'><strong>ι</strong></span> <span class='ocrx_word' id='word_1_299' title='bbox 943 2683 1160 2749; x_wconf 87' lang='lat' dir='ltr'><strong>Dicens,</strong></span> <span class='ocrx_word' id='word_1_300' title='bbox 1188 2684 1401 2740; x_wconf 86' lang='lat' dir='ltr'><strong>Justitia</strong></span> <span class='ocrx_word' id='word_1_301' title='bbox 1438 2694 1492 2740; x_wconf 88' lang='lat' dir='ltr'><strong>et</strong></span> <span class='ocrx_word' id='word_1_302' title='bbox 1516 2684 1685 2756; x_wconf 83' lang='lat' dir='ltr'><strong>gloria</strong></span> <span class='ocrx_word' id='word_1_303' title='bbox 1724 2686 1789 2739; x_wconf 90' lang='lat' dir='ltr'><strong>ad</strong></span> <span class='ocrx_word' id='word_1_304' title='bbox 1817 2700 1939 2738; x_wconf 91' lang='lat' dir='ltr'><strong>eum</strong></span> <span class='ocrx_word' id='word_1_305' title='bbox 1970 2701 2059 2740; x_wconf 90' lang='lat' dir='ltr'><strong>ve-</strong></span> 
     </span>
    </p>
   </div>
   <div class='ocr_carea' id='block_1_43' title="bbox 490 2772 2053 2845">
    <p class='ocr_par' dir='ltr' id='par_1_43' title="bbox 490 2772 2053 2845">
     <span class='ocr_line' id='line_1_43' title="bbox 490 2772 2053 2845; baseline 0.001 -20"><span class='ocrx_word' id='word_1_306' title='bbox 490 2772 672 2839; x_wconf 89' lang='lat' dir='ltr'><strong>nient,</strong></span> <span class='ocrx_word' id='word_1_307' title='bbox 714 2782 767 2827; x_wconf 87' lang='lat' dir='ltr'><strong>et</strong></span> <span class='ocrx_word' id='word_1_308' title='bbox 801 2772 1205 2828; x_wconf 81' lang='lat' dir='ltr'><strong>confundentur</strong></span> <span class='ocrx_word' id='word_1_309' title='bbox 1259 2789 1448 2830; x_wconf 89' lang='lat' dir='ltr'><strong>omnes</strong></span> <span class='ocrx_word' id='word_1_310' title='bbox 1490 2776 1580 2844; x_wconf 90' lang='lat' dir='ltr'><strong>qui</strong></span> <span class='ocrx_word' id='word_1_311' title='bbox 1620 2785 1872 2845; x_wconf 90' lang='lat' dir='ltr'><strong>separant</strong></span> <span class='ocrx_word' id='word_1_312' title='bbox 1921 2790 2002 2830; x_wconf 89' lang='lat' dir='ltr'><strong>se.</strong></span> <span class='ocrx_word' id='word_1_313' title='bbox 2034 2794 2053 2827; x_wconf 76' lang='grc' dir='ltr'><strong>ι</strong></span> 
     </span>
    </p>
   </div>
   <div class='ocr_carea' id='block_1_44' title="bbox 488 2864 2054 2922">
    <p class='ocr_par' dir='ltr' id='par_1_44' title="bbox 488 2864 2054 2922">
     <span class='ocr_line' id='line_1_44' title="bbox 488 2864 2054 2922; baseline 0.001 -2"><span class='ocrx_word' id='word_1_314' title='bbox 488 2864 687 2921; x_wconf 88' lang='lat' dir='ltr'><strong>Omnes</strong></span> <span class='ocrx_word' id='word_1_315' title='bbox 713 2866 989 2919; x_wconf 88' lang='lat' dir='ltr'><strong>hominum</strong></span> <span class='ocrx_word' id='word_1_316' title='bbox 1016 2868 1244 2921; x_wconf 84' lang='lat' dir='ltr'><strong>virtutes</strong></span> <span class='ocrx_word' id='word_1_317' title='bbox 1274 2869 1435 2921; x_wconf 85' lang='lat' dir='ltr'><strong>talem</strong></span> <span class='ocrx_word' id='word_1_318' title='bbox 1465 2868 1845 2922; x_wconf 90' lang='lat' dir='ltr'><strong>nanciscentur</strong></span> <span class='ocrx_word' id='word_1_319' title='bbox 1867 2867 2054 2921; x_wconf 84' lang='lat' dir='ltr'><strong>linem:</strong></span> 
     </span>
    </p>
   </div>
   <div class='ocr_carea' id='block_1_45' title="bbox 489 2953 2061 3024">
    <p class='ocr_par' dir='ltr' id='par_1_45' title="bbox 489 2953 2061 3024">
     <span class='ocr_line' id='line_1_45' title="bbox 489 2953 2061 3024; baseline 0 -16"><span class='ocrx_word' id='word_1_320' title='bbox 489 2963 543 3009; x_wconf 89' lang='lat' dir='ltr'><strong>et</strong></span> <span class='ocrx_word' id='word_1_321' title='bbox 579 2954 756 3009; x_wconf 89' lang='lat' dir='ltr'><strong>omnis</strong></span> <span class='ocrx_word' id='word_1_322' title='bbox 793 2953 1051 3009; x_wconf 81' lang='lat' dir='ltr'><strong>fortitudo</strong></span> <span class='ocrx_word' id='word_1_323' title='bbox 1092 2953 1369 3009; x_wconf 89' lang='lat' dir='ltr'><strong>hominum</strong></span> <span class='ocrx_word' id='word_1_324' title='bbox 1392 2995 1406 3020; x_wconf 94' lang='lat'><strong>,</strong></span> <span class='ocrx_word' id='word_1_325' title='bbox 1451 2955 1540 3023; x_wconf 91' lang='lat' dir='ltr'><strong>qui</strong></span> <span class='ocrx_word' id='word_1_326' title='bbox 1574 2970 1669 3024; x_wconf 89' lang='lat' dir='ltr'><strong>pro</strong></span> <span class='ocrx_word' id='word_1_327' title='bbox 1706 2957 1903 3024; x_wconf 89' lang='lat' dir='ltr'><strong>pietate</strong></span> <span class='ocrx_word' id='word_1_328' title='bbox 1936 2970 2061 3010; x_wconf 81' lang='lat' dir='ltr'><strong>cou-</strong></span> 
     </span>
    </p>
   </div>
   <div class='ocr_carea' id='block_1_46' title="bbox 489 3046 2058 3116">
    <p class='ocr_par' dir='ltr' id='par_1_46' title="bbox 489 3046 2058 3116">
     <span class='ocr_line' id='line_1_46' title="bbox 489 3046 2058 3116; baseline -0.001 -15"><span class='ocrx_word' id='word_1_329' title='bbox 489 3055 869 3109; x_wconf 81' lang='lat' dir='ltr'><strong>certaverunt,</strong></span> <span class='ocrx_word' id='word_1_330' title='bbox 932 3046 998 3100; x_wconf 88' lang='lat' dir='ltr'><strong>ad</strong></span> <span class='ocrx_word' id='word_1_331' title='bbox 1050 3047 1223 3116; x_wconf 81' lang='lat' dir='ltr'><strong>ipsum</strong></span> <span class='ocrx_word' id='word_1_332' title='bbox 1284 3047 1546 3100; x_wconf 87' lang='lat' dir='ltr'><strong>accedet:</strong></span> <span class='ocrx_word' id='word_1_333' title='bbox 1601 3056 1761 3115; x_wconf 83' lang='lat' dir='ltr'><strong>atque</strong></span> <span class='ocrx_word' id='word_1_334' title='bbox 1815 3057 1943 3101; x_wconf 89' lang='lat' dir='ltr'><strong>tunc</strong></span> <span class='ocrx_word' id='word_1_335' title='bbox 1985 3047 2058 3101; x_wconf 93' lang='lat' dir='ltr'><strong>illi</strong></span> 
     </span>
    </p>
   </div>
   <div class='ocr_carea' id='block_1_47' title="bbox 493 3136 2058 3207">
    <p class='ocr_par' dir='ltr' id='par_1_47' title="bbox 493 3136 2058 3207">
     <span class='ocr_line' id='line_1_47' title="bbox 493 3136 2058 3207; baseline 0 -17"><span class='ocrx_word' id='word_1_336' title='bbox 493 3138 727 3191; x_wconf 81' lang='lat' dir='ltr'><strong>fructum</strong></span> <span class='ocrx_word' id='word_1_337' title='bbox 763 3136 1031 3197; x_wconf 88' lang='lat' dir='ltr'><strong>laborutn,</strong></span> <span class='ocrx_word' id='word_1_338' title='bbox 1082 3144 1135 3190; x_wconf 85' lang='lat' dir='ltr'><strong>et</strong></span> <span class='ocrx_word' id='word_1_339' title='bbox 1187 3137 1406 3191; x_wconf 87' lang='lat' dir='ltr'><strong>virtutis</strong></span> <span class='ocrx_word' id='word_1_340' title='bbox 1452 3139 1731 3207; x_wconf 63' lang='lat' dir='ltr'><strong>praemium</strong></span> <span class='ocrx_word' id='word_1_341' title='bbox 1770 3138 2058 3206; x_wconf 87' lang='lat' dir='ltr'><strong>accipient.</strong></span> 
     </span>
    </p>
   </div>
   <div class='ocr_carea' id='block_1_48' title="bbox 563 3225 2129 3316">
    <p class='ocr_par' dir='ltr' id='par_1_48' title="bbox 563 3225 2129 3316">
     <span class='ocr_line' id='line_1_48' title="bbox 563 3225 2129 3316; baseline 0.003 -37"><span class='ocrx_word' id='word_1_342' title='bbox 563 3225 729 3282; x_wconf 71' lang='lat' dir='ltr'><strong>Vens.</strong></span> <span class='ocrx_word' id='word_1_343' title='bbox 762 3225 854 3279; x_wconf 77' lang='grc'><strong>26.</strong></span> <span class='ocrx_word' id='word_1_344' title='bbox 893 3244 912 3277; x_wconf 80' lang='grc' dir='ltr'><strong>ι</strong></span> <span class='ocrx_word' id='word_1_345' title='bbox 946 3227 989 3278; x_wconf 87' lang='grc' dir='ltr'>Α</span> <span class='ocrx_word' id='word_1_346' title='bbox 1023 3227 1250 3280; x_wconf 91' lang='lat' dir='ltr'><strong>Domino</strong></span> <span class='ocrx_word' id='word_1_347' title='bbox 1272 3226 1740 3297; x_wconf 83' lang='lat' dir='ltr'><strong>iustiﬁcabuntur,</strong></span> <span class='ocrx_word' id='word_1_348' title='bbox 1772 3240 1824 3283; x_wconf 85' lang='lat' dir='ltr'><strong>et</strong></span> <span class='ocrx_word' id='word_1_349' title='bbox 1856 3230 1906 3282; x_wconf 92' lang='lat' dir='ltr'><strong>in</strong></span> <span class='ocrx_word' id='word_1_350' title='bbox 1952 3229 2060 3283; x_wconf 87' lang='lat' dir='ltr'><strong>Deo</strong></span> <span class='ocrx_word' id='word_1_351' title='bbox 2085 3257 2129 3316; x_wconf 64' lang='grc' dir='ltr'>ο</span> 
     </span>
    </p>
   </div>
   <div class='ocr_carea' id='block_1_49' title="bbox 492 3316 2062 3389">
    <p class='ocr_par' dir='ltr' id='par_1_49' title="bbox 492 3316 2062 3389">
     <span class='ocr_line' id='line_1_49' title="bbox 492 3316 2062 3389; baseline 0.004 -20"><span class='ocrx_word' id='word_1_352' title='bbox 492 3316 889 3389; x_wconf 88' lang='lat' dir='ltr'><strong>glorlIicabitur</strong></span> <span class='ocrx_word' id='word_1_353' title='bbox 912 3331 1074 3371; x_wconf 90' lang='lat' dir='ltr'><strong>omne</strong></span> <span class='ocrx_word' id='word_1_354' title='bbox 1100 3332 1286 3371; x_wconf 87' lang='lat' dir='ltr'><strong>semen</strong></span> <span class='ocrx_word' id='word_1_355' title='bbox 1315 3316 1546 3371; x_wconf 82' lang='lat' dir='ltr'><strong>ﬁliorum</strong></span> <span class='ocrx_word' id='word_1_356' title='bbox 1580 3317 1761 3371; x_wconf 89' lang='lat' dir='ltr'><strong>Israel.</strong></span> <span class='ocrx_word' id='word_1_357' title='bbox 1802 3338 1820 3370; x_wconf 77' lang='grc' dir='ltr'><strong>ι</strong></span> <span class='ocrx_word' id='word_1_358' title='bbox 1852 3319 1913 3373; x_wconf 85' lang='grc' dir='ltr'>Ει</span> <span class='ocrx_word' id='word_1_359' title='bbox 1941 3321 2062 3375; x_wconf 87' lang='lat' dir='ltr'><strong>vide</strong></span> 
     </span>
    </p>
   </div>
   <div class='ocr_carea' id='block_1_50' title="bbox 497 3407 2061 3473">
    <p class='ocr_par' dir='ltr' id='par_1_50' title="bbox 497 3407 2061 3473">
     <span class='ocr_line' id='line_1_50' title="bbox 497 3407 2061 3473; baseline 0.002 -10"><span class='ocrx_word' id='word_1_360' title='bbox 497 3407 654 3472; x_wconf 77' lang='lat' dir='ltr'><strong>mihi,</strong></span> <span class='ocrx_word' id='word_1_361' title='bbox 686 3421 892 3473; x_wconf 57' lang='lat' dir='ltr'><strong>quaso,</strong></span> <span class='ocrx_word' id='word_1_362' title='bbox 931 3407 1201 3461; x_wconf 87' lang='lat' dir='ltr'><strong>sermonis</strong></span> <span class='ocrx_word' id='word_1_363' title='bbox 1242 3418 1554 3463; x_wconf 86' lang='lat' dir='ltr'><strong>accuratam</strong></span> <span class='ocrx_word' id='word_1_364' title='bbox 1602 3410 1906 3464; x_wconf 87' lang='lat' dir='ltr'><strong>rationem:</strong></span> <span class='ocrx_word' id='word_1_365' title='bbox 1956 3427 2061 3465; x_wconf 89' lang='lat' dir='ltr'><strong>non</strong></span> 
     </span>
    </p>
   </div>
   <div class='ocr_carea' id='block_1_51' title="bbox 491 3496 2058 3567">
    <p class='ocr_par' dir='ltr' id='par_1_51' title="bbox 491 3496 2058 3567">
     <span class='ocr_line' id='line_1_51' title="bbox 491 3496 2058 3567; baseline 0 -14"><span class='ocrx_word' id='word_1_366' title='bbox 491 3499 635 3553; x_wconf 87' lang='lat' dir='ltr'><strong>enim</strong></span> <span class='ocrx_word' id='word_1_367' title='bbox 669 3517 688 3549; x_wconf 75' lang='grc' dir='ltr'><strong>ι</strong></span> <span class='ocrx_word' id='word_1_368' title='bbox 720 3496 904 3565; x_wconf 82' lang='lat' dir='ltr'><strong>Israel,</strong></span> <span class='ocrx_word' id='word_1_369' title='bbox 954 3516 971 3549; x_wconf 77' lang='grc' dir='ltr'><strong>ι</strong></span> <span class='ocrx_word' id='word_1_370' title='bbox 1020 3497 1187 3563; x_wconf 80' lang='lat' dir='ltr'><strong>dixit,</strong></span> <span class='ocrx_word' id='word_1_371' title='bbox 1244 3512 1452 3567; x_wconf 89' lang='lat' dir='ltr'><strong>neque,</strong></span> <span class='ocrx_word' id='word_1_372' title='bbox 1505 3516 1524 3550; x_wconf 79' lang='grc' dir='ltr'><strong>ι</strong></span> <span class='ocrx_word' id='word_1_373' title='bbox 1580 3514 1761 3555; x_wconf 88' lang='lat' dir='ltr'><strong>semen</strong></span> <span class='ocrx_word' id='word_1_374' title='bbox 1794 3499 2001 3567; x_wconf 85' lang='lat' dir='ltr'><strong>Israel;</strong></span> <span class='ocrx_word' id='word_1_375' title='bbox 2039 3520 2058 3553; x_wconf 75' lang='grc' dir='ltr'><strong>ι</strong></span> 
     </span>
    </p>
   </div>
   <div class='ocr_carea' id='block_1_52' title="bbox 494 3588 2065 3659">
    <p class='ocr_par' dir='ltr' id='par_1_52' title="bbox 494 3588 2065 3659">
     <span class='ocr_line' id='line_1_52' title="bbox 494 3588 2065 3659; baseline 0.001 -14"><span class='ocrx_word' id='word_1_376' title='bbox 494 3590 591 3645; x_wconf 85' lang='lat' dir='ltr'><strong>sed</strong></span> <span class='ocrx_word' id='word_1_377' title='bbox 625 3602 807 3644; x_wconf 86' lang='lat' dir='ltr'><strong>semen</strong></span> <span class='ocrx_word' id='word_1_378' title='bbox 844 3588 1077 3643; x_wconf 83' lang='lat' dir='ltr'><strong>ﬁliorum</strong></span> <span class='ocrx_word' id='word_1_379' title='bbox 1113 3588 1299 3643; x_wconf 89' lang='lat' dir='ltr'><strong>Israel.</strong></span> <span class='ocrx_word' id='word_1_380' title='bbox 1330 3589 1450 3644; x_wconf 80' lang='lat' dir='ltr'><strong>Filii</strong></span> <span class='ocrx_word' id='word_1_381' title='bbox 1487 3605 1648 3659; x_wconf 89' lang='lat' dir='ltr'><strong>porro</strong></span> <span class='ocrx_word' id='word_1_382' title='bbox 1691 3589 1858 3645; x_wconf 88' lang='lat' dir='ltr'><strong>Israel</strong></span> <span class='ocrx_word' id='word_1_383' title='bbox 1906 3600 2065 3647; x_wconf 81' lang='lat' dir='ltr'><strong>erant</strong></span> 
     </span>
    </p>
   </div>
   <div class='ocr_carea' id='block_1_53' title="bbox 496 3680 2062 3753">
    <p class='ocr_par' dir='ltr' id='par_1_53' title="bbox 496 3680 2062 3753">
     <span class='ocr_line' id='line_1_53' title="bbox 496 3680 2062 3753; baseline 0.002 -19"><span class='ocrx_word' id='word_1_384' title='bbox 496 3681 656 3751; x_wconf 90' lang='lat' dir='ltr'><strong>primi</strong></span> <span class='ocrx_word' id='word_1_385' title='bbox 696 3680 957 3735; x_wconf 88' lang='lat' dir='ltr'><strong>salutaris</strong></span> <span class='ocrx_word' id='word_1_386' title='bbox 988 3681 1262 3751; x_wconf 84' lang='lat' dir='ltr'><strong>Evangelii</strong></span> <span class='ocrx_word' id='word_1_387' title='bbox 1290 3696 1587 3750; x_wconf 60' lang='lat' dir='ltr'><strong>praecones,</strong></span> <span class='ocrx_word' id='word_1_388' title='bbox 1617 3698 1849 3753; x_wconf 90' lang='lat' dir='ltr'><strong>quorum</strong></span> <span class='ocrx_word' id='word_1_389' title='bbox 1877 3699 2062 3738; x_wconf 91' lang='lat' dir='ltr'><strong>semen</strong></span> 
     </span>
    </p>
   </div>
   <div class='ocr_carea' id='block_1_54' title="bbox 494 3772 2065 3844">
    <p class='ocr_par' dir='ltr' id='par_1_54' title="bbox 494 3772 2065 3844">
     <span class='ocr_line' id='line_1_54' title="bbox 494 3772 2065 3844; baseline 0.003 -19"><span class='ocrx_word' id='word_1_390' title='bbox 494 3782 551 3825; x_wconf 88' lang='lat' dir='ltr'><strong>et</strong></span> <span class='ocrx_word' id='word_1_391' title='bbox 583 3774 985 3829; x_wconf 82' lang='lat' dir='ltr'><strong>successionem</strong></span> <span class='ocrx_word' id='word_1_392' title='bbox 1033 3772 1243 3841; x_wconf 90' lang='lat' dir='ltr'><strong>iustitia</strong></span> <span class='ocrx_word' id='word_1_393' title='bbox 1278 3782 1331 3827; x_wconf 92' lang='lat' dir='ltr'><strong>et</strong></span> <span class='ocrx_word' id='word_1_394' title='bbox 1385 3774 1551 3844; x_wconf 87' lang='lat' dir='ltr'><strong>gloria</strong></span> <span class='ocrx_word' id='word_1_395' title='bbox 1594 3775 1897 3829; x_wconf 89' lang='lat' dir='ltr'><strong>donandam</strong></span> <span class='ocrx_word' id='word_1_396' title='bbox 1946 3790 2065 3830; x_wconf 91' lang='lat' dir='ltr'><strong>esse</strong></span> 
     </span>
    </p>
   </div>
   <div class='ocr_carea' id='block_1_55' title="bbox 502 3864 727 3917">
    <p class='ocr_par' dir='ltr' id='par_1_55' title="bbox 502 3864 727 3917">
     <span class='ocr_line' id='line_1_55' title="bbox 502 3864 727 3917; baseline 0 0"><span class='ocrx_word' id='word_1_397' title='bbox 502 3864 727 3917; x_wconf 87' lang='lat' dir='ltr'><strong>dicitur.</strong></span> 
     </span>
    </p>
   </div>
   <div class='ocr_carea' id='block_1_56' title="bbox 1057 3954 1513 4011">
    <p class='ocr_par' dir='ltr' id='par_1_56' title="bbox 1057 3954 1513 4011">
     <span class='ocr_line' id='line_1_56' title="bbox 1057 3954 1513 4011; baseline 0 0"><span class='ocrx_word' id='word_1_398' title='bbox 1057 3954 1288 4011; x_wconf 83' lang='lat' dir='ltr'><strong>CAPUT</strong></span> <span class='ocrx_word' id='word_1_399' title='bbox 1332 3954 1513 4011; x_wconf 83' lang='lat' dir='ltr'><strong>XLVI.</strong></span> 
     </span>
    </p>
   </div>
   <div class='ocr_carea' id='block_1_57' title="bbox 575 4048 2067 4122">
    <p class='ocr_par' dir='ltr' id='par_1_57' title="bbox 575 4048 2067 4122">
     <span class='ocr_line' id='line_1_57' title="bbox 575 4048 2067 4122; baseline 0.003 -19"><span class='ocrx_word' id='word_1_400' title='bbox 575 4048 735 4104; x_wconf 67' lang='lat' dir='ltr'><strong>Vens.</strong></span> <span class='ocrx_word' id='word_1_401' title='bbox 777 4051 830 4107; x_wconf 84' lang='lat' dir='ltr'><strong>I.</strong></span> <span class='ocrx_word' id='word_1_402' title='bbox 877 4068 896 4100; x_wconf 73' lang='grc' dir='ltr'><strong>ι</strong></span> <span class='ocrx_word' id='word_1_403' title='bbox 931 4049 1136 4105; x_wconf 88' lang='lat' dir='ltr'><strong>Cecidit</strong></span> <span class='ocrx_word' id='word_1_404' title='bbox 1176 4049 1293 4115; x_wconf 92' lang='lat' dir='ltr'><strong>Bel,</strong></span> <span class='ocrx_word' id='word_1_405' title='bbox 1324 4051 1589 4105; x_wconf 90' lang='lat' dir='ltr'><strong>contritus</strong></span> <span class='ocrx_word' id='word_1_406' title='bbox 1616 4061 1698 4105; x_wconf 88' lang='lat' dir='ltr'><strong>est</strong></span> <span class='ocrx_word' id='word_1_407' title='bbox 1731 4052 1931 4122; x_wconf 87' lang='lat' dir='ltr'><strong>Dagon.</strong></span> <span class='ocrx_word' id='word_1_408' title='bbox 1968 4052 2067 4107; x_wconf 87' lang='lat' dir='ltr'><strong>Fa-</strong></span> 
     </span>
    </p>
   </div>
   <div class='ocr_carea' id='block_1_58' title="bbox 497 4142 2069 4212">
    <p class='ocr_par' dir='ltr' id='par_1_58' title="bbox 497 4142 2069 4212">
     <span class='ocr_line' id='line_1_58' title="bbox 497 4142 2069 4212; baseline 0.001 -14"><span class='ocrx_word' id='word_1_409' title='bbox 497 4152 582 4198; x_wconf 84' lang='lat' dir='ltr'><strong>cta</strong></span> <span class='ocrx_word' id='word_1_410' title='bbox 615 4152 743 4197; x_wconf 88' lang='lat' dir='ltr'><strong>sunt</strong></span> <span class='ocrx_word' id='word_1_411' title='bbox 788 4142 1063 4212; x_wconf 85' lang='lat' dir='ltr'><strong>sculptilia</strong></span> <span class='ocrx_word' id='word_1_412' title='bbox 1112 4156 1298 4197; x_wconf 90' lang='lat' dir='ltr'><strong>eorum</strong></span> <span class='ocrx_word' id='word_1_413' title='bbox 1342 4142 1397 4197; x_wconf 92' lang='lat' dir='ltr'><strong>in</strong></span> <span class='ocrx_word' id='word_1_414' title='bbox 1449 4143 1652 4199; x_wconf 88' lang='lat' dir='ltr'><strong>bestias</strong></span> <span class='ocrx_word' id='word_1_415' title='bbox 1684 4153 1738 4200; x_wconf 91' lang='lat' dir='ltr'><strong>et</strong></span> <span class='ocrx_word' id='word_1_416' title='bbox 1776 4147 1828 4199; x_wconf 90' lang='lat' dir='ltr'><strong>in</strong></span> <span class='ocrx_word' id='word_1_417' title='bbox 1855 4143 2069 4212; x_wconf 75' lang='lat' dir='ltr'><strong>iumen-</strong></span> 
     </span>
    </p>
   </div>
   <div class='ocr_carea' id='block_1_59' title="bbox 503 4235 2061 4302">
    <p class='ocr_par' dir='ltr' id='par_1_59' title="bbox 503 4235 2061 4302">
     <span class='ocr_line' id='line_1_59' title="bbox 503 4235 2061 4302; baseline 0.001 -14"><span class='ocrx_word' id='word_1_418' title='bbox 503 4245 579 4292; x_wconf 89' lang='lat' dir='ltr'><strong>ta.</strong></span> <span class='ocrx_word' id='word_1_419' title='bbox 612 4255 630 4288; x_wconf 76' lang='grc' dir='ltr'><strong>ι</strong></span> <span class='ocrx_word' id='word_1_420' title='bbox 671 4236 762 4291; x_wconf 88' lang='lat' dir='ltr'><strong>Bel</strong></span> <span class='ocrx_word' id='word_1_421' title='bbox 796 4236 995 4291; x_wconf 89' lang='lat' dir='ltr'><strong>idolum</strong></span> <span class='ocrx_word' id='word_1_422' title='bbox 1029 4246 1167 4302; x_wconf 88' lang='lat' dir='ltr'><strong>erat,</strong></span> <span class='ocrx_word' id='word_1_423' title='bbox 1220 4237 1299 4291; x_wconf 92' lang='lat' dir='ltr'><strong>sic</strong></span> <span class='ocrx_word' id='word_1_424' title='bbox 1346 4251 1375 4291; x_wconf 85' lang='lat' dir='ltr'><strong>a</strong></span> <span class='ocrx_word' id='word_1_425' title='bbox 1410 4235 1613 4292; x_wconf 64' lang='lat' dir='ltr'><strong>Graecis</strong></span> <span class='ocrx_word' id='word_1_426' title='bbox 1658 4237 1883 4302; x_wconf 90' lang='lat' dir='ltr'><strong>dictum,</strong></span> <span class='ocrx_word' id='word_1_427' title='bbox 1914 4252 2061 4292; x_wconf 89' lang='lat' dir='ltr'><strong>eum-</strong></span> 
     </span>
    </p>
   </div>
   <div class='ocr_carea' id='block_1_60' title="bbox 503 4327 2068 4401">
    <p class='ocr_par' dir='ltr' id='par_1_60' title="bbox 503 4327 2068 4401">
     <span class='ocr_line' id='line_1_60' title="bbox 503 4327 2068 4401; baseline 0.003 -22"><span class='ocrx_word' id='word_1_428' title='bbox 503 4328 652 4391; x_wconf 88' lang='lat' dir='ltr'><strong>dem,</strong></span> <span class='ocrx_word' id='word_1_429' title='bbox 680 4335 739 4380; x_wconf 88' lang='lat' dir='ltr'><strong>ut</strong></span> <span class='ocrx_word' id='word_1_430' title='bbox 767 4327 937 4391; x_wconf 90' lang='lat' dir='ltr'><strong>aiunt,</strong></span> <span class='ocrx_word' id='word_1_431' title='bbox 964 4341 1124 4396; x_wconf 88' lang='lat' dir='ltr'><strong>quem</strong></span> <span class='ocrx_word' id='word_1_432' title='bbox 1155 4328 1257 4397; x_wconf 90' lang='lat' dir='ltr'><strong>ipsi</strong></span> <span class='ocrx_word' id='word_1_433' title='bbox 1290 4327 1578 4382; x_wconf 90' lang='lat' dir='ltr'><strong>Saturnum</strong></span> <span class='ocrx_word' id='word_1_434' title='bbox 1602 4328 1886 4399; x_wconf 86' lang='lat' dir='ltr'><strong>appellant,</strong></span> <span class='ocrx_word' id='word_1_435' title='bbox 1910 4345 2068 4401; x_wconf 88' lang='lat' dir='ltr'><strong>quem</strong></span> 
     </span>
    </p>
   </div>
   <div class='ocr_carea' id='block_1_61' title="bbox 505 4418 2069 4492">
    <p class='ocr_par' dir='ltr' id='par_1_61' title="bbox 505 4418 2069 4492">
     <span class='ocr_line' id='line_1_61' title="bbox 505 4418 2069 4492; baseline 0.003 -20"><span class='ocrx_word' id='word_1_436' title='bbox 505 4426 660 4472; x_wconf 82' lang='lat' dir='ltr'><strong>tanta</strong></span> <span class='ocrx_word' id='word_1_437' title='bbox 697 4418 997 4473; x_wconf 90' lang='lat' dir='ltr'><strong>stoliditate</strong></span> <span class='ocrx_word' id='word_1_438' title='bbox 1028 4429 1243 4474; x_wconf 86' lang='lat' dir='ltr'><strong>veteres</strong></span> <span class='ocrx_word' id='word_1_439' title='bbox 1269 4420 1542 4485; x_wconf 85' lang='lat' dir='ltr'><strong>colebant,</strong></span> <span class='ocrx_word' id='word_1_440' title='bbox 1576 4429 1634 4475; x_wconf 91' lang='lat' dir='ltr'><strong>ut</strong></span> <span class='ocrx_word' id='word_1_441' title='bbox 1661 4422 1759 4492; x_wconf 90' lang='lat' dir='ltr'><strong>ipsi</strong></span> <span class='ocrx_word' id='word_1_442' title='bbox 1786 4422 2069 4478; x_wconf 87' lang='lat' dir='ltr'><strong>carissima</strong></span> 
     </span>
    </p>
   </div>
   <div class='ocr_carea' id='block_1_62' title="bbox 504 4508 2071 4577">
    <p class='ocr_par' dir='ltr' id='par_1_62' title="bbox 504 4508 2071 4577">
     <span class='ocr_line' id='line_1_62' title="bbox 504 4508 2071 4577; baseline 0.005 -15"><span class='ocrx_word' id='word_1_443' title='bbox 504 4508 610 4563; x_wconf 82' lang='lat' dir='ltr'><strong>sibi</strong></span> <span class='ocrx_word' id='word_1_444' title='bbox 637 4508 967 4577; x_wconf 87' lang='lat' dir='ltr'><strong>iugularent,</strong></span> <span class='ocrx_word' id='word_1_445' title='bbox 1004 4526 1069 4564; x_wconf 93' lang='lat' dir='ltr'><strong>ac</strong></span> <span class='ocrx_word' id='word_1_446' title='bbox 1103 4520 1387 4566; x_wconf 79' lang='lat' dir='ltr'><strong>sexcentas</strong></span> <span class='ocrx_word' id='word_1_447' title='bbox 1422 4512 1557 4568; x_wconf 88' lang='lat' dir='ltr'><strong>alias</strong></span> <span class='ocrx_word' id='word_1_448' title='bbox 1597 4514 1876 4569; x_wconf 92' lang='lat' dir='ltr'><strong>hominum</strong></span> <span class='ocrx_word' id='word_1_449' title='bbox 1916 4516 2071 4571; x_wconf 91' lang='lat' dir='ltr'><strong>victi-</strong></span> 
     </span>
    </p>
   </div>
   <div class='ocr_carea' id='block_1_63' title="bbox 2156 2032 3743 2118">
    <p class='ocr_par' dir='ltr' id='par_1_63' title="bbox 2156 2032 3743 2118">
     <span class='ocr_line' id='line_1_63' title="bbox 2156 2032 3743 2118; baseline 0.003 -24"><span class='ocrx_word' id='word_1_450' title='bbox 2156 2032 2287 2110; x_wconf 82' lang='grc' dir='ltr'>γόνυ</span> <span class='ocrx_word' id='word_1_451' title='bbox 2315 2043 2514 2098; x_wconf 85' lang='grc' dir='ltr'>κλίνειν</span> <span class='ocrx_word' id='word_1_452' title='bbox 2534 2045 2611 2115; x_wconf 80' lang='grc' dir='ltr'>τῷ</span> <span class='ocrx_word' id='word_1_453' title='bbox 2635 2045 2752 2116; x_wconf 82' lang='grc' dir='ltr'><strong>Θεῷ</strong></span> <span class='ocrx_word' id='word_1_454' title='bbox 2776 2047 2830 2098; x_wconf 85' lang='grc' dir='ltr'><strong>ἐν</strong></span> <span class='ocrx_word' id='word_1_455' title='bbox 2863 2048 2978 2109; x_wconf 81' lang='grc' dir='ltr'>ταῖς</span> <span class='ocrx_word' id='word_1_456' title='bbox 3008 2050 3333 2118; x_wconf 85' lang='grc' dir='ltr'>προσευχαῖς</span> <span class='ocrx_word' id='word_1_457' title='bbox 3356 2046 3743 2117; x_wconf 82' lang='grc' dir='ltr'>ἐδιδάχθησαν,</span> 
     </span>
    </p>
   </div>
   <div class='ocr_carea' id='block_1_64' title="bbox 2155 2136 3746 2192">
    <p class='ocr_par' dir='ltr' id='par_1_64' title="bbox 2155 2136 3746 2192">
     <span class='ocr_line' id='line_1_64' title="bbox 2155 2136 3746 2192; baseline 0 -3"><span class='ocrx_word' id='word_1_458' title='bbox 2155 2136 2332 2189; x_wconf 88' lang='grc' dir='ltr'>καίτοι</span> <span class='ocrx_word' id='word_1_459' title='bbox 2402 2136 2669 2191; x_wconf 79' lang='grc' dir='ltr'>Ἰουδαίων</span> <span class='ocrx_word' id='word_1_460' title='bbox 2712 2137 2872 2190; x_wconf 89' lang='grc' dir='ltr'>τοῦτο</span> <span class='ocrx_word' id='word_1_461' title='bbox 2930 2140 3100 2192; x_wconf 83' lang='grc' dir='ltr'>ποιεῖν</span> <span class='ocrx_word' id='word_1_462' title='bbox 3152 2140 3252 2192; x_wconf 83' lang='grc' dir='ltr'>οὐκ</span> <span class='ocrx_word' id='word_1_463' title='bbox 3289 2138 3521 2192; x_wconf 83' lang='grc' dir='ltr'>εἰδότων.</span> <span class='ocrx_word' id='word_1_464' title='bbox 3570 2155 3587 2189; x_wconf 85' lang='grc' dir='ltr'><strong>ι</strong></span> <span class='ocrx_word' id='word_1_465' title='bbox 3622 2137 3746 2190; x_wconf 71' lang='grc' dir='ltr'><strong>Καὶ</strong></span> 
     </span>
    </p>
   </div>
   <div class='ocr_carea' id='block_1_65' title="bbox 2156 2226 3746 2298">
    <p class='ocr_par' dir='ltr' id='par_1_65' title="bbox 2156 2226 3746 2298">
     <span class='ocr_line' id='line_1_65' title="bbox 2156 2226 3746 2298; baseline 0.001 -19"><span class='ocrx_word' id='word_1_466' title='bbox 2156 2228 2389 2297; x_wconf 85' lang='grc' dir='ltr'>ὀμεῖται,</span> <span class='ocrx_word' id='word_1_467' title='bbox 2424 2244 2443 2279; x_wconf 73' lang='grc' dir='ltr'><strong>ι</strong></span> <span class='ocrx_word' id='word_1_468' title='bbox 2482 2227 2543 2280; x_wconf 88' lang='grc' dir='ltr'><strong>Οί</strong></span> <span class='ocrx_word' id='word_1_469' title='bbox 2584 2226 2692 2298; x_wconf 76' lang='grc' dir='ltr'><strong>γὰρ</strong></span> <span class='ocrx_word' id='word_1_470' title='bbox 2731 2228 2829 2298; x_wconf 71' lang='grc' dir='ltr'>ἐμὲ</span> <span class='ocrx_word' id='word_1_471' title='bbox 2877 2228 2967 2281; x_wconf 84' lang='grc' dir='ltr'>τὸν</span> <span class='ocrx_word' id='word_1_472' title='bbox 2998 2227 3129 2282; x_wconf 81' lang='grc' dir='ltr'>Θεὸν</span> <span class='ocrx_word' id='word_1_473' title='bbox 3167 2229 3479 2297; x_wconf 79' lang='grc' dir='ltr'>ἐπιγνόντες</span> <span class='ocrx_word' id='word_1_474' title='bbox 3511 2230 3572 2282; x_wconf 85' lang='grc' dir='ltr'><strong>ἐν</strong></span> <span class='ocrx_word' id='word_1_475' title='bbox 3598 2230 3746 2283; x_wconf 77' lang='grc' dir='ltr'>πᾶσι</span> 
     </span>
    </p>
   </div>
   <div class='ocr_carea' id='block_1_66' title="bbox 2155 2316 3746 2390">
    <p class='ocr_par' dir='ltr' id='par_1_66' title="bbox 2155 2316 3746 2390">
     <span class='ocr_line' id='line_1_66' title="bbox 2155 2316 3746 2390; baseline 0.001 -20"><span class='ocrx_word' id='word_1_476' title='bbox 2155 2320 2267 2381; x_wconf 88' lang='grc' dir='ltr'>τοῖς</span> <span class='ocrx_word' id='word_1_477' title='bbox 2303 2317 2479 2371; x_wconf 78' lang='grc' dir='ltr'>ἔθνεσι</span> <span class='ocrx_word' id='word_1_478' title='bbox 2515 2317 2601 2371; x_wconf 76' lang='grc' dir='ltr'>διὰ</span> <span class='ocrx_word' id='word_1_479' title='bbox 2634 2318 2889 2382; x_wconf 77' lang='grc' dir='ltr'>παντοίας</span> <span class='ocrx_word' id='word_1_480' title='bbox 2915 2316 3165 2388; x_wconf 77' lang='grc' dir='ltr'><strong>γλώσσης</strong></span> <span class='ocrx_word' id='word_1_481' title='bbox 3209 2318 3301 2372; x_wconf 79' lang='grc' dir='ltr'>καὶ</span> <span class='ocrx_word' id='word_1_482' title='bbox 3330 2319 3564 2388; x_wconf 84' lang='grc' dir='ltr'>ὁμιλίας,</span> <span class='ocrx_word' id='word_1_483' title='bbox 3602 2317 3746 2390; x_wconf 65' lang='grc' dir='ltr'>βαρο</span> 
     </span>
    </p>
   </div>
   <div class='ocr_carea' id='block_1_67' title="bbox 2157 2410 3748 2483">
    <p class='ocr_par' dir='ltr' id='par_1_67' title="bbox 2157 2410 3748 2483">
     <span class='ocr_line' id='line_1_67' title="bbox 2157 2410 3748 2483; baseline 0 -21"><span class='ocrx_word' id='word_1_484' title='bbox 2157 2410 2325 2481; x_wconf 85' lang='grc' dir='ltr'>ϐάρου</span> <span class='ocrx_word' id='word_1_485' title='bbox 2377 2428 2436 2463; x_wconf 89' lang='grc' dir='ltr'><strong>τε</strong></span> <span class='ocrx_word' id='word_1_486' title='bbox 2487 2410 2581 2463; x_wconf 74' lang='grc' dir='ltr'><strong>καὶ</strong></span> <span class='ocrx_word' id='word_1_487' title='bbox 2640 2410 2955 2481; x_wconf 80' lang='grc' dir='ltr'>Ἑλληνικῆς</span> <span class='ocrx_word' id='word_1_488' title='bbox 3008 2412 3064 2464; x_wconf 84' lang='grc' dir='ltr'><strong>ἐν</strong></span> <span class='ocrx_word' id='word_1_489' title='bbox 3104 2413 3215 2475; x_wconf 86' lang='grc' dir='ltr'>τοῖς</span> <span class='ocrx_word' id='word_1_490' title='bbox 3239 2412 3422 2483; x_wconf 77' lang='grc' dir='ltr'>ὅρκοις</span> <span class='ocrx_word' id='word_1_491' title='bbox 3462 2411 3562 2480; x_wconf 81' lang='grc' dir='ltr'>ἐμὲ</span> <span class='ocrx_word' id='word_1_492' title='bbox 3596 2410 3748 2482; x_wconf 84' lang='grc' dir='ltr'>μάρ-</span> 
     </span>
    </p>
   </div>
   <div class='ocr_carea' id='block_1_68' title="bbox 2156 2503 3748 2576">
    <p class='ocr_par' dir='ltr' id='par_1_68' title="bbox 2156 2503 3748 2576">
     <span class='ocr_line' id='line_1_68' title="bbox 2156 2503 3748 2576; baseline -0.001 -20"><span class='ocrx_word' id='word_1_493' title='bbox 2156 2521 2294 2575; x_wconf 89' lang='grc' dir='ltr'>τυρα</span> <span class='ocrx_word' id='word_1_494' title='bbox 2342 2504 2780 2576; x_wconf 66' lang='grc' dir='ltr'>παραλήψονται,</span> <span class='ocrx_word' id='word_1_495' title='bbox 2831 2503 3149 2574; x_wconf 82' lang='grc' dir='ltr'>βεϐαιοῦντα</span> <span class='ocrx_word' id='word_1_496' title='bbox 3213 2503 3312 2567; x_wconf 76' lang='grc' dir='ltr'><strong>τὰς</strong></span> <span class='ocrx_word' id='word_1_497' title='bbox 3369 2503 3577 2557; x_wconf 83' lang='grc' dir='ltr'>ἑαυτῶν</span> <span class='ocrx_word' id='word_1_498' title='bbox 3649 2503 3748 2555; x_wconf 81' lang='grc' dir='ltr'>πί-</span> 
     </span>
    </p>
   </div>
   <div class='ocr_carea' id='block_1_69' title="bbox 2159 2611 2322 2657">
    <p class='ocr_par' dir='ltr' id='par_1_69' title="bbox 2159 2611 2322 2657">
     <span class='ocr_line' id='line_1_69' title="bbox 2159 2611 2322 2657; baseline -0.006 -10"><span class='ocrx_word' id='word_1_499' title='bbox 2159 2611 2322 2657; x_wconf 85' lang='grc' dir='ltr'>στεις.</span> 
     </span>
    </p>
   </div>
   <div class='ocr_carea' id='block_1_70' title="bbox 2234 2678 3743 2753">
    <p class='ocr_par' dir='ltr' id='par_1_70' title="bbox 2234 2678 3743 2753">
     <span class='ocr_line' id='line_1_70' title="bbox 2234 2678 3743 2753; baseline 0.001 -20"><span class='ocrx_word' id='word_1_500' title='bbox 2234 2701 2252 2732; x_wconf 81' lang='grc' dir='ltr'><strong>ι</strong></span> <span class='ocrx_word' id='word_1_501' title='bbox 2287 2681 2507 2749; x_wconf 83' lang='grc' dir='ltr'>Λέγων·</span> <span class='ocrx_word' id='word_1_502' title='bbox 2543 2681 2864 2751; x_wconf 80' lang='grc' dir='ltr'>Δικαιοσύνη</span> <span class='ocrx_word' id='word_1_503' title='bbox 2906 2682 2999 2734; x_wconf 74' lang='grc' dir='ltr'>καὶ</span> <span class='ocrx_word' id='word_1_504' title='bbox 3053 2680 3178 2745; x_wconf 81' lang='grc' dir='ltr'>δόξα</span> <span class='ocrx_word' id='word_1_505' title='bbox 3224 2682 3360 2753; x_wconf 81' lang='grc' dir='ltr'>πρὸς</span> <span class='ocrx_word' id='word_1_506' title='bbox 3398 2681 3561 2736; x_wconf 77' lang='grc' dir='ltr'>αὐτὸν</span> <span class='ocrx_word' id='word_1_507' title='bbox 3590 2678 3743 2751; x_wconf 75' lang='grc' dir='ltr'>ἣξει,</span> 
     </span>
    </p>
   </div>
   <div class='ocr_carea' id='block_1_71' title="bbox 2160 2772 3740 2845">
    <p class='ocr_par' dir='ltr' id='par_1_71' title="bbox 2160 2772 3740 2845">
     <span class='ocr_line' id='line_1_71' title="bbox 2160 2772 3740 2845; baseline 0 -20"><span class='ocrx_word' id='word_1_508' title='bbox 2160 2772 2252 2826; x_wconf 74' lang='grc' dir='ltr'>καὶ</span> <span class='ocrx_word' id='word_1_509' title='bbox 2307 2772 2753 2844; x_wconf 77' lang='grc' dir='ltr'>αίσχυνθήσονται</span> <span class='ocrx_word' id='word_1_510' title='bbox 2793 2774 2991 2838; x_wconf 84' lang='grc' dir='ltr'>πάντες</span> <span class='ocrx_word' id='word_1_511' title='bbox 3024 2776 3071 2826; x_wconf 77' lang='grc' dir='ltr'>οἱ</span> <span class='ocrx_word' id='word_1_512' title='bbox 3108 2774 3432 2845; x_wconf 75' lang='grc' dir='ltr'>διορίζοντες</span> <span class='ocrx_word' id='word_1_513' title='bbox 3458 2772 3681 2837; x_wconf 82' lang='grc' dir='ltr'>αύτούς.</span> <span class='ocrx_word' id='word_1_514' title='bbox 3720 2789 3740 2825; x_wconf 70' lang='grc' dir='ltr'><strong>ι</strong></span> 
     </span>
    </p>
   </div>
   <div class='ocr_carea' id='block_1_72' title="bbox 2160 2863 3747 2936">
    <p class='ocr_par' dir='ltr' id='par_1_72' title="bbox 2160 2863 3747 2936">
     <span class='ocr_line' id='line_1_72' title="bbox 2160 2863 3747 2936; baseline 0 -21"><span class='ocrx_word' id='word_1_515' title='bbox 2160 2864 2337 2916; x_wconf 82' lang='grc' dir='ltr'>Πᾶσαι</span> <span class='ocrx_word' id='word_1_516' title='bbox 2365 2866 2421 2917; x_wconf 79' lang='grc' dir='ltr'>αἱ</span> <span class='ocrx_word' id='word_1_517' title='bbox 2453 2866 2510 2918; x_wconf 88' lang='grc' dir='ltr'><strong>ἐν</strong></span> <span class='ocrx_word' id='word_1_518' title='bbox 2529 2863 2835 2936; x_wconf 84' lang='grc' dir='ltr'>ἀνθρώποις</span> <span class='ocrx_word' id='word_1_519' title='bbox 2857 2866 3047 2936; x_wconf 76' lang='grc' dir='ltr'>ἀρεταὶ</span> <span class='ocrx_word' id='word_1_520' title='bbox 3076 2866 3225 2929; x_wconf 81' lang='grc' dir='ltr'>τέλος</span> <span class='ocrx_word' id='word_1_521' title='bbox 3252 2864 3383 2918; x_wconf 79' lang='grc' dir='ltr'>αὐτὸ</span> <span class='ocrx_word' id='word_1_522' title='bbox 3405 2864 3607 2931; x_wconf 77' lang='grc' dir='ltr'>ἕξουσι,</span> <span class='ocrx_word' id='word_1_523' title='bbox 3645 2865 3747 2918; x_wconf 75' lang='grc' dir='ltr'>καὶ</span> 
     </span>
    </p>
   </div>
   <div class='ocr_carea' id='block_1_73' title="bbox 2160 2955 3749 3028">
    <p class='ocr_par' dir='ltr' id='par_1_73' title="bbox 2160 2955 3749 3028">
     <span class='ocr_line' id='line_1_73' title="bbox 2160 2955 3749 3028; baseline 0.001 -21"><span class='ocrx_word' id='word_1_524' title='bbox 2160 2956 2310 3008; x_wconf 80' lang='grc' dir='ltr'>πᾶσα</span> <span class='ocrx_word' id='word_1_525' title='bbox 2350 2955 2501 3025; x_wconf 84' lang='grc' dir='ltr'>ίσχὺς</span> <span class='ocrx_word' id='word_1_526' title='bbox 2525 2955 2824 3027; x_wconf 84' lang='grc' dir='ltr'>ἀνθρώπων</span> <span class='ocrx_word' id='word_1_527' title='bbox 2852 2956 2959 3009; x_wconf 92' lang='grc' dir='ltr'><strong>τῶν</strong></span> <span class='ocrx_word' id='word_1_528' title='bbox 2983 2958 3121 3028; x_wconf 79' lang='grc' dir='ltr'>ὑπὲρ</span> <span class='ocrx_word' id='word_1_529' title='bbox 3147 2957 3453 3020; x_wconf 86' lang='grc' dir='ltr'>θεοσεϐείας</span> <span class='ocrx_word' id='word_1_530' title='bbox 3478 2959 3749 3025; x_wconf 82' lang='grc' dir='ltr'>ἀγωνισα-</span> 
     </span>
    </p>
   </div>
   <div class='ocr_carea' id='block_1_74' title="bbox 2162 3044 3747 3118">
    <p class='ocr_par' dir='ltr' id='par_1_74' title="bbox 2162 3044 3747 3118">
     <span class='ocr_line' id='line_1_74' title="bbox 2162 3044 3747 3118; baseline 0.003 -21"><span class='ocrx_word' id='word_1_531' title='bbox 2162 3044 2337 3116; x_wconf 83' lang='grc' dir='ltr'>μένων</span> <span class='ocrx_word' id='word_1_532' title='bbox 2377 3046 2511 3117; x_wconf 82' lang='grc' dir='ltr'>πρὸς</span> <span class='ocrx_word' id='word_1_533' title='bbox 2534 3046 2696 3100; x_wconf 80' lang='grc' dir='ltr'>αὑτὸν</span> <span class='ocrx_word' id='word_1_534' title='bbox 2730 3045 3025 3110; x_wconf 83' lang='grc' dir='ltr'>ἐλεύσεται,</span> <span class='ocrx_word' id='word_1_535' title='bbox 3070 3048 3163 3101; x_wconf 81' lang='grc' dir='ltr'>καὶ</span> <span class='ocrx_word' id='word_1_536' title='bbox 3206 3048 3296 3100; x_wconf 87' lang='grc' dir='ltr'>τὸν</span> <span class='ocrx_word' id='word_1_537' title='bbox 3328 3046 3436 3101; x_wconf 94' lang='grc' dir='ltr'><strong>τῶν</strong></span> <span class='ocrx_word' id='word_1_538' title='bbox 3478 3048 3747 3118; x_wconf 65' lang='grc' dir='ltr'>καμάτων</span> 
     </span>
    </p>
   </div>
   <div class='ocr_carea' id='block_1_75' title="bbox 2161 3135 3520 3209">
    <p class='ocr_par' dir='ltr' id='par_1_75' title="bbox 2161 3135 3520 3209">
     <span class='ocr_line' id='line_1_75' title="bbox 2161 3135 3520 3209; baseline 0.004 -23"><span class='ocrx_word' id='word_1_539' title='bbox 2161 3135 2372 3205; x_wconf 84' lang='grc' dir='ltr'>καρπὸν</span> <span class='ocrx_word' id='word_1_540' title='bbox 2402 3137 2501 3205; x_wconf 85' lang='grc' dir='ltr'>τήν</span> <span class='ocrx_word' id='word_1_541' title='bbox 2532 3153 2590 3188; x_wconf 84' lang='grc' dir='ltr'><strong>τε</strong></span> <span class='ocrx_word' id='word_1_542' title='bbox 2624 3137 2854 3208; x_wconf 82' lang='grc' dir='ltr'>ἀμοιϐὴν</span> <span class='ocrx_word' id='word_1_543' title='bbox 2881 3139 2978 3208; x_wconf 85' lang='grc' dir='ltr'>τῆς</span> <span class='ocrx_word' id='word_1_544' title='bbox 3006 3139 3207 3209; x_wconf 83' lang='grc' dir='ltr'>ἀρετῆς</span> <span class='ocrx_word' id='word_1_545' title='bbox 3237 3138 3520 3209; x_wconf 75' lang='grc' dir='ltr'>λήψονται.</span> 
     </span>
    </p>
   </div>
   <div class='ocr_carea' id='block_1_76' title="bbox 2195 3225 3749 3299">
    <p class='ocr_par' dir='ltr' id='par_1_76' title="bbox 2195 3225 3749 3299">
     <span class='ocr_line' id='line_1_76' title="bbox 2195 3225 3749 3299; baseline 0.004 -23"><span class='ocrx_word' id='word_1_546' title='bbox 2195 3260 2203 3267; x_wconf 73' lang='grc' dir='ltr'><strong>ι</strong></span> <span class='ocrx_word' id='word_1_547' title='bbox 2238 3244 2255 3276; x_wconf 76' lang='grc' dir='ltr'><strong>ι</strong></span> <span class='ocrx_word' id='word_1_548' title='bbox 2278 3225 2409 3277; x_wconf 81' lang='grc' dir='ltr'><strong>Ἀπὸ</strong></span> <span class='ocrx_word' id='word_1_549' title='bbox 2422 3227 2624 3297; x_wconf 82' lang='grc' dir='ltr'>Κυρίου</span> <span class='ocrx_word' id='word_1_550' title='bbox 2641 3227 3106 3299; x_wconf 80' lang='grc' dir='ltr'>δικαιωθήσονται,</span> <span class='ocrx_word' id='word_1_551' title='bbox 3140 3229 3231 3281; x_wconf 74' lang='grc' dir='ltr'>καὶ</span> <span class='ocrx_word' id='word_1_552' title='bbox 3258 3230 3314 3281; x_wconf 85' lang='grc' dir='ltr'>ὲν</span> <span class='ocrx_word' id='word_1_553' title='bbox 3343 3228 3420 3299; x_wconf 79' lang='grc' dir='ltr'><strong>τῷ</strong></span> <span class='ocrx_word' id='word_1_554' title='bbox 3451 3228 3568 3299; x_wconf 85' lang='grc' dir='ltr'><strong>Θεῷ</strong></span> <span class='ocrx_word' id='word_1_555' title='bbox 3599 3229 3749 3282; x_wconf 82' lang='grc' dir='ltr'>ἐνδο-</span> 
     </span>
    </p>
   </div>
   <div class='ocr_carea' id='block_1_77' title="bbox 2166 3314 3747 3389">
    <p class='ocr_par' dir='ltr' id='par_1_77' title="bbox 2166 3314 3747 3389">
     <span class='ocr_line' id='line_1_77' title="bbox 2166 3314 3747 3389; baseline 0.003 -22"><span class='ocrx_word' id='word_1_556' title='bbox 2166 3314 2489 3386; x_wconf 80' lang='grc' dir='ltr'>ξασθήσεται</span> <span class='ocrx_word' id='word_1_557' title='bbox 2511 3318 2617 3370; x_wconf 82' lang='grc' dir='ltr'><strong>πᾶν</strong></span> <span class='ocrx_word' id='word_1_558' title='bbox 2634 3317 2693 3369; x_wconf 84' lang='grc' dir='ltr'>τὸ</span> <span class='ocrx_word' id='word_1_559' title='bbox 2712 3318 2929 3388; x_wconf 85' lang='grc' dir='ltr'>σπέρμα</span> <span class='ocrx_word' id='word_1_560' title='bbox 2962 3319 3068 3371; x_wconf 89' lang='grc' dir='ltr'><strong>τῶν</strong></span> <span class='ocrx_word' id='word_1_561' title='bbox 3084 3318 3214 3371; x_wconf 89' lang='grc' dir='ltr'>υίῶν</span> <span class='ocrx_word' id='word_1_562' title='bbox 3230 3318 3462 3389; x_wconf 87' lang='grc' dir='ltr'>Ἰσραήλ.</span> <span class='ocrx_word' id='word_1_563' title='bbox 3477 3337 3493 3367; x_wconf 77' lang='grc' dir='ltr'><strong>ι</strong></span> <span class='ocrx_word' id='word_1_564' title='bbox 3515 3317 3624 3371; x_wconf 75' lang='grc' dir='ltr'><strong>Καὶ</strong></span> <span class='ocrx_word' id='word_1_565' title='bbox 3645 3318 3747 3371; x_wconf 88' lang='grc' dir='ltr'><strong>θέα</strong></span> 
     </span>
    </p>
   </div>
   <div class='ocr_carea' id='block_1_78' title="bbox 2163 3403 3744 3480">
    <p class='ocr_par' dir='ltr' id='par_1_78' title="bbox 2163 3403 3744 3480">
     <span class='ocr_line' id='line_1_78' title="bbox 2163 3403 3744 3480; baseline 0.003 -24"><span class='ocrx_word' id='word_1_566' title='bbox 2163 3404 2261 3473; x_wconf 85' lang='grc' dir='ltr'>τὴν</span> <span class='ocrx_word' id='word_1_567' title='bbox 2282 3404 2563 3476; x_wconf 86' lang='grc' dir='ltr'>ἀκρίϐειαν</span> <span class='ocrx_word' id='word_1_568' title='bbox 2580 3404 2674 3457; x_wconf 88' lang='grc' dir='ltr'><strong>τοῦ</strong></span> <span class='ocrx_word' id='word_1_569' title='bbox 2703 3406 2859 3474; x_wconf 84' lang='grc' dir='ltr'>λόγου</span> <span class='ocrx_word' id='word_1_570' title='bbox 2878 3424 2890 3436; x_wconf 90' lang='grc'><strong>·</strong></span> <span class='ocrx_word' id='word_1_571' title='bbox 2912 3408 2971 3460; x_wconf 80' lang='grc' dir='ltr'><strong>ού</strong></span> <span class='ocrx_word' id='word_1_572' title='bbox 2989 3409 3096 3480; x_wconf 88' lang='grc' dir='ltr'><strong>γὰρ</strong></span> <span class='ocrx_word' id='word_1_573' title='bbox 3123 3428 3139 3458; x_wconf 81' lang='grc' dir='ltr'><strong>ι</strong></span> <span class='ocrx_word' id='word_1_574' title='bbox 3165 3407 3255 3460; x_wconf 83' lang='grc' dir='ltr'>τὸν</span> <span class='ocrx_word' id='word_1_575' title='bbox 3292 3408 3505 3478; x_wconf 83' lang='grc' dir='ltr'>Ἰσραὴλ</span> <span class='ocrx_word' id='word_1_576' title='bbox 3525 3427 3542 3457; x_wconf 76' lang='grc' dir='ltr'><strong>ι</strong></span> <span class='ocrx_word' id='word_1_577' title='bbox 3564 3403 3744 3473; x_wconf 78' lang='grc' dir='ltr'>εἶπεν,</span> 
     </span>
    </p>
   </div>
   <div class='ocr_carea' id='block_1_79' title="bbox 2163 3493 3747 3570">
    <p class='ocr_par' dir='ltr' id='par_1_79' title="bbox 2163 3493 3747 3570">
     <span class='ocr_line' id='line_1_79' title="bbox 2163 3493 3747 3570; baseline 0.003 -26"><span class='ocrx_word' id='word_1_578' title='bbox 2163 3493 2284 3545; x_wconf 84' lang='grc' dir='ltr'>οὐδέ</span> <span class='ocrx_word' id='word_1_579' title='bbox 2335 3511 2353 3544; x_wconf 76' lang='grc' dir='ltr'><strong>ι</strong></span> <span class='ocrx_word' id='word_1_580' title='bbox 2394 3494 2454 3545; x_wconf 86' lang='grc' dir='ltr'>τὸ</span> <span class='ocrx_word' id='word_1_581' title='bbox 2492 3494 2712 3570; x_wconf 77' lang='grc' dir='ltr'>σπέρμα</span> <span class='ocrx_word' id='word_1_582' title='bbox 2766 3495 2998 3567; x_wconf 73' lang='grc' dir='ltr'>Ἰσραὴλ,</span> <span class='ocrx_word' id='word_1_583' title='bbox 3036 3516 3054 3547; x_wconf 78' lang='grc' dir='ltr'><strong>ι</strong></span> <span class='ocrx_word' id='word_1_584' title='bbox 3112 3496 3245 3550; x_wconf 83' lang='grc' dir='ltr'><strong>ἀλλὰ</strong></span> <span class='ocrx_word' id='word_1_585' title='bbox 3275 3496 3337 3550; x_wconf 81' lang='grc' dir='ltr'>τὸ</span> <span class='ocrx_word' id='word_1_586' title='bbox 3379 3496 3600 3567; x_wconf 86' lang='grc' dir='ltr'>σπέρμα</span> <span class='ocrx_word' id='word_1_587' title='bbox 3632 3498 3747 3549; x_wconf 87' lang='grc' dir='ltr'><strong>τῶν</strong></span> 
     </span>
    </p>
   </div>
   <div class='ocr_carea' id='block_1_80' title="bbox 2164 3584 3748 3659">
    <p class='ocr_par' dir='ltr' id='par_1_80' title="bbox 2164 3584 3748 3659">
     <span class='ocr_line' id='line_1_80' title="bbox 2164 3584 3748 3659; baseline 0.002 -22"><span class='ocrx_word' id='word_1_588' title='bbox 2164 3584 2295 3638; x_wconf 90' lang='grc' dir='ltr'>υίῶν</span> <span class='ocrx_word' id='word_1_589' title='bbox 2336 3585 2571 3656; x_wconf 83' lang='grc' dir='ltr'>Ἰσραήλ.</span> <span class='ocrx_word' id='word_1_590' title='bbox 2610 3586 2729 3638; x_wconf 63' lang='grc' dir='ltr'><strong>Υἱοὶ¹</strong></span> <span class='ocrx_word' id='word_1_591' title='bbox 2760 3587 2814 3639; x_wconf 85' lang='grc' dir='ltr'><strong>δέ</strong></span> <span class='ocrx_word' id='word_1_592' title='bbox 2865 3587 3079 3658; x_wconf 81' lang='grc' dir='ltr'>Ἰσραὴλ</span> <span class='ocrx_word' id='word_1_593' title='bbox 3123 3588 3412 3657; x_wconf 85' lang='grc' dir='ltr'>ἐτύγχανον</span> <span class='ocrx_word' id='word_1_594' title='bbox 3449 3590 3498 3641; x_wconf 83' lang='lat' dir='ltr'><strong>ol</strong></span> <span class='ocrx_word' id='word_1_595' title='bbox 3538 3588 3748 3659; x_wconf 87' lang='grc' dir='ltr'>πρῶτοι</span> 
     </span>
    </p>
   </div>
   <div class='ocr_carea' id='block_1_81' title="bbox 2166 3674 3747 3753">
    <p class='ocr_par' dir='ltr' id='par_1_81' title="bbox 2166 3674 3747 3753">
     <span class='ocr_line' id='line_1_81' title="bbox 2166 3674 3747 3753; baseline 0.003 -24"><span class='ocrx_word' id='word_1_596' title='bbox 2166 3678 2405 3747; x_wconf 88' lang='grc' dir='ltr'>κήρυκες</span> <span class='ocrx_word' id='word_1_597' title='bbox 2429 3677 2521 3730; x_wconf 88' lang='grc' dir='ltr'><strong>τοῦ</strong></span> <span class='ocrx_word' id='word_1_598' title='bbox 2549 3677 2813 3749; x_wconf 82' lang='grc' dir='ltr'>σωτηρίου</span> <span class='ocrx_word' id='word_1_599' title='bbox 2840 3680 3189 3747; x_wconf 81' lang='grc' dir='ltr'>Εὑαγγελίου,</span> <span class='ocrx_word' id='word_1_600' title='bbox 3223 3674 3297 3734; x_wconf 82' lang='grc' dir='ltr'>ὧν</span> <span class='ocrx_word' id='word_1_601' title='bbox 3324 3680 3385 3735; x_wconf 71' lang='grc' dir='ltr'>τὸ</span> <span class='ocrx_word' id='word_1_602' title='bbox 3404 3682 3621 3753; x_wconf 81' lang='grc' dir='ltr'>σπέρμα</span> <span class='ocrx_word' id='word_1_603' title='bbox 3650 3684 3747 3735; x_wconf 84' lang='grc' dir='ltr'>καὶ</span> 
     </span>
    </p>
   </div>
   <div class='ocr_carea' id='block_1_82' title="bbox 2166 3762 3747 3841">
    <p class='ocr_par' dir='ltr' id='par_1_82' title="bbox 2166 3762 3747 3841">
     <span class='ocr_line' id='line_1_82' title="bbox 2166 3762 3747 3841; baseline 0.004 -25"><span class='ocrx_word' id='word_1_604' title='bbox 2166 3762 2263 3832; x_wconf 80' lang='grc' dir='ltr'>τὴν</span> <span class='ocrx_word' id='word_1_605' title='bbox 2303 3763 2551 3835; x_wconf 80' lang='grc' dir='ltr'>διαδοχὴν</span> <span class='ocrx_word' id='word_1_606' title='bbox 2598 3765 3047 3838; x_wconf 81' lang='grc' dir='ltr'>δικαιωθήσεσθαι</span> <span class='ocrx_word' id='word_1_607' title='bbox 3082 3771 3174 3824; x_wconf 73' lang='grc' dir='ltr'>καὶ</span> <span class='ocrx_word' id='word_1_608' title='bbox 3205 3770 3626 3841; x_wconf 79' lang='grc' dir='ltr'>δοξασθήσεσθαι</span> <span class='ocrx_word' id='word_1_609' title='bbox 3670 3772 3747 3824; x_wconf 81' lang='grc' dir='ltr'><strong>εἴ-</strong></span> 
     </span>
    </p>
   </div>
   <div class='ocr_carea' id='block_1_83' title="bbox 2170 3872 2354 3927">
    <p class='ocr_par' dir='ltr' id='par_1_83' title="bbox 2170 3872 2354 3927">
     <span class='ocr_line' id='line_1_83' title="bbox 2170 3872 2354 3927; baseline 0.011 -18"><span class='ocrx_word' id='word_1_610' title='bbox 2170 3872 2354 3927; x_wconf 82' lang='grc' dir='ltr'>ρηται.</span> 
     </span>
    </p>
   </div>
   <div class='ocr_carea' id='block_1_84' title="bbox 2659 3951 3248 4017">
    <p class='ocr_par' dir='ltr' id='par_1_84' title="bbox 2659 3951 3248 4017">
     <span class='ocr_line' id='line_1_84' title="bbox 2659 3951 3248 4017; baseline 0.003 -15"><span class='ocrx_word' id='word_1_611' title='bbox 2659 3951 3052 4003; x_wconf 77' lang='grc' dir='ltr'><strong>ΚΕΦΑΛΛΙΟΝ</strong></span> <span class='ocrx_word' id='word_1_612' title='bbox 3098 3952 3248 4017; x_wconf 64' lang='grc' dir='ltr'>Μετ’.</span> 
     </span>
    </p>
   </div>
   <div class='ocr_carea' id='block_1_85' title="bbox 2244 4037 3747 4114">
    <p class='ocr_par' dir='ltr' id='par_1_85' title="bbox 2244 4037 3747 4114">
     <span class='ocr_line' id='line_1_85' title="bbox 2244 4037 3747 4114; baseline 0.005 -26"><span class='ocrx_word' id='word_1_613' title='bbox 2244 4053 2263 4088; x_wconf 73' lang='grc' dir='ltr'><strong>ι</strong></span> <span class='ocrx_word' id='word_1_614' title='bbox 2298 4037 2500 4090; x_wconf 83' lang='grc' dir='ltr'>Ἐπεσε</span> <span class='ocrx_word' id='word_1_615' title='bbox 2552 4039 2679 4110; x_wconf 79' lang='grc' dir='ltr'>Βὴλ,</span> <span class='ocrx_word' id='word_1_616' title='bbox 2746 4042 3031 4114; x_wconf 85' lang='grc' dir='ltr'>συνετρίϐη</span> <span class='ocrx_word' id='word_1_617' title='bbox 3089 4041 3299 4111; x_wconf 85' lang='grc' dir='ltr'>Δαγὼν.</span> <span class='ocrx_word' id='word_1_618' title='bbox 3368 4041 3613 4109; x_wconf 81' lang='grc' dir='ltr'>Ἐγένετο</span> <span class='ocrx_word' id='word_1_619' title='bbox 3678 4045 3747 4098; x_wconf 70' lang='grc' dir='ltr'><strong>τὰ</strong></span> 
     </span>
    </p>
   </div>
   <div class='ocr_carea' id='block_1_86' title="bbox 2169 4129 3749 4207">
    <p class='ocr_par' dir='ltr' id='par_1_86' title="bbox 2169 4129 3749 4207">
     <span class='ocr_line' id='line_1_86' title="bbox 2169 4129 3749 4207; baseline 0.005 -26"><span class='ocrx_word' id='word_1_620' title='bbox 2169 4129 2383 4197; x_wconf 84' lang='grc' dir='ltr'>γλυπτὰ</span> <span class='ocrx_word' id='word_1_621' title='bbox 2409 4131 2586 4185; x_wconf 80' lang='grc' dir='ltr'>αὐτῶν</span> <span class='ocrx_word' id='word_1_622' title='bbox 2621 4134 2699 4197; x_wconf 88' lang='grc' dir='ltr'><strong>εἰς</strong></span> <span class='ocrx_word' id='word_1_623' title='bbox 2724 4134 2885 4205; x_wconf 88' lang='grc' dir='ltr'>θηρία</span> <span class='ocrx_word' id='word_1_624' title='bbox 2909 4134 3089 4188; x_wconf 80' lang='grc' dir='ltr'>καὶτὰ</span> <span class='ocrx_word' id='word_1_625' title='bbox 3110 4136 3298 4207; x_wconf 80' lang='grc' dir='ltr'>κτήνη.</span> <span class='ocrx_word' id='word_1_626' title='bbox 3330 4154 3349 4187; x_wconf 73' lang='grc' dir='ltr'><strong>ι</strong></span> <span class='ocrx_word' id='word_1_627' title='bbox 3386 4134 3494 4205; x_wconf 82' lang='grc' dir='ltr'>Βὴλ</span> <span class='ocrx_word' id='word_1_628' title='bbox 3526 4135 3749 4190; x_wconf 81' lang='grc' dir='ltr'>εἴδωλον</span> 
     </span>
    </p>
   </div>
   <div class='ocr_carea' id='block_1_87' title="bbox 2168 4216 3748 4297">
    <p class='ocr_par' dir='ltr' id='par_1_87' title="bbox 2168 4216 3748 4297">
     <span class='ocr_line' id='line_1_87' title="bbox 2168 4216 3748 4297; baseline 0.003 -22"><span class='ocrx_word' id='word_1_629' title='bbox 2168 4216 2258 4291; x_wconf 77' lang='grc' dir='ltr'>ἦν,</span> <span class='ocrx_word' id='word_1_630' title='bbox 2289 4222 2425 4293; x_wconf 79' lang='grc' dir='ltr'>ὅπερ</span> <span class='ocrx_word' id='word_1_631' title='bbox 2458 4223 2713 4295; x_wconf 84' lang='grc' dir='ltr'>’Έλληνες</span> <span class='ocrx_word' id='word_1_632' title='bbox 2744 4225 2885 4278; x_wconf 71' lang='grc' dir='ltr'>οὕτω</span> <span class='ocrx_word' id='word_1_633' title='bbox 2917 4226 3171 4280; x_wconf 85' lang='grc' dir='ltr'><strong>καλοῦσι⁹</strong></span> <span class='ocrx_word' id='word_1_634' title='bbox 3209 4225 3601 4297; x_wconf 81' lang='grc' dir='ltr'>ἑρμηνεύοντες</span> <span class='ocrx_word' id='word_1_635' title='bbox 3646 4229 3748 4281; x_wconf 87' lang='grc' dir='ltr'>αύ-</span> 
     </span>
    </p>
   </div>
   <div class='ocr_carea' id='block_1_88' title="bbox 2169 4312 3749 4389">
    <p class='ocr_par' dir='ltr' id='par_1_88' title="bbox 2169 4312 3749 4389">
     <span class='ocr_line' id='line_1_88' title="bbox 2169 4312 3749 4389; baseline 0.003 -22"><span class='ocrx_word' id='word_1_636' title='bbox 2169 4315 2260 4367; x_wconf 81' lang='grc' dir='ltr'>τὸν</span> <span class='ocrx_word' id='word_1_637' title='bbox 2292 4312 2428 4369; x_wconf 78' lang='grc' dir='ltr'>εἶναι</span> <span class='ocrx_word' id='word_1_638' title='bbox 2481 4316 2571 4369; x_wconf 79' lang='grc' dir='ltr'>τὸν</span> <span class='ocrx_word' id='word_1_639' title='bbox 2611 4319 2742 4387; x_wconf 79' lang='grc' dir='ltr'>παρ’</span> <span class='ocrx_word' id='word_1_640' title='bbox 2774 4318 2956 4381; x_wconf 80' lang='grc' dir='ltr'>αὐτοῖς</span> <span class='ocrx_word' id='word_1_641' title='bbox 2992 4318 3321 4389; x_wconf 84' lang='grc' dir='ltr'>καλούμενον</span> <span class='ocrx_word' id='word_1_642' title='bbox 3361 4318 3587 4389; x_wconf 86' lang='grc' dir='ltr'>Κρόνον,</span> <span class='ocrx_word' id='word_1_643' title='bbox 3617 4320 3749 4389; x_wconf 76' lang='grc' dir='ltr'>περὶ</span> 
     </span>
    </p>
   </div>
   <div class='ocr_carea' id='block_1_89' title="bbox 2169 4400 3747 4479">
    <p class='ocr_par' dir='ltr' id='par_1_89' title="bbox 2169 4400 3747 4479">
     <span class='ocr_line' id='line_1_89' title="bbox 2169 4400 3747 4479; baseline 0.002 -22"><span class='ocrx_word' id='word_1_644' title='bbox 2169 4404 2228 4458; x_wconf 82' lang='grc' dir='ltr'>ὃν</span> <span class='ocrx_word' id='word_1_645' title='bbox 2256 4405 2425 4468; x_wconf 73' lang='grc' dir='ltr'>οὕτως</span> <span class='ocrx_word' id='word_1_646' title='bbox 2455 4400 2594 4477; x_wconf 83' lang='grc' dir='ltr'>ἦσαν</span> <span class='ocrx_word' id='word_1_647' title='bbox 2618 4408 2667 4459; x_wconf 79' lang='grc' dir='ltr'>οἱ</span> <span class='ocrx_word' id='word_1_648' title='bbox 2700 4408 2917 4461; x_wconf 73' lang='grc' dir='ltr'>παλαιοὶ</span> <span class='ocrx_word' id='word_1_649' title='bbox 2948 4408 3290 4479; x_wconf 83' lang='grc' dir='ltr'>ἐπτοημένοι,</span> <span class='ocrx_word' id='word_1_650' title='bbox 3338 4409 3411 4471; x_wconf 83' lang='grc' dir='ltr'>ὡς</span> <span class='ocrx_word' id='word_1_651' title='bbox 3438 4410 3747 4477; x_wconf 77' lang='grc' dir='ltr'>κατασφάτ-</span> 
     </span>
    </p>
   </div>
   <div class='ocr_carea' id='block_1_90' title="bbox 2171 4498 3749 4572">
    <p class='ocr_par' dir='ltr' id='par_1_90' title="bbox 2171 4498 3749 4572">
     <span class='ocr_line' id='line_1_90' title="bbox 2171 4498 3749 4572; baseline 0.003 -24"><span class='ocrx_word' id='word_1_652' title='bbox 2171 4513 2283 4549; x_wconf 90' lang='grc' dir='ltr'>τειν</span> <span class='ocrx_word' id='word_1_653' title='bbox 2313 4498 2509 4561; x_wconf 80' lang='grc' dir='ltr'>αὐτοὺς</span> <span class='ocrx_word' id='word_1_654' title='bbox 2553 4498 2620 4551; x_wconf 76' lang='grc' dir='ltr'><strong>τὰ</strong></span> <span class='ocrx_word' id='word_1_655' title='bbox 2670 4499 2877 4550; x_wconf 82' lang='grc' dir='ltr'>ἑαυτῶν</span> <span class='ocrx_word' id='word_1_656' title='bbox 2914 4499 3162 4567; x_wconf 71' lang='grc' dir='ltr'>φίλτατα,</span> <span class='ocrx_word' id='word_1_657' title='bbox 3204 4500 3297 4551; x_wconf 71' lang='grc' dir='ltr'>καὶ</span> <span class='ocrx_word' id='word_1_658' title='bbox 3339 4499 3503 4563; x_wconf 85' lang='grc' dir='ltr'>ἄλλας</span> <span class='ocrx_word' id='word_1_659' title='bbox 3548 4501 3749 4572; x_wconf 82' lang='grc' dir='ltr'>μυρίας</span> 
     </span>
    </p>
   </div>
   <div class='ocr_carea' id='block_1_91' title="bbox 507 4588 2061 4674">
    <p class='ocr_par' dir='ltr' id='par_1_91' title="bbox 507 4596 2061 4674">
     <span class='ocr_line' id='line_1_91' title="bbox 507 4596 2061 4674; baseline 0.007 -24"><span class='ocrx_word' id='word_1_660' title='bbox 507 4610 624 4650; x_wconf 87' lang='lat' dir='ltr'><strong>mas</strong></span> <span class='ocrx_word' id='word_1_661' title='bbox 657 4596 762 4666; x_wconf 88' lang='lat' dir='ltr'><strong>ipsi</strong></span> <span class='ocrx_word' id='word_1_662' title='bbox 791 4598 1043 4652; x_wconf 88' lang='lat' dir='ltr'><strong>omnibus</strong></span> <span class='ocrx_word' id='word_1_663' title='bbox 1071 4600 1121 4652; x_wconf 93' lang='lat' dir='ltr'><strong>in</strong></span> <span class='ocrx_word' id='word_1_664' title='bbox 1149 4599 1285 4655; x_wconf 91' lang='lat' dir='ltr'><strong>locis</strong></span> <span class='ocrx_word' id='word_1_665' title='bbox 1319 4600 1596 4657; x_wconf 74' lang='lat' dir='ltr'><strong>offerrent.</strong></span> <span class='ocrx_word' id='word_1_666' title='bbox 1629 4604 1810 4674; x_wconf 91' lang='lat' dir='ltr'><strong>Dagon</strong></span> <span class='ocrx_word' id='word_1_667' title='bbox 1848 4606 1974 4661; x_wconf 90' lang='lat' dir='ltr'><strong>item</strong></span> <span class='ocrx_word' id='word_1_668' title='bbox 2004 4608 2061 4661; x_wconf 90' lang='lat' dir='ltr'><strong>si-</strong></span> 
     </span>
    </p>
   </div>
   <div class='ocr_carea' id='block_1_92' title="bbox 2170 4588 3744 4674">
    <p class='ocr_par' dir='ltr' id='par_1_92' title="bbox 2171 4588 3744 4662">
     <span class='ocr_line' id='line_1_92' title="bbox 2171 4588 3744 4662; baseline 0.002 -21"><span class='ocrx_word' id='word_1_669' title='bbox 2171 4588 2614 4659; x_wconf 82' lang='grc' dir='ltr'>ἀνθρωποθυσίας</span> <span class='ocrx_word' id='word_1_670' title='bbox 2644 4588 2792 4658; x_wconf 84' lang='grc' dir='ltr'><strong>αὐτῷ</strong></span> <span class='ocrx_word' id='word_1_671' title='bbox 2824 4589 2963 4642; x_wconf 79' lang='grc' dir='ltr'>κατὰ</span> <span class='ocrx_word' id='word_1_672' title='bbox 2995 4590 3171 4643; x_wconf 88' lang='grc' dir='ltr'>πάντα</span> <span class='ocrx_word' id='word_1_673' title='bbox 3203 4590 3364 4643; x_wconf 88' lang='grc' dir='ltr'>τόπον</span> <span class='ocrx_word' id='word_1_674' title='bbox 3396 4592 3744 4662; x_wconf 75' lang='grc' dir='ltr'>προσφέρειν.</span> 
     </span>
    </p>
   </div>
   <div class='ocr_carea' id='block_1_93' title="bbox 509 4686 2069 4760">
    <p class='ocr_par' dir='ltr' id='par_1_93' title="bbox 509 4686 2069 4760">
     <span class='ocr_line' id='line_1_93' title="bbox 509 4686 2069 4760; baseline 0.008 -19"><span class='ocrx_word' id='word_1_675' title='bbox 509 4686 812 4741; x_wconf 78' lang='lat' dir='ltr'><strong>mulacrum</strong></span> <span class='ocrx_word' id='word_1_676' title='bbox 849 4698 967 4742; x_wconf 88' lang='lat' dir='ltr'><strong>erat</strong></span> <span class='ocrx_word' id='word_1_677' title='bbox 1004 4690 1459 4760; x_wconf 86' lang='lat' dir='ltr'><strong>alienigenarum,</strong></span> <span class='ocrx_word' id='word_1_678' title='bbox 1493 4694 1932 4750; x_wconf 82' lang='lat' dir='ltr'><strong>Ascalonitarum</strong></span> <span class='ocrx_word' id='word_1_679' title='bbox 1967 4699 2069 4753; x_wconf 87' lang='lat' dir='ltr'><strong>sci-</strong></span> 
     </span>
    </p>
   </div>
   <div class='ocr_carea' id='block_1_94' title="bbox 505 4776 2071 4855">
    <p class='ocr_par' dir='ltr' id='par_1_94' title="bbox 505 4776 2071 4855">
     <span class='ocr_line' id='line_1_94' title="bbox 505 4776 2071 4855; baseline 0.009 -27"><span class='ocrx_word' id='word_1_680' title='bbox 505 4776 632 4830; x_wconf 89' lang='lat' dir='ltr'><strong>licet</strong></span> <span class='ocrx_word' id='word_1_681' title='bbox 674 4785 731 4831; x_wconf 89' lang='lat' dir='ltr'><strong>et</strong></span> <span class='ocrx_word' id='word_1_682' title='bbox 762 4776 1130 4836; x_wconf 86' lang='lat' dir='ltr'><strong>Gazensium:</strong></span> <span class='ocrx_word' id='word_1_683' title='bbox 1175 4797 1312 4852; x_wconf 88' lang='lat' dir='ltr'><strong>quos</strong></span> <span class='ocrx_word' id='word_1_684' title='bbox 1348 4785 1435 4839; x_wconf 91' lang='lat' dir='ltr'><strong>ubi</strong></span> <span class='ocrx_word' id='word_1_685' title='bbox 1473 4787 1753 4855; x_wconf 89' lang='lat' dir='ltr'><strong>speciatim</strong></span> <span class='ocrx_word' id='word_1_686' title='bbox 1804 4802 2071 4843; x_wconf 88' lang='lat' dir='ltr'><strong>memora-</strong></span> 
     </span>
    </p>
   </div>
   <div class='ocr_carea' id='block_1_95' title="bbox 503 4866 2071 4947">
    <p class='ocr_par' dir='ltr' id='par_1_95' title="bbox 503 4866 2071 4947">
     <span class='ocr_line' id='line_1_95' title="bbox 503 4866 2071 4947; baseline 0.011 -28"><span class='ocrx_word' id='word_1_687' title='bbox 503 4866 602 4931; x_wconf 83' lang='lat' dir='ltr'><strong>vit,</strong></span> <span class='ocrx_word' id='word_1_688' title='bbox 632 4867 826 4924; x_wconf 89' lang='lat' dir='ltr'><strong>deinde</strong></span> <span class='ocrx_word' id='word_1_689' title='bbox 857 4872 1155 4940; x_wconf 83' lang='lat' dir='ltr'><strong>generatim</strong></span> <span class='ocrx_word' id='word_1_690' title='bbox 1199 4876 1266 4927; x_wconf 87' lang='lat' dir='ltr'><strong>de</strong></span> <span class='ocrx_word' id='word_1_691' title='bbox 1297 4876 1548 4931; x_wconf 90' lang='lat' dir='ltr'><strong>omnibus</strong></span> <span class='ocrx_word' id='word_1_692' title='bbox 1586 4878 1784 4947; x_wconf 90' lang='lat' dir='ltr'><strong>ubique</strong></span> <span class='ocrx_word' id='word_1_693' title='bbox 1814 4880 1916 4933; x_wconf 90' lang='lat' dir='ltr'><strong>diis</strong></span> <span class='ocrx_word' id='word_1_694' title='bbox 1958 4882 2071 4937; x_wconf 83' lang='lat' dir='ltr'><strong>haec</strong></span> 
     </span>
    </p>
   </div>
   <div class='ocr_carea' id='block_1_96' title="bbox 508 4958 2072 5038">
    <p class='ocr_par' dir='ltr' id='par_1_96' title="bbox 508 4958 2072 5038">
     <span class='ocr_line' id='line_1_96' title="bbox 508 4958 2072 5038; baseline 0.01 -25"><span class='ocrx_word' id='word_1_695' title='bbox 508 4958 790 5031; x_wconf 87' lang='lat' dir='ltr'><strong>subiungit</strong></span> <span class='ocrx_word' id='word_1_696' title='bbox 829 4978 842 5015; x_wconf 95' lang='lat'><strong>:</strong></span> <span class='ocrx_word' id='word_1_697' title='bbox 875 4980 894 5013; x_wconf 73' lang='grc' dir='ltr'>ς</span> <span class='ocrx_word' id='word_1_698' title='bbox 931 4960 1094 5017; x_wconf 89' lang='lat' dir='ltr'><strong>Facta</strong></span> <span class='ocrx_word' id='word_1_699' title='bbox 1122 4976 1251 5019; x_wconf 85' lang='lat' dir='ltr'><strong>sunt</strong></span> <span class='ocrx_word' id='word_1_700' title='bbox 1282 4968 1545 5038; x_wconf 86' lang='lat' dir='ltr'><strong>sculptilia</strong></span> <span class='ocrx_word' id='word_1_701' title='bbox 1578 4987 1762 5025; x_wconf 88' lang='lat' dir='ltr'><strong>eorum</strong></span> <span class='ocrx_word' id='word_1_702' title='bbox 1794 4973 1845 5027; x_wconf 92' lang='lat' dir='ltr'><strong>in</strong></span> <span class='ocrx_word' id='word_1_703' title='bbox 1876 4974 2072 5031; x_wconf 89' lang='lat' dir='ltr'><strong>bestias</strong></span> 
     </span>
    </p>
   </div>
   <div class='ocr_carea' id='block_1_97' title="bbox 504 5051 2070 5135">
    <p class='ocr_par' dir='ltr' id='par_1_97' title="bbox 504 5051 2070 5135">
     <span class='ocr_line' id='line_1_97' title="bbox 504 5051 2070 5135; baseline 0.009 -29"><span class='ocrx_word' id='word_1_704' title='bbox 504 5060 561 5106; x_wconf 79' lang='lat' dir='ltr'><strong>et</strong></span> <span class='ocrx_word' id='word_1_705' title='bbox 591 5051 644 5107; x_wconf 93' lang='lat' dir='ltr'><strong>in</strong></span> <span class='ocrx_word' id='word_1_706' title='bbox 668 5052 932 5123; x_wconf 87' lang='lat' dir='ltr'><strong>iumenta.</strong></span> <span class='ocrx_word' id='word_1_707' title='bbox 981 5074 1000 5106; x_wconf 77' lang='grc' dir='ltr'><strong>ι</strong></span> <span class='ocrx_word' id='word_1_708' title='bbox 1034 5055 1186 5122; x_wconf 88' lang='lat' dir='ltr'><strong>Quod</strong></span> <span class='ocrx_word' id='word_1_709' title='bbox 1219 5057 1404 5113; x_wconf 82' lang='lat' dir='ltr'><strong>videre</strong></span> <span class='ocrx_word' id='word_1_710' title='bbox 1442 5070 1528 5114; x_wconf 88' lang='lat' dir='ltr'><strong>est</strong></span> <span class='ocrx_word' id='word_1_711' title='bbox 1560 5062 1612 5115; x_wconf 93' lang='lat' dir='ltr'><strong>in</strong></span> <span class='ocrx_word' id='word_1_712' title='bbox 1664 5072 1771 5117; x_wconf 92' lang='lat' dir='ltr'><strong>tota</strong></span> <span class='ocrx_word' id='word_1_713' title='bbox 1804 5063 2070 5135; x_wconf 65' lang='lat' dir='ltr'><strong>Egypto,</strong></span> 
     </span>
    </p>
   </div>
   <div class='ocr_carea' id='block_1_98' title="bbox 504 5143 2074 5223">
    <p class='ocr_par' dir='ltr' id='par_1_98' title="bbox 504 5143 2074 5223">
     <span class='ocr_line' id='line_1_98' title="bbox 504 5143 2074 5223; baseline 0.008 -25"><span class='ocrx_word' id='word_1_714' title='bbox 504 5143 595 5199; x_wconf 82' lang='lat' dir='ltr'><strong>ubi</strong></span> <span class='ocrx_word' id='word_1_715' title='bbox 625 5145 810 5199; x_wconf 80' lang='lat' dir='ltr'><strong>omnia</strong></span> <span class='ocrx_word' id='word_1_716' title='bbox 863 5143 1098 5202; x_wconf 76' lang='lat' dir='ltr'><strong>ferarum</strong></span> <span class='ocrx_word' id='word_1_717' title='bbox 1136 5162 1201 5203; x_wconf 91' lang='lat' dir='ltr'><strong>ac</strong></span> <span class='ocrx_word' id='word_1_718' title='bbox 1228 5148 1589 5217; x_wconf 89' lang='lat' dir='ltr'><strong>iumentorum</strong></span> <span class='ocrx_word' id='word_1_719' title='bbox 1630 5168 1826 5223; x_wconf 81' lang='lat' dir='ltr'><strong>genera</strong></span> <span class='ocrx_word' id='word_1_720' title='bbox 1857 5165 1914 5209; x_wconf 86' lang='lat' dir='ltr'><strong>ut</strong></span> <span class='ocrx_word' id='word_1_721' title='bbox 1947 5157 2074 5211; x_wconf 80' lang='lat' dir='ltr'><strong>deos</strong></span> 
     </span>
    </p>
   </div>
   <div class='ocr_carea' id='block_1_99' title="bbox 508 5236 987 5293">
    <p class='ocr_par' dir='ltr' id='par_1_99' title="bbox 508 5236 987 5293">
     <span class='ocr_line' id='line_1_99' title="bbox 508 5236 987 5293; baseline 0.004 -4"><span class='ocrx_word' id='word_1_722' title='bbox 508 5236 754 5291; x_wconf 82' lang='lat' dir='ltr'><strong>venerari</strong></span> <span class='ocrx_word' id='word_1_723' title='bbox 788 5236 987 5293; x_wconf 86' lang='lat' dir='ltr'><strong>solent.</strong></span> 
     </span>
    </p>
   </div>
   <div class='ocr_carea' id='block_1_100' title="bbox 578 5411 2071 5490">
    <p class='ocr_par' dir='ltr' id='par_1_100' title="bbox 578 5411 2071 5490">
     <span class='ocr_line' id='line_1_100' title="bbox 578 5411 2071 5490; baseline 0.007 -23"><span class='ocrx_word' id='word_1_724' title='bbox 578 5412 742 5467; x_wconf 70' lang='lat' dir='ltr'><strong>Vens.</strong></span> <span class='ocrx_word' id='word_1_725' title='bbox 776 5411 831 5467; x_wconf 73' lang='grc'>2.</span> <span class='ocrx_word' id='word_1_726' title='bbox 868 5432 888 5465; x_wconf 77' lang='grc' dir='ltr'><strong>ι</strong></span> <span class='ocrx_word' id='word_1_727' title='bbox 928 5414 1169 5472; x_wconf 83' lang='lat' dir='ltr'><strong>Portatis</strong></span> <span class='ocrx_word' id='word_1_728' title='bbox 1204 5432 1268 5472; x_wconf 89' lang='lat' dir='ltr'><strong>ea</strong></span> <span class='ocrx_word' id='word_1_729' title='bbox 1309 5418 1545 5489; x_wconf 87' lang='lat' dir='ltr'><strong>alligata,</strong></span> <span class='ocrx_word' id='word_1_730' title='bbox 1577 5421 1732 5490; x_wconf 89' lang='lat' dir='ltr'><strong>quasi</strong></span> <span class='ocrx_word' id='word_1_731' title='bbox 1766 5436 1901 5476; x_wconf 89' lang='lat' dir='ltr'><strong>onus</strong></span> <span class='ocrx_word' id='word_1_732' title='bbox 1928 5422 2071 5477; x_wconf 83' lang='lat' dir='ltr'><strong>labo-</strong></span> 
     </span>
    </p>
   </div>
   <div class='ocr_carea' id='block_1_101' title="bbox 505 5506 2071 5581">
    <p class='ocr_par' dir='ltr' id='par_1_101' title="bbox 505 5506 2071 5581">
     <span class='ocr_line' id='line_1_101' title="bbox 505 5506 2071 5581; baseline 0.005 -22"><span class='ocrx_word' id='word_1_733' title='bbox 505 5506 670 5571; x_wconf 74' lang='lat' dir='ltr'><strong>tanti,</strong></span> <span class='ocrx_word' id='word_1_734' title='bbox 704 5506 997 5573; x_wconf 73' lang='lat' dir='ltr'><strong>deﬁcienti,</strong></span> <span class='ocrx_word' id='word_1_735' title='bbox 1022 5516 1077 5562; x_wconf 86' lang='lat' dir='ltr'><strong>et</strong></span> <span class='ocrx_word' id='word_1_736' title='bbox 1112 5508 1351 5574; x_wconf 82' lang='lat' dir='ltr'><strong>sitienti;</strong></span> <span class='ocrx_word' id='word_1_737' title='bbox 1396 5526 1493 5565; x_wconf 89' lang='lat' dir='ltr'><strong>nec</strong></span> <span class='ocrx_word' id='word_1_738' title='bbox 1518 5512 1713 5565; x_wconf 84' lang='lat' dir='ltr'><strong>valenti</strong></span> <span class='ocrx_word' id='word_1_739' title='bbox 1751 5512 1910 5565; x_wconf 88' lang='lat' dir='ltr'><strong>simul</strong></span> <span class='ocrx_word' id='word_1_740' title='bbox 1944 5514 2071 5581; x_wconf 87' lang='lat' dir='ltr'><strong>:qni</strong></span> 
     </span>
    </p>
   </div>
   <div class='ocr_carea' id='block_1_102' title="bbox 508 5597 2050 5674">
    <p class='ocr_par' dir='ltr' id='par_1_102' title="bbox 508 5597 2050 5674">
     <span class='ocr_line' id='line_1_102' title="bbox 508 5597 2050 5674; baseline 0.008 -27"><span class='ocrx_word' id='word_1_741' title='bbox 508 5608 616 5647; x_wconf 86' lang='lat' dir='ltr'><strong>non</strong></span> <span class='ocrx_word' id='word_1_742' title='bbox 650 5604 907 5663; x_wconf 90' lang='lat' dir='ltr'><strong>poterunt</strong></span> <span class='ocrx_word' id='word_1_743' title='bbox 940 5597 1139 5654; x_wconf 88' lang='lat' dir='ltr'><strong>salvari</strong></span> <span class='ocrx_word' id='word_1_744' title='bbox 1166 5616 1194 5654; x_wconf 90' lang='lat' dir='ltr'><strong>a</strong></span> <span class='ocrx_word' id='word_1_745' title='bbox 1232 5602 1389 5655; x_wconf 90' lang='lat' dir='ltr'><strong>bello.</strong></span> <span class='ocrx_word' id='word_1_746' title='bbox 1442 5603 1545 5673; x_wconf 89' lang='lat' dir='ltr'><strong>Ipsi</strong></span> <span class='ocrx_word' id='word_1_747' title='bbox 1595 5619 1724 5660; x_wconf 86' lang='lat' dir='ltr'><strong>vero</strong></span> <span class='ocrx_word' id='word_1_748' title='bbox 1753 5606 1947 5674; x_wconf 79' lang='lat' dir='ltr'><strong>captivi</strong></span> <span class='ocrx_word' id='word_1_749' title='bbox 1982 5607 2050 5659; x_wconf 85' lang='lat' dir='ltr'><strong>ab</strong></span> 
     </span>
    </p>
   </div>
   <div class='ocr_carea' id='block_1_103' title="bbox 510 5684 2073 5763">
    <p class='ocr_par' dir='ltr' id='par_1_103' title="bbox 510 5684 2073 5763">
     <span class='ocr_line' id='line_1_103' title="bbox 510 5684 2073 5763; baseline 0.007 -26"><span class='ocrx_word' id='word_1_750' title='bbox 510 5684 655 5739; x_wconf 84' lang='lat' dir='ltr'><strong>ducti</strong></span> <span class='ocrx_word' id='word_1_751' title='bbox 706 5697 855 5743; x_wconf 90' lang='lat' dir='ltr'><strong>sunt.</strong></span> <span class='ocrx_word' id='word_1_752' title='bbox 891 5708 910 5741; x_wconf 73' lang='grc' dir='ltr'><strong>ι</strong></span> <span class='ocrx_word' id='word_1_753' title='bbox 957 5689 1082 5745; x_wconf 69' lang='lat' dir='ltr'><strong>Haec</strong></span> <span class='ocrx_word' id='word_1_754' title='bbox 1143 5693 1319 5760; x_wconf 86' lang='lat' dir='ltr'><strong>reipsa</strong></span> <span class='ocrx_word' id='word_1_755' title='bbox 1373 5694 1572 5748; x_wconf 86' lang='lat' dir='ltr'><strong>nostris</strong></span> <span class='ocrx_word' id='word_1_756' title='bbox 1620 5696 1949 5763; x_wconf 89' lang='lat' dir='ltr'><strong>temporibus</strong></span> <span class='ocrx_word' id='word_1_757' title='bbox 2006 5698 2073 5748; x_wconf 84' lang='lat' dir='ltr'><strong>ad</strong></span> 
     </span>
    </p>
   </div>
   <div class='ocr_carea' id='block_1_104' title="bbox 511 5772 2071 5855">
    <p class='ocr_par' dir='ltr' id='par_1_104' title="bbox 511 5772 2071 5855">
     <span class='ocr_line' id='line_1_104' title="bbox 511 5772 2071 5855; baseline 0.009 -30"><span class='ocrx_word' id='word_1_758' title='bbox 511 5772 744 5829; x_wconf 87' lang='lat' dir='ltr'><strong>litteram</strong></span> <span class='ocrx_word' id='word_1_759' title='bbox 770 5789 1070 5833; x_wconf 86' lang='lat' dir='ltr'><strong>evenerunt</strong></span> <span class='ocrx_word' id='word_1_760' title='bbox 1111 5799 1123 5834; x_wconf 92' lang='lat'>:</span> <span class='ocrx_word' id='word_1_761' title='bbox 1157 5796 1221 5835; x_wconf 92' lang='lat' dir='ltr'><strong>ac</strong></span> <span class='ocrx_word' id='word_1_762' title='bbox 1270 5784 1566 5837; x_wconf 86' lang='lat' dir='ltr'><strong>secundum</strong></span> <span class='ocrx_word' id='word_1_763' title='bbox 1621 5784 1950 5855; x_wconf 85' lang='lat' dir='ltr'><strong>intelligendi</strong></span> <span class='ocrx_word' id='word_1_764' title='bbox 1989 5800 2071 5839; x_wconf 87' lang='lat' dir='ltr'><strong>ra-</strong></span> 
     </span>
    </p>
   </div>
   <div class='ocr_carea' id='block_1_105' title="bbox 514 5866 2071 5945">
    <p class='ocr_par' dir='ltr' id='par_1_105' title="bbox 514 5866 2071 5945">
     <span class='ocr_line' id='line_1_105' title="bbox 514 5866 2071 5945; baseline 0.01 -28"><span class='ocrx_word' id='word_1_765' title='bbox 514 5866 713 5922; x_wconf 90' lang='lat' dir='ltr'><strong>tionem</strong></span> <span class='ocrx_word' id='word_1_766' title='bbox 754 5883 941 5939; x_wconf 82' lang='lat' dir='ltr'><strong>grave,</strong></span> <span class='ocrx_word' id='word_1_767' title='bbox 978 5872 1170 5927; x_wconf 87' lang='lat' dir='ltr'><strong>durum</strong></span> <span class='ocrx_word' id='word_1_768' title='bbox 1201 5883 1255 5929; x_wconf 88' lang='lat' dir='ltr'><strong>et</strong></span> <span class='ocrx_word' id='word_1_769' title='bbox 1310 5874 1633 5930; x_wconf 83' lang='lat' dir='ltr'><strong>diabolicum</strong></span> <span class='ocrx_word' id='word_1_770' title='bbox 1678 5891 1851 5945; x_wconf 91' lang='lat' dir='ltr'><strong>onus,</strong></span> <span class='ocrx_word' id='word_1_771' title='bbox 1904 5878 2071 5933; x_wconf 91' lang='lat' dir='ltr'><strong>idolo-</strong></span> 
     </span>
    </p>
   </div>
   <div class='ocr_carea' id='block_1_106' title="bbox 2172 4674 3747 4749">
    <p class='ocr_par' dir='ltr' id='par_1_106' title="bbox 2172 4674 3747 4749">
     <span class='ocr_line' id='line_1_106' title="bbox 2172 4674 3747 4749; baseline 0 -19"><span class='ocrx_word' id='word_1_772' title='bbox 2172 4677 2361 4746; x_wconf 88' lang='grc' dir='ltr'>Δαγὼν</span> <span class='ocrx_word' id='word_1_773' title='bbox 2389 4678 2444 4731; x_wconf 85' lang='grc' dir='ltr'><strong>δέ</strong></span> <span class='ocrx_word' id='word_1_774' title='bbox 2472 4679 2563 4731; x_wconf 79' lang='grc' dir='ltr'>καὶ</span> <span class='ocrx_word' id='word_1_775' title='bbox 2586 4679 2714 4730; x_wconf 83' lang='grc' dir='ltr'>αὐτὸ</span> <span class='ocrx_word' id='word_1_776' title='bbox 2744 4678 2926 4741; x_wconf 79' lang='grc' dir='ltr'>ξόανον</span> <span class='ocrx_word' id='word_1_777' title='bbox 2955 4674 3023 4749; x_wconf 82' lang='grc' dir='ltr'>ἦν</span> <span class='ocrx_word' id='word_1_778' title='bbox 3049 4678 3157 4731; x_wconf 89' lang='grc' dir='ltr'><strong>τῶν</strong></span> <span class='ocrx_word' id='word_1_779' title='bbox 3186 4678 3493 4746; x_wconf 78' lang='grc' dir='ltr'>ἀλλοφύλων</span> <span class='ocrx_word' id='word_1_780' title='bbox 3519 4678 3625 4731; x_wconf 91' lang='grc' dir='ltr'><strong>τῶν</strong></span> <span class='ocrx_word' id='word_1_781' title='bbox 3647 4680 3747 4748; x_wconf 72' lang='grc' dir='ltr'>τὴν</span> 
     </span>
    </p>
   </div>
   <div class='ocr_carea' id='block_1_107' title="bbox 2184 4771 3749 4842">
    <p class='ocr_par' dir='ltr' id='par_1_107' title="bbox 2184 4771 3749 4842">
     <span class='ocr_line' id='line_1_107' title="bbox 2184 4771 3749 4842; baseline -0.001 -18"><span class='ocrx_word' id='word_1_782' title='bbox 2184 4771 2495 4825; x_wconf 86' lang='grc' dir='ltr'>Ἀσκάλωνα</span> <span class='ocrx_word' id='word_1_783' title='bbox 2545 4772 2639 4824; x_wconf 77' lang='grc' dir='ltr'>καὶ</span> <span class='ocrx_word' id='word_1_784' title='bbox 2688 4771 2784 4842; x_wconf 81' lang='grc' dir='ltr'>τὴν</span> <span class='ocrx_word' id='word_1_785' title='bbox 2811 4772 2988 4835; x_wconf 78' lang='grc' dir='ltr'>Γάζαν</span> <span class='ocrx_word' id='word_1_786' title='bbox 3018 4771 3335 4825; x_wconf 81' lang='grc' dir='ltr'>οἰκούντων·</span> <span class='ocrx_word' id='word_1_787' title='bbox 3373 4772 3465 4824; x_wconf 71' lang='grc' dir='ltr'>καὶ</span> <span class='ocrx_word' id='word_1_788' title='bbox 3492 4772 3555 4842; x_wconf 83' lang='grc' dir='ltr'>δὴ</span> <span class='ocrx_word' id='word_1_789' title='bbox 3594 4788 3749 4842; x_wconf 82' lang='grc' dir='ltr'>μερι-</span> 
     </span>
    </p>
   </div>
   <div class='ocr_carea' id='block_1_108' title="bbox 2172 4861 3747 4943">
    <p class='ocr_par' dir='ltr' id='par_1_108' title="bbox 2172 4861 3747 4943">
     <span class='ocr_line' id='line_1_108' title="bbox 2172 4861 3747 4943; baseline -0.001 -28"><span class='ocrx_word' id='word_1_790' title='bbox 2172 4862 2282 4926; x_wconf 87' lang='grc' dir='ltr'><strong>κῶς</strong></span> <span class='ocrx_word' id='word_1_791' title='bbox 2297 4862 2495 4943; x_wconf 77' lang='grc' dir='ltr'>τούτων</span> <span class='ocrx_word' id='word_1_792' title='bbox 2514 4862 2892 4933; x_wconf 71' lang='grc' dir='ltr'>μνημονεύσας</span> <span class='ocrx_word' id='word_1_793' title='bbox 2920 4864 2948 4914; x_wconf 87' lang='grc' dir='ltr'>ὁ</span> <span class='ocrx_word' id='word_1_794' title='bbox 2980 4862 3154 4930; x_wconf 85' lang='grc' dir='ltr'>λόγος,</span> <span class='ocrx_word' id='word_1_795' title='bbox 3179 4862 3302 4933; x_wconf 77' lang='grc' dir='ltr'><strong>ὲξῆς</strong></span> <span class='ocrx_word' id='word_1_796' title='bbox 3319 4861 3747 4932; x_wconf 81' lang='grc' dir='ltr'>καθολικώτερον</span> 
     </span>
    </p>
   </div>
   <div class='ocr_carea' id='block_1_109' title="bbox 2173 4955 3742 5026">
    <p class='ocr_par' dir='ltr' id='par_1_109' title="bbox 2173 4955 3742 5026">
     <span class='ocr_line' id='line_1_109' title="bbox 2173 4955 3742 5026; baseline -0.002 -18"><span class='ocrx_word' id='word_1_797' title='bbox 2173 4956 2300 5026; x_wconf 70' lang='grc' dir='ltr'>περὶ</span> <span class='ocrx_word' id='word_1_798' title='bbox 2321 4956 2534 5010; x_wconf 82' lang='grc' dir='ltr'>πάντων</span> <span class='ocrx_word' id='word_1_799' title='bbox 2558 4955 2665 5007; x_wconf 90' lang='grc' dir='ltr'><strong>τῶν</strong></span> <span class='ocrx_word' id='word_1_800' title='bbox 2690 4956 2999 5025; x_wconf 85' lang='grc' dir='ltr'>ἁπανταχοῦ</span> <span class='ocrx_word' id='word_1_801' title='bbox 3023 4957 3265 5009; x_wconf 85' lang='grc' dir='ltr'>θεοποιου</span> <span class='ocrx_word' id='word_1_802' title='bbox 3274 4956 3445 5025; x_wconf 83' lang='grc' dir='ltr'>μένων</span> <span class='ocrx_word' id='word_1_803' title='bbox 3464 4955 3742 5025; x_wconf 69' lang='grc' dir='ltr'>ἐπιφέρει·</span> 
     </span>
    </p>
   </div>
   <div class='ocr_carea' id='block_1_110' title="bbox 2179 5046 3742 5117">
    <p class='ocr_par' dir='ltr' id='par_1_110' title="bbox 2179 5046 3742 5117">
     <span class='ocr_line' id='line_1_110' title="bbox 2179 5046 3742 5117; baseline 0.001 -21"><span class='ocrx_word' id='word_1_804' title='bbox 2179 5064 2196 5096; x_wconf 80' lang='grc' dir='ltr'><strong>ι</strong></span> <span class='ocrx_word' id='word_1_805' title='bbox 2245 5046 2488 5115; x_wconf 79' lang='grc' dir='ltr'>Ἐγένετο</span> <span class='ocrx_word' id='word_1_806' title='bbox 2517 5046 2584 5099; x_wconf 71' lang='grc' dir='ltr'><strong>τὰ</strong></span> <span class='ocrx_word' id='word_1_807' title='bbox 2616 5046 2829 5115; x_wconf 82' lang='grc' dir='ltr'>γλυπτὰ</span> <span class='ocrx_word' id='word_1_808' title='bbox 2855 5048 3029 5100; x_wconf 82' lang='grc' dir='ltr'>αὐτῶν</span> <span class='ocrx_word' id='word_1_809' title='bbox 3054 5048 3130 5109; x_wconf 85' lang='grc' dir='ltr'><strong>είς</strong></span> <span class='ocrx_word' id='word_1_810' title='bbox 3163 5047 3327 5117; x_wconf 86' lang='grc' dir='ltr'>θηρία</span> <span class='ocrx_word' id='word_1_811' title='bbox 3372 5048 3463 5099; x_wconf 70' lang='grc' dir='ltr'>καὶ</span> <span class='ocrx_word' id='word_1_812' title='bbox 3488 5048 3676 5116; x_wconf 80' lang='grc' dir='ltr'>κτήνη.</span> <span class='ocrx_word' id='word_1_813' title='bbox 3724 5063 3742 5097; x_wconf 72' lang='grc' dir='ltr'><strong>ι</strong></span> 
     </span>
    </p>
   </div>
   <div class='ocr_carea' id='block_1_111' title="bbox 2173 5138 3744 5215">
    <p class='ocr_par' dir='ltr' id='par_1_111' title="bbox 2173 5138 3744 5215">
     <span class='ocr_line' id='line_1_111' title="bbox 2173 5138 3744 5215; baseline 0 -25"><span class='ocrx_word' id='word_1_814' title='bbox 2173 5139 2284 5215; x_wconf 74' lang='grc' dir='ltr'><strong>Καὶ</strong></span> <span class='ocrx_word' id='word_1_815' title='bbox 2315 5138 2484 5191; x_wconf 85' lang='grc' dir='ltr'>ταῦτα</span> <span class='ocrx_word' id='word_1_816' title='bbox 2525 5139 2581 5191; x_wconf 87' lang='grc' dir='ltr'><strong>δέ</strong></span> <span class='ocrx_word' id='word_1_817' title='bbox 2619 5142 2733 5192; x_wconf 80' lang='grc' dir='ltr'>ἐστι</span> <span class='ocrx_word' id='word_1_818' title='bbox 2767 5139 2888 5192; x_wconf 76' lang='grc' dir='ltr'>καθ’</span> <span class='ocrx_word' id='word_1_819' title='bbox 2917 5139 3043 5210; x_wconf 81' lang='grc' dir='ltr'>ὅλης</span> <span class='ocrx_word' id='word_1_820' title='bbox 3071 5139 3297 5191; x_wconf 81' lang='grc' dir='ltr'>συνιδεῖν</span> <span class='ocrx_word' id='word_1_821' title='bbox 3330 5142 3427 5208; x_wconf 81' lang='grc' dir='ltr'>τῆς</span> <span class='ocrx_word' id='word_1_822' title='bbox 3449 5140 3744 5207; x_wconf 78' lang='grc' dir='ltr'>Αἰγύπτου,</span> 
     </span>
    </p>
   </div>
   <div class='ocr_carea' id='block_1_112' title="bbox 2174 5228 3746 5301">
    <p class='ocr_par' dir='ltr' id='par_1_112' title="bbox 2174 5228 3746 5301">
     <span class='ocr_line' id='line_1_112' title="bbox 2174 5228 3746 5301; baseline -0.001 -19"><span class='ocrx_word' id='word_1_823' title='bbox 2174 5228 2301 5282; x_wconf 77' lang='grc' dir='ltr'>ἔνθα</span> <span class='ocrx_word' id='word_1_824' title='bbox 2354 5229 2567 5281; x_wconf 75' lang='grc' dir='ltr'>πάντων</span> <span class='ocrx_word' id='word_1_825' title='bbox 2615 5229 2819 5301; x_wconf 88' lang='grc' dir='ltr'>θηρίων</span> <span class='ocrx_word' id='word_1_826' title='bbox 2866 5230 2957 5283; x_wconf 79' lang='grc' dir='ltr'>καὶ</span> <span class='ocrx_word' id='word_1_827' title='bbox 3014 5230 3226 5299; x_wconf 87' lang='grc' dir='ltr'>κτηνῶν</span> <span class='ocrx_word' id='word_1_828' title='bbox 3270 5230 3423 5297; x_wconf 85' lang='grc' dir='ltr'>γένος</span> <span class='ocrx_word' id='word_1_829' title='bbox 3466 5228 3641 5281; x_wconf 85' lang='grc' dir='ltr'>σέϐειν</span> <span class='ocrx_word' id='word_1_830' title='bbox 3672 5230 3746 5293; x_wconf 80' lang='grc' dir='ltr'>ὡς</span> 
     </span>
    </p>
   </div>
   <div class='ocr_carea' id='block_1_113' title="bbox 2175 5320 2603 5382">
    <p class='ocr_par' dir='ltr' id='par_1_113' title="bbox 2175 5320 2603 5382">
     <span class='ocr_line' id='line_1_113' title="bbox 2175 5320 2603 5382; baseline 0.002 -11"><span class='ocrx_word' id='word_1_831' title='bbox 2175 5320 2327 5382; x_wconf 80' lang='grc' dir='ltr'>θεοὺς</span> <span class='ocrx_word' id='word_1_832' title='bbox 2360 5320 2603 5373; x_wconf 79' lang='grc' dir='ltr'>εἰώθασι.</span> 
     </span>
    </p>
   </div>
   <div class='ocr_carea' id='block_1_114' title="bbox 2251 5431 3745 5507">
    <p class='ocr_par' dir='ltr' id='par_1_114' title="bbox 2251 5431 3745 5507">
     <span class='ocr_line' id='line_1_114' title="bbox 2251 5431 3745 5507; baseline 0.005 -24"><span class='ocrx_word' id='word_1_833' title='bbox 2251 5446 2270 5481; x_wconf 71' lang='grc' dir='ltr'><strong>ι</strong></span> <span class='ocrx_word' id='word_1_834' title='bbox 2306 5431 2499 5503; x_wconf 83' lang='grc' dir='ltr'>Αἴρετε</span> <span class='ocrx_word' id='word_1_835' title='bbox 2523 5433 2661 5486; x_wconf 80' lang='grc' dir='ltr'>αὐτὰ</span> <span class='ocrx_word' id='word_1_836' title='bbox 2688 5433 3086 5505; x_wconf 83' lang='grc' dir='ltr'>καταδεδεμένα</span> <span class='ocrx_word' id='word_1_837' title='bbox 3115 5435 3190 5498; x_wconf 79' lang='grc' dir='ltr'><strong>ὡς</strong></span> <span class='ocrx_word' id='word_1_838' title='bbox 3216 5437 3436 5507; x_wconf 74' lang='grc' dir='ltr'>φορτίον</span> <span class='ocrx_word' id='word_1_839' title='bbox 3462 5438 3745 5499; x_wconf 69' lang='grc' dir='ltr'>κοπιιῖιντι,</span> 
     </span>
    </p>
   </div>
   <div class='ocr_carea' id='block_1_115' title="bbox 2178 5524 3744 5599">
    <p class='ocr_par' dir='ltr' id='par_1_115' title="bbox 2178 5524 3744 5599">
     <span class='ocr_line' id='line_1_115' title="bbox 2178 5524 3744 5599; baseline 0.006 -24"><span class='ocrx_word' id='word_1_840' title='bbox 2178 5524 2544 5597; x_wconf 84' lang='grc' dir='ltr'>ἐκλελυμένῳ,</span> <span class='ocrx_word' id='word_1_841' title='bbox 2585 5526 2678 5579; x_wconf 71' lang='grc' dir='ltr'><strong>καί</strong></span> <span class='ocrx_word' id='word_1_842' title='bbox 2704 5528 2983 5589; x_wconf 79' lang='grc' dir='ltr'>πεινῶντι,</span> <span class='ocrx_word' id='word_1_843' title='bbox 3021 5530 3121 5581; x_wconf 83' lang='grc' dir='ltr'>οὐκ</span> <span class='ocrx_word' id='word_1_844' title='bbox 3162 5529 3399 5598; x_wconf 83' lang='grc' dir='ltr'>ἰσχύοντι</span> <span class='ocrx_word' id='word_1_845' title='bbox 3425 5530 3561 5599; x_wconf 61' lang='lat' dir='ltr'><strong>ipa,</strong></span> <span class='ocrx_word' id='word_1_846' title='bbox 3606 5530 3657 5583; x_wconf 86' lang='grc' dir='ltr'>οἳ</span> <span class='ocrx_word' id='word_1_847' title='bbox 3683 5532 3744 5584; x_wconf 83' lang='grc' dir='ltr'>οὐ</span> 
     </span>
    </p>
   </div>
   <div class='ocr_carea' id='block_1_116' title="bbox 2176 5610 3742 5692">
    <p class='ocr_par' dir='ltr' id='par_1_116' title="bbox 2176 5610 3742 5692">
     <span class='ocr_line' id='line_1_116' title="bbox 2176 5610 3742 5692; baseline 0.005 -28"><span class='ocrx_word' id='word_1_848' title='bbox 2176 5610 2497 5681; x_wconf 87' lang='grc' dir='ltr'>δυνήσονται</span> <span class='ocrx_word' id='word_1_849' title='bbox 2520 5612 2759 5683; x_wconf 82' lang='grc' dir='ltr'>σωθῆναι</span> <span class='ocrx_word' id='word_1_850' title='bbox 2790 5614 2899 5668; x_wconf 83' lang='grc' dir='ltr'><strong>ἀπὸ</strong></span> <span class='ocrx_word' id='word_1_851' title='bbox 2928 5616 3185 5687; x_wconf 86' lang='grc' dir='ltr'>πολέμου.</span> <span class='ocrx_word' id='word_1_852' title='bbox 3216 5618 3377 5670; x_wconf 76' lang='grc' dir='ltr'>Αὐτοὶ</span> <span class='ocrx_word' id='word_1_853' title='bbox 3393 5619 3449 5671; x_wconf 84' lang='grc' dir='ltr'>δὲ</span> <span class='ocrx_word' id='word_1_854' title='bbox 3477 5620 3742 5692; x_wconf 69' lang='grc' dir='ltr'>αἰχμάλωο</span> 
     </span>
    </p>
   </div>
   <div class='ocr_carea' id='block_1_117' title="bbox 2178 5704 3740 5783">
    <p class='ocr_par' dir='ltr' id='par_1_117' title="bbox 2178 5704 3740 5783">
     <span class='ocr_line' id='line_1_117' title="bbox 2178 5704 3740 5783; baseline 0.008 -29"><span class='ocrx_word' id='word_1_855' title='bbox 2178 5721 2261 5755; x_wconf 91' lang='grc' dir='ltr'><strong>τοι</strong></span> <span class='ocrx_word' id='word_1_856' title='bbox 2284 5704 2545 5774; x_wconf 72' lang='grc' dir='ltr'>ἤχθησαν.</span> <span class='ocrx_word' id='word_1_857' title='bbox 2574 5726 2591 5756; x_wconf 71' lang='grc' dir='ltr'><strong>ι</strong></span> <span class='ocrx_word' id='word_1_858' title='bbox 2613 5707 2795 5760; x_wconf 88' lang='grc' dir='ltr'>Ταῦτα</span> <span class='ocrx_word' id='word_1_859' title='bbox 2809 5709 2865 5761; x_wconf 86' lang='grc' dir='ltr'><strong>δέ</strong></span> <span class='ocrx_word' id='word_1_860' title='bbox 2880 5710 3063 5773; x_wconf 85' lang='grc' dir='ltr'>αύτοῖς</span> <span class='ocrx_word' id='word_1_861' title='bbox 3079 5710 3259 5781; x_wconf 80' lang='grc' dir='ltr'>ἔργοις</span> <span class='ocrx_word' id='word_1_862' title='bbox 3272 5712 3392 5765; x_wconf 82' lang='grc' dir='ltr'>καθ’</span> <span class='ocrx_word' id='word_1_863' title='bbox 3412 5714 3558 5783; x_wconf 78' lang='grc' dir='ltr'>ἡμᾶς</span> <span class='ocrx_word' id='word_1_864' title='bbox 3573 5712 3740 5781; x_wconf 79' lang='grc' dir='ltr'>ἐπλη-</span> 
     </span>
    </p>
   </div>
   <div class='ocr_carea' id='block_1_118' title="bbox 2182 5793 3726 5874">
    <p class='ocr_par' dir='ltr' id='par_1_118' title="bbox 2182 5793 3726 5874">
     <span class='ocr_line' id='line_1_118' title="bbox 2182 5793 3726 5874; baseline 0.008 -30"><span class='ocrx_word' id='word_1_865' title='bbox 2182 5793 2339 5861; x_wconf 90' lang='grc' dir='ltr'>ροῦτο</span> <span class='ocrx_word' id='word_1_866' title='bbox 2365 5797 2498 5867; x_wconf 77' lang='grc' dir='ltr'>πρδς</span> <span class='ocrx_word' id='word_1_867' title='bbox 2518 5797 2685 5863; x_wconf 79' lang='grc' dir='ltr'>λέξιν,</span> <span class='ocrx_word' id='word_1_868' title='bbox 2720 5800 2813 5852; x_wconf 77' lang='grc' dir='ltr'>καὶ</span> <span class='ocrx_word' id='word_1_869' title='bbox 2836 5800 2977 5853; x_wconf 72' lang='grc' dir='ltr'>κατὰ</span> <span class='ocrx_word' id='word_1_870' title='bbox 3001 5801 3237 5855; x_wconf 75' lang='grc' dir='ltr'>διάνοιαν</span> <span class='ocrx_word' id='word_1_871' title='bbox 3263 5802 3317 5856; x_wconf 83' lang='grc' dir='ltr'>δὲ</span> <span class='ocrx_word' id='word_1_872' title='bbox 3346 5802 3483 5874; x_wconf 85' lang='grc' dir='ltr'>βαρὺ</span> <span class='ocrx_word' id='word_1_873' title='bbox 3513 5804 3606 5857; x_wconf 78' lang='grc' dir='ltr'>καὶ</span> <span class='ocrx_word' id='word_1_874' title='bbox 3630 5804 3726 5857; x_wconf 90' lang='grc' dir='ltr'><strong>δυσ</strong></span> 
     </span>
    </p>
   </div>
   <div class='ocr_carea' id='block_1_119' title="bbox 2180 5882 3739 5963">
    <p class='ocr_par' dir='ltr' id='par_1_119' title="bbox 2180 5882 3739 5963">
     <span class='ocr_line' id='line_1_119' title="bbox 2180 5882 3739 5963; baseline 0.008 -29"><span class='ocrx_word' id='word_1_875' title='bbox 2180 5882 2349 5937; x_wconf 74' lang='grc' dir='ltr'>ϐάστα</span> <span class='ocrx_word' id='word_1_876' title='bbox 2358 5902 2501 5953; x_wconf 84' lang='grc' dir='ltr'>κτον,</span> <span class='ocrx_word' id='word_1_877' title='bbox 2522 5890 2616 5941; x_wconf 71' lang='grc' dir='ltr'>καὶ</span> <span class='ocrx_word' id='word_1_878' title='bbox 2632 5887 2934 5943; x_wconf 79' lang='grc' dir='ltr'>διαϐολικὸν</span> <span class='ocrx_word' id='word_1_879' title='bbox 2952 5892 3169 5962; x_wconf 76' lang='grc' dir='ltr'>φορτίον</span> <span class='ocrx_word' id='word_1_880' title='bbox 3185 5894 3303 5956; x_wconf 83' lang='grc' dir='ltr'>ταῖς</span> <span class='ocrx_word' id='word_1_881' title='bbox 3325 5892 3433 5945; x_wconf 88' lang='grc' dir='ltr'><strong>τῶν</strong></span> <span class='ocrx_word' id='word_1_882' title='bbox 3444 5891 3739 5963; x_wconf 74' lang='grc' dir='ltr'>ἀνθρώπω.</span> 
     </span>
    </p>
   </div>
  </div>
