3968 6512
19 17 86 356 l

244 384 343 441 ιει
1174 388 1678 446 COMMENTARIA
1710 389 1776 445 IN
1817 390 2070 446 ISAIAM.
2096 390 2333 447 —CAP.
2379 389 2590 446 XLVII.
3423 398 3530 455 49.9.

241 506 452 576 ψυχαῖς
493 506 587 576 τῆς
632 507 1018 582 είδωλολάτρου
1073 509 1279 584 πλάνης
1327 514 1578 570 ἐπέκειτο
1648 517 1836 574 πάλαι.

1948 529 2063 569 rum
2079 512 2284 570 scilicet
2299 514 2525 580 erroris,
2545 513 2823 570 hominum
2847 515 3369 588 animisimpositum
3391 534 3528 578 erat.

319 617 338 648 ι
397 597 656 652 Ἀκούετέ
691 617 813 670 μου,
863 596 1010 666 οἶκος
1053 603 1270 670 Ἰακὼϐ,
1317 608 1410 661 καὶ
1447 610 1553 662 πᾶν
1584 610 1645 663 τὸ
1675 611 1840 665 κατά-

193 737 212 746 -
242 692 442 744 λοιπον
469 691 564 745 τοῦ
627 693 866 766 Ἰσραὴλ,
919 697 967 749 οί
1026 699 1309 771 αίρόμενοι
1349 703 1416 756 ἐκ
1459 705 1690 770 κοιλίας,
1745 710 1840 763 καὶ

243 785 640 857 παιδευόμενοι
673 787 738 839 ἐκ
773 788 988 842 παιδίου
1039 791 1146 857 ἕως
1187 795 1393 866 γήρως.
1452 816 1470 848 ι
1529 799 1670 852 Ἀλλ’
1713 800 1838 855 οὔτε

257 876 460 931 Ἰακὼϐ
474 879 675 944 αὐτοὺς
695 881 869 947 καλεῖ,
890 883 1013 937 οὔτε
1053 887 1270 961 Ἰσραὴλ
1301 891 1577 962 ὀνομάζει,
1605 891 1752 949 οἷκον
1783 897 1840 952 δὲ

240 970 411 1023 αὐτὸν
454 972 615 1042 μόνον
643 973 739 1027 τοῦ
777 975 968 1030 Ἰακὼϐ
996 978 1086 1032 διὰ
1113 983 1213 1052 τῆς
1245 984 1387 1036 κατὰ
1433 986 1612 1056 σάρκα
1641 988 1841 1042 οίκειόο

238 1079 432 1133 τητος,
472 1064 566 1117 καὶ
594 1065 942 1122 κατάλοιπον.
968 1069 1166 1124 ὡσανεὶ
1199 1075 1539 1149 περίττευμα
1555 1080 1648 1132 καὶ
1662 1080 1840 1152 τρύγα

236 1157 334 1211 τοῦ
407 1159 649 1230 Ἰσραήλ.

316 1269 337 1301 ι
402 1251 550 1319 Ἐγώ
583 1253 720 1322 είμι,
756 1254 850 1306 καὶ
879 1255 984 1319 ἕως
1003 1256 1071 1310 ἂν
1104 1261 1528 1334 καταγηράσητε
1559 1265 1671 1334 ἐγώ
1697 1269 1836 1338 ειμι,

238 1343 357 1412 ἐγὼ
387 1345 663 1416 ἀνέχομαι
699 1346 876 1417 ὑμῶν,
916 1349 1027 1418 ἐγὼ
1062 1351 1318 1424 ἐποίησα,
1362 1355 1458 1409 καὶ
1487 1357 1598 1427 ἐγὼ
1628 1360 1835 1432 ἀνήσω,

237 1437 355 1505 ἐγὼ
381 1438 761 1510 ἀναλήψομαι,
809 1443 903 1494 καὶ
939 1442 1099 1497 σώσω
1133 1445 1299 1516 ὑμᾶς.
1347 1449 1466 1504 Τίνι
1508 1469 1576 1523 με
1619 1454 1837 1525 ὡμοιώ-

239 1532 651 1603 σατεςςιδετε,
703 1534 1062 1604 τεχνάσασθε,
1111 1541 1159 1594 oi
1202 1541 1568 1615 πλανώμενοι,
1604 1549 1653 1600 οί
1700 1567 1839 1620 συμ-

238 1621 574 1694 ϐαλλόμενοι
611 1626 832 1696 χρυσίον
873 1627 949 1681 ἑκ
985 1634 1314 1703 μαρσυπίου,
1363 1638 1456 1690 καὶ
1489 1639 1753 1712 ἀργύριον
1779 1643 1838 1698 ἐν

237 1714 413 1784 ζυγῷ·
456 1717 751 1786 στήσουσιν
789 1721 847 1772 ἐν
884 1722 1110 1794 σταθμῷ
1135 1726 1229 1778 καὶ
1264 1727 1668 1802 μισθωσάμενοι
1700 1751 1837 1806 χρυ-

239 1807 434 1875 σοχόον
492 1807 758 1878 ἐποίησαν
809 1813 1181 1884 χειροποίητα,
1218 1815 1313 1869 καὶ
1358 1817 1630 1887 κύψαντες
1668 1839 1837 1893 προσ-

236 1898 505 1951 κυνοῦσιν
543 1900 750 1965 αὐτοῖς.
795 1904 1054 1975 Αἴρουσιν
1083 1907 1217 1960 αὐτὸ
1271 1910 1362 1962 ἐπὶ
1402 1911 1497 1964 τοῦ
1528 1913 1702 1984 ὤμου,
1741 1918 1836 1970 καὶ

241 1991 596 2062 πορεύονται.
657 1994 783 2047 Ἐὰν
811 1995 867 2049 δέ
895 1995 1060 2052 θῶσιν
1091 2000 1224 2053 αὐτὸ
1253 2003 1344 2056 ἐπὶ
1385 2003 1481 2056 τοῦ
1522 2007 1690 2062 τόπου
1733 2009 1835 2062 αὐ-

237 2082 356 2147 τοῦ,
415 2085 598 2154 μένει,
647 2087 708 2138 οὺ
747 2087 822 2158 μὴ
853 2089 1084 2160 κινηθῇο
1115 2092 1210 2146 καὶ
1239 2092 1298 2157 ὃς
1332 2094 1429 2148 ἐὰν
1477 2095 1649 2171 βοήσῃ
1698 2101 1837 2171 πρὸς

237 2175 430 2241 αὑτὸν,
485 2177 548 2230 ού
591 2176 668 2249 μὴ
711 2179 1005 2253 είσακούσῃ
1032 2199 1045 2212 ·
1078 2183 1188 2236 ἀπὸ
1233 2187 1421 2241 κακῶν
1469 2170 1540 2240 ou.
1567 2189 1640 2261 μὴ
1686 2189 1837 2266 σώσῃ

237 2266 429 2320 αὐτόν.
476 2286 493 2318 ι
543 2266 734 2336 Ὑμεῖς
769 2268 827 2321 δὲ
854 2268 1142 2338 λογίσασθε
1189 2276 1268 2339 είς
1296 2276 1412 2329 οῖαν
1443 2278 1836 2334 ἐκπεπτώκατε

238 2355 550 2426 θεομαχίαν
585 2359 681 2410 καὶ
733 2357 1092 2426 δυσσέϐειαν,
1145 2364 1515 2435 τολμήσαντες
1568 2369 1836 2440 όμοιῶσαί

242 2466 308 2520 με
349 2452 474 2512 τοῖς
505 2450 580 2521 μὴ
609 2447 727 2504 οὖσι
784 2450 927 2517 θεοῖς
948 2494 962 2517 ,
999 2455 1092 2508 καὶ
1126 2456 1299 2511 οὐδενὶ
1332 2460 1476 2532 λόγῳ
1520 2461 1707 2516 θέσθαι
1737 2466 1838 2535 τὴν

238 2541 381 2612 ἐμὴν
416 2541 656 2609 θεότητα
680 2560 693 2573 ·
728 2545 969 2616 ἰσότιμον
991 2547 1049 2600 δέ
1085 2565 1150 2618 με
1174 2549 1392 2605 ἔσεσθαι
1414 2555 1481 2624 τῇ
1508 2555 1702 2626 ἀψύχῳ
1735 2556 1836 2629 ὕλῃ

239 2636 632 2692 ἀνεπλάσασθε
662 2655 675 2666 ’
714 2639 936 2710 χρυσίον
985 2641 1080 2694 καὶ
1124 2643 1389 2716 ἀργύριον
1447 2647 1512 2699 ἐκ
1560 2649 1838 2720 συμϐολῆς

241 2729 655 2798 συναγαγόντες
680 2770 694 2794 ,
727 2731 820 2784 καὶ
847 2731 936 2785 διὰ
986 2735 1184 2806 χειρῶν
1227 2737 1584 2811 ἀνθρωπίνων
1616 2743 1839 2796 ἀνειδω·

237 2823 643 2894 λοποιήσαντες
679 2843 692 2855 ο
739 2820 821 2889 οἷς
855 2827 946 2880 καὶ
977 2833 1305 2899 προσκυνεῖν
1346 2833 1447 2886 οὐκ
1489 2834 1834 2906 αἰσχύνεσθε,

243 2918 383 2986 μήτε
427 2916 687 2986 βαδίζειν,
726 2919 861 2989 μήτε
912 2921 1181 2974 κινεῖσθαι
1216 2923 1464 2988 δυνατοῖς
1491 2921 1664 2990 οὖσιν,
1721 2928 1836 2982 ἀλλ’

240 3007 324 3060 ἐπ’
355 3006 532 3078 ὢμων
567 3009 922 3080 φερομένοις,
967 3011 1062 3064 καὶ
1109 3013 1198 3081 ὑφ’
1245 3013 1447 3085 ἐτέρων
1480 3015 1836 3088 ὠθουμένοις,

240 3101 333 3153 καὶ
377 3101 508 3171 μήτ’
541 3101 792 3164 ἀκούειν,
842 3105 968 3176 μήτ’
1016 3105 1213 3170 αὐτοὺς
1263 3106 1458 3171 σώζειν
1498 3108 1838 3181 δυναμένοις.

238 3190 473 3255 Τούτοις
507 3192 692 3262 ὅμοιον
723 3194 866 3265 κάμὲ
902 3191 1042 3250 εἶναι
1069 3195 1388 3264 ἐλογίσασθε
1415 3237 1428 3262 ,
1481 3197 1557 3262 ὡς
1603 3198 1700 3263 τὰς
1733 3200 1836 3271 ψυ-

239 3286 340 3356 χὰς
371 3289 790 3359 πεπηρωμένοι.

314 3399 334 3432 ι
381 3381 683 3452 Μνήσθητε
710 3382 904 3444 ταῦτα,
926 3384 1019 3437 καὶ
1033 3385 1345 3452 στενάξατε.
1363 3388 1768 3459 Μετανοήσατε,
1787 3391 1835 3443 oi

240 3474 690 3545 πεπλανημένοι·
716 3477 1079 3549 ἐπιστρέψατε
1101 3483 1165 3550 τῇ
1189 3480 1407 3553 καρδία,
1436 3482 1530 3535 καὶ
1561 3481 1836 3554 μνήσθητε

240 3565 306 3620 τὰ
325 3566 577 3638 πρότερα
589 3568 697 3621 ἀπὸ
724 3569 818 3622 τοῦ
835 3569 1049 3635 αἰῶνος·
1073 3573 1154 3625 ὅτι
1184 3573 1294 3642 ἐγώ
1321 3574 1436 3644 είμι
1459 3575 1487 3628 ό
1521 3553 1690 3638 Θεὸς,
1740 3575 1838 3628 καὶ

238 3659 338 3710 οὐκ
375 3657 525 3711 ἐστιν
560 3657 641 3711 ἔτι
695 3659 834 3731 πλὴν
874 3661 1008 3732 ἐμοῦ
1031 3679 1044 3692 ⁸
1080 3663 1430 3733 ἀναγγέλλων
1465 3665 1731 3737 πρότερον
1767 3665 1839 3719 τὰ

239 3748 455 3822 ἔσχατα
477 3752 605 3822 πρὶν
623 3752 896 3820 γενέσθαι*
914 3755 1006 3807 καὶ
1019 3755 1135 3826 ἅμα
1148 3756 1524 3828 συνετελέσθη.
1551 3777 1569 3810 ι
1596 3757 1837 3813 Τοῦτοδέ

247 3859 514 3914 μεγιστον
526 3843 836 3915 ἀνθρώποις
851 3845 1149 3916 μαρτύριον
1159 3845 1246 3900 διὰ
1259 3847 1366 3900 τῶν
1381 3847 1618 3918 ἐμαυτοῦ
1634 3865 1840 3919 atporp'q-

243 3937 356 3992 τῶν
399 3936 854 4008 παρεστησάμην,
892 3936 962 3991 τὰ
1011 3937 1271 4008 μέλλοντα
1317 3938 1605 4003 θεσπίσας,
1641 3941 1735 3993 καὶ
1770 3940 1837 3994 τὰ

247 4032 490 4102 μακροῖς
513 4028 742 4100 ὕστερον
764 4030 976 4102 χρόνοις
996 4031 1338 4102 γενησόμενα
1362 4031 1552 4085 εἰπών’
1575 4030 1612 4086 ἃ.
1645 4033 1739 4086 καλ⁵
1769 4032 1837 4087 δι’

241 4119 428 4193 ἔργων
456 4120 760 4187 ἐξετέλεσα,
787 4140 804 4172 ι
824 4121 934 4175 Καὶ
946 4117 1094 4174 εἶπαο
1115 4115 1315 4194 Πᾶσαή
1331 4122 1493 4194 βουλή
1528 4140 1630 4194 μου
1647 4123 1840 4193 στήσε-

241 4231 333 4268 ται
362 4253 378 4278 ,
407 4213 504 4267 καὶ
521 4214 698 4268 πάντα
719 4215 821 4269 ὃσα
852 4213 1210 4286 βεϐούλευμαι
1232 4217 1458 4286 ποιήσω.
1494 4235 1512 4266 ι
1542 4216 1651 4269 Καὶ
1680 4212 1839 4279 αὖθις

243 4298 550 4353 ἐπιτελέσω
601 4301 712 4363 τοῖς
745 4299 956 4353 ἐπιοῦσι
1007 4301 1238 4371 χρόνοις,
1270 4301 1381 4353 Καὶ
1410 4301 1591 4354 πάντα
1619 4301 1718 4355 ὅσα
1748 4300 1838 4371 βε-

243 4392 547 4463 ϐούλευμαι
593 4394 687 4448 καὶ
726 4392 903 4466 ὥρισα
931 4435 946 4458 ,
1002 4393 1289 4465 ἀραρότως
1317 4395 1649 4464 γενήσεται,
1701 4393 1836 4464 ἐμοῦ

244 4485 402 4547 τέλος
426 4484 789 4556 ἐπιθήσαντος
814 4489 928 4548 τοῖς
959 4485 1198 4557 ἐμαυτοῦ
1228 4484 1407 4555 λόγοις
1430 4501 1443 4513 ·
1477 4486 1565 4539 ὅτε
1594 4485 1690 4539 καὶ
1721 4485 1839 4557 βού-

2019 603 2182 659 Vens.
2206 604 2259 658 5.
2289 601 2486 657 Audite
2505 619 2612 668 me,
2648 604 2843 662 domus
2871 604 3060 671 Jacob,
3089 617 3145 662 et
3178 623 3370 664 omnes
3403 612 3532 666 reli-

1942 696 2082 764 quiae
2115 695 2301 758 Israel,
2321 695 2412 764 qui
2457 696 2744 764 portamini
2775 712 2842 752 ex
2873 708 3050 766 utero,
3078 708 3132 755 et
3173 699 3461 756 erudimini
3499 718 3532 757 a

1942 786 2168 856 parvulo
2201 801 2373 856 usque
2427 785 2496 840 ad
2555 795 2944 843 senectutem.»
2986 788 3092 845 Sed
3139 805 3316 862 neque
3360 791 3534 849 Jacob

1945 880 2091 949 ipsos
2116 888 2294 940 vocat,
2333 891 2507 948 neque
2548 877 2718 934 Israel
2744 885 3020 946 nominat;
3051 883 3145 937 sed
3192 883 3533 940 solummodo

1943 971 2162 1025 domum
2188 969 2376 1037 Jacob,
2408 969 2479 1025 ob
2508 971 2691 1026 carnis
2729 973 3132 1043 cognationem,
3163 985 3218 1030 et
3248 975 3527 1047 reliquias,

1941 1064 2149 1120 scilicet
2183 1079 2648 1134 supervacaneum
2679 1065 3054 1137 quidpiam,et
3081 1068 3264 1124 faecem
3294 1071 3526 1128 lsraelis.

2016 1247 2303 1310 Veneti-7,
2321 1267 2341 1300 ‹
2365 1247 2474 1319 Ego
2499 1264 2642 1318 sum,
2675 1259 2731 1306 et
2763 1252 2934 1308 donec
2949 1253 3247 1310 senescatis
3261 1268 3359 1324 ego
3374 1270 3528 1312 sum:

1939 1355 2041 1412 ego
2069 1342 2350 1398 sustinebo
2395 1358 2516 1410 vos,
2560 1358 2660 1414 ego
2695 1343 2821 1411 feci,
2852 1354 2909 1399 et
2959 1359 3060 1415 ego
3096 1346 3385 1412 dimittam,
3429 1364 3532 1418 ego

1941 1435 2236 1506 suscipiam
2268 1444 2324 1489 et
2363 1435 2587 1491 salvabo
2617 1450 2734 1492 vos.
2771 1436 2870 1492 Cui
2905 1452 2992 1492 me
3020 1438 3410 1494 assimilastis?
3443 1441 3534 1496 Vi-

1943 1527 2088 1590 dete,
2121 1527 2430 1597 excogitate
2459 1526 2553 1596 qui
2593 1527 2813 1589 erratis,
2847 1537 2900 1582 el
2936 1527 3026 1597 qui
3054 1528 3314 1584 confertis
3340 1545 3531 1585 aurum

1941 1627 2007 1665 cx
2046 1615 2352 1683 marsupio.
2401 1625 2456 1692 et
2489 1623 2774 1686 argentum
2823 1618 2875 1670 in
2924 1626 3124 1672 statera
3160 1637 3172 1671 :
3204 1629 3447 1675 smtuent
3479 1620 3533 1676 in

1935 1705 2204 1774 pondere,
2229 1715 2282 1762 et
2311 1707 2680 1762 conducentes
2703 1708 3006 1773 auriﬁcem,
3038 1708 3286 1765 fecerunt
3313 1712 3537 1766 simula-

1943 1812 2058 1863 cra,
2081 1805 2137 1852 et
2167 1797 2493 1854 inclinantes
2519 1813 2579 1855 se
2609 1799 2843 1854 adorant
2899 1800 3010 1854 illa.
3043 1799 3262 1856 Tollunt
3307 1804 3534 1859 humero

1867 1889 1910 1943 Β
1937 1898 1993 1944 et
2026 1889 2328 1944 ambulant.
2359 1890 2417 1946 Si
2465 1906 2592 1947 vero
2623 1900 2829 1960 ponant
2871 1891 2999 1946 illud
3032 1893 3083 1946 in
3117 1892 3234 1948 loco
3265 1909 3386 1959 suo,
3412 1912 3530 1950 ma-

1941 1991 2053 2045 net,
2082 1996 2186 2036 non
2225 1982 2636 2038 movebiturzet
2661 1985 2708 2039 si
2743 1985 2866 2054 quis
2891 1983 3210 2040 clamaverit
3235 1987 3302 2040 ad
3333 1987 3532 2058 ipsum,

1939 2089 2044 2130 non
2082 2075 2381 2130 exaudiet:
2414 2092 2444 2130 a
2493 2076 2651 2132 malis
2713 2092 2819 2133 non
2865 2078 3118 2133 liberabit
3177 2094 3324 2136 eum.
3361 2099 3380 2133 ι
3421 2081 3532 2138 Vos

1938 2181 2066 2221 verc
2095 2166 2328 2236 cogitate
2361 2167 2415 2222 in
2443 2178 2705 2238 quantam
2752 2154 2846 2224 Dei
2879 2169 3219 2224 inimicitiam
3258 2182 3312 2226 et
3339 2172 3534 2242 impie-

1943 2267 2106 2312 tatem
2137 2257 2474 2325 decideritis,
2521 2260 2647 2316 dum
2689 2262 2777 2326 iis,
2811 2263 2900 2330 qui
2956 2277 3083 2318 vere
3110 2263 3182 2318 dii
3237 2281 3340 2320 non
3381 2276 3526 2332 sunt,

1940 2365 2026 2405 me
2072 2351 2308 2406 similem
2350 2351 2552 2419 facere,
2597 2362 2652 2409 et
2692 2354 2950 2411 deitatem
3002 2371 3176 2412 meam
3203 2357 3356 2413 nihili
3393 2373 3531 2427 pen-

1937 2442 2067 2498 dere
2095 2444 2212 2499 ausi
2261 2444 2431 2513 estis;
2476 2461 2540 2501 ac
2570 2448 2864 2502 commenti
2900 2449 3034 2503 estis
3081 2464 3168 2504 me
3222 2451 3532 2506 inanimatae

1939 2537 2186 2592 materia:
2210 2552 2396 2607 parem
2430 2553 2554 2593 esse
2587 2553 2601 2590 :
2635 2553 2826 2594 aurum
2869 2550 2924 2595 et
2957 2552 3242 2612 argentum
3271 2557 3339 2598 ex
3371 2554 3532 2614 pacto

1938 2639 2355 2699 congregantes,
2408 2631 2801 2702 hominumque
2863 2635 3114 2689 manibus
3163 2635 3307 2690 idola
3364 2636 3533 2691 fabri-

1939 2731 2128 2778 cantes
2156 2741 2168 2776 :
2195 2738 2318 2793 qua:
2368 2724 2599 2779 adorare
2634 2740 2738 2779 non
2789 2726 3148 2794 erubescitis;
3183 2745 3306 2782 cum
3351 2739 3528 2786 tamen

1938 2829 2116 2884 neque
2168 2814 2470 2881 ambulare,
2533 2829 2709 2884 neque
2751 2830 2811 2870 se
2849 2817 2969 2872 loco
3010 2833 3230 2873 movere
3271 2819 3527 2886 valeant,

1938 2907 2035 2962 sed
2064 2907 2311 2962 humeris
2353 2915 2656 2978 gestentur,
2687 2917 2744 2962 et
2775 2908 2845 2963 ab
2896 2908 3019 2963 aliis
3069 2920 3334 2980 agantur;
3371 2913 3442 2966 ita
3473 2924 3532 2968 ut

1939 3015 2116 3069 neque
2145 3001 2390 3066 audiant,
2441 3015 2619 3071 neque
2648 3015 2774 3058 sese
2811 3002 2955 3056 tueri
3006 3004 3237 3072 possint.
3299 3003 3392 3059 His
3444 3021 3534 3063 me

1941 3107 2155 3163 quoque
2189 3093 2422 3149 similem
2461 3108 2583 3148 esse
2609 3094 2925 3166 chgitastis,
2955 3103 3142 3166 utpote
3185 3097 3386 3154 animis
3429 3099 3534 3155 ob-

1941 3199 2152 3242 czecatt.

2011 3371 2178 3427 Vens.
2211 3370 2368 3425 840.
2404 3390 2423 3423 ι
2463 3370 2790 3426 Mementote
2818 3369 3068 3438 istorum,
3090 3379 3146 3426 et
3173 3371 3529 3443 ingemiscite.

1939 3463 2326 3519 Paenitentiam
2375 3465 2519 3535 agite
2544 3463 2638 3533 qui
2670 3464 2883 3518 erratis.
2927 3464 3318 3520 Convertimini
3345 3466 3531 3533 corde,

1940 3567 1993 3611 et
2022 3567 2356 3613 mementote
2410 3557 2653 3627 priorum
2713 3569 2743 3609 a
2791 3555 3036 3612 saeculo:
3077 3557 3202 3626 quia
3254 3572 3354 3626 ego
3408 3572 3530 3612 sum

1938 3649 2101 3715 Deus,
2121 3659 2176 3705 et
2202 3665 2310 3705 non
2328 3660 2411 3705 est
2436 3649 2574 3705 alius
2610 3658 2808 3720 prater
2837 3664 2926 3704 me
2950 3667 2962 3703 :
2992 3649 3320 3705 annuntians
3347 3651 3530 3706 novis—

1941 3743 2076 3797 sima
2117 3752 2408 3812 antequam
2462 3743 2608 3808 sint;
2652 3752 2708 3797 et
2749 3741 2908 3797 simul
2955 3740 3318 3812 complentur.
3359 3760 3380 3794 ι
3416 3741 3532 3798 Hoc

1947 3835 2241 3889 Inaximum
2308 3835 2618 3890 hominibus
2673 3835 3043 3891 teSIimonium
3095 3848 3191 3904 per
3236 3835 3532 3905 prophetas

1943 3941 2094 3981 meos
2127 3927 2354 3994 pratbui,
2416 3943 2538 3983 cum
2573 3927 2753 3982 futura
2791 3927 3115 3983 vaticinatus
3146 3941 3286 3990 sum,
3318 3937 3374 3982 et
3407 3943 3533 3997 qua

1942 4021 2213 4075 diuturnis
2254 4031 2441 4090 postea
2473 4022 2810 4089 temporibus
2835 4030 3066 4076 ventura
3095 4031 3256 4076 erunt
3279 4021 3531 4091 praedixi,

1942 4113 2264 4181 et'operibus
2277 4123 2566 4168 exsecutus
2589 4129 2729 4168 sum.
2753 4132 2771 4165 ι
2798 4113 2862 4168 Et
2885 4113 3017 4177 dixi,
3043 4111 3214 4169 Omne
3239 4111 3524 4168 consilium

1944 4221 2121 4259 meum
2155 4205 2344 4271 stabit,
2375 4213 2430 4260 et
2463 4205 2646 4260 omnia
2695 4219 3034 4274 quaecunque
3100 4197 3396 4260 deliberavi
3443 4204 3528 4260 fa-

1942 4297 2102 4364 ciam;
2143 4315 2162 4349 ι
2189 4306 2353 4367 atque
2392 4297 2590 4352 iterum
2614 4312 2676 4352 ea
2708 4297 2989 4366 complebo
3011 4297 3064 4352 in
3097 4297 3292 4352 futuris
3323 4307 3532 4369 tempo-

1945 4388 2125 4455 ribus;
2175 4400 2231 4446 et
2269 4406 2604 4460 quaacunque
2660 4390 2956 4446 deliberavi
3007 4405 3071 4444 ac
3117 4389 3360 4457 decrevi,
3402 4404 3530 4445 con-

1942 4493 2200 4554 gruenter
2231 4485 2500 4552 evenient,
2532 4499 2619 4539 me
2647 4483 2812 4538 dictis
2839 4483 2974 4536 meis
3003 4484 3162 4537 linem
3203 4491 3256 4537 et
3285 4481 3526 4552 comple-

244 4577 414 4648 λομαι
439 4616 454 4638 ,
508 4575 599 4630 διὰ
629 4576 724 4630 τοῦ
763 4577 950 4631 καλεῖν
993 4579 1121 4641 τοὺς
1168 4577 1408 4649 ἐμαυτοῦ
1437 4577 1715 4649 ὑπηρέτας
1765 4577 1832 4631 δι’

1948 4587 2182 4632 mentum
2210 4586 2514 4633 statuente:
2539 4577 2700 4646 idque
2721 4592 2829 4647 quo
2848 4585 3095 4646 tempore
3141 4575 3370 4638 lubebit,
3397 4590 3530 4632 evo-

244 4670 413 4741 ἀέρος
443 4668 776 4739 φερομένους
805 4668 1008 4740 ὀρνέων
1036 4670 1130 4722 καὶ
1163 4668 1429 4722 πετεινῶν
1467 4668 1623 4741 δίκην
1645 4685 1656 4698 ·
1688 4669 1834 4738 λέγω

243 4759 312 4830 δὴ
347 4759 448 4821 τὰς
473 4757 773 4827 ἀγγελικάς
798 4758 1054 4829 δυνάμεις
1077 4760 1172 4812 καὶ
1202 4759 1270 4814 τὰ
1296 4758 1644 4831 λειτουργικὰ
1676 4761 1838 4814 πνεύ-

249 4867 398 4920 ματα
426 4848 496 4903 τὰ
525 4851 605 4914 εἰς
629 4850 906 4904 διακονίαν
934 4850 1395 4923 ἀποστελλόμενα.

327 4996 346 5028 ι
384 4976 582 5033 Καλῶν
633 4977 740 5031 ἀπὸ
793 4975 1066 5029 ἀνατολῶν
1103 4977 1384 5040 πετεινὸν,
1442 4980 1538 5030 καὶ
1586 4980 1694 5032 ἀπὸ
1735 4978 1838 5050 γῆς

248 5069 537 5142 πόρρωθεν
560 5085 572 5097 ·
611 5068 741 5140 περὶ
764 5061 839 5122 ὧν
875 5067 1237 5139 βεϐούλευμαι
1267 5067 1540 5139 ἐλάλησα’
1574 5069 1668 5122 καὶ
1700 5069 1839 5139 ἢγα-

248 5181 368 5232 γον,
406 5161 598 5214 ἐκτισα
632 5160 725 5214 καὶ
762 5161 1013 5230 ἐποίησα.
1055 5160 1301 5229 Ἥγαγον
1331 5159 1531 5223 αὐτὸν,
1568 5160 1662 5213 καὶ
1703 5159 1843 5213 εὐώ-

248 5256 400 5310 δωσα
464 5255 565 5327 τὴν
601 5253 716 5308 ὁδὸν
762 5252 948 5308 αὑτοῦ.
996 5252 1289 5307 Ἀκούσατέ
1320 5270 1443 5324 μου,
1483 5255 1532 5307 οί
1563 5251 1838 5307 ἀπολωλε-

252 5348 411 5410 κότες
435 5345 533 5418 τὴν
563 5345 812 5416 καρδίαν,
855 5344 905 5396 oi
935 5343 1151 5415 μακρὰν
1181 5343 1291 5397 ἀπὸ
1324 5345 1424 5414 τῆς
1463 5343 1834 5415 δικαιοσύνης.

255 5438 500 5506 Ἤγγισα
526 5435 624 5508 τὴν
649 5433 997 5505 δικαιοσύνην
1032 5451 1156 5504 μου,
1189 5435 1283 5487 καὶ
1306 5435 1406 5505 τὴν
1436 5434 1708 5505 σωτηρίαν
1734 5435 1834 5506 τὴν

250 5531 381 5601 παρ’
407 5528 544 5600 ἐμοῦ
561 5529 622 5582 ού
651 5525 918 5599 βραδυνῶ.
950 5525 1168 5579 Δέδωκα
1201 5526 1260 5579 ἐν
1283 5524 1420 5579 Σιὼν
1448 5526 1725 5598 σωτηρίαν
1755 5525 1835 5598 τῷ

262 5621 483 5693 Ἰσραὴλ
513 5623 593 5683 είς
611 5619 877 5691 δόξασμα.
925 5638 944 5669 ι

762 5730 1160 5786 ΚΕΦΑΛΑΙΟΝ
1191 5731 1322 5786 ΜΖ’.

327 5863 348 5894 ι
386 5842 697 5914 Κατάϐηθι,
745 5841 967 5895 κάθισον
1001 5842 1093 5894 ἐπὶ
1125 5841 1224 5912 τὴν
1255 5841 1378 5912 γῆν,
1433 5841 1696 5912 παρθένος
1738 5839 1832 5894 θυ-

1945 4685 2076 4726 cans
2126 4671 2402 4726 ministros
2433 4685 2601 4733 meos,
2657 4670 2748 4739 qui
2801 4669 2980 4722 avium
3025 4667 3414 4738 volucrumque
3445 4667 3529 4720 in-

1944 4772 2059 4818 star
2088 4778 2184 4830 per
2216 4778 2399 4818 aerem
2454 4761 2738 4824 feruntur;
2797 4760 3069 4830 angelicas
3105 4760 3231 4814 dico
3275 4760 3524 4819 virtutes,

1942 4853 2508 4908 etvadministratorios
2529 4851 2752 4922 spiritus
2779 4893 2795 4918 ,
2831 4851 2885 4906 in
2916 4852 3272 4906 ministerium
3307 4850 3524 4906 misso~.

2014 4965 2180 5022 Vens.
2207 4967 2396 5021 “~15.
2435 4987 2452 5018 ι
2490 4967 2702 5022 Vocans
2737 4967 2804 5020 ab
2833 4967 3045 5022 oriente
3074 4965 3371 5031 volucrem,
3404 4973 3459 5018 et
3495 4980 3524 5017 a

1945 5069 2086 5115 terra
2119 5060 2434 5132 longinqua,
2457 5061 2524 5116 de
2548 5059 2746 5132 quibus
2786 5058 3076 5114 deliberavi
3120 5058 3332 5111 locutus
3357 5071 3474 5109 sum
3509 5073 3524 5110 :

1941 5164 1996 5208 et
2025 5155 2248 5219 adduxi,
2285 5154 2464 5210 crcavi
2495 5163 2550 5209 et
2579 5153 2704 5209 feci.
2744 5152 2877 5206 Duxi
2925 5166 3069 5215 eum,
3113 5159 3166 5204 et
3205 5163 3522 5217 prosperum

1945 5246 2043 5301 feci
2079 5247 2182 5302 iter
2213 5247 2349 5316 ejus.
2409 5248 2605 5303 Audite
2659 5261 2744 5300 me
2770 5245 2859 5314 qui
2921 5242 3160 5314 periistis
3208 5242 3393 5302 corde,
3430 5241 3521 5311 qui

1943 5338 2099 5410 longe
2135 5340 2268 5396 estis
2297 5355 2326 5394 a
2353 5339 2582 5411 justitia.
2626 5338 2857 5393 Admovi
2903 5335 3169 5405 justitiam
3222 5349 3422 5397 meam,
3467 5344 3523 5387 et

1939 5432 2190 5499 salutem,
2222 5449 2342 5504 quae
2368 5449 2396 5488 a
2425 5449 2510 5488 me
2531 5443 2634 5498 est,
2665 5447 2770 5486 non
2796 5430 3010 5484 tardare
3039 5427 3259 5484 faciam.
3301 5426 3426 5481 Dedi
3461 5426 3514 5480 in

1940 5527 2068 5584 Sion
2103 5526 2331 5584 salutem
2363 5527 2547 5583 Israeli
2587 5526 2641 5580 in
2669 5523 2917 5596 gloriam.
2965 5539 2985 5574 ι

2489 5728 2718 5786 CAPUT
2778 5727 2985 5783 XLVII.

2015 5841 2174 5898 Vens.
2210 5843 2257 5897 l.
2292 5860 2310 5895 ι
2343 5843 2637 5904 Descende.
2681 5844 2810 5900 sede
2857 5857 3020 5914 super
3083 5849 3308 5899 terram.
3367 5838 3520 5907 "irgo
