3968 6522
458 424 567 480 425

1134 418 1408 476 EUSEBII
1446 416 1924 479 CESARIENSIS
1964 417 2112 473 OPP.
2155 416 2338 472 PARS
2376 416 2467 473 111.
2507 447 2575 457 -—
2615 414 3029 473 EXEGETICA.

3622 416 3657 466 4
3669 414 3757 469 ει

453 543 562 601 ﬁlia
604 541 908 614 Babylonis.
949 560 968 593 ι
1000 538 1102 596 Hic
1132 558 1228 597 ceu
1268 553 1557 612 personam
1609 543 1897 612 quamdam
1950 557 2028 597 re-

2142 540 2321 611 γάτηρ
2346 538 2683 602 Βαϐυλῶνος.
2728 558 2746 589 ι
2788 536 3294 609 Προσωποποιεῖται
3322 535 3379 589 δὲ
3422 536 3479 589 ὲν
3512 537 3755 600 τούτοις

451 654 616 709 gnum
643 651 831 692 eorum
864 634 1175 699 alloquitur,
1213 635 1357 704 quod
1392 635 1557 688 etiam
1610 634 1773 687 ﬁliam
1814 633 2042 705 Babylo-

452 730 540 785 nis
563 738 721 784 vocat
751 746 763 781 :
799 726 1061 797 virginem
1115 728 1243 780 item
1288 736 1472 791 vocat,
1513 727 1656 796 quod
1704 728 1927 796 virginis
1956 728 2040 781 in-

451 831 585 887 star,
624 820 958 875 ornamentis
985 828 1039 873 ct
1066 820 1262 873 decore
1294 818 1518 887 fulgeat,
1560 818 2041 889 velitquejuvenis

450 920 505 967 et
542 911 719 982 puella
765 911 935 966 videri
991 927 1055 964 ac
1108 912 1432 966 existimari.
1492 911 1630 967 Hinc
1670 927 1813 976 eam,
1851 927 1947 965 ceu
1986 912 2037 966 in

450 1003 666 1058 sublimi
709 1003 827 1057 loco
856 1001 1156 1067 sedentem,
1200 1016 1424 1071 surgere
1464 1000 1621 1070 jubet
1666 1017 1730 1055 ac
1751 1002 1817 1056 de
1844 1002 2038 1056 tbrono

450 1110 548 1150 suo
580 1094 929 1159 descendere,
964 1102 1128 1161 atque
1186 1094 1333 1147 humi
1382 1094 1594 1157 sedere,
1656 1108 1717 1147 ac
1751 1092 2040 1163 turpitudi-

448 1202 572 1241 nem
614 1186 856 1241 revelare
899 1200 1075 1254 suam,
1114 1200 1277 1255 quam
1319 1200 1386 1240 ex
1427 1183 1517 1238 illa
1561 1185 1615 1239 in
1648 1186 1887 1241 deterius
1921 1200 2039 1240 mu-

451 1279 654 1334 tatione
684 1279 940 1348 patietur.

532 1476 685 1515 vens.
719 1462 775 1524 2,
809 1462 865 1516 3.
905 1478 923 1512 ι
962 1459 1100 1514 Sede
1134 1461 1186 1513 in
1239 1468 1405 1525 terra,
1460 1458 1567 1513 ﬁlia
1601 1456 1976 1513 Chaldaeorum
2019 1473 2034 1511 :

448 1556 638 1625 accipe
672 1553 891 1617 molam,
923 1562 977 1605 ct
1010 1552 1151 1607 mole
1195 1552 1452 1607 farinam.
1491 1550 1695 1606 Revela
1727 1549 2037 1617 operimen-

448 1658 563 1701 tum
601 1656 772 1709 tuum,
806 1646 994 1715 detege
1026 1659 1212 1708 canos,
1247 1643 1456 1698 denuda
1496 1642 1678 1706 tibias,
1738 1641 1905 1695 transi
1940 1638 2039 1693 llu-

447 1740 585 1794 vios.
622 1757 641 1791 ι
678 1737 948 1806 Deposita,
978 1736 1171 1806 inquit,
1208 1736 1351 1805 regia
1381 1734 1465 1787 illa
1504 1732 1803 1801 voluptate,
1827 1730 2037 1784 ancilla:

2143 631 2241 702 τὴν
2287 630 2563 701 βασιλείαν
2616 630 2818 694 αὐτῶν,
2863 626 3137 698 θυγατέρα
3176 630 3491 696 Βαϐυλῶνος
3525 633 3757 705 ὀνομά-

2141 722 2248 786 ζων
2280 724 2489 793 αύτήν·
2527 722 2685 776 καλεῖ
2732 723 2790 775 δὲ
2831 723 3000 793 αὐτὴν
3036 723 3131 776 καὶ
3174 722 3476 794 παρθένον,
3530 726 3623 779 διὰ
3680 726 3749 780 τὸ

2140 815 2470 887 ὡραῖζεσθαι
2500 816 2594 868 καὶ
2630 813 3070 879 καλλωπίζεσθαι
3099 814 3372 886 παρθένου
3397 816 3571 886 δίκην,
3609 817 3749 888 βού-

2139 908 2323 961 λεσθαί
2348 925 2405 961 τε
2429 906 2881 976 φαίνεσθαινέαν,
2907 907 3003 961 καὶ
3030 908 3197 978 κόρην
3224 904 3361 961 εἶναι
3384 909 3746 979 νομίζεσθαι.

2138 996 2252 1053 Εἶθ’
2284 1000 2360 1065 ὼς
2393 1001 2450 1053 ὲν
2484 1000 2608 1071 ὕψει
2634 1000 2976 1071 καθημένην,
3010 999 3360 1071 διαναστῆναι
3386 1002 3522 1072 αὐτῇ
3563 1019 3752 1073 προσ-

2135 1092 2322 1145 τάττει
2349 1092 2445 1146 καὶ
2488 1092 2796 1161 καταϐῆναι
2845 1092 2954 1145 ἀπὸ
2995 1091 3089 1145 τοῦ
3139 1094 3339 1164 ἑαυτῆς
3365 1093 3578 1164 θρόνου,
3632 1097 3749 1147 καὶ

2136 1182 2468 1253 καθεσθῆναι
2503 1183 2596 1237 ἐπὶ
2632 1184 2731 1254 τῆς
2767 1183 2892 1253 γῆς,
2938 1184 3032 1236 καὶ
3063 1184 3379 1255 ἀποκρύψαι
3405 1186 3602 1257 ἑαυτῆς
3628 1187 3751 1259 τὴν

2135 1274 2542 1346 ἀσχημοσύνην,
2578 1277 2644 1348 ἢν
2661 1277 2905 1330 πείσεται
2936 1278 2999 1329 ὲκ
3025 1276 3123 1348 τῆς
3151 1276 3242 1330 ἐπὶ
3274 1278 3333 1331 τὸ
3354 1282 3533 1350 χεῖρον
3557 1297 3749 1350 μετα-

2137 1367 2299 1440 ϐολῆς

2213 1479 2231 1510 ι
2267 1458 2507 1511 Κάθισον
2536 1460 2618 1521 εἰς
2654 1457 2753 1528 τὴν
2804 1458 2926 1529 γῆν,
2972 1456 3209 1528 θύγατερ
3236 1458 3515 1511 Χαλδαίων
3546 1476 3560 1488 ⁸
3588 1458 3743 1513 λάϐε

2141 1551 2325 1623 μύλον,
2375 1552 2567 1605 ἄλεσον
2625 1550 2869 1622 ἄλευρον.
2943 1550 3313 1619 Ἀποκάλυψαι
3356 1550 3416 1603 τὸ
3479 1552 3747 1604 κατακά-

2136 1645 2326 1716 λυμμά
2360 1660 2478 1705 σου.
2525 1642 2867 1712 ἀνακάλυψαι
2920 1643 3019 1706 τὰς
3054 1626 3291 1707 ’πολιὰςλ
3346 1642 3587 1714 ἀνάσυρε
3627 1644 3741 1707 τὰς

2138 1738 2370 1807 κνήμας,
2401 1734 2615 1806 διάϐηθι
2638 1734 2933 1806 ποταμούς.
2973 1753 2989 1785 ι
3029 1733 3385 1805 Ἀποθεμένη,
3424 1736 3584 1806 φησὶ,
3624 1736 3740 1806 τῆν

448 1832 623 1887 instar
644 1844 961 1885 aerumnosa:
984 1843 1049 1882 ac
1072 1826 1225 1882 molae
1248 1825 1560 1889 servientis,
1586 1824 1652 1878 ad
1690 1821 2028 1877 serviendum

2140 1828 2423 1899 βασιλικὴν
2470 1828 2686 1899 ἐκείνην
2724 1827 2936 1899 τρυφὴν
2959 1866 2971 1889 ,
3015 1826 3352 1897 θεραπαίνης
3385 1819 3582 1897 τρόπον
3621 1845 3735 1880 κα-

448 1924 684 1979 dominis
720 1923 824 1976 tuis
858 1931 909 1975 te
954 1929 1237 1989 apparato.
1295 1919 1643 1985 Acceptaque
1690 1911 1854 1974 mola,
1888 1912 2028 1965 mole

2137 1917 2401 1981 κοπαθοῦς
2422 1934 2567 1980 τινος
2594 1918 2686 1970 καὶ
2714 1916 3046 1987 μυλωθρίδος
3073 1916 3489 1987 παρασκεύασον
3516 1919 3736 1986 σεαυτῇ

448 2017 544 2081 ibi,
575 2016 679 2070 hac
711 2016 841 2070 dura
866 2023 920 2069 et
942 2012 1211 2067 laboriosa
1252 2008 1515 2065 servitute
1538 2022 1658 2061 cum
1689 2003 1914 2075 pristina
1943 2018 2028 2057 vo-

2137 2010 2405 2064 δουλεύειν
2447 2013 2557 2072 τοῖς
2608 2010 2810 2080 ἑαυτῆς
2838 2008 3146 2072 δεσπόταις.
3182 2008 3362 2062 Μύλον
3386 2008 3584 2079 δηλαδὴ
3632 2025 3740 2060 Αλ-

447 2112 656 2181 tuptate
686 2114 1137 2164 commutata.....

520 2375 688 2431 Vens.
724 2374 779 2431 6.
820 2390 840 2425 ι
873 2373 1047 2427 Iratus
1098 2385 1217 2426 sum
1280 2378 1468 2424 contra
1520 2368 1773 2440 populum
1828 2381 2030 2433 meum,

449 2466 835 2523 contaminasti
889 2464 1261 2519 baereditatem
1290 2477 1486 2516 meam.
1543 2460 1654 2531 Ego
1694 2458 1814 2514 dedi
1863 2472 1957 2512 eos
1980 2458 2032 2512 in

448 2576 668 2616 manum
726 2567 872 2613 tuam
903 2574 919 2613 :
951 2568 1005 2613 tu
1038 2570 1169 2612 vero
1204 2569 1311 2609 non
1352 2552 1543 2608 dedisti
1595 2552 1675 2605 eis
1727 2549 2034 2604 misericor-

449 2655 616 2709 diam.
655 2671 677 2706 ι
711 2651 840 2707 Haec
879 2651 1077 2721 quippe
1110 2657 1227 2704 erat
1273 2644 1555 2716 disciplina
1607 2653 1721 2711 tua,
1761 2656 1867 2714 qua
1908 2656 2034 2696 eru-

449 2747 688 2803 diebaris
713 2760 744 2800 a
779 2744 1049 2815 principio
1086 2739 1369 2812 temporis,
1399 2747 1453 2794 et
1478 2754 1507 2793 a
1530 2736 1817 2807 iuventute
1848 2749 2029 2790 tua....

984 2897 1216 2955 CAPUT
1252 2894 1461 2951 XLVIII

517 3014 683 3069 Vens.
721 3014 777 3079 l,
806 3013 862 3067 ἓ.
896 3032 915 3065 ι
952 3011 1149 3066 Audite
1186 3011 1324 3075 haec,
1365 3011 1561 3063 domus
1592 3005 1785 3071 Jacob,
1810 3004 1903 3075 qui
1934 3018 2030 3058 vo-

446 3107 645 3164 τιωίηί
676 3105 897 3160 nomine
927 3102 1092 3157 Israel
1114 3142 1129 3167 ,
1175 3110 1227 3155 et
1279 3100 1473 3155 existis
1498 3114 1566 3153 ex
1590 3098 1730 3153 Juda
1755 3136 1769 3158 .
1800 3096 1890 3165 qui
1941 3095 2029 3166 ju-

448 3199 584 3255 ratis
609 3198 664 3253 in
692 3197 916 3252 nomine
941 3195 1155 3250 Domini
1188 3194 1282 3248 Dei
1328 3190 1532 3258 Israel,
1561 3190 1658 3261 qui
1700 3188 2031 3244 recordami-

2036 2119 2045 2127 '
2136 2104 2326 2167 ϐοῦσα,
2370 2106 2427 2158 ὲν
2478 2103 2627 2174 αύτῷ
2659 2102 2873 2167 ἄλεσον,
2906 2101 3004 2173 τὴν
3063 2100 3305 2173 σκληρὰν
3351 2101 3579 2171 ταύτην,
3635 2117 3742 2153 και

2136 2197 2396 2250 ἐπίπονον
2426 2195 2669 2267 θητείαν,
2700 2195 2799 2265 τῆς
2828 2194 2995 2247 πάλαι
3027 2197 3239 2266 τρυφῆς
3268 2194 3742 2261 ἀντικαταλλάξα-

2140 2290 2352 2360 μένη...

2211 2400 2229 2431 ι
2269 2380 2633 2453 Παρωξύνθην
2670 2379 2760 2432 ἐπὶ
2785 2378 2862 2450 τῷ
2894 2377 3007 2449 λαῷ
3040 2396 3163 2449 μου,
3206 2377 3433 2449 ὲμίανας
3461 2378 3559 2449 τὴν
3587 2379 3737 2449 κλη-

2137 2474 2393 2544 ρονομίαν
2420 2490 2541 2543 μου.
2581 2471 2721 2540 Ἐγὼ
2740 2471 2916 2524 ἔδωκα
2938 2470 3135 2534 αὐτοὺς
3162 2471 3242 2532 εἰς
3267 2471 3365 2544 τὴν
3391 2472 3550 2542 χεῖρά
3584 2488 3687 2525 σου
3716 2487 3730 2499 ⁸

2137 2566 2200 2618 σὺ
2228 2565 2285 2617 δὲ
2314 2565 2414 2618 οὐκ
2447 2565 2655 2628 ἔδωκας
2679 2566 2862 2628 αὐτοῖς
2903 2563 3068 2625 ἕλεος.
3110 2582 3127 2614 ι
3175 2562 3362 2616 Ταῦτα
3389 2565 3497 2635 γὰρ
3530 2564 3625 2617 σοῦ
3658 2560 3735 2636 ἦν

2132 2654 2200 2706 τά
2226 2654 2542 2725 μαθήματα,
2576 2654 2612 2709 ἃ
2643 2654 2943 2727 ἐμάνθανες
2978 2654 3037 2718 ἐξ
3066 2653 3241 2725 ἀρχῆς
3274 2655 3501 2726 χρόνων,
3534 2657 3635 2708 καὶ
3664 2658 3734 2709 ὲκ

2134 2743 2383 2814 νεότητός
2421 2762 2584 2799 σου...

2639 2903 3038 2958 ΚΕΦΑΛΑΙΟΝ
3067 2906 3207 2960 ΜΗ’.

2209 3030 2228 3062 ι
2279 3012 2570 3067 Ἀκούσατε
2610 3015 2802 3081 ταῦτα,
2843 3012 2990 3080 οἶκος
3052 3016 3266 3081 Ἰακὼϐ,
3301 3018 3349 3070 οἱ
3391 3017 3728 3089 κεκλημένοι

2132 3104 2225 3158 ἐπὶ
2270 3106 2348 3176 τῷ
2395 3108 2617 3180 ὀνόματι
2677 3110 2912 3182 Ἰσραὴλ,
2950 3112 3043 3163 καὶ
3079 3110 3137 3178 ἐξ
3180 3113 3350 3165 Ἰούδα
3387 3111 3727 3179 ἐξελθόντες,

2133 3198 2183 3248 oi
2216 3198 2514 3267 ὀμνύοντες
2561 3199 2637 3270 τῷ
2670 3202 2898 3271 ὀνόματι
2926 3202 3131 3273 Κυρίου
3164 3202 3299 3255 Θεοῦ
3351 3204 3587 3275 Ἰσραὴλ,
3627 3222 3726 3275 μι-

446 3292 501 3347 ni
530 3331 546 3357 ,
571 3305 679 3345 non
709 3304 833 3345 cum
866 3288 1116 3352 veritate,
1148 3297 1322 3353 neque
1360 3300 1484 3339 cum
1514 3283 1726 3353 justitia
1757 3300 1771 3336 :
1808 3280 1899 3350 qui
1935 3279 2028 3335 ad-

2137 3262 2503 3360 μνησκόμενοι
2534 3262 3078 3364 ού’μετ“.ἀληθείας,
3125 3295 3245 3347 οὐδὲ
3279 3262 3698 3366 μετάιδικαιοξύ
3726 3331 3729 3334 ‹

446 3383 668 3439 haeretis
719 3379 923 3436 nomini
982 3377 1220 3433 civitatis
1254 3383 1457 3430 sanctae
1484 3414 1499 3434 .
1551 3382 1605 3428 et
1650 3387 1814 3442 super
1858 3372 2027 3426 Deum

443 3475 613 3532 Israel
658 3472 995 3530 conslabiliti
1027 3471 1161 3526 estis
1193 3489 1207 3525 :
1242 3469 1506 3524 Dominus
1556 3466 1795 3522 Sabaoth
1828 3479 2027 3519 nomen

445 3568 543 3624 illi.
580 3587 600 3621 υ
638 3568 934 3637 Postquam
978 3579 1042 3619 ea
1071 3577 1191 3633 quae
1220 3561 1477 3631 Babyloni
1506 3598 1523 3624 ,
1566 3574 1631 3614 ac
1662 3557 1856 3612 incolis
1887 3556 2028 3624 regi-
2066 3548 2069 3555 ’

446 3664 656 3732 busque
682 3660 801 3729 ejus
830 3668 1095 3713 eventura
1120 3664 1245 3711 sunt
1276 3650 1666 3724 praenuntiavit
1691 3687 1707 3713 ,
1738 3646 2027 3701 Judaicum

446 3754 702 3824 populum
746 3750 1043 3823 praemissis
1074 3747 1254 3804 verbis
1299 3747 1553 3816 coarguit
1596 3743 1785 3797 dicens
1820 3760 1834 3795 :
1870 3737 2027 3805 Quod

445 3860 612 3914 penes
637 3860 722 3900 me
745 3843 961 3913 iustitia
996 3843 1110 3909 sit,
1149 3841 1264 3894 haec
1310 3837 1582 3893 Chaldaeis
1616 3833 1844 3888 inferam
1869 3872 1885 3897 ,
1921 3847 2028 3887 non

445 3938 590 4010 quod
615 3947 669 3992 tu
708 3936 915 3991 auxilio
942 3935 1143 4005 dignus
1166 3933 1279 3988 isis.
1305 3932 1372 3985 Et
1394 3931 1508 3984 bzec
1539 3928 1837 3999 praedicere
1863 3941 2028 3981 occu-

447 4031 608 4102 pavi,
637 4040 926 4099 antequam
981 4042 1068 4081 res
1101 4025 1396 4085 eveniant,
1435 4020 1786 4092 prmscientia
1840 4018 2023 4073 divina

443 4124 808 4186 vaticinatus;
848 4129 1220 4190 utpostquam
1263 4115 1331 4170 ad
1369 4130 1485 4169 rem
1519 4124 1573 4169 et
1619 4113 1905 4168 terminum
1934 4112 2028 4166 de.

444 4217 602 4271 ducta
637 4214 841 4269 fuerint
889 4228 953 4266 ea
980 4251 995 4278 ,
1042 4225 1163 4279 qua:
1216 4219 1408 4264 contra
1454 4206 1736 4262 Chaldaeos
1769 4206 2024 4275 praedicta

444 4305 619 4369 fuere,
657 4319 725 4359 ne
754 4305 948 4359 borum
983 4316 1205 4357 causam
1236 4301 1303 4356 iis
1328 4341 1344 4368 ,
1370 4315 1509 4370 quos
1545 4302 1678 4356 deos
1715 4298 2020 4363 arbitraris,

443 4396 714 4451 ascribas.

515 4552 681 4609 Vens.
707 4552 817 4608 35.
863 4571 882 4604 ι
919 4551 1109 4607 Priora
1134 4552 1313 4607 adhuc
1346 4552 1688 4616 annuntiavi,
1720 4562 1775 4605 et
1825 4566 1891 4605 ex
1925 4566 2022 4606 ore

443 4659 567 4700 meo
592 4645 876 4707 exierunt;
892 4655 947 4699 et
980 4646 1229 4699 auditum
1264 4644 1464 4699 factum
1494 4655 1612 4700 est:
1641 4656 1863 4714 repente
1894 4644 2019 4711 feci,

441 4746 498 4792 et
521 4746 810 4791 venerunt.
855 4737 981 4791 Scio
1015 4738 1138 4805 quia
1167 4738 1336 4791 durus
1374 4752 1433 4791 es
1459 4776 1473 4803 ,
1504 4746 1558 4790 et
1587 4752 1784 4791 nervus
1813 4736 2024 4792 ferreus

442 4829 639 4884 collum
669 4838 842 4895 tuum,
867 4839 920 4884 et
948 4829 1094 4883 frons
1125 4840 1214 4884 tua
1243 4844 1413 4885 aenea.
1462 4830 1525 4884 Et
1566 4831 1879 4884 annuntiavi
1920 4830 2020 4884 tibi

443 4930 646 4987 vetera,
681 4932 973 4991 antequam
1012 4923 1233 4975 veniant
1278 4922 1328 4976 iu
1366 4934 1435 4976 te.
1467 4923 1725 4977 Auditum
1760 4924 1855 4978 tibi
1891 4924 2016 4988 feci,

444 5028 510 5067 ne
540 5014 679 5068 forte
720 5014 871 5069 dicas
900 5055 913 5077 ,
963 5014 1244 5083 Sculptilia
1281 5024 1335 5068 et
1383 5014 1677 5069 conﬂatilia
1724 5018 2013 5070 mandave.

441 5116 568 5161 runt
598 5108 749 5161 ιιιίιιί.
786 5125 805 5158 ι
846 5106 923 5161 Ne
959 5107 1097 5163 forte
1141 5108 1300 5161 rebus
1342 5108 1723 5162 evenientibus
1751 5149 1765 5173 ,
1809 5117 1862 5162 te
1903 5110 2018 5177 ipse

443 5198 737 5267 decipiens,
768 5210 924 5269 putes
963 5215 1056 5254 eos
1102 5216 1237 5269 quos
1281 5202 1518 5255 errando
1547 5200 1678 5255 deos
1707 5201 2016 5268 arbitraris,

442 5291 557 5344 haec
603 5290 870 5346 effecisse.
916 5292 1114 5347 Verum
1154 5292 1268 5347 haec
1314 5294 1675 5363 przescienliaa
1722 5310 1856 5350 mea;
1908 5311 2014 5349 non

442 5380 640 5447 latent,
679 5394 731 5437 te
765 5400 830 5439 ne
872 5402 939 5440 ex
972 5386 1055 5440 liis
1098 5387 1314 5456 quidem
1345 5387 1529 5442 verbis
1558 5388 1837 5457 quidpiam
1875 5389 2017 5443 utili-

442 5472 569 5527 tatis
634 5488 1014 5548 percepturum
1076 5493 1217 5533 esse.
1280 5479 1663 5533 Verumtamen
1728 5479 2014 5535 clementia

440 5576 617 5620 motus
651 5584 788 5633 mea,
821 5572 983 5626 etiam
1011 5589 1152 5627 nunc
1184 5573 1471 5637 testiﬁcor,
1506 5586 1569 5627 ac
1612 5573 1876 5627 annuntio
1924 5574 2017 5627 tibi

437 5671 522 5720 ea.
558 5675 676 5729 qum
699 5660 952 5735 Babyloni
977 5676 1030 5721 et
1052 5665 1317 5722 Clialdteis
1349 5673 1401 5723 te
1425 5666 1826 5737 oppugnaturis
1855 5680 2019 5721 even-

440 5760 558 5808 tura
583 5768 732 5810 sunt.

2132 3400 2261 3454 νης·
2303 3385 2398 3437 καὶ
2442 3385 2793 3456 ἀντεχόμενοι
2839 3387 2917 3457 τῷ
2966 3388 3190 3457 ὀνόματι
3235 3390 3336 3459 τῆς
3370 3389 3579 3453 πόλεως
3620 3392 3726 3463 τῆς

2132 3475 2313 3543 ἁγίας,
2363 3478 2455 3531 καὶ
2504 3479 2597 3531 ἐπὶ
2637 3478 2716 3549 τῷ
2753 3478 2872 3549 Θεῷ
2919 3480 3134 3552 Ἰσραὴλ
3177 3482 3721 3554 ἁντιστηριζόμενοιο

2130 3568 2337 3638 Κύριος
2366 3568 2593 3623 Σαϐαὼθ
2635 3570 2806 3642 ὄνομα
2840 3572 3007 3643 αὐτῷ.
3051 3592 3069 3624 ι
3108 3573 3189 3625 Τὰ
3221 3575 3624 3645 ὲπελευσόμενα
3653 3579 3722 3648 τῇ

2130 3659 2429 3724 Βαϐυλῶνι,
2463 3663 2576 3724 τοῖς
2608 3678 2667 3713 τε
2702 3663 2980 3733 οἰκήτορσι
3017 3664 3110 3717 καὶ
3156 3667 3269 3728 τοῖς
3305 3664 3583 3735 βασιλεῦσι
3617 3670 3725 3720 αύ-

2128 3748 2225 3819 τῆς
2257 3751 2730 3822 προαναφωνήσας
2762 3753 2790 3803 ὁ
2817 3752 2995 3819 λόγος,
3039 3754 3131 3806 τὸν
3165 3753 3274 3808 τῶν
3311 3755 3578 3809 Ἰουδαίων
3610 3758 3725 3813 ἀπο-

2128 3839 2336 3910 ελέγχει
2377 3840 2503 3895 λαὸν
2541 3842 2631 3895 διὰ
2665 3842 2774 3896 τῶν
2807 3845 3184 3915 προκειμένων
3215 3846 3461 3915 φάσκων,
3506 3849 3587 3902 ὅτι
3632 3850 3724 3905 διὰ

2127 3930 2188 3983 τὸ
2225 3931 2355 4001 παρ’
2389 3932 2513 4002 ἐμοὶ
2553 3931 2759 3987 δίκαιον
2804 3934 2990 3998 ἐπάξω
3022 3935 3194 3989 ταῦτα
3240 3938 3379 3993 κατά
3421 3939 3527 3993 τῶν
3570 3943 3718 3995 Xalt-

2126 4020 2311 4075 δαίων·
2336 4023 2397 4075 οὐ
2427 4023 2532 4094 μὴν
2558 4024 2641 4077 ὅτι
2674 4025 2738 4078 σὺ
2766 4023 3018 4095 βοηθείας
3038 4020 3182 4096 ἦσθα
3214 4026 3382 4092 ἄξιος,
3413 4031 3523 4083 Καὶ
3546 4032 3719 4086 ταῦτα

2128 4114 2414 4185 προλαϐὼν
2467 4118 2728 4187 προεῖπον
2780 4116 2910 4187 πρὶν
2961 4117 3216 4185 γενέσθαι
3269 4120 3338 4173 τὰ
3390 4122 3716 4193 πράγματα,

2128 4208 2433 4280 προγνώσει
2483 4208 2636 4281 θεῖκῇ
2687 4209 2980 4273 θεσπίσας·
3034 4211 3098 4263 ἵν’
3147 4214 3366 4267 ἐπειδάν
3412 4217 3492 4278 είς
3539 4218 3717 4289 πέρας

2125 4300 2288 4371 ἀχθῇ,
2316 4300 2412 4353 καλ⁸
2446 4300 2511 4353 δι’
2552 4300 2728 4371 ἔργων
2766 4304 2989 4373 χωρήσῃ
3021 4302 3089 4356 τά
3122 4305 3264 4359 κατά
3286 4304 3395 4358 τῶν
3428 4308 3715 4364 Χαλδαίων

2125 4391 2599 4462 προηγορευμένα,
2653 4390 2728 4462 μὴ
2776 4386 2857 4454 οἷς
2903 4393 3146 4462 νομίζεις
3194 4394 3335 4457 θεοῖς
3384 4395 3481 4466 τὴν
3532 4399 3715 4452 αἰτίαν

2124 4480 2400 4551 ἀναθείης.

2202 4588 2220 4619 ι
2261 4568 2341 4620 Τὰ
2372 4568 2615 4639 πρότερα
2643 4568 2721 4621 ἔτι
2756 4570 3070 4640 ἀνήγγειλα,
3100 4573 3194 4625 καὶ
3224 4573 3287 4625 ἐκ
3315 4572 3410 4625 τοῦ
3447 4575 3713 4644 στόματός

2130 4677 2231 4730 μου
2264 4657 2473 4728 ἐξῆλθε,
2507 4657 2599 4710 καὶ
2634 4660 2897 4712 ἀκουστὸν
2928 4661 3162 4728 ἐγένετο·
3200 4663 3427 4727 ἐξάπινα
3456 4664 3710 4736 ἐποίησα.

2127 4753 2223 4804 καὶ⁸
2266 4751 2488 4820 ἐπῆλθε.
2524 4749 2800 4816 Γινώσκω,
2850 4753 2930 4805 ὅτι
2977 4753 3210 4825 σκληρὸς
3255 4750 3325 4819 εἴ,
3381 4756 3474 4809 καὶ
3516 4757 3710 4829 νεῦρον

2129 4843 2379 4914 σιδηροῦν
2408 4846 2435 4897 ὁ
2466 4846 2734 4916 τράχηλός
2764 4863 2880 4907 σου,
2927 4846 3020 4899 καὶ
3050 4846 3110 4898 τὸ
3155 4847 3403 4916 μέτωπόν
3448 4866 3541 4901 σου
3577 4851 3712 4920 χαλ-

2128 4932 2277 4987 κοῦν.
2305 4935 2415 4986 Καὶ
2439 4935 2738 5005 ἀνήγγειλά
2765 4952 2846 4988 σοι
2876 4935 3099 4998 παλαιὰ,
3138 4936 3265 5007 πρὶν
3296 4937 3468 4989 ἐλθεῖν
3497 4939 3589 4991 ἐπὶ
3618 4941 3677 4993 σέ
3695 4959 3709 4973 ·

2126 5024 2391 5077 ἀκουστὸν
2426 5043 2506 5079 σοι
2529 5027 2779 5097 ἐποίησα,
2812 5029 3019 5097 μήποτε
3051 5027 3211 5100 εἴπῃς
3234 5070 3247 5092 ,
3277 5032 3358 5083 ὅτι
3388 5030 3469 5083 Τά
3496 5032 3710 5098 γλυπτὰ

2124 5116 2217 5167 καὶ
2249 5114 2316 5168 τὰ
2346 5118 2586 5187 χωνευτά
2627 5118 2926 5170 ἐνετείλατό
2968 5136 3079 5189 μοι.
3113 5138 3129 5170 ι
3164 5122 3390 5191 Μήποτε
3421 5122 3526 5175 τῶν
3564 5141 3707 5196 πρα-

2122 5208 2348 5277 γμάτων
2381 5208 2733 5273 ἐπελθόντων,
2770 5210 2992 5263 ἀπατῶν
3026 5212 3239 5275 σαυτὸν,
3274 5214 3401 5277 τοὺς
3432 5215 3709 5287 πεπλανη⁴

2125 5299 2300 5369 μένως
2353 5300 2738 5371 νομιζομένους
2789 5319 2870 5355 σοι
2919 5302 3074 5366 Θεοὺς
3124 5306 3521 5377 πεποιημένους
3566 5308 3705 5360 αὐτὰ

2120 5392 2420 5463 νομίσειας.
2475 5393 2621 5464 Πλὴν
2674 5396 2765 5447 καὶ
2815 5395 2973 5447 τοῦτο
3022 5396 3122 5467 τὴν
3164 5397 3304 5467 ἐμὴν
3341 5399 3400 5450 οὐ
3451 5398 3702 5453 λανθάνει

2121 5483 2450 5554 πρόγνωσιν,
2485 5485 2544 5538 τὸ
2580 5486 2701 5557 μηδ’
2750 5489 2813 5540 ὲκ
2859 5487 3062 5541 τούτων
3110 5489 3560 5561 ὠφεληθήσεσθαι
3594 5492 3705 5546 τῶν

2117 5575 2313 5644 λόγων.
2359 5576 2553 5648 Ὅμως
2587 5579 2631 5631 δ’
2663 5576 2756 5633 οὖν
2793 5580 2887 5633 ἐπὶ
2920 5581 3018 5652 μὲν
3058 5584 3122 5653 τῇ
3166 5582 3359 5635 ἑαυτοῦ
3394 5583 3702 5656 φιλανθρω-

2118 5670 2237 5741 πίᾳ,
2273 5667 2351 5721 ἔτι
2396 5668 2490 5722 καὶ
2537 5669 2632 5722 νῦν
2679 5671 3049 5743 μαρτύρομαι,
3094 5675 3187 5726 καὶ
3218 5674 3599 5747 διαστέλλομαί
3641 5693 3699 5729 σε

2115 5760 2185 5814 τὰ
2233 5760 2623 5832 συμϐησόμενα
2670 5766 2736 5833 τῇ
2784 5764 3063 5819 Βαϐυλῶνι
3114 5767 3208 5820 καὶ
3255 5770 3366 5832 τοῖς
3414 5768 3699 5833 Χαλδαίοις

2114 5855 2226 5915 τοῖς
2254 5852 2509 5923 μέλλουσί
2549 5872 2606 5909 σε
2639 5857 3062 5927 καταπολεμείν.
