3968 6534
217 381 331 436 ‘13

1122 389 1624 449 ὨΟΜΜΕΝΤΑΒΙΑ
1665 395 1730 450 ΙΝ
1768 397 2023 457 ιεΑιΑιι.
2063 431 2132 442 -—
2170 403 2321 462 CAP.
2360 405 2592 466 XLVIII.

3367 420 3472 478 ιεο

293 516 317 551 σ
365 489 674 554 Ἠκοῦσατε
718 501 912 566 πάντα,
955 506 1047 583 καὶ
1082 505 1239 578 ὑμεῖς
1262 509 1363 562 οὐκ
1392 509 1614 578 ἔγνωτε.
1661 513 1794 567 Ἀλλ’

1973 516 2137 572 Vens.
2169 517 2289 573 6-8.
2326 538 2346 572 ι
2389 522 2629 578 Audistis
2665 526 2868 592 omnia,
2923 537 2978 582 et
3009 544 3106 585 vos
3135 545 3241 586 non
3267 547 3471 606 cogno-

215 593 476 647 ἀκουστά
508 610 588 647 σοι
612 594 839 666 ἐποίησα
870 596 936 650 τὰ
965 597 1124 650 καινὰ
1153 600 1260 653 ἀπὸ
1289 601 1382 654 τοῦ
1418 601 1532 666 νῦν,
1554 603 1590 657 δι
1623 603 1804 674 μέλλει

213 683 478 754 γίνεσθαι
498 701 511 714 ·
549 686 642 739 καὶ
665 687 764 740 οὐκ
791 685 970 752 εἶπας,
1003 689 1115 742 Νῦν
1143 691 1369 760 γίνεται.
1395 693 1490 745 καὶ
1521 693 1582 745 οὐ
1617 693 1804 761 πάλαι,

213 779 309 831 καὶ
345 778 416 830 οὐ
453 777 744 850 προτέραις
776 778 1008 850 ἡμέραις
1041 782 1280 852 ἤκουσας
1304 786 1461 840 αὑτά.
1494 788 1586 858 Μὴ
1619 787 1802 858 εἴπῃς,

211 870 328 924 Ναὶ
380 869 637 938 γινώσκω
675 871 832 924 αὑτά.
875 871 1001 926 Οὖτ’
1051 874 1241 945 ἔγνως,
1286 877 1396 930 οὔτ’
1438 879 1671 949 ἠπίστω,
1711 881 1800 932 ὅτε

210 963 311 1015 ἀπ’
342 964 533 1033 ἀρχῆς
565 963 751 1033 ἧνοιξά
784 980 865 1017 σοι
899 964 965 1018 τά
999 959 1112 1020 ὦτα
1132 984 1145 996 ·
1188 969 1357 1037 ἔγνων
1397 971 1524 1042 γὰρ,
1569 973 1648 1024 ὅτι
1681 972 1806 1026 ἀθε-

211 1055 324 1107 τῶν
356 1054 670 1125 ἀθετήσεις,
702 1056 796 1108 καὶ
824 1056 1022 1127 ἄνομος
1052 1056 1129 1110 ἔτι
1162 1060 1226 1112 ἐκ
1251 1061 1458 1125 κοιλίας
1483 1062 1747 1136 κληθήσῃ.
1779 1083 1798 1115 ι

209 1145 305 1215 Μὴ
353 1144 472 1215 γὰρ
509 1144 701 1197 σαυτὸν
743 1145 962 1200 ἀπάτα·
997 1147 1072 1220 μὴ
1110 1148 1257 1218 λέγε,
1291 1151 1372 1204 ὃτι
1416 1155 1509 1206 καὶ
1555 1154 1660 1222 πρὸ
1703 1155 1804 1224 τῆς

210 1235 358 1305 ἐμῆς
389 1236 729 1306 προφητείας
753 1236 1048 1305 ἐγίνωσκες
1081 1241 1219 1294 αὐτά
1236 1259 1248 1271 ·
1271 1242 1434 1296 πόθεν
1450 1246 1557 1316 γάρ
1575 1262 1654 1298 σοι
1673 1263 1804 1317 παρ-

207 1326 276 1398 ῆν
307 1327 496 1380 ταῦτα
532 1326 856 1396 γινώσκειν;
899 1331 1045 1400 Πλὴν
1070 1332 1218 1386 οὐδέν
1251 1351 1310 1387 σε
1345 1337 1408 1388 ἐκ
1436 1337 1636 1391 τούτων
1662 1336 1804 1408 ὠφε-

207 1417 558 1491 ληθήσεσθαι
588 1420 694 1473 τῶν
715 1420 889 1489 λόγων
918 1423 1240 1496 πέπεισμαι.

286 1639 307 1673 ι
351 1621 588 1675 Ἕνεκεν
623 1621 716 1675 τοῦ
747 1621 878 1693 ἐμοῦ
909 1622 1168 1694 ὀνόματος
1196 1625 1354 1692 δείξω
1401 1643 1483 1680 σοι
1511 1624 1600 1681 τὸν
1631 1625 1801 1699 θυμόν

210 1729 339 1781 μου,
371 1713 475 1765 καὶ
504 1713 572 1766 τὰ
604 1712 790 1779 ἐνδοξά
833 1731 932 1784 μου
973 1715 1163 1779 ἐπάξω
1203 1715 1294 1770 ἐπὶ
1327 1717 1407 1781 σὲ,
1457 1719 1543 1771 ἵνα
1591 1720 1665 1791 μὴ
1716 1719 1802 1786 ἐξ·

206 1803 530 1878 ολοθρεύσω
566 1821 644 1858 σε.
677 1825 696 1856 ι
734 1807 922 1876 Ὅμως
951 1805 1080 1874 γοῦν
1105 1807 1166 1860 οὐ
1196 1807 1283 1862 διὰ
1319 1809 1397 1874 σὲ,
1433 1811 1569 1864 ἀλλὰ
1595 1811 1681 1864 διά
1704 1813 1800 1884 τὴν

207 1897 460 1962 ἐμαυτοῦ
502 1897 906 1969 φιλανθρωπίαν
951 1898 1198 1953 ἐντεῦθεν
1245 1901 1344 1973 ἤδη
1391 1903 1486 1956 καὶ
1533 1907 1795 1974 προεῖπον

205 1987 304 2040 καὶ
331 1989 594 2052 ἐπέδειξα
620 2006 702 2042 σοι
727 1989 794 2042 τά
836 1990 1117 2055 μέλλοντα,
1151 1992 1245 2044 καὶ
1271 1993 1360 2045 τὸν
1393 1993 1533 2046 κατὰ
1569 1993 1677 2046 τῶν
1704 2012 1799 2048 πο-

205 2075 420 2147 λεμίων
459 2077 720 2148 μέλλοντα
741 2079 949 2132 ἐπιέναι
977 2080 1096 2133 ὅλεθ
1107 2097 1216 2152 ρον,
1246 2083 1560 2148 σπουδάζων
1583 2083 1671 2138 διὰ
1697 2085 1800 2139 πά-

207 2187 308 2242 σης
345 2169 683 2240 προφάσεως
718 2169 953 2242 σωθῆναί
982 2189 1062 2225 σε.

279 2280 299 2312 ε
351 2261 495 2314 Ἰδοὺ
527 2261 787 2332 πέπραχά
814 2277 872 2313 σε
901 2261 996 2332 οὐχ
1035 2262 1218 2316 ἕνεκεν
1242 2265 1506 2336 ἀργυρίου
1531 2281 1547 2298 ⁸
1586 2267 1796 2335 ἐξειλά-

210 2354 404 2425 μην-δέ
442 2369 502 2406 σε
530 2355 594 2406 ἐκ
624 2353 853 2424 καμίνου
883 2357 1182 2426 πτωχείας·
1213 2356 1396 2411 ἕνεκεν
1430 2360 1564 2430 ἐμοῦ
1587 2365 1797 2433 ποιήσω

211 2463 312 2508 σοι,
349 2445 440 2498 ὅτι
485 2443 548 2497 τὸ
590 2443 720 2515 ἐμὸν
762 2445 932 2516 ὄνομα
968 2446 1309 2518 βεϐηλοῦται,
1354 2450 1447 2504 καὶ
1496 2451 1593 2523 τὴν
1638 2452 1795 2519 δόξαν

207 2555 310 2607 μου
346 2537 529 2608 ἑτέρῳ
554 2539 612 2591 οὑ
647 2536 820 2595 δώσω.
855 2557 872 2590 ι
912 2540 1021 2610 Οὐχ
1042 2540 1226 2594 ἐνεκεν
1257 2542 1523 2613 ἀργυρίου
1557 2545 1795 2616 ἐπίπρα-

209 2629 335 2682 σκόν
364 2644 462 2681 σε·
497 2628 583 2680 ἐπ’
614 2628 851 2701 ὠφελείᾳ
890 2629 947 2683 δέ
981 2633 1046 2701 τῇ
1080 2634 1152 2702 σῇ,
1177 2633 1272 2685 καὶ
1305 2633 1477 2686 ταῦτα
1507 2634 1792 2706 ἐπραττον,

205 2719 280 2781 ὡς
312 2720 383 2772 ἂν
437 2717 624 2771 τοῦτον
654 2719 1044 2792 σωφρονισθείη
1074 2722 1164 2776 τὸν
1205 2722 1404 2792 τρόπον
1423 2739 1435 2753 ·
1467 2723 1552 2776 ὅτι
1586 2723 1659 2795 μὴ
1691 2726 1790 2796 τὴν

207 2809 294 2864 διὰ
331 2809 518 2878 λόγων
553 2811 647 2863 καὶ⁸
677 2811 1046 2882 παραινέσεων
1077 2813 1320 2878 ὑπεδέξω
1367 2814 1634 2868 παιδείαν.
1671 2817 1794 2879 Τοῖς

204 2901 263 2958 εδ
307 2902 604 2974 πολεμίοις
648 2902 746 2974 οὐχ
791 2904 976 2957 ἓνεκεν
1026 2905 1288 2977 ἀργυρίου
1330 2906 1668 2978 ἐπίπρασκόν
1708 2925 1791 2976 σε,

207 2994 342 3050 ἄλλά
364 2995 483 3050 τῶν
509 2995 618 3048 σῶν
644 2996 1054 3067 ἁμαρτημάτων
1080 2999 1174 3050 καὶ
1203 2998 1373 3069 ἀσεὸη
1384 2999 1568 3068 μάτων
1593 2999 1754 3072 χάριν
1780 3017 1790 3029 ·

207 3089 325 3152 ssi;
368 3087 488 3158 γὰρ
515 3087 808 3159 ἁμαρτίαις
843 3087 996 3158 ὑμῶν
1034 3088 1330 3161 ἐπράθητε.
1361 3091 1469 3142 Καὶ
1506 3091 1654 3161 ὅμως
1683 3090 1790 3144 οὐδ’

1907 608 2083 665 vistis.
2117 612 2222 666 Sed
2249 612 2432 667 audita
2465 615 2560 669 tibi
2593 614 2694 672 feci
2730 634 2867 673 nova
2914 621 2982 676 ab
3037 622 3140 677 hoc
3186 633 3465 694 tempore,

1906 715 2026 770 quae
2057 702 2237 756 futura
2267 715 2410 759 sunt.
2445 705 2511 758 Et
2543 722 2648 761 non
2674 709 2884 777 dixisti,
2914 711 3067 768 Nunc
3094 715 3245 782 ﬁunt,
3280 727 3333 772 et
3361 736 3468 776 non

1905 793 2032 847 olim
2060 835 2076 856 ,
2111 804 2165 848 et
2197 811 2300 850 non
2335 797 2670 866 inpristinis
2696 801 2883 858 diebus
2915 806 3111 860 audisti
3142 821 3224 861 ea.
3271 808 3353 865 Ne
3389 811 3473 866 di-

1906 900 2021 952 cas,
2052 886 2224 941 Etiam
2265 905 2535 959 cognosco
2564 906 2646 946 ea.
2680 892 2863 962 Neque
2895 898 3088 951 novisti
3117 936 3130 962 ,
3162 915 3334 971 neque
3362 903 3472 957 sci-

1905 978 2026 1031 visti
2051 1017 2067 1042 ,
2092 981 2307 1047 quando
2337 997 2366 1034 a
2410 983 2678 1052 principio
2709 988 2896 1052 aperui
2943 988 3036 1041 tibi
3069 1004 3226 1044 aures
3277 1009 3290 1045 :
3340 994 3468 1046 novi

1903 1066 2046 1120 enim
2083 1071 2225 1138 quod
2251 1074 2614 1138 prtevaricans
2655 1077 3118 1143 praevaricaheris,
3161 1092 3214 1136 et
3249 1083 3466 1152 iniquus

1903 1161 2076 1216 adhuc
2115 1163 2182 1217 ab
2225 1174 2379 1218 utero
2413 1167 2712 1220 vocaberis.
2752 1187 2770 1220 ι
2807 1168 2884 1222 Ne
2921 1171 3150 1238 teipsum
3182 1174 3417 1244 decipias
3448 1192 3464 1228 :

1904 1267 1972 1306 ne
2001 1254 2148 1308 dicas
2195 1265 2246 1308 te
2277 1256 2439 1309 etiam
2487 1265 2610 1310 ante
2641 1260 2976 1329 prophetiam
3010 1277 3182 1316 meam
3222 1263 3333 1320 haec
3361 1268 3470 1322 scl-

1903 1343 2045 1400 visse
2075 1363 2090 1400 :
2121 1360 2242 1399 nam
2293 1347 2433 1402 unde
2483 1348 2578 1401 tibi
2631 1350 2743 1405 haec
2775 1353 3015 1406 notitia?
3047 1353 3308 1410 Caeterum
3345 1373 3468 1427 per-

1903 1451 2120 1492 suasum
2153 1439 2328 1495 habeo
2355 1449 2408 1494 te
2439 1455 2507 1495 ex
2541 1441 2689 1497 hisce
2725 1446 2906 1500 verbis
2934 1447 3186 1504 utilitatis
3224 1451 3359 1505 nihil
3383 1467 3470 1507 ae-

1903 1539 2204 1598 cepturum.

1975 1623 2138 1677 Vens.
2175 1622 2224 1677 9.
2259 1642 2277 1674 ι
2312 1623 2542 1694 Propter
2581 1641 2778 1681 nomen
2823 1643 3000 1682 mcum
3045 1631 3325 1686 ostendam
3374 1631 3468 1688 tibi

1903 1712 2036 1767 iram
2071 1729 2243 1769 meam
2269 1754 2285 1780 ,
2333 1726 2387 1770 et
2433 1716 2668 1786 gloriosa
2706 1735 2824 1774 mea
2872 1721 3120 1775 inducam
3167 1738 3328 1791 super
3367 1731 3422 1780 te
3447 1766 3464 1792 ,

1903 1816 1964 1859 ut
2010 1821 2116 1861 non
2165 1807 2438 1862 destruam
2491 1818 2562 1864 te.
2618 1827 2637 1860 ι
2676 1811 2928 1864 Attamen
2980 1827 3083 1866 non
3136 1825 3358 1882 propter
3391 1823 3465 1880 te,

1902 1900 1998 1952 sed
2063 1899 2132 1952 ob
2176 1899 2514 1954 clementiam
2565 1917 2737 1957 meam
2792 1903 2902 1972 jam
2961 1905 3085 1960 hinc
3134 1908 3357 1976 praedixi
3410 1915 3466 1965 et

1905 1989 2122 2043 ostendi
2148 1990 2238 2044 tibi
2265 1989 2642 2062 futura,atqne
2672 1994 2960 2062 perniciem
2993 1995 3224 2052 inimicis
3244 1999 3348 2052 tuis
3373 1997 3468 2054 ob-

1900 2090 2180 2134 venturam
2215 2099 2229 2136 :
2263 2084 2408 2135 omni
2451 2083 2612 2138 modo
2660 2085 3050 2155 occasioneque
3091 2095 3246 2143 utens
3276 2089 3344 2144 ad
3374 2103 3464 2144 sa-

1898 2169 2066 2224 lutem
2101 2179 2269 2226 tuam.

1972 2258 2132 2315 Vens.
2160 2261 2246 2326 10,
2285 2261 2371 2316 Η.
2409 2280 2430 2314 ι
2468 2263 2604 2319 Ecce
2630 2265 2843 2320 vendidi
2883 2274 2956 2332 te,
2983 2282 3090 2321 non
3128 2278 3346 2338 propter
3373 2286 3466 2325 ar-

1896 2360 2115 2418 gentum
2149 2371 2163 2408 :
2200 2349 2318 2407 erui
2362 2363 2544 2409 autem
2591 2365 2642 2410 te
2682 2357 2750 2410 de
2795 2343 3017 2414 fornace
3045 2362 3411 2416 mendicitatis
3445 2380 3459 2416 :

1895 2453 2113 2512 propter
2144 2460 2228 2500 me
2256 2445 2452 2500 fac-iam
2488 2448 2607 2514 tibi,
2639 2449 2766 2518 quia
2818 2465 3017 2506 nomen
3062 2467 3237 2507 meum
3280 2456 3465 2524 profa-

1898 2543 2081 2586 natum
2111 2543 2214 2600 est,
2246 2545 2301 2589 et
2325 2536 2553 2605 gloriam
2577 2552 2750 2591 meam
2783 2537 2939 2592 alteri
2971 2555 3074 2593 nou
3103 2541 3260 2596 dabo.
3297 2561 3315 2594 ι
3344 2539 3460 2597 Non

1893 2625 1964 2679 ob
1997 2638 2280 2694 argentum
2340 2629 2556 2682 vendidi
2610 2639 2696 2693 te,
2745 2630 2839 2684 sed
2887 2631 2953 2684 ad
2994 2632 3278 2687 utilitatem
3314 2642 3461 2690 tuam

1895 2714 1947 2768 i'd
1978 2714 2134 2770 elieci
2164 2756 2181 2780 ,
2229 2727 2288 2770 ut
2320 2718 2422 2773 hoc
2456 2720 2613 2774 modo
2645 2722 2713 2773 ad
2757 2736 2944 2775 sanam
2973 2734 3206 2778 mentem
3240 2727 3466 2783 reduca-

1893 2807 1971 2862 ris
2004 2821 2020 2860 :
2054 2809 2312 2877 quoniam
2347 2809 2530 2865 verbis
2559 2819 2616 2865 et
2643 2813 2865 2867 monitis
2911 2813 3130 2868 allatam
3161 2816 3462 2874 institutio-

1894 2910 2017 2950 nem
2078 2912 2184 2951 non
2231 2898 2526 2955 admisisti.
2576 2898 2814 2956 Inimicis
2863 2913 3041 2958 autem
3094 2919 3198 2960 non
3247 2907 3461 2977 argenti

1892 2989 2065 3057 gratia
2095 2990 2309 3045 vendidi
2363 3000 2452 3057 te;
2504 2993 2599 3047 sed
2646 3003 2991 3062 peccatorum
3026 3005 3080 3052 et
3123 2997 3456 3062 impietatum

1894 3087 2104 3134 tuarum
2134 3096 2295 3136 causa
2329 3099 2343 3136 :
2377 3097 2500 3136 nam
2529 3086 2766 3153 peccatis
2812 3086 3007 3141 vestris
3050 3088 3255 3144 venditi
3303 3095 3461 3146 estis.

206 3181 382 3245 οὕτως
412 3182 558 3234 ἐάσω
592 3181 734 3250 ὑμᾶς
765 3181 878 3244 τοῖς
913 3179 1125 3250 ἐχθροῖς
1151 3180 1439 3234 δουλεύειν·
1473 3181 1606 3235 ἀλλὰ
1632 3181 1791 3235 πάλιν

1901 3169 2143 3225 Attamen
2194 3185 2261 3225 ne
2313 3172 2388 3226 ita
2435 3174 2651 3241 quidem
2683 3189 2778 3230 vos
2824 3177 3056 3233 inimicis
3101 3181 3306 3235 servire
3338 3196 3464 3250 per-

208 3272 585 3347 λυτρώσομαι,
629 3274 722 3326 καὶ
761 3271 947 3346 ὥσπερ
1001 3274 1108 3326 ἀπὸ
1143 3274 1370 3345 καμίνου
1422 3275 1694 3345 πτωχείας
1731 3276 1794 3329 ἐκ

207 3366 303 3435 τῆς
347 3365 462 3420 ὑπὸ
495 3367 609 3428 τοῖς
641 3363 1001 3428 Βαϐυλωνίοις
1034 3364 1330 3431 κακώσεως
1376 3363 1532 3431 αὖθις
1578 3367 1792 3421 ἐλευθεο

211 3457 393 3531 ρώσω.

279 3570 300 3602 ι
352 3549 559 3604 Ἀκουέ
592 3567 714 3622 μου,
761 3547 977 3613 Ἰακὼϐ,
1013 3551 1107 3603 καὶ
1150 3549 1366 3622 Ἰσραὴλ
1392 3550 1449 3603 ὃν
1483 3549 1593 3620 ἐγὼ
1621 3550 1788 3605 καλῶ.

220 3639 364 3710 Ἐγώ
401 3643 520 3711 εἰμι
563 3619 798 3711 πρῶτος,
817 3639 911 3692 καὶ
937 3637 1046 3707 ἐγώ
1069 3642 1180 3710 εἰμι
1211 3619 1290 3702 είς
1320 3619 1410 3693 τὸν
1435 3619 1624 3704 αξῶνα,
1650 3643 1790 3712 καὶὴ

207 3735 323 3807 χείρ
361 3751 473 3805 μου
501 3732 824 3802 ἐθεμελίωσε
852 3731 950 3804 τὴν
980 3737 1104 3804 γῆν,
1141 3732 1234 3786 καὶ
1263 3734 1295 3802 ἡ
1323 3732 1472 3796 δεξιά
1508 3750 1610 3803 μου
1641 3734 1794 3785 ἐστε-

211 3823 387 3894 ρὲωσε
433 3822 524 3875 τὸν
570 3821 828 3893 οὐρανόν
874 3822 1087 3875 καλέσω
1122 3821 1339 3886 αὐτοὺς,
1372 3823 1466 3875 κα)⁸
1506 3824 1790 3894 στήσονται

209 3915 345 3986 ἅμα.
400 3935 418 3968 ι
465 3915 554 3967 Ἐν
590 3913 799 3979 τούτοις
830 3916 955 3978 τοὺς
983 3912 1377 3986 κατορθοῦντας
1421 3915 1788 3979 ἀνακαλεῖται,

208 4006 290 4061 διά
323 4007 442 4061 τῶν
486 4005 792 4078 ἔμπροσθεν
825 4005 1044 4076 ἐτέρους
1083 4006 1207 4068 τοὺς
1247 4007 1374 4075 παρ’
1403 4003 1586 4070 αὐτοῖς
1613 4005 1792 4059 διαδε-

210 4099 304 4172 ὅλη
313 4099 515 4171 μένους
539 4097 829 4168 ὀνομάσαςδ
864 4096 978 4150 ἀλλ’
1007 4095 1240 4149 ἐνταῦθα
1260 4099 1371 4160 τοῖς
1391 4096 1661 4166 κρείττοσι
1686 4097 1792 4150 δια-

207 4191 450 4262 λέγεται,
497 4187 593 4255 ob;
640 4206 659 4241 ι
710 4189 942 4262 κλητοὺς
985 4207 1006 4242 ι
1047 4187 1322 4259 ὀνομάζει.
1369 4184 1546 4241 Ἶίσαν
1583 4188 1692 4260 γὰρ
1732 4189 1792 4255 ἐξ

208 4284 420 4338 ἐκείνου
455 4281 642 4336 πολλοὶΙ
679 4281 888 4352 κλητοὶ,
922 4279 1094 4348 ὀλίγοι
1142 4277 1200 4332 δέ
1241 4278 1518 4331 ἐκλεκτοί·
1563 4277 1703 4350 πλὴν
1742 4281 1790 4332 oi

207 4374 552 4447 δηλούμενα,
584 4372 684 4428 οὐκ
708 4369 848 4445 ἦσαν
878 4369 1161 4438 ἐκλεκτοὶ,
1192 4369 1329 4423 ἀλλὰ
1356 4368 1563 4441 κλητοί.

1897 3260 2138 3326 mittam;
2183 3263 2278 3316 sed
2311 3263 2506 3318 iterum
2540 3267 2802 3322 redimam
2829 3306 2846 3332 ,
2884 3279 2938 3323 et
2961 3309 2977 3333 ,
3011 3284 3106 3324 ceu
3137 3285 3203 3326 ex
3237 3270 3460 3329 fornace

1891 3353 2297 3420 mendicitatis,
2345 3369 2411 3410 ex
2446 3355 2535 3412 illa
2569 3357 2878 3418 calamitate
2906 3360 3230 3433 Babylonica
3264 3365 3458 3420 iterum

1893 3447 2144 3514 eripiam.

1962 3537 2131 3595 Vsus.
2161 3540 2251 3602 12.
2294 3541 2381 3596 l5.
2417 3558 2438 3592 ι
2477 3542 2613 3597 Audi
2643 3557 2752 3609 me,
2787 3542 2989 3609 Iacob,
3021 3554 3074 3599 et
3107 3546 3271 3602 Israel
3302 3561 3459 3616 quem

1891 3643 1991 3700 ego
2019 3645 2174 3686 voco.
2220 3631 2332 3702 Ego
2363 3647 2482 3687 sum
2527 3634 2733 3702 primus
2755 3675 2772 3700 ,
2823 3645 2872 3690 et
2903 3651 3004 3705 ego
3033 3651 3154 3690 sum
3207 3639 3259 3690 in
3287 3654 3464 3693 saecu-

1893 3719 2000 3773 lum
2027 3758 2043 3785 ,
2077 3735 2133 3776 et
2162 3737 2355 3778 manus
2389 3739 2505 3777 mea
2555 3723 2798 3779 fundavit
2848 3734 3051 3780 terram
3081 3766 3097 3791 ,
3148 3737 3204 3782 et
3237 3731 3459 3784 dextera

1893 3827 2012 3866 mea
2062 3813 2296 3868 lirmavit
2343 3815 2537 3870 caelum
2571 3833 2586 3870 :
2625 3819 2832 3870 vocabo
2866 3832 2960 3872 eos
2984 3859 2999 3880 ,
3021 3828 3079 3873 et
3107 3823 3329 3873 stabunt
3382 3821 3462 3875 si-

1893 3905 2024 3959 mul.
2069 3924 2089 3958 ι
2124 3904 2180 3959 lu
2213 3909 2297 3962 his
2321 3923 2416 3963 eos
2441 3920 2655 3974 evocat,
2686 3910 2776 3977 qui
2809 3911 2945 3965 bene
2969 3926 3030 3966 se
3068 3922 3292 3980 gerunt,
3318 3922 3461 3980 post-

1891 4005 2053 4061 quam
2086 3995 2139 4048 in
2169 3996 2600 4064 praecedentibus
2627 3999 2764 4053 alios
2785 4038 2803 4064 ,
2849 4000 2940 4068 qui
2970 4003 3110 4068 apud
3145 4003 3291 4070 ipsos
3322 4002 3462 4057 male

1892 4085 2223 4151 audiebant,
2259 4097 2602 4143 evocaverat.
2633 4085 2831 4143 Verum
2863 4091 2950 4144 hic
2990 4093 3460 4156 praestantioribus

1894 4175 2152 4246 loquitur,
2183 4194 2320 4247 quos
2352 4198 2370 4230 ι
2403 4189 2622 4240 vocatos
2661 4199 2679 4231 ι
2716 4181 2972 4250 appellat.
3003 4182 3136 4235 Nam
3173 4193 3300 4239 tunc
3327 4199 3463 4254 quo-

1893 4284 1998 4339 que
2045 4281 2200 4324 erant
2256 4271 2410 4326 multi
2446 4273 2663 4338 vocati,
2700 4273 2859 4341 pauci
2891 4275 3068 4329 "electi
3121 4293 3135 4330 :
3192 4270 3462 4332 memora:-

1893 4359 1932 4414 ti
1985 4373 2148 4429 porro
2196 4360 2442 4416 homines
2488 4377 2594 4417 non
2646 4362 2845 4430 electi,
2893 4364 2987 4419 sed
3039 4371 3245 4419 tantum
3283 4367 3461 4424 vocati

1891 4459 2071 4506 erant.

281 4572 300 4605 ι
342 4551 456 4607 Καὶ
478 4552 902 4623 συναχθήσονται
933 4550 1159 4615 πάντες,
1190 4549 1287 4604 καὶ
1318 4547 1660 4603 ἀκούσονται.
1690 4544 1786 4612 Τίς

1961 4541 2128 4598 Vsus.
2175 4545 2262 4600 Η.
2306 4562 2327 4598 ι
2383 4545 2449 4600 Et
2492 4546 2971 4617 congregabuntur
2997 4563 3191 4604 omnes
3217 4589 3234 4614 ,
3281 4557 3335 4603 et
3363 4563 3462 4602 an-

210 4645 393 4709 αὐτοῖς
415 4643 702 4715 ἀνήγγειλε
723 4641 931 4708 uiam;
962 4661 983 4694 ι
1027 4640 1113 4704 Ὠς
1136 4640 1245 4712 γὰρ
1266 4640 1504 4713 δεσπότῃ
1527 4638 1791 4711 προστάτ-

209 4750 354 4788 τοντι
385 4733 753 4788 ὑπακούουσιν
800 4734 856 4786 αἱ
895 4731 1274 4806 προλεχθεῖσαι
1317 4731 1606 4802 δυνάμεις⁸
1649 4729 1788 4784 ἀλλά

211 4829 301 4882 καὶ
346 4827 693 4898 συναχθεῖσαι
745 4826 838 4878 ἐπὶ
878 4826 942 4878 τὸ
984 4825 1118 4878 αὐτὸ
1159 4819 1379 4877 ἑστᾶσιν
1425 4820 1786 4892 ἀκουσόμεναι

159 4953 164 4956 -
209 4918 314 4970 τῶν
342 4916 510 4972 αὐτοῦ
542 4917 738 4986 λόγων.
766 4916 937 4970 Τοῦτό
963 4935 1044 4970 τοι
1075 4915 1261 4988 ἐδήλου
1301 4916 1394 4968 καὶ
1426 4917 1484 4968 ἐν
1514 4914 1656 4986 ἀρχῇ
1688 4917 1788 4986 τῆς

214 5007 397 5076 βίϐλου
427 5009 652 5076 φάσκων
676 5009 705 5060 ὁ
730 5007 907 5076 λόγος,
942 5027 961 5059 α
1000 5011 1218 5069 Ἀκουε,
1246 5006 1461 5079 οὐρανέ,
1487 5006 1578 5060 καὶ
1605 5006 1790 5060 ἐνωτί-

213 5097 329 5162 Coo,
356 5099 389 5170 ἡ
420 5099 514 5168 γῆ,
549 5101 629 5152 ὅτι
652 5098 856 5170 Κύριος
882 5098 1159 5170 ἐλάλησεν.
1201 5117 1219 5150 ι

284 5211 301 5241 ι
329 5193 382 5243 Ἀ
391 5190 583 5258 γαπῶν
610 5207 668 5242 σε
688 5191 918 5262 ἐποίησα
930 5191 988 5243 τὸ
1010 5189 1220 5260 θέλημά
1237 5207 1332 5244 σου
1363 5189 1454 5242 ἐπὶ
1472 5187 1788 5254 Βαϐυλῶνα,
1812 5252 1821 5260 ⁸

213 5281 302 5334 τοῦ
359 5278 492 5351 ἆραι
539 5282 761 5352 σπέρμα
807 5281 1110 5336 Χαλδαίων.
1185 5279 1322 5348 Ἐγὼ
1365 5279 1622 5349 ἐλάλησα,
1677 5279 1787 5348 ἐγὼ

216 5370 468 5424 ἐκάλεσα.
510 5373 752 5439 Ἦγαγον
799 5371 978 5433 αὐτὸν,
1014 5370 1108 5424 καὶ
1137 5368 1390 5422 εὐώδωσα
1415 5368 1514 5441 τὴν
1544 5370 1660 5424 ὁδὸν
1691 5371 1785 5422 αὐ-

213 5462 325 5517 τοῦ.
379 5464 762 5534 Προσαγάγετε
807 5463 942 5534 πρὸς
984 5463 1071 5532 μέ,
1127 5463 1218 5515 καὶ
1264 5461 1532 5516 ἀκούσατε
1575 5461 1781 5515 ταῦτα·

217 5552 327 5604 Οὐκ
359 5555 454 5606 ἀπ’
479 5555 654 5624 ἀρχῆς
693 5555 751 5604 ἐν
779 5556 958 5624 κρυφῇ
1004 5553 1299 5622 λελάληκα·
1347 5552 1506 5623 ἡνίκα
1550 5553 1783 5620 ἐγένετο,

217 5644 332 5698 ἐκεῖ
375 5646 541 5716 ἥμην.
591 5645 700 5698 Καὶ
729 5645 822 5698 νῦν
865 5645 1068 5716 Κύριος
1112 5643 1314 5716 Κύριος
1352 5643 1657 5715 ἀπέστρεψέ
1693 5661 1781 5715 με,

287 5851 645 5917 "lsa.r,l.

540 5945 810 6006 Ριτιιοι.
855 5943 974 6006 Gn.
1023 5941 1256 6005 XXIV.

1884 4634 2054 4692 diem.
2083 4637 2215 4704 Quis
2241 4638 2376 4708 ipsis
2406 4637 2521 4692 haec
2549 4637 2929 4693 annuntiavit?
2967 4658 2986 4692 ο
3029 4639 3158 4694 Nam
3189 4640 3460 4710 praedicta:

1885 4727 2112 4782 virtutes
2157 4738 2216 4783 ut
2257 4728 2468 4799 iubenti
2511 4730 2736 4783 Domino
2774 4739 3003 4800 parent;
3031 4733 3160 4799 quin
3190 4731 3354 4786 etiam
3403 4732 3456 4785 in

1887 4835 2053 4875 unum
2083 4830 2446 4892 congregatae,
2471 4829 2619 4874 stant
2649 4829 2706 4875 ut
2729 4820 2849 4890 ejus
2873 4835 3181 4876 sermonem
3211 4823 3455 4877 audiant.

1887 4909 1942 4964 ld
1972 4925 2104 4965 sane
2147 4911 2306 4965 initio
2333 4910 2644 4966 declarabat
2691 4912 2775 4968 bis
2823 4912 3037 4977 verbis,
3075 4929 3094 4962 ι
3133 4913 3293 4975 Audi,
3342 4924 3455 4965 cm-

1890 5001 1998 5054 lum
2024 5040 2040 5063 ,
2073 5009 2129 5055 et
2157 5001 2382 5055 auribus
2411 5003 2664 5070 percipe,
2695 5013 2838 5058 terra
2867 5041 2882 5069 ,
2912 5002 3040 5071 quia
3074 5001 3332 5056 Dominus
3380 5002 3462 5057 lo-

1890 5100 2046 5146 cutus
2067 5101 2150 5146 est
2171 5093 2238 5147 δ’.
2282 5111 2301 5145 ι

1962 5183 2126 5238 Vens.
2161 5185 2346 5240 15—20.
2390 5201 2410 5235 ι
2452 5185 2688 5258 Diligens
2719 5193 2767 5240 te
2811 5185 2914 5241 feci
2948 5184 3279 5239 voluntatem
3310 5191 3459 5234 tuam

1889 5292 2050 5346 super
2079 5277 2426 5350 Babylonem,
2455 5289 2512 5332 ut
2539 5279 2806 5335 auferrem
2846 5293 3028 5333 semen
3058 5274 3455 5329 Chalda‘orum.

1894 5371 2003 5440 Ego
2035 5371 2246 5426 locutus
2279 5387 2395 5426 sum
2424 5413 2439 5437 ,
2472 5381 2527 5426 et
2559 5386 2659 5442 ego
2688 5371 2896 5426 vocavi.
2953 5367 3165 5421 Adduxi
3209 5380 3332 5420 eum
3357 5404 3370 5426 .
3403 5375 3459 5419 et

1892 5477 2206 5532 prosperam
2229 5463 2329 5518 feci
2354 5465 2492 5516 viam
2520 5464 2656 5534 ejus.
2687 5463 2948 5516 Adducite
2975 5459 3039 5512 ad
3070 5475 3176 5523 me,
3195 5467 3248 5512 et
3278 5457 3462 5511 auditu

1890 5553 2004 5606 hzec
2035 5592 2049 5616 ,
2086 5551 2200 5606 Non
2237 5553 2307 5608 ab
2367 5554 2521 5607 initio
2571 5555 2622 5607 in
2672 5551 2990 5606 abscondito
3032 5549 3244 5604 locutus
3288 5563 3406 5603 sum
3441 5564 3458 5605 :

1890 5659 2012 5699 cum
2063 5643 2252 5700 tierent
2279 5684 2293 5712 ,
2325 5645 2396 5700 ibi
2441 5659 2613 5700 eram.
2642 5643 2707 5698 Et
2737 5657 2878 5696 nunc
2915 5643 3172 5698 Dominus
3201 5639 3464 5701 Dominus

3074 5943 3146 6008 ίῖι
