3968 6516
517 406 620 461 ηπ

1151 398 1422 459 EUSEBII
1453 394 1928 456 CESARIENSIS
1965 396 2114 455 Oi‘P.
2158 395 2340 453 PARS
2378 394 2462 452 ill.
2503 426 2572 437 —
2610 391 3020 453 EXEGETICA.

3638 394 3768 455 ‘28

518 525 717 581 avertit
747 538 852 587 me,
868 530 924 577 et
954 518 1191 588 Spiritus
1222 518 1356 586 ejus.
1390 517 1480 571 Sic
1511 519 1640 572 dicit
1673 518 1956 583 Dominus,
1986 517 2074 587 qui

2191 516 2273 568 καὶ
2309 514 2371 567 τὸ
2408 514 2629 585 Πνεῦμα
2672 514 2857 567 αὐτοῦ.
2890 513 3044 567 Οὕτω
3075 511 3221 581 λέγει
3262 511 3485 585 Κύριος,
3514 513 3542 567 ὁ
3580 516 3777 585 ρυσάι

516 616 659 671 eruit
692 625 763 677 te,
793 613 1027 667 Sanctus
1057 611 1219 666 Israel
1254 630 1267 666 :
1300 610 1419 679 Ego
1449 627 1566 664 sum
1615 610 1757 665 Deus
1804 619 1926 664 tuus
1950 648 1965 673 ,
2018 624 2082 662 o-

518 705 693 760 stendi
720 706 835 770 tibi,
865 714 922 759 ut
949 704 1218 757 invenires
1244 703 1384 757 viam
1430 703 1482 756 in
1528 717 1632 770 qua
1662 702 1987 755 ambulares.
2022 700 2085 754 Et

517 800 561 852 si
596 798 842 851 audisses
874 796 1125 849 mandata
1156 808 1271 847 mea
1299 833 1313 857 ,
1352 793 1541 847 fuisset
1575 794 1729 863 quasi
1762 792 1953 847 ﬂuvius
1980 808 2082 860 pax

517 902 630 950 tua.
657 898 711 943 et
739 888 945 957 iustitia
980 898 1067 939 tua
1094 883 1359 937 utiluetus
1396 885 1560 937 maris
1590 901 1603 937 :
1637 894 1691 938 et
1721 882 2081 951 fuissetquasi

517 993 679 1030 arena
715 991 897 1030 semen
925 987 1093 1036 tuum,
1138 986 1192 1027 et
1229 973 1440 1027 fructus
1471 972 1676 1026 ventris
1704 972 1776 1025 tui
1802 972 1938 1026 sicut
1969 973 2085 1041 pul-

520 1068 597 1119 vis
622 1075 781 1120 terra:
815 1085 828 1119 :
868 1081 1043 1133 neque
1072 1079 1213 1117 nunc
1241 1062 1714 1126 exterminaberis,
1749 1077 1922 1131 neque
1965 1076 2085 1132 per-

520 1158 618 1210 ibit
670 1172 863 1210 nomen
896 1167 1046 1209 tuum
1100 1156 1153 1208 in
1202 1165 1492 1225 conspectu
1524 1171 1662 1207 meo.
1716 1154 1989 1222 Egredere
2018 1170 2086 1208 ex

520 1249 791 1318 Babylone
817 1288 830 1310 ,
864 1248 1076 1315 fugiens
1100 1264 1128 1299 a
1161 1248 1448 1304 Chaldaeis.
1487 1247 1685 1302 Vocem
1730 1248 2086 1312 iucunditatis

519 1340 834 1394 annuntiate
873 1355 1044 1407 usque
1090 1341 1156 1394 ad
1189 1350 1489 1394 extremum
1531 1350 1686 1393 terrae
1718 1357 1731 1393 :
1763 1340 1927 1394 dicite
1950 1379 1965 1405 ,
2001 1340 2087 1394 Li-

518 1433 730 1485 beravit
783 1433 1039 1487 Dominus
1091 1448 1303 1488 scrvum
1358 1449 1513 1488 sumn
1562 1432 1748 1487 Jacob.
1809 1450 1828 1484 ι
1888 1433 2088 1499 Quam-

518 1524 730 1587 obrem,
763 1540 883 1577 cum
917 1523 1025 1590 jam
1067 1524 1193 1578 hinc
1225 1523 1481 1594 pollicear
1516 1538 1599 1576 nte
1627 1539 1728 1576 non
1762 1524 2089 1578 extermina-

521 1625 698 1668 turum
732 1626 782 1669 te
803 1655 818 1680 ,
852 1631 1029 1684 neque
1059 1630 1256 1668 nomen
1287 1625 1436 1669 tuum
1464 1615 1766 1668 deleturum
1800 1628 1942 1677 esse,
1974 1615 2086 1668 dixi

521 1707 616 1760 tibi
642 1746 658 1772 ,
704 1716 761 1761 ut
790 1709 968 1761 exires
998 1707 1063 1761 de
1098 1706 1373 1777 Babylone
1396 1745 1412 1773 ,
1470 1707 1723 1760 dimissus
1752 1721 1817 1759 ac
1848 1705 1983 1759 liber
2017 1706 2086 1758 ab

2189 607 2348 678 μενός
2396 624 2475 670 σε,
2531 608 2713 674 Ἀγιος
2742 606 2985 678 Ἰσραήλ·
3055 604 3194 673 Ἐγώ
3238 606 3352 676 είμι
3394 607 3422 658 ὁ
3469 605 3597 671 Θεός
3634 625 3780 675 σου,

2183 699 2391 769 δέδειχά
2436 715 2517 751 σοι
2554 700 2613 751 τὸ
2652 699 2832 769 εὑρεῖν
2868 715 2925 751 σε
2970 698 3066 769 τὴν
3100 698 3215 751 ὁδὸν
3258 699 3317 751 ἐν
3423 700 3669 774 πορεύσῃ
3717 705 3784 755 ἐν

2184 790 2341 859 αὐτῇ.
2375 789 2482 840 Καὶ
2521 790 2568 841 εί
2599 790 2835 859 ἤκουσας
2867 786 2975 840 τῶν
3015 786 3243 839 ἐντολῶν
3280 804 3402 857 μου,
3441 786 3665 854 ἐγένετο
3706 788 3783 840 ἂν

2184 880 2315 932 ὡσεὶ
2350 880 2594 950 ποταμὸς
2632 883 2664 951 ἡ
2707 882 2893 952 εἰρήνη
2940 897 3053 943 σου,
3091 881 3184 933 καὶ
3228 881 3263 949 ἡ
3302 879 3611 951 δικαιοσύνη
3672 897 3781 932 σου

2184 970 2259 1034 ὼς
2288 971 2438 1042 κῦμα
2468 971 2742 1043 θαλάσσης
2762 990 2775 1002 ·
2806 972 2900 1025 καὶ
2926 973 3140 1040 ἐγένετο
3177 970 3240 1025 ἀν
3264 972 3398 1024 ὡσεὶ
3426 974 3458 1042 ὴ
3486 972 3675 1041 ἄμμος
3713 971 3783 1022 τὸ

2186 1064 2406 1134 σπέρμα
2453 1081 2567 1128 σου,
2620 1066 2710 1120 καὶ
2753 1065 2820 1117 τά
2860 1066 3055 1134 ἔγγονα
3094 1065 3191 1136 τῆς
3235 1064 3439 1126 κοιλίας
3482 1080 3575 1116 σου
3616 1064 3703 1128 ὡς
3747 1064 3779 1117 ὀ

2186 1154 2314 1225 χοῦς
2349 1155 2447 1224 τῆς
2485 1156 2604 1227 γῆς.
2662 1156 2795 1209 Οὐδὲ
2838 1156 2931 1210 νῦν
2963 1156 3022 1209 οὐ
3080 1155 3152 1227 μὴ
3205 1155 3617 1227 ἐξολοθρευοῇς,
3652 1156 3778 1209 οὐδ’

2186 1247 2465 1301 ἀπολεῖται
2498 1248 2559 1300 τὸ
2600 1248 2772 1318 ὄνομά
2817 1266 2909 1301 σου
2954 1247 3181 1301 ἐνώπιον
3222 1248 3376 1318 ἐμοῦ.
3427 1247 3652 1312 Ἔξελθε
3707 1250 3782 1302 ἐκ

2186 1341 2523 1405 Βαϐυλῶνος,
2563 1340 2777 1409 φεύγων
2820 1341 2928 1394 ἀπὸ
2976 1341 3083 1393 τῶν
3115 1340 3413 1393 Χαλδαίων.
3451 1342 3638 1412 Φωνὴν
3674 1343 3781 1396 εὑ-

2190 1431 2462 1503 φροσύνης
2494 1432 2848 1499 ἀναγγείλατε
2878 1432 2981 1494 ἓως
3010 1432 3236 1503 ἐσχάτου
3260 1432 3359 1503 τῆς
3384 1433 3513 1504 γῆς·
3550 1433 3776 1502 λέγετε,

2202 1525 2498 1597 Ἐρῤύσατο
2534 1526 2734 1597 Κύριος
2775 1526 2865 1578 τὸν
2894 1526 3078 1579 δοῦλον
3113 1526 3277 1579 αὑτοῦ
3328 1526 3549 1580 Ἰακὼϐί
3589 1546 3606 1578 ι
3648 1528 3780 1580 Διό-

2190 1636 2295 1692 περ
2329 1613 2578 1673 ἐντεῦθεν
2622 1619 2720 1690 ἢδη
2770 1619 3234 1691 ἐπαγγελλόμενος
3276 1619 3351 1690 μὴ
3385 1618 3785 1691 ἐξολοθρεῦσαί

2190 1727 2270 1773 σε,
2323 1710 2445 1781 μηδ’
2487 1709 2760 1779 ἐξαλεῖψαι
2799 1711 2860 1763 τὺ
2905 1711 3073 1782 ὄνομά
3109 1729 3223 1775 σου,
3270 1708 3401 1764 εἶπά
3442 1727 3524 1763 σοι
3558 1711 3780 1777 ἐξοέναι

520 1799 860 1851 inimicorum
912 1809 1079 1851 metu.
1115 1798 1347 1867 Accepta
1387 1806 1565 1850 autem
1626 1797 1690 1849 ad
1727 1798 1941 1865 propria
1994 1812 2082 1851 re-

2191 1803 2295 1857 ἁπὺ
2323 1802 2657 1877 Βαϐυλῶνος,
2689 1802 2884 1871 ἄφετον
2911 1805 3004 1857 καὶ
3037 1803 3316 1875 ἐλεύθερον
3343 1804 3436 1856 τοῦ
3466 1802 3575 1855 τῶν
3604 1802 3782 1856 πολε-

517 1888 761 1941 vertendi
799 1898 1065 1954 potestate
1098 1927 1114 1952 ,
1167 1903 1234 1941 ne
1282 1888 1483 1955 supine
1515 1897 1570 1940 et
1618 1890 1914 1942 oscitanter
1945 1889 2083 1941 viam

513 1993 737 2048 capesse
762 2017 777 2042 ,
814 1981 906 2033 sed
958 1994 1078 2032 cum
1123 1978 1269 2033 omni
1306 1979 1608 2046 diligentia.
1662 1977 1797 2032 Nam
1832 1988 2088 2033 occurret

518 2074 615 2125 tibi
654 2088 754 2126 vox
789 2072 1009 2136 laetitias,
1038 2086 1199 2140 quam
1228 2071 1318 2125 vel
1350 2070 1461 2137 jam
1498 2070 1626 2123 hinc
1660 2069 1851 2123 audias
1879 2086 1894 2123 :
1925 2068 2088 2137 quin-

515 2163 679 2216 etiam
708 2178 896 2216 onmes
928 2163 1019 2230 qui
1053 2176 1333 2215 sermones
1370 2177 1517 2215 meos
1558 2160 1870 2225 audierint,
1907 2162 1973 2215 de
2002 2176 2089 2215 sa-

516 2254 629 2306 lute
664 2262 754 2305 tua
787 2268 890 2306 una
921 2253 1254 2321 gaudebant.
1293 2252 1357 2305 Et
1399 2253 1511 2305 ham
1541 2252 1756 2321 quidem
1792 2253 2087 2305 secundum

516 2345 839 2405 historiam,
890 2360 995 2396 non
1054 2342 1259 2396 reditus
1307 2356 1372 2395 ex
1405 2341 1721 2409 captivitate
1757 2339 2090 2411 Babylonica

519 2449 763 2506 tempore
789 2446 939 2503 gesta
988 2445 1151 2500 sunt,
1191 2450 1313 2489 cum
1344 2435 1421 2498 ii,
1464 2434 1554 2502 qui
1588 2448 1617 2485 a
1665 2432 1810 2502 Cyro
1837 2444 1892 2486 et
1926 2434 2089 2488 Dario

517 2528 803 2582 Persarum
838 2528 1054 2597 regibus
1084 2526 1332 2580 libertate
1359 2526 1546 2579 donati
1573 2524 1811 2591 fuerant,
1844 2535 2089 2580 reverte-

520 2630 667 2673 runt.
719 2621 795 2673 Ac
825 2619 1120 2673 secundum
1154 2619 1486 2688 intelligendi
1521 2619 1784 2671 rationem
1813 2657 1828 2681 ,
1882 2631 2002 2671 cum
2037 2618 2090 2669 in

521 2713 748 2767 historia
802 2712 868 2765 ad
929 2712 1159 2765 litteram
1212 2710 1439 2779 reperiri
1502 2720 1736 2778 nequeat
1790 2719 1942 2779 petra
2001 2709 2091 2761 illa

518 2821 690 2876 aquas
717 2806 969 2859 emittens
999 2804 1050 2857 in
1079 2805 1251 2858 reditu
1281 2803 1461 2873 populi
1491 2842 1506 2867 ,
1537 2803 1776 2857 dicemus
1815 2802 1868 2856 in
1900 2801 1964 2855 iis
1999 2802 2090 2870 qui

517 2916 547 2953 a
579 2898 849 2967 spirituali
875 2896 1188 2965 captivitate
1237 2896 1289 2949 in
1326 2903 1648 2964 perpetuum
1684 2893 1895 2947 liberati
1923 2902 2047 2947 sunt
2070 2931 2087 2955 ,

518 2993 585 3047 de
614 2990 813 3060 quibus
837 2989 1083 3043 Christus
1109 2988 1363 3052 dicebat,
1416 3005 1434 3038 ι
1478 2985 1865 3055 Evangelizare
1892 2998 2093 3055 panpe-

519 3083 669 3136 ribus
696 3083 844 3135 misit
872 3096 976 3144 me,
1010 3080 1303 3149 prmdicarc
1330 3078 1557 3146 captivis
1588 3077 1953 3131 dimissionem
1971 3075 2040 3139 ⁸⁸,
2066 3093 2085 3127 ι

2192 1895 2329 1966 μίων
2362 1894 2527 1963 φόϐου
2560 1894 2869 1964 γενόμενον.
2925 1895 3119 1949 Λαϐὼν
3155 1895 3210 1947 δέ
3254 1894 3353 1966 τὴν
3384 1893 3633 1959 ἐξουσίαν
3666 1896 3785 1963 τῆς

2187 1987 2267 2046 είς
2309 1983 2378 2036 τὰ
2420 1986 2593 2037 οἰκεῖα
2636 1985 2917 2047 ἐπανόδου,
2966 1985 3039 2055 μὴ
3088 1984 3292 2048 ὑπτίως
3341 1986 3472 2057 μηδέ
3512 1986 3782 2056 νωχελῶς

2189 2076 2344 2129 ποιοῦ
2378 2076 2474 2147 τὴν
2508 2078 2752 2148 πορείαν,
2782 2079 2881 2130 σὺν
2918 2078 3102 2149 ἁπάσῃ
3134 2077 3191 2130 δέ
3229 2078 3450 2149 σπουδῇ.
3498 2079 3782 2149 ’Δπαντή-

2190 2188 2273 2224 σει
2306 2171 2415 2243 γάρ
2457 2189 2537 2224 σοι
2570 2173 2719 2243 φωνὴ
2765 2171 3120 2244 εὐφροσύνης,
3157 2172 3404 2225 ἐντεῦθεν
3438 2173 3538 2244 ἢδη
3574 2174 3782 2227 ἀκουο-

2194 2266 2379 2336 μένης
2410 2264 2544 2317 ἀλλά
2581 2266 2673 2317 καὶ
2700 2265 2898 2329 πάντες
2925 2266 2973 2317 oi
3016 2265 3133 2317 τῶν·
3158 2265 3309 2335 ἐμῶν
3331 2265 3507 2333 λόγων
3534 2267 3744 2320 ἀκούον
3770 2304 3774 2307 ι

2189 2371 2279 2416 τες
2316 2354 2750 2423 συγχαρήσονταί
2798 2371 2891 2406 σου
2934 2356 2999 2425 τῇ
3052 2355 3312 2426 σωτηρία.
3354 2355 3462 2409 Καὶ
3492 2356 3672 2409 ταῦτα
3718 2357 3779 2411 δὲ

2191 2447 2326 2519 πρὸς
2372 2447 2469 2515 μὲν
2509 2446 2751 2517 ἱστορίαν
2792 2447 2893 2499 οὐκ
2926 2446 3228 2518 ἐπληροῦτο
3269 2447 3408 2500 κατά
3440 2448 3528 2501 τδν
3572 2449 3779 2519 χρόνον

2189 2537 2289 2607 τῆς
2323 2534 2431 2587 ἀπὸ
2478 2534 2793 2598 Βαϐυλῶνος
2839 2534 3119 2598 ἐπανόδου,
3159 2534 3266 2587 τῶν
3307 2535 3777 2606 ἡλευθερωμένων

2191 2628 2295 2681 ὑπὸ
2327 2627 2508 2699 Κύρου
2540 2629 2631 2681 καὶ
2660 2629 2880 2700 Δαρείου
2919 2628 3026 2681 τῶν
3062 2628 3494 2698 βασιλευσάντων
3525 2632 3584 2682 ἐν
3620 2630 3774 2702 Πέρ-

2191 2733 2330 2779 σαιςο
2355 2711 2454 2769 διαὶ
2483 2717 2618 2787 πρὸς
2645 2717 2702 2769 δὲ
2742 2718 2999 2783 διάνοιαν,
3034 2718 3155 2770 ἐπεὶ
3190 2718 3265 2789 μὴ
3298 2718 3411 2771 ἐστι
3446 2720 3585 2790 πρὸς
3618 2719 3777 2785 λέξιν

2190 2804 2367 2875 εὑρεῖν
2405 2806 2463 2858 ἐν
2494 2809 2559 2877 τῇ
2593 2807 2801 2879 ἱστορίᾳ
2831 2807 3036 2879 πέτραν
3075 2807 3285 2861 ὑδάτων
3319 2808 3590 2880 ῥεύσασαν
3622 2812 3773 2865 κατὰ

2188 2894 2287 2965 τὴν
2348 2895 2606 2949 ἐπάνοδον
2667 2895 2761 2948 τοῦ
2810 2896 2961 2962 λαοῦ,
3008 2897 3253 2967 φήσομεν
3310 2896 3441 2966 γοῦν
3494 2902 3605 2963 τοῖς
3668 2900 3773 2970 τῆς

2190 2986 2563 3056 αἰχμαλωσίας
2593 2988 2678 3041 ἀεὶ
2704 2989 3183 3060 ἡλευθερωμένοις,
3227 2990 3353 3061 περὶ
3378 2983 3451 3043 ὦν
3479 2991 3511 3042 ὁ
3531 2991 3774 3063 Χριστός

2191 3077 2393 3146 ἔλεγεν,
2424 3098 2441 3128 ι
2465 3080 2927 3147 Εὑαγγελίσασθαι
2948 3083 3180 3152 πτωχοῖς
3209 3082 3517 3136 ἀπέσταλκέ
3544 3100 3634 3154 με,
3675 3102 3771 3155 γης

518 3189 701 3227 veram
749 3171 1083 3241 deprehendi
1117 3170 1553 3240 promissionem.
1603 3166 1697 3222 llis
1733 3166 1928 3238 quippe
1958 3167 2085 3236 ipsis

2197 3166 2350 3237 ρὶξαι
2378 3168 2738 3237 αἰχμαλώτοις
2768 3172 2979 3238 ἄφεσιν,
3016 3192 3033 3223 ι
3073 3173 3429 3243 ἐπαληθεύειν
3461 3173 3561 3237 τὴν
3586 3176 3771 3243 ἐπαγ-

519 3266 847 3335 apostolicus
889 3279 953 3317 ex
1000 3277 1125 3316 vera
1160 3272 1311 3330 petra
1361 3271 1518 3330 potus
1558 3260 1891 3314 instillatur:
1931 3278 1949 3311 ι
1987 3261 2085 3313 Pe-

522 3370 602 3411 tra
654 3366 831 3410 autem
867 3364 986 3409 erat
1038 3353 1286 3409 Christus
1326 3352 1393 3418 ⁸⁸,
1452 3370 1471 3404 ι
1520 3352 1816 3407 secundum
1852 3350 2087 3421 Aposto-

517 3447 648 3501 ium.

590 3537 755 3593 Vens.
787 3535 877 3590 2!.
926 3554 945 3588 ι
978 3534 1127 3603 Quod
1162 3534 1204 3588 si
1234 3532 1495 3599 sitierint,
1534 3549 1631 3603 per
1659 3532 1935 3588 desertum
1990 3532 2060 3586 du

520 3640 607 3686 eet
642 3645 774 3685 eos:
822 3645 1019 3700 aquam
1059 3644 1123 3683 es
1167 3637 1320 3697 petra
1379 3627 1572 3682 educet
1620 3625 1750 3680 illis.
1796 3626 2090 3680 Scindetur

518 3735 694 3794 petra,
734 3733 786 3777 ct
823 3724 954 3777 ﬂuet
1002 3737 1161 3791 aqua,
1209 3730 1264 3774 et
1322 3720 1471 3775 bibet
1502 3719 1734 3789 populus
1769 3735 1941 3774 meus.
1970 3717 2086 3773 Non

518 3827 601 3872 est
658 3816 908 3887 gaudium
964 3814 1163 3883 impiis,
1203 3812 1333 3866 dicit
1386 3812 1666 3865 Dominus.
1704 3829 1722 3863 ι
1762 3811 1972 3864 Etenim
2003 3812 2088 3880 pie

518 3909 802 3979 agentibus
860 3907 1037 3961 omnis
1078 3922 1107 3959 a
1164 3905 1272 3959 Deo
1325 3904 1476 3957 adest
1513 3902 1787 3971 voluptas,
1833 3902 2087 3973 gaudium

518 4014 575 4056 et
598 4002 807 4062 laztitia,
835 4015 1039 4054 necnon
1078 3998 1178 4051 alia
1207 3996 1411 4059 omnia,
1445 4011 1565 4063 qua:
1599 3994 1651 4048 in
1677 3994 1959 4061 promissis
1995 3995 2091 4047 ha-

521 4098 751 4158 bentur,
787 4094 966 4163 impiis
1010 4105 1139 4145 ιιι-ο
1180 4088 1325 4143 nulla
1377 4086 1769 4159 promissorum
1811 4086 1951 4142 ratio
1992 4087 2091 4141 ha-

516 4189 697 4243 lzetnr.

1072 4276 1302 4332 CAPUT
1346 4276 1533 4334 XLIX.

586 4370 750 4423 Vens.
784 4370 834 4421 1.
876 4387 895 4420 ι
926 4368 1121 4422 Audite
1164 4385 1273 4433 me,
1300 4370 1487 4423 insula:
1508 4408 1523 4431 ,
1555 4378 1610 4424 et
1640 4367 1921 4433 attendite,
1953 4382 2083 4435 gen-

514 4469 617 4513 tes.
650 4478 669 4511 ι
706 4460 907 4527 Aperte
956 4459 1223 4527 signiﬁcat
1271 4474 1328 4513 se
1361 4476 1465 4512 non
1495 4456 1712 4512 Judzeos
1744 4460 1795 4511 in
1830 4458 2081 4526 praesenti

2194 3259 2397 3327 γελίαν.
2434 3259 2654 3323 Τούτοις
2675 3261 2782 3333 γὰρ
2812 3264 2991 3327 αὐτοῖς
3021 3265 3080 3317 τὸ
3132 3265 3482 3318 ἀποστολικὸν
3518 3266 3676 3336 πόμα
3712 3266 3773 3321 τὸ

2191 3352 2256 3404 ἐκ
2280 3352 2380 3421 τῆς
2412 3352 2670 3424 ἀληθινῆς
2698 3354 2899 3425 πέτρας
2927 3356 3183 3429 ἐξομϐρεῖ
3201 3373 3215 3388 ·
3255 3377 3274 3410 ι
3319 3358 3382 3410 Ἦ
3411 3358 3586 3430 πέτρα
3611 3358 3676 3412 δὲ
3700 3353 3769 3431 ἦν

2190 3447 2218 3497 ὁ
2245 3445 2527 3516 Χριστὸς,ι
2568 3446 2706 3499 κατά
2736 3446 2825 3499 τὸν
2870 3448 3208 3502 Ἀπὸστολον.

2266 3557 2285 3589 ι
2317 3539 2427 3591 Καὶ
2451 3540 2542 3591 ἐὰν
2576 3538 2862 3609 διψήσωσι,
2893 3540 2957 3592 δι’
2988 3543 3195 3612 ἐρήμου
3220 3542 3338 3609 ἄξει
3365 3543 3561 3607 αύτούς
3580 3562 3592 3574 ·
3619 3544 3767 3617 ὕδωρ

2191 3630 2254 3682 ἐκ
2305 3627 2509 3699 πέτρας
2553 3628 2729 3693 ἐξάξει
2776 3630 2978 3693 αὐτοῖς.
3025 3630 3379 3702 Σχισθὴσεται
3426 3635 3619 3703 πέτρα,
3679 3621 3767 3689 κᾶι

2192 3720 2450 3791 ρυήσεται
2496 3718 2661 3790 ὕδωρ,
2712 3721 2806 3773 καὶ
2854 3721 3032 3776 πίεται
3079 3723 3107 3772 ὁ
3156 3722 3281 3785 λαός
3330 3741 3450 3794 μου.
3490 3725 3602 3777 Ούκ
3652 3726 3767 3779 ἐστι

2190 3811 2419 3881 χαίρειν,
2461 3809 2607 3877 λέγει
2654 3810 2877 3881 Κύριος,
2920 3814 3031 3874 τοῖς
3072 3812 3342 3865 ἀσεϐέσιν.
3399 3832 3418 3865 ι
3466 3814 3765 3868 Εὑσεϐοῧσι

2188 3900 2295 3976 γὰρ
2329 3904 2478 3954 πᾶσα
2509 3902 2767 3973 πάρεστιν
2801 3904 2833 3972 ἠ
2870 3904 3019 3975 παρά
3051 3904 3145 3956 τοῦ
3175 3904 3309 3957 Θεοῦ
3340 3906 3519 3977 τρυφὴ
3550 3906 3647 3959 καὶ
3679 3906 3767 3959 εὑ-

2188 3991 2450 4064 φροσύνη,
2494 3993 2586 4045 καὶ
2632 3995 2732 4046 ὅσα
2770 3994 3100 4064 ἐπήγγελται
3146 3995 3326 4063 ἀγαθὰ
3356 3997 3509 4051 ἀλλω
3555 4000 3672 4063 τοῖς
3711 3996 3765 4051 δι

2188 4084 2438 4138 ἀσεϐέσιν
2468 4084 2642 4148 οὐδεὶς
2674 4083 2833 4155 λόγος
2863 4086 2999 4157 πρὸς
3027 4086 3096 4141 τά
3123 4087 3528 4160 ἐπηγγελμένα.

2694 4289 3085 4343 ’(ΕΦΛΛΑΙΟΝ
3122 4287 3256 4344 ΜΘ’.

2262 4400 2281 4434 ι
2343 4381 2633 4435 Ἀκούσατέ
2678 4400 2799 4453 μου,
2848 4382 3021 4453 νῆσοι,
3057 4383 3153 4435 καὶ
3198 4380 3512 4453 προσέχετε,
3548 4380 3697 4452 ἔθνη.
3738 4397 3755 4430 ι

2189 4476 2486 4545 Μονονουχὶ
2524 4475 2708 4544 σαφῶς
2736 4476 3192 4546 διαστελλόμενος,
3223 4476 3325 4539 ὄτι,
3359 4474 3435 4545 μὴ
3458 4473 3589 4545 πρὸς
3634 4474 3761 4526 Ἰου-

512 4554 860 4621 compellare,
897 4566 1070 4621 neque
1101 4553 1165 4605 ad
1199 4552 1425 4620 quasvis
1457 4552 1643 4605 obvias
1674 4551 1880 4606 insulas
1913 4553 2080 4606 verba

2191 4566 2367 4630 δαίους
2412 4567 2477 4619 τὰ
2522 4567 2765 4637 παρόντα
2805 4568 3088 4630 συντείνει,
3129 4566 3251 4637 μηδ’
3304 4566 3379 4630 ὡς
3423 4566 3581 4635 ἔτυχε
3627 4564 3760 4637 πρός

512 4649 712 4707 facere,
748 4643 839 4696 sed
876 4643 939 4694 ad
968 4652 1157 4710 gentes
1187 4653 1241 4695 et
1273 4642 1337 4694 ad
1389 4642 1479 4695 Dei
1516 4640 1790 4695 Ecclesias
1819 4642 1870 4695 in
1902 4641 2082 4697 medio

513 4736 753 4804 gentium
814 4734 1039 4803 positas.
1094 4733 1438 4803 Quapropter
1490 4732 1786 4787 secundum
1835 4732 2082 4804 Symmaa

510 4830 695 4890 chum,
722 4828 807 4881 sic
845 4826 1043 4894 legitur
1074 4844 1087 4879 :
1122 4825 1357 4879 «Audite
1391 4841 1495 4891 me,
1537 4825 1746 4889 insulae,
1794 4836 1848 4879 et
1869 4824 2083 4879 anscul-

512 4930 642 4983 tate,
672 4932 887 4989 gentes.
921 4940 940 4972 ι
982 4920 1123 4986 Quid
1160 4918 1322 4989 igitur
1351 4918 1605 4973 Ecclesiae
1654 4935 1764 4974 suae
1801 4920 2083 4973 declarare

506 5021 744 5079 expetat,
800 5012 871 5065 ita
926 5012 1111 5067 subdit
1150 5028 1163 5065 :
1195 5029 1214 5062 ι
1268 5009 1369 5066 Per
1407 5011 1633 5065 multum
1674 5022 1887 5081 tempus
1916 5012 2083 5065 stabit

512 5102 793 5156 Dominus.
829 5122 847 5154 ι
880 5104 956 5156 Ae
984 5103 1161 5171 primo
1188 5104 1585 5158 observandum
1610 5114 1714 5165 est,
1748 5107 1861 5158 inec
1885 5114 1940 5157 et
1963 5117 2081 5172 qua:

511 5203 693 5260 postea
717 5196 1147 5264 subsequuntur,
1189 5210 1256 5249 ex
1289 5210 1515 5265 persona
1559 5195 1769 5248 Domini
1820 5194 2077 5264 proferri.

508 5284 611 5339 Ubi
641 5288 752 5354 ipse
782 5286 1065 5351 Dominus,
1096 5288 1186 5354 qui
1222 5300 1528 5339 sermonem
1563 5300 1791 5339 exorsus
1826 5295 1930 5350 est,
1960 5300 2079 5354 quae

510 5378 838 5442 adjiciuntur
856 5378 1013 5447 quasi
1046 5378 1109 5430 de
1138 5378 1242 5431 alio
1272 5379 1411 5431 dicta
1442 5378 1685 5431 declarat
1714 5396 1726 5431 :
1773 5379 1880 5431 imo
1915 5380 2077 5432 etiam

507 5482 627 5519 sese
660 5469 894 5535 genitum
932 5483 1051 5521 esse
1081 5469 1303 5531 fatetur,
1333 5480 1385 5522 et
1425 5485 1639 5521 servum
1681 5479 1979 5539 nuncupat,
2026 5480 2082 5523 et

508 5559 676 5610 inulta
713 5559 900 5611 aliain
938 5562 1294 5627 sequentibus
1338 5561 1531 5629 aperit.
1578 5557 1657 5614 Ne
1696 5559 1831 5627 jam,
1879 5563 2077 5631 inquit,

508 5652 631 5701 dum
674 5649 785 5703 hazc
820 5651 1065 5720 eloquor,
1099 5656 1384 5709 verborum
1418 5652 1669 5709 ell‘ectum
1720 5670 1815 5711 vos
1864 5658 2080 5711 visuros

578 5827 623 5856 ‘“
653 5826 781 5882 Luc.
826 5846 899 5897 tv,
942 5833 1022 5886 '8.
1102 5836 1143 5866 ⁸³³
1184 5834 1346 5889 lCar.
1384 5853 1436 5896 κ,
1466 5838 1512 5889 i.

2185 4676 2337 4721 τινας
2385 4658 2706 4729 προχείρους
2750 4658 3049 4728 νοουμένας
3088 4660 3305 4729 νήσους,
3356 4657 3490 4710 ἀλλά
3524 4657 3662 4727 πρὸς
3697 4655 3761 4709 τὰ

2184 4749 2311 4820 ἔθνη
2357 4750 2449 4801 καὶ
2494 4750 2593 4812 τὰς
2651 4749 2851 4820 μεταξὺ
2909 4750 3014 4803 τῶν
3069 4749 3235 4802 ἐθνῶν
3288 4749 3758 4821 μεσολαϐουμὲνας

2184 4841 2277 4894 τοῦ
2308 4840 2441 4893 Θεοῦ
2479 4841 2824 4912 Ἐκκλησίας.
2856 4843 3017 4895 Ὂθεν
3050 4844 3144 4895 καὶ
3178 4843 3317 4895 κατὰ
3344 4842 3433 4894 τὸν
3468 4841 3757 4912 Σύμμαχον

2184 4929 2369 4982 τοῦτον
2402 4930 2615 5002 εἴρηται
2641 4932 2731 4984 τὸν
2765 4933 2992 5003 τρόπον,
3042 4952 3061 4983 ι
3109 4932 3400 4985 Ἀκούσατὲ
3434 4949 3555 5002 μου,
3586 4935 3753 5002 νῆσοι,

2188 5021 2279 5072 καὶ
2316 5022 2678 5093 ἀκροάσασοε,
2706 5023 2852 5093 ἔθνη.
2900 5043 2916 5075 ι
2953 5024 3017 5075 Τί
3048 5025 3224 5077 τοίνυν
3255 5024 3500 5094 βούλεται
3530 5023 3754 5089 διδάξειν

2186 5112 2283 5183 τὴν
2321 5114 2644 5185 Ἐκκλησίαν
2668 5116 2854 5177 αὑτοῦ,
2876 5116 3135 5185 ἐπιλέγει,
3169 5136 3186 5167 ι
3222 5116 3319 5169 Διά
3345 5117 3534 5188 χρόνον
3564 5113 3753 5168 πολλοῦ

2189 5204 2440 5273 στήσεται
2483 5205 2705 5276 Κύριος.
2747 5227 2763 5257 ι
2803 5208 2912 5260 Καὶ⁸
2950 5207 3161 5277 πρῶτον
3192 5206 3567 5277 ἐπιτηρητὲον,
3596 5205 3670 5269 ὼς
3698 5206 3754 5256 ἐκ

2186 5291 2477 5364 προσώπου
2518 5293 2611 5346 τοῦ
2655 5296 2858 5367 Κυρίου
2905 5296 3079 5351 ταῦτα
3123 5298 3343 5370 φέρεται
3394 5299 3484 5351 καὶ
3526 5296 3595 5350 τὰ
3633 5298 3752 5366 ἑξῆς

2183 5386 2391 5448 τούτοις
2426 5388 2825 5459 ἐπιφερόμενα·
2856 5390 2911 5441 ἐν
2940 5384 3020 5452 οἷς
3044 5390 3203 5452 αὐτὸς
3234 5393 3261 5443 ὁ
3292 5390 3385 5442 τοῦ
3418 5390 3575 5458 λόγου
3624 5406 3742 5441 κατ-

2184 5476 2355 5547 ἀρξας
2388 5477 2589 5548 Κύριος
2625 5479 2700 5541 ὼς
2754 5481 2879 5554 περὶ
2928 5482 3112 5553 ἐτέρου
3147 5482 3384 5534 διδάσκει
3412 5482 3477 5534 τὰ
3511 5481 3748 5550 ἐπιλεγό-

2188 5584 2353 5637 μενα’
2393 5569 2528 5621 ἀλλὰ
2572 5570 2663 5622 καὶ
2708 5572 3067 5640 γεγεννῆσθαι
3118 5572 3305 5626 ἐαυτὸν
3343 5573 3613 5644 ὁμολογεῖ,
3660 5573 3747 5626 καί

2183 5659 2363 5712 δοῦλον
2397 5661 2585 5728 ἑαυτὸν
2627 5662 2897 5733 ὀνομάζει,
2928 5665 3019 5716 καὶ
3048 5665 3146 5719 ὅσα
3176 5665 3310 5718 ἄλλα
3344 5666 3639 5739 παρίστησι
3666 5662 3749 5722 διὰ
