3968 6578
197 441 292 496 429

1061 428 1573 487 CUMMENTARIA
1612 428 1678 484 ΙΝ
1716 428 1976 485 15Λ1ΑΜ.
2017 459 2082 470 --
2119 429 2274 485 CAP.
2315 427 2503 482 XLIX.

3320 421 3427 481 450

195 559 293 609 τῶν
320 552 448 622 ἑξῆς
482 549 914 622 ἐπιφερομένων.
961 546 1051 618 Μὴ
1091 547 1207 611 νῦν,
1245 546 1430 616 φησιν,
1472 545 1560 598 ὅτε
1590 543 1761 598 ταῦτα

1873 558 1986 598 esse
2021 552 2270 612 sperate:
2304 557 2430 594 nam
2483 540 2797 596 diuturnum
2854 538 3156 596 intercedet
3188 548 3422 609 tempus,

195 648 547 717 διεξέρχομαι,
605 642 1012 714 προσδοκήσητε
1055 638 1163 692 τῶν
1206 638 1379 706 λόγων
1419 636 1645 706 δέν-εσθαι
1692 636 1759 689 τά

195 739 600 809 ἀποτελέσματα
621 752 635 766 ο
672 734 879 806 μακρὸς
908 732 1013 804 γὰρ
1043 732 1194 785 ἔσται
1225 729 1428 801 μεταξὺ
1468 729 1657 801 χρόνος
1699 729 1758 780 ὲν

194 831 231 903 ᾧ
267 836 330 887 δι’
364 834 541 903 ἔργων
592 829 915 898 συστήσεται
960 824 1027 879 τά
1071 823 1540 896 προφητευόμενα.
1593 841 1611 872 ι
1665 821 1760 874 Ἐκ

195 925 389 987 κοιλίας
426 920 631 993 μητρός
668 937 768 990 μου
808 907 1032 972 ἐκάλεσε
1063 915 1124 969 τὸ
1157 915 1327 986 ὄνομά
1371 932 1491 985 μου.
1539 933 1558 966 ι
1591 911 1762 967 Τοῦτο

193 1019 290 1088 γὰρ
326 1014 675 1084 παιδεύθητε,
707 1005 752 1064 ὧ
785 1011 931 1081 ἔθνη,
964 1009 1057 1063 καὶ
1090 1009 1266 1079 ὑμεῖς,
1305 1009 1360 1060 αἱ
1395 1006 1564 1077 νῆσοι.
1603 1006 1759 1058 Ποῖον

261 1105 437 1169 τοῦτο,
471 1103 504 1173 ἦ
534 1105 619 1157 ὅτι
646 1101 850 1173 Κύριος
883 1101 911 1152 ὀ
943 1100 1158 1153 πάντων
1187 1097 1473 1167 δεσπότης»
1509 1096 1603 1150 καὶ
1633 1096 1761 1164 ’πρὶν

195 1203 265 1262 είς
289 1196 613 1270 ἀνθρώπους
654 1194 752 1265 ἐμὲ
777 1192 866 1246 τὸν
905 1190 1108 1262 Κύριον
1148 1188 1428 1250 εἰσελθεῖν,
1461 1185 1539 1240 ἔτι
1565 1187 1762 1257 κυόμε-

195 1308 292 1352 νον,
329 1288 426 1342 καὶ
474 1286 615 1340 κατὰ
653 1284 887 1356 γαστρὸς
928 1281 1310 1343 ἀνεκαλέσατο,
1359 1279 1519 1342 αὐτὸς
1569 1279 1623 1331 δέ
1671 1295 1761 1349 μοι

193 1380 277 1433 καὶ
302 1379 475 1448 ὄνομα
503 1377 844 1448 έδωρήσατο;
881 1375 1005 1426 Ὅτι
1043 1371 1138 1443 μὲν
1167 1372 1242 1435 ὡς
1269 1369 1416 1440 αύτῷ
1453 1370 1596 1441 μόνῳ
1621 1367 1761 1438 γνὼ-

1859 646 2147 704 antequam
2193 647 2257 688 ea
2311 647 2432 703 qua:
2481 633 2534 687 in
2575 631 2855 704 prophetia
2891 631 3269 697 enuntientur,
3299 648 3428 688 eve-

1860 727 2030 782 niant.
2102 745 2120 776 ι
2167 725 2246 779 Ex
2303 735 2458 780 utero
2514 725 2706 780 matris
2762 739 2894 779 mea:
2952 725 3168 780 vocavit
3229 739 3442 780 nomen

1862 834 2062 873 meum.
2091 836 2110 869 ι
2144 816 2199 871 ld
2241 815 2486 880 ediscite,
2534 827 2746 886 gentes,
2779 826 2837 871 et
2862 833 2978 881 vos,
3019 816 3225 872 insulae.
3256 818 3428 884 Quid-

1863 927 1982 964 nam
2017 911 2164 973 illud,
2205 909 2306 964 nisi
2338 908 2481 977 quod
2514 908 2773 962 Dominus
2818 910 3056 962 omnium
3096 909 3426 970 dominator,

1863 1003 1946 1057 vel
1979 1013 2265 1072 antequam
2292 1017 2390 1072 ego
2428 999 2688 1055 Dominus
2718 1000 2784 1054 ad
2817 1000 3062 1056 homines
3083 1001 3426 1064 accederem,

1863 1107 1917 1151 et
1947 1102 2070 1151 dum
2104 1096 2156 1150 in
2197 1106 2348 1148 utero
2377 1103 2643 1162 gestarcr,
2705 1108 2789 1147 me
2825 1093 3122 1160 vocaverit,
3185 1095 3430 1163 mihique

1864 1203 2060 1243 nomen
2113 1187 2414 1241 indiderit?
2466 1184 2600 1252 Quia
2657 1186 3115 1256 quemadmodum
3170 1187 3268 1256 ipsi
3325 1189 3425 1243 soli

1862 1278 1974 1348 jam
2013 1289 2198 1332 notum
2241 1278 2368 1332 illud
2412 1287 2524 1342 est;
2576 1278 2653 1333 sic
2685 1288 2739 1332 et
2790 1279 2941 1333 vobis
2994 1279 3146 1348 ipsis,
3177 1281 3431 1336 omnibus

1869 1383 2060 1437 nempe
2082 1369 2351 1438 gentibus,
2382 1383 2481 1422 suo
2520 1379 2759 1437 tempore
2784 1370 3131 1425 manifestum
3159 1372 3286 1426 erit.

196 1474 342 1549 ριμόν
378 1475 525 1525 ἐστι·
564 1469 705 1522 κατὰ
735 1468 922 1540 καιρὸν
963 1467 1019 1521 δὲ
1059 1467 1153 1520 καὶ
1198 1466 1334 1537 ὑμῖν
1377 1467 1579 1530 αὐτοῖς,
1617 1464 1759 1534 λέγω
1792 1465 1924 1517 πᾶσι
1954 1466 2065 1527 τοῖς
2089 1463 2286 1529 ἔθνεσι,
2315 1463 2542 1535 φανερὸν
2571 1464 2881 1536 γενήσεται.

260 1677 277 1708 ‹
312 1658 424 1710 Καὶ
454 1655 616 1726 ἔθηκε
650 1654 708 1706 τὸ
741 1652 913 1724 στόμα
951 1668 1050 1724 μου
1082 1652 1157 1714 ὡς
1193 1651 1465 1723 μάχαιραν
1498 1650 1696 1717 ὀξεῖαν.
1735 1669 1753 1701 ι

205 1745 353 1799 Ἀλλά
388 1744 486 1797 καὶ
528 1743 721 1811 ἔθηκεν
749 1744 776 1795 6
806 1742 963 1801 αὐτὸς
987 1739 1120 1803 Θεὸς
1149 1741 1243 1792 καὶ
1293 1739 1482 1808 Πατὴρ
1527 1737 1590 1789 τὸ
1631 1735 1760 1806 ἐμὸν

194 1839 273 1892 τοῦ
327 1837 504 1890 ταῦτα
560 1835 807 1902 λέγοντος
863 1833 1067 1903 Κυρίου
1127 1831 1318 1901 στόμα,
1372 1829 1448 1892 ὡς
1494 1829 1762 1900 μάχαιραν

195 1929 382 1995 ὀξεῖαν,
421 1925 697 1996 τμητικὴν
722 1919 906 1985 οὖσαν,
934 1924 1012 1984 είς
1041 1921 1102 1974 τὸ
1122 1920 1347 1992 διαιρεῖν
1374 1919 1467 1973 καὶ
1489 1917 1766 1988 ἀφορίζειν

193 2023 307 2082 τοὺς
336 2018 528 2082 ἀξίους
552 2015 642 2067 τοῦ
673 2013 807 2066 Θεοῦ
836 2011 943 2065 ἀπὸ
966 2013 1073 2065 τῶν
1104 2011 1178 2082 μὴ
1206 2010 1460 2063 τοιούτων
1482 2025 1495 2038 ·
1527 2008 1554 2062 ὃ
1579 2009 1642 2080 δὴ
1673 2008 1767 2061 καὶ

195 2115 244 2165 ὲν
275 2108 629 2178 Εὖαγγελίοις
658 2109 686 2159 6
727 2106 888 2168 αὐτὸς
922 2103 1219 2176 ἐμαρτύρει
1258 2103 1431 2170 λέγων
1452 2141 1466 2165 ,
1503 2121 1521 2152 ι
1558 2101 1650 2172 Μὴ
1681 2118 1768 2156 νο-

197 2207 406 2276 μίσητε,
435 2204 518 2256 ὅτι
547 2197 706 2271 ἦλθον
739 2197 918 2268 βαλεῖν
963 2197 1186 2268 εἰρήνην
1212 2194 1304 2246 ἐπὶ
1329 2195 1425 2264 τῆς
1453 2193 1576 2262 γῆς,
1618 2209 1636 2242 ι
1673 2191 1766 2244 καὶ

193 2297 253 2349 τὰ
301 2295 457 2365 ἑξῆς.
513 2312 530 2344 ι
575 2292 682 2345 Καὶ
733 2289 837 2342 ὑπὸ
883 2288 979 2358 τὴν
1016 2287 1222 2356 σκέπην
1274 2285 1369 2355 τῆς
1394 2283 1576 2354 χειρὸς
1602 2282 1764 2336 αὑτοῦ

194 2391 386 2462 ἔκρυψέ
429 2406 496 2461 με
524 2405 537 2417 ⁸
576 2385 737 2457 ἔθηκέ
770 2400 836 2454 με
875 2384 949 2444 ὡς
984 2382 1134 2452 βέλος
1177 2378 1450 2440 ἐκλεκτὸν,
1487 2376 1578 2430 καὶ
1614 2378 1671 2429 ὲν
1699 2379 1764 2447 τῇ

196 2483 439 2556 φαρέτρα
481 2478 646 2534 αὑτοῦ
693 2475 891 2548 ἔκρυψέ
932 2491 1018 2545 με.
1061 2493 1080 2525 ι
1127 2473 1237 2542 Τὴν
1278 2470 1507 2543 κρύφιον
1534 2469 1768 2530 καὶτοῖς

195 2573 400 2635 πολλοῖς
427 2569 794 2624 λανθάνουσαν
821 2564 1128 2634 οἰκονομίαν
1153 2563 1252 2632 τῆς
1281 2559 1545 2628 ἐνσάρκου
1575 2575 1771 2629 παρου-

196 2666 304 2728 σίας
329 2661 503 2716 αὑτοῦ
532 2655 633 2713 ὧδέ
655 2677 729 2730 πη
763 2657 1148 2725 αἰνιττόμενος.
1179 2654 1388 2720 Ὥσπερ
1413 2651 1467 2702 δὲ
1500 2649 1768 2719 μάχαιραν

194 2755 361 2822 ὀξεῖαν
393 2755 499 2824 τὴν
524 2750 772 2820 γλῶσσαν
798 2745 961 2801 αὐτοῦ
989 2743 1294 2814 ὠνόμασεν,
1321 2741 1464 2794 οὕτω
1492 2741 1584 2793 καὶ
1617 2740 1768 2810 βέλος

196 2846 448 2902 ἐκλεκτόν
479 2859 611 2914 φησι
639 2838 910 2893 τεθεῖσθαι
941 2836 1128 2888 ἑαυτὸν
1160 2833 1264 2886 ὑπὸ
1305 2831 1397 2885 τοῦ
1428 2831 1667 2903 Πατρός·
1702 2828 1768 2882 ἵν’

194 2944 273 2995 ὅτε
305 2937 576 3010 βούλοιτο,
607 2930 882 3002 τιτρώσκῃ
921 2929 1044 2990 τοὺς
1086 2925 1268 2989 ἀξίους
1304 2923 1410 2976 τῶν
1450 2921 1612 2977 αὑτοῦ
1645 2922 1768 2982 κέν-

192 3049 353 3104 τρων·
392 3028 556 3083 ὁποία
586 3023 652 3098 ἦν
681 3027 713 3095 ἡ
737 3023 880 3093 ψυχὴ
908 3023 940 3091 ὴ
964 3019 1215 3086 λέγουσα,
1253 3037 1270 3068 ι
1308 3017 1429 3070 Ὅτι
1457 3013 1767 3086 τετρωμένη

195 3125 414 3191 ἀγάπης
448 3119 576 3188 ἐγώ.
623 3137 640 3169 ι
683 3115 827 3185 Πλὴν
855 3111 988 3165 ἀλλά
1014 3112 1106 3163 καὶ
1139 3109 1296 3162 τοῦτο
1334 3107 1394 3160 τὸ
1432 3106 1584 3177 βέλος
1607 3105 1681 3167 ὼς
1714 3106 1770 3157 ὲν

197 3216 441 3287 φαρέτρα
473 3211 565 3263 καὶ
601 3209 743 3278 Θήκῃ
779 3205 946 3276 βελῶν
982 3200 1298 3272 ἀπέκρυψεν
1326 3201 1353 3252 6
1380 3197 1510 3261 Θεὸς
1538 3196 1630 3250 xui.
1655 3197 1769 3250 Πα-

198 3256 354 3284 Υ⁴¹¹⁵¹
411 3256 441 3282 '.'
475 3256 565 3263 ""'
609 3256 743 3278 *Ἱππ
779 3256 826 3276 ιη
1132 3256 1143 3272 ι
1209 3256 1220 3269 ι
1491 3256 1505 3261 ν

194 3269 320 3378 τηρ·
343 3256 437 3358 ῖζα
473 3303 547 3373 μὴ
579 3301 776 3362 πάντες
805 3297 932 3350 αὐτὸ
959 3294 1223 3364 Θεωρῶσι,
1259 3291 1390 3363 μηδὲ
1417 3289 1694 3359 νομιῶσιν,
1722 3290 1770 3342 εί
1797 3256 1838 3314 C

198 3400 266 3469 μὴ
296 3399 452 3469 μόνοι
483 3396 532 3446 oi
568 3391 728 3456 ἄξιοι.
769 3387 1132 3458 Καταλλήλως
1155 3385 1212 3438 δὲ
1240 3385 1331 3437 ἐπὶ
1354 3386 1419 3454 τῇ
1458 3381 1551 3435 τοῦ
1587 3381 1771 3451 βέλους

195 3485 468 3558 ἐπηγορία
494 3482 570 3553 τῷ
601 3479 700 3551 τῆς
726 3479 1000 3550 φαρέτρας
1028 3477 1246 3544 ὀνόματι
1279 3474 1560 3545 κέχρηται.
1598 3471 1769 3542 Φαρέ-

194 3595 318 3649 τραν
368 3577 430 3628 δὲ
471 3575 566 3627 καὶ
605 3570 896 3642 βελοθήκην
942 3570 1041 3620 ούκ
1084 3566 1149 3619 ἂν
1201 3565 1465 3636 ἁμάρτοις
1507 3561 1674 3616 εἰπὼν
1709 3561 1770 3614 τὸ

196 3669 422 3741 σαρκίον
450 3667 479 3719 ὃ
512 3663 794 3732 ἀνείληφεν
823 3663 850 3713 6
883 3660 975 3714 τοῦ
1015 3657 1146 3710 Θεοῦ
1177 3657 1344 3724 Λόγος
1373 3653 1651 3724 ἐπιδημῶν
1677 3655 1770 3707 ἀν-

195 3761 457 3833 θρώποις.
487 3755 737 3809 Τοιοῦτον
761 3754 815 3806 δὲ
843 3748 1347 3818 κατεσκευασμένον
1379 3747 1468 3798 τὸν
1491 3745 1664 3798 ταῦτα
1692 3743 1770 3797 λέ-

195 3869 358 3922 τοντα.
398 3849 600 3919 Κύριον
628 3849 655 3900 6
677 3845 807 3916 ἐμὸς
839 3843 970 3905 Θεὸς
1001 3841 1094 3894 καὶ
1129 3840 1315 3910 Πατὴρ
1346 3834 1465 3891 εἶπέ
1497 3854 1608 3908 μοι’

264 4155 283 4187 ι
328 4135 536 4197 Δοῦλός
570 4151 669 4203 μου
702 4128 754 4186 εἴ
787 4132 870 4196 σὺ,
919 4131 1152 4203 Ἰσραὴλ,
1189 4131 1281 4184 καὶ
1311 4133 1367 4184 ἐν
1402 4131 1482 4184 σοι
1510 4129 1768 4201 δοξασθή-

195 4245 382 4298 σομαι.
424 4247 443 4278 ι
492 4227 708 4297 Ἐπειδὴ
738 4226 844 4298 γάρ
878 4225 1145 4296 προῆλθες
1177 4228 1239 4277 ἐκ
1290 4224 1493 4287 κοιλίας
1540 4223 1765 4295 μητρὸς,

193 4323 281 4372 καὶ
323 4320 546 4388 γένεσιν
581 4318 876 4389 ὑπέμεινας
913 4317 1010 4388 τὴν
1056 4320 1119 4370 ὲκ
1167 4317 1474 4390 σπέρματος
1530 4315 1764 4386 Ἰσραὴλ,

192 4414 288 4466 οὐκ
319 4416 387 4465 ὲν
432 4413 602 4483 ἑτέρῳ
644 4413 808 4480 γένει,
855 4410 974 4463 οὐδὲ
1007 4412 1064 4462 ἐν
1098 4410 1410 4478 ἀλλοφύλοις
1454 4409 1628 4462 ἔθνεσι
1672 4409 1768 4478 τὴν

195 4500 613 4574 ὲνανΘρὼπησιν
639 4504 905 4572 ἐποιήσωο
937 4502 1050 4555 ἀλλ’
1076 4504 1132 4554 ὲν
1161 4502 1238 4572 τῷ
1275 4501 1488 4572 Ἰσραὴλ
1515 4502 1578 4552 ἐκ
1604 4500 1768 4569 σπέρ-

1936 1647 2100 1702 Vens.
2126 1648 2182 1702 ‘2.
2232 1667 2251 1699 ι
2283 1648 2346 1702 Ει
2376 1648 2552 1718 posuit
2596 1664 2657 1703 os
2705 1663 2884 1702 meum
2927 1656 2986 1702 ut
3027 1647 3266 1718 gladium
3306 1664 3434 1704 acu»

1870 1749 2003 1796 tttm.
2029 1759 2049 1792 ι
2087 1740 2190 1794 Sed
2219 1741 2377 1793 etiam
2416 1741 2554 1795 idem
2587 1741 2726 1795 Deus
2777 1749 2828 1794 et
2855 1739 3039 1805 Pater,
3069 1743 3171 1796 mei
3213 1743 3310 1796 ista
3347 1744 3432 1798 lo-

1870 1833 2088 1901 quentis
2115 1833 2376 1887 Dominus
2406 1848 2471 1887 os
2510 1833 2691 1902 posuit
2720 1841 2776 1886 ut
2803 1833 3041 1902 gladium
3095 1844 3338 1899 acutum,
3369 1851 3434 1889 ac

1867 1927 2012 1980 tenui
2052 1925 2458 1980 adscissionem
2499 1925 2634 1987 acie,
2662 1925 2726 1978 ad
2762 1926 3094 1993 separandos
3135 1934 3190 1979 et
3235 1941 3431 1995 seque-

1867 2019 2120 2074 strandos
2144 2033 2262 2083 eos,
2317 2019 2406 2087 qui
2454 2015 2566 2072 Deo
2613 2017 2759 2087 digni
2796 2027 2943 2086 sunt,
2974 2017 3160 2080 abiis,
3189 2018 3279 2086 qui
3323 2035 3431 2072 non

1868 2110 1984 2180 pari
2019 2110 2179 2163 modo
2215 2124 2272 2163 se
2300 2107 2527 2163 habent.
2565 2110 2719 2176 Quod
2748 2109 2910 2163 etiam
2963 2111 3075 2179 ipse
3106 2110 3158 2163 in
3183 2110 3430 2180 Evange-

1869 2203 1954 2257 liis
1979 2201 2376 2256 testificabatur
2401 2202 2586 2256 dicens
2623 2221 2636 2256 :
2673 2219 2691 2252 ι
2713 2201 2889 2256 Nolite
2920 2211 3144 2272 putare,
3173 2203 3432 2272 quoniam

1869 2296 2112 2348 venerim
2143 2309 2330 2363 pacem
2363 2295 2581 2349 mittere
2616 2310 2779 2365 super
2808 2303 3011 2349 terram
3057 2295 3125 2362 ⁸⁸,
3161 2315 3181 2347 ι
3227 2305 3281 2350 et
3325 2311 3431 2350 cae-

1870 2397 2007 2442 tera.
2054 2404 2073 2439 ι
2110 2386 2176 2442 Ει
2225 2389 2325 2442 sub
2376 2396 2688 2454 legumento
2744 2402 2938 2442 manus
2991 2401 3101 2442 suae
3149 2386 3438 2444 abscondit

1871 2495 1986 2534 me:
2021 2480 2200 2548 posuit
2229 2494 2312 2533 me
2338 2481 2492 2548 quasi
2521 2481 2774 2550 sagittam
2809 2479 3064 2542 electam,
3108 2489 3162 2534 et
3207 2481 3258 2533 in
3290 2482 3432 2550 pha-

1871 2580 2012 2624 retra
2047 2586 2142 2623 sua
2182 2571 2470 2625 abscondit
2521 2586 2626 2625 me.
2660 2589 2680 2624 ι
2713 2571 2994 2626 Occultam
3021 2588 3084 2625 ac
3113 2573 3301 2628 multis
3338 2575 3437 2628 ho-

1870 2660 2108 2714 rninibus
2134 2659 2391 2714 latentem
2422 2662 2782 2716 oeconomiam
2823 2663 2905 2716 sui
2941 2664 2995 2716 in
3038 2679 3204 2718 carne
3235 2667 3437 2720 adven-

1871 2758 1954 2804 tus
1987 2751 2070 2804 ltis
2097 2751 2425 2806 subindicat.
2455 2751 2610 2806 Sicut
2635 2763 2812 2807 autem
2843 2754 3082 2823 linguam
3132 2773 3288 2812 suam
3314 2759 3434 2828 gla-

1870 2843 2014 2896 dium
2066 2853 2288 2897 acutum
2340 2845 2576 2909 vocavit,
2622 2845 2694 2899 ita
2739 2854 2793 2899 et
2845 2860 2904 2900 se
2936 2846 3154 2902 aPatre
3183 2850 3433 2919 sagittam

1869 2934 2095 2988 electam
2128 2935 2361 3004 positum
2401 2935 2568 2991 fuisse
2605 2946 2870 3003 testatur;
2911 2947 2968 2990 ut
3005 2939 3214 3006 quoties
3251 2940 3434 3007 vellet,

1872 3026 2059 3080 feriret
2103 3041 2218 3090 eos,
2265 3027 2354 3095 qui
2408 3026 2714 3094 huiusmodi
2758 3029 2966 3098 spiculo
3011 3031 3156 3100 digni
3195 3045 3432 3089 essent:

1871 3119 2044 3187 qualis
2071 3128 2190 3173 erat
2219 3120 2400 3172 anima
2430 3119 2541 3182 illa,
2563 3132 2687 3190 qum
2726 3121 2961 3185 dicebat,
3014 3140 3030 3174 ι
3066 3123 3205 3189 Quia
3248 3125 3438 3179 vuluc-

1873 3222 1986 3266 rata
2013 3225 2197 3265 amore
2222 3226 2322 3281 ego
2356 3210 2422 3265 ⁸⁸,
2459 3229 2475 3261 ι
2504 3210 2770 3266 Caeterum
2803 3211 2942 3267 hanc
2966 3213 3241 3284 sagittam,
3278 3217 3432 3285 quasi

1877 3304 1930 3358 in
1964 3305 2218 3374 pharetra
2247 3311 2304 3357 et
2333 3304 2654 3374 sagittarum
2692 3306 2846 3359 theca
2889 3304 3034 3361 Deus
3071 3306 3232 3363 Pater
3275 3323 3434 3379 repo-

1875 3397 2014 3462 suit;
2049 3411 2116 3450 ne
2138 3395 2282 3450 illam
2311 3410 2502 3451 omnes
2526 3397 2776 3451 viderent
2800 3412 2862 3452 ac
2887 3398 3159 3453 azstimare
3191 3410 3434 3471 possent,

1875 3489 2051 3559 dignis
2086 3498 2297 3542 tantum
2327 3490 2590 3559 exceptis.
2616 3488 2996 3545 Consentanec
3022 3499 3203 3546 autem
3236 3492 3303 3546 ad
3349 3508 3439 3545 sa-

1875 3580 2020 3649 gitta:
2059 3579 2406 3642 vocabulum,
2442 3582 2711 3648 pharetrae
2742 3583 2960 3636 nomine
2991 3597 3120 3638 usus
3154 3593 3255 3638 est.
3295 3585 3437 3639 Plia-

1874 3679 2074 3724 retram
2101 3685 2230 3724 vero
2259 3681 2314 3725 et
2345 3672 2662 3741 sagittarum
2689 3673 2905 3728 thecam
2941 3676 3252 3745 neutiquam
3279 3679 3439 3732 aber-

1875 3775 1984 3827 res,
2011 3763 2054 3817 si
2089 3763 2236 3818 dicas
2261 3777 2383 3818 esse
2405 3779 2653 3830 carnem,
2688 3781 2848 3834 quam
2899 3766 2991 3821 Dei
3030 3767 3262 3824 Verbum
3297 3772 3462 3841 apud

1876 3855 2120 3909 homines
2140 3857 2492 3924 peregrinans
2508 3857 2818 3926 assumpsit.
2847 3857 2943 3913 His
2976 3860 3150 3913 modis
3167 3860 3438 3917 instructo

1866 3946 2026 4014 mihi,
2057 3949 2147 4017 qui
2180 3950 2295 4002 tunc
2321 3949 2534 4018 loquor,
2558 3949 2803 4016 Domino,
2825 3949 2966 4006 Deus
2986 3959 3039 4005 et
3057 3950 3220 4006 Pater
3250 3951 3389 4006 dixit
3416 3969 3434 4012 :

1947 4135 2108 4189 Vens.
2141 4134 2192 4188 5.
2230 4153 2248 4185 ι
2273 4133 2471 4188 Servus
2498 4148 2653 4190 meus
2679 4149 2738 4189 es
2761 4141 2838 4200 tu,
2873 4132 3057 4199 lsrael,
3077 4142 3135 4190 et
3159 4133 3212 4188 in
3244 4141 3295 4188 te
3321 4133 3440 4206 glo-

1877 4225 2074 4278 riabor.
2104 4242 2123 4275 »
2165 4224 2299 4289 Quia
2347 4225 2492 4278 enim
2538 4240 2604 4278 ex
2666 4235 2822 4279 utero
2857 4226 3048 4279 matris
3079 4227 3351 4296 prodiisti,
3380 4238 3436 4283 et

1873 4326 2050 4369 ortum
2083 4329 2150 4368 ex
2181 4317 2386 4369 semine
2420 4315 2585 4369 Israel
2621 4315 2819 4382 tulisti;
2846 4331 2949 4370 non
2986 4317 3094 4372 alio
3126 4318 3178 4372 in
3213 4334 3434 4389 genere,

1875 4424 2048 4477 neque
2081 4409 2131 4461 in
2168 4407 2488 4475 alienigenis
2523 4406 2796 4476 gentibus,
2823 4407 3286 4467 incarnationem
3317 4412 3436 4465 edi-

1875 4499 2033 4564 disti;
2085 4499 2179 4553 sed
2234 4499 2284 4552 in
2319 4498 2484 4554 Israel
2515 4515 2578 4554 ex
2610 4500 2818 4554 semine
2868 4499 3063 4564 David,
3095 4511 3151 4556 et
3179 4517 3247 4556 ex
3293 4502 3435 4556 tribu

197 4611 368 4666 ματος
396 4593 560 4646 Δαυῒδ
587 4593 724 4646 κατὰ
759 4593 956 4664 σάρκα,
991 4595 1083 4646 καὶ
1113 4594 1175 4645 ἐκ
1203 4593 1378 4661 φυλῆς
1425 4591 1593 4645 Ἰούδα
1626 4591 1766 4660 γενό-

1873 4587 2006 4642 Jnda
2035 4591 2328 4645 secundum
2364 4603 2585 4644 carnem
2617 4604 2792 4654 ortus,
2822 4590 2946 4660 jure
2988 4601 3044 4645 et
3073 4593 3192 4662 ipse
3225 4609 3440 4664 quoque

197 4703 379 4757 μενος,
423 4685 648 4748 εἰκότως
692 4686 785 4738 καὶ
835 4684 995 4747 αὐτὸς
1054 4684 1265 4756 Ἰσραὴλ
1309 4684 1653 4755 χρηματίσας
1702 4682 1767 4735 ἂν

194 4779 286 4829 καὶ
311 4776 523 4840 δοῦλος,
549 4775 635 4827 διὰ
658 4775 717 4828 τὸ
749 4773 960 4845 μορφὴν
985 4774 1170 4827 δούλου
1198 4774 1562 4845 ἀνειληφέναι,
1591 4773 1766 4826 καίτοι

198 4869 464 4939 μονογενῆ
487 4867 618 4920 ὄντα
637 4867 786 4919 Θεόν·
815 4866 946 4920 ἀλλὰ
975 4866 1082 4938 γὰρ
1102 4867 1302 4936 ὁμοίως
1327 4868 1438 4928 τοῖς
1464 4864 1768 4936 ἔμπροσθεν

192 4963 288 5015 καὶ
335 4961 573 5014 ἐνταῦθα
624 4961 683 5013 τὺ
736 4960 836 5030 μὲν
889 4959 980 5013 τοῦ
1027 4959 1144 5012 υίοῦ
1191 4959 1361 5029 ὄνομα
1407 4959 1765 5029 ἀποκρύπτει,

191 5054 380 5107 δοῦλον
403 5052 459 5104 δὲ
493 5053 763 5122 ὀνομάζει,
794 5053 892 5124 τὴν
919 5051 1010 5105 τοῦ
1048 5051 1160 5104 υἱοῦ
1193 5050 1561 5121 προσηγορίαν
1586 5051 1650 5120 τῇ
1673 5049 1770 5101 αύ-

193 5146 286 5198 τοῦ
338 5144 616 5214 παρουσία
667 5143 760 5196 καὶ
803 5147 867 5213 τῇ
913 5143 978 5195 δι’
1023 5141 1186 5194 αὐτοῦ
1243 5143 1405 5194 πᾶσιν
1463 5139 1768 5212 ἀνθρώποις

193 5233 642 5306 ἁνακαλυφθείσῃ
687 5234 864 5303 χάριτι
896 5233 1304 5303 ταμιευόμενος.
1347 5229 1459 5284 Εἶθ’
1507 5232 1643 5302 ὅπερ
1673 5231 1765 5283 οὑ-

193 5323 304 5375 δ;νὶ
329 5323 439 5374 τῶν
465 5320 680 5374 πώποτε
698 5321 896 5374 δούλων
920 5321 1150 5391 ὑπῆρξε,
1171 5319 1328 5373 τοῦτο
1349 5319 1438 5372 διὰ
1465 5318 1580 5381 σοῦ,
1609 5319 1762 5390 φησι,

191 5418 502 5484 γενήσεταν
537 5415 592 5465 ὲν
627 5414 708 5466 σοὶ
745 5414 852 5484 γὰρ
881 5413 1294 5483 δοξασθήσομαι.
1333 5410 1516 5464 Ταῦτα
1551 5410 1647 5480 μὲν
1676 5406 1767 5463 οὖν

191 5509 221 5559 ὀ
248 5507 382 5569 Θεὸς
415 5511 507 5558 καὶ
540 5507 752 5577 Πατήρ·
793 5504 904 5573 ἐγὼ
933 5505 988 5557 δὲ
1033 5508 1062 5558 6
1109 5505 1280 5558 ταῦτα
1326 5504 1498 5572 λέγων
1542 5503 1763 5574 Κύριος,

193 5599 402 5650 τούτων
431 5598 666 5660 ἀκούσας
689 5597 794 5650 τῶν
824 5597 1019 5665 λόγων,
1049 5597 1430 5668 ἀπεκρινάμην
1456 5596 1548 5650 καὶ
1581 5591 1729 5648 εἷπον
1749 5612 1761 5624 °

194 5691 307 5744 Καὶ
340 5691 455 5754 πῶς
478 5689 780 5761 ὀοξαςθήσῃ
811 5690 867 5742 έν
911 5690 1052 5760 ἐμοὶ,
1086 5682 1131 5741 ὦ
1162 5689 1377 5760 Πάτερί
1408 5688 1568 5742 ὁπότε
1598 5686 1766 5742 πολλὰ

269 5870 316 5902 ⁸³
352 5869 541 5925 Matth.
582 5886 633 5936 κ,
671 5869 759 5925 54.
838 5869 886 5902 ⁸⁸
917 5868 1073 5925 Cant.
1102 5883 1158 5933 tt,
1191 5867 1242 5925 5.

1878 4681 2039 4736 Israel
2071 4684 2303 4747 vocaris,
2348 4691 2404 4735 et
2441 4697 2653 4747 servus,
2687 4685 2810 4752 quia
2854 4683 3000 4736 servi
3025 4683 3252 4738 formam
3284 4701 3441 4741 acce-

1873 4774 2020 4841 pisti,
2050 4775 2151 4828 etsi
2185 4775 2494 4843 unigenitus
2519 4775 2594 4827 sis
2628 4774 2789 4830 Deus.
2815 4775 2883 4828 At
2915 4775 3025 4840 hic,
3064 4777 3199 4830 utin
3236 4792 3442 4846 praece-

1876 4865 2150 4930 dentibus,
2185 4866 2277 4918 lilii
2314 4868 2530 4935 quidem
2558 4880 2753 4921 nomen
2786 4875 2946 4930 tacet,
2979 4881 3310 4938 servumque
3345 4885 3441 4922 vo-

1875 4967 1997 5024 cat,
2027 4957 2120 5009 ﬁlii
2156 4971 2349 5011 nomen
2375 4956 2630 5012 adventui
2663 4973 2762 5010 suo
2811 4967 2864 5012 et
2899 4957 3092 5025 gratia:
3127 4973 3222 5025 per
3262 4960 3436 5026 ipsum

1877 5048 2193 5103 hominibus
2238 5048 2490 5102 omnibus
2530 5048 2808 5113 revelatae,
2868 5063 3172 5104 reservans.
3210 5049 3441 5112 Deinde,

1875 5140 2018 5210 quod
2059 5140 2262 5192 nemini
2308 5155 2544 5209 unquam
2594 5155 2876 5195 servorum
2907 5155 3224 5196 concessum
3256 5150 3359 5201 est,
3386 5141 3442 5191 id

1873 5247 1972 5300 per
2009 5241 2081 5294 te,
2132 5230 2332 5299 inquit,
2387 5240 2712 5301 peragetur:
2766 5247 2890 5285 nam
2934 5231 2988 5286 in
3041 5240 3094 5284 te
3135 5231 3436 5300 gloriabor.

1872 5323 2001 5377 Haec
2034 5322 2251 5390 quidem
2294 5323 2436 5378 Deus
2485 5335 2538 5378 et
2576 5323 2758 5378 Pater.
2814 5325 2924 5396 Ego
2971 5339 3124 5389 vero,
3174 5324 3266 5392 qui
3324 5322 3440 5376 haec

1875 5415 2016 5479 dico,
2049 5415 2327 5479 Dominus,
2364 5414 2446 5468 bis
2475 5413 2676 5469 auditis
2711 5416 2912 5479 verbis,
2949 5416 3021 5468 ita
3056 5414 3340 5483 respondi:
3375 5417 3439 5468 lit

1873 5505 2142 5573 quomodo
2170 5505 2220 5559 in
2255 5521 2341 5560 me
2367 5505 2712 5575 gloriaberis,
2765 5521 2796 5560 o
2840 5506 3035 5560 Pater!
3089 5521 3212 5560 cum
3255 5508 3440 5560 multis

1871 5597 2145 5652 laboribus
2177 5597 2560 5666 doloribusque
2585 5614 2680 5668 pro
2707 5599 2880 5653 salute
2912 5598 3188 5654 hominum
3219 5600 3440 5669 perfun-

1872 5699 2009 5755 ctus,
2045 5690 2176 5744 nihil
2206 5690 2522 5760 perl'ccerim
2544 5690 2568 5744 ?
2594 5689 2744 5745 tnulti
2782 5705 3019 5766 namque
3044 5706 3109 5747 ex
3140 5690 3246 5747 illis
3273 5690 3326 5748 in
3349 5691 3439 5748 in-
