3968 6540
512 415 643 478 ίιόί

1182 417 1450 474 EUSEBII
1487 418 1960 478 CAESARIENSI’S
1997 424 2153 485 ore.
2198 424 2382 485 rans
2421 430 2506 486 tn.
2547 415 2616 475 J—
2654 429 3069 489 EXEGETICA.

3693 442 3809 500 432

499 538 857 594 "credulitate
910 544 1270 602 manserunt;
1321 545 1483 606 atque
1538 537 1592 591 in
1643 539 1835 608 primis
1901 538 2069 598 Judaei

2224 543 2439 618 καμὼν,
2495 544 2590 604 καὶ
2643 552 2870 623 μυρίους
2913 553 3113 617 κόπους
3164 552 3460 625 ὑπομείνας
3508 555 3647 630 ὑπὲρ
3697 559 3807 634 τῆς

507 647 706 702 «piare
735 633 890 687 dico:

2225 640 2336 694 τῶν
2369 634 2671 713 ἀνθρώπων
2722 645 3018 716 σωτηρίας,
3053 646 3206 702 οὐδὲν
3254 648 3453 719 ἧνυσα·
3486 646 3536 703 οἱ
3577 651 3808 741 πλείους

509 723 642 797 ’γὰρ
685 722 864 777 αὐτῶν
897 723 1258 794 ἐναπέμειναν
1288 724 1356 795 τῇ
1388 722 1644 798 ἀπιστία·
1677 729 1772 782 καὶ
1801 729 2015 802 πρῶτόν
2047 748 2108 800 γε
2149 741 2208 786 τὸ
2253 735 2519 789 Ἰουδαίων
2549 735 2720 800 ἔθνοςο
2751 737 2833 791 διό
2863 753 3028 810 φημι·

571 840 586 857 “
611 839 772 893 Vnus.
798 838 919 892 4-5.
957 856 975 888 ι
1005 835 1133 891 Sine
1157 852 1320 890 causa
1362 837 1624 907 laboravi,
1656 843 1707 896 in
1739 861 1939 900 vanum
1981 848 2113 902 etin

509 932 763 988 “nihilum
796 930 915 985 dedi
966 929 1334 984 fortitudinem
1372 945 1569 986 meam.
1615 933 1910 1005 Propterea
1960 940 2110 1008 indi-

506 1038 519 1051 ·’
539 1027 680 1079 cium
709 1038 883 1077 meum
910 1037 938 1075 a
975 1023 1198 1077 Domino
1220 1063 1234 1089 ,
1272 1035 1325 1078 et
1355 1024 1507 1079 labor
1539 1041 1690 1081 meus
1719 1028 1772 1081 in
1819 1042 2108 1100 conspectu

509 1116 633 1170 -‘Dei
663 1114 791 1169 mei.
820 1114 886 1167 Et
917 1129 1059 1167 nunc
1089 1107 1185 1168 isic
1246 1114 1376 1169 dicit
1408 1115 1695 1183 Dominus,
1733 1122 1822 1189 qui
1859 1121 2112 1180 formavit

499 1223 624 1262 ~me
650 1222 716 1261 ex
753 1215 909 1259 utero
941 1221 1154 1260 servum
1187 1205 1313 1270 sibi,
1345 1216 1402 1262 ut
1437 1223 1825 1280 congregarem
1846 1212 2014 1270 Jacob
2046 1219 2108 1271 ad

534 1316 688 1364 eum,
714 1309 768 1354 et
801 1298 1004 1364 Israel;
1037 1301 1416 1370 congregabor
1442 1315 1497 1358 et
1525 1302 1876 1373 gloriﬁcabor
1906 1309 1961 1364 in
1989 1325 2111 1366 con-

493 1405 512 1416 “
534 1401 722 1462 spectu
752 1391 987 1456 Domini,
1018 1398 1073 1446 et
1099 1389 1239 1463 Deus
1271 1407 1424 1448 meus
1459 1395 1563 1450 erit
1595 1399 1727 1452 mihi
1764 1398 2047 1457 fortitudo.
2082 1423 2102 1458 ι

495 1503 510 1508 ”
535 1483 762 1552 Etiamsi
789 1484 933 1540 enim
967 1483 1212 1539 homines
1243 1500 1348 1540 non
1371 1496 1516 1542 recte
1557 1498 1740 1560 agant,
1779 1507 1880 1547 nec
1920 1508 1986 1548 ex
2029 1495 2109 1549 la-

495 1581 503 1586 ’
532 1578 755 1633 boribus
791 1577 961 1644 meis,
991 1592 1125 1646 quos
1157 1578 1395 1645 ipsorum
1425 1595 1588 1636 causa
1637 1599 1927 1655 perpessus
1962 1603 2107 1656 sum,

515 1667 746 1741 dignam
779 1669 1070 1741 utilitatem
1100 1656 1410 1739 accipiant;
1450 1681 1504 1726 at
1546 1689 1644 1744 ego
1677 1675 1766 1742 iis,
1796 1694 1916 1748 qua:
1936 1695 2108 1749 penes

2291 868 2309 900 ‹
2345 849 2530 914 Κενῶς
2552 851 2837 915 ἐκοπίασα,
2865 852 2944 915 είς
2975 852 3200 924 μάταιον
3224 854 3317 907 καὶ
3341 856 3419 920 είς
3439 850 3590 910 οὐδὲν
3610 850 3805 912 ¹ἔδωκα

2213 940 2482 1012 τὴνίσχύν
2510 959 2633 1013 μου.
2663 943 2760 998 Διὰ
2776 942 2992 1015 τοῦτοὴ
3040 945 3222 1016 κρίσις
3257 963 3357 1016 μου
3392 948 3540 1018 παρὰ
3579 949 3803 1019 Κυρίῳ,

2212 1039 2305 1085 καὶ
2331 1034 2359 1085 ὁ
2386 1035 2544 1098 πόνος
2569 1052 2667 1105 μου
2694 1036 2933 1090 ἐναντίον
2957 1035 3048 1090 τοῦ
3073 1037 3206 1089 Θεοῦ
3238 1055 3360 1108 μου.
3390 1037 3497 1092 Καὶ
3529 1039 3625 1093 νῦν
3657 1038 3803 1093 οὕτω

2210 1124 2356 1194 λέγει
2386 1125 2610 1198 Κύριος,
2642 1130 2669 1181 ὁ
2704 1128 2914 1190 πλάσας
2941 1145 3008 1198 με
3042 1131 3108 1181 ἐκ
3140 1129 3348 1194 κοιλίας
3377 1129 3560 1185 δοῦλον
3587 1131 3799 1202 ἐαυτῷ,

2210 1215 2302 1268 τοῦ
2329 1221 2650 1286 συναγαγεῖν
2679 1219 2769 1272 τὸν
2784 1218 2978 1272 Ἰακὼϐ
3011 1220 3148 1292 πρὸς
3186 1219 3369 1286 αὑτὸν,
3419 1213 3512 1274 καὶ
3550 1222 3795 1295 Ἰσραήλο

2211 1308 2617 1381 συναχθήσομαι
2666 1313 2759 1365 καὶ
2807 1312 3210 1384 δοξασθήσομαι
3265 1314 3506 1368 ἐναντίον
3557 1315 3797 1388 Κυρίου,

2210 1400 2304 1454 καὶ
2337 1402 2364 1453 ό
2394 1401 2524 1466 Θεὸς
2576 1420 2677 1472 μου
2719 1402 2870 1458 ἔσται
2921 1422 3009 1474 μοι
3056 1404 3227 1475 ἰσχῦς.
3264 1423 3282 1456 ι
3319 1406 3380 1459 El
3415 1404 3521 1478 γέφ
3563 1407 3663 1460 καὶ
3717 1407 3800 1481 μὴ

2209 1492 2488 1565 ἄνθρωποι
2526 1494 2856 1567 κατορθῶσι,
2893 1496 3015 1567 μηδ’
3064 1497 3229 1563 ἀξίως
3261 1496 3370 1550 τῶν
3404 1497 3550 1568 ἐμῶν
3583 1498 3793 1562 πόνων,

2207 1578 2280 1638 ὧν
2309 1586 2578 1656 ὑπέμεινα
2611 1587 2678 1640 δι’
2707 1589 2922 1652 αὐτοὺς,
2971 1588 3327 1658 ὠφελοῦνται·
3373 1590 3486 1644 ἀλλ’
3538 1590 3669 1660 ἐγὼ,
3722 1590 3794 1644 τὰ

2208 1679 2338 1751 παρ’
2363 1680 2602 1752 ἐμαυτοῦ
2635 1680 2867 1753 πράξας,
2899 1683 3139 1736 ἐναντίον
3166 1682 3259 1734 τοῦ
3293 1682 3426 1736 Θεοῦ
3458 1701 3555 1754 μου
3579 1684 3641 1736 τὸ
3675 1701 3793 1736 πα.

525 1779 618 1819 me
651 1771 830 1828 erant,
861 1761 1211 1832 perfunctus,
1236 1763 1288 1816 in
1321 1775 1621 1834 conspectu
1658 1768 1750 1823 Dei
1784 1771 1886 1825 mei
1925 1781 2095 1842 pater-

2205 1771 2389 1842 τρικὸν
2422 1773 2710 1827 ἐτελείωσα
2741 1773 3018 1846 βούλημα·
3055 1773 3136 1826 διὸ
3171 1773 3407 1846 πρώτοις
3438 1777 3621 1839 αὐτοῖς
3655 1777 3794 1847 ἐκή-

528 1871 653 1911 nam
682 1855 889 1926 explevi
933 1855 1264 1910 voluntatem
1301 1873 1316 1912 :
1365 1859 1720 1926 quamobrem
1764 1861 1852 1928 iis,
1898 1864 1987 1932 qui
2035 1879 2102 1919 ex

526 1949 935 2004 circumcisione
972 1962 1115 2014 sunt,
1144 1951 1376 2018 primum
1411 1950 1702 2008 salutarem
1737 1963 1790 2009 et
1822 1964 2102 2025 paternam

525 2042 755 2114 gratiam
787 2041 1095 2110 prmdicavi.
1133 2039 1268 2094 Nam
1315 2041 1409 2110 qui
1440 2042 1692 2097 formavit
1727 2060 1812 2099 tne
1854 2047 1922 2100 ab
1952 2060 2102 2104 utero

524 2147 742 2190 servum
772 2133 900 2207 sibi.
937 2140 991 2186 et
1023 2148 1090 2187 ex
1128 2132 1324 2187 Israele
1353 2149 1549 2204 corpus
1589 2151 1768 2190 meum
1804 2139 2100 2194 concinna-

523 2227 622 2293 vit,
652 2227 696 2281 is
729 2224 898 2280 voluit
931 2233 989 2277 ut
1016 2224 1148 2293 ipsis
1180 2225 1453 2294 prioribus
1493 2227 1721 2297 gratiam
1758 2245 1931 2283 meam
1965 2249 2102 2301 pra:-

513 2320 786 2384 diearem,
816 2325 872 2371 ut
903 2314 1072 2371 Iacob
1102 2325 1156 2394 et
1187 2316 1354 2372 Israel
1405 2319 1472 2371 ad
1523 2335 1646 2374 eum
1686 2335 2097 2393 congregarem.

502 2400 653 2466 ‘Jure
692 2411 873 2478 itaque
912 2408 1026 2463 hare
1052 2409 1250 2463 monita
1284 2410 1447 2466 tradit
1481 2429 1492 2464 :
1529 2430 1548 2463 ‹
1591 2411 1648 2466 In
1683 2414 1824 2468 viam
1860 2416 2098 2485 gentium

497 2501 882 2567 'ate'abieritis,
911 2509 965 2555 et
993 2499 1046 2555 in
1081 2500 1354 2558 civitatem
1407 2503 1870 2560 Samaritanorum
1921 2524 1986 2563 ne
2018 2509 2110 2563 in—

498 2587 839 2650 i‘traver‘itis:
874 2593 946 2647 ite
979 2595 1157 2663 potius
1192 2595 1257 2648 ad
1299 2609 1448 2658 oves,
1487 2611 1606 2665 qua:
1649 2589 1962 2667 perierunt,
2001 2602 2097 2658 do-

501 2687 837 2743 mtus-Israel
864 2686 929 2740 ⁸⁷.
968 2704 986 2737 ι
1021 2685 1167 2740 Patri
1208 2700 1337 2760 ergo
1392 2687 1619 2756 placuit,
1659 2699 1715 2742 ut
1767 2690 1833 2743 ad
1875 2705 2099 2763 congre-

512 2769 952 2851 ‘gandum-Jacob
985 2777 1254 2848 etIsrael,
1305 2778 1372 2832 ad
1418 2778 1666 2834 homines
1696 2782 1986 2836 transitura
2018 2784 2097 2837 fa-

517 2886 723 2948 cerem,
755 2873 903 2926 unde
933 2871 1029 2936 ait,
1063 2888 1081 2922 ¢
1114 2869 1168 2924 In
1207 2879 1259 2924 te
1291 2869 1583 2940 gloriabor.
1632 2889 1651 2924 ι
1716 2871 1828 2942 Ego
1856 2889 1985 2929 vero
2013 2877 2094 2930 in-

518 2965 889 3021 credulitatem
917 2973 971 3018 et
998 2963 1252 3019 duritiem
1292 2961 1522 3031 lsraelis,
1559 2967 1930 3035 conspicatus,
1977 2967 2093 3035 jam

519 3060 726 3128 pridem
763 3057 871 3112 dixi
906 3076 920 3112 :
951 3072 972 3109 ‹
1006 3056 1136 3111 Sine
1167 3070 1329 3109 causa
1386 3054 1626 3123 laboravi
1668 3073 1682 3110 :
1721 3057 1772 3111 in
1807 3072 2002 3112 vanmn
2037 3068 2091 3114 et

2210 1861 2341 1932 ρυξα
2369 1866 2483 1927 τοὶς
2515 1866 2578 1917 ἐκ
2605 1866 2905 1937 περιτομῆς
2933 1865 3032 1937 τὴν
3065 1867 3341 1936 σωτηρίαν
3377 1868 3469 1920 καὶ
3516 1867 3791 1939 πατρικὴν

2203 1953 2384 2025 χάριν.
2426 1955 2482 2007 Ὁ
2508 1955 2616 2027 γὰρ
2647 1955 2856 2020 πλάσας
2890 1973 2956 2027 με
2991 1958 3056 2009 ἐκ
3100 1957 3307 2020 κοιλίας
3340 1957 3526 2012 δοῦλον
3571 1953 3787 2030 ἐαυτῷ,

2203 2047 2297 2098 καὶ
2321 2049 2384 2099 ἐκ
2412 2046 2507 2100 τοῦ
2545 2047 2758 2119 Ἰσραὴλ
2778 2048 2837 2100 τὸ
2858 2048 3018 2120 σῶμα
3046 2067 3144 2121 μου
3169 2049 3604 2114 κατασκευάσας,
3634 2051 3792 2123 πρώ-

2201 2155 2313 2202 τοις
2341 2139 2525 2202 αὒτοῖς
2559 2139 2792 2211 κηρῦξαι
2829 2140 3148 2211 βεϐούληται
3181 2140 3280 2212 τὴν
3316 2142 3553 2212 ἐμαυτοῦ
3595 2145 3786 2215 χάριν,

2201 2230 2280 2292 είς
2307 2229 2367 2282 τὸ
2415 2233 2739 2299 συναγαγεῖν
2765 2231 2858 2284 τὸν
2904 2232 3093 2286 Ἰακὼϐ
3139 2233 3274 2303 πρὸς
3317 2233 3498 2292 αὑτὸν,
3545 2237 3641 2288 καὶ
3692 2235 3787 2289 τὸν

2213 2321 2446 2392 Ἰσραήλ.
2466 2323 2705 2386 Εἰκότως
2721 2319 2813 2376 οῦν
2832 2326 3089 2396 παραινεῖ
3102 2325 3296 2394 λέγων,
3313 2345 3330 2377 ι
3361 2328 3451 2390 Εἰς
3473 2327 3590 2380 ὁδὸν
3608 2328 3786 2382 ἐθνῶν

2202 2410 2276 2481 μὴ
2311 2410 2604 2482 ἀπέλθητε,
2633 2412 2728 2466 καὶ
2759 2414 2839 2476 είς
2887 2413 3039 2466 πόλιν
3083 2414 3437 2487 Σαμαρειτῶν
3478 2415 3552 2487 μὴ
3599 2416 3786 2470 είσέλ.

2199 2501 2330 2571 θητε
2351 2518 2363 2531 ο
2399 2502 2696 2574 πορεύεσθε
2725 2503 2780 2557 δὲ
2816 2504 3015 2574 μᾶλλον
3049 2507 3127 2568 είς
3156 2505 3223 2558 τὰ
3265 2506 3511 2578 προϐατα
3536 2507 3606 2561 τὰ
3639 2509 3786 2562 ἀπο-

2197 2591 2404 2648 λωλὸτα
2444 2596 2592 2648 οἷκυυ
2654 2596 2885 2668 Ἰσραήλ.
2929 2616 2946 2648 ι
2993 2596 3050 2650 'U
3084 2598 3182 2669 μὲν
3222 2595 3314 2652 οὖν
3354 2600 3542 2672 Πατὴρ
3589 2601 3672 2664 εἰς
3723 2601 3783 2655 τὸ

2199 2688 2525 2756 συναγαγεῖν
2562 2685 2645 2740 τὸν
2709 2688 2904 2741 Ἰακὼϐ
2954 2690 3048 2743 καὶ
3093 2691 3184 2744 τὸν
3229 2690 3460 2763 Ἰσραὴλ,
3504 2693 3782 2766 nosam“

2195 2775 2293 2848 τὴν
2318 2778 2400 2855 εἰς
2445 2778 2767 2849 ἀνθρώπους
2799 2781 3030 2853 πάροδον
3081 2800 3147 2854 με
3179 2784 3528 2855 ποιήσασθαι,
3575 2787 3780 2855 εἰπὼν,

2202 2886 2221 2920 ι
2271 2869 2357 2921 Ἐν
2393 2870 2476 2922 σοὶ
2518 2870 2939 2943 δοξασθήσομαι·
2974 2890 2993 2923 ι
3029 2871 3140 2941 ἐγὼ
3165 2873 3222 2926 δὲ
3251 2874 3350 2946 τὴν
3391 2875 3649 2930 ἀπιστίαν
3684 2877 3782 2930 καὶ

2195 2960 2292 3034 τὴν
2344 2963 2774 3036 σκληροκαρδίαν
2803 2963 3018 3036 θεωρῶν
3045 2964 3137 3018 τοῦ
3179 2965 3419 3038 Ἰσραὴλ,
3467 2962 3622 3021 εἷπον
3669 2969 3775 3042 ἤδη

2197 3055 2482 3126 πρότερον,
2515 3057 2618 3118 ὅτι,
2653 3075 2670 3106 t
2705 3056 2894 3120 Κενῶς
2938 3057 3225 3110 ἐκοπίασα·
3256 3060 3335 3121 είς
3363 3057 3538 3130 μάτην
3569 3059 3663 3112 καὶ
3697 3061 3777 3123 εις

519 3153 572 3206 in
604 3152 829 3205 nihilum
863 3149 982 3204 dedi
1014 3147 1387 3202 fortitudinem
1421 3162 1616 3202 meam.
1653 3166 1671 3199 ι
1717 3147 1772 3202 In
1799 3149 1920 3203 aliis
1951 3166 2087 3228 quo-

2204 3144 2342 3198 δὺδὲν
2369 3145 2545 3199 ἔδωκα
2582 3147 2680 3218 τὴν
2717 3147 2868 3217 ἰσχύν
2918 3165 3038 3218 μου.
3075 3167 3093 3199 ι
3146 3148 3254 3202 Καὶ
3287 3151 3343 3202 ἐν
3375 3148 3582 3221 ἑτέροις
3623 3149 3776 3204 τοῦτ’

518 3259 623 3315 que
657 3243 888 3313 idipsum
925 3240 1167 3295 declarat
1207 3239 1292 3294 his
1319 3239 1502 3294 verbis
1541 3257 1556 3295 :
1589 3257 1609 3291 ‹
1641 3239 1771 3307 Qua:
1804 3240 2007 3295 utilitas
2039 3242 2092 3296 in

516 3338 777 3408 sanguine
803 3350 944 3401 meo,
975 3333 1101 3387 dum
1129 3331 1397 3386 descendo
1422 3332 1488 3386 in
1521 3332 1923 3413 corruptionem
1953 3333 2041 3386 3°?
2067 3349 2086 3384 ι

513 3427 641 3487 Sola
673 3430 869 3500 quippe
914 3425 1166 3491 mihiea,
1206 3425 1327 3494 "quae
1356 3424 1424 3478 ab
1455 3422 1576 3493 ipso
1625 3435 1730 3489 est,
1767 3424 1938 3494 gloria
1970 3438 2090 3479 ser-

516 3534 695 3592 vatur,
716 3533 770 3578 et
794 3526 909 3592 ipse
923 3519 1156 3591 quidem.
1172 3527 1254 3572 est
1277 3514 1919 3574 fortitudo.-Adtniranda
1948 3517 2090 3571 enim

519 3627 575 3671 et
607 3615 870 3684 stupenda
899 3613 1018 3683 ejus
1047 3623 1235 3686 Opera,
1282 3609 1502 3666 virtutis
1545 3609 1663 3680 ejus
1713 3620 2088 3680 argumentum

518 3721 692 3763 erant.

591 3821 753 3876 Vens.
800 3820 852 3875 6.
899 3820 1016 3875 (Et
1047 3817 1184 3873 dixit
1231 3816 1388 3878 mihi.
1443 3815 1694 3888 Magnum
1746 3826 1830 3872 est
1874 3815 1973 3872 tibi
2026 3825 2088 3871 ut

494 3915 728 3970 voceris
762 3927 915 3983 puer
973 3926 1146 3976 meus,
1193 3920 1252 3965 ut
1292 3893 1512 3965 statuas
1571 3909 1744 3963 tribus
1789 3905 1979 3973 Iacob,
2037 3917 2092 3963 et

515 4001 904 4070 dispersionem
933 3999 1097 4054 Israel
1130 4004 1445 4054 convertas.
1472 4016 1492 4050 ι
1525 3996 1657 4052 Nam
1691 4013 1880 4053 revera
1916 3999 2090 4052 maxi-

514 4109 662 4149 mum
707 4101 826 4147 erat
875 4089 1176 4146 Salvatoris
1223 4089 1396 4144 nostri
1450 4103 1606 4159 opus,
1666 4089 1810 4160 quod
1859 4089 2087 4144 ferinam

514 4185 656 4242 Servi
699 4183 994 4254 acceperit,
1034 4192 1090 4237 et
1128 4167 1421 4236 humanam
1456 4181 1860 4252 generationem
1903 4181 2089 4235 subie-

493 4280 607 4333 rit.
647 4277 819 4332 Causa
852 4289 1014 4346 porro
1044 4291 1143 4330 cur
1181 4273 1432 4329 Salvator
1489 4287 1680 4328 servus
1723 4271 1946 4327 eﬂ‘eetus
1994 4273 2086 4338 sit,

515 4370 634 4425 hinc
674 4377 821 4431 erat,
871 4366 951 4440 uti
1010 4352 1222 4420 scilicet
1271 4365 1444 4424 tribus
1481 4361 1647 4438 Jaeolt
1677 4372 1985 4424 statueret.
2033 4371 2090 4418 et

513 4453 882 4522 dispersiones
908 4451 1131 4507 lsraelis'
1155 4461 1520 4508 converteret.
1548 4450 1670 4507 Ideo
1702 4451 1831 4520 ipsis
1853 4452 2084 4522 primmn

2197 3235 2326 3288 αὐτὸ
2353 3235 2501 3306 δηλοῖ
2531 3235 2722 3302 εἰπὼν,
2770 3257 2786 3288 ι
2825 3238 2921 3301 Τίς
2952 3237 3188 3308 ὠφέλεια
3223 3239 3279 3290 ἐν
3308 3237 3384 3310 τῷ
3423 3239 3612 3310 αἵματί
3642 3256 3774 3310 μου,

2195 3327 2253 3380 ἐν
2279 3326 2356 3398 τῷ
2385 3327 2735 3382 καταϐαίνειν
2764 3345 2832 3398 με
2860 3331 2940 3393 εἰς
2967 3327 3260 3403 διαφθοράν
3285 3344 3299 3395 ;
3340 3347 3360 3381 ›
3416 3329 3565 3400 Μόνη
3591 3330 3707 3404 γὰρ
3740 3333 3773 3404 ἡ

2196 3420 2325 3492 παρ’
2356 3420 2521 3474 αὑτοῦ
2587 3438 2676 3492 μοι
2739 3421 2865 3486 δόξα
2925 3419 3297 3491 πεφύλακται,
3331 3423 3426 3474 καὶ
3465 3422 3627 3485 αὐτὸς
3670 3422 3774 3493 μέν

2192 3512 2341 3564 ἐστιν
2370 3512 2404 3582 ή
2454 3511 2626 3582 ίσχύς.
2659 3511 2739 3564 Τὰ
2771 3511 2900 3580 γοῦν
2929 3512 3203 3584 θαυμάσια
3246 3513 3340 3565 καὶ
3373 3511 3444 3565 τὰ
3488 3513 3775 3584 παράδοξα

2190 3601 2330 3674 ἔργα
2366 3603 2858 3676 διεμπεπραγμένα
2903 3604 3003 3674 τῆς
3043 3603 3204 3658 αὐτοῦ
3250 3602 3527 3669 δυνάμεως
3557 3601 3625 3678 ἦν
3658 3623 3770 3659 πα-

2193 3697 2518 3766 ραστατικά.

2269 3831 2288 3864 ο
2326 3813 2435 3866 Καὶ
2480 3809 2601 3866 είπέ
2637 3831 2757 3885 μοι,
2800 3815 2958 3884 Μέγα
2998 3814 3080 3869 σοί
3112 3816 3229 3869 ἐστι
3272 3815 3365 3870 τοῦ
3404 3815 3672 3886 κληθῆναι
3708 3828 3769 3872 σε

2191 3904 2355 3958 παῖδά
2389 3923 2510 3975 μου,
2550 3905 2644 3959 τοῦ
2689 3909 2881 3977 στῆσαι
2923 3905 3021 3970 τὰς
3063 3907 3231 3976 φυλὰς
3283 3905 3508 3971 Ἰακὼϐ,
3542 3907 3636 3963 καὶ
3667 3909 3770 3978 τὴν

2189 3993 2482 4067 διασπορὰν
2524 3996 2615 4048 τοῦ
2663 3995 2881 4068 Ἰσραὴλ
2928 3997 3272 4068 ἐπιστρέψαι.
3324 4016 3343 4050 ι
3391 3996 3500 4052 Καὶ
3540 4001 3650 4071 γὰρ
3693 3998 3768 4064 ὥς

2189 4085 2404 4158 ἀληθῶς
2431 4086 2685 4157 μέγιστον
2718 4088 2876 4159 ἔργον
2895 4088 2988 4142 τοῦ
3013 4089 3261 4160 Σωτῆρος
3285 4090 3440 4162 ἡμῶν
3461 4090 3523 4144 τδ
3551 4090 3768 4164 μορφὴν

2187 4176 2373 4230 δούλου
2412 4177 2731 4243 ἀναλαϐεῖν,
2776 4181 2870 4232 καὶ
2914 4179 3012 4252 τὴν
3043 4181 3099 4232 ἐν
3139 4179 3444 4251 ἀνθρώποις
3474 4179 3767 4252 ὑπομένειν

2189 4267 2460 4337 γέννησιν.
2521 4268 2594 4319 Τὸ
2645 4267 2700 4321 δὲ
2753 4267 2922 4321 αἴτιον
2973 4267 3067 4321 τοῦ
3123 4268 3307 4322 δοῦλον
3370 4269 3620 4338 γενέσθαι
3672 4271 3766 4326 ’τὸν

2191 4354 2439 4430 Σωτῆρα,
2465 4357 2623 4412 τοῦτο
2647 4354 2734 4430 ἦν’
2753 4358 2896 4428 λέγω
2915 4359 2978 4431 δὴ
3005 4360 3195 4429 στῆσαι
3220 4361 3319 4425 τὰς
3344 4360 3514 4431 φυλὰς
3536 4359 3762 4425 Ἰακὼϐ,

2192 4449 2283 4501 καὶ
2308 4447 2405 4512 τὰς
2427 4449 2726 4521 διασπορὰς
2758 4450 2852 4502 τοῦ
2900 4451 3112 4524 Ἰσραὴλ
3149 4453 3494 4525 ἐπιστρέψαι.
3538 4452 3630 4507 Διδ
3667 4455 3766 4508 αὑ-

511 4545 865 4622 praedicabat,
899 4544 992 4614 qui
1026 4544 1223 4598 animis
1251 4543 1448 4613 captivi
1479 4553 1656 4607 erant,
1685 4544 2080 4611 dimissionem,

2204 4543 2304 4603 toi;
2329 4538 2562 4612 πρώτοις
2585 4542 2901 4613 ἐκήρυττεν,
2943 4542 3304 4614 αἰχμαλώτοις
3325 4540 3441 4609 οὖσι
3463 4544 3562 4608 τὰς
3586 4545 3764 4616 ψυχὰς

517 4644 573 4689 et
599 4635 760 4707 catcis
788 4636 937 4689 visus
964 4633 1387 4688 restitutionem.
1439 4632 1706 4698 Quoniam
1751 4633 1824 4687 illi
1856 4634 2084 4704 gratiam

517 4740 634 4779 non.
673 4732 1028 4791 susceperunt
1055 4761 1071 4786 ,
1149 4731 1548 4792 consequenter
1599 4717 1800 4778 dicitur
1846 4734 2030 4794 postea
2069 4742 2083 4780 :

521 4838 542 4873 ι
567 4817 709 4873 Ecce
738 4816 892 4888 posui
927 4825 979 4871 te
1008 4816 1482 4890 inqtestamentum
1510 4815 1750 4885 generis.
1803 4817 1856 4870 in
1914 4817 2101 4872 lucem

513 4911 792 4982 gentium;
845 4917 906 4963 ut
956 4909 1032 4976 sis
1079 4907 1134 4962 in
1178 4906 1411 4963 salutem
1441 4917 1630 4978 usque
1681 4906 1747 4962 ad
1782 4917 2084 4963 extremum

515 5015 695 5061 terrtr.
723 5024 743 5058 ι
1025 5014 1033 5020 ’

589 5118 752 5174 Vens.
777 5119 890 5186 7,8.
927 5136 949 5170 ι
977 5117 1070 5172 Sic
1092 5110 1225 5172 dicit
1253 5115 1536 5182 Dominus,
1561 5117 1652 5188 qui
1676 5115 1819 5170 eruit
1844 5124 1914 5181 te,
1948 5115 2088 5170 Deus

514 5212 702 5268 Israel.
733 5232 753 5265 ι
818 5213 936 5281 Ipse
992 5225 1246 5282 namque,
1303 5211 1396 5281 qui
1443 5212 1571 5266 olim
1623 5211 1782 5265 Israel
1832 5211 1976 5265 eruit
2023 5212 2088 5266 de

515 5296 690 5358 manu
730 5303 1145 5374 Egyptiorutu,
1204 5303 1352 5357 vobis
1406 5309 1626 5372 quoque
1661 5302 1912 5372 gentibus
1975 5302 2087 5356 haec

516 5398 909 5455 annuntiat.“
934 5396 1179 5466 praecipit
1213 5395 1423 5460 dicens,
1477 5413 1497 5444 ‹
1529 5395 1882 5448 δυηριίίίοαίό
1936 5409 2087 5458 eum,

513 5490 604 5557 qui
643 5491 871 5558 despicit
913 5491 1153 5544 animam
1204 5489 1392 5554 suam;
1425 5506 1443 5538 ο
1495 5498 1700 5557 quanto
1744 5489 1888 5542 enim
1921 5487 2090 5557 magis

514 5578 605 5633 ille
667 5593 788 5634 sese
835 5579 1138 5634 hutttiliavit
1197 5590 1366 5647 usque
1415 5577 1483 5631 ad
1528 5591 1782 5643 mortem,
1830 5588 1885 5634 et
1939 5594 2086 5635 mor-

542 5863 583 5896 "
621 5862 810 5920 Matth.
846 5882 899 5933 ι,
938 5868 987 5933 5,
1014 5873 1064 5927 6.
1105 5869 1149 5932 ’,⁸
1181 5865 1320 5921 Psal.
1354 5879 1508 5929 nix,
1548 5862 1632 5919 10.

2194 4626 2292 4697 τὴν
2320 4624 2536 4695 ἄφεσιν,
2557 4627 2648 4678 καὶ
2674 4625 2894 4696 τυφλοῖς
2922 4623 3040 4680 οῦσι
3068 4628 3166 4698 τὴν
3199 4629 3512 4700 ἀνάϐλεψιν.
3541 4631 3760 4704 Ἐπειδὴ

2197 4717 2272 4788 μὴ
2311 4716 2664 4788 παρεδέχοντο
2693 4717 2791 4788 τὴν
2831 4718 2988 4789 χάριν
3023 4720 3238 4783 ἐκεῖνοι,
3273 4716 3576 4785 ἀκολούθως
3611 4722 3760 4794 £qu-

2192 4825 2281 4861 ται
2320 4806 2476 4879 ἑξῆς·
2532 4827 2550 4858 ι
2594 4808 2725 4862 Ἰδοὺ
2764 4808 2987 4862 τέθεικὰ
3029 4827 3087 4862 σε
3129 4812 3209 4873 είς
3248 4806 3511 4882 διαθήκην
3545 4812 3757 4881 γένους,

2193 4902 2271 4964 εἰς
2298 4899 2412 4969 φῶς
2448 4899 2652 4966 ἐθνῶν,
2685 4900 2778 4954 τοῦ
2809 4897 2943 4955 εἶναί
2969 4919 3027 4954 σε
3057 4903 3135 4966 είς
3162 4903 3431 4974 σωτηρίαν
3456 4904 3558 4968 ἕως
3596 4905 3758 4975 ἐσχά-

2192 5010 2286 5047 του
2311 4993 2443 5065 γῆς..
2473 5012 2492 5045 ι

2268 5138 2286 5169 ι
2338 5118 2525 5184 υῦτως
2568 5121 2714 5189 λέγει
2751 5121 2976 5192 Κύριος,
3025 5121 3054 5175 ὁ
3100 5120 3402 5194 ρυσάμενός
3448 5139 3528 5189 σε,
3557 5124 3588 5178 ὁ
3627 5125 3757 5190 Θεὸς

2203 5209 2440 5281 Ἰσραήλ.
2487 5228 2506 5260 ›
2549 5211 2719 5274 Αὐτὸς
2759 5211 2886 5282 γὰρ,
2933 5207 3116 5281 φησὶν,
3152 5213 3373 5277 ἐκεῖνος,
3414 5216 3443 5268 ὁ
3470 5213 3637 5268 παλαι
3665 5216 3756 5269 τὸν

2204 5299 2420 5372 Ἰσραὴλ
2457 5297 2754 5372 ῥυσάμενος
2790 5305 2853 5355 ὲκ
2887 5303 3066 5374 χειρὸς
3098 5305 3440 5373 Αἰγυπτίων,
3467 5307 3629 5370 αὐτὸς
3663 5308 3754 5360 καὶ

2193 5395 2320 5465 ὑμῖν
2350 5397 2463 5458 τοῖς
2493 5393 2669 5448 ἔθνεσι
2705 5397 2878 5451 ταῦτα
2920 5400 3249 5468 προσφωνεῖ,
3285 5398 3377 5450 καὶ
3417 5398 3752 5453 διατάττεται

2190 5485 2426 5554 λέγων’(
2450 5487 2735 5557 Ἀγιάσατε
2759 5489 2848 5540 τὸν
2867 5488 3188 5558 φαυλίζοντα
3216 5489 3313 5560 τὴν
3335 5489 3512 5560 ψυχὴν
3531 5490 3710 5544 αὑτοῦ·
3726 5509 3744 5542 ι

2189 5576 2310 5629 ὅσον
2325 5576 2431 5646 γὰρ
2444 5577 2630 5632 ἑαυτὸν
2644 5578 2971 5633 ἐταπείνωσε
2987 5579 3144 5650 μέχρι
3159 5579 3406 5642 θανάτου.
3423 5581 3514 5634 καὶ
3526 5580 3749 5638 θανάτου
