3968 6512
232 435 344 492 433

1133 436 1646 494 COMMENTARIA
1685 436 1754 492 IN
1793 436 2046 493 lSAlAM.
2085 467 2155 478 -ι-
2190 435 2341 490 CAP.
2382 435 2569 493 XLIX.

3384 443 3498 499 436

231 549 501 623 σταυροῦ,
527 550 748 606 τοσοῦτο
781 551 936 624 ῦμιῖς
955 553 1118 607 αὐτὸν
1144 554 1443 622 δοξάζετε.ι
1467 557 1571 610 Τὸν
1599 555 1791 627 βδελυσι

1919 562 2022 610 lem
2049 553 2261 617 crucis,
2295 561 2444 607 tanto
2474 551 2645 622 magis
2689 568 2785 608 vos
2823 553 2994 625 ipsum
3022 527 3309 613 celebrata.
3343 575 3362 609 ι
3385 557 3488 624 Qui

228 645 466 713 σύμενον
503 643 610 697 ὑπὸ
639 644 744 696 τῶν
759 640 943 698 ’ἐθνῶν
962 685 976 709 ,
1008 645 1126 698 τῶν.
1147 646 1346 703 δούλων
1378 647 1486 702 τῶν
1521 649 1811 720 ἀρχόντων.

227 736 487 799 Βασιλεῖς
529 735 747 804 ὅψονται
798 736 993 802 αὑτὸν,
1050 739 1144 791 καὶ
1183 740 1576 812 ἀναστήσονται
1625 741 1816 813 ἄρχον·-

223 845 341 892 τες.
389 828 485 882 καὶ
521 818 1002 900 προσκυνήσουσιᾶ
1031 829 1199 902 αὐτῷ,
1238 832 1422 885 ἕνεκεν
1455 834 1690 905 Κυρίουο
1730 833 1814 886 ὅτι

225 920 426 983 πιστός
444 921 593 972 ἐστιν
619 922 648 973 6
667 921 853 990 ’Ἄγιος
897 921 1132 994 Ἰσραὴλ,
1163 924 1255 976 καὶ
1271 922 1598 995 ἐξελεξάμην
1623 941 1681 976 σε
1705 923 1813 977 τῶν

220 1009 438 1066 δούλων
467 1009 576 1064 τῶν
605 1011 896 1083 ἀρχόντων
937 1032 954 1064 ι
990 1013 1132 1082 λέγω
1172 1013 1236 1086 δὴ
1277 1017 1388 1078 τοῖς
1419 1018 1668 1087 πονηροῖς
1699 1014 1813 1067 δαί-

226 1118 431 1172 μοσιν,
472 1103 523 1156 οἱ
580 1101 690 1174 γάρ
729 1103 809 1158 ἔτι
868 1104 1079 1169 τούτοις
1138 1104 1658 1176 καταδεδουλωμένοι
1722 1104 1811 1158 τὸν

219 1193 467 1266 Χριστὸν
499 1193 595 1247 τοῦ
625 1194 761 1248 Θεοῦ
812 1195 1274 1268 βλασφημοῦνται.
1325 1196 1707 1251 Βδελύσσονται
1753 1198 1809 1252 δὲ

219 1285 492 1358 σύροντες
540 1288 636 1340 καὶ
683 1288 1070 1357 χλευάζοντες,
1105 1289 1200 1343 καὶ
1241 1289 1588 1359 φαυλίζοντες
1645 1290 1808 1346 αὑτοῦ

219 1376 315 1429 τὸν
369 1376 624 1430 θάνατον.
676 1377 834 1432 Ἀλλά
891 1378 999 1450 γὰρ
1050 1379 1206 1449 ὑμεῖς
1253 1375 1334 1444 οἷς
1389 1381 1589 1451 ὁλὸγος
1644 1399 1810 1453 προσ-

220 1472 428 1538 φωνεῖ,
475 1469 663 1524 τοῦτον
696 1469 858 1524 αὑτὸν
900 1471 1160 1538 ἁγιάσατε
1196 1470 1525 1538 δοξάζοντες.
1565 1475 1684 1528 ἐπεὶ
1716 1475 1809 1528 καὶ

221 1578 241 1611 ι
286 1563 402 1614 πᾶν
430 1561 564 1630 γόνυ
600 1561 806 1634 κάμψει
838 1561 984 1633 αὐτῷ
1025 1553 1360 1635 ἐπουρανίων
1387 1564 1482 1618 καὶ
1514 1566 1804 1634 ἐπιγείων,

216 1653 314 1708 καὶ
347 1653 746 1725 καταχθονίων.
779 1655 873 1708 καὶ
902 1657 1050 1709 πᾶσα
1090 1656 1309 1726 γλῶσσα
1335 1657 1804 1729 ἐξομολογήσεται,

209 1744 296 1798 ὃτι
323 1744 538 1816 Κύριος
573 1745 780 1818 Ἰησοῦς
800 1748 1034 1818 Χριστὸς
1061 1751 1139 1810 εἰς
1162 1749 1316 1816 δόξαν
1347 1748 1481 1804 Θεοῦ
1505 1743 1744 1822 Πατρδς,
1782 1772 1801 1804 ι

208 1835 345 1890 εταν
386 1835 524 1910 ἔλθῃ
569 1839 627 1892 ἐν
660 1841 727 1911 τῇ
773 1839 901 1911 δόξᾳ
940 1840 1034 1893 τοῦ
1069 1842 1281 1912 Πατρὸς
1309 1842 1471 1896 αὑτοῦ
1523 1843 1662 1912 μετά
1695 1843 1805 1898 τῶν

1915 656 1999 702 est
2048 645 2433 700 abominationi
2481 645 2763 713 gentibus,
2824 647 2999 702 servis
3025 648 3348 718 principum.
3384 648 3495 704 Re-

1913 753 2008 808 ges
2071 737 2329 791 videbunt
2379 751 2540 799 eum,
2592 745 2648 790 et
2697 748 3021 808 consurgent
3073 739 3346 810 principes
3381 760 3396 796 :
3433 751 3493 798 et

1913 831 2212 884 adorabunt
2271 843 2393 884 eum
2441 837 2660 896 propter
2711 827 3022 893 Dominum,
3051 833 3172 900 quia
3212 831 3383 888 ﬁdelis
3407 843 3492 888 est.

1917 919 2150 976 Sanctus
2191 918 2376 983 Israel,
2404 929 2458 973 et
2489 913 2624 990 elegi
2667 927 2719 974 te
2752 934 2779 971 a
2809 921 2981 974 servis
3008 923 3346 991 principum;
3380 941 3398 974 ι
3436 923 3488 978 id

1911 1019 2021 1076 est,
2059 1009 2414 1080 malignorum
2451 1009 2752 1063 dzemouum
2787 1027 2800 1064 :
2852 1025 2976 1063 nam
2999 1011 3036 1065 ii
3065 1011 3158 1081 qui
3183 1011 3251 1065 ab
3277 1013 3407 1081 ipsis
3432 1013 3486 1067 iu

1911 1103 2228 1159 servitutem
2261 1100 2462 1156 redacti
2483 1109 2634 1165 sunt,
2661 1100 2713 1154 in
2737 1101 3013 1157 Christum
3045 1103 3138 1156 Dei
3175 1105 3486 1174 blasphema

1911 1195 2054 1250 dicta
2078 1192 2380 1264 proferunt.
2409 1191 2584 1261 Ipsum
2631 1202 2810 1247 autem
2849 1194 3237 1249 ubominatioui
3265 1196 3483 1262 habent,

1912 1283 2282 1346 traducentes,
2337 1282 2629 1337 irridentes
2681 1298 2744 1337 ac
2793 1284 3194 1354 vilipendentes
3252 1291 3484 1345 mortem

1909 1375 2044 1443 ejus.
2070 1375 2138 1428 At
2169 1389 2288 1441 vos,
2320 1389 2458 1444 quos
2489 1389 2669 1430 sermo
2700 1375 3006 1446 compellat,
3032 1378 3280 1434 eumdem
3309 1379 3484 1449 ipsum

1909 1466 2246 1522 sanctiﬁcate
2292 1477 2348 1522 et
2382 1467 2552 1538 gloria
2579 1467 2798 1534 aﬁicite,
2841 1471 3093 1538 quoniam
3124 1470 3226 1540 ipsi
3279 1491 3298 1524 ι
3325 1489 3486 1530 omne

1908 1574 2050 1628 genu
2097 1560 2348 1614 llectetur
2389 1558 2728 1625 ctelestium,
2772 1563 3114 1617 terrestrium
3153 1574 3208 1620 et
3241 1565 3484 1621 inferno~

1908 1666 2028 1704 rum
2058 1690 2073 1716 ,
2103 1661 2156 1705 et
2180 1650 2357 1705 omnis
2398 1635 2576 1720 lingua
2623 1652 2971 1709 conﬁtebitur
3027 1656 3154 1726 quia
3226 1657 3484 1716 Dominus

1906 1741 2062 1797 Jesus
2093 1743 2340 1798 Christus
2371 1744 2425 1796 in
2462 1743 2632 1814 gloria
2667 1753 2750 1799 est
2779 1746 2870 1800 Dei
2906 1745 3084 1803 Patris
3111 1748 3180 1813 “,
3216 1767 3235 1802 ι
3269 1753 3492 1822 quando

1907 1835 2086 1891 veniet
2105 1835 2156 1889 in
2185 1835 2354 1907 gloria
2384 1834 2569 1890 Patris
2584 1836 2665 1892 sui
2690 1851 2813 1892 cum
2839 1838 3048 1909 angelis
3077 1837 3216 1908 ejus,
3244 1851 3298 1895 et
3327 1843 3483 1897 sede-

210 1927 474 1996 ὰγγέλων
508 1928 696 1995 αὑτοῦ,
729 1932 824 1984 καὶ
859 1932 1057 2004 καθίσῃ
1099 1934 1192 1987 ἐπὶ
1227 1932 1414 2005 θρόνου
1443 1934 1600 2005 δόξης
1634 1937 1791 1991 αὐτοί

1907 1927 1985 1980 hit
2007 1927 2057 1981 in
2095 1929 2292 1983 throno
2315 1929 2502 1999 gloria:
2533 1927 2650 1997 ejus
2673 1929 2922 1999 judicans
2945 1933 3096 1987 vivos
3125 1942 3180 1988 et
3215 1944 3508 2011 mortuos...

213 2018 423 2086 κρίνων
449 2017 658 2084 ζῶντας
682 2022 776 2073 καὶ
795 2022 1022 2094 νεκρούς
1037 2040 1050 2053 ·
1074 2023 1195 2077 τότε
1217 2025 1323 2098 γάρ
1347 2025 1543 2092 πάντες
1569 2045 1802 2098 προσκυ-

211 2108 480 2178 νήσουσιν
504 2111 652 2182 αὐτῷ
689 2113 874 2166 ἕνεκεν
898 2115 1102 2187 Κυρίου
1132 2115 1227 2172 τοῦ
1262 2118 1472 2189 Πατρὸς
1505 2119 1690 2183 αὐτοῦ,
1721 2121 1801 2174 ὅτι

211 2201 410 2264 πιστός
447 2202 594 2254 ἐστιν
625 2203 654 2256 6
675 2203 865 2272 ’Ἄγιος
890 2205 1120 2278 ’Ἰσραὴλ
1157 2209 1186 2262 6
1229 2207 1581 2280 ἐκλεξάμενος
1617 2211 1798 2266 αὐτόν.

223 2290 373 2345 Ἀντὶ
404 2291 465 2345 δέ
498 2291 615 2360 τοῦ,
655 2313 673 2346 ι
721 2296 830 2349 Καὶ
860 2295 1187 2369 ἐξελεξάμην
1225 2316 1282 2354 σε
1299 2319 1374 2366 ..ι
1413 2302 1441 2354 ὁ
1483 2301 1797 2374 Σύμμαχος,

213 2398 234 2432 ι
281 2383 606 2450 Ἐξελέξατό
634 2403 712 2448 σε,
745 2405 764 2439 ι
792 2388 999 2459 εἴρηκε.
1029 2389 1214 2444 Ταῦτα
1245 2392 1344 2462 μὲν
1368 2387 1460 2447 οὖν
1483 2396 1596 2457 τοῖς
1624 2393 1800 2449 ἔθνεσι

211 2477 621 2547 παραδέδοται’
655 2479 724 2532 τὰ
779 2480 837 2534 δέ
873 2480 1231 2553 ἐπιλεγόμενα
1286 2487 1366 2550 εἰς
1424 2485 1589 2541 αὐτοῦ
1635 2488 1802 2558 πρόσ-

207 2585 358 2623 ωπον
387 2569 485 2623 τοῦ
515 2571 767 2643 Σωτῆρος
795 2571 1122 2636 θεσπίζεται·
1214 2576 1306 2630 καί
1339 2595 1468 2649 φησι
1499 2578 1558 2631 τὸ
1577 2579 1799 2650 Πνεῦμα

209 2659 268 2712 τὸ
302 2663 652 2733 προφητικὸν
690 2666 755 2717 ἐκ
795 2665 1080 2736 προσώπου
1111 2668 1205 2722 τοῦ
1245 2671 1454 2742 Πατρός
1477 2686 1492 2702 ·
1537 2691 1556 2724 ι
1605 2673 1799 2744 Καιρῷ

207 2747 390 2820 δεκτῷ
434 2753 723 2824 ἐπήκουσά,
761 2771 889 2821 σου,
924 2757 1018 2810 καὶ
1049 2758 1105 2810 ἐν
1138 2760 1320 2831 ἡμέρᾳ
1364 2764 1636 2833 σωτηρίας
1680 2765 1799 2819 ἐϐο-

209 2840 399 2913 ήθησά
440 2859 543 2897 σοι.
595 2863 615 2896 ι
671 2846 882 2917 Σφόδρα
939 2849 996 2902 δὲ
1063 2850 1389 2920 Θαυμαστῶς
1443 2853 1659 2925 εἴρηται
1713 2859 1795 2921 τὸ,

213 2953 232 2984 ι
277 2935 484 3008 Καιρῷ
519 2937 693 3008 δεκτῷ
724 2939 1006 3012 ἐπήκουσά
1037 2959 1127 2996 σου
1149 2961 1165 2974 ο
1211 2962 1228 2994 ι
1260 2940 1413 3008 οὗτος
1447 2946 1505 3000 δὲ
1540 2943 1608 3019 ἦν
1635 2949 1664 3000 ὁ
1697 2949 1798 3021 τῆς

208 3024 570 3091 ἀναστάσεως
590 3027 754 3082 αὑτοῦ
787 3032 995 3103 χρόνος.
1027 3033 1183 3088 Κατά
1213 3033 1310 3104 μὲν
1335 3035 1444 3108 γὰρ
1479 3036 1571 3090 τὸν
1608 3041 1796 3114 καιρὸν

207 3115 300 3168 τοῦ
363 3116 578 3183 πάθους
623 3121 918 3194 ἀνεϐόησεν
973 3125 1002 3178 6
1049 3125 1240 3197 Σωτὴρ
1289 3126 1491 3182 εἰπών’
1549 3148 1566 3182 ι
1626 3132 1791 3198 Ἠλεὶ,

1905 2017 2056 2072 Tunc
2084 2019 2226 2073 enim
2259 2035 2452 2079 omnes
2494 2020 2670 2090 ipsum
2698 2023 3026 2090 adorabunt,
3051 2034 3273 2095 propter
3299 2025 3490 2081 Domi-.

1903 2127 2030 2164 num
2082 2110 2298 2167 Patrem
2327 2111 2444 2182 ejus
2465 2152 2482 2179 ,
2517 2114 2642 2182 quia
2671 2113 2845 2171 ﬁdelis
2866 2127 2948 2172 est
2997 2119 3231 2175 Sanctus
3288 2120 3477 2188 Israel,

1901 2204 1991 2274 qui
2019 2203 2180 2274 elegit
2207 2220 2352 2260 eum.
2389 2204 2494 2260 Pro
2519 2205 2610 2260 illo
2643 2215 2877 2276 autem,i
2909 2209 2975 2263 Et
2996 2209 3132 2280 elegi
3163 2219 3236 2276 te,
3267 2227 3287 2263 ι
3321 2209 3481 2281 Sym-

1903 2297 2128 2352 machus
2161 2297 2347 2366 habet,
2388 2316 2406 2351 ι
2434 2297 2610 2369 Elegit
2636 2307 2709 2356 te.
2749 2317 2768 2352 ι
2831 2299 2959 2357 Haec
3007 2299 3189 2372 itaque
3227 2303 3479 2374 gentibus

1902 2391 2103 2443 tradita
2153 2401 2318 2458 sunt;
2357 2405 2478 2461 quae
2536 2405 2666 2446 vero
2711 2390 3096 2460 subjiciuntur,
3143 2393 3208 2448 de
3248 2407 3477 2464 persona

1902 2481 2206 2538 Sulvatoris
2261 2483 2701 2554 praenuntiantur
2730 2500 2744 2536 :
2777 2483 2862 2538 cui
2903 2483 3068 2538 etiam
3122 2484 3478 2554 propheticus

1901 2576 2137 2645 Spiritus
2175 2592 2238 2629 ex
2273 2591 2502 2645 persona
2538 2563 2718 2628 Patris
2751 2575 2848 2642 ait,
2913 2593 2932 2626 ι
2955 2574 3221 2644 Tempore
3252 2587 3478 2646 accepto

1899 2668 2148 2721 exaudivi
2176 2677 2248 2729 te,
2308 2676 2363 2721 et
2394 2668 2449 2721 in
2487 2667 2576 2721 die
2624 2666 2819 2722 salutis
2867 2667 3044 2734 adjuvi
3109 2676 3227 2722 te.»
3281 2668 3491 2727 Mirum

1898 2771 2079 2813 autem
2113 2759 2164 2813 in
2195 2761 2411 2829 modum
2445 2759 2671 2824 dicitur,
2712 2778 2732 2811 ι
2766 2759 3032 2828 Tempore
3053 2771 3279 2831 accepto
3307 2777 3479 2818 exau~

1898 2851 2004 2905 divi
2047 2860 2134 2916 te;
2168 2870 2186 2902 ι
2239 2850 2368 2904 illud
2408 2865 2573 2919 porro
2625 2860 2745 2906 erat
2797 2861 3008 2921 tempus
3057 2853 3478 2911 resurrectionis

1894 2942 2035 3012 ejus.
2087 2941 2220 2995 Nam
2275 2942 2548 3014 passionis
2608 2951 2853 3013 tempore
2898 2944 3153 3000 clamavit
3213 2944 3472 3002 Servator

1896 3035 1982 3091 his
2025 3037 2244 3094 verbis:
2279 3055 2297 3088 ι
2323 3037 2424 3102 Eli,
2459 3037 2578 3103 Eli,
2624 3039 2749 3093 lima
2787 3039 3182 3096 sabachthani?
3215 3060 3234 3094 ι
3264 3042 3314 3096 id
3353 3054 3479 3116 est.

1901 3129 2086 3185 «Deus
2140 3145 2317 3195 meus,
2375 3130 2518 3185 Deus
2585 3146 2768 3196 meus,
2829 3141 2890 3185 ut
2941 3131 3072 3201 ψιιίιι
3138 3131 3489 3202 ἁετειίψιὶειίε,

220 3207 412 3266 Ἠλεὶ·
454 3209 591 3282 λιμὰ
630 3212 990 3285 σαϐαχθανεί’
1051 3237 1070 3270 ι
1115 3220 1382 3283 τουτέστι,
1439 3239 1459 3274 ι
1516 3223 1616 3276 Θεέ
1668 3242 1790 3296 μου,

1898 3236 1987 3277 me
2030 3222 2158 3276 9°?»
2209 3221 2516 3289 Quinetiam
2551 3231 2805 3292 precatur
2834 3223 2919 3277 his
2962 3222 3140 3278 verbis
3181 3241 3195 3277 :
3242 3241 3260 3276 ι
3289 3223 3493 3291 Pater,‘

204 3297 303 3354 Θεέ
348 3318 479 3372 μου,
512 3301 599 3356 ἵνα
636 3305 688 3356 τί
722 3323 787 3376 με
820 3308 1206 3376 ἐγκατέλιπες;
1242 3332 1260 3364 ι
1316 3314 1476 3369 Ἀλλά
1508 3317 1601 3370 καὶ
1627 3335 1793 3389 προσ-

207 3389 430 3462 εύχεται
482 3393 690 3463 λέγων’
754 3416 772 3449 ι
834 3400 1037 3475 Πάτερ,
1078 3405 1124 3456 εἰ
1179 3403 1436 3470 δυνατὸν,
1477 3407 1792 3480 παρελθέτω

205 3481 298 3536 ἀπ’
325 3482 472 3550 ἐμοῦ
515 3485 577 3538 τὸ
618 3489 876 3559 ποτήριον
915 3492 1103 3544 τοῦτο·
1149 3512 1168 3544 ι
1202 3492 1301 3548 εἷθ’
1339 3497 1416 3560 ὼς
1463 3499 1790 3555 ἀνανεύοντα

202 3570 291 3625 τὸν
337 3573 567 3646 Πατέρα
610 3576 778 3648 ἐώρα,
811 3581 1092 3651 ἐπήγαγε’
1131 3604 1149 3634 ι
1183 3586 1383 3658 Πάτερ,
1425 3590 1472 3641 εἰ
1516 3590 1588 3662 μὴ
1631 3591 1791 3644 δυνα-

199 3662 290 3715 τδν
312 3665 617 3734 παρελθεῖν
643 3670 793 3734 αὐτὸ,
821 3674 1103 3744 γενηθήτω
1123 3676 1181 3728 τὸ
1209 3667 1419 3748 θέλημά
1443 3697 1558 3736 σου.
1595 3701 1612 3732 ι
1642 3683 1785 3736 Ταύρ

197 3770 296 3828 την
336 3754 436 3811 οῦν
472 3759 570 3832 τὴν
604 3763 767 3834 εὐχὴν
817 3766 897 3828 εἰς
937 3767 1128 3838 καιρὸν
1180 3769 1466 3841 δεχόμενος
1505 3775 1533 3826 6
1571 3775 1779 3848 Πατὴρ,

203 3850 347 3918 μετὰ
384 3851 641 3917 τὸπάθος
675 3855 766 3908 καὶ
808 3858 942 3926 μετὰ
979 3859 1078 3928 τὴν
1111 3862 1190 3923 εἰς
1213 3862 1357 3932 ᾆδουο
1375 3865 1620 3931 κάθοδον,
1663 3885 1785 3923 και-

201 3940 291 4012 ρὸν
333 3941 441 4013 τῆς
476 3945 822 4011 ἀναστάσεως
857 3951 1019 4003 αὑτοῦ
1057 3952 1272 4017 δεικνύς
1331 3973 1466 4027 φησι
1505 3957 1640 4028 πρὸς
1688 3961 1783 4013 αύ-

197 4033 308 4087 τόνο
361 4052 380 4086 ι
420 4037 615 4109 Καιρῷ
657 4038 830 4111 δεκτῴ
862 4041 1140 4113 ἐπήκουσά
1182 4063 1295 4110 σου,
1338 4067 1354 4097 ›
1400 4051 1491 4102 καὶ
1531 4050 1599 4103 τὰ
1632 4051 1778 4122 ἑξῆς.

201 4141 221 4174 ι
242 4127 359 4181 Καὶ
391 4126 603 4182 ἕπλασά
638 4147 718 4194 σε,
755 4134 846 4185 καὶ
879 4133 1054 4188 ἔδωκά
1090 4154 1146 4190 σε
1181 4141 1261 4202 εἰς
1286 4139 1550 4212 διαθήκην
1583 4141 1772 4206 ἐθνῶν,

195 4216 285 4270 ¹τοῦ
334 4221 677 4292 καταστῆσαι
710 4224 809 4295 τὴν
850 4226 973 4297 γῆν,
1011 4229 1102 4281 καὶ
1140 4229 1541 4304 κληρονομῆσαι
1579 4233 1778 4305 κληροι·

195 4312 393 4382 νομίας
433 4312 691 4390 ἐρήμους.
745 4335 763 4368 ι
803 4317 1060 4373 Τοιαῦται
1086 4322 1142 4375 δὲ
1174 4317 1313 4393 ἦσαν
1354 4326 1409 4377 αἱ
1454 4325 1560 4376 τῶν
1605 4325 1780 4381 ἀθέων

1895 3313 1939 3368 si
1993 3313 2248 3383 possibile
2296 3322 2400 3380 est,
2465 3323 2710 3383 transeat
2767 3331 2796 3370 a
2847 3331 2932 3371 n-e
2987 3315 3127 3370 calix
3169 3315 3273 3371 iste
3315 3317 3397 3382 ἰς
3442 3337 3486 3372 ι.

1893 3405 2088 3462 deinde
2118 3415 2173 3460 ut
2205 3405 2535 3461 abnuentem
2576 3407 2790 3462 Patrem
2824 3408 2980 3474 vidit,
3015 3409 3090 3463 ait
3118 3426 3131 3463 :
3159 3427 3178 3462 ι
3216 3409 3395 3474 Pater,
3423 3413 3480 3466 si

1893 3514 2000 3554 non
2036 3509 2210 3574 potest
2237 3500 2326 3556 hic
2358 3503 2615 3567 transire,
2651 3503 2747 3558 ﬁat
2777 3506 3025 3558 voluntas
3051 3513 3140 3558 tua
3166 3506 3237 3558 η.
3263 3523 3283 3558 ι
3318 3504 3471 3560 llam:

1892 3591 2074 3660 itaque
2113 3595 2417 3648 orationem
2457 3593 2524 3649 ad
2564 3604 2778 3664 tempus
2832 3597 3107 3666 accipiens
3137 3596 3475 3668 Pater,pnst

1889 3683 2216 3753 passionem,
2269 3695 2320 3740 et
2353 3696 2480 3756 post
2498 3685 2819 3742 descensum
2864 3688 2918 3742 in
2954 3688 3225 3743 infernum
3251 3732 3266 3752 .
3294 3690 3468 3759 ipsum

1891 3779 2318 3833 resurrectionis
2379 3781 2498 3850 ejus
2555 3790 2770 3850 tempus
2822 3782 3176 3851 signiﬁcans,
3231 3781 3305 3835 ait
3353 3782 3428 3836 illi
3450 3821 3474 3847 ,,

1897 3887 1914 3919 ι
1940 3869 2204 3938 Tempore
2229 3882 2449 3941 accepto
2474 3873 2728 3927 exaiidivi
2759 3884 2829 3937 te,
2856 3893 2874 3926 ι
2906 3884 2959 3927 ει
2979 3884 3194 3931 ειειεηι.
3226 3893 3244 3926 ι
3269 3875 3464 3931 Ειῖητ-

1890 3961 2033 4013 mavi
2060 3971 2130 4025 te,
2150 3971 2204 4015 et
2232 3963 2351 4018 dedi
2374 3964 2488 4018 tein
2515 3973 2893 4018 testamentum
2909 3966 3170 4036 gentium,
3188 3976 3246 4021 ut
3264 3967 3470 4024 consti-

1891 4059 2072 4105 tueres
2103 4061 2326 4119 terram,
2361 4061 2414 4107 et
2437 4055 2746 4122 possideres
2774 4057 3118 4112 hereditates
3147 4059 3407 4115 desertas.
3439 4079 3461 4114 ι

1890 4141 2048 4197 Tales
2076 4154 2233 4197 erant
2272 4145 2581 4214 impiorum,
2617 4158 2673 4201 et
2700 4148 2884 4202 multis
2907 4149 3220 4204 numinibus
3250 4152 3466 4206 dedito-

1890 4250 2009 4287 rum
2053 4234 2328 4288 hominum
2391 4238 2605 4302 animar,
2659 4241 2884 4295 desertae
2938 4257 2968 4296 a
3018 4240 3153 4308 Deo,
3222 4259 3286 4299 ac
3337 4260 3468 4302 vero

1894 4343 1912 4375 ι
1944 4326 2253 4389 ιιεειτυειιε,
2281 4345 2298 4378 ι
2337 4329 2632 4392 secundum
2671 4331 2910 4403 reliquos
2939 4333 3263 4405 interpretes

195 4406 284 4456 καὶ
318 4404 600 4459 πολυθέων
638 4407 827 4478 ψυχαὶ,
856 4409 1050 4482 ἔρημοι
1080 4413 1214 4466 Θεοῦ
1255 4414 1347 4468 καὶ
1373 4414 1586 4486 ἀληθῶς
1617 4435 1638 4468 ι
1669 4416 2032 4493 ἠφανισμέναι
2070 4436 2117 4484 ,ι
2159 4418 2302 4477 κατά
2331 4422 2455 4485 τοὺς
2482 4421 2724 4488 λοιπούς.

268 4565 290 4599 ι
322 4547 568 4616 Δέγοντα
588 4553 700 4613 τοῖς
725 4552 780 4602 ἐν
797 4551 1042 4623 δεσμοῖς,
1061 4553 1356 4618 Ἐξέλθετε,
1381 4557 1474 4610 καὶ
1495 4560 1605 4621 τοῖς
1629 4559 1686 4610 ἐν
1707 4555 1784 4628 τῷ

1957 4558 2118 4616 Vens.
2165 4559 2220 4616 9.
2281 4579 2300 4612 ι
2327 4562 2608 4619 Dicentem
2658 4565 2726 4620 iis
2771 4569 2863 4638 qui
2896 4570 3064 4627 vincti
3093 4580 3242 4640 sunt,
3278 4573 3460 4641 Exite.

196 4638 402 4698 σκότει,
433 4640 897 4711 ἀνακαλυφοῆναι.
926 4663 944 4694 ι
967 4676 1037 4684 -
1057 4664 1074 4694 ι
1105 4641 1288 4716 ’Ἦμεν
1313 4646 1420 4717 γάρ
1456 4665 1585 4701 ποτε
1608 4649 1774 4702 τέκνα

191 4730 382 4800 ὀργῆς.
408 4730 503 4782 καὶ
521 4725 661 4801 ἦμέν
686 4750 815 4786 ποτε
847 4735 1054 4799 σκότος⁹
1086 4736 1180 4790 νῦν
1203 4737 1260 4790 δὲ
1292 4738 1407 4806 φῶς
1430 4742 1487 4793 ἐν
1511 4741 1716 4813 Κυρίῳ.
1749 4761 1767 4792 ι

193 4817 620 4887 Εὑαγγελίζεται
651 4821 776 4884 τοὺς
813 4822 918 4875 τῶν
963 4827 1242 4903 προτέρων
1281 4828 1516 4899 δεσμῶν,
1551 4831 1645 4884 καὶ
1678 4832 1772 4889 τοῦ

193 4909 463 4980 προτέρου
495 4910 718 4975 σκότους
743 4912 1242 4986 ἠλευθερωμένους,
1266 4917 1459 4987 λέγων·
1494 4940 1511 4971 ι
1564 4922 1651 4975 Ἐν
1679 4923 1775 4980 πάρ

193 5015 315 5064 σαις
364 5002 486 5064 ταῖς
517 5001 654 5064 ὁδοῖς
698 5001 1146 5076 βοσκηθήσονται,
1188 5009 1282 5061 καὶ
1321 5011 1379 5064 ἐν
1413 5011 1611 5076 πάσαις
1652 5017 1772 5078 ταῖς

189 5091 398 5163 τρῖϐοις
439 5093 643 5164 ὴνομὴ
697 5095 896 5149 αὐτῶν.
963 5117 982 5150 ι
1041 5100 1177 5152 Ὁδοὶ
1209 5100 1264 5154 δὲ
1315 5102 1409 5154 καὶ
1453 5103 1649 5175 τρίϐοι,
1705 5105 1771 5170 ἃς

190 5183 482 5238 διώδευσαν
515 5187 564 5238 οι
599 5188 765 5242 πάλαι
797 5189 890 5244 τοῦ
924 5191 1057 5245 Θεοῦ
1090 5193 1304 5266 ἄνδρες,
1341 5197 1395 5248 αἱ
1427 5196 1769 5252 θεόπνευστοί

192 5277 294 5330 εἰσι
335 5277 586 5348 Γραφαὶ,
633 5280 693 5331 ἐν
725 5275 813 5344 αἷς
858 5281 1172 5354 βοσκόμενοι
1200 5288 1248 5338 οἱ
1295 5287 1394 5357 τῆς
1437 5289 1768 5358 ἐπαγγελίας

189 5368 466 5438 τυχόντες.
492 5370 591 5440 τῆς
630 5370 811 5424 ἐνθέου
845 5373 938 5427 καὶ
970 5373 1190 5444 λογικῆς
1227 5379 1430 5450 τροφῆς
1468 5380 1768 5434 ἀπολαύου-

193 5474 294 5527 σιν,
332 5459 546 5532 ἀγαθὴν
583 5462 754 5534 νομὴν
799 5463 1004 5538 ταύτην
1039 5468 1350 5540 εὑράμενοι,
1387 5473 1480 5524 καὶ
1507 5471 1576 5525 τά
1619 5473 1763 5544 ἑξῆς.

261 5658 282 5692 ι
328 5641 403 5694 Οὐ
442 5643 808 5708 πεινάσουσιν,
855 5645 975 5700 οῦδὲ
1016 5647 1356 5720 διψήσουσιν,
1383 5651 1504 5705 οὐδὲ
1540 5655 1767 5720 πατάξει

191 5732 386 5798 αὐτοὺς
415 5735 443 5788 6
474 5735 717 5808 καύσων,
751 5737 858 5792 οὐδ’
901 5741 930 5793 6
959 5739 1125 5810 ἥλιος.
1163 5726 1300 5795 Ἀλλ’
1325 5747 1354 5798 6
1385 5745 1550 5800 ἐλεῶν
1577 5747 1770 5811 αὐτοὺς

1879 4658 1934 4705 ει
1965 4651 2029 4705 iis
2059 4652 2149 4720 qui
2186 4654 2236 4706 in
2259 4655 2532 4722 tenebris,
2573 4667 2631 4711 ut
2674 4661 2984 4717 revelentur
3075 4704 3090 4722 .
3130 4683 3148 4716 ι
3182 4667 3254 4706 '-—
3281 4684 3301 4718 ι
3329 4666 3462 4722 Era-

1881 4758 2002 4796 mus
2030 4745 2174 4798 enim
2204 4746 2496 4815 aliquando
2533 4749 2625 4803 ﬁlii
2659 4751 2790 4816 irze,
2833 4762 2889 4808 et
2915 4770 3132 4811 eramus
3168 4757 3470 4829 aliquando.

1881 4835 2151 4903 tenebrae;
2189 4853 2330 4893 Illlllc
2375 4849 2556 4894 autem
2605 4841 2697 4897 lux
2750 4843 2804 4898 in
2857 4845 3085 4903 Domino
3138 4849 3207 4904 ”.
3239 4869 3257 4902 ι
3309 4849 3460 4907 Bona

1881 4929 2068 4982 nuntia
2111 4931 2319 4998 profert
2377 4931 2441 4986 iis
2481 4935 2574 5000 qui
2618 4949 2682 4989 ex
2741 4937 2990 5006 pristinis
3045 4940 3150 4995 illis
3207 4941 3458 5005 vinculis,

1881 5033 2052 5086 exque
2107 5021 2300 5085 priscis
2365 5025 2603 5078 tenebris
2635 5025 2788 5081 liberi
2846 5034 3172 5095 evaserant,
3218 5031 3400 5085 dicens
3432 5051 3452 5088 ι

1885 5127 1904 5162 ι
1935 5110 1988 5164 ln
2013 5112 2264 5168 omnibus
2286 5115 2389 5170 viis
2417 5127 2732 5184 pascentur,
2781 5128 2838 5174 et
2881 5122 2932 5174 in
2966 5123 3220 5179 outuibus
3248 5125 3461 5180 semitis

1880 5216 2076 5271 pascua
2113 5219 2320 5260 eorum.
2359 5227 2378 5258 ι
2431 5209 2543 5262 Vise
2574 5211 2889 5280 seminaque
2940 5227 3078 5280 quas
3127 5215 3459 5283 pertransit!-

1878 5295 1999 5352 runt
2031 5299 2102 5363 illi
2142 5299 2272 5353 olim
2336 5299 2426 5354 Dei
2487 5301 2612 5364 viri,
2662 5313 2789 5355 sunt
2845 5304 3140 5373 Scriptura:
3189 5305 3457 5362 divinitus

1872 5392 2173 5462 inspiratae,
2257 5392 2345 5447 tibi
2371 5405 2653 5464 pascentes
2706 5397 2766 5459 ii.
2807 5398 2897 5465 qui
2945 5399 3210 5464 promissa
3245 5409 3452 5466 tenent,

1867 5485 2050 5538 divino
2076 5497 2130 5539 et
2159 5486 2467 5540 rationabili
2495 5488 2617 5541 ciho
2642 5487 2912 5553 fruuntur,
2947 5490 3063 5545 haec
3083 5490 3222 5546 bona
3253 5508 3451 5563 pascua

1867 5576 2035 5641 nacti,
2065 5589 2118 5632 et
2147 5588 2360 5632 cmteru.

1939 5668 2104 5724 Vsus.
2140 5669 2224 5724 l0.
2289 5689 2308 5722 ι
2339 5669 2454 5725 Non
2487 5673 2723 5726 esurient
2746 5714 2762 5738 ,
2799 5676 3461 5754 neqtte-sitient,,nequo

1876 5761 2146 5828 percutiet
2167 5777 2260 5816 eos
2289 5771 2471 5828 aestus,
2500 5766 2808 5836 nequesol.
2858 5766 2966 5825 Sed
3009 5771 3110 5841 qui.
3155 5774 3449 5837 miseretur

252 5955 304 5991 “
333 5955 526 6031 Philip.
567 5975 626 6030 ιι,
661 5961 743 6022 l0.
822 5965 866 6000 '°
896 5965 1086 6028 Matth.
1126 5985 1294 6039 imit,
1331 5969 1418 6029 ιο.
1492 5973 1533 6009 ’³
1567 5972 1754 6034 Matth.

1897 5993 1948 6046 ει,
1995 5979 2084 6042 ⁸69.
2161 5984 2207 6018 ’⁸
2247 5984 2378 6044 ibid.
2423 5985 2512 6044 42.
2591 5989 2636 6024 ’⁸
2670 5988 2870 6064 Ephes.
2927 6011 2988 6068 ll,
3017 5999 3071 6069 ὃς
3105 6003 3238 6071 v,,_8.
