3968 6508
262 422 376 480 437

1151 421 1653 478 COMMENTARIA
1695 422 1762 478 IN
1800 422 2060 478 ISAIAM.
2116 454 2168 462 —
2210 423 2360 478 CAP.
2403 423 2588 480 XLIX.

3405 426 3508 481 838

266 555 372 610 ρας
403 536 573 608 αιτὴν
604 534 971 607 ἁναὲἳητείτω⁹
1006 535 1249 590 ἀκουέτω
1281 538 1336 591 δὲ
1362 537 1455 591 τοῦ
1484 538 1618 590 Θεοῦ
1659 537 1844 606 λέγον-

1957 541 2277 595 [ιεειίηοινιιηι
2319 538 2535 608 regione
2584 538 2897 608 perquirat;
2948 536 3041 591 sed
3095 534 3286 590 audiat
3341 535 3510 592 Deum

262 646 359 694 τος
384 631 549 701 αύτῇο

341 742 363 773 ι
422 722 549 774 Ἰδοὺ
577 721 669 774 ἐπὶ
710 719 817 773 τῶν
852 719 1047 791 χειρῶν
1096 738 1196 791 μου
1239 721 1608 793 ἐζωγραφησὰ
1638 739 1729 775 σου
1776 738 1845 773 τα

262 814 451 883 τείχη,
490 822 585 865 καὶ
616 811 843 865 ἐνώπιόν
884 830 983 883 μου
1017 808 1067 864 εί
1092 812 1180 866 διὰ
1210 814 1428 877 παντός.
1469 835 1486 866 ι
1520 817 1709 887 Χεῖρες
1736 813 1843 884 γὰρ

259 908 344 969 ὡς
387 905 607 976 ἀληθῶς
654 905 789 957 Θεοῦ
839 906 937 977 τὴν
983 905 1234 977 τοιαύτην
1277 908 1614 979 οἰκοδομοῦσι
1669 908 1841 972 πόλιν,

264 998 479 1069 μᾶλλον
520 996 579 1049 δὲ
624 996 969 1077 διατυποῦσιν
1002 996 1170 1068 αὐτὴν
1217 999 1311 1051 καὶ
1356 999 1842 1070 διαζωγράφουσιν,

260 1090 464 1158 ὥσπερ
487 1089 544 1141 ὲν
578 1087 801 1150 πίνακος
831 1091 1034 1158 γραφῇ,
1070 1090 1165 1142 καὶ
1194 1089 1608 1161 διαχαράττουσι
1632 1090 1729 1161 τὴν
1757 1090 1846 1142 θέ-

264 1200 355 1235 σιν
388 1183 485 1235 καὶ
512 1181 638 1244 τοὺς
666 1183 861 1245 τόπους
883 1181 983 1251 τῆς
1010 1180 1150 1234 κατὰ
1173 1181 1306 1234 Θεοῦ
1336 1183 1608 1245 πολιτείας
1644 1184 1701 1234 ὲν
1727 1184 1846 1245 ταῖς

263 1275 379 1329 τῶν
415 1272 720 1345 ἀνθρώπων
746 1274 943 1343 ψυχαῖς
977 1272 1335 1345 συνεστώσης.
1370 1275 1434 1326 Ὃ
1473 1275 1535 1345 δὴ
1568 1274 1659 1327 καλ¹
1687 1274 1847 1336 αὐτὸς

263 1367 369 1434 τῆς
422 1364 621 1418 ἑαυτοῦ
664 1365 869 1427 πόλεως
911 1365 1220 1435 οἰκοδόμος,
1258 1365 1457 1435 δηλαδὴ
1506 1367 1534 1418 ὁ
1573 1366 1666 1419 τοῦ
1708 1364 1845 1418 Θεοῦ

264 1458 467 1525 Λόγος,
509 1457 772 1520 ἐδίδασκε,
804 1456 996 1525 λέγων,
1033 1476 1051 1508 ι
1106 1458 1229 1510 Ἐπὶ
1257 1458 1355 1527 τὴν
1395 1458 1599 1529 πέτραν
1642 1458 1847 1511 οἰκοδο-

266 1550 434 1620 μήσω
471 1566 573 1620 μου
606 1549 704 1619 τὴν
744 1549 1089 1619 Ἐκκλησίαν,
1123 1550 1215 1604 καὶ
1248 1550 1411 1603 πύλαι
1446 1550 1571 1621 ᾅδου
1601 1550 1662 1603 οὐ
1711 1567 1847 1602 κατ-

265 1639 591 1712 ισχύσουσιν
618 1640 802 1709 αὐτῆς.
819 1659 837 1691 ι

342 1749 365 1783 ε
409 1733 523 1784 Καὶ
550 1731 686 1801 ταχὺ
713 1731 1112 1803 οἰκοδομηθήσῃ
1153 1733 1241 1802 ὑφ’
1274 1728 1350 1786 ὧν
1392 1733 1723 1806 καθῃρέθης,
1754 1732 1849 1787 καὶ

264 1822 315 1875 οἱ
362 1820 757 1892 ὲρημώσαντές
802 1837 862 1873 σε
906 1822 1276 1888 ἐξελεύσονται
1325 1825 1388 1877 ὲκ
1423 1824 1538 1878 σοῦ.
1584 1844 1602 1877 ι
1640 1826 1848 1897 ’Ὠσπερ

260 1912 379 1983 γὰρ
452 1912 693 1965 Ἰουδαῖοι
750 1912 848 1982 τῆς
904 1913 1272 1985 καθαιρέσεως
1330 1914 1497 1984 αὐτῆς
1560 1914 1846 1982 γεγόνασιν

262 2003 461 2064 αἴτιοι,
494 2000 635 2054 οὕτω
661 2002 822 2055 πάλιν
848 2002 906 2069 ἐξ
937 2003 1105 2073 αὐτῆς
1134 1999 1271 2073 ἦσαν
1300 2004 1347 2055 oi
1376 2002 1476 2071 τῆς
1502 2002 1626 2064 νέας
1648 2002 1848 2054 οἰκοδο-

266 2093 379 2164 μῆς
403 2094 657 2164 ἐργάταιο
684 2094 967 2147 ἀπόστολοι
988 2095 1226 2166 δηλονότι
1261 2094 1353 2147 τοῦ
1389 2096 1639 2166 Σωτῆρος
1669 2096 1700 2165 ἡ
1711 2094 1844 2164 μῶν,

267 2184 518 2255 μαθηταί
563 2201 623 2237 τε
662 2184 757 2237 καὶ
800 2184 1198 2253 εὐαγγελισταὶ,
1236 2183 1301 2237 δι’
1348 2176 1421 2237 ὧν
1466 2186 1499 2255 ἡ
1557 2183 1849 2254 Ἐκκλησία

260 2276 361 2330 τοῦ
389 2275 532 2329 Θεοῦ
556 2277 939 2348 ἀνεγήγερται.

340 2387 360 2420 ι
410 2363 584 2437 τΑρον
618 2367 801 2439 κύκλῳ
834 2368 957 2431 τοὺς
985 2368 1297 2441 ὀφθαλμούς
1328 2386 1445 2436 σου,
1470 2372 1563 2424 καὶ
1598 2370 1673 2424 ῐδε
1715 2372 1849 2425 πάν-

263 2476 361 2522 τας
383 2476 398 2489 ο
441 2459 550 2511 ίδοὺ
581 2459 926 2530 συνήχθησαν
951 2462 1045 2513 καὶ
1076 2460 1306 2531 ἤλθοσαν
1334 2462 1467 2531 πρὸς
1494 2461 1571 2514 σέ.
1602 2461 1687 2515 Ζῶ
1716 2462 1847 2531 ἐγὼ,

263 2553 419 2620 λέγει
457 2553 681 2624 Κύριος,
718 2555 799 2607 ὅτι
832 2554 1040 2618 πάντας
1075 2556 1269 2619 αὐτοὺς
1296 2556 1370 2618 ὡς
1399 2556 1600 2626 κόσμον
1634 2557 1846 2627 ἐνδύσῃ,

264 2647 361 2698 καὶ
419 2645 738 2716 περιθήσεις
794 2646 988 2709 αὐτοὺς
1031 2647 1105 2710 ὼς
1146 2648 1348 2716 κόσμον
1398 2648 1615 2719 νύμφῃι
1668 2650 1745 2701 ’ότι
1784 2648 1851 2701 τὰ

264 2732 458 2804 ἔρημά
494 2750 620 2798 σου,
658 2735 751 2787 καὶ
783 2735 852 2788 τὰ
899 2736 1322 2808 κατεφθαρμένα
1362 2739 1454 2791 καὶ
1503 2740 1847 2804 πεπτωκότα,

261 2826 346 2880 ὃτι
390 2826 495 2881 νῦν
542 2832 932 2900 στενοχωρήσει
976 2830 1082 2882 ἀπὸ
1129 2830 1236 2883 τῶν
1290 2830 1706 2895 κατοικούντων,
1759 2834 1853 2885 καὶ

268 2919 753 2990 μακρυνθήσονται
812 2922 919 2975 ἀπὸ
985 2922 1078 2975 σοῦ
1135 2923 1185 2976 οί
1247 2923 1633 2987 καταπίνοντες
1690 2942 1769 2977 σε.
1827 2944 1845 2976 ι

264 3010 566 3082 Θαυμάσαι
606 3012 662 3065 δὲ
689 3013 853 3076 ἔστιν,
876 3015 1023 3077 ὅπως
1069 3014 1204 3085 πρὸς
1240 3018 1306 3085 τῇ
1332 3014 1541 3086 διανοίᾳ
1581 3016 1671 3068 καὶ
1716 3016 1853 3069 κατὰ

265 3102 363 3173 τὴν
402 3104 643 3176 ἱστορίαν
666 3106 693 3156 ὁ
724 3106 880 3173 λόγος
911 3098 1209 3178 ἐπληροῦτο
1238 3105 1329 3158 τοῦ
1355 3108 1555 3171 παντὸς
1587 3108 1851 3161 Ἰουδαίων

267 3194 482 3259 ἔθνους,
512 3196 650 3266 μετὰ
672 3198 771 3269 τὴν
806 3198 1058 3251 σύστασιν
1090 3199 1187 3268 τῆς
1219 3198 1277 3262 ἐξ
1315 3198 1483 3253 ἐθνῶν
1527 3199 1851 3269 Ἐκκλησίας
1877 3234 1918 3291 c

266 3288 615 3357 ἀποὸλήτους
662 3290 982 3359 γενομένους
1028 3290 1129 3360 τῆς
1178 3290 1440 3360 αἰσθητῆς
1492 3291 1699 3354 πόλεως
1752 3294 1849 3363 τῆς

266 3378 413 3432 κατὰ
454 3379 821 3451 Παλαιστίνην
849 3381 1125 3451 κειμένης,
1163 3381 1299 3451 πρὸς
1337 3381 1398 3433 τὸ
1429 3383 1521 3435 καὶ
1548 3382 1640 3435 τοῦ
1668 3382 1849 3435 θεοσε-

268 3467 402 3532 ϐοῦς
430 3469 821 3541 πολιτεύματος
847 3473 1113 3525 ἐκπεσεῖν.

346 3579 364 3611 ι
410 3558 627 3630 Ἐροῦσι
657 3561 766 3631 γὰρ
790 3563 870 3624 είς
894 3560 964 3613 τὰ
989 3556 1102 3615 ὦτά
1131 3580 1223 3614 σου
1252 3565 1299 3615 οἱ
1326 3562 1432 3616 υίοί
1460 3581 1571 3627 σου,
1598 3563 1690 3626 οὒς
1716 3566 1851 3618 ἀπο-

267 3651 551 3715 λώλεκας’
602 3654 795 3718 Στενός
846 3672 933 3723 μοι
979 3657 1007 3707 ὁ
1046 3654 1241 3717 τόπος·
1280 3656 1502 3725 ποίησόν
1547 3673 1635 3727 μοι
1666 3656 1848 3721 τόπον,

269 3743 361 3797 (va.
401 3730 734 3814 κατοικήσω.
786 3746 893 3797 Καὶ
943 3746 1088 3817 ἐρεῖς
1127 3748 1184 3797 ἐν
1233 3750 1297 3816 τῇ
1351 3747 1543 3819 καρδίᾳ
1590 3763 1703 3800 σου·
1758 3748 1852 3811 Τίς

268 3834 535 3906 ιγέννησέ
578 3852 667 3905 μοι
706 3835 961 3901 τούτους-ς
1014 3836 1154 3906 Ἐγὼ
1185 3838 1242 3890 δὲ
1284 3839 1504 3903 ἄτεκνος
1552 3839 1642 3891 καὶ
1683 3842 1848 3910 χήρα·

267 3927 499 3989 τούτους
547 3927 605 3980 δὲ
652 3927 734 3990 τίς
768 3928 1023 3999 ἐξέθρεψέ
1076 3947 1192 3999 μοι;
1244 3928 1355 3997 ἐγὼ
1390 3930 1447 3982 δὲ
1492 3930 1851 4002 κατελείφθην

273 4018 437 4087 μόνη,
469 4011 611 4070 οῦτοι
648 4017 705 4070 δέ
749 4035 837 4088 μοι
883 4018 985 4071 ποῦ
1018 4014 1192 4090 ἦσαν;
1226 4038 1243 4069 ³
1288 4020 1393 4073 Τοῦ
1439 4022 1502 4073 ἐκ
1549 4022 1853 4093 περιτομῆς

269 4107 404 4161 λαοῦ
449 4110 507 4161 τὺ
536 4108 667 4161 πολὺ
702 4109 901 4179 πλῆθος
930 4111 1027 4181 τῆς
1083 4110 1407 4181 Ἑκκλησίας
1447 4111 1568 4165 καθ’
1601 4113 1727 4183 ὅλης
1751 4112 1851 4182 τῆς

273 4201 601 4271 οἰκουμένης
663 4200 723 4265 ἐξ
791 4202 1043 4255 ἁπάντων
1115 4204 1596 4275 ἀντεισαχθήσεται
1660 4203 1845 4257 ὲθνῶν.

270 4287 457 4345 1Ἦσαν
487 4293 597 4362 γάρ
632 4310 758 4345 ποτε
792 4295 847 4346 ὲν
876 4294 1118 4365 ἀπωλείᾳ
1142 4296 1190 4347 οἱ
1224 4296 1312 4349 διὰ
1344 4296 1441 4366 τῆς
1466 4296 1733 4366 σωτηρίου
1762 4297 1853 4366 χά-

274 4403 423 4457 ριτος
475 4388 541 4455 τῇ
600 4386 843 4457 πολιτείᾳ
890 4387 985 4439 τοῦ
1046 4387 1181 4439 Θεοῦ
1232 4388 1699 4459 προσδραμόντες·
1757 4388 1851 4451 οὓς

270 4479 512 4552 ὁρῶσαή
570 4477 861 4548 Ἐκκλησία
899 4477 991 4531 τοῦ
1026 4478 1160 4531 Θεοῦ
1188 4479 1563 4550 ἁποθαυμάσει
1596 4481 1846 4548 λέγουσα,

1941 635 2023 688 δίο
2059 649 2174 685 eam
2210 632 2569 699 alloquentem
2615 649 2627 684 :

2015 720 2176 773 Vens.
2214 718 2299 772 16.
2332 737 2351 769 ι
2384 718 2520 771 Ecce
2558 733 2717 785 super
2742 734 2931 771 manus
2964 733 3111 772 meas
3147 720 3361 789 depinxi
3394 736 3512 775 mu-

1945 830 2037 871 ros
2073 825 2209 877 tuos,
2259 823 2313 869 et
2364 813 2415 867 in
2471 823 2759 882 conspectu
2810 828 2927 867 meo
2961 828 3019 867 es
3050 829 3282 883 semper.
3315 833 3334 866 ι
3374 812 3508 868 Nam

1945 923 2136 961 manus
2171 906 2261 959 Dei
2291 920 2475 960 revera
2507 903 2809 972 huiusmodi
2845 906 3029 958 urbem
3068 906 3352 980 aadilicant,
3402 906 3511 958 imo

1943 999 2122 1069 potius
2176 997 2345 1066 ipsam
2402 995 2672 1050 delineant
2730 1005 2784 1049 et
2848 996 3180 1065 depingunt,
3236 998 3386 1066 quasi
3455 998 3508 1050 in

1947 1089 2140 1143 tabella
2179 1104 2297 1158 quae
2329 1087 2657 1157 depingitur,
2711 1102 2773 1140 ac.
2804 1086 2970 1140 divini
3008 1087 3235 1141 instituti
3286 1089 3337 1141 in
3395 1089 3511 1141 aui-

1924 1182 2138 1235 'mabus
2165 1180 2444 1233 hominum
2475 1179 2696 1233 stabiliti
2742 1178 3062 1248 positionem
3097 1188 3151 1232 et
3177 1178 3313 1241 loca,
3344 1178 3513 1232 linen-

1949 1272 2147 1327 mentis
2174 1272 2476 1341 designant.
2511 1272 2669 1337 Quod
2701 1271 2864 1324 etiam
2903 1272 3013 1339 ipse
3037 1286 3253 1339 quoque
3279 1272 3512 1325 civitatis

1948 1364 2201 1418 fundator
2237 1374 2291 1417 et
2317 1363 2521 1432 opifex,
2576 1362 2824 1416 videlicet
2876 1362 2968 1416 Dei
3025 1362 3283 1426 Verbum,
3334 1361 3515 1416 docuit

1948 1457 2034 1512 his
2088 1456 2299 1521 verbis,
2339 1456 2560 1527 «Supra
2614 1464 2821 1525 petram
2876 1454 3153 1508 aedificabo
3216 1452 3512 1507 Ecclesiant

1948 1564 2160 1612 meam,
2197 1558 2249 1604 et
2281 1558 2449 1618 porta:
2480 1548 2634 1602 inferi
2692 1562 2798 1601 non
2838 1547 3207 1618 praevalebunt
3257 1548 3517 1602 adversus

1948 1655 2066 1694 eam
2094 1641 2159 1693 ".
2188 1659 2206 1691 ι

2025 1732 2186 1785 Vens.
2247 1731 2334 1786 ΓΙ.
2384 1730 2654 1800 (ϐἰιοίιυε
2696 1730 3069 1795 mdiﬁcaheris,
3106 1746 3134 1784 a
3181 1730 3375 1800 quibus
3424 1731 3519 1784 de-

1950 1833 2150 1879 structa
2173 1841 2249 1891 es,
2269 1835 2321 1879 et
2341 1825 2428 1894 qui
2451 1835 2500 1879 te
2527 1823 2925 1885 desolavernnt,
2952 1823 3295 1893 egredientur
3311 1839 3372 1877 ex
3408 1832 3513 1878 te.»

1881 1889 1921 1943 Β
1953 1889 2411 1984 Quemadmodum
2457 1919 2598 1971 enim
2639 1915 2805 1969 Judaei
2852 1889 3009 1983 huius
3045 1914 3239 1969 escidii
3268 1923 3517 1969 auctores

1952 2008 2101 2063 fuere
2126 2050 2141 2074 ,
2171 2009 2248 2064 sic
2286 2025 2501 2063 rursum
2540 2024 2603 2062 ex
2658 2007 2743 2060 illa
2796 2008 3111 2076 prodierunt
3148 2008 3269 2061 novi
3302 2006 3518 2061 aediﬁcii

1950 2102 2188 2155 artiﬁces
2218 2120 2230 2155 :
2270 2102 2494 2171 apostoli
2521 2100 2767 2155 videlicet
2793 2093 3090 2154 Salvatoris
3121 2099 3287 2153 nostri
3310 2138 3325 2161 ,
3355 2099 3519 2153 disci-

1951 2194 2058 2262 puli
2113 2202 2167 2247 et
2221 2192 2587 2264 evangelistze,
2624 2208 2855 2262 quorum
2910 2205 3072 2260 opera
3128 2189 3367 2245 Ecclesia
3419 2188 3515 2242 Dei

1950 2287 2181 2342 excitata
2212 2286 2331 2339 fuit.

2021 2379 2182 2433 Vens.
2232 2377 2319 2441 18,
2375 2376 2460 2432 l9.
2498 2396 2514 2428 ι
2545 2376 2687 2431 Leva
2725 2376 2775 2430 in
2800 2375 3029 2430 circuitu
3068 2374 3254 2429 oculos
3285 2381 3421 2437 tuos,
3462 2382 3520 2427 et

1948 2468 2070 2522 vide
2100 2483 2289 2521 omnes
2317 2486 2329 2521 :
2359 2483 2484 2521 eet-e
2534 2467 2843 2535 congregati
2870 2474 3028 2529 sunt,
3059 2473 3113 2518 et
3151 2473 3415 2518 venerunt
3451 2464 3520 2515 ad

1952 2572 2021 2615 te.
2061 2558 2194 2614 Vivo
2217 2574 2334 2629 ego,
2362 2560 2490 2613 dicit
2515 2558 2790 2623 Dominus,
2823 2557 3070 2626 quoniam
3102 2557 3355 2609 omnibus
3391 2555 3515 2616 illis,

1953 2661 2223 2720 tamquam
2251 2658 2588 2715 ornamento,
2621 2648 2880 2713 indueris,
2914 2659 2969 2701 et
2994 2648 3369 2714 cit'cutnpones
3401 2645 3521 2698 illos

1952 2753 2222 2810 tanquam
2257 2750 2506 2794 ornatum
2558 2754 2768 2806 Sponsa!
2800 2756 2813 2791 :
2849 2738 3103 2806 quoniam
3154 2736 3367 2789 deserta
3426 2745 3517 2789 tua

1949 2840 2005 2884 et
2030 2829 2288 2899 dissipata
2322 2841 2430 2893 tua,
2466 2838 2519 2882 et
2542 2844 2657 2896 qua:
2680 2829 3011 2891 ceciderunt,
3038 2842 3178 2879 nunc
3205 2826 3517 2895 angustiora

1951 2921 2080 2974 ﬁent
2114 2936 2221 2990 pne
2256 2919 2674 2982 habitatoribus,
2731 2928 2785 2972 et
2832 2917 2987 2985 longe
3039 2917 3364 2970 arcebuntur
3396 2932 3425 2968 a
3464 2926 3517 2969 te

1950 3013 2039 3081 qui
2067 3013 2355 3066 absorbent
2389 3020 2461 3063 te.
2489 3029 2507 3062 ι
2544 3009 2725 3063 Mirari
2745 3010 2887 3063 subit
2923 3023 3028 3077 quo
3054 3018 3209 3077 pacto
3234 3008 3375 3071 hzec,
3403 3016 3512 3060 lunt

1951 3106 2124 3175 quoad
2158 3103 2490 3174 spiritualem
2527 3102 2857 3171 intelligendi
2892 3102 3173 3163 rationem,
3205 3110 3312 3152 tum
3343 3105 3517 3168 quoad

1952 3194 2257 3257 historiam,
2291 3192 2556 3260 completa
2590 3191 2727 3256 sint;
2767 3204 2952 3258 nempe
2977 3205 3097 3241 cum
3118 3204 3247 3258 gens
3275 3187 3517 3250 Judaica,

1954 3296 2075 3357 post
2104 3286 2379 3339 fundatam
2413 3283 2708 3338 Ecclesiam
2748 3297 2813 3335 ex
2846 3279 3119 3350 gentibus,
3160 3294 3189 3332 a
3219 3279 3404 3334 sensili
3432 3281 3518 3331 illa

1953 3379 2087 3433 urbe
2116 3378 2416 3432 Palzestinre
2447 3374 2668 3445 expulsa
2713 3383 2831 3439 est,
2872 3372 3015 3443 quod
3047 3386 3075 3424 a
3113 3372 3213 3441 pia:
3247 3371 3521 3439 religionis

1953 3473 2097 3528 cultu
2129 3472 2341 3539 delapsa
2384 3480 2547 3523 esset.

2024 3566 2186 3617 Vens.
2229 3562 2318 3627 20,
2366 3562 2456 3615 2|.
2515 3580 2533 3612 ι
2562 3560 2748 3613 Dicent
2779 3558 2920 3612 enim
2972 3558 3037 3611 ad
3087 3570 3247 3610 aures
3276 3565 3392 3609 tuas
3428 3555 3523 3609 ﬁlii

1955 3656 2054 3717 tui,
2094 3671 2228 3724 quos
2259 3652 2537 3722 perdidisti
2575 3670 2588 3706 :
2622 3653 2895 3721 Angustus
2936 3651 3064 3704 milti
3098 3651 3247 3703 locus
3276 3659 3357 3702 est
3390 3664 3404 3700 :
3439 3649 3521 3701 fac

1953 3748 2082 3801 mihi
2114 3747 2312 3810 locum,
2347 3755 2404 3797 ut
2435 3745 2691 3799 habitem.
2714 3744 2780 3797 Et
2803 3744 2950 3798 dices
2977 3743 3028 3796 in
3058 3743 3217 3797 corde
3248 3750 3368 3795 tuo:
3395 3740 3526 3807 Quis

1954 3840 2135 3908 genuit
2182 3838 2311 3892 mihi
2344 3838 2519 3891 istos?
2562 3846 2616 3889 at
2664 3852 2762 3906 ego
2800 3837 3001 3904 absque
3031 3835 3216 3889 liberis
3246 3844 3299 3888 et
3328 3834 3520 3886 vidua:

1955 3932 2051 3985 hos
2080 3941 2257 3984 autem
2297 3930 2419 3998 quis
2466 3929 2727 3983 enutrivit
2762 3928 2889 3981 mihi
2914 3928 2947 3994 ῖς
2979 3928 3090 3996 Ego
3140 3936 3319 3979 autem
3363 3926 3523 3978 dere-

1953 4020 2078 4076 licta
2134 4037 2250 4075 sum
2285 4020 2396 4075 sola
2434 4039 2447 4074 :
2483 4021 2535 4073 bi
2570 4035 2701 4073 vero
2752 4019 2840 4072 ubi
2894 4027 3050 4071 erant
3110 4017 3284 4070 mihi?
3315 4035 3333 4067 ι
3393 4016 3525 4073 Vice

1955 4116 2131 4185 populi
2164 4130 2227 4168 ex
2268 4112 2717 4173 circumcisione,
2757 4111 3047 4164 multitudo
3101 4125 3293 4177 magna
3354 4119 3523 4161 totum

1952 4223 2047 4277 per
2076 4206 2259 4259 orbem
2295 4206 2345 4259 in
2380 4205 2671 4259 Ecclesiam
2701 4218 2763 4256 ex
2797 4203 3051 4256 omnibus
3092 4202 3341 4271 gentibus
3368 4201 3527 4255 indu-

1954 4309 2129 4354 cetur.
2162 4297 2300 4353 Olim
2345 4297 2544 4366 quippe
2599 4297 2649 4349 in
2701 4294 2941 4365 pernicie
2994 4303 3153 4347 erant
3186 4294 3244 4354 ii,
3280 4293 3371 4363 qui
3431 4308 3528 4361 per

1954 4392 2242 4446 salutarem
2284 4390 2513 4459 gratiam
2548 4387 2614 4439 ad
2650 4387 2846 4440 divinze
2896 4384 3173 4453 religionis
3219 4384 3520 4437 institutum

1952 4485 2307 4531 accurrerunt
2336 4496 2349 4531 :
2379 4475 2574 4546 quibus
2604 4475 2912 4543 conspectis
2960 4474 3198 4530 Ecclesia
3233 4474 3324 4527 Dei
3353 4474 3523 4527 admi-

276 4589 292 4618 ι
329 4570 430 4631 Τίς
452 4569 708 4639 ἐγέννησε
735 4586 822 4638 μοι
848 4567 1100 4633 τούτους;
1130 4589 1148 4622 ι
1176 4571 1236 4623 τὸ
1260 4570 1406 4634 ξένον
1428 4573 1526 4641 τῆς
1550 4572 1657 4624 τῶν
1681 4571 1847 4624 ἐθνῶν

1957 4569 2195 4623 rabunda
2236 4568 2398 4631 dicet,
2436 4587 2453 4618 ι
2478 4568 2611 4634 Quis
2642 4567 2771 4621 mihi
2815 4567 2975 4620 hosce
2998 4565 3224 4634 genuit?
3254 4584 3271 4613 ι
3309 4565 3376 4617 ad
3428 4582 3524 4617 no-

269 4654 521 4727 κλήσεως
550 4656 990 4727 ὲκπληττομένη·
1025 4659 1347 4730 ὁμολογήσει
1384 4677 1443 4712 τε
1482 4660 1580 4732 τὴν
1617 4662 1849 4732 ἐπισυμ-

270 4746 447 4803 ϐᾶσαν
485 4748 622 4818 αὐτῇ
655 4750 719 4801 ἐκ
750 4748 843 4801 τοῦ
889 4748 1155 4805 Ἰουδαίων
1185 4750 1369 4814 ἔθνους
1395 4752 1667 4806 ἀτεκνίαν.

348 4944 367 4977 ι
408 4925 596 4992 Οῦτως
632 4927 779 4996 λέγει
818 4927 1020 4999 Κύριος
1060 4930 1263 5003 Κύριος
1286 4948 1298 4959 ·
1348 4931 1476 4984 Ἰδοὺ
1504 4932 1644 5002 αἴρω
1672 4933 1752 4995 είς
1777 4932 1847 4987 τὰ

271 5017 399 5092 ἔθνη
434 5021 534 5091 τὴν
567 5020 725 5091 χεῖρά
758 5038 879 5091 μου,
921 5022 1013 5075 καὶ
1062 5025 1142 5086 είς
1187 5022 1285 5095 τᾲς
1326 5024 1523 5094 νήσους
1556 5023 1673 5095 ἀρῶ
1716 5024 1845 5077 σύσ-

275 5115 449 5185 σημόν
486 5131 609 5183 μου,
640 5116 732 5166 καὶ
770 5113 956 5191 ἄξουσι
979 5117 1106 5178 τοὺς
1129 5093 1278 5179 υἱούς
1308 5093 1400 5169 σου
1428 5117 1485 5169 ὲν
1514 5093 1720 5187 κόλπῳ,
1749 5117 1850 5181 τὰς

272 5206 328 5259 δὲ
364 5206 671 5276 θυγατέρας
721 5222 813 5257 σου
870 5206 956 5258 ἐπ’
997 5206 1163 5277 ὤμων
1210 5208 1431 5277 ἀροῦσν
1490 5228 1507 5260 ι
1560 5208 1845 5275 διδάσκων,

273 5300 354 5352 ὃτι
397 5299 547 5360 υἱοὺς
580 5298 750 5369 αὐτῆς
775 5298 867 5350 καὶ
911 5298 1232 5370 θυγατέρας,
1273 5302 1401 5371 περὶ
1441 5295 1515 5355 ὧν
1554 5297 1725 5367 εἶπεν,
1766 5303 1848 5355 ὅτι

278 5412 299 5445 ι
350 5387 513 5448 Οὗτοι
540 5393 598 5445 δέ
646 5409 732 5462 μοι
784 5392 886 5445 ποῦ
934 5388 1109 5463 ἦσαν;
1158 5412 1175 5445 ι
1226 5394 1290 5445 ὲκ
1338 5392 1439 5462 τῆς
1476 5393 1706 5464 ἐκλογῆς
1741 5392 1848 5447 τῶν

272 5485 445 5553 ἐθνῶν
473 5486 609 5557 πρὸς
632 5485 797 5557 αὐτὴν
823 5486 1057 5551 συνάξει.
1090 5485 1245 5547 Τίνες
1280 5484 1335 5537 δὲ
1360 5483 1517 5537 τοῦτο
1548 5484 1845 5557 πράξωσιν,

273 5577 309 5649 ἦ
350 5580 569 5641 πάντως
604 5595 705 5630 που
732 5580 780 5631 οἱ
805 5578 931 5641 τοὺς
968 5576 1353 5648 είσαγομένους
1386 5578 1465 5640 είς
1489 5578 1588 5647 τὴν
1625 5577 1851 5647 Ἐκκλη-

277 5670 395 5724 σίαν
416 5669 511 5723 τοῦ
547 5670 680 5723 Θεοῦ
717 5669 1178 5742 χειραγωγοῦντες
1212 5668 1300 5724 διὰ
1321 5668 1418 5748 τὴν
1435 5669 1646 5741 φρενῶν
1668 5668 1853 5740 νηπιό-

275 5778 414 5832 τητα
432 5777 449 5827 ;

347 5858 398 5889 "
430 5856 617 5911 Matth.
650 5872 762 5926 ινι,
793 5859 881 5917 l8.

1954 4678 2073 4715 vam
2098 4671 2149 4715 et
2179 4661 2495 4714 insolentem
2531 4660 2768 4731 gentium
2794 4661 3131 4713 vocationem
3162 4659 3388 4711 attonita
3419 4675 3432 4710 τ
3463 4677 3525 4709 ac

1953 4753 2295 4807 sterilitatem
2334 4752 2435 4807 sibi
2489 4768 2518 4805 a
2572 4750 2797 4805 Judaica
2850 4759 3011 4819 gente
3061 4750 3341 4804 inductam
3394 4747 3530 4802 fate-

1953 4846 2119 4901 bitur.

2028 4939 2191 4991 Vens.
2238 4937 2327 4992 22.
2381 4956 2400 4990 ι
2449 4936 2541 4992 Sic
2577 4937 2708 4992 dicit
2747 4935 3007 4991 Dominus
3062 4934 3319 4988 Dominus
3346 4950 3361 4987 :
3387 4931 3529 4985 Ecce

1955 5030 2106 5084 elevo
2140 5046 2301 5099 super
2349 5040 2534 5100 gentes
2576 5046 2791 5083 manum
2846 5043 3058 5091 meam,
3118 5037 3172 5080 et
3218 5026 3283 5078 ad
3327 5024 3531 5076 insulas

1958 5122 2149 5176 levabo
2197 5122 2407 5192 signum
2444 5136 2617 5174 meum
2652 5138 2664 5173 :
2698 5128 2752 5171 et
2794 5120 3064 5171 adducent
3108 5116 3245 5168 ﬁlios
3296 5120 3417 5166 tuos
3474 5114 3529 5165 in

1957 5215 2099 5278 sinu,
2129 5221 2181 5266 et
2209 5213 2346 5266 ﬁlias
2375 5222 2495 5265 tuas
2530 5210 2768 5264 humeris
2798 5207 3088 5276 portabunt
3124 5223 3136 5257 :
3170 5223 3188 5255 ι
3228 5204 3449 5266 docens,
3472 5217 3532 5256 se

1958 5306 2097 5360 ﬁlios
2121 5316 2174 5357 et
2204 5304 2340 5357 ﬁlias
2366 5302 2519 5371 ejus,
2571 5302 2636 5354 de
2674 5300 2873 5368 quibus
2909 5298 3064 5360 dixit,
3103 5313 3122 5347 ι
3150 5294 3212 5348 Hi
3274 5309 3402 5346 vero
3443 5294 3530 5345 ubi

1956 5407 2110 5452 erant
2138 5396 2359 5450 mihi?»
2422 5410 2487 5449 ex
2532 5393 2797 5447 electione
2841 5389 3077 5458 gentium
3132 5386 3199 5440 ad
3237 5385 3530 5440 Ecclesium

1959 5490 2317 5545 deducturum
2353 5501 2496 5542 esse.
2527 5485 2757 5551 Quinam
2790 5498 2918 5537 vero
2954 5481 3007 5535 id
3035 5480 3209 5534 acturi
3246 5489 3393 5543 sunt,
3429 5479 3535 5531 nisi

1959 5582 2049 5651 qui
2077 5582 2214 5637 alios
2242 5582 2307 5635 ad
2344 5578 2639 5635 Ecclesiam
2667 5577 2758 5630 Dei
2790 5576 3111 5629 accedentes
3142 5588 3300 5627 manu
3332 5572 3534 5625 ducunt

1961 5675 2030 5731 ob
2057 5688 2243 5730 eorum
2274 5671 2470 5729 mentis
2503 5668 2924 5727 imbecillitatem
2957 5675 3012 5723 et
3057 5663 3389 5722 infantiam!
