3968 6512
455 389 562 447 439

454 611 538 651 nze
572 611 756 650 eorum
787 636 800 661 ,
836 596 1075 651 nutrices
1102 606 1223 651 tum.
1258 616 1276 648 ι
1307 598 1456 662 Quod
1488 598 1552 651 ad
1575 598 1806 653 litteram
1839 601 2025 671 imple-

453 698 565 742 tutn
594 688 723 758 ipsis
749 689 919 743 oculis
959 690 1263 755 cernimus,
1297 692 1422 742 dum
1471 690 1527 753 ii,
1572 691 1661 760 qui
1714 708 2022 760 supremum

452 780 736 847 imperium
801 781 1088 845 obtinent,
1159 779 1455 835 Ecclesiam
1518 780 1609 836 Dei
1676 783 2021 837 nutritiorum

449 873 626 926 instar
674 880 888 941 gestant
936 881 989 926 et
1046 871 1271 926 fovent:
1309 886 1374 925 ac
1423 870 1623 938 regina:
1669 871 1930 940 gentium,
1969 872 2023 926 id

447 972 553 1029 est,
606 963 942 1033 singularum
988 963 1229 1034 gentium
1262 971 1316 1016 et
1342 962 1750 1033 provinciarum
1777 962 2019 1032 prtefecti

446 1063 504 1109 ct
553 1055 924 1125 magistratus,
973 1068 1211 1122 superno
1255 1069 1421 1124 regno
1459 1054 1859 1119 ministrantes,
1897 1063 2020 1109 tan-

448 1161 611 1217 quam
668 1146 926 1211 nutrices,
977 1145 1309 1216 pauperibus
1360 1144 1619 1201 Ecclesiae
1672 1145 2020 1214 imperatorio

445 1248 581 1293 nutu
639 1252 913 1292 annonam
975 1236 1371 1307 suppeditant:
1402 1252 1571 1305 quare
1616 1238 1857 1291 nutrices
1902 1237 2018 1305 ejus

448 1338 731 1394 vocantur,
761 1329 877 1383 sive
915 1328 1211 1383 secundum
1246 1327 1650 1399 Symmachum,
1709 1347 1728 1379 ι
1755 1329 1836 1383 lac
1878 1344 2019 1398 prae-

443 1422 635 1478 bentes
664 1437 680 1488 ;
713 1441 731 1474 ι
765 1421 843 1476 sic
884 1421 1027 1475 enim
1071 1420 1258 1487 habet,
1295 1439 1313 1473 ι
1347 1421 1412 1474 Et
1448 1424 1646 1491 reginae
1694 1436 1878 1475 eorum
1936 1422 2017 1477 lac

442 1514 828 1584 praihebunta
901 1513 1031 1580 Quis
1101 1522 1278 1567 autem
1335 1524 1660 1567 memoratos
1737 1514 2017 1582 prrefectos

443 1622 675 1664 cernens
708 1609 761 1662 in
803 1608 1043 1662 Ecclesia
1082 1607 1174 1661 Dei
1208 1622 1344 1677 genu
1381 1606 1630 1672 ﬂectere,
1679 1622 1743 1661 ac
1780 1608 1831 1660 in
1864 1605 2013 1660 fron-

443 1713 548 1754 tem
585 1700 734 1755 humi
769 1699 1123 1769 procumbere
1149 1738 1165 1762 ,
1211 1714 1317 1752 non
1348 1699 1581 1753 fateatur
1614 1698 1751 1752 hanc
1782 1698 2013 1767 prophe-

440 1794 570 1845 tiam
600 1792 665 1846 ad
705 1790 942 1845 litteram
982 1791 1304 1859 completam
1335 1805 1473 1853 esse,
1501 1805 1619 1859 qua:
1657 1790 1859 1843 diserte
1887 1790 1961 1841 ait
1996 1809 2011 1845 ι

1124 385 1394 442 EUSEBII
1431 386 1917 444 CIESARIENSlS
1948 386 2100 446 OPP.
2142 391 2323 446 PARS
2360 391 2448 448 ll].
2493 421 2562 437 —-
2604 390 3012 449 EXEGETICA.

529 504 692 557 Vens.
741 502 829 557 23.
880 520 897 551 ι
930 502 993 556 Et
1024 513 1183 557 erunt
1229 520 1383 574 reges
1414 506 1621 558 nutritii
1659 506 1766 569 tui,
1798 518 1853 561 et
1884 508 2024 578 regi-
2054 516 2098 572 Α

3592 398 3705 454 ιιι)

2202 527 2221 560 ι
2267 510 2376 565 Καὶ
2417 511 2627 565 ἔσονται
2670 510 2901 581 βασιλεῖς
2936 510 3140 583 τιθηνοί
3177 529 3289 576 σου,
3321 513 3379 567 αἱ
3415 514 3471 567 δὲ
3503 514 3706 584 ἄρχου-

2132 618 2219 653 σαι
2254 602 2450 668 αὐτῶν,
2474 600 2661 673 τροφοί
2687 620 2796 655 σου.
2836 624 2853 654 ι
2900 604 3074 671 Ὅπερ
3102 604 3191 656 καὶ
3230 603 3361 658 αύτό
3391 606 3531 658 κατὰ
3555 607 3704 672 λέξιν

2130 694 2499 765 πληρούμενον
2525 697 2707 760 αὐτοῖς
2743 697 2921 767 ἴδομεν
2962 692 3276 767 ὀφθαλμοῖς,
3307 699 3414 751 τῶν
3446 700 3705 769 κρατούν-

2128 800 2234 836 των
2264 787 2360 855 τῆς
2393 786 2651 839 ἀνωτάτω
2687 787 2859 857 ἀρχῆς
2896 784 3125 856 τιθηνῶν
3167 786 3365 856 τρόπον
3404 786 3701 839 διαϐαστα-

2128 878 2324 942 ζόντων
2348 877 2446 948 τὴν
2472 878 2566 931 τοῦ
2586 877 2721 931 Θεοῦ
2756 878 3079 947 Ἐκκλησίαν
3099 894 3111 906 ·
3132 878 3188 931 αἰ
3209 877 3264 930 δὲ
3286 877 3489 930 τούτων
3510 878 3703 949 ἄρχουο

2128 986 2238 1034 σαι,
2269 970 2463 1042 δηλαδὴ
2490 973 2543 1024 αἱ
2574 969 2694 1024 καθ’
2724 970 2950 1025 ἕκαστον
2980 970 3151 1033 ἔθνος,
3184 970 3278 1024 καὶ
3316 969 3437 1024 καθ’
3460 970 3708 1041 ἑκάστην.

2125 1062 2392 1133 ἐπαρχίαν
2433 1061 2600 1133 ἀρχαὶ
2631 1063 2725 1115 καὶ
2758 1061 3015 1129 ἐξουσίαι,
3052 1064 3116 1132 τῇ
3158 1062 3415 1117 ἀνωτάτω
3450 1060 3705 1132 βασιλείᾳ

2123 1152 2531 1224 διακονούμεναι
2580 1154 2793 1224 τροφῶν
2831 1154 2984 1224 δίκην
3038 1153 3536 1225 ἐξυπηρετούμεναι
3584 1157 3703 1218 τοῖς

2124 1245 2325 1298 ἐνδεέσι
2348 1248 2448 1317 τῆς
2492 1246 2834 1317 Ἐκκλησίας,
2867 1245 3094 1316 νεύματι
3132 1245 3413 1318 βασιλικῷ,
3444 1246 3512 1300 τὰ
3544 1264 3701 1317 σιτηει

2128 1333 2277 1404 ρέσωι
2310 1333 2637 1405 χορηγοῦσαι
2657 1335 2863 1398 αὐτοῖς·
2886 1335 2965 1387 διδ
2986 1335 3156 1407 τροφὴ
3186 1335 3261 1406 (1)
3298 1337 3467 1407 αὐτῆς
3482 1336 3711 1408 ὠνομάι

2093 1422 2363 1494 ,σθησαν,
2396 1424 2429 1494 ἢ
2462 1424 2603 1478 κατὰ
2632 1424 2723 1477 τὸν
2769 1423 3081 1494 Σύμμαχον,
3136 1443 3154 1475 ι
3194 1422 3470 1494 γαλοῦχοι,
3519 1441 3539 1475 ι
3592 1425 3708 1495 φής

2126 1531 2313 1578 σαντα,
2351 1532 2370 1564 ι
2423 1516 2532 1568 Καὶ
2573 1515 2837 1585 ἄρχουσαι
2868 1512 3046 1567 αὐτῶν
3083 1512 3499 1585 γαλουχήσουσι.
3549 1532 3569 1566 ι
3600 1514 3701 1576 Τίς

2121 1606 2175 1659 δὲ
2200 1605 2495 1676 ὀφθαλμοῖς
2534 1606 2676 1678 ὀρῶν
2707 1604 2805 1669 τάς
2845 1604 3139 1677 εἰρημένας
3169 1602 3343 1675 ἀρχὰς
3367 1604 3423 1657 ἐν
3457 1606 3523 1675 τῇ
3569 1606 3705 1658 Ἑκει

2124 1698 2321 1769 κλησίᾳ.
2357 1698 2451 1751 τοῦ
2490 1697 2625 1751 Θεοῦ
2652 1698 2779 1766 γόνυ
2815 1696 3191 1767 καμπτούσας,
3220 1695 3313 1748 καὶ
3346 1695 3406 1749 τὸ
3448 1696 3707 1766 μέτωπον

2121 1787 2430 1859 ἐρειδούσας
2472 1788 2563 1841 ἐπὶ
2609 1787 2703 1840 τοῦ
2737 1787 2994 1857 ἐδάφους,
3025 1788 3121 1855 οὐχ
3165 1785 3513 1858 ὁμολογήσειε
3557 1787 3709 1857 πρὸς

444 1902 461 1931 ι
492 1882 667 1950 Super
718 1880 910 1933 faciem
944 1888 1103 1935 terra:
1141 1880 1448 1934 adorabunt
1496 1893 1583 1945 te,
1626 1889 1679 1933 ct
1732 1879 2004 1949 pulverem

2123 1882 2251 1947 λέξιν
2285 1882 2378 1933 καὶ
2414 1881 2548 1952 πρὸς
2580 1881 2818 1951 ἱστορίαν
2858 1878 3010 1943 τέλος
3051 1878 3331 1947 εἰληφέναι
3360 1878 3561 1947 ταύτην
3596 1879 3709 1948 τὴν

435 1974 634 2043 pedum
668 1981 881 2028 tuorum
919 1973 1149 2043 lingent.
1194 1973 1258 2026 Et
1294 1974 1435 2028 scies
1466 1974 1590 2042 quia
1623 1987 1723 2042 ego
1764 1988 1880 2025 sum
1911 1972 2013 2026 Du-

436 2064 643 2131 miuus,
676 2073 859 2119 etnon
899 2064 1325 2128 confundentur,
1370 2066 1461 2135 qui
1504 2074 1823 2135 exspectant
1868 2067 1959 2120 te?
1989 2086 2008 2119 ι

434 2152 541 2207 Par
574 2165 657 2208 est
690 2154 833 2209 enim
864 2170 971 2207 non
998 2154 1052 2206 in
1082 2156 1367 2222 segnitiem
1404 2154 1617 2221 delabi,
1668 2170 1841 2223 neque
1867 2170 2014 2224 spem

432 2248 829 2315 promissorum
857 2247 1108 2300 amittere
1140 2257 1266 2301 ante
1294 2262 1471 2299 rerum
1503 2257 1776 2303 eventum.

2120 1974 2473 2045 προφητείαν,
2491 1973 2785 2042 διαρρήδην
2812 1974 3078 2043 φήσασαν,
3103 1990 3119 2022 ι
3145 1971 3265 2023 Ἐπὶ
3284 1971 3569 2041 πρόσωπον
3594 1972 3709 2039 τῆς

2119 2068 2221 2135 γῆς
2252 2065 2684 2136 προσκυνήσουσί
2718 2082 2819 2127 σοι,
2851 2064 2941 2116 καὶ
2968 2063 3059 2115 τὸν
3099 2062 3227 2133 χοῦν
3258 2062 3365 2115 τῶν
3396 2061 3569 2115 ποδῶν
3600 2078 3699 2114 σου

2120 2157 2375 2223 λείξουσι.
2406 2159 2515 2210 Καὶ
2536 2155 2741 2228 γνώσῃ,
2768 2158 2848 2209 ὅτι
2870 2155 2978 2225 ἐγὼ
3002 2156 3223 2227 Κύριος,
3250 2156 3343 2208 καὶ
3365 2156 3464 2207 οὐκ
3485 2156 3711 2223 αἰσχυνι

2124 2246 2379 2318 θήσονται
2420 2248 2470 2299 οἱ
2514 2247 2871 2318 ὑπομένοντες
2919 2262 3012 2310 σε;
3066 2265 3084 2297 ι
3141 2246 3318 2299 Καλὸν
3360 2245 3465 2315 γὰρ
3501 2243 3561 2296 τὸ
3618 2243 3697 2314 μὴ

432 2341 718 2413 ὀλιγωρεῖν
750 2341 881 2412 μηδὲ
912 2341 1312 2409 ἀπογινώσκειν
1352 2341 1450 2413 τὴν
1481 2342 1671 2396 ἐλπίδα
1707 2344 1815 2396 τῶν
1847 2342 2273 2415 ἐπηγγελμένων
2308 2343 2414 2414 πρὸ
2451 2344 2549 2413 τῆς
2578 2341 2686 2394 τῶν
2722 2340 3057 2411 πραγμάτων
3090 2338 3386 2401 ἐκϐάσεως.

506 2431 669 2489 Vsus.
699 2435 789 2487 ξω.
828 2453 846 2485 ι
880 2433 1015 2487 Num
1062 2436 1289 2505 accipiet
1328 2437 1450 2504 quis
1478 2451 1507 2489 a
1532 2439 1745 2506 gigante
1785 2438 1954 2506 spolia
1987 2438 2010 2490 ’ί

433 2537 489 2581 et
534 2527 575 2578 si
612 2525 735 2594 quis
777 2527 1049 2594 captivum
1095 2527 1309 2581 duxerit
1346 2529 1578 2597 injuste,
1606 2529 1901 2583 salvabitur
1932 2530 1954 2583 ?
1987 2550 2005 2582 ι

433 2616 717 2686 Gigantem
764 2626 920 2671 vocat
959 2618 1230 2672 diabolum
1277 2627 1330 2671 et
1364 2619 1727 2672 adversariam
1773 2630 2011 2687 potesta-

432 2712 560 2755 tem.
596 2700 867 2771 Numquid
921 2704 1103 2771 igitur,
1140 2704 1250 2767 ait,
1298 2714 1487 2757 contra
1536 2705 1803 2774 gigantem
1837 2708 2015 2774 quivis

427 2793 708 2861 eotigredi,
746 2808 807 2847 ac
831 2793 963 2846 tanti
985 2793 1193 2847 roboris
1226 2793 1342 2847 viro
1372 2795 1541 2862 spolia
1575 2795 1782 2861 eripere
1806 2796 2014 2851 valeat?

428 2885 579 2953 Quod
604 2886 647 2940 si
672 2886 792 2954 quis
815 2886 973 2939 talem
1003 2885 1277 2940 hominem
1310 2887 1580 2955 captivum
1611 2887 1877 2941 abducere
1900 2897 2014 2942 tcu-

427 2981 646 3043 taverit,
682 2980 782 3032 etsi
816 2978 965 3046 juste
1008 2987 1149 3047 agat,
1190 2993 1257 3031 an
1292 2994 1388 3046 pro
1422 2980 1634 3031 insonte
1675 2979 2017 3033 habebitur?

428 3075 623 3131 Annon
662 3088 691 3125 a
737 3074 980 3141 gigante,
1020 3080 1202 3139 utpote
1243 3087 1270 3123 a
1314 3071 1571 3134 fortiore,
1605 3082 1909 3139 correptus,
1943 3073 2011 3127 de

2192 2452 2210 2484 ι
2246 2434 2336 2505 Μὴ
2364 2432 2591 2504 λήψεταί
2643 2450 2725 2495 τις
2774 2433 2923 2504 παρὰ
2955 2432 3207 2499 γίγαντος
3238 2430 3441 2493 exultat;
3472 2430 3565 2482 καὶ
3601 2428 3699 2481 ἐὰν

2121 2524 2531 2596 αἱχμαλωτεύσῃ
2554 2542 2635 2587 τις
2674 2525 2873 2587 ἀδίκως
2890 2563 2904 2585 ,
2933 2522 3234 2593 σωθήσεται
3258 2538 3271 2587 ;
3307 2541 3323 2572 ι
3348 2522 3574 2590 γίγαντα
3600 2538 3705 2592 ση-

2124 2617 2328 2687 μαίνων
2374 2617 2465 2669 τὸν
2506 2617 2747 2670 διάϐολον
2796 2617 2888 2669 καὶ
2915 2615 3011 2686 τὴν
3042 2614 3417 2685 ἀντικειμένην
3442 2613 3701 2683 δύναμινι

2121 2711 2269 2779 Μήτι
2298 2705 2388 2762 οὖν
2413 2708 2491 2778 τῷ
2524 2709 2755 2779 τυχόντι,
2787 2708 2941 2777 φησὶ,
2966 2707 3184 2760 δυνατόν
3209 2708 3324 2759 ἐστι
3354 2706 3566 2774 γίγαντι
3591 2723 3698 2757 πα-

2126 2800 2480 2871 ρατάξασθαι,
2520 2800 2612 2853 καὶ
2649 2799 2934 2853 σκυλεῦσαι
2961 2799 3048 2852 τὸν
3071 2797 3241 2860 οὕτως
3267 2799 3516 2868 ἰσχυρόν;
3548 2797 3610 2850 El
3637 2796 3697 2849 δὲ

2120 2895 2213 2947 καὶ
2256 2895 2621 2967 ἐπιχειρήσειέ
2664 2912 2747 2958 τις
2796 2894 2888 2947 τὸν
2938 2892 3176 2947 τοιοῦτον
3231 2891 3703 2962 αἱχμαλωτεῦσαι,

2119 2988 2342 3050 δικαίως
2362 2987 2417 3040 δὲ
2445 2989 2631 3051 ποιῶν,
2660 2983 2767 3058 ἆρα
2791 2986 3210 3057 ἀθωωθήσεται;
3240 2986 3371 3054 υύχί.
3401 2982 3701 3055 κρατηθεὶς

2120 3078 2225 3130 ὑπὸ
2265 3079 2357 3131 τοῦ
2387 3078 2659 3146 γίγαντος,
2703 3079 2777 3141 ὼς
2812 3079 2901 3131 ὑπ’
2950 3077 3313 3148 ἰσχυροτέρου,
3366 3074 3699 3130 κινδυνεύσει

429 3166 603 3219 salute
652 3165 1050 3234 periclitabitur
1089 3164 1111 3217 ἲ
1149 3164 1252 3217 Pro
1294 3163 1384 3216 illo
1410 3174 1612 3229 autem,
1649 3184 1667 3215 ι
1716 3166 1947 3233 injuste,
1988 3184 2005 3216 ι

2123 3171 2243 3243 περὶ
2272 3170 2369 3240 τῆς
2397 3170 2558 3222 αύτοῦ
2583 3170 2887 3241 σωτηρίαςς
2929 3172 3071 3223 Ἀντί,
3105 3170 3161 3223 δὲ
3200 3168 3312 3232 τοῦ,
3344 3187 3361 3219 ι
3399 3167 3617 3231 ἀδίκως,
3666 3185 3691 3219 ι

432 3258 693 3312 llebraica
729 3257 911 3323 lectio,
950 3274 971 3308 ι
999 3258 1166 3326 jnste,
1199 3274 1216 3308 ι
1254 3256 1434 3310 habet.
1456 3255 1588 3310 Nam
1629 3257 1716 3325 qui
1746 3258 2011 3327 gigantem

428 3351 706 3419 captivum
761 3351 1005 3414 duxerit,
1044 3349 1191 3419 juste
1224 3364 1353 3404 sane
1399 3358 1545 3421 agat,
1581 3350 1888 3419 pariterque
1922 3351 2011 3419 qui

428 3444 547 3510 ejus
579 3443 747 3511 spolia
783 3444 1086 3511 diripuerit.

504 3540 664 3589 Vens.
692 3533 781 3587 95.
804 3552 821 3585 ι
842 3534 1103 3600 Quoniam
1135 3534 1213 3589 sic
1238 3534 1368 3588 dicit
1406 3534 1663 3589 Dominus
1686 3535 1769 3590 :Si
1787 3537 1907 3604 quis
1926 3552 2014 3591 ce-

426 3625 567 3693 perit
601 3624 1135 3694 gigantem,aceipiet
1159 3626 1328 3695 spolia
1359 3645 1372 3682 :
1400 3628 1487 3695 qui
1517 3638 1695 3683 autem
1736 3632 2013 3698 acceperit

428 3734 455 3771 a
483 3718 632 3781 forti,
652 3718 963 3773 salvabitur.
995 3718 1106 3789 Ego
1124 3729 1302 3774 autem
1334 3718 1609 3788 judicium
1631 3732 1778 3776 tuum
1800 3722 2013 3790 judica-

430 3809 518 3871 bn,
556 3822 606 3863 et
630 3810 766 3865 ﬁlios
797 3826 945 3867 meos
978 3828 1187 3867 eruam.
1228 3834 1245 3866 ι
1285 3814 1485 3881 Aperte
1512 3814 1797 3870 declarans
1830 3815 2009 3882 nobis,

429 3904 480 3958 id
518 3906 690 3960 solum
726 3907 840 3960 tieri
870 3923 1051 3976 posse,
1093 3918 1150 3962 ut
1174 3909 1413 3979 praedicti
1460 3909 1693 3963 hominis
1719 3910 1887 3979 spolia
1911 3927 2011 3964 au-

429 3996 715 4066 ferantur;
744 4001 881 4056 filios
916 4017 1041 4055 suos
1088 4001 1172 4055 his
1211 4002 1559 4071 significans;
1590 4018 1757 4072 quare
1796 4004 2008 4067 subdit,

436 4110 453 4141 ι
490 4091 656 4145 Filius
685 4109 870 4147 eruam
899 4111 914 4154 ;
946 4114 964 4143 ι
984 4093 1178 4161 quibus
1204 4093 1425 4162 ereptis,
1446 4095 1535 4163 qui
1574 4094 1718 4163 ipsos
1748 4095 2012 4150 violenter

430 4185 797 4247 abstulerant,
826 4201 951 4239 snas
983 4186 1082 4255 ipsi
1120 4200 1310 4240 carnes
1347 4186 1648 4239 comedent.
1686 4186 1818 4241 Cum
1865 4189 2008 4242 enim

431 4276 655 4329 aliorum
698 4292 888 4331 carnes
929 4293 1032 4331 non
1076 4278 1214 4331 ultra
1254 4277 1544 4332 comedere
1589 4287 1848 4346 possent,
1882 4294 2009 4332 suas

432 4369 743 4433 comedent,
783 4378 988 4421 etcum
1036 4369 1337 4420 animarum
1384 4367 1660 4421 hominum
1696 4354 2016 4437 sanguinem.

431 4458 647 4511 ebibere
676 4475 779 4511 non
813 4462 1046 4525 valeant,
1079 4460 1396 4529 sanguinem
1420 4474 1574 4513 suum
1599 4460 1807 4526 bibent,
1839 4469 1895 4513 ut
1918 4461 2005 4513 illo

430 4548 781 4603 illeill‘iL‘lllltl‘.

507 4640 666 4693 Vens.
694 4641 782 4694 26.
830 4661 847 4692 ι
884 4642 949 4695 Et
971 4642 1254 4695 comedent
1278 4642 1367 4710 qui
1396 4640 1781 4695 tribularerunt
1808 4651 1860 4697 te
1881 4658 2004 4697 car-

430 4746 527 4785 nes
556 4746 704 4794 suas,
734 4742 789 4785 et
824 4734 1025 4798 bibent,
1063 4737 1214 4801 quasi
1240 4736 1425 4787 vinum
1452 4749 1670 4796 novum,
1693 4734 2003 4805 sanguinem

429 4837 607 4888 Suum,
635 4831 688 4876 et
719 4823 1151 4879 inebriabuntur.
1189 4846 1206 4877 ι
1240 4825 1362 4879 llaec
1404 4836 1629 4894 possunt
1658 4827 1723 4878 ad
1750 4841 2005 4893 persecu.

430 4924 575 4975 tores
612 4914 863 4969 Ecclesia:
888 4916 1107 4986 Dei,qni
1142 4934 1235 4987 per
1264 4929 1500 4984 tempora
1525 4917 1760 4983 fuerunt,
1787 4919 1999 4985 referri,

426 5005 618 5075 hisque
664 5022 847 5060 eorum
891 5008 1012 5062 finis
1061 5020 1115 5063 et
1156 5010 1331 5064 exitus
1361 5010 1706 5075 describitur,
1734 5012 2003 5078 quomodo

427 5099 636 5153 scilicet
678 5098 914 5152 futurum
961 5101 1053 5161 sit,
1091 5111 1147 5153 ut
1186 5116 1380 5155 carnes
1423 5117 1550 5157 suas
1589 5102 1898 5167 comedent,
1950 5114 2006 5157 et

426 5189 743 5257 sanguinem
786 5205 939 5242 suum
985 5190 1190 5244 hihant.

501 5300 519 5331 ι
576 5282 639 5333 Et
683 5283 877 5337 sentiet
942 5284 1117 5336 omuis
1160 5300 1325 5347 caro,
1387 5285 1510 5351 quia
1549 5301 1649 5355 ego
1709 5286 2006 5350 Dmninus,

424 5371 513 5430 qui
563 5371 678 5424 ertii
741 5382 816 5434 te,
874 5382 925 5426 et
968 5373 1148 5442 adjuri
1198 5375 1566 5429 fortitudinem
1618 5374 1802 5431 Jacob.
1863 5395 1881 5426 ι
1922 5376 2027 5433 Ιιιοη

423 5475 745 5526 corporeum
794 5462 999 5516 Numen
1040 5475 1141 5526 est,
1196 5466 1433 5519 ntaterize
1484 5481 1712 5533 expers,
1768 5466 2008 5520 intactile

422 5560 473 5602 et
501 5552 749 5619 simplex,
778 5569 876 5607 nec
912 5556 1200 5625 quispiam,
1239 5557 1282 5609 si
1320 5557 1534 5625 quidem
1568 5558 1641 5609 uti
1671 5556 1757 5609 fas-
1778 5566 1857 5608 est
1882 5571 2007 5624 ege-

425 5643 512 5704 rit,
538 5644 772 5710 speciem
813 5646 877 5699 de
912 5646 999 5698 illo
1032 5662 1349 5714 corpoream
1376 5648 1717 5718 imaginetur.
1750 5648 2000 5701 Attamen

425 5749 576 5789 sacra
610 5735 883 5805 Scriptura
913 5738 1010 5792 hos
1034 5738 1335 5807 alloquens,
1357 5738 1591 5792 lmmano
1621 5753 1769 5791 mure
1794 5738 1859 5792 de
1886 5737 2000 5808 ipso

495 5824 573 5897 (l)
609 5825 770 5881 Forte
812 5827 1091 5898 legendum
1122 5829 1331 5902 τροφοί,
1366 5838 1420 5884 ut
1444 5844 1624 5899 supra.
1660 5828 1814 5885 Eutr.

2114 3262 2145 3331 ἡ
2226 3261 2485 3333 Ἐϐραῐκὴ
2532 3261 2698 3327 λέξις,
2751 3282 2768 3313 ι
2806 3263 3048 3327 δικαίως,
3098 3282 3115 3313 ι
3168 3262 3427 3333 περιέχει.
3468 3261 3527 3314 ’0
3580 3261 3697 3333 γὰρ

2116 3351 2538 3421 αίχμαλωτεύων
2562 3352 2809 3420 γίγαντα,
2835 3353 3055 3417 δικαίως
3096 3353 3254 3407 τοῦτο
3292 3354 3552 3423 ποιήσειε,
3596 3352 3695 3406 καὶ

2112 3443 2140 3494 ὁ
2168 3440 2439 3495 σκυλεύων
2463 3443 2643 3507 αὐτὸν,
2676 3444 2898 3513 ὁμοίως.

2189 3552 2206 3583 ι
2246 3534 2365 3587 Ὅτι
2398 3532 2541 3586 οὖτω
2561 3533 2709 3602 λέγει
2738 3534 2961 3606 Κύριος·
3008 3536 3134 3590 Ἐάν
3156 3555 3240 3601 τις
3271 3534 3695 3609 αἰχμαλωτεύσῃ

2113 3626 2362 3695 γίγαντα,
2398 3626 2621 3697 λήψεται
2650 3626 2837 3690 σκῦλα,
2885 3628 3177 3698 λαμϐάνων
3210 3629 3267 3681 δὲ
3305 3630 3435 3699 παρ’
3480 3626 3691 3697 ἰσχύον-

2114 3736 2230 3782 τος,
2263 3719 2586 3791 σωθήσεται.
2626 3719 2764 3788 Ἐγὼ
2802 3720 2857 3773 δὲ
2894 3719 2990 3791 τὴν
3021 3721 3199 3791 κρίσιν
3231 3738 3322 3774 σου
3359 3718 3547 3791 κρινῶ,
3599 3719 3691 3771 καί⁸

2112 3810 2221 3877 ἐγὼ
2240 3811 2363 3874 τοὺς
2386 3810 2531 3874 υἰούς
2560 3830 2658 3881 μου
2692 3810 2955 3882 ῥύσομαι·
2989 3830 3006 3862 ι
3048 3812 3232 3880 σαφῶς
3265 3811 3480 3875 διδάξας
3519 3812 3693 3880 ἡμᾶς,

2110 3897 2247 3954 εἶναι
2276 3901 2431 3954 τοῦτο
2457 3903 2613 3972 μόνον
2646 3903 2890 3969 δυνατὸν,
2927 3902 3218 3971 ἀφελέσθαι
3240 3902 3335 3955 τοῦ
3359 3901 3689 3973 δηλωθέντος

2111 3994 2177 4046 τά
2217 3994 2387 4047 σκῦλα
2409 4012 2421 4024 ·
2466 3996 2592 4058 τοὺς
2617 3996 2763 4058 υἱοὺς
2784 3994 2948 4047 αὐτοῦ
2974 3992 3110 4047 εἶναι
3143 3995 3316 4063 λέγων
3336 4013 3349 4025 ·
3388 3996 3467 4049 διὸ
3501 3995 3694 4064 ἐπιφέ-

2112 4100 2224 4154 ρει·
2259 4102 2277 4134 ι
2316 4084 2454 4147 Τοὺς
2486 4084 2633 4148 υἱούς
2672 4102 2770 4154 μου
2808 4084 3076 4155 ῥύσομαι·
3123 4103 3140 4136 ι
3174 4078 3249 4137 ὧν
3277 4083 3602 4154 ρυσθέντων,
3638 4087 3691 4137 οἱ

2110 4176 2453 4247 ἀφῃρημένοι
2493 4176 2673 4239 αὐτοῖς
2718 4176 2774 4242 ἐξ
2806 4177 3089 4246 ἐπηρείας,
3141 4177 3296 4230 αὐτοὶ
3337 4176 3437 4239 τὰς
3480 4177 3691 4231 ἑαυτῶν

2111 4268 2319 4338 σάρκας
2343 4268 2636 4336 φάγονται·
2672 4268 2852 4320 οὐκέτι
2891 4268 3000 4339 γὰρ
3037 4268 3237 4339 ἐτέρων
3258 4268 3466 4339 σάρκας
3486 4268 3691 4322 ἐσθίειν

2107 4359 2411 4429 δυνάμενοι,
2438 4360 2535 4423 τὰς
2562 4360 2766 4413 ἑαυτῶν
2799 4361 3083 4428 φάγονται·
3118 4360 3225 4412 οὐδ’
3254 4360 3495 4412 ἐκπίνειν
3514 4358 3594 4412 ἔτι
3628 4360 3693 4413 τὸ

2111 4445 2247 4520 αἷμα
2276 4451 2382 4503 τῶν
2416 4451 2769 4520 ἀνθρωπίνων
2813 4450 3000 4521 ψυχῶν
3040 4450 3345 4520 δυνάμενοι,
3388 4448 3449 4502 τὸ
3480 4450 3692 4503 ἑαυτῶν

2108 4537 2244 4612 αἷμα
2279 4542 2511 4605 πίονται,
2563 4544 2637 4605 ὡς
2672 4544 2764 4595 καὶ
2802 4541 3131 4612 μεθυσθῆναι
3170 4543 3364 4606 αὐτοὺς
3408 4542 3467 4607 ἐξ
3499 4541 3688 4596 αὐτοῦ.

2117 4660 2132 4681 ο
2184 4654 2201 4684 ι
2237 4634 2343 4685 Καὶ
2368 4634 2632 4703 φάγονται
2660 4637 2708 4687 οί
2734 4634 3019 4703 θλίψαντές
3051 4651 3109 4687 σε
3133 4634 3230 4697 τὰς
3258 4635 3465 4707 σάρκας
3486 4636 3707 4700 αὐτῶν,

2108 4726 2198 4778 καὶ
2235 4726 2444 4779 πίονται
2471 4728 2546 4789 ὡς
2570 4722 2711 4780 οἶνον
2725 4728 2843 4780 νέον
2861 4729 2922 4780 τὸ
2939 4722 3077 4797 αἷμα
3092 4727 3286 4788 αὐτῶν,
3310 4729 3401 4782 καὶ
3422 4728 3689 4799 μεθυσθή-

2108 4834 2310 4873 σοντάι.
2353 4836 2373 4870 ι
2410 4818 2644 4870 Δύναται
2679 4819 2851 4871 ταῦτα
2883 4820 2975 4871 ἐπὶ
3006 4821 3130 4883 τοὺς
3176 4820 3313 4873 κατά
3342 4822 3529 4891 καιρὸν
3557 4819 3682 4872 διὼο

2105 4927 2313 4973 κωντας
2348 4910 2445 4981 τὴν
2479 4910 2573 4964 τοῦ
2618 4910 2751 4964 Θεοῦ
2802 4912 3122 4983 Ἐκκλησίαν
3158 4911 3551 4983 ἀναφέρεσθαι,
3587 4930 3679 4966 του

2110 5000 2267 5068 λόγου
2301 5002 2361 5053 τὸ
2396 5002 2550 5065 τέλος
2583 5002 2762 5054 αὐτῶν
2814 5002 2907 5055 καὶ
2938 5002 3035 5071 τὴν
3067 5002 3442 5073 καταστροφὴν
3473 5003 3689 5072 διαγρα-

2112 5110 2324 5162 φοντος,
2356 5094 2447 5147 καὶ
2478 5095 2553 5155 ὡς
2584 5094 2681 5158 τάς
2710 5094 2916 5147 ἑαυτῶν
2946 5094 3153 5164 σάρκας
3189 5094 3472 5163 φάγονται,
3505 5094 3597 5148 καὶ
3628 5093 3690 5147 τὸ

2114 5178 2250 5253 αἷμα
2279 5182 2458 5235 αὐτῶν
2487 5182 2717 5236 πίονται.

2190 5293 2207 5325 ι
2246 5276 2353 5327 Καὶ
2382 5274 2796 5345 αἱσθανθήσεται
2823 5277 2969 5328 πᾶσα
3004 5274 3158 5346 σὰρξ,
3182 5277 3262 5329 ὄτι
3294 5276 3402 5343 ἐγὼ
3422 5275 3624 5347 Κύριος
3655 5275 3684 5327 ό

2119 5366 2419 5435 ρυσάμενός
2447 5384 2527 5429 σε,
2546 5368 2637 5420 καὶ
2659 5367 3185 5438 ἀντιλαμϐανόμενος
3221 5367 3400 5437 ἰσχύος
3424 5365 3637 5420 Ἰακώϐ.
3660 5386 3679 5417 ι

2128 5457 2437 5527 Ἀσώματον
2454 5459 2513 5511 τὸ
2541 5459 2716 5522 Θεῖον,
2749 5460 2929 5521 ἄῦλον,
2963 5461 3167 5529 ἀναφὲς
3196 5462 3287 5514 καὶ
3313 5460 3514 5513 ἁπλοῦν
3534 5478 3548 5490 ·
3592 5461 3686 5513 καί.

2111 5551 2209 5603 οὐκ
2238 5551 2313 5604 ἄν·
2334 5567 2417 5615 τις
2445 5552 2531 5603 ἐπ’
2560 5553 2729 5623 αὐτῷ,
2755 5554 2820 5608 τά
2844 5556 3025 5608 εἰκότα
3054 5554 3215 5625 δρῶν,
3244 5553 3543 5621 φαντασίαν
3562 5551 3685 5604 τινὰ

2109 5641 2264 5695 λάϐοι
2292 5646 2628 5715 σωματικήν.
2674 5646 2819 5717 Πλὴν
2850 5648 2911 5700 τὸ
2936 5648 3171 5717 Γράμμα
3206 5646 3268 5699 τὺ
3300 5644 3441 5715 ἱερὸν
3478 5642 3687 5717 ἀνθρω-

2109 5735 2277 5800 πίνως
2308 5735 2435 5809 ἡμῖν
2460 5736 2526 5790 τὰ
2555 5738 2679 5807 περὶ
2704 5737 2865 5792 αὐτοῦ
2889 5737 3209 5808 διαλέγεται.
3240 5736 3315 5791 Οὐ
3343 5734 3452 5811 γάρ
3476 5730 3542 5807 ἦν
3575 5735 3687 5791 ἐτέ-
