3968 6510
255 416 356 471 ιιι
1182 407 1682 465 COMMENTABIA
1723 405 1790 462 IN
1830 407 2088 466 ISAIAM.
2122 439 2192 452 ——-
2227 403 2380 461 CAP.
2421 401 2483 455 L.
3395 390 3502 448 442

259 551 372 604 ρως
401 529 691 600 δυνηθῆναι
719 530 856 584 νοεῖν
877 528 1000 592 τοὺς
1022 528 1079 580 ἐν
1108 527 1289 590 αὐτοῖς
1317 527 1411 581 καὶ
1432 527 1657 596 παχέσιν
1682 527 1813 581 ὄντα

1946 525 2218 580 edisserit.
2245 522 2430 590 Neque
2449 518 2589 572 enim
2620 513 2752 568 alias
2787 528 2910 567 cum
2957 510 3252 580 intelligere
3285 519 3502 577 possent

255 625 533 694 σώμασιν,
590 623 636 674 εί
673 622 748 693 μὴ
778 620 1026 691 καθάπερ
1079 622 1136 673 ἐν
1183 620 1332 685 τάξει
1378 619 1832 690 παραδειγμάτων

254 712 647 785 παρεκομίσθη
676 712 745 766 τά
773 712 890 765 καθ’
925 713 1101 783 ἡμᾶς’
1140 711 1206 764 ἵν’
1244 715 1308 766 ἐκ
1350 711 1455 766 τῶν
1491 713 1549 764 ἐν
1583 710 1832 781 αἰσθήσει

251 809 350 860 καὶ
384 806 599 878 ὁρατῶν
627 803 969 875 πραγμάτων
998 803 1100 858 κᾶν
1147 804 1344 857 οὑτωσὶ
1372 805 1436 856 ἐκ
1471 801 1667 875 μέρους
1695 805 1832 857 νοεῖν

255 898 575 972 ἰσχύσωμεν
604 897 675 952 τὰ
699 896 826 968 περὶ
849 898 946 967 τῆς
969 895 1118 959 θείας
1142 895 1344 958 οὐσίας.

793 1072 1185 1128 ΚΕΦΑΛΑΙΟΝ
1218 1073 1301 1129 N'.

327 1186 351 1221 α
388 1167 580 1232 Οὕτως
609 1168 758 1237 λέγει
791 1168 992 1239 Κύριος
1011 1184 1025 1198 ο
1061 1168 1216 1221 Ποῖον
1248 1166 1308 1221 τὸ
1341 1167 1540 1238 βιϐλίον
1574 1165 1668 1220 τοῦ
1696 1167 1831 1220 ἀπο-

248 1261 481 1314 στασίου
509 1260 612 1330 τῆς
636 1260 838 1332 μητρὸς
861 1258 1035 1331 ὑμῶν,
1088 1251 1133 1326 ᾧ
1169 1256 1523 1322 ἐξαπέστειλα
1555 1258 1760 1328 αὑτήνς
1795 1255 1828 1326 ἦ

247 1353 357 1405 τίνι
404 1351 660 1423 ύποχρέῳ
696 1353 953 1423 πέπρακα
992 1351 1167 1422 ὑμᾶς;
1216 1349 1344 1403 Ἰδοὺ
1392 1351 1511 1412 ταῖς
1538 1347 1830 1420 ἁμαρτίαις

251 1440 408 1510 Σιμῶν
435 1441 790 1508 ἐξαπέστειλα
826 1441 925 1513 τὴν
971 1441 1182 1513 μητέρα
1214 1440 1386 1513 ὑμῶν.
1422 1441 1486 1494 Τί
1525 1442 1606 1495 ὅτι
1645 1437 1827 1512 ἦλθον,

243 1535 344 1587 καὶ
395 1534 500 1587 οὐκ
547 1529 616 1605 ἦν
667 1536 696 1587 ὁ
742 1533 1064 1600 ὑπακούωνς
1109 1533 1200 1604 Μὴ
1249 1534 1351 1586 οὐκ
1407 1533 1580 1603 ἰσχύει
1626 1534 1660 1603 ὴ
1708 1531 1829 1603 χείρ

246 1642 353 1694 μου
405 1625 504 1679 τοῦ
547 1625 844 1696 ρύσασθαι;
883 1626 974 1698 Μὴ
1031 1625 1129 1680 οὐκ
1175 1626 1340 1696 ἰσχύω
1379 1625 1472 1678 τοῦ
1523 1622 1827 1688 ἐξελέσθαις

254 1715 392 1771 Ἰδοὺ
426 1717 507 1786 τῷ
528 1716 742 1788 ἐλεγμῷ
773 1735 871 1788 μου
911 1717 1244 1790 ἐξερημώσω
1271 1716 1368 1788 τὴν
1393 1715 1663 1770 θάλασσαν
1683 1732 1694 1743 ·
1734 1716 1830 1769 καὶ

240 1803 402 1875 θήσω
435 1809 713 1877 ποταμοὺς
736 1809 992 1878 ἐρήμους,
1021 1810 1112 1862 καὶ
1139 1807 1558 1880 ξηρανθησονται
1581 1810 1628 1861 οἱ
1649 1809 1828 1878 ἰχθύες

239 1899 432 1952 αὐτῶν
464 1899 573 1953 ἀπὸ
607 1900 700 1954 τοῦ
731 1901 802 1971 μὴ
839 1895 974 1953 εἶναι
999 1899 1185 1963 ὕδατα,
1226 1901 1318 1952 καὶ
1340 1899 1732 1954 ἀποθανοῦνται
1766 1901 1822 1953 ἐν

237 1987 408 2060 δίψει.
453 1990 688 2044 Ἐνδύσω
730 1992 819 2046 τὸν
863 1992 1088 2063 οὐρανὸν
1126 1993 1332 2056 σκότος,
1377 1992 1468 2046 καὶ
1512 1992 1586 2054 ὡς
1621 1992 1821 2046 σάκκον

237 2082 396 2154 θήσω
454 2083 516 2136 τὸ
558 2083 894 2154 περιϐόλαιον
924 2084 1108 2138 αὐτοῦ.
1145 2085 1347 2156 Κύριος
1393 2084 1592 2156 Κύριος
1641 2084 1821 2139 δίδωσί

241 2190 332 2242 μοι
379 2173 637 2242 γλῶσσαν
672 2175 936 2238 παιδείας,
984 2175 1078 2228 τοῦ
1112 2176 1312 2244 γνῶναι
1352 2177 1512 2245 ἡνίκα
1545 2175 1625 2228 δεῖ
1651 2180 1819 2231 εἰπεῖν

235 2258 421 2331 λόγον.
459 2263 662 2334 Ἔθηκέ
703 2282 792 2332 μοι
822 2265 986 2336 πρωῒ,
1015 2266 1321 2338 προσέθηκέ
1353 2283 1439 2337 μοι
1465 2267 1622 2320 ὠτίον
1660 2268 1821 2321 ἀκού-

234 2367 339 2420 ειν,
401 2355 499 2408 καὶ
553 2357 581 2426 ἡ
618 2355 830 2409 παιδεία
866 2357 1070 2428 Κυρίου
1111 2359 1314 2429 Κυρίου
1347 2358 1546 2426 ἀνοίγει
1596 2375 1697 2429 μου
1749 2359 1817 2412 τὰ

234 2440 370 2499 ὦτα.
427 2445 570 2514 ῗΕγὼ
607 2445 663 2499 δὲ
693 2447 792 2500 οὐκ
821 2447 1049 2512 ἀπειθῶ,
1077 2449 1196 2501 ούδέ
1221 2448 1500 2516 ἀντιλέγω.
1530 2447 1629 2501 Τὸν
1652 2449 1817 2502 νῶτόν

237 2555 340 2608 μου
375 2537 555 2590 ἔδωκα
588 2540 668 2601 είς
692 2539 978 2608 μάστιγας,
1006 2539 1106 2603 τὰς
1131 2539 1188 2593 δέ
1213 2541 1463 2608 σιαγόνας
1493 2557 1592 2609 μου
1618 2543 1698 2604 εἰς
1721 2544 1818 2611 ῥα-

233 2629 524 2698 πίσματα·
578 2627 638 2681 τὸ
671 2629 727 2681 δέ
770 2630 1059 2701 πρόσωπόν
1109 2648 1209 2700 μου
1242 2631 1339 2682 οὐκ
1376 2630 1687 2701 ἁπέστρεψα
1721 2631 1814 2684 ἀπ’

233 2719 504 2789 αἰσχύνης
519 2721 938 2790 ἐμπυσμάτωνσ
961 2722 1054 2773 καὶ
1072 2721 1270 2793 Κύριος
1287 2721 1486 2793 Κύριός
1503 2739 1602 2791 μου
1623 2721 1816 2792 βοηθός

237 2827 327 2881 μοι
363 2812 601 2884 ἐγενήθη
624 2829 638 2842 ⁸
665 2812 752 2866 διά
779 2811 936 2866 τοῦτο
966 2815 1065 2866 οὐκ
1090 2815 1408 2884 ἐνετράπην,
1430 2813 1542 2867 ἀλλ’
1565 2813 1735 2883 ἔθηκα
1754 2815 1814 2868 τὸ

232 2903 533 2973 πρόσωπόν
603 2920 704 2974 μου
758 2904 832 2968 ὡς
893 2903 1116 2976 στερεὰν
1171 2904 1397 2975 πέτραν.
1436 2923 1454 2955 ›
1499 2891 1720 2956 Διὸκαῗι
1753 2904 1814 2958 τὸ

235 2997 534 3066 πρόσωπόν
569 3014 668 3067 μου
701 2997 776 3061 ὡς
802 2997 1026 3070 στερεὰν
1061 2999 1264 3069 πέτραν
1304 2996 1619 3069 παρέστησα
1649 3016 1810 3052 πεπι-

234 3107 364 3144 στευ
375 3091 554 3161 μένος,
581 3089 656 3153 ὼς
682 3090 742 3143 ού
777 3099 932 3161 φέρει
958 3108 1046 3162 μοι
1067 3089 1325 3161 αἰσχύνην
1352 3092 1385 3162 ἡ
1412 3090 1544 3162 πρὸς
1575 3085 1677 3144 τὸ(
1701 3093 1812 3144 Πα-

232 3183 370 3255 τέρα
410 3183 622 3252 ὑπακοή
649 3198 662 3211 ·
701 3183 792 3234 καὶ
821 3182 1046 3252 πλησίον
1089 3200 1188 3253 μου
1233 3183 1440 3237 ἑστῶτα
1494 3183 1583 3235 καὶ
1625 3181 1810 3254 ὥσπερ
1837 3222 1879 3280 C

235 3272 686 3341 ἀγωνοθετοῦντα
725 3276 838 3336 τοῖς
879 3273 1202 3344 γινομένοις,
1261 3273 1356 3327 καὶ
1410 3275 1508 3345 τὴν
1551 3274 1687 3346 ἐμὴν
1729 3274 1808 3327 δι-

233 3365 500 3418 καιοῦντα
529 3364 806 3435 ὑπομονὴν
844 3363 930 3417 διὰ
957 3364 1156 3426 παντὸς
1185 3362 1389 3434 ἐώρων.
1414 3365 1475 3417 El
1511 3364 1567 3418 δέ
1588 3381 1672 3428 τις
1700 3364 1810 3435 ἐχοι

231 3456 330 3520 τὰς
357 3457 481 3508 κατ’
509 3454 644 3524 ἐμοῦ
674 3454 880 3526 ὕϐρεις,
904 3457 994 3509 καὶ
1019 3456 1108 3508 τὸν
1137 3455 1360 3509 θάνατον
1398 3455 1556 3509 αὑτὸν
1591 3455 1810 3518 ἐνδίκως

231 3543 598 3614 ἐπενηνέχθαι
638 3561 724 3614 μοι
755 3543 917 3614 φάναι
941 3545 1028 3598 διά
1057 3563 1180 3598 τινα
1214 3545 1675 3616 πλημμελήματα,
1704 3545 1811 3598 δει-

230 3636 415 3689 κνύτω
445 3635 726 3707 παρελθὼν
749 3637 828 3700 είς
863 3636 1045 3707 μέσον,
1069 3638 1120 3690 si!
1137 3655 1220 3700 τις
1238 3638 1386 3690 αἰτία
1407 3637 1438 3708 ἢ
1464 3636 1728 3708 πρόφασις
1752 3636 1811 3702 ἐξ

231 3725 370 3796 ἐμοῦ
409 3725 508 3796 τῆς
550 3724 802 3795 τοιαύτης
855 3726 976 3782 κατ’
1025 3725 1158 3796 ἐμοῦ
1197 3724 1407 3797 ὕϐρεως
1434 3726 1684 3794 γέγονεν·
1729 3727 1810 3788 είς

233 3819 404 3888 μέσον
459 3815 744 3887 παρελθὼν
796 3818 974 3888 στήτω
1023 3817 1116 3870 καὶ
1156 3816 1435 3886 ἐλεγχέτω.
1490 3816 1712 3880 οὐδενὸς
1751 3817 1807 3869 δὲ

230 3909 451 3980 ἔχοντος
485 3909 691 3980 μέμψιν
724 3907 1018 3979 μετελθεῖν,
1071 3909 1205 3979 μήτε
1237 3911 1300 3979 τῇ
1333 3908 1645 3979 διδασκαλία
1675 3910 1806 3980 μήτε

229 4005 352 4066 ταῖς
386 4000 622 4072 πράξεσι
649 4003 769 4065 ταῖς
790 4002 880 4053 ὑπ’
903 4001 1036 4072 ἐμοῦ
1068 4000 1500 4073 πεπραγμέναις,
1530 4001 1749 4063 εἰκότως
1779 4001 1807 4052 ὁ

229 4090 441 4161 Κύριος
463 4089 656 4160 βοηθός
690 4107 776 4160 μοι
805 4091 1092 4162 παρέσται.

305 4203 326 4236 ι
363 4185 489 4236 Ὅτι
539 4181 744 4250 ἐγγίζει
793 4185 821 4236 ὁ
857 4181 1154 4247 δικαιώσας
1197 4200 1284 4252 με.
1325 4185 1419 4245 Τίς
1447 4182 1807 4254 ὁκρινὸμενὸς

232 4293 354 4347 μοις
383 4277 687 4346 ἀντιστητω
719 4291 808 4346 μοι
849 4277 982 4346 ἅμα.
1024 4277 1133 4329 Καὶ
1161 4276 1242 4339 τίς
1271 4277 1297 4329 ὁ
1335 4275 1647 4346 κρινόμενός
1683 4289 1804 4343 μοι;

231 4367 510 4434 ἐγγισάτω
548 4385 656 4438 μοι.
699 4385 716 4418 ι
759 4366 1157 4436 Ἐπαμύνοντος
1194 4366 1321 4439 γὰρ,
1362 4367 1509 4438 φησὶ,
1555 4365 1647 4418 τοῦ
1671 4363 1806 4418 Θεοῦ

229 4461 324 4512 καὶ
362 4459 596 4530 Πατρὸς,
633 4459 728 4512 καὶ
764 4461 940 4512 πᾶσαν
968 4459 1119 4530 ὑμῶν
1153 4460 1410 4530 ἐπήρειαν
1434 4458 1802 4525 ἀιιςανίζοντος,

1935 620 1970 672 ii
2004 618 2094 687 qui
2135 617 2184 669 in
2234 626 2478 681 corpore,
2511 611 2729 676 ipsoque
2756 618 2942 658 crasso
2979 611 3034 656 et
3078 600 3366 662 materiali,
3406 600 3503 651 de-

1931 719 2100 780 gtmt,
2141 707 2243 762 nisi
2293 720 2356 757 ca
2406 716 2523 771 qua:
2561 712 2726 767 penes
2773 711 2870 750 nos
2922 706 3048 750 sunt
3083 695 3148 746 ad
3195 691 3502 760 exemplum

1930 808 2352 870 usurparentur;
2397 805 2456 848 ιιι
2484 809 2550 848 ex
2592 794 2656 846 iis
2705 807 2824 861 qua:
2867 790 2965 844 sub
3003 802 3219 842 sensum
3251 795 3305 840 et
3347 800 3505 852 aspe-

1929 904 2074 948 ctum
2100 891 2294 944 cadunt
2313 927 2328 951 ,
2347 902 2410 940 ea
2433 901 2552 955 qua:
2575 883 2808 938 divinam
2839 877 3191 933 substantiam
3229 883 3506 944 spectant,

1929 983 2120 1040 saltem
2157 996 2223 1035 ex
2254 989 2426 1049 parte,
2445 977 2679 1048 cogitare
2711 985 3008 1042 possemus.

2561 1063 2788 1122 CAPUT
2827 1062 2890 1120 L.

1999 1165 2166 1220 Vens.
2200 1163 2312 1218 1-7.
2336 1180 2353 1213 ι
2379 1160 2468 1214 Sic
2487 1159 2615 1212 dicit
2645 1155 2900 1210 Dominus
2920 1171 2932 1206 :
2951 1149 3132 1218 Qualis
3148 1147 3384 1202 liicliber
3410 1158 3504 1199 re—

1929 1259 2073 1329 pudii
2103 1255 2295 1311 matris
2321 1261 2531 1316 vestras,
2564 1264 2672 1317 quo
2707 1245 2884 1301 dimisi
2919 1257 3037 1297 eam
3067 1241 3204 1295 ?aut
3235 1239 3320 1293 cui
3351 1236 3503 1292 debi-

1931 1327 2031 1406 tori
2055 1346 2268 1402 vendidi
2296 1359 2392 1399 vos
2422 1344 2446 1397 ?
2475 1342 2612 1396 Ecce
2669 1336 2907 1408 peccatis
2951 1333 3153 1388 vestris
3192 1327 3498 1384 venumdati

1929 1441 2081 1507 estis,
2116 1449 2171 1492 et
2208 1439 2259 1492 in
2304 1434 2680 1505 iniquitatibus
2713 1427 2910 1483 vestris
2939 1425 3116 1480 dimisi
3155 1431 3384 1476 matrem
3410 1433 3507 1472 ve-

1927 1505 2117 1585 suam.
2155 1526 2293 1594 Quid
2341 1524 2460 1594 quia
2488 1521 2634 1585 veni,
2677 1529 2732 1573 et
2772 1533 2878 1572 non
2925 1523 3044 1570 erat
3084 1511 3176 1582 qui
3213 1505 3508 1564 obediret?

1928 1622 2117 1674 Annon
2158 1625 2336 1686 potest
2367 1627 2562 1667 manus
2602 1623 2718 1663 mea
2755 1603 3032 1661 liberare?
3061 1602 3254 1655 Annon
3283 1611 3500 1667 possunt

1927 1709 2169 1766 eruere?
2205 1707 2344 1762 Ecce
2381 1701 2806 1760 comminatione
2845 1712 2964 1751 mea
3002 1695 3270 1750 desertum
3308 1690 3501 1745 faciam

1928 1816 2098 1863 mare,
2121 1811 2174 1855 et
2207 1812 2398 1867 ponam
2432 1794 2620 1849 ﬂuvios
2654 1793 2929 1854 desertos,
2958 1796 3011 1842 et
3038 1793 3289 1840 arescent
3322 1782 3503 1851 pisces

1856 1887 1896 1940 Β
1925 1911 2131 1959 cormn,
2164 1909 2228 1948 eo
2253 1892 2394 1960 quod
2428 1905 2530 1943 non
2558 1889 2630 1940 sit
2663 1901 2825 1954 aqua,
2861 1894 2916 1938 et
2957 1879 3256 1934 morientur
3277 1877 3387 1932 siti.
3417 1875 3501 1930 ln-

1923 1991 2082 2043 duam
2123 1985 2319 2039 malum
2365 1981 2626 2041 tenebris.
2658 1990 2712 2032 et
2745 1977 2897 2046 quasi
2931 1989 3148 2029 saccum
3186 1985 3381 2040 ponam
3413 1969 3499 2022 in-

1921 2081 2232 2134 dumentum
2293 2075 2432 2144 ejus.
2479 2072 2736 2126 Dominus
2771 2067 3031 2122 Dominus
3080 2064 3172 2118 dat
3213 2061 3340 2114 mihi
3393 2059 3498 2113 lin-

1921 2187 2078 2241 gnam
2115 2168 2448 2235 disciplina,
2508 2175 2566 2216 ut
2609 2165 2776 2218 sciam
2817 2158 3032 2227 quando
3075 2163 3320 2224 Oporteat
3352 2151 3497 2222 loqui

1918 2265 2161 2318 verbum.
2195 2260 2377 2314 Posuit
2413 2257 2540 2310 mihi
2585 2267 2782 2307 mane:
2818 2251 3021 2304 addidit
3059 2248 3184 2301 milii
3217 2261 3400 2298 aurem
3429 2245 3502 2300 ad

1919 2355 2269 2417 audiendum,
2290 2360 2344 2406 et
2369 2346 2648 2417 disciplina
2674 2343 2882 2399 Domini
2923 2341 3096 2410 aperit
3137 2353 3296 2392 aures
3326 2351 3496 2391 ineas.

1919 2448 2032 2515 Ego
2065 2456 2246 2499 autem
2285 2457 2388 2496 non
2436 2453 2640 2499 renuo,
2673 2449 2846 2504 neque
2894 2432 3231 2487 contt'adico.
3270 2428 3496 2483 Dorsunt

1916 2554 2094 2593 meum
2133 2535 2254 2590 dedi
2287 2535 2352 2588 ad
2402 2531 2634 2600 ﬂagella,
2683 2536 2736 2580 et
2766 2540 2932 2596 genas
2981 2538 3128 2578 meas
3158 2523 3224 2575 ad
3266 2521 3494 2590 alapas:

1916 2632 2108 2686 faciem
2137 2641 2313 2684 autem
2345 2641 2518 2680 meam
2549 2638 2652 2676 non
2685 2619 2855 2673 averti
2878 2633 2907 2671 a
2939 2618 3136 2687 probro
3169 2623 3451 2682 sputorum
3477 2629 3494 2667 :

1913 2733 1967 2777 et
2002 2715 2261 2774 Dominus
2303 2717 2558 2771 Dominus
2599 2725 2750 2764 meus
2793 2709 3084 2762 auxiliator
3139 2706 3269 2760 mihi
3318 2695 3498 2758 facitis

1914 2823 2029 2875 est;
2052 2810 2170 2864 ideo
2195 2824 2299 2862 non
2323 2822 2441 2860 sum
2473 2803 2751 2863 confusus,
2770 2801 2863 2855 sed
2888 2799 3038 2868 posui
3071 2798 3259 2851 faciem
3295 2809 3493 2861 meam,

1913 2905 2051 2959 sicut
2088 2904 2294 2955 firmam
2320 2907 2544 2967 petram.
2588 2915 2606 2947 ο
2649 2892 2774 2947 Ideo
2815 2890 3005 2946 faciem
3035 2903 3207 2942 nit-am
3241 2899 3494 2956 tanquam

1914 2997 2123 3050 firmam
2161 3001 2366 3062 petram
2399 2988 2589 3051 obtuli,
2638 2985 2873 3040 conlisus
2917 2997 3089 3036 meam
3122 2995 3246 3049 erga
3276 2978 3494 3034 Patrem

1912 3085 2316 3156 obsequentiam
2357 3097 2462 3136 non
2504 3077 2753 3134 dedecori
2797 3075 2930 3130 mihi
2979 3074 3132 3131 fore:
3165 3087 3324 3141 quem
3354 3085 3384 3124 e
3409 3071 3495 3125 vi-

1911 3179 2034 3234 cino
2069 3177 2194 3232 milii
2225 3183 2515 3236 astantem,
2544 3169 2876 3226 concertanti
2912 3167 3130 3238 prannia
3154 3165 3494 3233 largientem,

1915 3270 2336 3340 patientiamque
2386 3278 2560 3317 meam
2611 3260 3033 3330 approbauteni,
3082 3270 3298 3324 semper
3359 3253 3490 3308 vidi.

1913 3359 2062 3426 Quod
2105 3358 2149 3413 si
2182 3362 2306 3424 quis
2343 3353 2716 3408 contumelias
2753 3351 3030 3418 ipsamque
3085 3357 3310 3400 mortem
3346 3348 3493 3413 justo

1912 3449 2042 3504 mihi
2081 3448 2154 3502 ob
2204 3446 2411 3501 scelera
2444 3443 2686 3511 qumdam
2736 3440 2937 3492 illatam
2982 3453 3103 3493 esse
3138 3437 3494 3506 comprobare

1911 3543 2100 3613 possit,
2139 3541 2190 3594 in
2233 3539 2465 3592 medimn
2497 3535 2756 3606 prodiens
2784 3530 3055 3594 ostendat,
3099 3530 3145 3583 si
3173 3545 3333 3598 quam
3362 3543 3494 3584 catt-

1909 3651 2024 3691 sam
2057 3632 2140 3688 vel
2173 3629 2514 3686 occasionem
2549 3626 2714 3680 tantis
2745 3622 3090 3680 contumeliis
3131 3621 3368 3676 dederim
3397 3619 3490 3685 ;in

1912 3727 2165 3792 medium,
2193 3725 2428 3791 inquam,
2460 3719 2730 3790 prodiens,
2751 3726 2880 3782 stet,
2911 3731 3101 3785 meque
3123 3723 3332 3785 arguat.
3354 3712 3491 3769 Cum

1910 3831 2088 3875 autem
2123 3833 2281 3872 nemo
2321 3814 2450 3868 mihi
2485 3811 2688 3868 crimen
2739 3809 2937 3863 oll'erre
2978 3807 3180 3876 possit,
3206 3821 3380 3875 neque
3424 3807 3495 3862 de

1908 3911 2176 3978 doctrina,
2202 3922 2380 3977 neque
2413 3907 2480 3960 de
2501 3905 2756 3972 operibus
2782 3917 2812 3955 a
2841 3917 2926 3956 me
2950 3901 3135 3965 editis,
3159 3897 3281 3968 jure
3305 3897 3490 3953 Domi-

1910 4019 2012 4058 nus
2044 4002 2254 4071 adjutor
2295 3999 2424 4051 mihi
2459 3995 2649 4049 aderit.

1985 4095 2146 4148 Vens.
2178 4093 2230 4145 8.
2269 4110 2286 4143 ι
2326 4089 2460 4156 Quia
2489 4087 2641 4155 juxta
2683 4085 2884 4154 estqui
2922 4083 3189 4153 justilicat
3225 4095 3330 4135 me.
3359 4079 3490 4146 Quis

1907 4186 2102 4252 estqui
2139 4181 2311 4247 litiget
2336 4177 2585 4232 mecum?
2614 4185 2719 4230 stet
2741 4185 2931 4230 contra
2963 4189 3047 4228 me
3078 4170 3258 4226 simul.
3281 4170 3344 4224 Et
3369 4169 3492 4239 quis

1907 4285 1990 4331 est
2018 4277 2108 4346 qui
2143 4275 2316 4343 litiget
2363 4287 2571 4325 mecum
2596 4271 2620 4324 ?
2645 4271 2867 4324 accedat
2895 4268 2960 4320 ad
2993 4280 3100 4321 me.
3132 4282 3153 4318 υ
3188 4263 3322 4316 Nam
3353 4262 3492 4316 ulci-

1907 4379 2112 4430 scente,
2142 4366 2338 4431 inquit,
2362 4366 2466 4418 Deo
2510 4373 2564 4417 et
2598 4364 2782 4426 Patre,
2827 4372 3152 4425 omnemque
3184 4355 3490 4410 molestiam

1908 4474 1936 4511 a
1971 4457 2122 4510 vobis
2149 4455 2351 4509 illatam
2380 4453 2681 4517 auferente,
2713 4449 2999 4518 meamq‘lte
3025 4447 3250 4517 gloriam
3279 4445 3486 4501 consti-

229 4554 324 4607 καὶ
369 4553 468 4624 τὴν
511 4552 648 4623 ἐμὴν
687 4551 932 4613 ἱστάντος
959 4552 1134 4616 δόξαν,
1167 4551 1250 4615 τίς
1288 4551 1437 4605 ἔσται
1471 4551 1720 4610 τοσοῦτος
1749 4555 1805 4604 ἐν

1919 4559 2117 4612 tuente,
2149 4549 2272 4616 quis
2308 4548 2361 4600 in
2392 4548 2544 4600 vobis
2573 4545 2700 4606 erit,
2741 4543 2829 4611 qui
2867 4539 3186 4594 immutabili
3210 4539 3325 4605 ejus
3355 4553 3488 4591 con-

231 4648 381 4717 ὑμῖν,
418 4646 495 4709 ὡς
517 4643 897 4708 ἀντιτάξεσθαι
924 4647 988 4717 τῇ
1021 4643 1343 4715 ἀνικήτῳῌ)
1374 4643 1551 4715 βουλῇ,
1585 4647 1678 4698 καὶ
1704 4662 1804 4697 κα-

229 4738 788 4795 κῶσαιδύνασοαιτὸν
819 4741 946 4811 παρ’
969 4739 1134 4793 αὑτοῦ
1178 4738 1568 4810 βοηθούμενονς
1601 4740 1804 4793 Οὐκοῦν

231 4837 394 4906 εἴπερ
443 4833 586 4895 τινές
641 4827 781 4902 ἦσαν
815 4833 1102 4900 νουνεχεῖς,
1157 4832 1206 4883 οἱ
1248 4831 1590 4901 Γραμματεῖς
1621 4848 1676 4883 τε
1711 4832 1804 4885 καὶ

227 4926 534 4995 Φαρισαῖοι,
566 4921 886 4991 ἀπόσχοιντο
912 4920 977 4973 ἂν
1004 4920 1112 4972 τῶν
1138 4922 1258 4972 κατ’
1292 4919 1448 4973 αὑτοῦ
1476 4920 1801 4991 σκεμμάτων

229 5034 288 5071 τε
311 5017 409 5070 καὶ
441 5014 877 5086 ἐγχειρημάτων,
899 5011 988 5065 διὰ
1015 5011 1305 5083 προφητῶν
1331 5011 1496 5079 ἁγίων
1535 5028 1806 5082 προεγνω-

233 5109 415 5170 κότες,
485 5106 562 5168 ὠς
615 5106 714 5157 οὐκ
773 5103 838 5156 ἂν
911 5103 1183 5173 ἰσχύσειαν
1244 5102 1493 5173 ἀδικῆσαι
1550 5103 1799 5172 Χριστὸν,

230 5199 363 5252 θεὸν
408 5198 540 5250 ὅντα
583 5196 676 5249 καὶ
715 5194 938 5265 Κύριον,
1004 5195 1097 5247 καὶ
1135 5194 1260 5246 Υἱὸν
1295 5193 1542 5264 ἀληθινὸν
1570 5193 1658 5247 τοῦ
1687 5195 1800 5247 Πα-

231 5291 360 5361 τρός

308 5401 327 5432 ι
381 5381 510 5435 Ἰδοὺ
536 5378 741 5451 Κύριος
767 5378 970 5451 Κύριος
1011 5376 1264 5448 βοηθήσει
1288 5393 1410 5447 μοι·
1446 5377 1529 5440 τίς
1563 5375 1800 5430 κακώσει

237 5490 340 5544 με;
377 5473 509 5527 Ἰδοὺ
544 5473 743 5534 πάντες
774 5473 930 5541 ὑμεῖς
970 5471 1046 5533 ὡς
1091 5471 1302 5540 ἱμάτιον
1341 5467 1800 5539 παλαιωθήσεσθε,

234 5569 329 5620 καὶ
379 5564 477 5636 σὴς
511 5565 890 5634 καταφάγεται
931 5563 1092 5632 ὑμᾶς.
1127 5582 1145 5612 ι
1189 5561 1262 5613 Δι’
1293 5556 1365 5615 ὧν
1411 5560 1658 5630 σημαίνει
1704 5559 1802 5630 τὴν

239 5662 538 5716 παλαίωσιν
570 5662 666 5732 τῆς
694 5660 813 5714 κατ’
847 5657 1010 5714 αὐτοῦ
1042 5657 1356 5727 σωματικῆς
1379 5656 1628 5728 λατρείας
1651 5673 1664 5685 ο
1703 5655 1805 5708 πά-

237 5769 300 5809 νυ
347 5752 456 5823 γάρ
506 5751 566 5805 τὸ
599 5748 991 5820 παλαιούμενον
1035 5749 1126 5799 καὶ
1158 5746 1427 5815 γηράσκον
1469 5747 1632 5816 ἐγγὺς
1668 5747 1804 5816 ags-

311 5843 393 5918 (-l)
427 5845 692 5915 Ἀκινήτῳ
718 5843 842 5914 legit
872 5844 1154 5914 interpru-s.
1189 5839 1342 5896 Ιίυιτ.

1912 4642 2034 4697 silio
2081 4651 2136 4695 et
2186 4639 2448 4693 voluntati
2488 4638 2754 4692 obsistere
2793 4633 3002 4696 valeat,
3040 4641 3095 4685 et
3127 4631 3243 4697 ejus
3289 4629 3494 4684 auxilio

1913 4735 2174 4790 fruentem
2205 4730 2520 4801 opprimat?
2557 4730 2740 4798 Itaque
2769 4726 2814 4779 si
2850 4727 2940 4794 qui
2983 4727 3035 4779 in
3079 4717 3389 4779 Scribarum
3438 4733 3494 4778 et

1915 4825 2305 4879 Pharisazorum
2339 4835 2498 4891 grege
2539 4821 2828 4890 prudentes
2844 4816 3088 4870 homines
3121 4815 3368 4877 fuissent,
3397 4812 3494 4868 al.-

1909 4919 2172 4973 slitissent
2201 4916 2385 4984 utique
2404 4930 2432 4967 a
2459 4911 2908 4966 machinamentis
2928 4920 2984 4963 et
3005 4905 3496 4976 conspirationibus

1909 5017 2172 5066 adversus
2200 5025 2322 5062 cum
2365 5006 2646 5069 conﬂatis;
2685 5019 2809 5057 cum
2855 5012 3169 5058 sanctormn
3203 5002 3493 5070 propheta-

1911 5117 2026 5154 rmn
2086 5099 2394 5153 testimonio
2431 5096 2818 5166 prospicerent,
2859 5107 2918 5147 se
2957 5110 3060 5146 non
3101 5105 3258 5160 posse
3299 5089 3494 5142 Ia'dero

1906 5194 2200 5255 Christum,
2225 5192 2315 5260 qui
2354 5189 2491 5245 Deus
2519 5199 2572 5242 et
2596 5187 2870 5253 Dominus,
2899 5201 2961 5240 ac
2999 5200 3156 5239 verus
3192 5181 3366 5236 Patris
3398 5181 3491 5234 [τί-ι

1909 5285 2011 5338 lius
2047 5294 2210 5338 esset.

1981 5375 2143 5430 Vens.
2177 5376 2230 5430 9.
2277 5395 2296 5427 ι
2343 5375 2480 5430 Ecce
2538 5374 2799 5431 Dominus
2841 5370 3099 5428 Dominus
3143 5363 3495 5420 auxiliabitur

1910 5467 2043 5521 mihi
2079 5484 2093 5520 :
2134 5466 2255 5536 quis
2301 5465 2457 5520 laedet
2493 5480 2578 5519 me
2622 5464 2819 5519 ?Ecce
2859 5479 2955 5518 vos
2996 5474 3185 5516 omnes
3233 5467 3488 5526 tauquam

1913 5559 2292 5614 vestimentum
2335 5559 2700 5622 vetcrascetis,
2747 5568 2801 5611 et
2847 5557 2989 5611 tinea
3036 5553 3284 5617 comedet
3318 5565 3431 5608 vos.
3459 5569 3484 5605 ι

1912 5654 2074 5720 Queis
2104 5653 2370 5722 signilicat
2419 5651 2805 5721 antiquandam
2852 5650 2965 5705 fore
3014 5661 3328 5716 corporeum
3367 5643 3486 5701 cul-

1913 5755 2022 5802 tmn
2069 5765 2080 5802 :
2134 5743 2392 5817 quidquid
2434 5743 2578 5799 enim
2614 5744 2928 5816 antiquatur
2962 5752 3015 5800 et
3066 5737 3336 5806 senescit,
3366 5735 3487 5795 rui-
