3968 6498
464 393 572 450 445
1133 388 1402 446 EUSEBII
1442 391 1929 450 CAESARIENSIS
1977 392 2120 449 DPP.
2161 390 2340 447 PARS
2378 389 2466 446 Ill.
2524 419 2573 432 -
2616 387 3024 445 EXEGETICA.
3596 383 3723 440 M5

463 532 546 570 uae
566 514 862 584 proximum
894 519 998 568 est.
1037 510 1142 568 l‘er
1178 516 1376 569 tineam
1402 531 1532 570 vero
1564 517 1710 586 ipsos
1745 519 2023 573 comeden-

2152 515 2338 587 ἰσμοῦ.
2374 516 2520 584 Σῆτα
2561 513 2618 567 δέ
2665 512 2884 567 καὶτὸν
2933 508 3448 582 καταϐιϐρώσκοντα
3499 507 3712 569 αὐτοὺς

464 618 594 669 tem.
627 603 1006 660 conscientiam
1044 603 1307 659 scelerum
1334 607 1404 660 ab
1437 607 1566 675 ipsis
1604 618 2031 678 perpetratorum

2152 606 2231 678 τὴν
2263 606 2564 676 συνείδησιν
2599 598 2673 657 ὧν
2709 605 3070 675 τετολμήκασι
3100 601 3267 671 δηλοῖ,
3304 601 3462 672 δίκην
3489 599 3720 670 σκώλη-

459 699 748 769 signiﬂcat,
779 711 898 764 quae
940 697 1108 750 instar
1133 699 1334 752 vermis
1373 699 1606 752 animam
1651 701 1863 754 exedet.
1897 699 2036 754 Gen-

460 790 590 842 tiuut
614 787 808 857 quippe
823 786 1229 841 conversionem
1249 788 1312 840 ad
1335 785 1521 853 Deum,
1545 802 1606 842 ac
1628 787 1857 853 ruinam,
1875 804 2034 859 quam

458 877 757 946 impietatis
788 891 898 931 suae
922 877 1094 943 fcausa
1134 877 1529 944 sustinuerunt,
1556 879 1972 950 conspicientes,
2005 896 2037 934 a

455 968 792 1024 conscientia
816 969 1160 1023 stimulantur
1183 979 1237 1024 et
1269 971 1608 1028 devorantnr.

533 1059 697 1114 Vens.
729 1060 814 1114 lO.
840 1079 858 1111 ι
879 1060 1008 1126 Quis
1031 1071 1115 1115 est
1145 1061 1202 1114 in
1233 1063 1388 1116 vobis
1411 1063 1499 1130 qui
1533 1064 1684 1117 timet
1718 1063 2036 1118 Dominum?

458 1147 649 1203 audiat
675 1163 856 1203 vocem
899 1151 1044 1217 pueri
1078 1150 1212 1219 ejus.
1269 1150 1615 1206 Ambulatttes
1667 1153 1722 1205 in
1781 1152 2034 1220 tenebris,

458 1251 519 1296 et
554 1255 658 1295 non
691 1249 772 1295 est
806 1242 884 1317 eis
915 1241 1027 1305 lux,
1071 1244 1326 1297 confidite
1364 1245 1416 1298 in
1451 1246 1671 1298 nomine
1717 1245 1954 1310 Domini,
1985 1257 2040 1302 et

464 1331 757 1388 ittnitimini
789 1331 916 1387 Deo.
949 1352 967 1385 ι
994 1333 1176 1405 Neque
1210 1338 1352 1390 enim
1384 1336 1504 1389 volo
1529 1346 1755 1389 mortem
1787 1347 2040 1404 peccato-

463 1426 564 1486 ris,
587 1423 728 1478 sicut
760 1427 1129 1492 pmnitentiam
1174 1428 1312 1496 ejus.
1339 1427 1516 1494 Quare
1553 1428 1714 1481 etiam
1762 1444 1903 1482 nunc
1948 1443 2040 1484 vos

458 1523 651 1574 evoco,
679 1512 770 1579 qtti
820 1511 873 1565 in
909 1511 1148 1569 tenebris
1195 1515 1513 1583 ignorantia:
1560 1517 1872 1570 versamini.
1907 1515 2039 1571 Cum

461 1611 644 1655 autem
671 1617 892 1671 puerum
920 1603 1010 1658 Dei
1030 1619 1148 1659 sese
1171 1617 1467 1674 nuncupat,
1494 1605 1894 1674 intelligendum
1915 1623 2042 1676 pra:-

461 1691 578 1752 bet,
604 1707 684 1755 se.
713 1693 803 1763 qui
834 1695 994 1748 homo
1017 1694 1192 1749 factus
1215 1707 1317 1760 est,
1342 1713 1526 1752 verum
1556 1698 1643 1753 Dei
1664 1699 1910 1755 etPatris
1940 1703 2032 1755 lilio

463 1799 554 1836 um
571 1787 880 1854 essetquod
904 1803 1031 1842 vero
1049 1805 1149 1843 vox
1171 1789 1287 1856 ejus
1301 1792 1564 1844 audi‘enda
1593 1792 1751 1854 foret,
1770 1792 1821 1846 id
1841 1809 2040 1862 nequa-

463 1891 626 1942 quam
655 1875 786 1945 legis
816 1882 1175 1948 transgressio
1207 1891 1347 1946 erat,
1390 1883 1484 1935 sed
1517 1883 1862 1938 conﬁrmatio
1887 1887 2039 1955 legis,
2073 1863 2113 1916 Β

460 1983 584 2036 qua:
609 1983 704 2036 per
737 1969 966 2038 liguram,
989 1979 1045 2025 et
1073 1974 1342 2037 umbram,
1383 1973 1664 2028 veritatem
1697 1974 2038 2031 delineabat:

463 2074 583 2126 qua:
610 2069 690 2113 est
712 2059 824 2129 ipse
856 2060 994 2116 Dens
1021 2072 1076 2118 et
1097 2061 1214 2132 ejus
1240 2064 1510 2118 vaticinia.

534 2239 701 2297 Vens.
731 2241 815 2297 ll.
855 2259 873 2292 ι
904 2240 1044 2297 Ecce
1081 2256 1177 2297 vos
1199 2256 1386 2296 omnes
1418 2242 1598 2313 ignem
1633 2242 1953 2308 accenditis,
1989 2251 2044 2298 et

461 2335 828 2391 corroboratis
875 2334 1142 2387 ﬂammam
1182 2353 1195 2388 :
1233 2333 1502 2389 ambulate
1549 2334 1602 2388 in
1657 2333 1858 2388 lumine
1907 2334 2044 2405 ignis

463 2425 632 2480 vestri
671 2433 727 2480 et
771 2426 823 2480 in
860 2423 1073 2478 llantuta
1101 2439 1261 2493 quant
1292 2425 1670 2479 succendistis.
1703 2423 1932 2492 Propter
1958 2438 2043 2478 nte

467 2516 609 2572 {acta
646 2528 770 2573 sunt
794 2518 906 2574 haec
935 2520 1105 2580 vobis,
1131 2526 1186 2572 et
1219 2517 1272 2571 in
1303 2531 1534 2570 mterore
1564 2517 1865 2571 dorntietis.
1893 2536 1912 2568 ι
1940 2514 2042 2570 So-

465 2610 576 2665 lum
602 2611 862 2675 accedite,
903 2621 957 2666 et
985 2611 1218 2672 obcdite,
1245 2623 1309 2662 ac
1333 2609 1558 2662 salutem
1596 2607 1866 2677 pollicenti
1892 2608 2044 2661 vobis

465 2701 690 2756 credite.
721 2699 845 2764 Sed,
883 2709 942 2754 ut
979 2701 1155 2763 video,
1175 2713 1269 2752 vos
1299 2698 1367 2752 ab
1403 2699 1548 2750 omni
1581 2697 1720 2752 bona
1751 2696 2045 2765 spe'seclu-

466 2793 646 2858 sistis,
686 2801 922 2846 vestrum
951 2803 1132 2846 autem
1160 2792 1336 2858 ignem
1372 2790 1581 2861 augetis
1614 2800 1668 2843 et
1699 2790 1963 2844 roboratis
1989 2788 2042 2843 ira

467 2885 849 2940 incredulitate
870 2894 1072 2950 vestra,
1103 2893 1158 2938 et
1185 2885 1235 2938 in
1268 2884 1618 2952 blasphemiis
1641 2883 1840 2937 vestris
1865 2897 2046 2950 persc-

466 2969 741 3044 vei'an'tes,
788 2977 1046 3046 illumque
1089 2977 1278 3030 aeterni
1315 2975 1558 3044 supplicii
1607 2975 1783 3044 ignem
1827 2976 1917 3042 qui
1952 2989 2047 3027 vos

464 3081 766 3142 exspectat,
803 3073 974 3140 magis
1023 3069 1297 3139 magisque
1348 3067 1664 3131 accenditis,
1697 3066 2044 3136 quamobrem

2134 713 2228 760 κος
2289 693 2680 764 κατεσθιούσης
2733 694 2833 764 τὴν
2876 693 3072 764 ψυχήν.
3133 691 3398 763 Ὀρῶντες
3444 691 3553 761 γὰρ
3605 690 3716 758 τὴν

2133 786 2240 839 τῶν
2292 784 2459 839 ἐθνῶν
2505 786 2642 856 πρὸς
2679 785 2808 838 Θεὸν
2848 783 3197 856 ἐπιστροφὴν,
3230 783 3324 836 καὶ
3367 781 3464 853 τὴν
3496 781 3716 834 ἑαυτῶν

2137 877 2469 940 ἀπόπτωσιν,
2529 877 2594 947 ἦν
2635 875 2930 946 ὑπέμειναν
2963 874 3049 927 διά
3097 873 3194 937 τὰς
3221 872 3472 934 ἀσεϐείας
3497 871 3709 933 αὐτῶν,

2139 969 2244 1024 ὑπὸ
2257 969 2355 1038 τῆς
2385 967 2740 1037 συνειδήσεως
2766 964 3154 1037 τιτρώσκονται
3181 967 3273 1019 καὶ
3301 964 3708 1018 κατεσθίονται.

2212 1080 2230 1113 ι
2267 1059 2359 1123 Τίς
2381 1061 2438 1112 ἐν
2459 1061 2585 1130 ὑμῖν
2606 1061 2634 1112 6
2657 1057 2986 1129 φοϐούμενος
3011 1058 3102 1112 τὸν
3132 1057 3333 1129 Κύριον
3357 1074 3371 1124 ;
3400 1055 3716 1110 ὑπακουσὰ-

2136 1167 2214 1203 τω
2259 1150 2358 1221 τῆς
2391 1149 2575 1219 φωνῆς
2598 1148 2691 1201 τοῦ
2728 1147 2914 1211 παιδὸς
2945 1147 3132 1203 αὑτοῦ.
3167 1149 3229 1202 Οἱ
3257 1147 3610 1219 πορευόμενοι
3652 1147 3715 1198 ἐν

2140 1242 2340 1307 σκότει,
2366 1241 2459 1294 καὶ
2492 1241 2590 1294 οὑκ
2616 1241 2761 1294 ἐστιν
2793 1240 2974 1303 αὑτοῖς
3001 1240 3143 1309 φῶς,
3173 1239 3466 1293 πεποίθατε
3505 1238 3601 1290 ἐπὶ
3630 1236 3717 1308 τῷ

2138 1334 2356 1405 ὀνόματι
2385 1332 2607 1405 Κυρίου,
2658 1334 2752 1386 καλ⁹
2791 1330 3238 1404 ἀντιστηρίσασθε
3269 1329 3362 1383 ἐπὶ
3402 1329 3478 1403 τῷ
3505 1327 3648 1398 Θεῷ.
3689 1348 3711 1380 ι

2140 1427 2216 1480 Οὑ
2241 1424 2348 1496 γὰρ
2380 1423 2634 1494 βούλομαι
2658 1423 2748 1476 τὸν
2771 1422 2996 1477 θάνατον
3020 1419 3112 1474 τοῦ
3141 1416 3487 1490 ἀμαρτωλοῦ,
3505 1417 3583 1480 ὡς
3611 1416 3719 1488 τὴν

2144 1517 2430 1588 μετάνοιαν
2461 1514 2646 1570 αὑτοῦ.
2680 1515 2839 1568 Ὅθεν
2871 1513 2950 1566 ἔτι
2990 1513 3086 1566 καὶ⁵
3116 1510 3211 1565 νῦν
3245 1512 3388 1581 ὑμᾶς
3409 1509 3721 1564 ἀνακαλοῦ-

2145 1624 2261 1676 μαι,
2289 1607 2346 1658 ἐν
2375 1604 2450 1675 τῷ
2477 1604 2576 1674 τῆς
2605 1603 2824 1672 ἀγνοίας
2855 1604 3028 1674 σκότῳ
3055 1602 3437 1672 τυγχάνοντας.
3488 1600 3721 1655 Ἑαυτὸν

2111 1698 2198 1751 ,δὲ
2248 1697 2410 1751 παῖδα
2454 1695 2587 1749 Θεοῦ
2641 1696 2833 1764 λέγων,
2874 1695 3058 1766 ἐφίησι
3087 1697 3245 1757 νοεῖν,
3279 1695 3382 1757 ὅτι,
3427 1691 3720 1764 ἄνθρωπος

2143 1791 2400 1862 γεγονὼς,
2435 1790 2545 1853 υἱός
2578 1791 2722 1842 ἐστιν
2754 1787 3005 1860 ἀληθινὸς
3043 1788 3136 1841 τοῦ
3171 1786 3302 1840 Θεοῦ
3342 1786 3433 1839 καὶ
3457 1786 3675 1857 Πατρός
3699 1803 3715 1816 ·

2142 1886 2235 1938 καὶ
2259 1883 2319 1937 τὸ
2345 1883 2573 1938 ἀκοῦσαι
2600 1883 2698 1952 τῆς
2719 1881 2880 1934 αὑτοῦ
2905 1882 3088 1952 φωνῆς
3121 1881 3181 1934 οὑ
3215 1879 3378 1950 νόμου
3402 1877 3719 1948 παράϐασις

2139 1974 2227 2050 ῆν,
2258 1977 2394 2031 ἀλλὰ
2431 1976 2716 2048 βεϐαίωσις
2744 1975 2932 2045 νόμου,
2963 1973 3051 2026 διὰ
3083 1972 3252 2025 τύπου
3280 1972 3372 2024 καί
3398 1972 3558 2033 σκιᾶς
3583 1986 3720 2040 προ-

2141 2072 2540 2142 αναγρᾶφοντος
2562 2071 2659 2141 τὴν
2681 2067 2936 2139 ἀλήθειαν
2957 2107 2971 2134 ,
2996 2066 3114 2136 ἥτις
3141 2065 3287 2118 ἐστὶν
3311 2065 3339 2116 6
3364 2062 3495 2126 Θεὸς
3523 2063 3620 2117 καὶ
3649 2060 3720 2115 τὰ

2142 2164 2306 2220 αὐτοῦ
2338 2162 2699 2233 θεσπίσματα.

2217 2274 2237 2308 ι
2283 2256 2411 2310 Ίδοὺ
2443 2256 2641 2318 πάντες
2670 2255 2826 2326 ὑμεῖς
2863 2252 2977 2328 πῦρ
3003 2269 3205 2318 κα.ετε,
3248 2269 3343 2326 και.
3389 2249 3720 2319 κατισχύετε

2144 2347 2346 2417 φλόγα’
2381 2345 2677 2417 πορεύεσθε
2706 2344 2784 2414 τῷ
2821 2345 2959 2414 φωτὶ
2998 2343 3091 2397 τοῦ
3122 2342 3296 2415 πυρὸς
3319 2340 3493 2412 ὑμῶν,
3521 2340 3616 2394 καὶ
3650 2343 3719 2410 τῇ

2144 2439 2301 2508 φλογὶ
2395 2436 2742 2503 ἐξεκαύσατε.
2776 2437 2852 2489 Δι’
2875 2435 2976 2506 ἐμὲ
3010 2435 3222 2504 ἐγένετο
3251 2432 3422 2487 ταῦτα
3450 2433 3600 2502 ὑμῖν,
3622 2431 3723 2482 καὶ

2146 2534 2202 2584 ἐν
2228 2530 2372 2602 λύπῃ
2405 2528 2820 2600 κοιμηθήσεσθε.
2860 2549 2880 2580 ι
2912 2529 3084 2582 Μόνον
3117 2528 3300 2598 ἥκετε,
3340 2525 3434 2578 καλ⁹
3473 2521 3723 2576 ὑπακού-

2145 2639 2295 2686 σατε,
2337 2619 2783 2691 ἐπαγγελλομένῳ
2811 2636 2868 2672 τε
2905 2619 3030 2690 ὑμῖν
3055 2617 3326 2688 σωτηρίαν
3365 2614 3719 2668 πιστεύσατε.

2157 2713 2292 2767 Ἀλλ’
2320 2714 2395 2776 ὡς
2433 2713 2561 2784 ὁρῶ,
2611 2712 2789 2782 πάσης
2838 2710 2934 2781 μὲν
2977 2708 3186 2778 ἀγαθῆς
3233 2706 3444 2769 ἐλπίδος
3493 2705 3722 2768 ἑαυτοὺς

2145 2806 2476 2884 ἀποκλείετε,
2502 2805 2560 2858 τὸ
2579 2805 2634 2858 δὲ
2658 2804 2836 2856 αὐτῶν
2867 2802 2976 2875 πῦρ
3010 2801 3273 2874 σωρεύετε
3308 2799 3404 2852 καὶ
3440 2798 3723 2868 κατισχύε-

2143 2916 2202 2952 τε
2234 2900 2300 2970 τῇ
2329 2883 2537 2950 ’ἐαυτῶν
2560 2897 2909 2967 ἐπιμένοντες
2938 2892 3162 2962 ἀπιστίᾳ
3185 2891 3277 2945 καὶ
3298 2893 3418 2952 ταῖς
3438 2891 3560 2942 κατ’
3583 2887 3721 2960 ἐμοῦ

2147 2986 2533 3057 βλασφημίαις,
2557 2987 2650 3038 καὶ
2678 2984 2738 3038 τὸ
2765 2981 3055 3053 περιμένον
3084 2981 3228 3050 ὑμᾶς
3255 2978 3354 3049 τῆς
3380 2977 3598 3031 αἰωνίου
3625 2992 3721 3028 κο-

2145 3079 2353 3142 λάσεως
2379 3078 2487 3150 πῦρ
2517 3075 2770 3148 μειζόνως
2795 3075 3147 3140 ἐξάπτοντεςο
3173 3073 3252 3126 διὸ
3289 3073 3384 3126 καὶ
3417 3091 3434 3123 ι
3487 3073 3544 3123 ἐν
3575 3069 3723 3142 λύπῃ

473 3183 497 3216 α
531 3164 583 3218 itt
617 3177 847 3218 mmrore
895 3161 1206 3226 dormietis;
1248 3177 1266 3211 ι
1309 3159 1422 3214 sive
1451 3158 1748 3214 secundum
1801 3156 2045 3226 Symma-

2152 3169 2548 3242 κοιμηθήσεσθε
2571 3187 2584 3199 ·
2629 3188 2647 3222 ι
2683 3169 2715 3239 ἢ
2750 3168 2889 3222 κατὰ
2933 3166 3024 3219 τὸν
3053 3165 3370 3235 Σύμμαχον,
3410 3181 3429 3215 ι
3464 3163 3523 3216 ἐν
3558 3162 3720 3233 ὀδύνῃ

469 3257 655 3318 cltum,
691 3272 711 3307 ι
755 3255 808 3308 itt
833 3255 1028 3309 .dolore
1063 3252 1359 3308 dormietis.
1396 3270 1415 3303 ι

1063 3363 1290 3419 CAPUT
1333 3363 1416 3419 Ll.

545 3482 705 3538 Vens.
731 3482 811 3535 1.(
827 3480 1039 3543 Audite,
1061 3480 1148 3547 qui
1171 3477 1554 3549 persequimini
1577 3477 1930 3544 quodjustum
1948 3485 2050 3540 est,

470 3584 526 3630 et
555 3576 643 3644 qui
675 3575 919 3644 quaeritis
964 3573 1274 3627 Dominum.
1314 3589 1332 3623 ι
1379 3572 1512 3636 Quia
1565 3570 1786 3624 immani
1827 3570 2052 3623 stultil-ia

469 3667 728 3722 obcmcati
755 3664 1058 3719 Judaaorum
1093 3663 1272 3733 populi
1318 3663 1657 3733 unigenitum
1687 3663 1778 3717 Dei
1818 3663 2052 3717 Verbum

470 3759 528 3812 in
564 3757 729 3811 forma
783 3769 991 3822 nostra,
1026 3758 1077 3812 id
1107 3765 1190 3812 est
1230 3756 1499 3810 hominem
1535 3755 1736 3808 factum
1787 3756 2052 3820 videntes,

468 3851 588 3916 ejus
617 3849 927 3919 mysterium
957 3865 1060 3904 non
1087 3848 1462 3903 intellexerunt
1493 3849 1621 3903 :sed
1649 3849 1881 3903 amentia
1908 3847 2054 3902 ducti

472 3957 589 4006 sua,
615 3942 926 4011 plerumque
962 3942 1133 4011 ipsum
1163 3939 1492 4008 blasphemis
1515 3939 1676 3992 dictis
1719 3938 2056 4008 impudenter

470 4035 813 4090 incessebant
847 4051 863 4088 ι
895 4049 1041 4096 nam,
1078 4044 1134 4085 ut
1161 4031 1319 4099 paulo
1347 4039 1472 4083 ante
1500 4029 1906 4095 dixi,eximiam
1939 4029 2053 4098 glo-

471 4129 607 4181 riam
658 4137 712 4182 et
766 4127 1018 4180 virtutem
1073 4140 1223 4180 suam
1281 4123 1409 4193 ipsis
1461 4123 1745 4194 perspicue
1795 4121 2053 4186 declarat,

468 4227 632 4288 atque
669 4234 853 4274 corunt
906 4217 1166 4287 quosdam
1204 4234 1271 4271 ne
1310 4233 1367 4271 se
1393 4216 1538 4286 parvi
1571 4215 1926 4278 acStimareut,
1963 4213 2057 4267 de-

473 4317 639 4365 lerret
684 4311 767 4366 his
817 4311 1018 4372 verbis,
1055 4327 1073 4361 ι
1113 4309 1374 4364 Conlidite
1423 4309 1475 4361 in
1528 4307 1788 4372 Domino;
1829 4326 1846 4356 ι
1902 4322 2058 4374 aper-

471 4404 680 4458 tissime
717 4405 879 4473 igitur
906 4419 966 4457 se
1001 4401 1281 4455 Dominum
1313 4411 1366 4455 et
1405 4401 1570 4454 Deum
1605 4414 1725 4454 esse
1759 4399 1908 4463 dicit,
1941 4397 2055 4466 qui,

470 4497 548 4548 uti
574 4496 684 4562 jam
713 4496 856 4559 dixi,
889 4494 1133 4548 homines
1163 4496 1419 4560 deterret,
1459 4509 1525 4546 ne
1566 4494 1630 4547 de
1671 4507 1728 4546 se
1767 4490 2056 4544 humiliore

2155 3263 2572 3336 κοιμηθήσεσθε.
2611 3279 2631 3313 ι

2647 3373 3038 3428 ΚΕΦΑΛΑῘΟΝ
3085 3373 3210 3426 NA'.

2229 3509 2246 3539 ι
2300 3489 2606 3553 Ἀκούσατε,
2642 3490 2690 3540 οἱ
2718 3487 3003 3550 διώκοντες
3027 3485 3084 3538 τὸ
3109 3485 3334 3550 δίκαιον,
3365 3483 3458 3537 καὶ
3497 3480 3724 3554 ζητοῦν-

2152 3598 2242 3643 τες
2261 3581 2351 3632 τὸν
2377 3580 2593 3652 Κύριον’.
2627 3600 2644 3632 ι
2684 3578 2900 3649 Ἐπειδὴ
2924 3580 2988 3630 ἐκ
3019 3577 3217 3647 πολλῆς
3241 3577 3377 3645 ἄγαν
3394 3573 3724 3644 ἀϐελτηρίας

2154 3671 2202 3722 οἱ
2231 3670 2336 3722 τῶν
2371 3660 2632 3724 Ἰουδαίων
2659 3670 2816 3741 δῆμοι
2840 3668 2931 3722 τὸν
2962 3671 3220 3739 μονογενῆ
3253 3666 3347 3719 τοῦ
3381 3665 3514 3719 Θεοῦ
3551 3666 3724 3733 Λόγον

2154 3761 2385 3834 ὁρῶντες
2417 3762 2474 3814 ἐν
2508 3761 2630 3815 εἴδει
2674 3761 2750 3832 τῷ
2781 3760 2898 3814 καθ’
2932 3762 3100 3831 ἡμᾶς,
3142 3757 3388 3812 τουτέστι
3433 3758 3723 3828 γενόμενον

2156 3853 2455 3924 ἄνθρωπον,
2489 3854 2547 3905 οὑ
2581 3853 2828 3905 συνίεσαν
2866 3851 2966 3922 μὲν
2996 3851 3055 3902 τὺ
3087 3850 3171 3903 ἐπ’
3205 3849 3351 3920 αὑτῷ
3386 3849 3681 3919 μυστήριον
3704 3863 3718 3877 ⁸

2155 3945 2533 4009 ἀσυνετοῦντες
2578 3945 2634 3997 δὲ
2681 3942 3004 4013 πλεισταχοῦ
3063 3940 3439 4012 παλιμφήμοις
3492 3938 3724 3992 ἐλύπουν

2158 4040 2359 4106 φωναῖς
2387 4036 2610 4099 ἀναιδῶς
2631 4053 2642 4065 ·
2679 4034 2928 4106 καθάπερ
2962 4034 3069 4105 γὰρ
3104 4032 3239 4103 ἔφην
3270 4031 3491 4103 ἀρτίως,
3519 4030 3722 4101 ἐναργῆ

2159 4130 2472 4200 καθίστησιν
2505 4127 2683 4187 αὑτοῖς
2716 4126 2813 4198 τὴν
2851 4124 3398 4196 σεμνοπρεπεστάτην
3428 4122 3591 4176 αὑτοῦ
3631 4123 3720 4176 δό-

2160 4222 2252 4286 ξαν
2284 4240 2342 4274 τε
2374 4222 2464 4274 καὶ
2493 4221 2735 4289 δύναμιν,
2767 4217 2862 4271 καὶ
2899 4217 2991 4270 τοῦ
3025 4216 3194 4288 μικρά
3223 4218 3436 4286 φρονεῖν
3463 4216 3548 4267 ἐπ’
3575 4213 3724 4284 αὑτῷ

2161 4311 2438 4383 βούλεσθαί
2467 4327 2612 4373 τινας
2636 4309 2981 4380 ἀποκομίζει,
3026 4308 3218 4376 λέγων,
3253 4327 3270 4358 ι
3297 4305 3596 4358 Πεποίθατε
3632 4305 3725 4357 ἐπὶ

2159 4405 2236 4475 τῷ
2255 4405 2454 4475 Κυρίῳ.
2500 4423 2516 4454 ι
2561 4403 2958 4473 Ἐναργέστατα
2985 4400 3048 4470 δὴ
3069 4397 3159 4454 οὖν
3186 4399 3388 4472 Κύριον
3412 4397 3602 4452 ἐαυτὸν
3631 4398 3726 4450 καὶ

2161 4498 2290 4550 Θεὸν
2320 4494 2452 4548 εἷναί
2478 4513 2657 4565 φησιν,
2682 4493 3052 4565 ἀποκομίζων,
3091 4493 3166 4556 ὡς
3198 4492 3354 4563 ἔφην,
3380 4491 3473 4544 τοῦ
3518 4507 3724 4561 χαμαι-

469 4588 633 4644 modo
679 4588 912 4641 sentiant
947 4595 1001 4638 et
1030 4587 1334 4653 loquantur.
1373 4601 1392 4634 ι
1439 4583 1712 4654 ReSpicite
1748 4583 1799 4636 itt
1841 4583 2045 4636 lii-mam

2155 4582 2332 4644 πετῶς
2361 4583 2486 4652 περὶ
2518 4582 2676 4634 αὑτοῦ
2712 4581 2993 4651 βούλεσθαι
3039 4585 3252 4652 φρονεῖν
3283 4598 3343 4634 τε
3390 4581 3484 4632 καὶ
3525 4579 3723 4647 λέγειν.

468 4691 705 4749 petram,
738 4693 898 4748 quam
932 4679 1228 4736 excidistis.
1261 4691 1316 4733 et
1345 4681 1396 4734 in
1427 4680 1633 4734 foveant
1668 4678 1840 4740 lacus,
1884 4692 2045 4745 quam

467 4770 750 4825 cﬂodistis.
789 4788 807 4821 ι
839 4769 1062 4823 Videtur
1087 4771 1168 4825 bis
1193 4772 1538 4827 subindicare
1575 4772 1717 4824 illaut
1749 4771 1918 4839 ipsum
1951 4784 2048 4836 pe-

469 4870 612 4914 tram
636 4900 650 4923 ,
674 4875 793 4924 ante
825 4859 1122 4917 Salvatoris
1151 4878 1346 4933 corpus
1374 4864 1602 4935 excepit,
1635 4865 1686 4917 in
1712 4880 1813 4934 qua
1848 4861 2046 4931 Jusepb

468 4949 784 5018 speluncam
813 4953 1094 5005 excavavit
1128 4951 1179 5005 itt
1208 4969 1344 5008 novo
1377 4967 1728 5008 monumento
1758 4968 1876 5007 suo.

2105 4707 2111 4713 -
2161 4695 2179 4728 ι
2225 4675 2554 4745 Ἐμϐλέψατε
2588 4677 2664 4738 εἰς
2696 4675 2793 4746 τὴν
2830 4673 3053 4745 στερεὰν
3090 4675 3314 4745 πέτραν,
3352 4674 3418 4745 ἢν
3458 4673 3726 4744 ἐλατομὴ-

2155 4786 2302 4829 σατε,
2338 4767 2426 4819 καὶ
2453 4768 2530 4832 εἰς
2555 4767 2644 4820 τὸν
2675 4768 2893 4838 βόθυνον
2922 4770 3014 4823 τοῦ
3046 4770 3270 4830 λάκκου,
3312 4768 3370 4820 ὃν
3395 4765 3660 4837 ὠρύξατε.
3697 4785 3719 4818 ι

2156 4862 2367 4913 Ἔοικεν
2399 4861 2426 4911 ὁ
2446 4859 2595 4929 λόγος
2624 4860 2710 4912 διὰ
2733 4861 2936 4914 τούτων
2958 4861 3289 4915 αἰνίττεσθαι
3320 4859 3484 4930 αὐτὴν
3511 4861 3725 4929 ἐκείνην

2150 4950 2247 5021 τὴν
2277 4950 2337 5002 τὸ
2372 4949 2527 5020 σῶμα
2556 4950 2646 5002 τοῦ
2676 4952 2924 5023 Σωτῆρος
2965 4952 3369 5023 ὑποδεξαμένην
3397 4952 3624 5022 πέτραν,
3667 4953 3724 5009 ἐν

470 5037 552 5116 ᾖό
591 5043 789 5114 Ἰωσὴφ
821 5044 881 5097 τὸ
911 5045 1172 5118 σπήλαιον
1204 5045 1411 5120 ὤρυξεν
1455 5048 1513 5100 ἐν
1554 5045 1632 5118 τῷ
1675 5045 1841 5117 καινῷ
1884 5044 2054 5098 αὑτοῦ
2085 5044 2355 5116 μνημείῳ.

552 5155 708 5211 Vens.
743 5158 798 5210 2.
843 5175 860 5208 ι
893 5158 1230 5229 Respicitein
1250 5163 1521 5217 Abraham
1549 5171 1756 5232 patrem
1782 5173 2043 5230 vestrum,

2227 5181 2247 5215 ι
2298 5161 2628 5233 Ἐμϐλέψατε
2660 5161 2739 5224 είς
2777 5159 3028 5231 Ἀϐραὰμ
3056 5159 3147 5212 τὸν
3177 5157 3390 5230 πατέρα
3422 5157 3596 5228 ὑμῶν,
3635 5158 3725 5211 καὶ

469 5251 603 5305 etin
636 5249 826 5305 Saram
860 5267 979 5320 quae
1017 5253 1301 5322 parturivit
1332 5269 1425 5308 vos
1460 5275 1471 5309 :
1505 5254 1629 5322 quia
1665 5271 1799 5310 nnns
1835 5266 1971 5321 erat,
2003 5266 2045 5310 el

2154 5257 2233 5319 είς
2263 5255 2476 5326 Σάρραν
2494 5254 2588 5324 τὴν
2603 5252 2896 5304 ὠδίνουσαν
2932 5252 3106 5321 ὑμᾶς·
3138 5251 3220 5302 ὅτι
3253 5245 3332 5312 εἷς
3358 5245 3446 5320 ἦν,
3475 5248 3566 5300 καὶ
3593 5249 3718 5301 ἐκά-

472 5342 656 5395 vocavi
683 5356 830 5407 eunt,
862 5351 913 5396 et
958 5340 1205 5396 benedixi
1238 5343 1318 5407 ei,
1347 5353 1402 5396 et
1427 5342 1586 5397 dilexi
1620 5357 1765 5406 eum,
1789 5353 1844 5398 et
1876 5345 2045 5399 multi-

2152 5345 2281 5398 λεσα
2310 5343 2492 5406 αὑτὸν,
2536 5343 2627 5395 καὶ
2668 5341 2939 5410 εὑλόγησα
2973 5340 3163 5404 αὑτὸν,
3201 5340 3296 5392 καὶ
3334 5339 3593 5408 ἠγάπησα
3628 5338 3724 5390 αύ-

473 5433 667 5505 ριίείινί
717 5448 860 5489 eum.
905 5451 923 5485 ι
977 5435 1438 5502 Quemadmodum
1484 5433 1649 5503 igitur
1688 5435 1740 5488 in
1768 5437 2045 5491 iAbrahatn

2152 5437 2259 5500 τὸν,
2306 5435 2398 5488 καὶ
2449 5432 2719 5503 ἐπλήθυνα
2777 5432 2957 5488 αὑτόν.
3013 5452 3032 5485 ι
3084 5433 3292 5503 Ὥσπερ
3335 5425 3428 5484 οῦν
3480 5431 3574 5483 ἐπὶ
3633 5429 3721 5483 τὸν

475 5523 579 5578 feci
597 5565 614 5593 ,
643 5525 720 5580 sic
737 5539 804 5579 ne
825 5525 1118 5596 desperetis
1147 5541 1210 5582 ex
1237 5527 1336 5581 hac
1355 5535 1525 5593 petra,
1546 5541 1705 5593 quant
1729 5541 1824 5582 vos
1856 5529 2054 5583 excidi-

475 5615 597 5680 stis,
633 5610 917 5686 quamdam
952 5617 1141 5672 salutis
1164 5631 1310 5687 spem
1345 5615 1595 5670 omnibus
1635 5617 1938 5673 hominibus
1971 5618 2050 5673 in»

477 5714 653 5762 turam
677 5724 828 5776 esse;
855 5710 995 5779 quod
1027 5709 1099 5762 illi
1127 5725 1232 5764 non
1258 5709 1504 5777 privandi
1535 5709 1644 5765 sint
1677 5709 1763 5763 illa
1782 5709 1849 5765 ad
1879 5709 2051 5764 Abra-

477 5800 601 5859 ham
639 5803 802 5870 facta,
832 5813 885 5859 et
940 5817 1034 5873 per
1063 5817 1148 5858 mc
1190 5801 1438 5859 omnibus
1481 5803 1726 5875 gtutibus
1772 5818 1867 5875 per
1895 5804 2050 5875 hujus

2163 5525 2408 5597 Ἀϐραὰμ
2430 5524 2723 5594 πεποίηκα,
2755 5522 2926 5586 οὑτως
2957 5522 3032 5594 μὴ
3065 5521 3492 5592 ἀπογινώσκετε,
3525 5520 3600 5583 ὼς
3629 5518 3720 5573 καὶ

2155 5617 2263 5671 ἀπὸ
2287 5617 2384 5685 τῆς
2411 5617 2612 5686 πέτρας
2634 5614 2854 5685 ταύτης,
2885 5617 2951 5687 ἢν
2977 5616 3135 5686 ὑμεῖς
3156 5614 3306 5669 αὑτοὶ
3329 5612 3716 5683 ἐλατομὴσατε,

2155 5708 2306 5761 ἔσται
2330 5724 2410 5771 τις
2440 5706 2592 5770 ἐλπὶς
2625 5705 2839 5776 ἀπάσης
2872 5705 3178 5777 ἀνθρώποις
3208 5704 3500 5774 σωτηρίας,
3533 5702 3610 5765 ὡς
3646 5702 3716 5772 μὴ

2157 5798 2543 5872 ἀπολειφθῆναι
2574 5796 2666 5871 τῆς
2699 5798 2832 5871 πρὸς
2861 5799 2971 5860 τὸν.
2989 5799 3238 5873 Ἀϐραὰμ
3262 5795 3592 5867 ἐπαγγελίας
3621 5795 3718 5867 τὴν
