3968 6512
291 426 415 484 445

1265 419 1767 477 COMMENTARIA
1804 421 1870 475 IN
1910 418 2162 477 ISAIAM.
2204 448 2270 460 —
2309 420 2462 477 CAP.
2502 420 2587 477 LI.

3428 425 3543 486 M6

291 545 671 619 δοθησομένην
702 543 873 599 ἅπασι
898 545 1010 607 τοῖς
1034 543 1239 597 ἔθνεσιν
1262 545 1319 612 ἐξ
1341 545 1472 617 ἐμοῦ
1494 546 1578 613 διά
1608 547 1704 616 τῆς
1731 548 1873 618 εἰρη-

1985 554 2135 610 petra:
2164 546 2385 614 gratiam
2415 547 2609 611 danda,
2646 546 3014 615 promissione.
3034 544 3191 603 Petra
3225 548 3401 619 itaque
3424 559 3546 607 erat

298 641 475 712 μένης
501 640 707 708 πέτρας
731 638 911 709 χάριν.
945 632 1052 689 Ἦν
1092 636 1191 707 μὲν
1222 633 1313 690 οὖν
1334 638 1505 709 πέτρα
1536 638 1708 691 καὶτὸ
1731 640 1870 709 σπή-

293 734 452 785 λαιον
479 730 865 799 ὃσὲλατόμησεν
902 731 930 782 6
966 728 1160 799 Ἰωσὴφ
1191 730 1268 792 είς
1293 732 1552 800 μνημεῖον
1572 746 1585 760 ·
1618 729 1749 783 ἀλλά
1782 731 1872 783 καὶ

291 822 395 875 τὸν
418 821 650 892 Χριστὸν
696 818 854 873 αὑτὸν
901 814 1037 872 οἶδεν
1078 821 1106 873 6
1137 819 1277 883 θεῖος
1310 820 1625 883 Ἀπόστολος
1670 820 1871 891 πέτραν

292 914 612 983 ὀνομάζειν,
664 913 867 981 λέγων,
908 932 924 964 ι
973 913 1035 965 Ἡ
1087 912 1145 965 δὲ
1197 912 1369 983 πέτρα
1416 908 1482 983 ἦν
1510 912 1811 982 δΧριστύς.
1850 931 1867 963 ι

306 1006 536 1077 Ἐπειδὴ
595 1007 783 1075 χεῖρας
834 1003 1179 1066 ἐπιϐαλόντες
1212 1003 1273 1055 τὸ
1321 1002 1478 1073 σῶμα
1507 1002 1599 1055 τοῦ
1640 1002 1873 1073 Χριστοῦ

293 1097 648 1168 ἐλωϐήσαντο
680 1097 820 1151 κατὰ
852 1097 909 1149 τὸ
938 1095 1108 1158 πάθος
1139 1097 1187 1147 οἱ
1220 1095 1310 1148 τὸν
1339 1094 1563 1147 θάνατον
1588 1095 1749 1149 αὑτοῦ
1783 1113 1875 1148 τυ-

297 1190 620 1260 ρεύσαντες,
673 1190 897 1252 εἰκότως
935 1189 1071 1260 πρὸς
1100 1189 1294 1251 αὐτοὺς
1324 1189 1533 1259 εἴρηται
1560 1188 1639 1252 τὸ,
1690 1205 1708 1238 t
1745 1188 1873 1257 Ἐμ-

296 1282 537 1351 ϐλέψατε
562 1284 641 1345 είς
662 1281 759 1352 τὴν
790 1282 1013 1352 στερεὰν
1036 1281 1258 1352 πέτραν,
1287 1282 1351 1351 ἧν
1377 1280 1760 1349 ὲλατομήσατε,
1784 1278 1877 1332 καὶ

293 1375 381 1435 είς
415 1372 508 1424 τὸν
540 1372 759 1442 βόθυνον
811 1371 905 1425 τοῦ
949 1371 1173 1438 λάκκου,
1216 1371 1274 1423 δν
1300 1369 1567 1441 ῶρύξατε.
1597 1389 1617 1422 ι
1652 1372 1877 1440 Μήποτε

299 1458 526 1527 βόθυνον
572 1459 773 1512 λάκκου
825 1460 1043 1531 ᾐνίξατο
1088 1460 1186 1531 τὴν
1230 1459 1528 1530 τρωθεῖσαν
1565 1458 1657 1512 τοῦ
1693 1458 1877 1529 σώμα-

292 1566 395 1612 τος
416 1549 583 1604 αὐτοῦ
612 1550 869 1623 πλευρὰν,
904 1550 959 1617 ἐξ
985 1547 1053 1623 ἧς
1074 1545 1209 1621 αἷμα
1233 1551 1327 1603 καὶ
1351 1548 1493 1620 ὕδωρ
1517 1548 1802 1619 προῆλθεν.

378 1750 401 1782 ι
438 1731 548 1783 Kal.
577 1732 636 1783 σὲ
675 1730 769 1784 νῦν
808 1732 1189 1803 παρακαλέσω,
1214 1731 1371 1797 Σιὼν,
1399 1731 1493 1783 καὶ
1531 1729 1878 1801 παρεκάλεσα

294 1823 485 1876 πάντα
524 1822 592 1875 τὰ
626 1823 803 1893 ἔρημα
833 1825 998 1894 αὐτῆς
1022 1841 1034 1853 ·
1084 1824 1177 1876 καὶ
1211 1822 1359 1895 θήσω
1390 1822 1456 1876 τά
1479 1822 1656 1893 ἔρημα
1708 1822 1878 1892 αὐτῆς

1975 638 2085 699 illa,
2121 646 2175 691 et
2207 636 2479 704 Spelunca,
2519 652 2677 704 quam
2706 636 2898 706 Joseph
2937 641 3417 695 in-rnonutneutum
3447 659 3542 695 ex-

1974 726 2200 782 cavavit.
2245 727 2314 779 At
2356 725 2628 779 Christum
2681 729 2840 781 etiam
2881 730 3088 783 divinus
3125 732 3407 800 Apostolus
3450 749 3545 803 pe-

1976 828 2110 872 tram
2152 816 2418 887 appellare
2450 820 2615 884 novit,
2655 819 2836 871 dicens
2861 820 2929 881 "’,
2963 838 2981 870 ι
3021 820 3175 874 Petra
3205 836 3379 875 autem
3425 834 3545 881 erat

1975 910 2239 964 Christus.
2265 928 2283 959 ι
2306 908 2435 974 Quia
2461 909 2669 976 injectis
2696 911 2939 965 manibus
2965 928 3156 981 corpus
3179 912 3374 968 Christi
3410 926 3542 969 tent-

1975 1014 2104 1069 pore
2153 998 2421 1067 passionis
2450 1000 2837 1063 deformarunt,
2878 1005 2964 1069 qni
3001 1016 3223 1057 mortem
3264 1006 3378 1073 ejus
3424 1023 3538 1060 ma-

1976 1091 2173 1145 chinati
2206 1099 2351 1155 sunt,
2380 1092 2571 1146 merito
2613 1093 2808 1147 dicitur
2843 1094 2993 1163 ipsis,
3017 1115 3033 1145 ι
3062 1095 3330 1165 Respicite
3363 1102 3412 1153 in
3452 1101 3544 1153 lir-

1977 1196 2115 1234 mam
2146 1191 2375 1251 petram,
2407 1197 2564 1251 quam
2617 1185 2915 1247 excidistis,
2944 1195 2997 1238 et
3042 1186 3092 1239 iu
3136 1185 3339 1242 foveam
3374 1189 3539 1255 lacus,

1975 1286 2133 1340 quam
2158 1271 2436 1327 eﬂ'odistis.
2470 1292 2487 1324 ›
2518 1274 2651 1328 Νιιιιι
2683 1275 2842 1329 etiam
2870 1293 2962 1345 per
2990 1276 3195 1331 foveam
3227 1280 3372 1333 lacus
3405 1281 3544 1334 latus

1976 1363 2218 1432 corporis
2240 1364 2354 1431 ejus
2376 1364 2711 1419 vulneratum
2744 1368 3072 1434 subindicat,
3105 1384 3169 1424 ex
3200 1386 3302 1440 quo
3328 1374 3548 1443 Sanguis

1976 1464 2028 1509 et
2056 1469 2191 1525 aqua
2231 1454 2595 1525 proﬂuxerunt
2628 1456 2649 1517 ξ

2052 1715 2211 1771 νειιε.
2238 1718 2291 1773 '5.
2316 1736 2335 1769 ι
2369 1718 2431 1772 Ει
2452 1729 2501 1773 te
2525 1735 2663 1775 nunc
2691 1721 3030 1787 consolabor,
3062 1725 3277 1790 Sion,et
3307 1729 3549 1785 consola-

1983 1815 2065 1861 tus
2090 1823 2206 1861 sum
2240 1811 2415 1864 omnia
2463 1813 2671 1867 deserta
2706 1813 2856 1882 ejus:
2887 1827 2939 1869 et
2963 1833 3154 1885 ponam
3194 1821 3401 1875 deserta
3434 1825 3549 1891 ejus

294 1912 377 1974 ὼς
412 1912 759 1982 παράδεισον,
793 1914 885 1966 καὶ
914 1914 982 1965 τὰ
1015 1913 1151 1985 πρὸς
1176 1913 1385 1984 δυσμὰς
1413 1914 1580 1984 αὐτῆς
1606 1914 1682 1977 ὡς
1706 1915 1875 1984 παρά-

1985 1910 2231 1969 tauquam
2262 1904 2587 1972 paradisum,
2628 1916 2679 1959 et
2724 1923 2844 1976 qua:
2875 1920 2999 1961 sunt
3047 1912 3112 1963 ad
3155 1927 3402 1967 occasum
3433 1914 3548 1982 ejus

294 2001 483 2055 δεισον
519 2004 743 2074 Κυρίου.
786 2005 1132 2076 Εὐφροσύνην
1167 2006 1259 2058 καὶ
1286 2006 1592 2078 ἀγαλλίαμα
1618 2008 1877 2080 εὑρήσου-

298 2109 389 2145 σιν
416 2096 478 2146 ἐν
498 2095 655 2165 αὐτῇ,
679 2095 1059 2167 ἐξομολόγησιν
1082 2096 1175 2149 καὶ
1205 2098 1385 2170 φωνὴν
1408 2099 1682 2161 αἰνέσεως.
1718 2119 1735 2151 ι
1792 2102 1879 2165 Ὠς

300 2187 363 2237 ὲν
406 2185 712 2255 παραθέσει
743 2185 799 2238 δὲ
837 2186 935 2255 τῆς
984 2186 1149 2239 πάλαι
1187 2188 1416 2258 ἐχούσης
1447 2188 1537 2241 τὸν
1568 2188 1754 2260 ἄνδρα,
1787 2189 1880 2243 νῦν

296 2278 331 2346 ἡ
366 2277 428 2343 ἐξ
483 2276 650 2352 ἐθνῶν
720 2277 1010 2349 Ἐκκλησία
1070 2277 1231 2331 πάλιν
1294 2277 1496 2350 ἔρημος
1552 2280 1875 2352 ὠνομάσθηο

295 2366 499 2438 ὥσπερ
532 2350 623 2420 οὖν
662 2368 755 2421 καὶ
794 2370 952 2434 αὐτὸς
985 2373 1013 2424 6
1054 2373 1338 2443 προφήτης
1366 2373 1629 2439 θεσπίζει,
1666 2350 1873 2443 λέγων’

300 2476 323 2512 ‹
354 2459 709 2530 Εὐφράνθητι
763 2462 968 2533 στείρα,
993 2465 1026 2533 ή
1058 2464 1117 2515 ού
1144 2463 1399 2517 τίκτουσα
1431 2482 1444 2494 ·
1468 2466 1627 2536 ῥῆξον
1650 2467 1739 2518 καὶ
1755 2466 1879 2537 βόη-

299 2567 417 2612 σον,
452 2552 486 2619 ὴ
517 2550 616 2602 οὐκ
638 2550 897 2604 ὠδίνουσα
915 2570 928 2582 ·
957 2553 1037 2605 ὅτι
1054 2553 1223 2607 πολλὰ
1246 2554 1315 2607 τά
1341 2554 1505 2607 τέκνα
1526 2557 1623 2625 τῆς
1646 2556 1741 2627 ὲρή
1754 2574 1874 2627 μου,

302 2639 512 2708 μᾶλλον
544 2638 577 2704 ἢ
610 2639 711 2709 τῆς
742 2640 970 2712 ἐχούσης
998 2642 1088 2695 τὸν
1128 2643 1316 2715 ἄνδρα.
1355 2662 1373 2695 ›
1414 2644 1509 2707 Τίς
1530 2644 1585 2697 δὲ
1612 2640 1678 2715 ἦν
1715 2648 1747 2715 ή
1789 2646 1878 2698 τὸν

298 2731 489 2803 ᾶνδραυ
529 2730 727 2801 ἔχουσα
770 2734 883 2786 ἀλλ’
935 2734 967 2804 ἢ
1001 2736 1033 2805 ἡ
1075 2734 1137 2788 τὸ
1176 2734 1376 2807 βιϐλίον
1422 2735 1515 2789 τοῦ
1550 2736 1876 2791 ἀποστασίου

303 2823 653 2895 ποιησαμένη
672 2840 687 2888 ;

378 2933 403 2966 α
454 2913 748 2968 ’Δκούσατέ
783 2934 903 2986 μου,
940 2916 1207 2971 ἀκούσατέ
1236 2935 1357 2989 μου,
1386 2918 1511 2980 λαός
1545 2938 1667 2991 μου,
1703 2924 1793 2977 καὶ
1829 2924 1877 2975 οί

303 3003 575 3074 βασιλεῖς,
598 3004 734 3075 πρὸς
759 3006 826 3075 μὲ
851 3006 1195 3061 ἐνωτίσασθε.
1227 3028 1247 3060 ι
1274 3008 1419 3062 Ἔδει
1444 3010 1549 3081 γὰρ
1565 3012 1734 3084 καινῷ
1766 3013 1879 3084 λαῷ

298 3097 397 3150 καὶ
432 3094 492 3160 ἐξ
520 3094 686 3149 ἐθνῶν
714 3098 1046 3168 στησομένῳ,
1077 3100 1169 3152 καὶ
1217 3100 1379 3171 νόμον
1426 3102 1641 3175 δοθῆναι
1674 3106 1875 3180 καινόν.

312 3188 373 3241 '0
414 3188 530 3257 γὰρ
561 3186 647 3241 διά
676 3189 917 3252 Μωσέως
953 3190 1126 3255 δοθεὶς
1180 3191 1547 3265 ἀκατάλληλος
1582 3191 1648 3266 ἦν
1674 3199 1739 3267 τῇ
1771 3198 1877 3249 τῶν

302 3278 477 3332 ἐθνῶν
507 3278 769 3350 πολιτείᾳ,
817 3282 992 3333 πᾶσαν
1027 3282 1380 3355 περιγράφων
1418 3283 1514 3356 τὴν
1561 3288 1876 3360 σωματικὴν

296 3369 608 3440 θρησκείαν
637 3372 715 3432 εἰς
746 3369 841 3423 ἕνα
878 3374 1039 3427 τόπον
1067 3378 1179 3438 τοῖς
1214 3376 1602 3449 Ἰεροσολύμοις
1622 3397 1633 3410 ·
1688 3381 1876 3454 διόπερ

300 3461 620 3529 ἀναγκαίως
642 3463 1007 3533 αἰνιττόμενος
1030 3464 1127 3535 τὴν
1154 3466 1359 3538 Καινὴν
1384 3469 1679 3543 Διαθήκην,
1711 3474 1803 3525 καὶ
1818 3474 1877 3526 τὸ

300 3551 658 3621 εύαγγελικὸν
682 3556 938 3627 κήρυγμα
965 3558 1180 3625 φάσκει,
1206 3576 1224 3610 t
1257 3560 1376 3613 Ὅτι
1407 3563 1566 3634 νόμος
1592 3567 1720 3637 παρ’
1744 3567 1877 3637 ἐμοῦ

297 3643 680 3709 ἐξελεύσεται,
740 3648 829 3699 καὶ
872 3648 904 3718 ἠ
952 3649 1131 3719 κρίσις
1176 3667 1273 3720 μου
1317 3653 1396 3715 είς
1444 3653 1557 3724 φῶς
1603 3656 1799 3710 ὲθνῶψ
1855 3677 1873 3710 ι

298 3734 468 3788 πάλιν
516 3736 746 3789 ἐνταῦθα
775 3738 888 3807 φῶς
928 3742 1039 3802 τοῖς
1087 3739 1294 3795 ἔθνεσιν
1331 3743 1773 3817 ὑπισχνούμενος,
1817 3750 1878 3802 οὐ

302 3827 417 3896 μὴν
442 3826 525 3896 τῷ
560 3827 792 3898 Ἰσραήλ.
1602 3832 1609 3838 ’

380 3936 401 3967 ι
474 3917 710 3985 Ἐγγίζει
762 3919 898 3989 ταχὺ
958 3921 991 3991 ή
1063 3920 1375 3997 δικαιοσύνη
1431 3943 1571 3997 μου,
1630 3929 1721 3983 καὶ
1790 3930 1879 3997 ἐξ-

296 4008 601 4062 ελεύσεται.
625 4010 701 4072 ὡς
734 4010 848 4079 φῶς
878 4012 937 4065 τὸ
972 4014 1241 4086 Σωτήριόν
1274 4036 1373 4087 μου
1404 4020 1496 4071 καὶ
1523 4020 1602 4084 είς
1630 4021 1719 4075 τὸν
1750 4022 1881 4095 βρα-

298 4100 463 4170 χίονά
487 4119 588 4172 μου
613 4101 739 4172 ἔθνη
770 4103 1043 4158 ἐλπιοῦσιν
1062 4122 1076 4136 ⁸
1110 4109 1207 4178 ἐμὲ
1233 4110 1382 4180 νῆσοι
1408 4112 1755 4182 ὑπομενοῦσι,
1787 4115 1881 4166 καὶ

298 4192 384 4253 είς
420 4191 512 4243 τὸν
550 4190 806 4261 βραχίονά
843 4210 941 4263 μου
970 4193 1232 4250 ὲλπιοῦσι.
1272 4216 1288 4247 ι
1316 4199 1568 4270 Δευτεροῖ
1598 4200 1687 4253 τὸν
1726 4200 1881 4268 λόγον

298 4284 383 4345 είς
418 4282 711 4352 βεϐαίωσιν
746 4282 844 4352 τῆς
876 4285 1234 4353 ἐπαγγελίαςο
1271 4288 1613 4360 δικαιοσύνης
1643 4290 1751 4361 γάρ
1781 4309 1879 4344 πε-

299 4376 561 4447 πλήρωτο
592 4378 618 4447 ή
645 4378 775 4429 πᾶσι
812 4379 921 4439 τοῖς
948 4376 1153 4431 ἔθνεσιν
1194 4379 1252 4443 ἐξ
1280 4380 1395 4433 ἴσου
1427 4382 1740 4455 δωρουμένη
1787 4384 1883 4453 χά-

302 4484 420 4537 ρις’
456 4466 615 4519 τοῦτο
652 4466 707 4519 δὲ
736 4463 802 4537 ἦν
837 4468 865 4519 6
893 4469 1127 4539 Χριστὸς
1153 4470 1246 4522 τοῦ
1282 4470 1437 4533 Θεοῦ,
1482 4472 1540 4525 ὃν
1576 4473 1751 4526 λαϐὼν
1785 4476 1884 4526 Συ·-

1982 2000 2229 2060 tanqnam
2262 1996 2565 2062 paradisum
2604 1996 2834 2053 Domini.
2865 2000 3122 2055 Lartitiam
3153 2012 3206 2056 et
3234 2005 3551 2060 exsultatio-

1978 2097 2098 2135 nem
2124 2083 2391 2137 invenient
2424 2085 2473 2137 in
2502 2100 2585 2149 ea,
2605 2087 2995 2143 confessionem
3020 2103 3075 2146 et
3107 2109 3287 2147 vocem
3319 2096 3543 2151 laudis.»

1977 2171 2140 2237 Quasi
2183 2174 2250 2225 ad
2289 2175 2575 2229 discrimen
2613 2177 2725 2244 ejus
2755 2194 2873 2247 qua:
2921 2181 3048 2234 olim
3096 2184 3266 2236 virum
3300 2184 3547 2249 habebat,

1979 2280 2120 2318 nunc
2155 2264 2390 2320 Ecclesia
2413 2282 2476 2320 ex
2513 2269 2761 2337 gentibus
2797 2271 3067 2325 desertum
3101 2275 3272 2328 denuo
3305 2288 3547 2342 vocatur,

1977 2358 2422 2424 quemadmodum
2452 2360 2590 2414 idem
2624 2362 2879 2430 propheta
2914 2366 3263 2421 vaticinatur:
3287 2388 3303 2419 ι
3324 2368 3547 2435 Laetare.

1978 2449 2193 2511 sterilis,
2220 2465 2340 2520 quae
2365 2465 2466 2503 non
2509 2453 2653 2520 paris
2687 2470 2700 2506 :
2737 2470 2957 2523 erumpe
2988 2467 3040 2511 et
3071 2458 3261 2524 clama,
3300 2477 3415 2530 quze
3444 2478 3549 2517 non

1981 2541 2235 2608 parturis,
2263 2541 2386 2620 quia
2440 2542 2588 2595 multi
2625 2543 2717 2597 lilii
2766 2545 3014 2611 desertae,
3053 2550 3220 2620 magis
3253 2566 3409 2619 quam
3436 2554 3553 2619 ejus

1979 2644 2095 2697 quae
2125 2630 2284 2683 habet
2316 2612 2508 2684 virum.
2532 2651 2551 2683 ι
2580 2633 2832 2698 Quaenam
2864 2646 2982 2689 erat
3013 2637 3094 2689 illa
3122 2612 3238 2707 qvuze
3259 2641 3428 2695 virum
3457 2641 3553 2697 ha-

1981 2718 2157 2783 bebat,
2196 2720 2295 2773 nisi
2328 2736 2445 2789 quae
2485 2721 2723 2776 libellum
2756 2725 2962 2794 repudii
2987 2728 3152 2780 edidit
3180 2729 3203 2782 1’

2049 2895 2213 2951 Vnus.
2250 2897 2302 2951 ι.
2331 2916 2348 2950 ι
2384 2900 2576 2953 Audite
2605 2915 2710 2967 me,
2754 2903 2933 2957 audite
2979 2921 3084 2968 me,
3127 2906 3315 2975 popule
3356 2908 3454 2974 mi,
3494 2916 3552 2967 et

1981 3002 2154 3056 reges,
2184 2988 2249 3042 ad
2280 3003 2362 3042 tne
2385 2992 2665 3047 attendite.
2704 3013 2722 3046 ι
2765 2993 2913 3049 Νογο
2952 2998 3091 3050 enim
3142 3000 3356 3068 populo,
3388 3016 3450 3055 ac
3479 3017 3549 3056 ex

1979 3080 2228 3147 gentibus
2261 3082 2638 3138 constituendo
2680 3101 2870 3140 novam
2908 3089 3033 3142 dare
3061 3090 3229 3160 legem
3260 3082 3393 3160 opus
3411 3104 3548 3149 erat.

1979 3167 2111 3222 Nam
2134 3186 2253 3239 qua:
2286 3186 2381 3238 per
2408 3172 2643 3243 Moysem
2671 3176 2790 3229 data
2826 3178 3018 3242 fuerat,
3045 3182 3278 3250 gentium
3310 3184 3551 3239 instituto

1904 3248 1944 3305 C
1979 3261 2337 3330 incongruens
2369 3276 2502 3328 erat,
2541 3276 2721 3335 utpote
2749 3283 2868 3337 quae
2896 3278 3059 3324 totum
3087 3290 3400 3343 corporeum
3433 3278 3549 3331 cnl-

1980 3362 2087 3406 tum
2104 3369 2208 3407 uno
2231 3354 2368 3419 loco,
2391 3359 2594 3411 scilicet
2618 3359 3019 3433 Hierosolymis,
3042 3366 3546 3426 circumscriberet:

1975 3455 2305 3514 quapropter
2355 3447 2559 3503 Novum
2619 3449 3017 3532 Testamentum
3064 3468 3119 3511 et
3186 3460 3549 3529 evangelicam

1976 3537 2410 3603 [medicationem
2452 3540 2821 3604 subindicans,
2859 3546 3165 3600 necessario
3218 3548 3315 3613 ait,
3355 3567 3373 3599 ι
3415 3549 3549 3615 Quia

1978 3624 2063 3680 lex
2104 3642 2133 3680 a
2173 3644 2256 3682 me
2310 3633 2633 3699 egredietur,
2675 3644 2726 3688 et
2758 3635 3016 3705 judicium
3064 3653 3237 3691 meum
3284 3639 3336 3691 in
3370 3639 3543 3694 lucem

1978 3718 2247 3786 gentium;
2292 3739 2311 3771 ι
2344 3722 2429 3777 hic
2482 3739 2691 3778 rursum
2743 3726 2914 3781 lucem
2956 3731 3220 3798 gentibus,
3272 3748 3375 3787 non
3425 3749 3551 3789 vero

1978 3810 2158 3865 lsraeli
2195 3815 2534 3880 promittens.

2053 3904 2215 3959 Vens.
2244 3906 2297 3959 5.
2354 3926 2393 3983 ¢_
2422 3909 2833 3980 Appropinquat
2880 3913 2988 3967 cito
3031 3914 3241 3982 justitia
3291 3933 3404 3972 mea
3433 3958 3447 3983 ,
3497 3928 3551 3974 et

1980 3997 2283 4062 egredietur
2331 4002 2481 4066 quasi
2543 4002 2628 4055 lux
2667 4004 2913 4058 Salutare
2969 4022 3181 4069 meum,
3234 4018 3287 4059 et
3334 4010 3383 4061 in
3418 4010 3546 4063 bra-

1981 4088 2162 4141 chium
2206 4105 2381 4143 meum
2415 4102 2599 4158 gentes
2644 4096 2935 4163 sperabunt
2964 4111 2977 4149 :
3004 4112 3087 4150 nte
3133 4098 3319 4152 insulae
3352 4114 3547 4169 exspe-

1982 4180 2240 4241 ctabunt,
2295 4190 2348 4234 et
2400 4182 2451 4234 in
2505 4184 2777 4238 brachium
2837 4202 3011 4239 meum
3063 4189 3373 4256 sperabunt.
3412 4208 3431 4241 ι
3468 4191 3547 4244 Ad

1983 4272 2357 4337 promissionis
2390 4274 2854 4330 confirmationem
2898 4280 3161 4346 promissa
3194 4282 3351 4335 iterat
3379 4302 3391 4336 :
3424 4300 3546 4338 nam

1978 4362 2199 4430 justitia;
2228 4365 2378 4434 plena
2419 4377 2535 4421 erat
2570 4368 2742 4437 gratia
2793 4372 3043 4424 omnibus
3079 4373 3326 4441 gentibus
3367 4391 3549 4444 aequa-

1985 4456 2108 4510 liter
2136 4458 2452 4525 distributa;
2504 4477 2564 4514 ea
2599 4462 2985 4518 eratChristus
3033 4465 3161 4527 Dei,
3210 4482 3367 4534 quem
3402 4470 3543 4523 acci-

304 4557 454 4627 μεὼν
480 4560 538 4610 ὲν
556 4556 820 4626 ἀγκάλαις
846 4559 1254 4629 ἀναγέγραπται
1275 4562 1511 4632 εἰρηκώς
1528 4604 1542 4629 ,
1567 4582 1584 4613 ι
1610 4564 1724 4618 Νῦν
1747 4565 1875 4617 ἀπο-

1987 4550 2137 4619 piens
2194 4552 2425 4622 Symeon
2477 4554 2530 4606 in
2591 4554 2745 4608 ulnas
2794 4570 2955 4621 suas,
3015 4557 3216 4611 dixisse
3266 4560 3544 4625 scribitur,

300 4651 452 4714 λύεις
485 4651 580 4703 τὸν
613 4649 796 4702 δοῦλόν
826 4667 941 4714 σου,
970 4652 1234 4716 Δέσποτα,
1274 4653 1353 4706 ὅτι
1383 4649 1521 4708 εἶδον
1544 4657 1592 4708 oi
1615 4655 1877 4727 ὀφθαλμοί

302 4760 405 4813 μου
429 4742 491 4794 τὸ
514 4742 788 4813 Σωτήριόν
816 4759 929 4805 σου,
970 4762 988 4793 ι
1025 4744 1117 4797 καὶ
1142 4743 1210 4796 τά
1244 4744 1390 4815 ἑξῆς.

375 4851 394 4884 ι
432 4833 635 4901 Ἀρατε
663 4834 741 4893 εἰς
764 4833 855 4885 τὸν
891 4834 1117 4905 οὐρανὸν
1168 4834 1293 4897 τοὺς
1347 4833 1654 4905 ὀφθαλμοὺς
1703 4835 1876 4906 ὑμῶν,

300 4926 396 4977 καὶ
430 4924 737 4993 moueat-.5
770 4925 850 4987 είς
868 4925 965 4995 τὴν
995 4926 1097 4995 γῆν
1129 4926 1309 4978 κάτω·
1346 4926 1423 4978 ὅτι
1461 4928 1489 4978 6
1530 4927 1755 4997 οὐρανὸς
1803 4928 1878 4992 ὡς

300 5016 509 5079 καπνὸς
539 5014 862 5088 ὲστερεώθη,
892 5018 924 5086 ή
952 5017 1009 5069 δὲ
1037 5018 1105 5088 γῆ
1137 5002 1211 5081 ὧς
1250 5017 1460 5088 ἱμάτιον
1499 5017 1873 5089 παλαιωθήσε-

300 5125 388 5160 ται
408 5126 421 5137 ·
460 5109 508 5159 οἱ
535 5107 591 5159 δὲ
627 5109 1004 5170 κατοικοῦντες
1028 5108 1215 5180 ὥσπερ
1239 5108 1411 5162 ταῦτα
1451 5109 1873 5163 ἀποθανοῦνται·

302 5195 361 5247 τὸ
391 5196 450 5248 δὲ.
491 5197 765 5267 Σωτήριόν
810 5215 910 5268 μου
952 5200 1032 5261 είς
1084 5199 1174 5252 τὸν
1220 5200 1391 5254 αίῶνα
1427 5200 1609 5255 ἔσται’
1658 5205 1689 5273 ή
1725 5202 1780 5256 δὲ
1807 5204 1881 5256 δι-

304 5284 561 5355 καιοσύνη
591 5303 691 5356 μου
717 5287 777 5339 ού
810 5286 881 5357 μὴ
910 5286 1130 5359 ὲκλείψῃ
1151 5305 1165 5318 ·
1210 5308 1228 5341 ι
1271 5290 1381 5359 τὴν
1404 5289 1632 5362 θεότητα
1660 5292 1753 5345 τοῦ
1780 5292 1883 5346 A6-

304 5393 399 5444 γου
441 5379 813 5449 σημαινούσης
842 5380 940 5448 τῆς
979 5382 1345 5452 προφητείας·
1377 5383 1451 5447 ῶς
1492 5383 1600 5455 γὰρ
1639 5385 1739 5454 τὴν
1790 5386 1882 5439 ἀν-

306 5466 629 5539 θρωπότητα
659 5470 847 5539 ἐδήλου
871 5471 956 5523 διά
972 5472 1063 5523 τοῦ
1092 5492 1109 5523 ι
1146 5474 1439 5543 Σωτηρίου,
1456 5494 1472 5527 ι
1494 5476 1635 5530 οὕτω
1664 5480 1757 5533 καὶ
1782 5480 1879 5551 τὴν

308 5560 533 5631 θεότητα
560 5562 748 5616 τοῦτον
785 5562 1004 5633 ᾐνίξατο
1036 5564 1125 5618 τὸν
1152 5567 1368 5635 τρόπον.

381 5670 400 5703 ι
442 5652 733 5708 ’Δκούσατέ
760 5670 880 5724 μου,
911 5656 959 5707 οἱ
985 5654 1184 5719 εἰδότες
1212 5658 1411 5729 κρίσιν,
1442 5660 1588 5729 λαὸς,
1624 5653 1687 5715 οὗ
1716 5663 1877 5734 νόμος

377 5831 469 5887 ⁹⁴ί
513 5833 635 5888 (lor.
680 5850 732 5898 ι,
769 5834 822 5891 4.
899 5836 944 5869 ⁸⁸
972 5834 1103 5891 an.
1139 5852 1195 5904 tt,
1226 5838 1315 5893 9.9.

1989 4662 2009 4695 ι
2052 4644 2205 4699 Nunc
2235 4645 2458 4699 dimittis
2484 4662 2696 4701 servum
2729 4657 2873 4701 tuum
2900 4688 2914 4709 ,
2950 4649 3172 4704 Domine
3200 4691 3214 4714 ,
3247 4653 3369 4720 quin
3396 4655 3544 4708 vide-

1986 4745 2110 4788 runt
2147 4737 2285 4789 oculi
2322 4738 2421 4791 mei
2453 4738 2697 4794 Salutare
2726 4748 2873 4794 tuum
2899 4742 2966 4800 ’⁸.
3004 4760 3021 4793 ι
3062 4754 3116 4798 et
3143 4755 3354 4800 caetera.

2952 4784 2966 4809 9

2058 4825 2223 4882 Vens.
2255 4827 2307 4882 6.
2367 4848 2385 4881 ‹
2442 4830 2663 4886 Elevate
2696 4832 2748 4886 in
2779 4833 2973 4888 cadum
3011 4836 3193 4890 oculos
3219 4849 3430 4892 vestros
3458 4880 3474 4905 ,
3499 4850 3546 4892 et

1988 4921 2242 4989 re5pictte
2269 4922 2318 4975 iu
2350 4932 2548 4977 terram
2578 4924 2833 4980 deorsum
2866 4944 2880 4992 ;
2914 4930 3162 4996 quoniam
3195 4932 3389 4983 caelum
3430 4941 3548 4983 tau-

1980 5028 2138 5080 quam
2168 5013 2347 5069 fumus
2376 5015 2642 5069 lirmatum
2672 5026 2787 5081 est,
2827 5029 2966 5072 terra
3006 5030 3180 5072 autem
3219 5021 3358 5073 sicut
3390 5022 3547 5073 vesti-

1986 5114 2223 5159 mentum
2254 5118 2593 5163 veterascet:
2628 5110 2716 5177 qui
2748 5122 2924 5163 autem
2973 5111 3272 5164 inhabitant
3295 5126 3409 5163 eam
3442 5112 3544 5163 sic-

1989 5206 2046 5250 ut
2078 5198 2178 5252 ista
2213 5200 2510 5253 morientur
2546 5216 2561 5253 :
2598 5200 2843 5256 Salutare
2889 5217 3015 5255 vero
3062 5216 3235 5254 meum
3280 5202 3330 5254 in
3378 5218 3547 5254 saacu-

1992 5288 2097 5342 lmn
2126 5292 2256 5356 erit;
2306 5291 2515 5361 justitia
2551 5304 2729 5348 autem
2761 5309 2877 5347 mea
2922 5310 3025 5347 non
3056 5295 3282 5348 deﬁciet.
3319 5313 3336 5344 ι
3370 5294 3547 5347 Deita-

1992 5392 2098 5437 tem
2145 5383 2307 5439 Verbi
2349 5386 2619 5456 signiﬁcat
2668 5388 2948 5456 prephctia
3004 5404 3017 5440 :
3074 5389 3215 5439 sicut
3266 5388 3409 5440 enim
3450 5404 3547 5457 per

1985 5474 2153 5540 illud,
2194 5493 2214 5527 ι
2252 5478 2540 5543 Salutare,
2606 5498 2625 5531 ι
2678 5480 3063 5533 humanitatem
3118 5481 3418 5548 indicabat;
3465 5483 3545 5538 sic

1986 5567 2092 5621 isto
2124 5569 2279 5623 modo
2302 5570 2555 5624 deitatem
2594 5571 2902 5626 adumbrat.

2061 5661 2218 5719 Vens.
2246 5663 2295 5718 7.
2321 5682 2341 5717 ι
2376 5663 2567 5721 Audite
2597 5664 2814 5735 me,qni
2842 5664 2994 5722 scitis
3015 5662 3295 5737 judicium,
3327 5668 3545 5741 pepulc,
