3968 6518
470 402 576 458 ΗἹ

1140 396 1408 452 EUSEBll
1444 391 1924 453 CESARIENSIS
1958 394 2107 453 OPP.
2145 392 2327 448 PARS
2362 391 2453 450 Ill.
2488 423 2559 435 -—
2594 392 3006 450 EXEGETICA.

3591 395 3717 450 με

470 522 625 592 cujus
653 521 735 575 lex
767 534 883 572 mea
913 516 967 571 in
999 516 1161 571 corde
1191 525 1388 574 vestro.
1423 534 1441 568 ι
1480 514 1703 569 Videbat
1728 515 1870 569 enim
1894 529 1986 569 eos

2134 526 2234 580 μου
2254 511 2310 562 ὲν
2334 512 2401 581 τῇ
2426 509 2619 581 καρδία
2644 508 2815 579 ὑμῶν.
2850 527 2870 562 ι
2907 508 3083 579 Ἐὠρα
3115 509 3245 580 γάρ,
3273 509 3353 563 δτι
3377 509 3425 562 oi
3456 508 3703 576 θέλοντες

469 614 560 683 qui
592 614 677 681 pie
722 611 902 664 vivere
930 608 1199 663 voluerint
1244 610 1294 661 in
1328 609 1545 663 Christo
1569 649 1583 673 ,
1611 610 2027 679 persecutionem

468 721 748 777 passuros,
776 702 1127 758 contumeliis
1161 700 1488 766 alliciendos,
1519 718 1581 759 ac
1615 702 1941 771 contemptui
1964 701 2031 756 ab

469 799 779 853 hominibus
825 796 1106 852 habendos
1134 809 1287 860 esse;
1342 795 1577 859 itemque
1618 794 1793 849 omnis
1819 793 2030 862 generis

469 892 785 944 vexationes
828 888 1255 956 tentationesque
1286 901 1634 955 perpessuros
1666 902 1802 942 esse.
1833 886 2031 951 Quam-

466 985 652 1037 obrem
682 1021 698 1048 ,
754 990 813 1034 ut
860 982 1002 1050 ipsos
1036 979 1241 1032 muniat
1268 987 1323 1032 et
1359 978 1551 1037 firmet.
1598 977 1709 1046 jam
1744 978 1864 1031 hinc
1895 992 2031 1046 pra;-

465 1074 642 1140 cipit,
696 1090 714 1123 ι
776 1070 853 1125 Ne
912 1070 1143 1124 timentis
1204 1070 1546 1139 Opprobriutn
1603 1069 1922 1135 hominum,
1975 1079 2030 1126 et

467 1176 784 1234 contemptu
831 1180 1021 1219 eorum
1078 1178 1147 1218 ne
1194 1162 1506 1217 vineamini.
1564 1178 1584 1212 ι
1645 1160 1893 1226 Etenim,
1942 1162 2027 1216 in-

467 1259 610 1328 quit,
645 1258 805 1313 llnem
844 1271 939 1312 eos
988 1264 1332 1326 excepturum
1360 1254 1752 1310 consideratum
1794 1262 2023 1324 oportet.

540 1443 701 1497 \tsns.
728 1444 783 1508 8,
813 1442 867 1497 9.
906 1460 925 1494 ι
962 1440 1094 1505 Nam
1130 1442 1273 1496 sicut
1302 1440 1699 1505 vestimentum,
1729 1453 1759 1493 a
1788 1448 2029 1511 tempore

466 1544 839 1598 consumetur,
866 1542 920 1589 et
956 1535 1095 1589 sicut
1140 1534 1282 1599 lana,
1326 1534 1634 1589 comedetur
1659 1548 1688 1587 a
1721 1534 1859 1587 tinea
1894 1533 2025 1603 :ju-

466 1627 615 1681 stitia
643 1638 822 1682 autem
866 1642 983 1681 mea
1018 1627 1069 1680 in
1122 1626 1371 1681 saeculum
1408 1628 1511 1681 erit
1559 1645 1574 1682 :
1622 1627 1871 1682 Salutare
1897 1644 2025 1684 vero

463 1734 642 1774 meum
677 1721 728 1773 in
758 1719 1135 1789 generationes
1166 1720 1595 1789 generationum.
1629 1720 1899 1788 Exsurge,
1926 1737 2023 1777 ex-

2130 601 2367 665 εύσεϐῶς
2395 602 2492 671 ζῇν
2524 604 2580 654 ὲν
2607 601 2827 672 Χριστῷ
2867 600 3250 671 διωχθήσονται
3290 602 3381 655 καὶ
3406 602 3702 674 ὀνειδισθή-

2131 709 2332 753 σονται,
2355 693 2449 745 καὶ
2466 691 2916 763 φαυλισθήσονται
2938 692 3044 745 ὑπὸ
3074 691 3391 764 ἀνθρώπων,
3423 693 3701 764 διωγμούς

2125 801 2185 837 τε
2212 784 2495 847 παντοίους
2526 785 2617 837 καὶ
2661 786 2995 855 πειρασμοὺς
3028 784 3373 856 ὑπομενοῦσι.
3409 786 3499 839 Διὸ
3538 804 3698 857 περι-

2129 878 2381 949 φράττων
2444 878 2638 941 αὐτοὺς
2708 878 2954 931 ἐντεῦθεν
3019 878 3116 949 ἤδη
3186 878 3549 950 παραγγέλλει
3610 880 3707 933 λέ-

2127 985 2259 1038 γων·
2303 988 2321 1019 ι
2364 969 2454 1039 Μὴ
2504 968 2749 1037 φοϐεῖσθε
2793 968 3087 1040 ὀνειδισμὸν
3134 970 3451 1042 ἀνθρώπων,
3490 973 3584 1026 καὶ
3617 971 3701 1043 τῷ

2127 1059 2415 1130 φαυλισμῷ
2462 1060 2640 1113 αὐτῶν
2687 1060 2760 1131 μὴ
2790 1061 3040 1131 ἡττᾶσθε.
3084 1080 3103 1113 ι
3133 1062 3252 1134 Χρὴ
3295 1061 3405 1135 γάρ
3462 1065 3709 1135 ἀφορᾷνν

2128 1151 2280 1223 φησὶ,
2316 1151 2406 1206 ἐπὶ
2436 1152 2495 1205 τὸ
2516 1151 2881 1223 διαδεξάμενον
2915 1154 3109 1217 αὐτοὺς
3139 1154 3307 1218 τέλος.

2199 1466 2220 1502 ι
2272 1448 2358 1511 Ὠς
2395 1450 2504 1520 γάρ
2555 1448 2764 1519 ἱμάτιον
2812 1446 3147 1520 βρωθησεται
3186 1446 3291 1501 ὑπὸ
3338 1448 3564 1519 χρόνου,
3599 1451 3699 1505 καὶ

2124 1538 2201 1603 ῶς
2249 1540 2372 1612 ἔρια
2436 1540 2770 1612 βρωθήσεται
2818 1540 2922 1592 ὑπὸ
2966 1540 3143 1609 σητόςο
3194 1541 3227 1610 ἡ
3276 1539 3331 1592 δὲ
3377 1540 3697 1615 δικαιοσύνη

2126 1648 2228 1703 μου
2258 1635 2337 1695 είς
2364 1632 2453 1685 τὸν
2514 1631 2683 1685 αἰῶνα
2715 1631 2886 1684 ἔσται’
2926 1631 2986 1683 τὸ
3045 1630 3101 1683 δὲ
3155 1631 3423 1707 Σωτήριόν
3479 1648 3581 1702 μου
3612 1634 3699 1695 εις

2122 1722 2314 1790 γενεὰς
2380 1722 2601 1790 γενεῶν.
2661 1722 2996 1795 Ἐξεγείρου,
3055 1720 3345 1792 ὲξεγείρου,
3425 1722 3698 1793 Ἰερουσα-

460 1828 621 1885 surge
648 1854 663 1877 ,
690 1812 990 1868 Jerusalem
1019 1853 1033 1873 .
1065 1823 1120 1867 et
1150 1814 1375 1870 induere
1410 1814 1779 1871 fortitudinem
1812 1817 1998 1871 brachi

2122 1813 2251 1884 λὴμ.
2276 1814 2368 1867 καὶ
2387 1814 2599 1867 ἔνδυσαι
2627 1813 2725 1885 τὴν
2768 1815 2918 1883 ίσχὺν
2948 1814 3041 1867 τοῦ
3098 1812 3378 1884 βραχίονός
3410 1830 3525 1869 σου.
3576 1814 3696 1879 Ἐε-

463 1906 560 1961 tui.
588 1906 832 1975 Exsurge
878 1905 1019 1960 sicut
1044 1906 1096 1959 in
1131 1908 1396 1977 principio
1422 1908 1550 1973 diei,
1579 1910 1719 1964 sicut
1747 1911 2021 1979 generatio

459 1998 661 2052 smenli.
700 2016 718 2050 ι
755 1998 868 2052 lloc
896 1999 1362 2065 additamentum,
1400 2020 1418 2052 ι
1452 2000 1749 2057 Jerusalem
1777 2044 1791 2068 ,
1832 2023 1850 2057 ι
1884 2013 1940 2058 ιιι
1968 2005 2021 2059 in

457 2088 722 2145 llebraica
764 2089 995 2146 lectione
1044 2090 1241 2153 fertur,
1291 2094 1343 2148 in
1380 2097 1605 2164 reliquis
1637 2098 2021 2166 interpretibus

459 2198 565 2238 non
607 2194 915 2254 comparet;
954 2186 1047 2239 sed
1071 2200 1258 2239 omnes
1287 2188 1365 2241 sic
1392 2189 1674 2242 ediderunt
1708 2208 1720 2241 :
1759 2208 1778 2241 ι
1817 2190 2021 2245 Exsur-

457 2290 544 2345 ge,
579 2290 830 2344 exsurge,
856 2277 1080 2332 induere
1114 2278 1499 2342 fortitudinem,
1528 2280 1805 2334 brachium
1838 2281 2019 2336 Domi-

457 2367 536 2421 ni.
573 2385 591 2419 ι
629 2368 935 2423 Secundum
968 2384 1157 2424 omnes
1186 2372 1350 2441 igitur
1376 2387 1480 2425 non
1507 2369 1806 2427 Jerusalem
1840 2388 2020 2429 sermo

452 2459 781 2527 compellat,
814 2461 908 2514 sed
940 2461 1220 2516 brachium
1255 2463 1499 2529 Domini;
1530 2466 1655 2520 hinc
1684 2481 2020 2535 consequen-

450 2557 537 2604 ter
562 2566 660 2620 par
686 2561 768 2606 est
801 2562 859 2606 ut
885 2554 1050 2607 etiam
1083 2568 1180 2607 nos
1211 2555 1275 2609 ad
1313 2554 1593 2609 brachium
1634 2556 1886 2621 Domini,
1939 2558 2019 2622 ip-

453 2642 568 2696 sius
621 2642 829 2698 Domini
887 2645 1360 2713 compellationem
1411 2646 1708 2702 referamus
1738 2690 1753 2711 ,
1794 2648 1859 2703 de
1910 2664 2018 2715 quo

455 2734 704 2804 superius
738 2737 937 2791 dictum
974 2745 1057 2792 est
1082 2777 1097 2805 ,
1135 2756 1153 2789 ι
1188 2738 1249 2793 Et
1281 2739 1333 2793 in
1366 2741 1645 2795 brachium
1680 2757 1859 2796 meum
1886 2756 2017 2811 gen-

458 2834 537 2881 tes
557 2828 865 2897 sperabunt.
907 2848 925 2881 ι

520 2940 685 2999 Vens.
720 2944 787 2998 10
811 2986 825 3010 ,
856 2946 940 3000 ll.
981 2966 999 2999 ι
1042 2947 1229 3003 Nonne
1260 2957 1314 3002 tu
1343 2963 1402 3003 es
1428 2990 1443 3014 ,
1476 2964 1597 3019 quae
1631 2948 1901 3003 desertum
1938 2948 2015 3004 fe-

447 3032 569 3089 cisti
605 3051 775 3101 mare,
809 3053 976 3107 aquas
1012 3041 1192 3113 abyssi
1222 3042 1463 3097 multas?
1490 3057 1609 3112 qua:
1648 3042 1869 3111 posuisti
1894 3057 2014 3112 pro-

445 3124 668 3183 fundum
704 3131 870 3184 maris
899 3132 1039 3185 viam
1073 3135 1338 3189 transitus
1368 3134 1454 3198 iis,
1478 3136 1567 3204 qui
1602 3134 1810 3188 liberati
1840 3146 1894 3189 et
1923 3149 2008 3189 re-

2124 1905 2341 1977 εγείρου
2359 1906 2434 1970 ὡς
2464 1908 2520 1959 ὲν
2562 1906 2702 1977 ἀρχῇ
2744 1904 2975 1977 ἡμέρας,
3011 1904 3087 1967 ὡς
3128 1906 3289 1973 γενεά
3326 1904 3537 1969 αἰῶνος.
3564 1924 3583 1958 ι
3624 1906 3699 1959 'H'

2125 1995 2432 2067 προσθήκη,
2469 2013 2487 2047 ι
2532 1995 2903 2066 Ἰερουσαλὴμ,
2941 2013 2958 2045 ι
2991 1994 3067 2058 ὡς
3099 1994 3158 2047 ἐν
3185 1997 3249 2066 τῇ
3285 1996 3541 2068 Ἐϐραῖκῇ
3560 1996 3693 2050 ἀνα-

2121 2086 2337 2155 γνώσει,
2371 2087 2494 2142 οὓτε
2545 2089 2602 2141 ἐν
2639 2091 2750 2152 τοῖς
2793 2088 2995 2152 λοιποῖς
3044 2089 3403 2161 ὲρμηνευταῖς
3439 2086 3688 2159 φέρεται,

2121 2178 2254 2233 ἀλλά
2286 2179 2483 2243 πάντες
2510 2178 2681 2243 οὕτως
2706 2178 2968 2243 ἐξέδωκαν
2987 2196 3000 2210 ·
3035 2197 3053 2230 ι
3107 2177 3432 2251 Ἐξεγείρου,
3467 2178 3691 2247 ἐξεγεί-

2123 2291 2236 2345 ρου,
2263 2274 2472 2327 ἔνδυσαι
2500 2275 2717 2345 κράτος,
2759 2273 2993 2345 βραχίων
3034 2273 3259 2343 Κυρίου.
3299 2292 3318 2325 ι
3355 2272 3511 2327 Κατά
3547 2273 3687 2328 πάν-

2120 2382 2217 2428 τας
2245 2366 2421 2419 τοίνυν
2462 2365 2523 2418 ού
2565 2368 2631 2436 τῇ
2686 2365 3039 2437 Ἰερουσαλὴμ
3086 2364 3114 2416 6
3160 2365 3316 2435 λόγος
3352 2367 3686 2437 προσφωνεῖ,

2118 2454 2253 2509 ἀλλὰ
2286 2454 2360 2525 τῷ
2400 2455 2640 2526 βραχίονι
2686 2456 2911 2527 Κυρίου·
2966 2457 3252 2511 ἀκόλουθον
3290 2456 3336 2512 δ’
3378 2457 3445 2511 ἂν
3473 2458 3556 2528 εἴη
3594 2459 3687 2512 καὶ

2118 2548 2263 2619 ἡμᾶς
2314 2548 2391 2610 είς
2438 2547 2527 2600 τὸν
2586 2546 2843 2618 βραχίονα
2908 2550 3111 2621 Κυρίου
3164 2552 3264 2623 τὴν
3314 2550 3405 2604 τοῦ
3475 2553 3683 2623 Κυρίου

2119 2636 2499 2709 προσφώνησιν
2527 2639 2833 2709 ἀναφέρειν,
2876 2640 3002 2710 περὶ
3044 2636 3103 2694 οὗ
3148 2640 3401 2713 ἀνωτέρω
3427 2640 3680 2714 εἴρηται,

2122 2746 2143 2781 ι
2176 2730 2284 2782 Καὶ
2313 2728 2405 2781 ἐπὶ
2431 2729 2520 2784 τὸν
2552 2729 2807 2801 βραχίονά
2839 2747 2939 2801 μου
2961 2730 3086 2802 ἔθνη
3116 2731 3408 2788 ἐλπιοῦσιν.
3444 2752 3463 2786 ι

2190 2968 2209 3001 ι
2245 2950 2319 3003 Οὐ
2352 2952 2416 3005 σὺ
2447 2944 2549 3023 εἷὴ
2583 2951 2861 3023 ἐρημοῦσα
2906 2951 3199 3016 θάλασσαν,
3241 2952 3385 3025 ὕδωρ
3436 2952 3675 3009 ἀῦύωου

2114 3041 2345 3111 πλῆθος;
2366 3044 2398 3114 ἠ
2422 3042 2571 3096 θεῖσα
2591 3044 2657 3097 τὰ
2682 3043 2816 3112 βάθη
2838 3044 2935 3114 τῆς
2955 3044 3226 3115 θαλάσσης
3249 3046 3361 3098 ὁδὸν
3378 3045 3678 3110 διαϐάσεως

2116 3134 2396 3204 ρυομένοις
2447 3135 2540 3188 καὶ
2594 3134 3051 3207 λελυτρωμένοιςς
3124 3135 3259 3190 Ὑπὸ
3302 3136 3407 3208 γὰρ
3466 3138 3671 3208 Κυρίου

444 3217 644 3289 den‘pti
696 3221 957 3278 fuerunt?
1001 3225 1045 3280 A
1093 3226 1321 3280 Domino
1366 3196 1509 3281 enim
1557 3227 1901 3291 retlucentur,
1955 3238 2008 3283 et

2111 3196 2641 3298 ἀποστραφήσονται,
2676 3196 2769 3280 καί
2790 3196 3010 3298 ἥξουσιν
3035 3196 3113 3291 είς
3151 3227 3285 3281 Σιὼν
3314 3196 3440 3299 ’μετ’
3479 3196 3676 3301 stippa-

443 3313 661 3367 venient
689 3314 740 3368 in
778 3316 907 3369 Sion
938 3332 1058 3370 cmn
1093 3317 1275 3371 laetitia
1304 3328 1358 3372 et
1400 3318 1765 3374 exsultatione
1808 3320 2009 3387 sempi-

442 3410 617 3459 terna.
652 3406 705 3460 lu
732 3409 910 3477 capite
936 3411 1076 3463 enim
1105 3426 1291 3465 eorum
1329 3411 1447 3465 laus
1472 3450 1487 3475 ,
1524 3421 1576 3465 et
1604 3412 1784 3465 laetitia
1813 3429 2005 3482 appre-

444 3493 645 3551 hentlet
678 3512 771 3553 eos
815 3517 830 3555 :
876 3500 1008 3571 fugit
1045 3504 1199 3556 dolor
1226 3512 1280 3557 et
1312 3518 1534 3567 maeror,
1566 3513 1618 3558 et
1658 3506 1888 3574 gemitus
1924 3527 1934 3560 :
1980 3526 1999 3560 ι

440 3591 662 3657 quando
704 3593 848 3647 omni
889 3595 1083 3649 timore
1113 3596 1346 3664 exempti
1376 3635 1392 3661 ,
1430 3611 1537 3649 non
1573 3596 1710 3650 ultra
1758 3598 2008 3655 inimicos

448 3690 506 3734 et
538 3683 881 3740 adversarios
905 3687 1350 3742 reformidabunt.

510 3795 675 3852 Vens.
704 3797 789 3851 12.
819 3798 949 3853 Nam
989 3820 1008 3853 ι
1046 3816 1111 3856 ex
1146 3802 1349 3857 rmlesti
1376 3802 1502 3856 Sion
1537 3803 1798 3859 abscessit
1830 3805 2001 3873 dolor,

437 3900 643 3941 maeror
689 3899 742 3943 et
781 3892 1031 3959 gemitus.
1063 3894 1173 3959 Ego
1207 3912 1348 3961 sum,
1382 3910 1481 3964 ego
1506 3912 1644 3961 sum,
1686 3898 1774 3965 qui
1811 3912 2005 3952 conso-

439 3978 520 4033 lor
578 3990 645 4035 ιε.
704 3982 854 4037 Scito
902 3999 1021 4053 qua:
1077 3984 1284 4053 fueris,
1331 3996 1386 4041 et
1418 3987 1664 4042 timueris
1692 3988 1756 4042 ab
1786 3988 2003 4044 homine

440 4072 675 4134 mortali,
700 4083 755 4127 et
784 4089 813 4127 a
850 4075 961 4129 lilio
993 4077 1246 4140 hominis,
1276 4080 1364 4147 qui
1394 4079 1546 4147 quasi
1576 4079 1755 4134 fenum
1780 4082 2000 4150 arefacti

436 4172 585 4219 sunt.
623 4182 640 4215 ι
674 4164 791 4234 Ipse
818 4183 1047 4236 namque
1079 4179 1163 4223 est
1191 4172 1497 4239 propitiatio
1529 4181 1736 4236 nostra,
1766 4175 1855 4243 qui
1881 4189 2003 4228 con-

439 4254 650 4310 solatur
694 4259 941 4315 humiles.
995 4261 1073 4316 Tu
1106 4263 1249 4316 enim
1299 4263 1365 4315 ad
1423 4264 1713 4332 imaginem
1749 4280 1923 4317 meam
1968 4279 1998 4317 a

437 4363 527 4404 me
551 4349 711 4411 facta,
746 4358 981 4406 maximo
1012 4356 1205 4408 donata
1241 4370 1298 4409 es
1330 4355 1558 4420 honore,
1590 4356 1729 4413 quod
1762 4371 1846 4410 me
1874 4370 1999 4409 con-

433 4439 726 4497 solatorem
759 4445 984 4500 haberes
1020 4462 1397 4519 :quapropter
1426 4451 1569 4513 dico,
1629 4469 1648 4501 ι
1699 4448 1812 4518 Ego
1852 4466 1990 4512 sum.

2112 3317 2275 3388 σύνης
2307 3320 2398 3373 καὶ
2426 3318 2823 3389 ἀγαλλιάματος
2852 3320 3089 3372 αἰωνίου.
3146 3320 3266 3373 Ἐπὶ
3300 3320 3538 3391 κεφαλῆς
3565 3320 3675 3392 γάρ

2107 3408 2286 3461 αὐτῶν
2318 3410 2539 3472 αἴνεσις,
2576 3410 2669 3461 καὶ⁵
2696 3408 2996 3478 εὐφροσύνη
3038 3408 3401 3479 καταλήψεται
3440 3408 3668 3472 αὐτούς’

2108 3500 2318 3571 ἀπέδρα
2359 3500 2515 3569 ὀδύνη
2565 3500 2658 3553 καὶ
2684 3499 2847 3570 λύπη,
2878 3500 2969 3553 καὶ
3010 3500 3371 3570 στεναγμός·›
3407 3502 3493 3554 ὅτε
3540 3502 3667 3563 καὶ,

2109 3591 2306 3651 παντὸς
2353 3590 2518 3658 φόϐου
2566 3590 2719 3653 ἐκτὸς
2780 3591 3093 3661 γενόμενοι,
3146 3591 3326 3645 οὐκέτι
3379 3591 3672 3663 πολεμίους

2104 3682 2225 3735 οὐδὲ
2254 3682 2475 3754 ἐχθροὺς
2505 3682 2842 3753 φοϐήσονται.

2179 3834 2198 3867 ι
2244 3816 2389 3868 Ἐνί
2423 3814 2531 3886 γάρ
2568 3834 2587 3867 ι
2619 3818 2684 3887 τῇ
2731 3817 3033 3886 ἐπουρανίῳ
3076 3816 3211 3869 Σιὼν
3262 3818 3471 3889 ἀπέδρα
3508 3816 3666 3889 ὀδύνη

2104 3908 2198 3960 καὶ
2234 3906 2397 3978 λύπη,
2452 3910 2545 3961 καὶ
2604 3909 2918 3978 στεναγμός.
2978 3909 3116 3977 Ἐγώ
3159 3912 3293 3979 είμι,
3331 3910 3440 3978 ἐγώ
3470 3913 3604 3981 είμι,
3639 3914 3668 3965 6

2103 3997 2433 4069 παρακαλῶν
2472 4015 2550 4051 σε.
2586 3998 2756 4052 Γνῶθι
2805 4001 2889 4063 τίς
2928 3996 3081 4062 οὖσα,
3126 4002 3392 4073 ἐφοϐήθης
3432 4004 3539 4056 ἀπὸ
3570 4006 3667 4056 ἀν-

2103 4086 2319 4159 θρώπου
2368 4088 2584 4158 θνητοῦ,
2637 4091 2731 4143 καὶ
2780 4090 2888 4143 ἀπὸ
2931 4091 3046 4144 υἱοῦ
3101 4092 3405 4164 ἀνθρώπου,
3452 4094 3500 4148 οἶ
3532 4096 3667 4149 ὡσεὶ

2100 4178 2291 4249 χόρτος
2322 4180 2712 4251 ὲξηράνθησαν.
2752 4198 2770 4231 ι
2812 4180 2982 4244 Αὐτὸς
3030 4182 3136 4253 γάρ
3179 4185 3325 4236 ἐστιν
3370 4187 3398 4237 6
3444 4186 3666 4256 ίλασμὸς

2099 4270 2275 4339 ἡμῶν,
2304 4271 2398 4324 καὶ
2420 4274 2448 4324 6
2475 4271 2804 4341 παρακαλῶν
2829 4275 2953 4336 τοὺς
2975 4275 3275 4338 ταπεινούς.
3312 4276 3383 4329 Σὺ
3428 4276 3525 4347 μὲν
3556 4279 3665 4350 γὰρ

2099 4361 2218 4416 κατ’
2242 4363 2423 4415 εἰκόνα
2450 4363 2711 4434 γενομένη
2755 4366 2882 4434 παρ’
2923 4364 3078 4435 ἐμοῦ,
3134 4367 3394 4437 μεγίστης
3433 4369 3664 4436 ἠξίωσαι

2098 4454 2283 4525 τιμῆς,
2307 4454 2382 4519 ῶς
2410 4456 2839 4527 παρακαλεῖσθαι
2873 4458 2964 4510 ὑπ’
3000 4458 3152 4528 ἐμοῦ
3179 4458 3258 4512 διό
3281 4476 3441 4530 φημι,
3467 4477 3484 4511 t
3523 4460 3665 4528 Ἐγώ

435 4534 527 4600 qui
552 4535 802 4590 consolor
833 4547 935 4592 te.»
968 4538 1159 4608 lgn’oro
1194 4552 1371 4595 autem
1403 4556 1509 4611 quo
1544 4552 1730 4609 pacto,
1765 4542 1993 4611 dignita-

2111 4546 2211 4614 εἰμι
2242 4547 2269 4598 6
2299 4546 2626 4615 παρακαλῶν
2661 4564 2738 4600 σε.
2783 4567 2801 4599 ι
2847 4548 2959 4601 Οὐκ
2996 4545 3110 4602 οἶδα
3142 4550 3196 4602 δὲ
3236 4551 3383 4613 ὅπως
3412 4550 3663 4604 ἐπιλαθο-

432 4623 505 4678 tis
558 4626 842 4683 immemor
893 4639 1036 4695 tum,
1096 4631 1368 4686 formidini
1423 4644 1476 4688 et
1514 4634 1708 4688 terrori
1755 4635 1993 4704 subjecta

435 4714 623 4772 fueris.
663 4718 786 4773 “me
818 4737 980 4790 porro
1004 4725 1133 4777 dicit
1156 4726 1307 4793 quasi
1342 4725 1720 4779 formitlolosos
1764 4734 1818 4778 et
1847 4726 1994 4780 infir-

434 4810 657 4874 miores,
681 4814 771 4881 qui
816 4814 865 4869 in
911 4816 1149 4871 Ecclesia
1181 4828 1330 4881 suat,
1363 4818 1640 4886 alloquens
1676 4835 1689 4871 :
1720 4834 1840 4872 nam
1872 4835 1994 4888 per-

429 4900 582 4969 fecti,
630 4915 684 4957 et
716 4907 808 4976 qui
857 4910 1100 4979 martyrii
1130 4925 1328 4963 corona
1378 4909 1623 4963 exornati
1679 4919 1843 4976 sunt,
1875 4913 1992 4981 ejus

429 5006 553 5050 sunt
593 4997 816 5068 gloriam
858 4992 1156 5057 consecuti.
1206 5003 1481 5070 Siquidem
1514 5019 1633 5059 cum
1679 5022 1775 5074 par
1803 5006 1991 5065 fuisset

430 5095 481 5140 te
511 5100 654 5143 metu
688 5099 741 5146 et
768 5094 1126 5147 commotione
1164 5109 1386 5147 saeuum
1418 5111 1655 5161 manere,
1685 5107 1871 5166 utpote
1898 5117 1991 5170 po-

426 5183 611 5249 pulum
637 5200 836 5253 meum,
868 5187 933 5241 ad
965 5188 1123 5240 linem
1158 5188 1529 5254 corruptibilis
1561 5189 1835 5243 hominum
1869 5193 1989 5247 \itaa

422 5275 840 5343 respicientem;
894 5289 1057 5347 atque
1109 5279 1325 5332 eosdem
1363 5279 1510 5347 ipsos
1538 5319 1552 5343 ,
1591 5296 1726 5349 quos
1760 5283 1988 5337 extime-

420 5370 612 5425 scebas
638 5411 654 5435 ,
696 5388 727 5427 a
757 5372 938 5429 futura
968 5373 1208 5443 pernicie
1241 5374 1509 5442 eximere;
1543 5384 1597 5429 tu
1631 5386 1845 5432 contra.
1869 5376 1986 5433 illos

422 5460 795 5531 reformidans,

491 5617 655 5675 Vens.
682 5620 768 5674 15.
809 5637 828 5672 ι
885 5620 1097 5678 Oblitus
1132 5638 1190 5679 es
1221 5622 1344 5692 Dei,
1375 5626 1465 5695 qui
1518 5626 1643 5682 fecit
1668 5635 1742 5695 te,
1778 5643 1869 5699 qu.
1898 5629 1979 5684 fe-

417 5709 495 5763 cit
518 5711 729 5771 coelum,
764 5712 856 5781 qui
906 5714 1152 5770 fundavit
1186 5728 1385 5773 terram
1420 5737 1433 5775 :
1463 5728 1517 5774 et
1552 5720 1779 5777 timuisti
1830 5737 1971 5777 sem-

420 5816 521 5873 per
564 5803 812 5863 omnibus
855 5807 1042 5867 diebus
1089 5808 1284 5869 faciem
1334 5811 1427 5870 ira
1476 5814 1784 5874 tribulantis
1835 5825 1904 5873 te.
1950 5836 1969 5870 ν

2100 4636 2234 4707 μένη
2260 4638 2357 4707 τῆς
2396 4638 2597 4707 σαυτῆς
2630 4639 2805 4704 ἀξίας,
2843 4640 3011 4712 δειλίᾳ
3053 4642 3300 4712 ὑπήχθης
3333 4644 3426 4696 καὶ
3462 4644 3665 4713 ἐφοϐή-

2096 4728 2213 4799 θης.
2242 4729 2403 4795 Λέγει
2427 4728 2483 4781 δὲ
2513 4729 2685 4783 ταῦτα
2729 4730 2803 4793 ῶς
2852 4730 2986 4801 πρὸς
3026 4732 3150 4794 τοὺς
3191 4731 3519 4802 δειλοτέρους
3567 4734 3663 4788 καὶ

2094 4818 2509 4889 ἀσθενεστέρους
2537 4820 2636 4890 τῆς
2696 4820 3049 4891 Ἐκκλησίας·
3102 4823 3149 4873 οἱ
3191 4821 3300 4892 γὰρ
3341 4821 3661 4874 τελειωθέν-

2090 4929 2201 4975 τες,
2233 4913 2325 4965 καὶ
2360 4915 2469 4975 τοῖς
2498 4915 2554 4965 ἐν
2585 4912 2862 4983 μαρτυρίῳ
2894 4912 3174 4982 στεφάνοις
3216 4914 3662 4984 κατακοσμηθέν-

2090 5021 2200 5067 τες,
2228 5003 2413 5073 ἔτυχον
2450 5005 2548 5073 τῆς
2583 5003 2709 5074 παρ’
2739 5002 2899 5056 αύτοῦ
2942 5002 3117 5072 δόξης.
3152 5003 3278 5056 Δέον
3308 5003 3415 5074 γὰρ
3456 5005 3661 5073 ἄφοϐόν

2092 5111 2152 5146 σε
2178 5095 2270 5147 καὶ
2295 5096 2562 5165 ἀτάραχον
2582 5094 2875 5164 διαμένειν,
2898 5094 2973 5157 ὡς
2993 5095 3057 5147 ἂν
3084 5093 3213 5163 ἐμὸν
3242 5094 3369 5148 ὄντα
3400 5093 3548 5157 λαὸν,
3576 5098 3659 5159 είς

2089 5185 2149 5238 τδ
2170 5186 2321 5249 τέλος
2370 5186 2653 5257 ἀφορῶντα
2674 5186 2771 5254 τῆς
2798 5185 3040 5256 φθαρτῆς
3068 5185 3176 5238 τῶν
3212 5184 3512 5256 ἀνθρώπων
3554 5186 3657 5255 φύ-

2091 5292 2247 5340 σεως,
2279 5279 2370 5330 καὶ
2397 5275 2491 5329 τοῦ
2527 5276 2807 5346 μέλλοντος
2829 5275 3048 5348 ὀλέθρου
3074 5274 3409 5343 διαδέξασθαι
3430 5276 3655 5340 τούτους

2087 5366 2312 5429 αὐτοὺς,
2373 5365 2468 5429 οὓς
2524 5364 2821 5436 ὲςςοῦήθης·
2884 5366 2947 5418 σὺ
3005 5365 3061 5418 δὲ
3105 5365 3324 5429 τούτους
3374 5367 3471 5436 μὲν
3520 5367 3652 5436 ἐφο-

2086 5456 2281 5529 σήθης.

2158 5654 2176 5685 t
2216 5634 2505 5688 Ἐπελάθου
2538 5633 2595 5689 δὲ
2627 5635 2759 5690 Θεὸν
2791 5636 2881 5691 τὸν
2913 5636 3214 5708 ποιήσαντά
3249 5654 3328 5701 σε,
3366 5636 3456 5690 τὸν
3487 5637 3644 5706 ποιή-

2084 5743 2251 5779 σαντα
2283 5725 2372 5777 τὸν
2402 5726 2625 5798 οὐρανὸν
2667 5728 2757 5779 καὶ
2792 5727 3191 5797 θεμελιώσαντα
3230 5727 3329 5799 τὴν
3373 5726 3504 5797 γῆνο
3552 5728 3646 5781 καὶ

2084 5815 2273 5886 ἐφοεοῦ
2302 5817 2385 5872 ἀεὶ
2418 5816 2597 5882 πάσας
2625 5816 2722 5881 τὰς
2749 5817 2961 5890 ἡμέρας
3004 5817 3062 5872 τὺ
3100 5817 3384 5890 πρόσωπον
3421 5815 3513 5873 τοῦ
3551 5817 3644 5872 ου·
