3968 6510
269 377 389 434 με

1267 363 1771 422 COMMENTABIA
1805 357 1874 418 IN
1914 360 2174 419 lSAlAM.
2215 395 2282 405 —
2315 359 2468 420 CAP.
2507 359 2593 418 ιι.

3423 357 3530 416 ιδο

274 494 386 570 μοῦ
417 491 517 547 τοῦ
546 487 818 552 θλίϐοντός
842 503 924 540 σε.
969 503 987 538 ι
1022 484 1114 538 Διὸ
1152 482 1246 538 καὶ
1284 485 1409 546 τοὺς
1440 481 1581 536 κατὰ
1609 482 1710 552 τῆς
1749 482 1870 534 Ἐκ-

1978 477 2098 534 Ideo
2130 480 2198 533 ad
2254 479 2628 548 probationem
2671 476 2997 532 athletarum
3050 488 3294 530 meorum
3347 489 3532 546 perse-

268 585 519 656 κλησίας
550 583 650 654 τῆς
681 581 818 652 ὲμῆς
859 578 1132 647 διωγμοὺς
1182 578 1262 640 εἰς
1303 574 1533 646 δοκιμὴν
1573 573 1683 628 τῶν
1714 573 1862 644 ἐμῶν

267 675 539 748 ἀθλητῶν
567 673 770 743 ἀφίημι
804 671 897 724 καὶ
917 669 1184 740 συγχωρῶ
1211 667 1477 736 γίνεσθαι.

350 789 373 823 ι
426 771 527 824 ’ον
555 767 756 839 τρόπον
791 764 900 836 γὰρ
938 760 1292 816 ἐϐουλεύσατο
1337 759 1432 813 τοῦ
1474 755 1606 832 ἆραί
1642 770 1722 822 σε,
1770 759 1865 812 καὶ

270 863 371 917 νύν
409 861 520 916 ποῦ
552 861 581 912 ό
613 858 782 930 Θυμὺς
811 856 904 910 τοῦ
931 853 1202 918 θλίϐοντός
1245 869 1339 918 σε;
1386 849 1474 905 Ἑν
1505 852 1613 922 γὰρ
1644 849 1721 920 τῷ
1755 849 1862 903 σὼ-

269 953 474 1023 Cea-Oa!
503 970 588 1018 σε,
617 953 678 1005 οὐ
711 952 985 1022 στήσεται,
1015 948 1133 1000 οὐδὲ
1165 949 1388 1017 χρονιεῖ·
1426 946 1508 998 ὅτι
1547 942 1656 1012 ἐγὼ
1681 945 1710 996 6
1731 943 1864 1006 Θεός

272 1067 402 1112 σου,
436 1049 468 1101 6
486 1045 776 1118 ταράσσων
797 1043 896 1112 τὴν
922 1041 1217 1103 θάλασσαν,
1254 1039 1349 1091 καὶ
1379 1033 1525 1108 ἠχῶν
1556 1035 1624 1090 τὰ
1645 1035 1865 1105 κύματα

269 1141 476 1212 αὐτῆς,
499 1136 704 1207 Κύριος
741 1133 964 1188 Σαϐαὼο
992 1133 1161 1203 δνομὰ
1198 1150 1306 1202 μοι.
1336 1131 1497 1202 Θήσω
1521 1131 1646 1192 τοὺς
1675 1129 1866 1198 λόγους

274 1250 385 1306 μου
417 1233 504 1294 είς
536 1230 598 1282 τὸ
617 1227 795 1298 στόμα
822 1243 936 1286 σου,
971 1225 1064 1278 καὶ
1094 1225 1198 1277 ὑπὸ
1218 1224 1314 1292 τὴν
1351 1223 1509 1276 σκιὰν
1538 1223 1637 1294 τῆς
1681 1220 1865 1292 χειρός

275 1342 383 1398 μου
421 1322 687 1378 σκεπάσω
721 1336 800 1382 σε,
831 1320 886 1371 έν
986 1317 1188 1388 ἐστησα
1214 1315 1303 1368 τὸν
1341 1309 1565 1386 οὐρανὸν
1607 1313 1701 1366 καὶ
1749 1312 1867 1366 ἑθε-

277 1416 532 1490 μελίωσα
562 1414 662 1485 τὴν
691 1414 814 1482 γῆν.
861 1429 880 1462 ι
931 1410 1018 1472 Ὠς
1051 1407 1116 1461 ἂν
1149 1409 1220 1479 μή
1254 1425 1306 1460 τι
1341 1407 1531 1468 πὰοοις
1570 1405 1678 1458 τῶν
1710 1405 1864 1457 ἐναν-

272 1508 411 1561 τίων
441 1505 554 1560 ὑπὸ
581 1503 690 1556 τῶν
713 1498 1108 1571 πολεμούντων,
1145 1499 1234 1551 ἵνα
1254 1498 1310 1550 δὲ
1341 1497 1419 1549 ἔτι
1444 1495 1638 1566 μᾶλλον
1666 1494 1867 1566 Θαρσα-

272 1596 375 1651 λέα
415 1595 556 1666 γένῃ
582 1593 682 1646 καὶ
699 1590 958 1662 ἀτρεμὴς,
993 1589 1087 1641 καὶ
1119 1588 1386 1650 ἄπτωτος,
1425 1586 1678 1657 μάνθανε,
1711 1579 1784 1647 ὡς
1808 1583 1866 1635 ὲν

275 1689 481 1760 τῇἐμῇ
518 1685 685 1756 χειρὶ,
723 1685 779 1736 ὲν
887 1682 1088 1749 ἕστησα
1128 1680 1218 1733 τὸν
1267 1679 1491 1750 οὐρανὸν
1539 1677 1632 1731 καὶ
1672 1677 1864 1746 ὲθεμεα

274 1779 457 1832 λίωσα
488 1778 589 1848 τὴν
620 1775 743 1845 γῆν,
774 1773 867 1826 καὶ
897 1772 988 1826 τὸν
1016 1771 1306 1842 σύμπαντα
1333 1770 1531 1840 κόσμον
1567 1771 1629 1821 ἐκ
1662 1766 1756 1820 τοῦ
1791 1767 1862 1838 μὴ

276 1869 437 1933 ὄντος
462 1870 546 1930 εἰς
578 1863 640 1920 τὶ
672 1863 809 1919 εἶναι
840 1866 1178 1936 παρήγαγον,
1212 1865 1268 1915 ὲν
1294 1861 1463 1932 ταύτῃ
1492 1859 1783 1913 σκεπάσειν
1806 1875 1864 1910 σε

275 1959 718 2032 ἐπαγγέλλομαι.
756 1958 820 2011 Τί
840 1955 932 2010 οὖν
965 1956 1069 2026 χρὴ
1111 1956 1347 2025 ἀγωνιᾷν
1387 1953 1419 2024 ἢ
1454 1951 1732 2022 φοϐεῖσθαι
1775 1949 1869 2018 (ρό-

280 2054 374 2108 6ον
421 2050 786 2122 ἀνθρώπινον,
839 2049 954 2102 δέον
1004 2047 1322 2117 ὑποτρέχειν
1359 2044 1454 2116 τὴν
1505 2044 1644 2115 ἐμὴν
1690 2044 1865 2109 σκιὰν,

268 2147 424 2218 ,μηδὲ
453 2144 759 2215 ἀναχωρεῖν
785 2141 973 2211 αὐτῆς,
1018 2138 1153 2192 ἀλλὰ
1206 2138 1300 2192 καὶ
1350 2138 1476 2201 τοὺς
1524 2136 1713 2205 λόγους
1767 2153 1868 2207 μου

281 2241 522 2296 πάντοτε
545 2237 730 2308 φέρειν
753 2233 840 2287 διὰ
863 2233 1126 2303 στόματος
1149 2249 1163 2297 ;

358 2352 379 2385 ι
418 2331 537 2385 Καὶ
563 2331 679 2399 ὲρεῖ
707 2323 867 2390 Σιὼν,
896 2326 1037 2389 Λαός
1064 2342 1164 2396 μου
1185 2317 1236 2376 εἴ
1269 2321 1352 2376 σύ.
1398 2320 1702 2393 Ἐξεγείρου
1731 2361 1746 2386 ,
1784 2322 1870 2387 ὲξ-

275 2425 532 2498 -εγείρου,
569 2419 854 2492 ἀνάστηθι,
893 2417 1268 2489 Ἰερουσαλὴμ,
1305 2415 1562 2486 ὴπιοῦσα
1586 2416 1648 2468 ἐκ
1689 2415 1871 2486 χειρὸς

281 2518 498 2591 Κυρίου
542 2513 604 2569 τὸ
627 2515 885 2585 ποτήριον
927 2511 1019 2564 τοῦ
1060 2509 1231 2581 Θυμοῦ
1263 2507 1454 2562 αύτοῦ-
1503 2507 1562 2562 τὸ
1613 2509 1869 2578 ποτήριον

281 2612 391 2683 γὰρ
424 2610 532 2680 τῆς
571 2606 845 2670 πτώσεως,
880 2604 941 2658 τὸ
976 2601 1130 2658 κόνδυ
1170 2601 1261 2655 τοῦ
1310 2598 1479 2671 Θυμοῢ
1523 2599 1730 2664 ἐξέπιες
1775 2597 1870 2651 καὶ

275 2701 651 2768 ἷὲίξεκένωσας.
681 2719 700 2752 ι
732 2699 916 2751 Ἐοικε
948 2693 1232 2767 σημαίνειν
1259 2693 1346 2746 διὰ
1371 2691 1572 2744 τούτων
1589 2689 1686 2761 τὴν
1712 2688 1872 2758 ἐσχα-

277 2810 382 2868 ’την
419 2790 596 2863 αὐτῆς
630 2789 856 2855 πτῶσιν,
887 2790 953 2860 ἣν
986 2786 1219 2840 πέπονθε
1257 2784 1394 2857 μετὰ
1434 2784 1503 2836 τὰ
1532 2779 1871 2852 τολμηθέντα

283 2890 342 2943 ἐν
375 2889 524 2958 αὐτῇ
547 2883 687 2939 κατὰ
710 2882 804 2937 τοῦ
831 2876 1081 2952 Σωτῆρος
1115 2879 1270 2950 ἡμῶν
1290 2895 1302 2907 ·
1335 2873 1414 2929 διὸ
1450 2876 1543 2929 καὶ
1576 2875 1674 2944 τῆς
1703 2873 1870 2945 ὀργῆς

285 2980 378 3035 τοῦ
407 2977 552 3034 θεοῦ
584 2975 869 3048 ἐπειράθη.
896 2971 1141 3044 Χρηστὸς
1174 2970 1228 3022 δὲ
1259 2969 1332 3022 ὢν
1377 2969 1405 3021 6
1446 2967 1603 3035 λόγος
1628 2966 1718 3020 καὶ
1753 2965 1872 3035 φιλ-

279 3073 616 3146 ἀνθρωπος,
684 3068 778 3122 καὶ
802 3065 816 3080 '
845 3067 918 3138 μὴ
991 3063 1307 3135 βουλόμενος
1354 3059 1444 3113 τὸν
1498 3060 1724 3113 Θάνατον
1773 3057 1867 3111 τοῦ

288 3160 644 3236 ἁμαρτωλοιλ
689 3159 764 3224 ὡς
786 3159 884 3229 τὴν
922 3156 1208 3229 μετάνοιαν
1249 3154 1434 3218 αὑτοῦ,
1489 3153 1739 3224 παραινεῖ
1775 3150 1871 3203 αύ-

283 3260 401 3320 ’τοίς
429 3254 679 3309 σπεύδειν
710 3252 789 3315 εἰς
829 3251 1135 3322 μετάνοιαν,
1167 3249 1500 3319 ὑπογράφων
1545 3243 1755 3313 ἀγαθὰς
1785 3242 1871 3296 ἐλ-

287 3346 455 3410 πίδας
477 3347 527 3398 εί
554 3345 953 3416 μετανοήσειεν.
1002 3341 1209 3394 Οὐκοῦν
1259 3339 1610 3411 Ἰερουσαλήμ
1648 3338 1795 3389 ἐστιν
1833 3336 1868 3407 ἡ

289 3439 501 3494 πιοῦσα
526 3438 588 3491 τὺ
622 3437 877 3508 ποτήριον
909 3435 1006 3504 τῆς
1029 3433 1217 3506 ὀργῆς.
1257 3434 1366 3486 Καὶ
1401 3432 1546 3484 ἔστιν
1579 3427 1737 3500 ἑτέρα
1776 3427 1872 3480 Ἰε-

294 3529 604 3601 ρουσαλὴμ,
645 3527 774 3599 περὶ
805 3521 872 3598 ἧς
901 3524 970 3578 τὰ
1003 3523 1234 3595 μάλιστα
1272 3521 1535 3586 Θεσπίζει.
1589 3519 1784 3590 Διόπερ
1809 3519 1871 3571 οὐ

291 3623 401 3695 χρὴ
439 3619 775 3690 συγχεῖσθαι,
822 3617 942 3670 οὐδὲ
975 3616 1213 3688 νομίζειν
1259 3616 1386 3685 περὶ
1436 3613 1533 3684 τῆς
1580 3613 1751 3683 αὐτῆς
1789 3611 1874 3663 λέ-

291 3715 512 3784 γεσθαι,
543 3711 663 3766 οὐδὲ
685 3710 921 3765 ἐναντία.
959 3709 1023 3762 Ἠ
1059 3708 1158 3779 μὲν
1199 3707 1304 3778 γάρ
1349 3708 1493 3759 ἐστιν
1531 3706 1588 3757 ὲν
1633 3703 1870 3776 οὐρανῷ,

289 3803 357 3880 ἦς
390 3806 491 3862 καὶ
520 3801 824 3876 βασιλεύειν
852 3801 1069 3870 λέγεται
1096 3798 1124 3851 6
1156 3797 1307 3862 Θεὸς,
1337 3792 1404 3870 ἧς
1431 3795 1540 3850 οὔτ’
1579 3795 1715 3866 ὀργὴ
1751 3794 1874 3850 οὔτε

293 3895 474 3970 θυμὸς
520 3896 775 3950 ἅπτεται·
822 3891 1032 3962 ἀπέδρα
1074 3888 1183 3960 γὰρ
1227 3887 1388 3956 ὀδύνη
1435 3885 1530 3939 και¹
1575 3884 1740 3956 λύπη,
1779 3885 1874 3938 κα)⁵

295 3985 607 4058 στεναγμδς
638 3985 696 4052 ἐξ
738 3983 932 4054 αὐτῆςο
966 3984 998 4052 ή
1029 3981 1085 4034 δέ
1131 3981 1246 4032 ἐστι
1278 3975 1589 4030 συνεστῶσα
1636 3976 1728 4028 ἐπὶ
1772 3976 1875 4047 γῆς

292 4079 392 4134 τοῦ
422 4073 560 4141 Θεοῦ
587 4076 758 4140 πόλις,
791 4075 856 4128 δι’
898 4070 965 4147 ἦς
999 4071 1389 4142 ἀπεδείκνυμεν
1424 4068 1782 4138 σημαίνεσθαι
1814 4069 1876 4120 τὸ

296 4169 554 4232 θεοσεϐὲς
591 4169 648 4222 ὲν
683 4165 989 4238 ἀνθρώποις
1047 4165 1376 4235 πολίτευμα³
1423 4162 1585 4232 ἑτέρα
1616 4159 1672 4212 δὲ
1725 4163 1875 4232 παρὰ

294 4261 509 4324 ταύτας
538 4259 656 4312 ἐστὶ
689 4262 721 4330 ἡ
756 4258 848 4311 τοῦ
884 4256 1055 4329 θυμοῦ
1078 4255 1170 4310 τοῦ
1201 4256 1336 4310 Θεοῦ
1374 4254 1752 4324 πεπειραμένοι]
1789 4254 1875 4309 διὰ

294 4356 400 4428 τῆς
422 4354 532 4408 τῶν
559 4351 858 4423 οἰκητόρων
893 4349 1253 4422 παρανομίας.

375 4465 397 4500 ι
437 4445 548 4500 Καὶ
582 4446 680 4498 οὐκ
723 4440 789 4514 ἦν
827 4443 856 4495 6
890 4442 1222 4514 παρακαλῶν
1257 4460 1315 4495 σε
1356 4441 1465 4496 ἀπδ
1509 4443 1724 4496 πάντων
1769 4441 1876 4493 τῶν

1967 573 2212 627 cutiones
2275 581 2462 627 contra
2525 569 2824 626 Ecclesiam
2889 582 3066 624 meam
3123 567 3352 623 excitari
3399 583 3530 638 per-

1965 665 2142 719 mitto.

2034 755 2202 810 νεεδ.
2237 757 2327 821 14,
2359 754 2447 811 16.
2484 774 2501 807 ι
2539 754 2692 809 Sicut
2723 752 2867 807 enim
2902 754 3159 822 cogitavit
3199 753 3389 808 tollere
3441 761 3531 818 te,

1964 858 2014 902 et
2047 864 2187 904 nunc
2210 848 2294 902 ubi
2323 857 2404 902 est
2432 847 2582 900 furor
2605 845 2914 900 tribulantis
2933 847 3017 901 te?
3039 845 3170 901 Cum
3190 847 3336 900 enim
3355 846 3536 900 salva-

1965 941 2133 1004 heris,
2166 957 2273 995 non
2307 941 2512 1006 stabit,
2540 953 2713 1007 neque
2737 937 2824 992 diu
2854 940 3188 1007 permanebit
3218 956 3233 993 :
3269 941 3396 1008 quia
3431 953 3535 1007 ego

1966 1035 2108 1089 Deus
2143 1044 2285 1097 tuus,
2319 1035 2410 1102 qui
2456 1033 2720 1087 conturbo
2754 1045 2924 1095 mare,
2949 1041 3003 1084 et
3049 1046 3242 1085 sonare
3267 1030 3408 1084 facio
3435 1029 3537 1083 ﬁun-

1965 1135 2084 1180 ctus
2111 1125 2228 1195 ejus
2261 1166 2277 1190 ,
2310 1125 2566 1180 Dominus
2619 1123 2857 1179 Sabaoth
2902 1138 3094 1176 nomen
3128 1123 3282 1176 mihi.
3332 1122 3534 1177 Ponam

1965 1221 2127 1274 verba
2160 1234 2279 1274 mea
2333 1219 2385 1273 in
2420 1233 2516 1272 ore
2548 1226 2640 1270 tuo
2662 1253 2677 1281 ,
2711 1225 2768 1270 et
2799 1215 2899 1269 sub
2929 1214 3118 1268 umbra
3154 1230 3348 1268 manus
3400 1229 3536 1270 mea:

1964 1321 2240 1381 protegam
2281 1321 2350 1374 te,
2390 1310 2443 1364 in
2475 1325 2578 1379 qua
2610 1309 2775 1364 statui
2803 1309 2999 1363 coelum
3026 1347 3041 1372 ,
3074 1317 3129 1361 et
3159 1307 3376 1360 fundavi
3429 1315 3538 1361 ter-

1966 1418 2102 1457 ram.
2139 1421 2157 1454 ›
2198 1401 2275 1455 Ne
2306 1402 2437 1471 quid
2469 1401 2680 1456 adversi
2710 1400 2934 1471 patiaris
2963 1400 3030 1453 ab
3061 1399 3490 1470 oppugnantibus
3516 1437 3535 1466 ,

1968 1497 2075 1550 imo
2103 1505 2160 1550 ut
2190 1496 2567 1559 conﬁdentior,
2593 1494 2956 1563 imperterrita
2985 1502 3040 1547 et
3072 1493 3394 1547 inconcussa
3418 1507 3540 1560 per-

1967 1599 2110 1653 stcs,
2148 1589 2327 1643 discas
2364 1603 2448 1642 me
2481 1602 2644 1642 manu
2681 1600 2796 1641 mea
2825 1626 2841 1651 ,
2875 1599 2979 1652 qua
3029 1583 3194 1636 statui
3234 1582 3430 1636 coelum
3485 1589 3540 1640 ει

1967 1683 2182 1737 fundavi
2218 1694 2419 1737 terram
2452 1718 2468 1747 ,
2518 1691 2572 1736 et
2602 1680 2915 1735 universum
2960 1678 3216 1730 mundum
3251 1691 3318 1731 ex
3366 1676 3537 1733 nihilo

1969 1775 2032 1829 ad
2069 1775 2438 1829 exsistentiam
2469 1773 2722 1843 produxi,
2747 1783 2799 1827 te
2829 1779 3199 1840 protecturum
3226 1784 3348 1825 esse
3381 1770 3538 1840 polli-

1969 1867 2100 1922 ceri.
2136 1866 2272 1933 Quid
2303 1881 2432 1936 ergo
2484 1864 2700 1935 angeris
2729 1900 2745 1928 ,
2782 1872 2876 1918 aut
2922 1862 3197 1918 hominum
3249 1863 3540 1920 formidine

1968 1961 2268 2028 occuparis,
2299 1976 2420 2014 cum
2463 1960 2529 2014 ad
2561 1958 2806 2013 umbram
2845 1972 3018 2012 meam
3053 1956 3346 2026 confugere
3368 1996 3384 2022 ,
3437 1973 3540 2014 nec

1971 2054 2037 2107 ab
2069 2068 2130 2105 ea
2160 2054 2412 2108 recedere
2437 2060 2706 2121 oporteat,
2725 2061 2888 2120 atque
2916 2063 3195 2104 sermones
3228 2065 3377 2106 meus
3397 2067 3538 2106 sem.

1970 2160 2066 2216 per
2098 2146 2149 2200 in
2185 2161 2279 2200 ore
2306 2147 2448 2199 ferre
2475 2159 2610 2214 opus
2636 2145 2705 2198 sit
2730 2143 2756 2196 ἲ

2039 2323 2203 2377 Vens.
2251 2322 2334 2376 17.
2371 2341 2389 2373 ι
2427 2322 2492 2377 Ει
2525 2322 2670 2378 dicet
2722 2322 2876 2384 Sion.
2918 2321 3152 2392 Populus
3181 2339 3332 2379 meus
3367 2339 3427 2380 es
3455 2335 3533 2382 tu.

1971 2415 2248 2482 Excitare,
2278 2417 2538 2482 excitare,
2564 2431 2818 2485 exsurge,
2853 2415 3176 2480 Jerusalem,
3203 2427 3324 2485 Quae
3351 2410 3535 2473 bibisti

1970 2508 2221 2562 de-rnanu
2251 2507 2463 2561 Domini
2496 2509 2718 2562 calicem
2745 2507 2944 2562 furoris
2966 2507 3080 2575 ejus
3111 2529 3123 2562 :
3150 2507 3370 2562 calicem
3391 2507 3537 2563 enim

1971 2600 2140 2652 ruinae
2168 2640 2182 2663 ,
2218 2609 2272 2654 et
2316 2600 2564 2669 poculum
2611 2599 2812 2654 furoris
2843 2598 2960 2666 ejus
2986 2600 3200 2655 ebibisti
3232 2609 3288 2655 et
3313 2615 3542 2655 evacua-

1970 2692 2061 2746 Sti.
2097 2710 2116 2745 ι
2149 2691 2243 2747 llis
2263 2692 2477 2746 videtur
2505 2691 2816 2761 signiﬁcare
2837 2703 3136 2746 extremam
3165 2672 3281 2758 ejus
3303 2692 3535 2755 ruinam,

1970 2799 2131 2853 quam
2179 2792 2301 2854 post
2349 2791 2656 2853 perpetrata
2703 2781 2904 2837 ibidem
2958 2789 3152 2836 contra
3199 2780 3537 2836 Salvatorem

1972 2887 2211 2932 nostrum
2244 2876 2482 2931 facinora
2520 2889 2771 2946 perpessa
2800 2884 2886 2928 est
2913 2892 2927 2927 :
2956 2888 3126 2942 quare
3163 2873 3299 2926 iram
3334 2873 3423 2927 Dei
3443 2887 3540 2925 ex-

1971 2977 2118 3039 perta
2144 2977 2243 3023 est.
2267 2968 2398 3022 Cum
2415 2973 2590 3022 autem
2613 2967 2700 3022 hic
2719 2980 2894 3021 sermo
2915 2965 3024 3035 (40)
3048 2966 3454 3020 ηιτιιιειιειιιόὶιιε
3484 2974 3543 3019 ει

1972 3061 2308 3115 humanitate
2351 3059 2542 3129 plenus
2587 3059 2697 3123 sit,
2741 3073 2921 3126 neque,
2961 3059 3087 3113 velit
3137 3056 3279 3112 Deus
3309 3067 3539 3113 mortem

1975 3153 2268 3224 peccatoris
2294 3193 2306 3214 .
2344 3153 2484 3206 sicut
2534 3151 2909 3222 paenitentiam
2943 3149 3080 3218 ejus,
3115 3150 3362 3204 hortatur
3396 3150 3542 3219 ipsos

1976 3256 2033 3301 ut
2084 3248 2152 3301 ad
2223 3245 2592 3315 paenitentiam
2659 3243 2920 3314 agendam
2989 3251 3294 3308 maturent,
3347 3241 3543 3298 honam

1975 3340 2104 3409 ipsis
2132 3354 2301 3409 spem,
2332 3339 2374 3392 si
2408 3337 2755 3406 resipiscam.
2797 3335 3102 3389 ascribens.
3152 3332 3340 3403 Itaque
3388 3330 3547 3387 Jeru-

1974 3433 2138 3487 salem
2169 3440 2273 3495 est,
2300 3445 2418 3499 quae
2451 3428 2676 3483 calicem
2706 3428 2799 3481 ira:
2826 3426 3013 3482 ebibit.
3045 3427 3248 3495 Estque
3274 3440 3407 3480 sane
3432 3425 3540 3480 alia

1972 3523 2297 3590 Jerusalem,
2326 3523 2392 3577 de
2418 3536 2522 3590 qua
2556 3520 2868 3590 frequenter
2902 3519 3251 3574 vaticinatur.
3291 3518 3542 3588 Quapro-

1973 3627 2094 3687 pter
2123 3632 2227 3670 non
2264 3623 2479 3685 oportet
2527 3627 2621 3667 eas
2673 3611 3030 3667 commiscere
3071 3622 3126 3666 et
3175 3611 3546 3676 confundere,

1975 3724 2146 3779 neque
2171 3722 2363 3777 putare
2386 3707 2454 3760 de
2477 3705 2666 3760 eadem
2699 3702 2977 3758 contraria
3007 3701 3258 3770 proferri.
3286 3699 3419 3755 Nam
3437 3701 3544 3756 alia

1974 3802 2028 3856 in
2057 3802 2195 3856 εωΙο
2228 3809 2332 3864 est,
2364 3800 2416 3853 in
2448 3811 2552 3867 qua
2584 3810 2817 3866 regnare
2859 3794 3059 3849 dicitur
3092 3794 3253 3858 Deus,
3279 3803 3334 3847 et
3355 3795 3547 3848 adver-

1975 3909 2067 3949 sus
2097 3909 2258 3962 quam
2295 3906 2393 3970 nec
2417 3891 2496 3944 ira
2531 3904 2631 3944 nec
2661 3889 2814 3943 furor
2836 3886 3186 3949 accenditur;
3216 3885 3284 3939 ab
3305 3899 3365 3938 ea
3393 3901 3544 3939 natu-

1975 4001 2080 4055 que
2102 3985 2274 4050 dolor,
2300 3998 2502 4038 mmror
2544 3996 2607 4036 ac
2648 3980 2883 4050 gemitus
2927 3977 3232 4044 abscessit;
3269 3976 3372 4032 alia
3411 3991 3543 4032 vero

1976 4078 2166 4133 civitas
2197 4077 2290 4130 Dei
2325 4076 2376 4130 iu
2407 4083 2552 4129 terra
2590 4066 2894 4127 consiStens
2923 4080 3040 4132 est,
3071 4084 3233 4139 quant
3262 4067 3544 4138 signiﬁca-

1977 4185 2035 4226 re
2083 4170 2316 4222 diximus
2344 4167 2655 4236 religiosum
2686 4163 2825 4232 apttd
2860 4163 3106 4216 homines
3149 4160 3361 4214 vivendi
3395 4160 3547 4214 insti-

1979 4273 2150 4317 tutum
2176 4279 2190 4326 ;
2226 4270 2423 4328 praeter
2454 4259 2616 4312 hasce
2641 4270 2768 4309 vero
2790 4253 2894 4308 alia
2923 4262 3028 4318 est,
3047 4252 3180 4307 iram
3204 4250 3294 4305 Dei
3321 4258 3544 4320 experta

1977 4356 2045 4409 ob
2074 4355 2270 4407 civium
2307 4368 2525 4407 suorum
2560 4349 2926 4418 iniquitatem.

2057 4447 2216 4501 Vens.
2251 4446 2338 4510 18,
2389 4444 2472 4499 19.
2515 4462 2532 4495 ι
2578 4443 2642 4498 Et
2670 4449 2916 4498 nouerat
2950 4437 3039 4511 qui
3073 4435 3444 4492 consolaretur
3493 4445 3546 4491 te

295 4540 505 4596 τέκνων
541 4555 655 4603 σου,
698 4529 773 4588 ὧν
806 4535 1022 4597 ἔτεκεςο
1060 4535 1152 4586 καὶ
1197 4535 1294 4586 οὐκ
1338 4529 1406 4605 ἦν
1431 4535 1458 4586 6
1487 4531 1870 4602 ἀντιλαμϐανό-

1985 4555 2049 4593 ex
2081 4540 2332 4594 omnibus
2363 4537 2486 4590 ﬁliis
2515 4537 2640 4599 tuis,
2676 4552 2814 4606 quos
2844 4533 3097 4605 peperisti
3134 4551 3146 4587 :
3176 4543 3228 4587 et
3279 4549 3384 4587 non
3430 4541 3548 4587 erat

301 4650 464 4706 μενος
494 4632 593 4703 τῆς
617 4629 797 4702 χειρός
814 4644 928 4691 σου,
951 4627 1070 4680 οὐδὲ
1095 4628 1200 4682 ἀπὸ
1218 4627 1433 4680 πάντων
1461 4625 1568 4679 τῶν
1598 4625 1727 4678 υἱῶν
1757 4642 1874 4690 σου,

297 4722 373 4784 ὧν
403 4727 649 4798 ὓψωσας.
691 4722 781 4776 Διὸ
812 4721 981 4776 ταῦτα
1033 4719 1381 4790 ἀντικείμενα
1421 4736 1534 4772 σοι’
1571 4718 1654 4781 τίς
1688 4716 1879 4770 συλλυ-

301 4817 610 4894 πηθήσεταί
663 4832 778 4880 σοι;
829 4815 1037 4886 Πτῶμα
1071 4816 1164 4867 καὶ
1209 4813 1540 4885 σύντριμμα,
1584 4810 1741 4882 λιμὸς
1783 4811 1877 4862 καὶ

303 4914 582 4986 μάχαιρα·
615 4909 700 4973 τίς
730 4908 1094 4981 παρακαλέσει
1123 4924 1182 4960 σε
1208 4924 1222 4972 ;
1262 4927 1278 4957 ι
1316 4908 1466 4960 Πίνει
1493 4907 1551 4959 δέ
1582 4923 1664 4968 τις
1687 4903 1748 4957 τὸ
1779 4921 1877 4956 πο-

299 5007 488 5080 τήριον
521 5002 696 5075 θυμοῦ
722 5003 813 5056 καὶ
843 5000 1118 5063 πτώσεως,
1145 5001 1238 5052 καὶ
1282 4997 1447 5051 πίνων
1472 4994 1876 5066 ἐκστραγγίζει,

301 5099 389 5154 ὅτε
415 5099 598 5162 πάσας
629 5096 918 5166 ὑφίσταται
951 5093 1049 5158 τὰς
1083 5090 1351 5163 τιμωρίας
1386 5088 1600 5152 καὶτὰς
1632 5087 1879 5148 κολάσεις

302 5193 400 5257 τὰς
423 5190 770 5262 ἐπαγομένας
810 5188 946 5260 ὑπὲρ
981 5181 1054 5240 ὧν
1090 5185 1324 5258 ἔπραξῑν
1361 5182 1744 5252 ἁτοτημάτων.
1792 5179 1879 5240 Ὡς

303 5285 358 5339 δὲ
385 5284 585 5358 ἰατρῶν
614 5284 801 5346 παῖδες
828 5284 938 5344 τοῖς
966 5278 1291 5350 καχεκτοῠσι
1343 5275 1542 5346 πικρὰς
1574 5271 1880 5344 προσάγουο

303 5393 390 5434 σιν
411 5378 729 5440 ἀντιδόσεις,
752 5376 891 5446 ὑπὲρ
915 5372 1006 5427 τοῦ
1027 5371 1261 5442 καθᾶραι
1299 5368 1396 5440 τὴν
1445 5368 1502 5420 ὲν
1543 5363 1620 5434 τῷ
1669 5360 1879 5431 σώματι

305 5471 672 5544 προκειμένην
705 5469 974 5523 κάκωσιν·
1011 5464 1152 5517 οὕτω
1193 5465 1287 5517 καὶ
1328 5463 1456 5534 περὶ
1493 5460 1586 5515 τοῦ
1613 5456 1745 5512 Θεοῦ
1791 5456 1877 5510 λέ-

306 5562 510 5628 λεκται,
539 5581 558 5616 ι
586 5564 847 5634 Ποτήριον
877 5561 934 5614 ὲν
967 5558 1112 5630 χειρὶ
1138 5558 1365 5630 Κυρίου,
1397 5555 1539 5610 οἴνου
1565 5553 1825 5624 ἀκράτου,
1849 5571 1866 5602 ι

381 5662 428 5693 ’⁸
464 5659 610 5716 Psal.
649 5673 829 5721 LXXIV,
859 5657 914 5711 9.

1983 4633 2074 4701 qui
2127 4630 2554 4701 apprehenderet
2588 4641 2806 4682 manum
2854 4637 3042 4691 tuam,
3081 4641 3146 4680 ne
3178 4641 3243 4680 ex
3297 4626 3550 4681 omnibus

1984 4723 2198 4793 quidem
2236 4722 2358 4776 ﬁliis
2383 4723 2488 4775 tuis
2512 4759 2527 4784 ,
2559 4736 2696 4790 quos
2724 4718 2998 4774 exaltasti.
3041 4717 3220 4783 Quare
3249 4719 3364 4772 haec
3410 4735 3548 4774 con-

1986 4816 2148 4870 traria
2184 4814 2278 4869 tihi
2327 4829 2342 4867 :
2388 4814 2510 4883 quis
2539 4823 2714 4868 tecum
2752 4811 3216 4867 contristabitur?
3269 4810 3445 4865 Ruina
3493 4821 3549 4866 et

1985 4907 2260 4973 contritio,
2295 4907 2464 4959 fames
2489 4913 2544 4960 et
2576 4905 2818 4974 gladius;
2854 4904 2974 4975 quis
3004 4903 3370 4959 consolahitur
3399 4904 3492 4958 te?
3520 4924 3542 4957 ι

1986 5001 2118 5055 Tum
2145 5001 2265 5069 quis
2293 4999 2520 5053 calicem
2575 4998 2667 5053 irae
2696 5008 2752 5052 et
2785 4998 2954 5051 ruina:
2993 4997 3192 5063 ebibit,
3241 5010 3305 5050 ac
3358 4995 3550 5050 bibens

1985 5094 2236 5164 guttatim
2278 5092 2485 5157 haurit,
2515 5106 2634 5146 cum
2675 5089 2854 5143 omnia
2887 5087 3144 5158 supplicia
3173 5127 3188 5151 ,
3213 5101 3401 5140 omnes
3435 5086 3552 5139 illa-

1987 5195 2067 5240 tos
2080 5187 2355 5240 cruciatus
2383 5185 2612 5238 sustinet
2639 5199 2738 5253 pro
2756 5181 3048 5236 sceleribus
3068 5177 3336 5232 admissis.
3353 5177 3554 5243 Quem-

1983 5277 2268 5332 admodum
2301 5293 2428 5332 vero
2459 5277 2651 5332 medici
2704 5275 2846 5330 male
2877 5272 3202 5328 habentibus
3241 5271 3434 5332 acerba
3464 5287 3554 5324 re-

1986 5370 2158 5426 media
2202 5367 2434 5424 oﬁ‘crunt
2462 5409 2477 5432 ,
2525 5377 2584 5421 ut
2628 5366 3013 5435 malignitatem
3045 5364 3351 5431 incorpore
3402 5361 3552 5417 exsi-

1981 5471 2214 5516 stentem
2243 5460 2662 5532 expurgentLita
2686 5469 2740 5514 et
2771 5459 2839 5512 de
2872 5454 3216 5519 Deo'dicitur,
3263 5473 3282 5508 ι
3305 5454 3454 5510 Calix
3492 5453 3547 5509 in

1983 5573 2142 5612 manu
2175 5557 2407 5623 Doutiui,
2433 5556 2540 5611 viui
2565 5557 2697 5610 meri
2716 5554 2784 5620 ”,
2820 5571 2841 5606 ι
2865 5561 2916 5608 et
2935 5562 3148 5607 caetera.
3180 5550 3394 5607 Λιεηὶω
3430 5549 3553 5604 ani-

377 5754 487 5825 (40)
505 5755 669 5810 Forte
683 5770 785 5808 vox
806 5752 1016 5825 Graeca,
1039 5752 1326 5825 λόγοςφνρ
1344 5749 1478 5804 Filio
1501 5751 1594 5825 Dei
1627 5752 1804 5825 aptius
1834 5766 1870 5803 SI

1978 5759 2165 5825 detur,
2200 5747 2464 5825 siquidem
2492 5743 2579 5799 ille
2615 5741 2771 5812 λόγος
2795 5741 2994 5800 dicitur
3020 5740 3095 5813 μὴ
3116 5737 3434 5813 βουλόμενος
3457 5732 3550 5789 τὸν

311 5818 533 5881 θάνατον
546 5825 640 5879 τοῦ
661 5822 1005 5896 ἅμαρτωλοῦ,
1028 5818 1166 5893 quotl
1191 5818 1256 5877 de
1281 5820 1408 5886 Deo,
1434 5839 1536 5877 non
1562 5824 1624 5876 de
1652 5818 1862 5890 Scriptu

1978 5822 2064 5876 lici
2092 5823 2247 5876 solet.
2278 5818 2433 5871 Eutr.
