3968 6506
436 342 541 398 451

1087 342 1362 399 EUSEBII
1400 345 1880 405 C/ESARIENSIS
1917 348 2068 408 OPP.
2108 350 2289 410 PARS
2327 353 2413 408 Ill.
2453 384 2524 395 --
2560 352 2975 412 EXEGETICA.

3571 357 3681 415 ιδε

437 475 649 515 marum
692 458 783 515 ille
820 458 1106 527 medicus,
1156 457 1361 513 morbis
1407 461 1601 515 animae
1650 462 1968 520 insidentibu

2110 467 2201 519 καὶ
2242 467 2307 519 τὰ
2355 467 2499 539 ἑξῆς.
2547 469 2848 537 Ἀναλόγως
2885 486 2995 540 γαρ
3032 470 3145 533 τοῖς
3190 466 3568 542 ὑποκειμένοις
3610 476 3679 546 τῇ

432 564 796 624 congruentes
827 551 1233 622 castigationes,
1269 552 1422 620 quasi
1452 554 1745 622 quamdam
1786 559 1998 613 antido-

434 657 552 702 tum
583 647 647 701 ad
684 645 943 700 medelam
974 655 1029 701 et
1054 645 1431 715 purgationem
1454 649 1736 715 praesentis
1776 649 2000 704 inﬁrmi-

435 741 584 803 tatis,
615 738 841 809 profert.

507 831 669 887 Vens.
698 829 786 884 εο.
826 849 844 881 ι
896 829 1016 885 Filii
1062 831 1137 883 tui
1173 828 1516 901 indigentes,
1566 832 1894 888 dormientes
1944 835 1995 888 in

430 926 684 994 compitis
730 924 969 977 omnium
1021 923 1270 989 viarum,
1307 924 1449 979 sicut
1496 924 1620 979 beta
1668 926 1995 992 semicocta,

432 1018 579 1087 pleni
630 1017 813 1072 furore
866 1017 1121 1082 Domini,
1182 1016 1500 1071 deﬁcientes
1560 1032 1656 1085 per
1714 1018 1996 1072 Dominum

432 1111 622 1164 Demn.
674 1131 693 1162 ι
734 1109 1041 1165 Secundum
1092 1111 1331 1180 reliquos
1364 1112 1690 1181 interpretes
1728 1128 1828 1181 pro
1863 1113 1955 1168 illo
1981 1153 1996 1180 ,

433 1220 455 1255 ι
499 1204 641 1258 sicut
691 1204 814 1258 beta
843 1204 1165 1268 semicocta,
1208 1224 1227 1257 ι
1263 1206 1342 1260 sic
1398 1206 1611 1275 legitur,
1673 1224 1689 1259 ι
1742 1216 1997 1276 tanquam

424 1312 563 1367 oryx
593 1298 853 1351 irretitus.
893 1316 911 1347 ι
954 1296 1099 1366 Oryx
1126 1292 1305 1351 autem
1343 1306 1425 1352 est
1456 1300 1570 1351 avis
1602 1299 1680 1352 sic
1711 1299 1994 1367 appellata,

425 1396 511 1444 cui
552 1391 690 1445 ﬁlios
720 1390 1017 1445 Jerusalem
1049 1399 1347 1459 comparat,
1378 1390 1584 1445 retibus
1616 1390 1816 1445 diaboli
1857 1392 1998 1447 irre-

426 1484 554 1538 titos
582 1501 595 1537 :
624 1484 973 1553 quamobrem
1012 1484 1103 1537 ira:
1136 1483 1315 1537 traditi
1351 1494 1496 1537 sunt.

501 1664 659 1720 Vens.
688 1666 779 1725 2-1,
804 1666 895 1720 9.2.
926 1687 943 1719 ι
967 1667 1255 1734 Propterea
1283 1667 1429 1730 audi,
1458 1668 1736 1723 ltumiliata
1754 1677 1807 1724 et
1826 1669 1995 1738 ebria,

424 1771 533 1810 non
564 1759 686 1811 vino
724 1777 737 1811 :
788 1758 868 1811 sic
899 1758 1029 1810 dicit
1063 1758 1324 1812 Dominus
1364 1758 1522 1822 Deus,
1553 1761 1642 1828 qui
1669 1759 1872 1827 judicat
1896 1777 1993 1831 po-

2098 557 2241 629 ψυχῇ
2290 559 2519 613 πάθεσιν
2570 562 2599 613 ὁ
2639 562 2747 615 τῶν
2793 562 2982 633 ψυχῶν
3034 564 3216 634 ἰατρὸς
3265 566 3362 627 τὰς
3407 568 3681 637 τιμωρίας

2100 649 2233 721 αὐτῇ
2260 651 2542 721 προσάγει,
2585 652 2772 725 ὥσπερ
2808 654 2959 718 τινὰς
2999 657 3305 720 ἀντιδότους
3355 657 3683 730 θεραπευτι-

2098 741 2199 804 κάς
2226 743 2318 796 ἐπὶ
2352 744 2615 815 καθάρσει
2636 747 2737 817 τῆς
2770 750 3137 820 προκειμένης
3170 750 3387 814 κακίας.

2173 853 2192 885 ι
2230 837 2292 888 0i
2330 838 2433 890 υἱοί
2470 856 2562 892 σου
2603 841 2653 892 οἱ
2697 841 3078 911 ἀπορούμενοι,
3116 844 3165 895 οἱ
3200 843 3549 908 καθεύδοντες
3582 846 3676 898 ἐπ’

2097 925 2264 1001 ἄκρου
2294 931 2473 1002 πάσης
2500 928 2700 997 ἐξόδου,
2741 933 2817 997 ὡς
2852 933 3091 987 σεύτλιον
3135 935 3419 1005 ἡμίεφθον,
3460 936 3507 988 οἱ
3547 935 3678 1008 πλή-

2100 1036 2214 1089 ρεις
2275 1021 2446 1093 θυμοῦ
2492 1026 2730 1097 Κυρίου,
2794 1026 3137 1098 ἐκλελυμένοι
3191 1028 3278 1082 διὰ
3330 1028 3534 1099 Κυρίου
3578 1032 3674 1084 τοῦ

2098 1114 2251 1169 Θεοῦ.
2302 1135 2319 1167 ι
2364 1118 2520 1171 Κατά
2564 1121 2688 1183 τοὺς
2735 1120 2954 1183 λοιποὺς
2998 1120 3339 1191 ἐρμηνευτὰς
3387 1122 3508 1175 ἀντὶ
3552 1123 3673 1191 τοῦ,

2104 1226 2122 1259 ι
2164 1209 2239 1273 ὡς
2270 1210 2509 1265 σεύτλιον
2542 1211 2827 1283 ἠμίεφθον,
2869 1233 2888 1266 ι
2918 1244 2989 1253 —
3027 1233 3044 1264 ι
3087 1215 3163 1277 ώς
3192 1213 3342 1285 ὃρυξ,
3384 1232 3402 1265 ι
3435 1215 3673 1287 εἴρηται,

2103 1318 2122 1351 ι
2159 1302 2757 1376 ήμφιϐληστρευμένος.
2796 1325 2814 1358 ι
2850 1307 3071 1375 Ὄρνεον
3097 1306 3151 1359 δέ
3183 1308 3327 1359 ἐστιν
3352 1307 3502 1379 ὅρυξ,
3530 1308 3676 1363 οὕτω

2098 1393 2446 1466 καλούμενον,
2540 1399 2874 1471 παραϐάλλει
2908 1399 3035 1463 τοὺς
3066 1400 3215 1463 υἱοὺς
3251 1400 3351 1471 τῆς
3403 1400 3675 1473 Ἰερουσα-

2098 1484 2226 1557 λὴμ,
2255 1489 2654 1563 ἀμφιϐλήστρῳ
2685 1491 2776 1545 τοῦ
2810 1491 3055 1545 διαϐόλου
3094 1492 3519 1565 περιϐληθέντας
3539 1511 3553 1523 °
3592 1494 3675 1547 διὸ

2098 1577 2193 1630 καὶ
2223 1578 2298 1649 τῷ
2328 1579 2483 1651 θυμῷ
2513 1584 2906 1654 παρεδόθησαν.

2175 1688 2194 1720 ‹
2234 1672 2332 1725 Διά
2367 1673 2510 1726 τοῦτ’
2556 1675 2741 1739 ἄκουε,
2793 1678 3232 1750 τεταπεινωμένη
3271 1697 3366 1733 κα.
3397 1680 3675 1750 μεθύουσα.

2096 1761 2194 1814 οὐκ
2225 1763 2331 1815 ἀπὸ
2357 1766 2497 1819 οἴνου
2518 1784 2530 1797 ·
2555 1768 2692 1821 οὓτω
2708 1768 2854 1838 λέγει
2872 1771 3070 1843 Κύριος
3090 1775 3117 1826 ὀ
3136 1772 3265 1837 Θεὸς
3293 1776 3320 1827 ό
3349 1775 3550 1845 κρίνων
3574 1774 3670 1828 τὸν

424 1846 604 1914 pulum
653 1862 811 1900 suum
847 1864 861 1900 :
895 1846 1033 1901 Ecce
1085 1850 1268 1917 accepi
1308 1850 1373 1904 de
1429 1865 1589 1904 manu
1626 1859 1713 1903 tua
1762 1851 1966 1906 calicen

2089 1853 2212 1908 λαὸν
2249 1858 2431 1911 αὐτοῦ·
2475 1878 2493 1911 ι
2536 1861 2664 1914 Ἰδοὺ
2695 1862 2891 1934 εἴληφα
2926 1837 2990 1917 ὲκ
3028 1867 3128 1936 τῆς
3154 1866 3335 1936 χειρός
3369 1837 3461 1919 σου
3491 1866 3554 1920 τὸ
3578 1884 3672 1920 πο-

424 1938 613 2001 ruinaz,
643 1938 890 2007 poculum
936 1942 1028 1993 irae
1057 1954 1219 1999 mete,
1254 1954 1353 1993 nec
1382 1941 1604 2011 adjicies
1638 1942 1775 1997 ultra
1806 1943 1968 1998 bibert

2089 1949 2273 2019 τήριον
2306 1953 2405 2024 τῆς
2438 1952 2714 2019 πτώσεως,
2740 1955 2801 2008 τὸ
2830 1957 2987 2010 κόνδυ
3011 1958 3103 2012 τοῦ
3125 1958 3297 2030 θυμοῦ
3329 1977 3451 2030 μου,
3482 1961 3576 2013 καὶ
3603 1960 3667 2012 οὐ

416 2026 571 2082 illud.
633 2046 651 2079 ι
702 2027 1086 2099 Hierosolyma:
1127 2030 1408 2098 pollicetur
1457 2033 1764 2087 ablaturum
1814 2049 1872 2089 se
1922 2038 1968 2089 al

2092 2044 2371 2119 προσθήσῃ
2398 2046 2477 2099 ἔτι
2510 2050 2654 2100 πιεῖν
2682 2049 2832 2103 αὐτό,
2860 2068 2878 2102 ι
2925 2026 3422 2119 Ἐπαγγέλλεταιδὲ
3456 2055 3523 2123 τῇ
3571 2052 3669 2104 Ἰε-

410 2132 477 2173 ea
536 2134 656 2173 esse
717 2119 941 2173 calicem
996 2119 1234 2186 furoris;
1286 2122 1330 2176 si
1382 2132 1559 2177 tamen
1617 2124 1968 2193 pmnitentian

2093 2135 2369 2206 ρουσαλὴμ
2397 2139 2425 2189 ὁ
2453 2136 2606 2207 λόγος
2638 2140 2899 2210 λήψεσθαι
2930 2144 3022 2196 ἀπ’
3058 2144 3226 2215 αὐτῆς
3268 2119 3523 2218 ποτήριον
3568 2146 3666 2201 τοῦ

414 2223 559 2285 agat.
588 2214 718 2268 illud
741 2214 882 2268 enim
908 2255 924 2279 ,
952 2232 969 2265 ι
1003 2214 1139 2267 Ecce
1176 2214 1291 2278 tuli,
1336 2233 1355 2266 ι
1394 2216 1592 2270 dicitur
1616 2231 1714 2286 pro
1738 2257 1752 2284 ,
1790 2236 1808 2269 ι
1846 2219 1968 2274 αοοίι

2090 2225 2280 2298 θυμοῦ,
2326 2231 2372 2283 εἰ
2409 2234 2775 2305 μετανοήσειε.
2823 2235 2895 2288 Τὸ
2930 2235 3057 2308 γὰρ,
3101 2254 3119 2287 ι
3143 2214 3270 2291 Ἰδοὺ
3308 2214 3437 2311 ἦρα,
3486 2257 3506 2291 ›
3544 2239 3666 2294 ἀντὶ

415 2308 579 2377 piam.
619 2326 636 2358 ι
2086 2319 2200 2387 τοῦ,
2232 2339 2253 2372 ι
2289 2321 2549 2394 λήψομαι,
2594 2344 2612 2377 ι
2645 2327 2880 2398 εἴρηται.

486 2400 651 2454 Vens.
686 2399 778 2455 25.
816 2418 835 2449 ι
861 2398 928 2452 Ει
953 2400 1091 2452 dabo
1126 2398 1253 2451 illud
1283 2399 1335 2452 in
1362 2414 1553 2453 manus
1580 2414 1790 2465 eorum,
1819 2402 1910 2471 qui
1938 2411 1968 2456 lt

2162 2433 2180 2465 ι
2223 2415 2333 2467 Καὶ
2353 2416 2507 2470 δώσω
2533 2418 2660 2472 αὐτό
2690 2422 2770 2483 εἰς
2802 2420 2900 2485 τὰς
2936 2424 3126 2493 χεῖρας
3152 2424 3259 2477 τῶν
3288 2424 3664 2497 ἀδικησάντων

416 2492 665 2544 laeserunt
694 2529 709 2552 ,
757 2498 811 2542 et
862 2489 1313 2555 lnuuiliaverunt;
1349 2490 1437 2558 qui
1492 2491 1748 2544 dixerunt
1792 2493 1987 2548 anima:
2087 2522 2144 2559 σε
2187 2509 2277 2561 καὶ
2303 2509 2411 2561 τῶν
2438 2498 2884 2568 ταπέινωσάντων
2915 2489 2995 2578 ἀὲ,
3023 2489 3071 2569 δέ
3101 2512 3259 2571 εἶπαν
3284 2522 3348 2591 τῆ
3369 2489 3511 2591 φηλγῇ
3543 2535 3664 2574 σου·

418 2594 520 2636 tua:
552 2596 567 2635 :
599 2579 864 2635 lnclinare
888 2620 903 2645 ,
929 2588 985 2632 ut
1010 2590 1391 2648 praetereamus
1422 2600 1434 2635 :
1470 2591 1521 2636 et
1551 2582 1775 2651 posuisti
1802 2599 1968 2652 aequa-

2084 2599 2289 2671 Κῦψον,
2347 2603 2434 2657 ἵνα
2495 2606 2874 2678 παρέλθωμεψ
2930 2576 3022 2662 καὶ
3079 2610 3281 2682 ἔθηκας
3323 2576 3539 2686 ⁸έίία
3586 2615 3659 2685 γῇ

413 2675 483 2728 lia
539 2684 694 2728 terra:
724 2672 895 2726 media
935 2682 1023 2725 tua
1055 2671 1185 2726 foris
1217 2674 1649 2728 transeuntibus.
1705 2693 1724 2726 ι
1774 2674 1968 2731 Verisi-

2083 2692 2151 2743 τά
2185 2668 2326 2763 μέσα
2366 2712 2456 2748 σου
2485 2668 2588 2761 ἔξω
2623 2700 2733 2762 τοῖς
2754 2668 3323 2773 ’παραπορευομένας
3356 2724 3375 2753 ι
3412 2668 3572 2770 Εἱκός

414 2766 540 2819 mile
584 2780 744 2834 porro
789 2775 896 2826 est,
930 2764 1043 2818 haec
1074 2764 1236 2818 etiam
1262 2765 1327 2819 de
1355 2766 1680 2821 adversariis
1703 2770 1968 2837 potestati-

2083 2781 2255 2836 ταῦτα
2300 2783 2550 2853 λέγεσθαι
2608 2789 2701 2841 καὶ
2741 2764 2868 2862 περὶ
2915 2764 3303 2871 ἀντικειμένων
3354 2764 3657 2871 δυνάμεων,

411 2860 514 2914 bus
543 2857 879 2927 pronuntiari
910 2897 925 2918 .
955 2857 1152 2926 quibus
1188 2872 1246 2912 se
1304 2857 1521 2926 subjicit
1567 2860 1747 2915 omnis
1778 2863 1968 2929 ,anitna

2083 2872 2170 2939 αἷς
2208 2877 2501 2933 ὑποτάσσει
2544 2882 2741 2952 ἑαυτὴν
2797 2857 2947 2939 πᾶσα
2986 2857 3196 2960 dux-iii;
3228 2888 3322 2943 τοῦ
3354 2857 3661 2948 Θεοῦιιὲιποζ

410 2964 531 3020 ηοω
559 2964 589 3003 a
623 2950 730 3004 Deo
757 2948 1067 3018 transfugit.
1098 2948 1229 3003 Nam
1256 2964 1376 3018 quae
1421 2952 1488 3004 ad
1524 2951 1688 3006 Deum
1726 2956 1934 3010 accedit
1965 2997 1968 3020 ,

2084 2971 2272 3023 στᾶσα.
2319 2972 2381 3024 Ἡ
2411 2974 2506 3041 μὲν
2534 2974 2641 3046 γὰρ
2799 2977 2917 3049 θεῷ
2962 2948 3261 3050 προσιοῦσα
3310 2983 3487 3056 δρθιός
3536 2986 3655 3041 ἐστι

408 3052 595 3098 erecta
629 3054 712 3097 est
744 3050 799 3096 et
818 3057 1032 3096 sursum
1062 3041 1360 3110 aspicit,ad
1385 3041 1669 3111 ipsumque
1698 3044 1978 3100 elevatur:

2081 3063 2175 3115 καὶ
2200 3064 2310 3117 ἄνω
2340 3064 2627 3134 βλέπουσα,
2663 3070 2755 3122 καὶ
2797 3071 2932 3141 πρὸς
2967 3074 3128 3127 αὑτὸν
3168 3076 3450 3149 ἐπηρμένη
3472 3093 3486 3107 ⁸
3526 3080 3559 3150 ἡ
3595 3081 3654 3134 δὲ

411 3152 532 3207 quae
561 3151 689 3190 vero
723 3150 842 3191 sese
887 3135 1137 3205 malignis
1188 3135 1523 3191 daemonibus
1570 3136 1853 3211 adiungit,
1913 3142 1968 3196 iis

2083 3156 2364 3227 συνάψασα
2390 3160 2585 3231 ἑαυτὴν
2612 3135 3133 3235 δαίμοσίπονηροῖς,
3168 3135 3378 3231 τούτοις
3407 3135 3652 3241 δηλονότι

411 3233 597 3302 utique
631 3231 938 3300 subjicitur.

1005 3322 1236 3380 CAPUT
1270 3324 1377 3379 LII.

476 3416 643 3474 Vnus.
670 3418 721 3472 l.
752 3435 770 3469 ι
796 3416 1049 3472 Excitare
1075 3456 1089 3479 ,
1120 3417 1383 3483 excitare,
1416 3415 1543 3471 Sion
1578 3434 1590 3470 :
1624 3416 1843 3470 induere
1876 3416 1979 3470 for-

408 3513 638 3567 titudiue
666 3520 775 3574 tua,
799 3509 931 3563 Sion
965 3527 979 3561 :
1016 3519 1070 3562 et
1097 3519 1150 3562 tu
1174 3494 1395 3562 induere
1423 3508 1593 3578 gloria
1625 3517 1736 3571 tua,
1765 3505 1977 3561 Jerusa-

407 3605 547 3657 lem:
581 3602 773 3655 civitas
804 3611 1011 3655 saucta.
1045 3599 1159 3655 Non
1199 3600 1335 3653 ultra
1367 3600 1582 3671 adjiciet
1623 3602 1861 3668 transire,
1882 3616 1976 3670 per

406 3709 461 3751 te
484 3694 897 3749 incircumcisus
928 3702 980 3747 et
1016 3693 1359 3747 immundus.’
1386 3712 1404 3746 ι
1440 3694 1630 3747 Anima
1661 3694 1855 3763 quippe
1886 3710 1974 3746 ra-

404 3786 623 3844 tionalis
658 3788 945 3839 maximam
977 3786 1081 3838 vim
1119 3794 1174 3839 et
1225 3785 1594 3839 fortitudinem
1627 3825 1642 3849 ,
1697 3802 1972 3856 magnam-

403 3895 507 3951 que
534 3878 756 3950 gloriam
791 3878 969 3943 habet,
1006 3887 1190 3947 utpote
1212 3894 1330 3946 quaz
1356 3879 1652 3932 secundum
1683 3878 1968 3947 imaginem

402 3975 495 4028 Dei
530 3973 665 4025 facta
690 3972 759 4023 sit
785 3990 797 4025 :
822 3986 982 4040 quam
1016 3985 1312 4035 resumere,
1342 3981 1397 4024 et
1424 3972 1701 4025 civitatem
1725 3980 1966 4024 sanctam

402 4065 542 4130 ﬁeri,
576 4067 811 4133 expetit;
850 4073 908 4117 ut
944 4078 1051 4116 non
1083 4063 1222 4117 ultra
1252 4079 1347 4132 per
1380 4079 1497 4119 eam
1532 4073 1768 4118 transeat
1808 4064 1966 4117 incir-

399 4158 667 4211 cumcisus
699 4165 753 4211 et
798 4156 1130 4211 immundus.
1167 4156 1270 4211 Per
1305 4156 1745 4212 incircumcisum
1802 4157 1966 4225 igitur

397 4249 751 4319 alienigenam
782 4257 837 4302 et
859 4257 1178 4303 extraneum
1204 4249 1509 4318 signiﬁcat;
1548 4265 1643 4319 per
1690 4250 1961 4320 impurum

396 4352 595 4403 autem,
625 4340 981 4395 idololatram.

465 4478 628 4532 Vsus.
655 4476 711 4529 2.
763 4494 781 4525 ι
814 4476 1017 4531 Excute
1061 4477 1334 4545 pulverem
1360 4516 1375 4541 ,
1408 4487 1461 4532 et
1496 4492 1727 4547 exsurge
1760 4495 1774 4530 :
1812 4480 1956 4543 sede,

391 4569 734 4633 JeruSalem,
783 4568 933 4623 Solve
982 4570 1192 4623 vincula
1247 4570 1369 4623 colli
1418 4570 1536 4635 tui,
1593 4571 1803 4639 captiva
1846 4570 1953 4624 ﬁlia

392 4665 543 4719 Sion.
603 4680 621 4713 ι
676 4663 804 4715 Nam
840 4679 1002 4732 penes
1028 4663 1170 4715 illam
1197 4673 1339 4726 erat,
1373 4664 1668 4733 pulverem,
1704 4679 1810 4734 quo
1848 4667 1955 4719 cir-

389 4770 730 4823 cumqnaqtte
763 4770 1005 4821 respersa
1056 4764 1194 4819 erat,
1232 4756 1543 4825 abstergere
1567 4796 1582 4819 ,
1631 4766 1683 4811 et
1731 4773 1761 4810 a
1799 4759 1951 4812 ruina

386 4866 505 4917 qure
532 4848 629 4901 sibi
679 4848 1015 4913 contigerat,
1041 4862 1316 4918 emergere
1338 4889 1353 4913 ,
1392 4851 1771 4919 vinculumque
1814 4852 1951 4905 collo

386 4957 483 4994 Stto
505 4940 810 5009 impositmu
844 4941 1085 5003 solvere;
1115 4956 1219 5007 quo
1246 4958 1344 4996 ceu
1377 4944 1568 5011 laqueo
1601 4947 1836 4997 animam
1862 4960 1954 4997 ca-

387 5035 528 5088 tenis
590 5043 937 5103 peccatorum
995 5034 1353 5105 alligaverant
1417 5039 1741 5092 adversaria:
1799 5048 1952 5107 pote-

385 5137 572 5181 states.

456 5263 615 5319 Vens.
646 5266 699 5328 5,
732 5264 785 5319 4.
819 5284 837 5316 ι
873 5263 1138 5332 Quoniam
1169 5265 1283 5320 haec
1310 5265 1438 5320 dicit
1471 5266 1731 5321 Dominus
1759 5283 1774 5321 :
1808 5264 1947 5321 Gra-

379 5356 451 5410 tis
490 5358 796 5411 venumdati
847 5359 1021 5421 estis,
1072 5368 1126 5411 et
1180 5360 1296 5412 sine
1327 5368 1551 5428 argento
1585 5357 1942 5412 redimemiui.

378 5448 471 5502 Sic
499 5449 630 5502 dicit
658 5450 950 5505 Dominus:
988 5452 1040 5504 In
1077 5450 1368 5523 Egyptum
1407 5451 1684 5505 descendit
1718 5450 1944 5517 papulus

377 5558 528 5596 meus
555 5543 719 5610 prius,
758 5553 813 5595 ut
844 5545 1111 5600 habitaret
1143 5546 1212 5598 ibi
1238 5586 1254 5609 ,
1285 5554 1338 5598 et
1369 5546 1419 5598 in
1453 5543 1703 5612 Assyrios
1732 5543 1938 5596 violeu-

375 5646 459 5688 ter
501 5635 603 5687 acti
651 5645 795 5689 sunt.
833 5656 852 5689 ι
887 5636 997 5690 Non
1050 5639 1193 5691 enim
1235 5652 1493 5705 corporea
1530 5635 1813 5704 captivitas
1847 5636 1934 5690 illa

373 5733 509 5787 erat,
539 5736 595 5777 ut
622 5743 878 5795 corporeo
899 5730 1069 5796 pretio
1100 5730 1401 5782 libertatem
1427 5729 1935 5797 obtinerent,quan-

371 5819 655 5889 doquidcm
687 5822 862 5889 quoad
889 5824 1098 5878 animus
1127 5823 1325 5877 venditi
1359 5832 1534 5878 erant.
1571 5821 1929 5890 Quamobrem

2079 3248 2173 3301 καὶ
2203 3249 2581 3308 ὑποτέτακται.

2587 3344 2981 3403 ΚΕΦΑΛΑΙΟΝ
3016 3350 3141 3404 NB’.

2150 3445 2170 3479 ι
2217 3430 2539 3503 Ἐξεγείρου,
2568 3432 2863 3506 ὲξεγείρου,
2897 3436 3033 3490 Σιών
3057 3455 3071 3468 ·
3116 3438 3329 3496 ἔνδυσαι
3356 3443 3458 3515 τὴν
3494 3446 3650 3517 ἰσχύν

2077 3536 2190 3588 σου,
2224 3523 2359 3576 Σιών
2378 3540 2392 3555 ο
2421 3527 2514 3578 καὶ
2541 3526 2605 3579 σὺ
2640 3526 2854 3580 ἔνδυσαι
2877 3529 2975 3600 τὴν
3000 3529 3156 3598 δόξαν
3197 3550 3310 3599 σου,
3374 3535 3648 3608 Ἰερουσα-

2072 3611 2203 3683 λὴμ,
2227 3614 2378 3678 πόλις
2402 3617 2435 3686 ή
2463 3617 2613 3685 ἁγία.
2635 3618 2831 3673 Οὐκέτι
2857 3622 3283 3695 προστεθήσεται
3306 3628 3532 3684 διελθεῖν
3556 3632 3645 3686 διὰ

2074 3704 2167 3757 σοῦ
2208 3708 2580 3778 ἀπερίτμητος
2618 3711 2712 3764 καὶ
2747 3712 3072 3784 ἀκάθαρτος.
3121 3734 3140 3767 ι
3180 3719 3331 3788 Ἔχει
3373 3720 3481 3792 γάρ
3522 3739 3645 3776 τινα

2074 3798 2335 3869 μεγίστην
2360 3798 2585 3871 δύναμιν
2608 3804 2701 3856 καὶ
2740 3806 2889 3875 ἰσχὺν
2923 3808 2954 3878 ἡ
2988 3809 3175 3879 λογικὴ
3206 3809 3352 3884 ψυχὴ
3373 3850 3388 3875 ,
3430 3816 3525 3869 καὶ
3553 3817 3643 3869 δόο

2070 3889 2167 3955 ξαν
2187 3890 2299 3961 ἔχει
2328 3893 2589 3965 μεγάλην,
2619 3896 2712 3949 ἅτε
2741 3900 2859 3951 κατ’
2891 3901 3075 3954 εἰκόνα
3110 3902 3203 3956 τοῦ
3244 3903 3376 3958 Θεοῦ
3410 3925 3644 3981 πεποιηο

2071 3980 2228 4051 μένη,
2269 3985 2363 4036 καὶ
2392 3985 2751 4041 ἐπαναλαϐεῖν
2781 3990 2949 4062 αὐτὴν
2978 3991 3222 4062 βούλεται
3262 3997 3357 4049 καὶ
3398 3980 3644 4066 γενέσθαι

2068 4070 2222 4123 πόλιν
2255 4074 2414 4141 ἁγίαν
2434 4091 2447 4104 ο
2484 4076 2558 4139 ώς
2584 4079 2779 4146 μηκέτι
2811 4080 3103 4133 διαϐαίνειν
3140 4082 3205 4136 δι’
3247 4087 3417 4158 αὐτῆς
3447 4090 3642 4163 ἀπερί-

2065 4178 2287 4232 τμητον,
2310 4166 2444 4235 μηδὲ
2465 4167 2789 4241 ἀκάθαρτον.
2829 4172 2925 4224 Διά
2960 4173 3056 4242 μὲν
3088 4171 3180 4228 οὖν
3207 4177 3301 4232 τοῦ
3331 4180 3640 4255 ἀπεριτμή-

2062 4270 2154 4306 του
2188 4255 2277 4309 τὸν
2302 4258 2595 4329 ἀλλόφυλον
2622 4264 2714 4316 καὶ
2751 4263 3005 4337 ἀλλογενῆ
3031 4269 3299 4339 σημαίνει,
3330 4272 3418 4327 διά
3450 4274 3506 4328 δὲ
3542 4277 3637 4329 τοῦ

2062 4348 2393 4421 ἀκαθάρτου,
2427 4353 2519 4406 τὸν
2552 4355 2963 4430 εἰδωλολάτρην.

2139 4504 2158 4537 ι
2208 4486 2512 4552 Ἐκτίναξαι
2566 4489 2657 4543 τὸν
2692 4493 2839 4564 χοῦν,
2890 4497 2982 4549 καὶ
3048 4498 3343 4570 ἀνάστηθιο
3388 4502 3632 4567 κάθισον,

2073 4578 2377 4652 Ἰερουσαλὴ
2388 4600 2445 4651 μ,
2480 4581 2697 4658 ἔκδυσαι
2727 4586 2816 4640 τὸν
2844 4587 3039 4659 δεσμὸν
3072 4590 3163 4642 τοῦ
3204 4592 3473 4663 τραχήλου
3516 4611 3630 4660 σου,

2060 4672 2091 4741 ή
2124 4672 2467 4741 αἰχμάλωτος
2499 4673 2742 4748 θυγάτηρ
2767 4679 2920 4732 Σιών.
2970 4700 2989 4733 ιι
3038 4682 3154 4734 Ἐπ’
3180 4684 3313 4755 αὐτῇ
3345 4685 3451 4756 γὰρ
3474 4683 3541 4757 ἦν
3570 4688 3633 4741 τὸ

2060 4760 2462 4831 ἀποτρίψασθαι
2509 4765 2598 4819 τὸν
2644 4769 3076 4839 περιπλασθέντα
3130 4773 3265 4846 αὑτῇ
3317 4775 3475 4845 χοῦν,
3532 4781 3629 4832 καὶ

2058 4851 2402 4922 διαναστῆναι
2432 4856 2529 4925 τῆς
2558 4858 2936 4933 ἐπισυμϐάσης
2962 4864 3096 4934 αὐτῇ
3134 4864 3410 4930 πτώσεως,
3451 4870 3542 4921 καὶ
3566 4871 3630 4924 τὸ

2056 4944 2282 4997 ἐκλῦσαι
2309 4944 2397 4998 τὸν
2425 4949 2742 5004 ἐπιτεθέντα
2785 4953 2919 5024 αὐτῇ
2952 4954 3146 5027 δεσμὸν
3186 4959 3280 5011 τοῦ
3320 4961 3588 5032 τραχήλου
3611 4980 3626 4995 ·

2054 5028 2098 5103 ᾧ
2125 5037 2222 5108 τὴν
2245 5038 2422 5111 ψυχὴν
2449 5041 2636 5115 ὥσπερ
2664 5044 2841 5116 βρόχῳ
2876 5049 3176 5119 κατέδησαν
3206 5058 3409 5125 σειραῖς
3447 5058 3629 5129 ἀμαρ-

2048 5132 2179 5186 τιῶν
2213 5136 2266 5187 αἱ
2293 5136 2659 5210 ἀντικείμεναι
2689 5141 2962 5213 δυνάμεις.

2120 5289 2139 5321 ι
2180 5272 2301 5325 Ὅτι
2328 5275 2452 5329 τάδε
2481 5275 2626 5344 λέγει
2662 5276 2883 5347 Κύριος·
2921 5280 3136 5350 Δωρεὰν
3183 5283 3478 5355 ἐπράθητε,
3528 5286 3625 5339 καὶ

2043 5359 2104 5411 οὐ
2136 5364 2274 5430 μετά
2318 5366 2580 5437 ἀργυρίου
2620 5368 3050 5439 λυτρωθήσεσθε.
3097 5372 3281 5437 Οὕτως
3327 5376 3472 5443 λέγει
3506 5377 3623 5430 Κύ-

2044 5468 2159 5523 ριος
2178 5472 2191 5484 ·
2219 5456 2312 5520 Εἰς
2349 5460 2619 5526 Αἴγυπτον
2653 5460 2854 5531 κατέϐη
2882 5464 2909 5514 ὁ
2937 5463 3063 5527 λαός
3102 5482 3202 5535 μου
3242 5468 3303 5520 τὸ
3332 5469 3615 5541 πρότερον,

2046 5549 2377 5618 παροικῆσαι
2406 5552 2540 5613 ἐκεῖ,
2574 5554 2666 5606 καὶ
2701 5554 2782 5615 εἰς
2829 5554 3138 5627 Ἀσσυρίους
3171 5558 3261 5629 βίᾳ
3293 5560 3554 5632 ἤχθησαν.
3592 5582 3613 5615 ι

2045 5641 2117 5693 Οὐ
2152 5641 2259 5712 γὰρ
2288 5637 2355 5713 ἦν
2399 5646 2680 5716 σωματικὴ
2715 5645 2853 5716 αὕτη
2882 5648 3245 5717 αἰχμαλωσία,
3283 5651 3369 5703 ἵνα
3408 5650 3496 5706 διὰ
3525 5653 3617 5706 λύ-

2041 5750 2186 5804 τρων
2221 5737 2543 5806 σωματικῶν
2576 5740 2779 5811 τύχωσι
2809 5741 2910 5811 τῆς
2941 5743 3266 5815 ἐλευθερίας,
3303 5746 3489 5816 ἐπειδὴ
3513 5746 3614 5812 τὰς

2039 5824 2215 5895 ψυχὰς
2240 5822 2378 5898 ἦσαν
2412 5832 2774 5903 πεπραμένοι.
2814 5834 2914 5887 Διὰ
2944 5835 3101 5890 τοῦτο
3137 5836 3237 5890 οὐκ
3271 5837 3329 5891 ὲν
3364 5837 3614 5909 ἀργυρίῳ
