3968 6516
222 350 348 408 «153

1206 345 1700 402 COMMENTARIA
1738 343 1814 401 -ΙΝ
1849 343 2108 404 ISAIAM.
2144 377 2213 390 --
2249 346 2404 404 CAP.
2445 347 2550 403 LII.

3373 343 3482 408 454

219 460 565 536 λυτροῦσθαι
602 459 848 533 ἔμελλον,
881 457 1017 513 ἀλλὰ
1055 455 1295 528 δηλονότι
1335 457 1430 512 τοῦ
1470 457 1707 531 Χριστοῦ
1738 458 1814 530 τῷ

1921 473 2020 513 non
2059 467 2283 528 argento
2313 457 2611 515 redimendi
2642 463 2836 524 erant,
2881 456 2980 513 sed
3018 453 3216 512 Christi
3244 441 3486 528 pretioso

217 557 407 627 τιμίῳ
438 555 650 624 αἵματι.

307 667 330 698 ι
358 646 470 699 Καὶ
494 645 590 700 νῦν
613 644 664 697 τί
694 645 816 697 ἐστε
852 637 986 708 ὧδε;
1029 643 1167 698 Τάδε
1207 643 1356 713 λέγει
1413 643 1647 716 Κύριος’
1693 644 1815 698 Ὅτι

221 735 448 807 ἐλήφθη
476 737 506 790 6
528 734 654 799 λαός
684 752 783 806 μου
812 735 1038 805 δωρεὰν,
1064 733 1369 805 θαυμάζετε
1390 734 1487 788 καὶ
1511 733 1810 798 ὀλολύζετε.

221 829 377 882 Τάδε
413 827 564 896 λέγει
611 826 849 897 Κύριος·
893 829 969 879 Δι’
1002 828 1147 898 ὑμᾶς
1183 827 1272 882 διὰ
1311 827 1509 890 παντὸς
1546 825 1606 878 τὸ
1645 826 1815 897 ὄνομά

226 939 339 992 μου
375 921 778 991 βλασφημεῖται
805 921 862 972 ἐν
897 921 1009 983 τοῖς
1048 919 1244 974 ἔθνεσι.
1282 939 1300 970 ι
1334 919 1593 989 Σημαίνει
1633 918 1689 970 δέ
1727 917 1817 971 διὰ

221 1013 443 1066 τούτων
467 1015 502 1082 ἡ
530 1012 836 1082 προφητεία
873 1012 971 1076 τὰς
1000 1012 1141 1065 κατὰ
1175 1011 1410 1084 Χριστοῦ
1446 1009 1810 1082 βλασφημίας,

223 1107 294 1170 ἃς
335 1107 407 1159 δι’
455 1107 668 1177 ἡμέρας
721 1105 937 1169 ἁπάσας
980 1105 1075 1158 καὶ
1109 1104 1200 1158 διὰ
1229 1104 1426 1168 παντὸς
1457 1103 1736 1157 ποιοῦνται
1764 1105 1814 1156 οἱ

223 1197 500 1270 ἄρχοντες
527 1197 620 1249 τοῦ
669 1196 933 1250 Ἰουδαίων
959 1197 1165 1260 ἔθνους.

307 1311 330 1342 ε
379 1289 482 1343 Διά
513 1288 670 1342 τοῦτο
700 1288 969 1356 γνώσεται
1000 1290 1027 1341 ὁ
1051 1287 1176 1350 λαός
1205 1303 1308 1358 μου
1334 1283 1394 1338 τὸ
1424 1285 1594 1356 ὄνομά
1625 1300 1725 1355 μου
1757 1285 1814 1338 ἐν

223 1386 295 1455 τῇ
331 1382 523 1453 ἡμέρᾳ
550 1381 753 1452 ἐκείνῃ,
787 1381 867 1433 ὃτι
901 1378 1008 1448 ἐγώ
1040 1381 1183 1449 εἰμι’
1219 1379 1378 1443 αὐτὸς
1406 1379 1434 1432 ὁ
1456 1377 1630 1430 λαλῶν
1668 1378 1812 1448 πάρ.-

225 1492 371 1544 ειμι.
424 1493 443 1524 ι
502 1472 637 1543 Ποία
683 1473 738 1526 δὲ
771 1471 963 1544 ταύτῃ,
998 1470 1112 1524 ἀλλ’
1149 1472 1274 1524 ὅταν
1313 1469 1442 1539 ἐγὼ,
1493 1469 1678 1539 φησὶν,
1717 1468 1814 1520 αύ-

223 1570 355 1632 τος,
402 1571 432 1621 ὁ
486 1568 580 1621 νῦν
626 1564 714 1619 διὰ
768 1566 876 1619 τῶν
941 1565 1233 1637 προφητῶν
1284 1565 1456 1618 ταῦτα
1511 1563 1814 1632 φθεγγόμε-

226 1676 342 1724 νος,
385 1659 488 1729 τὴν
533 1656 769 1728 ἐμαυτοῦ
804 1656 1098 1727 ποιήσομαι
1135 1654 1433 1726 παρουσίαν
1480 1654 1559 1715 εἰς
1603 1649 1814 1723 ἀνθρώ-

230 1767 373 1812 πους
395 1765 410 1812 ;

306 1860 327 1890 ‹
372 1841 463 1903 Ὡς
489 1837 606 1912 ὥρα
645 1837 737 1892 ἐπὶ
790 1836 898 1892 τῶν
938 1835 1129 1909 ὀρέων,
1165 1834 1240 1900 ὡς
1279 1835 1436 1900 πόδες
1477 1831 1815 1904 εὐαγγελιζο-

229 1931 400 2002 μένου
428 1931 597 2002 ἀκοὴν
632 1929 873 2001 εἰρήνης,
896 1927 970 1991 ὠς
1003 1924 1483 1997 εὐαγγελιζόμενος
1507 1923 1705 1993 ἀγαθὰ,
1733 1919 1814 1974 ὅτι

228 2022 510 2094 ἀκουστὴν
541 2022 751 2093 ποιήσω
789 2021 887 2090 τὴν
921 2017 1191 2089 σωτηρίαν
1241 2033 1355 2081 σου,
1397 2014 1598 2082 λέγων·
1651 2011 1813 2079 Σιὼν,

229 2115 548 2186 βασιλεύσει
583 2131 674 2167 σου
713 2115 740 2166 ὁ
771 2112 934 2176 Θεός·
973 2131 990 2163 ι
1025 2111 1152 2174 τοὺς
1201 2107 1584 2180 μακαρισμοὺς
1615 2121 1816 2173 καταγ-

228 2207 538 2276 γέλλοντες,
573 2206 665 2268 οὓς
689 2207 717 2258 ό
745 2205 934 2275 Σωτὴρ
963 2203 1129 2256 ἐδίδου
1161 2200 1247 2254 διὰ
1297 2200 1395 2270 τῆς
1459 2195 1818 2267 εὐαγγελικῆς

224 2297 607 2359 διδασκαλίας.
651 2294 898 2364 Ἐλὲγετο
927 2293 984 2346 δέ
1027 2293 1085 2347 τὸ
1130 2295 1391 2364 κήρυγμα
1429 2293 1494 2361 τῇ
1536 2288 1695 2351 Σιὼν,
1725 2289 1818 2360 δη-

224 2390 365 2461 λαδὴ
398 2389 478 2460 τῷ
502 2387 740 2440 θεοσεϐεῖ
770 2386 1144 2458 πολιτεύματι,
1172 2385 1267 2438 καὶ
1299 2382 1375 2455 τῷ
1399 2382 1544 2454 χορῷ
1577 2381 1655 2453 τῷ
1684 2383 1818 2435 ἀπο-

229 2480 491 2551 στολικῴ.
525 2480 618 2533 Διὸ
649 2481 745 2550 τὴν
771 2478 1042 2550 βασιλείαν
1069 2479 1174 2532 τῶν
1207 2477 1447 2549 οὐρανῶν
1481 2476 1650 2530 ἆπασι
1683 2491 1819 2530 κατ-

228 2573 505 2646 ήγγελλον
533 2569 859 2645 ἀνθρώποις.

303 2686 326 2718 ι
367 2667 493 2718 "Ott
522 2664 674 2736 φωνὴ
697 2663 804 2716 τῶν
843 2661 1220 2731 φυλασσόντων
1266 2678 1324 2714 σε
1359 2659 1567 2732 ὑψώθη,
1618 2660 1711 2713 καὶ
1750 2662 1815 2731 τῇ

231 2762 390 2829 φωνῇ
457 2757 576 2828 ἅμα
634 2754 1132 2827 εὐφρανθήσονταιο
1201 2753 1282 2806 ὅτι
1353 2751 1621 2823 ὀφθαλμοὶ
1681 2751 1817 2823 πρὸς

228 2851 554 2921 ὀφθαλμοὺς
572 2849 815 2919 ὄψονται,
829 2847 992 2918 ἡνίκα
1015 2847 1079 2900 ἂν
1096 2845 1282 2916 ἐλέησε
1301 2845 1502 2916 Κύριος
1514 2844 1608 2915 τὴν
1623 2843 1777 2896 Σιών.
1793 2862 1812 2896 ι

229 2939 392 2993 Κατὰ
403 2939 462 2991 δέ
475 2937 566 2990 τὸν
582 2937 929 3001 Θεοδοτίωνα,
956 2955 974 2988 ι
993 2934 1150 3006 Φωνὴ
1166 2935 1273 2988 τῶν
1309 2929 1524 2989 σκοπῶν
1541 2951 1633 2987 σου
1649 2935 1819 3006 ἐπῆρε

230 3033 418 3100 φωνήν
458 3046 472 3058 ·
518 3029 612 3081 ἐπὶ
645 3027 707 3081 τὸ
753 3027 883 3081 αὐτὸ
921 3026 1358 3096 ἀγαλλιάσονται,
1415 3028 1497 3081 ὅτι
1543 3027 1820 3099 ὁφθαλμδν

231 3122 287 3173 ἐν
331 3119 636 3190 ὀφθαλμοῖς
685 3117 936 3187 ὅψονταν
973 3136 992 3170 ι
1033 3116 1269 3180 σκοποὺς
1294 3116 1526 3170 ἐνταῦθα
1552 3117 1679 3182 τοὺς
1715 3135 1817 3189 μα-
1843 3150 1884 3206 C

230 3211 402 3281 θητᾶς
423 3212 518 3263 καὶ
540 3209 869 3273 ἀποστόλους
899 3209 988 3262 τοῦ
1012 3210 1262 3282 Σωτῆρος
1283 3211 1316 3281 ἡ
1325 3209 1437 3280 μῶν
1463 3209 1815 3280 ὀνομάζοντος

229 3303 325 3356 τοῦ
351 3303 536 3370 λόγου.
571 3302 780 3370 ’Ὠσπερ
811 3299 920 3372 γὰρ
963 3299 1252 3354 ἐκαλοῦντο
1289 3301 1481 3382 σκοποὶ
1507 3300 1600 3354 τοῦ
1631 3301 1695 3354 ἐκ
1720 3317 1817 3353 πε-

231 3393 468 3465 ριτομῆς
527 3391 658 3444 λαοῦ
709 3393 757 3444 οἱ
801 3392 932 3463 παρ’
967 3391 1151 3455 αὐτοῖς
1195 3391 1476 3462 γενόμενοι
1516 3390 1813 3462 προφῆται,

229 3486 373 3538 οὕτω
399 3485 496 3538 καὶ
517 3482 613 3537 νῦν
637 3483 736 3554 τῆς
765 3481 890 3546 νέας
917 3482 1010 3535 καὶ
1039 3483 1232 3553 καινῆς
1271 3482 1430 3545 Σιὼν,
1473 3481 1672 3554 δηλαδὴ
1718 3482 1816 3553 τῆς

241 3576 574 3647 Ἐκκλησίας
607 3574 769 3629 αὐτοῦ
801 3574 898 3628 τοῦ
934 3573 1090 3639 Θεοῦ,
1120 3575 1215 3628 καὶ
1240 3573 1333 3628 τοῦ
1359 3573 1639 3637 θεοσεϐοῦς
1669 3573 1818 3626 πολι-

232 3667 513 3739 τεύματος
551 3681 601 3719 οι
627 3665 720 3719 τοῦ
757 3665 1006 3737 Σωτῆρος
1046 3666 1202 3736 ήμῶν
1247 3665 1534 3719 ἀπόστολοι
1565 3665 1816 3734 γεγόνασι

232 3759 431 3812 σκοποὶ
481 3755 578 3810 καὶ
625 3756 890 3824 φύλακες·
928 3757 998 3821 οἳ,
1040 3757 1133 3809 καὶ
1200 3755 1631 3826 ὀφθαλμοφανῶς
1683 3756 1816 3809 αύτ-

230 3848 394 3901 ύπται
427 3846 525 3899 καὶ
555 3846 814 3917 αὐτήκοοι
867 3844 961 3898 τοῦ
995 3846 1244 3916 Σωτῆρος
1262 3845 1561 3916 γενόμενοι,
1593 3844 1815 3914 ὕψωσαν

231 3943 332 4012 τὴν
359 3938 574 3993 ἑαυτῶν
605 3939 811 4009 φωνὴν,
852 3937 928 4001 ῶς
970 3937 1294 4003 ἐξάκουστον
1345 3937 1513 4006 αὐτὴν
1566 3937 1819 4006 γενέσθαι

233 4035 367 4086 πᾶσι
410 4034 527 4094 τοῖς
559 4031 786 4085 ἔθνεσιν.
830 4031 892 4084 Ol
939 4030 983 4083 δ’
1017 4030 1169 4083 αὐτοὶ
1221 4029 1400 4100 πάσης
1447 4030 1820 4100 πνευματικῆς

231 4123 577 4195 εὐφροσύνης
609 4122 959 4194 ἐπληροῦντο,
994 4121 1299 4192 ῆλεημένης
1326 4121 1429 4174 ὑπὸ
1444 4120 1537 4174 τοῦ
1561 4120 1693 4175 Θεοῦ
1722 4122 1820 4192 τῆς

232 4219 592 4288 ἀποδοθείσης
624 4215 760 4289 ἡμῖν
790 4215 946 4282 Σιὼν,
983 4215 1076 4269 καὶ
1124 4214 1231 4268 τῶν
1264 4215 1430 4268 πάλαι
1464 4217 1685 4287 ἐρήμων
1727 4216 1821 4268 αύ-

233 4315 335 4383 τῆς
373 4311 696 4383 σωζομένων
717 4309 803 4364 διὰ
830 4311 929 4381 τῆς
962 4307 1230 4379 σωτηρίου
1259 4305 1717 4378 ἀπολυτρώσεως·
1741 4305 1821 4359 διό

238 4422 399 4478 φησι·

1915 566 2198 621 sanguine.

1985 643 2150 699 Vnus.
2185 643 2239 699 5.
2284 661 2304 695 ι
2358 643 2427 697 Ει
2471 657 2616 698 nunc
2648 642 2772 712 quid
2823 644 2952 698 estis
2991 642 3126 699 hic?
3181 641 3306 699 Haec
3351 644 3488 701 dicit

1915 739 2214 794 Dominus:
2251 736 2386 802 Quia
2429 736 2641 789 ablatus
2679 743 2761 790 est
2812 736 3041 806 p0pulus
3092 751 3246 790 meus
3269 733 3482 801 gratis,

1913 831 2252 885 admiramini
2279 838 2334 882 et
2361 827 2584 882 nlulate.
2617 827 2741 881 llaec
2763 827 2894 881 dicit
2925 827 3183 881 Dominus
3208 848 3222 882 ι
3252 827 3482 896 Pr0pter

1914 938 2008 977 vos
2042 936 2254 990 semper
2313 934 2508 974 nomen
2561 934 2737 972 meum
2790 918 3194 986 blasphematur
3245 919 3296 971 in
3345 934 3482 988 gen-

1917 1015 2080 1068 tibus.
2137 1033 2156 1066 ι
2210 1012 2304 1067 llis
2343 1011 2623 1081 prophetia
2675 1009 2877 1063 indicat
2925 1010 3235 1078 hlaspltema
3291 1021 3482 1064 contra

1913 1107 2186 1163 Christum
2218 1105 2382 1174 dicta,
2406 1120 2526 1175 quae
2553 1101 2826 1174 principes
2866 1101 3103 1156 Judaica:
3132 1105 3311 1173 gentis
3340 1119 3480 1172 quo-

1916 1199 2044 1254 tidie
2073 1207 2351 1252 evomunt.

1983 1290 2148 1346 Vens.
2197 1289 2250 1344 6.
2311 1308 2330 1341 ι
2391 1288 2677 1358 Propterea
2731 1286 2862 1342 sciet
2909 1286 3136 1356 populus
3182 1301 3332 1341 meus
3382 1301 3482 1340 no-

1914 1398 2035 1437 men
2065 1397 2240 1436 meum
2269 1381 2320 1434 in
2353 1382 2440 1435 die
2479 1381 2569 1434 illa
2593 1423 2607 1443 ,
2643 1380 2764 1448 quia
2794 1395 2894 1450 ego
2917 1395 3033 1434 smn
3065 1399 3077 1434 :
3111 1381 3223 1447 ipse
3261 1380 3487 1448 loquens

1916 1474 2126 1529 adsum.
2169 1492 2190 1525 ι
2229 1473 2344 1538 Qua
2372 1474 2480 1537 die,
2513 1473 2615 1527 nisi
2652 1488 2773 1526 cum
2809 1488 2910 1541 ego
2945 1474 3076 1542 ipse.
3105 1473 3197 1532 ait,
3226 1474 3314 1542 qui
3343 1488 3486 1528 nunc

1916 1581 2012 1634 per
2043 1564 2333 1636 prophetas
2362 1580 2510 1620 meos
2549 1564 2665 1619 hac
2705 1565 2920 1634 loquor,
2952 1566 3018 1619 ad
3047 1566 3292 1622 homines
3323 1566 3496 1632 adver

1917 1655 2062 1710 niam
2096 1655 2120 1709 ?

1844 1817 1887 1871 Β
1985 1786 2152 1871 Vens.
2186 1816 2241 1883 ¹7.
2276 1830 2296 1867 ι
2337 1812 2491 1871 Sicut
2521 1815 2650 1872 hora
2685 1829 2846 1885 super
2875 1824 3107 1882 montes,
3141 1816 3280 1871 sicut
3316 1817 3481 1886 pedes

1917 1906 2343 1976 evangelizantis
2394 1907 2633 1961 auditum
2690 1909 2878 1977 pacis,
2927 1907 3067 1963 sicut
3105 1909 3486 1976 evangelizaus

1918 1999 2054 2052 bona
2081 2037 2096 2064 ,
2125 1997 2250 2068 quia
2289 1998 2524 2051 auditam
2550 1997 2743 2052 faciam
2771 1997 3000 2052 salutem
3037 2007 3182 2052 luam
3209 2039 3224 2064 ,
3254 1999 3480 2056 dicens:

1919 2091 2048 2146 Sion
2075 2131 2090 2156 ,
2129 2088 2375 2161 regnabit
2420 2088 2559 2146 Deus
2607 2101 2726 2144 tuus
2755 2110 2769 2145 :
2801 2110 2820 2143 ι
2861 2090 3220 2145 heatitudines
3271 2105 3485 2144 annuno.

1919 2185 2111 2240 tiantes
2135 2224 2150 2249 ,
2182 2199 2318 2252 quas
2366 2184 2625 2237 Servatur
2654 2199 2748 2253 per
2777 2182 3137 2252 evangelicam
3183 2183 3483 2238 doctrinam

1917 2279 2081 2333 dedit.
2129 2276 2450 2331 Prwdicatio
2507 2283 2686 2330 autem
2742 2273 2869 2330 Sion
2921 2274 3366 2339 aununtiahatur,
3402 2274 3488 2329 vi-

1918 2371 2112 2426 delicet
2150 2370 2412 2440 religiosa:
2463 2368 2588 2422 vitae
2634 2368 2793 2423 metui
2841 2375 2896 2422 et
2945 2366 3240 2436 apostolico
3269 2365 3482 2422 choro:

1917 2472 2243 2533 quapropter
2291 2477 2514 2532 regnum
2565 2460 2828 2516 ccelorum
2871 2458 3124 2514 omnibus
3173 2458 3486 2515 hominibus

1917 2553 2304 2623 przrdicabant.
3521 2551 3524 2554 ”

1989 2644 2156 2700 Vens.
2189 2646 2246 2700 8.
2289 2663 2310 2697 ι
2363 2643 2497 2712 Quia
2524 2660 2626 2699 vox
2664 2645 3082 2700 custodientium
3135 2653 3190 2700 te
3248 2645 3485 2702 exaltata

1918 2750 2041 2805 est,
2071 2749 2125 2793 et
2166 2751 2293 2792 voce
2322 2737 2481 2792 simul
2525 2736 2850 2791 lattabuntur
2882 2754 2896 2788 :
2923 2738 3048 2807 quia
3085 2737 3224 2791 oculi
3257 2739 3322 2792 ad
3354 2754 3487 2794 ocu-

1919 2834 2001 2890 los
2061 2833 2361 2896 videbunt,
2415 2832 2635 2901 quando
2702 2833 2957 2886 misertus
3016 2831 3182 2886 fuerit
3229 2832 3490 2889 Dominus

1921 2925 2072 2980 Sion.
2115 2943 2133 2976 ι
2169 2923 2474 2979 Secundum
2507 2922 2931 2979 Theodotinnem
2960 2938 3088 2978 vero
3115 2963 3130 2986 ,
3163 2942 3181 2976 ι
3217 2923 3333 2979 Vox
3361 2941 3489 2996 spe-

1920 3018 2220 3073 culatorum
2278 3025 2491 3070 tuorum
2545 3015 2714 3070 edidit
2754 3031 2937 3070 vocem
2973 3033 2987 3069 :
3022 3015 3074 3070 in
3127 3015 3358 3085 idipsum
3391 3031 3488 3072 ex-

1921 3109 2222 3175 sultabunt,
2254 3107 2378 3176 quia
2412 3107 2625 3163 oculum
2655 3108 2706 3161 in
2735 3108 2908 3163 oculis
2932 3107 3212 3164 videbunt.
3268 3127 3288 3160 ι
3349 3109 3487 3180 Spe-

1917 3199 2188 3257 culatores
2213 3200 2299 3254 hic
2325 3209 2484 3254 vocat
2519 3200 2813 3270 discipulos
2837 3211 2890 3256 et
2920 3201 3194 3270 apostolos
3242 3201 3490 3258 Salvato-

1917 3294 1995 3348 ris
2021 3293 2213 3347 nostri.
2248 3293 2710 3360 Quemadmodum
2737 3293 2878 3349 enim
2907 3293 3277 3365 speculatores
3304 3297 3487 3367 populi

1917 3403 1983 3444 ex
2015 3389 2424 3445 circumcisione
2449 3390 2780 3445 vocabantur
2830 3391 3108 3462 propheta:
3133 3431 3149 3456 ,
3178 3392 3268 3462 qui
3319 3407 3489 3461 penes

1917 3481 2036 3538 illos
2072 3490 2265 3549 erant;
2298 3482 2371 3536 ita
2401 3491 2456 3538 et
2489 3497 2634 3537 nunc
2662 3498 2813 3538 novae
2849 3483 2994 3538 illius
3046 3483 3249 3550 Sionis,
3295 3485 3490 3541 videli-

1919 3583 2004 3629 cet
2027 3572 2282 3630 Ecclesiae
2310 3574 2403 3629 Dei
2442 3574 2784 3646 religiosique
2822 3585 3030 3642 cmtns,
3063 3574 3365 3634 Salvatoris
3390 3593 3490 3638 no-

1918 3667 2017 3722 stri
2057 3667 2284 3737 apostoli
2319 3667 2685 3737 speculatores
2713 3666 2887 3722 effecti
2915 3677 3080 3736 sunt,
3111 3679 3274 3739 atque
3308 3679 3490 3726 custo-

1919 3759 2015 3815 des
2047 3777 2063 3814 :
2097 3761 2189 3830 qui
2219 3761 2461 3830 ejusdem
2492 3759 2795 3816 Salvatoris
2826 3760 3025 3815 oculati
3062 3771 3231 3818 testes
3259 3800 3276 3828 ,
3317 3773 3372 3818 et
3397 3779 3490 3819 au-

1919 3851 2144 3920 ditores,
2171 3854 2276 3906 alta
2308 3867 2442 3908 voce
2474 3852 2638 3906 locuti
2665 3863 2832 3918 sunt;
2877 3854 2948 3907 ita
2994 3862 3053 3906 ut
3076 3855 3237 3908 etiam
3268 3854 3337 3911 ab
3365 3871 3484 3910 om-

1921 3943 2079 3998 nibus
2131 3942 2380 4014 gentibus
2417 3943 2748 3998 audirentur.
2799 3944 2964 4000 Iidem
2997 3960 3127 4000 vero
3178 3946 3280 4016 ipsi
3330 3948 3486 4004 omni

1921 4035 2184 4107 spirituali
2219 4035 2405 4090 laatitia
2452 4035 2822 4106 replebantur,
2865 4037 2988 4106 quia
3025 4037 3244 4093 Sionem
3278 4039 3426 4094 illam
3458 4078 3478 4106 ,

1920 4127 1987 4182 de
2017 4142 2124 4197 qua
2151 4127 2401 4196 superius
2429 4166 2444 4193 ,
2494 4127 2787 4184 miseratus
2814 4138 2898 4183 est
2927 4129 3069 4184 Deus
3092 4170 3108 4195 ,
3139 4142 3190 4186 et
3216 4132 3338 4200 quia
3391 4132 3483 4191 illa

1920 4217 2048 4272 olim
2094 4219 2304 4274 deserta
2339 4218 2478 4286 ejus,
2529 4233 2627 4288 per
2673 4219 2968 4276 salutarent
3013 4223 3488 4294 redemptionem,

1920 4309 2155 4366 salutare
2180 4318 2339 4365 nacta
2370 4317 2497 4364 sunt
2529 4327 2543 4363 :
2575 4325 2743 4381 quare
2771 4312 2875 4367 ait:

309 4517 327 4548 ι
377 4494 622 4566 Ῥηξάτω
657 4495 994 4568 εὐφροσύνην
1024 4495 1160 4566 ἅμα,
1194 4494 1264 4548 τὰ
1310 4493 1495 4565 ἔρημα
1541 4493 1814 4564 Ἰερουσα-

1995 4487 2150 4543 Vens.
2180 4489 2347 4554 9,10.
2394 4489 2736 4562 «Ετυιηροηι
2785 4492 2837 4547 in
2893 4493 3131 4549 lzetitiam
3179 4496 3338 4551 simul
3388 4497 3490 4553 de-

233 4585 298 4657 λή
308 4605 348 4657 μ
367 4603 382 4615 ·
421 4585 504 4638 ὃτι
528 4585 725 4655 ἠλέησε
751 4584 954 4656 Κύριος
987 4584 1177 4656 αὐτὴν,
1206 4584 1302 4638 καὶ
1326 4582 1594 4654 ἐρρύσατο
1620 4581 1814 4653 Ἰερου-

236 4678 446 4747 σαλήμ.
498 4677 607 4729 Καὶ
649 4674 992 4744 ἀποκαλύψει
1040 4675 1243 4748 Κύριος
1293 4675 1383 4728 τὸν
1431 4673 1692 4747 βραχίονα
1723 4671 1814 4727 τὸν

235 4769 392 4834 ἆγιον
422 4766 587 4819 αὐτοῦ
611 4767 839 4819 ἐνώπιον
873 4766 1088 4820 πάντων
1118 4766 1225 4819 τῶν
1260 4764 1448 4830 ἐθνῶν,
1483 4765 1575 4818 καὶ
1597 4764 1815 4834 ὄψονται

235 4861 416 4911 πάντα
453 4858 522 4910 τὰ
555 4857 700 4929 ἄκρα
728 4857 826 4926 τῆς
849 4857 952 4927 γῆς
973 4857 1070 4929 τὴν
1102 4856 1374 4929 σωτηρίαν
1407 4857 1505 4927 τὴν
1534 4855 1684 4928 παρὰ
1717 4855 1813 4909 τοῦ

235 4948 372 5002 Θεοῦ
416 4946 583 5018 ἡμῶν.
618 4965 638 4998 ι
677 4945 838 5018 Ὁρᾷς
867 4946 1013 5009 ὅπως
1031 4945 1122 4998 καὶ
1160 4945 1248 4999 διὰ
1274 4944 1475 4998 τούτων
1503 4949 1613 5008 τοῖς
1635 4945 1812 5007 ἔθνεσι

235 5041 305 5093 τὰ
329 5037 660 5106 εὐαγγελικὰ
691 5036 1021 5109 κηρύγματα
1041 5037 1506 5107 ἐπαγγελλόμενος
1539 5037 1813 5107 ὑπισχνεῖ-

237 5146 363 5193 ται;
393 5129 434 5179 Τ
438 5129 495 5180 ὸν
524 5127 633 5198 γὰρ
659 5127 917 5197 βραχίονα
959 5127 1046 5181 τὸν
1080 5127 1230 5196 ἆγιον
1263 5127 1452 5192 αὐτοῦ,
1480 5119 1632 5192 οὗτος
1665 5127 1722 5180 δὲ
1744 5124 1811 5199 ῆν

240 5223 269 5274 ὁ
301 5220 397 5273 τοῦ
432 5219 566 5273 Θεοῦ
607 5221 795 5288 Λόγος,
831 5218 1234 5272 ἀποκαλύπτειν
1257 5219 1346 5274 τὸν
1375 5219 1505 5272 Θεόν
1527 5236 1657 5290 φησι
1679 5221 1814 5272 πᾶσι

243 5317 357 5377 τοῖς
380 5311 608 5366 ἔθνεσιν.
645 5311 872 5376 Οὐκοῦν,
903 5310 1122 5365 ἐπειδὰν
1145 5315 1436 5383 προσφωνῇ
1461 5315 1526 5385 τῇ
1559 5310 1694 5365 Σιὼν
1719 5311 1813 5365 καὶ

254 5399 633 5476 Ἰερουσαλὴμ,
667 5403 734 5457 τὰ
756 5403 1025 5474 λεγόμενα
1056 5405 1148 5457 ἐπὶ
1177 5404 1273 5458 τῆν
1304 5403 1412 5457 τῶν
1437 5403 1604 5457 ἐθνῶν
1628 5402 1816 5474 κλῆσιν

242 5497 593 5568 ἀναφέρεται.

321 5609 340 5641 ι
372 5589 690 5659 Ἀπόστητε,
721 5589 1012 5661 ἀπόστητε,
1040 5589 1282 5656 ἐξέλθετε
1314 5589 1538 5652 ἐκεῖθεν,
1573 5587 1667 5641 καὶ
1686 5587 1820 5640 ἀκα-

247 5680 446 5748 θάρτου
484 5680 558 5751 μὴ
585 5680 756 5752 Eii/ms
778 5698 791 5710 '
826 5681 1070 5745 ὲξέλθετε
1099 5683 1161 5733 ἐκ
1189 5681 1352 5751 μέσου
1383 5681 1547 5750 αὐτῆς
1570 5696 1582 5709 ο
1609 5699 1626 5730 ›
1660 5677 1817 5747 δῆλον

246 5769 301 5821 δὲ
331 5771 413 5823 ὅτι
447 5772 510 5823 ἐκ
545 5771 638 5822 τοῦ
669 5771 898 5824 ἀπίστου
928 5771 1057 5824 λαοῦ
1090 5771 1184 5823 καὶ
1226 5770 1552 5840 ἀκαθάρτου.
1588 5788 1606 5820 ι
1660 5770 1815 5838 Ἀφο·

253 5863 490 5935 ρίσθητε,
550 5865 596 5916 οἱ
665 5864 920 5936 φέροντες
965 5863 1032 5916 τὰ
1085 5863 1250 5934 σκεύη
1308 5864 1532 5934 Κυρίου.
1574 5881 1592 5914 ι
1640 5859 1813 5930 Σκεύη

1919 4590 2061 4634 serta
2093 4579 2391 4637 Jerusalem
2425 4599 2439 4634 :
2478 4583 2606 4650 quia
2643 4583 2895 4639 misertus
2925 4595 3006 4639 est
3037 4584 3298 4644 Dotninus
3341 4589 3487 4659 ejus,

1918 4681 1971 4726 et
2005 4674 2145 4727 eruit
2171 4671 2494 4730 Jerusalem.
2523 4673 2592 4728 Et
2621 4676 2880 4732 revelabit
2915 4678 3171 4734 Dominus
3201 4681 3487 4738 brachium

1918 4774 2163 4820 sanctum
2212 4779 2367 4819 suum
2413 4765 2465 4818 iu
2510 4777 2799 4834 conspectu
2840 4770 3077 4824 omnium
3114 4773 3375 4842 gentium.
3419 4773 3486 4827 Et

1918 4855 2175 4910 videbunt
2198 4870 2384 4910 omnes
2411 4855 2544 4910 ﬁnes
2578 4867 2733 4912 terra!
2761 4859 3015 4929 Salutem,
3041 4877 3160 4931 quae
3197 4873 3279 4918 est
3311 4879 3341 4916 a
3377 4862 3488 4917 Deo

1899 4955 2127 4999 'nostro.
2161 4963 2180 4996 ι
2238 4944 2424 4999 Viden'
2454 4960 2562 5014 quo
2606 4959 2762 5017 pacto
2798 4950 2880 5005 his
2913 4953 3077 5006 etiam
3111 4954 3287 5007 verbis
3313 4969 3481 5008 evan-

1917 5039 2143 5108 gelicam
2184 5037 2620 5108 praedicationem
2664 5043 2915 5111 gentibus
2953 5029 3316 5113 polliceatur?
3353 5043 3483 5099 Ete-

1919 5129 2028 5182 nim
2060 5128 2335 5183 brachium
2364 5139 2608 5183 sanctum
2640 5147 2820 5196 suum,
2861 5133 3002 5201 quod
3032 5143 3148 5186 erat
3180 5135 3352 5202 ipsum
3385 5133 3479 5188 Dei

1919 5217 2175 5284 Verbum,
2206 5219 2455 5274 omnibus
2483 5220 2731 5290 gentibus
2769 5221 3125 5277 revelaturum
3163 5238 3279 5278 esse
3312 5223 3480 5278 Deum

1921 5313 2180 5368 declarat.
2230 5313 2362 5368 Cum
2396 5314 2578 5383 itaque
2603 5313 2732 5369 Sion
2788 5323 2842 5368 et
2894 5313 3186 5369 Jerusalem
3223 5316 3304 5370 sic
3349 5315 3482 5370 allo-

1918 5415 2134 5475 quatur,
2163 5405 2279 5461 ha'c
2306 5407 2372 5461 ad
2398 5407 2636 5476 gentium
2661 5403 2992 5459 vocationem
3024 5404 3304 5460 referenda
3330 5416 3480 5461 sunt.

1990 5584 2152 5642 Vens.
2184 5586 2272 5641 11.
2316 5605 2335 5638 ι
2361 5586 2636 5652 Rccedite,
2685 5585 2939 5650 recedile,
2984 5585 3299 5656 egredimini
3333 5586 3479 5650 inde,

1919 5685 1974 5730 et
2000 5677 2330 5730 immundum
2366 5676 2528 5730 nolite
2557 5687 2772 5746 tangere
2800 5698 2810 5731 :
2836 5676 2979 5731 exite
3003 5675 3068 5731 de
3096 5677 3271 5730 medio
3293 5676 3473 5745 ejus;u

1918 5768 2164 5823 videlicet
2193 5783 2255 5822 cx
2300 5768 2578 5822 incredqu
2610 5779 2661 5823 ct
2709 5768 2980 5824 iunnundo
3018 5769 3230 5839 populo.
3270 5788 3286 5820 ι
3311 5768 3478 5836 Sepa-

1921 5861 2149 5926 ranzini,
2208 5862 2298 5930 qui
2349 5861 2576 5929 portatis
2615 5875 2737 5916 rasa
2770 5861 2998 5918 Domini.
3028 5880 3050 5914 ι
3098 5861 3234 5918 Vasa
3264 5859 3476 5916 Domini
