3968 6506
458 341 567 397 ινδ

1140 342 1409 400 EUSEBII
1449 343 1924 401 CASSARIENSIS
1961 343 2111 401 OPP.
2152 344 2334 401 PARS
2371 344 2458 400 III.
2496 374 2565 387 -—-
2604 343 3011 403 EXEGETICA.

3600 338 3710 397 156

456 474 619 521 erant
642 479 872 538 corpora
904 465 1167 535 ipsorum,
1197 480 1226 519 a
1259 464 1488 521 Domino
1520 466 1714 535 electa,
1756 468 1807 522 in
1839 469 2025 522 sancti-

2143 468 2345 540 Κυρὶου
2393 464 2460 539 ἦν
2503 468 2569 521 τὰ
2612 467 2936 539 ἐκλεχθέντα
2974 464 3078 520 ὑπὸ
3109 460 3203 518 τοῦ
3237 458 3444 535 Κυρίου
3480 461 3712 533 σώματα

456 568 575 613 tate
610 567 666 615 et
698 560 901 615 honore
934 560 1043 613 Deo
1077 569 1357 629 segregata
1386 576 1401 623 ;
1434 559 1547 614 sive
1575 561 1740 615 etiam
1771 577 1898 617 vasa
1929 564 2032 618 Do-

447 648 591 706 mini
641 660 799 705 erant
843 636 975 703 Novi
1027 649 1360 704 Testamenti
1404 652 1738 723 Evangelia:
1774 670 1894 724 quae
1944 655 2034 724 qui

444 758 540 810 ges
558 740 765 803 labant;
820 743 886 796 ab
922 741 1291 797 incredulitate
1322 742 1630 799 Iudaeorum
1662 760 1915 801 amovere
1952 762 2031 813 se,

444 834 512 886 ab
553 830 730 902 iisque
756 848 815 888 se
844 848 1165 904 segregare,
1196 833 1477 902 jubentur.

530 1020 696 1076 Vens.
726 1023 814 1077 I2.
871 1042 891 1075 ς
920 1024 1052 1091 Quia
1088 1041 1197 1079 non
1232 1040 1354 1080 cum
1392 1028 1620 1081 tumultu
1654 1029 1907 1096 exiliitis,
1939 1045 2034 1086 ne-

452 1125 562 1180 que
616 1112 883 1183 fugientes
950 1115 1097 1170 ibitis
1139 1134 1154 1171 :
1191 1118 1459 1187 praecedet
1511 1120 1654 1172 enim
1702 1135 1801 1174 vos
1853 1120 2035 1175 Domi-

458 1220 602 1271 nus,
660 1214 716 1260 et
773 1207 863 1276 qui
921 1218 1219 1280 congregat
1266 1224 1363 1265 vos
1417 1209 1560 1265 Deus
1612 1210 1801 1267 Israel.
1836 1229 1855 1264 ι
1914 1212 2031 1267 Non

450 1297 600 1351 enim
656 1300 809 1368 quasi
863 1300 1123 1370 compulsi
1174 1300 1239 1356 ad
1293 1304 1804 1359 eircumcursandas
1847 1315 2033 1376 gentes

450 1391 789 1446 accedebant
838 1391 1101 1460 apostoli;
1156 1394 1249 1447 sed
1296 1409 1418 1449 cum
1465 1395 1609 1449 omni
1659 1395 1937 1451 alacritate
1978 1406 2033 1451 et

450 1482 750 1537 voluntatis
796 1483 1013 1550 affectu,
1064 1484 1202 1555 jussi
1252 1486 1449 1541 docere
1498 1500 1687 1541 omnes
1746 1495 1933 1557 gentes
1976 1488 2029 1542 in

454 1574 676 1629 nomine
710 1573 845 1642 ejus.

530 1665 693 1725 Vsus.
729 1670 814 1722 15.
853 1688 871 1720 ι
900 1669 1038 1725 Ecce
1068 1668 1323 1737 intelliget
1354 1685 1486 1739 puer
1514 1685 1684 1735 meus,
1718 1681 1773 1726 et
1814 1682 2027 1728 exa.ta-

456 1757 624 1825 hitur,
678 1769 731 1813 et
761 1759 1151 1829 gloriﬁcabitur
1182 1760 1352 1815 valde.
1379 1779 1400 1812 ι
1462 1761 1628 1826 Queis
1670 1764 2027 1819 resurre‘ctim-

456 1865 576 1904 nem
608 1865 637 1902 a
670 1851 914 1912 mortuis,
965 1850 1386 1918 assumptiouem
1437 1852 1561 1905 item
1614 1851 1665 1905 in
1708 1853 1925 1919 coelum,
1969 1865 2024 1910 et
2054 1844 2095 1899 Β

454 1940 833 1995 exaltationcm
884 1942 1176 2010 signiﬁcat.
1228 1942 1456 1995 Servum
1496 1958 1679 2012 porro,
1726 1946 2020 2001 secundum

452 2032 723 2101 Aquilam,
780 2048 904 2087 eum
948 2034 1068 2102 jure
1119 2043 1415 2101 nuncupat,
1463 2036 1531 2089 οἱ)
1579 2036 1721 2089 servi
1775 2035 2021 2101 formam,

448 2138 613 2191 quam
660 2122 887 2190 accepit.
947 2120 1079 2175 Nam
1134 2123 1273 2177 Deus
1317 2120 1572 2188 Verbum,
1630 2127 2023 2197 «semetipsum

450 2214 751 2268 exinanirit
802 2229 923 2266 cum
973 2214 1024 2266 in
1077 2213 1248 2267 forma
1297 2214 1389 2269 Dei
1442 2227 1604 2283 esset,
1648 2229 1706 2272 ut
1752 2219 1827 2272 ait
1872 2234 2026 2274 sacer

447 2306 807 2376 Aposmlus‘,
845 2305 1072 2358 formam
1107 2308 1246 2360 servi
1290 2307 1593 2375 accipiens,
1630 2318 1683 2363 et
1726 2310 1909 2364 habitu
1943 2312 2026 2365 in-

450 2405 645 2450 ventus
683 2406 739 2448 ut
773 2397 958 2451 homo.
992 2416 1009 2449 ι
1052 2397 1246 2452 Verum
1292 2400 1404 2468 ipse
1437 2419 1569 2470 puer
1596 2413 1648 2454 et
1689 2417 1877 2457 servus
1909 2403 2022 2467 Dei,

446 2485 597 2537 eunti
644 2486 906 2553 sapientia
947 2497 1002 2540 et
1058 2487 1282 2541 scienzia
1320 2490 1631 2559 replebatur
1656 2530 1671 2554 ,
1713 2492 1857 2561 quod
1892 2492 2024 2547 Ver-

452 2576 576 2631 bum
606 2576 695 2631 Dei
731 2578 782 2630 in
813 2591 871 2629 se
899 2578 1224 2635 contineret.

523 2668 795 2731 “233.14,
827 2670 913 2725 I5.
950 2690 967 2723 ι
997 2670 1147 2724 Sicut
1175 2673 1641 2743 stupebuntsuper
1670 2681 1721 2727 te
1748 2673 1919 2741 multi,
1949 2674 2028 2730 sic

448 2760 680 2831 ingloria
714 2762 819 2815 erit
867 2764 933 2816 ab
993 2762 1303 2817 hominibus
1341 2766 1549 2832 Species
1597 2773 1707 2831 tua,
1756 2776 1809 2820 et
1860 2766 2024 2837 gloria

453 2862 543 2906 tua
571 2868 599 2906 a
630 2852 754 2907 [iliis
794 2854 1096 2908 hominum.
1144 2854 1219 2908 Ita
1252 2858 1592 2910 mirabuntur
1624 2868 1811 2926 gentes
1852 2858 2026 2913 multae

449 2960 614 3014 super
641 2960 728 3011 eo,
763 2954 817 3000 et
857 2946 1213 2999 continebunt
1245 2962 1395 3016 reges
1422 2963 1483 3001 os
1514 2964 1669 3002 suum
1702 2966 1714 3003 :
1756 2948 1879 3018 quia
1908 2948 2027 3017 qni-

449 3037 553 3091 bus
584 3052 687 3091 non
721 3044 803 3091 est
833 3038 1217 3090 annuntiatum
1258 3038 1321 3091 de
1355 3038 1466 3102 illo,
1497 3039 1778 3102 videbunt,
1830 3048 1884 3093 et
1934 3039 2023 3108 qui

450 3143 562 3184 non
611 3130 918 3193 audierunt,
971 3129 1289 3199 intelligent.
1324 3149 1342 3181 ι
1388 3130 1441 3183 Id
1488 3130 1631 3184 enim
1684 3144 1835 3198 reges
1878 3145 2029 3185 com-

449 3221 723 3286 movebat,
745 3236 937 3291 nempe
963 3224 1103 3290 quod
1131 3221 1500 3291 evangelicum
1526 3223 1747 3276 verbum
1773 3222 1836 3275 ad
1856 3238 2027 3277 remo-
2052 3196 2095 3255 Ο

451 3313 689 3368 tissimas
731 3323 917 3384 gentes
965 3316 1306 3384 pervaderet.
1367 3315 1432 3368 Et
1484 3314 1597 3370 ha'c
1647 3314 1863 3384 quidem
1898 3317 2023 3371 olim

454 3408 625 3459 verbo
677 3406 1209 3474 pra-nuntiabantur,
1259 3421 1319 3460 re
1370 3415 1548 3460 autem
1594 3408 1860 3474 completa
1907 3418 2029 3462 sunt

452 3498 505 3552 in
537 3497 833 3552 Salvatoris
864 3500 929 3552 ad
960 3514 1053 3552 eos
1088 3499 1321 3552 adventu
1355 3516 1367 3550 :
1403 3512 1564 3567 quem
1593 3498 1763 3552 oculis
1799 3514 1920 3553 eum
1956 3500 2027 3552 vi-

453 3590 645 3643 derent
690 3586 880 3652 Judaei,
944 3604 1236 3655 vocemque
1290 3588 1407 3658 ejus
1461 3590 1733 3656 audirent,
1792 3606 1889 3646 nec
1942 3592 2024 3645 in-

447 3677 812 3739 tellexerunt,
864 3693 966 3732 nec
1013 3678 1249 3747 IOQuenti
1304 3695 1462 3734 aures
1514 3680 1899 3748 praebuerunt;
1952 3680 2022 3735 ita

450 3781 512 3823 ut
546 3772 707 3824 etiam
755 3771 1031 3841 prophetia
1069 3772 1156 3825 illa
1197 3771 1309 3838 jam
1345 3772 1619 3841 praemissa
1651 3772 1701 3825 iu
1739 3772 1841 3827 illis
1877 3787 2024 3826 com-

452 3864 729 3935 pieretur,
780 3884 799 3917 ι
832 3864 1028 3917 Auditu
1059 3865 1311 3929 audietis,
1354 3875 1407 3919 et
1453 3879 1555 3918 non
1591 3865 1938 3935 intelligetis;
1969 3873 2023 3920 et

452 3958 810 4029 respicientes
844 3960 1166 4030 respicietis,
1206 3969 1264 4015 et
1306 3975 1410 4014 non
1447 3959 1719 4015 videbitis.
1750 3976 1772 4012 ι

1010 4139 1239 4198 CAPUT
1293 4140 1421 4197 LIII.

518 4232 683 4290 Vna.
718 4234 768 4289 I.
807 4230 1097 4301 (Domine,
1132 4237 1255 4305 quis
1285 4236 1515 4290 credidit
1538 4236 1744 4291 auditui
1790 4241 2021 4292 nostro?

449 4332 507 4379 et
556 4326 836 4379 brachium
888 4326 1099 4381 Domini
1151 4328 1234 4380 cui
1271 4328 1567 4381 revelatum
1601 4329 1726 4382 est?
1756 4345 1776 4381 ι
1823 4327 2022 4382 Miran-

451 4417 583 4468 tinm
619 4430 766 4469 more
798 4417 889 4469 Dei
927 4419 1239 4486 prophetaa,
1284 4416 1524 4472 Iudaicae
1565 4420 1739 4488 gentis
1772 4420 2021 4474 incredu-

450 4507 654 4563 litatem
707 4518 1031 4573 cernentes,
1089 4524 1151 4562 ae
1204 4509 1442 4577 gentium
1498 4511 1904 4564 conversionem
1964 4524 2018 4565 et

448 4598 856 4668 obsequentiam
909 4598 1192 4663 videntes,
1243 4600 1355 4653 ha‘c
1408 4600 1676 4654 dicebant.
1730 4601 2014 4657 Brachium

448 4704 610 4760 porro
658 4688 788 4753 Dei,
844 4688 1175 4759 unigenitum
1228 4689 1421 4744 Filium
1470 4692 1649 4746 vocari
1702 4693 2019 4764 plerumque

444 4779 992 4833 eommonstravimus
1038 4798 1052 4835 ι
1093 4782 1183 4849 qui
1234 4795 1625 4852 consequenter
1674 4786 1738 4840 ad
1788 4789 2018 4856 prophe-

444 4870 557 4923 ‘tica
587 4870 722 4923 dicta
768 4872 1112 4925 credentibus
1162 4873 1213 4926 in
1257 4874 1426 4941 ipsum
1473 4876 1722 4944 gentibus
1771 4880 2017 4948 cognitus

442 4971 553 5015 est.
592 4979 611 5014 t
637 4962 1087 5017 Aununtiavimus
1118 4980 1131 5017 :
1159 4967 1312 5035 quasi
1350 4968 1607 5035 parvulus
1640 4970 1690 5023 iu
1722 4982 2011 5040 conspectu

448 5052 587 5122 ejus,
638 5054 779 5107 sicut
822 5055 974 5108 radix
1006 5054 1057 5108 iu
1094 5066 1236 5109 terra
1264 5057 1487 5112 sitienti.
1538 5059 1650 5113 Non
1691 5073 1777 5116 est
1810 5064 2014 5130 species

442 5147 521 5210 ei,
561 5161 735 5214 neque
764 5144 931 5215 gloria
970 5164 984 5201 :
1024 5156 1080 5199 et
1111 5148 1344 5201 vidimus
1388 5166 1530 5217 euut,
1561 5163 1612 5205 et
1646 5170 1746 5205 non
1785 5154 2016 5206 habebat

449 5238 722 5305 speciem,
777 5254 953 5309 neque
1010 5239 1280 5293 decorem.
1316 5259 1335 5293 ι
1391 5241 1493 5296 Per
1544 5253 1739 5297 terram
1794 5245 2012 5311 inviam,

450 5324 724 5396 Virginem
742 5329 1063 5393 subindical,
1083 5345 1241 5396 quam
1267 5346 1424 5384 nemo
1444 5333 1572 5385 adiit
1608 5351 1620 5385 :
1662 5349 1756 5401 per
1781 5334 2010 5387 radicem

448 5430 601 5479 vero,
627 5419 869 5472 eamdem
895 5419 1062 5486 ipsam
1090 5421 1155 5473 de.
1183 5437 1284 5488 qua
1312 5422 1606 5484 dicebatur,
1648 5442 1665 5473 ι
1692 5423 2013 5494 Egredietur

447 5508 599 5576 virga
627 5509 691 5561 de
724 5509 900 5562 radice
930 5508 1117 5573 Jessze,
1150 5520 1201 5563 et
1232 5511 1330 5564 Ilos
1375 5513 1440 5566 de
1474 5515 1653 5568 radice
1684 5512 1797 5580 ejus
1820 5532 2008 5573 ascen-

444 5601 540 5653 det
559 5601 598 5654 '.
613 5598 773 5653 iNam
794 5601 862 5653 ibi
882 5617 1092 5672 quoque
1111 5618 1435 5657 ascensurus
1458 5618 1576 5657 esse
1593 5605 1892 5673 dicebatur,
1916 5611 2007 5665 sed

444 5688 515 5741 de
535 5688 709 5740 radice
738 5686 935 5753 Jessm;
958 5691 1041 5743 hic
1059 5700 1237 5743 autem
1257 5706 1320 5743 ex
1343 5703 1633 5748 memorata
1656 5704 1795 5753 terra
1835 5699 1999 5756 invia.

522 5781 540 5809 ¹
576 5780 772 5849 I’liilip.
806 5796 862 5848 II,
902 5782 954 5835 6.
1031 5784 1049 5813 ¹
1084 5781 1155 5837 Is.
1204 5801 1275 5851 at,
1318 5789 1361 5842 I.

2135 560 2335 623 αὐτῶν,
2373 561 2429 612 ἐν
2458 560 2734 633 ἁγιωσύνῃ
2764 559 2858 613 καὶ
2879 561 3013 630 τιμῇ
3051 557 3129 629 τῷ
3151 557 3269 627 Θεῷ
3309 555 3667 629 ἀφωρισμένα
3689 571 3707 586 ’

2134 650 2168 722 ἢ
2200 652 2293 704 καὶ
2328 650 2495 721 σκεύη
2542 650 2747 722 Κυρίου
2776 650 3040 721 ἐτύγχανε
3063 650 3130 703 τά
3163 650 3260 721 τῆς
3284 648 3494 718 Καινῆς
3519 647 3716 720 Διαθή-

2136 760 2236 814 κης
2280 743 2617 811 Εὐαγγέλια·
2668 742 2811 813 ἀπερ
2845 741 3331 813 ἐπικομιζομένους
3372 740 3712 794 ἀπαλλάττε-

2136 836 2259 889 σθαι
2294 837 2390 907 τῆς
2433 835 2685 898 ἀπιστίας
2725 835 2820 888 τοῦ
2877 834 3146 889 Ἰουδαίων
3190 833 3342 897 λαοῦ,
3380 833 3475 886 καὶ
3516 832 3717 905 ἀφορί-

2135 928 2320 993 ζεσθαι
2347 928 2527 983 αὐτῶν
2555 928 2899 998 προστάττει.

2211 1041 2229 1074 ι
2262 1024 2382 1075 Ὀτι
2412 1024 2472 1074 οὐ
2514 1020 2650 1092 μετά
2688 1021 2934 1092 ταραχῆς
2970 1010 3314 1084 ἐξελεύσεσθε
3336 1057 3352 1082 ,
3394 1018 3513 1071 οὺδέ
3558 1018 3708 1089 φυγῇ

2135 1112 2467 1185 πορεύσεσθε
2487 1129 2501 1144 ⁸
2536 1112 2967 1186 προπορεύσεται
2997 1111 3104 1182 γὰρ
3125 1110 3386 1182 πρότερος
3412 1110 3563 1180 ὑμῶν
3596 1110 3712 1163 Κύλ-

2137 1223 2269 1278 ριος,
2293 1206 2385 1258 καὶ
2413 1207 2441 1257 ό
2464 1205 2806 1273 ἐπισυνάγων
2834 1204 2976 1275 ὑμᾶς
3001 1202 3133 1266 Θεὸς
3174 1201 3403 1273 Ἰσραήλ.
3446 1221 3464 1253 ι
3498 1201 3573 1254 Οὐ
3597 1199 3712 1273 γὰρ

2131 1303 2206 1367 ὼς
2260 1301 2600 1371 ἐλαυνόμενοι
2654 1298 2955 1371 προσῆλθον
3008 1300 3088 1361 είς
3147 1296 3244 1366 τὴν
3296 1296 3545 1367 περίοδον
3595 1296 3708 1349 τῶν

2132 1394 2300 1448 ἐθνῶν
2324 1394 2373 1446 οἱ
2408 1391 2715 1455 ἀπόστολοι,
2750 1389 2887 1445 ἀλλά
2916 1389 3196 1461 προθυμίᾳ
3230 1388 3380 1459 πάσῃ
3402 1389 3496 1440 καὶ
3512 1405 3710 1458 προαιι

2133 1491 2279 1561 ρέσει
2324 1489 2673 1559 αὑτεξουσίῳ,
2717 1487 3097 1549 κελευσθέντες
3146 1484 3480 1557 μαθητεῦσαι
3526 1484 3709 1537 πάντα

2129 1580 2197 1633 τά
2226 1580 2349 1653 ἔθνη
2381 1583 2437 1634 ἐν
2458 1583 2535 1652 τῷ
2567 1580 2789 1652 ὀνόματι
2812 1578 2977 1633 αὑτοῦ

2191 1688 2208 1721 t
2233 1670 2363 1723 Ἰδοὺ
2386 1672 2788 1741 συνήσειόπαῖς
2814 1687 2935 1740 μου,
2951 1668 3045 1722 καὶ
3063 1665 3532 1738 ὑψωθήσεται,καὶ
3556 1664 3714 1730 δοξα-

2132 1762 2383 1835 σθήσεται
2399 1763 2619 1838 σφόδρα.
2636 1765 2741 1815 ’Δι’
2758 1757 2830 1819 ὧν
2843 1762 2939 1834 τὴν
2954 1760 3089 1832 μετά
3114 1760 3202 1813 τὸν
3227 1759 3451 1812 θάνατον
3472 1759 3712 1811 ἀνάστα-

2127 1872 2228 1921 σιν,
2248 1858 2340 1909 καὶ
2355 1856 2451 1927 τὴν
2468 1859 2546 1920 εἰς
2561 1857 2820 1927 οὐρανοὺς
2836 1854 3098 1925 ἀνάληῷίν
3118 1871 3175 1906 τε
3189 1854 3279 1907 καὶ
3296 1853 3499 1923 ὖψωσιν
3514 1850 3714 1922 σημαί-

2126 1963 2224 2002 νει.
2273 1946 2466 1999 Δοῦλον
2490 1948 2547 2001 δὲ
2568 1947 2749 2011 αὐτὸν,
2783 1946 2924 2000 κατὰ
2952 1946 3043 1998 τὸν
3060 1944 3308 2008 Ἀκύλαν,
3331 1944 3553 2006 εἰκότως
3580 1944 3716 1995 ἀπο-

2128 2039 2279 2092 καλεῖ
2293 2039 2378 2093 διὰ
2389 2040 2485 2112 τὴν
2505 2040 2714 2112 μορφήν
2723 2038 2815 2092 τοῦ
2832 2037 3036 2101 δούλου,
3050 2038 3117 2109 ἣν
3128 2037 3400 2108 ἀνείληφε.
3413 2055 3431 2088 r
3450 2033 3671 2089 Ἑαυτὸν
3683 2055 3703 2085 ι

2127 2129 2234 2200 γὰρ
2266 2148 2283 2180 t
2310 2128 2574 2182 ἐκένωσεν
2596 2130 2653 2181 ὲν
2678 2130 2855 2199 μορφῇ
2878 2122 3013 2179 Θεοῦ
3038 2126 3297 2196 ὑπάρχων
3320 2123 3450 2186 Θεὸς
3467 2123 3698 2190 Λόγος,ι

2127 2210 2269 2272 κατά
2286 2218 2374 2272 τὸν
2395 2219 2537 2291 ἱερὸν
2554 2219 2872 2272 Ἀπόστολον
2887 2258 2901 2282 ,
2924 2235 2945 2269 ι
2968 2218 3179 2288 μορφὴν
3195 2216 3379 2269 δούλου
3397 2213 3598 2277 λαϐὼν,
3612 2213 3710 2267 καὶ

2129 2312 2366 2383 σχήματι
2394 2310 2637 2383 εὑρεθεὶς
2660 2312 2735 2375 ὡς
2768 2313 3074 2381 ἄνθρωπος.
3109 2329 3127 2361 ι
3160 2308 3298 2361 Ἀλλ’
3328 2307 3488 2370 αὐτὸς
3522 2307 3550 2359 ό
3573 2308 3711 2368 παῖς

2126 2400 2220 2454 τοῦ
2262 2401 2395 2453 Θεοῦ
2439 2402 2535 2455 καὶ
2566 2400 2750 2463 δοῦλος
2795 2400 2975 2470 πάσης
3020 2397 3322 2471 ἐπληροῦτο
3374 2398 3564 2467 σοφίας
3608 2397 3709 2450 καὶ

2128 2490 2454 2561 ἐπιστήμης,
2488 2489 2578 2543 τὸν
2608 2488 2741 2542 Θεοῦ
2770 2489 2935 2557 Λόγον
2958 2489 3038 2553 είς
3066 2488 3227 2541 αὑτὸν
3267 2488 3549 2560 χωρήσας.

2204 2691 2223 2724 ‹
2263 2673 2358 2726 Ὃν
2391 2673 2589 2745 τρόπον
2638 2672 2994 2742 ἐκστήσονται
3042 2670 3137 2723 ἐπὶ
3187 2670 3246 2725 σὲ
3290 2669 3495 2734 πολλοὶ,
3528 2670 3706 2734 οὕτως

2128 2764 2379 2836 ἀδοξήσει
2405 2766 2512 2818 ἀπὸ
2540 2764 2647 2817 τῶν
2676 2764 2974 2837 ἀνθρώπων
2997 2764 3056 2816 τὸ
3079 2759 3214 2825 εἶδός
3242 2780 3356 2829 σου,
3388 2764 3480 2816 καὶ¹
3510 2764 3543 2833 ή
3573 2762 3707 2827 δόξα

2130 2873 2221 2908 σου
2272 2855 2378 2908 ἀπὸ
2422 2856 2529 2907 τῶν
2572 2855 2701 2907 υίῶν
2750 2852 3069 2925 ἀνθρώπων.
3134 2852 3290 2907 Οῦτω
3333 2852 3706 2923 θαυμάσονται

2128 2947 2252 3017 ἔθνη
2275 2946 2442 3000 πολλά
2470 2946 2733 3016 ἐπάὐτῷ,
2758 2946 2851 2999 καὶ
2882 2946 3159 3010 συνέξουσι
3184 2944 3419 3015 βασιλεῖς
3444 2945 3505 2997 τὸ
3528 2944 3705 3014 στόμα

2128 3039 2308 3092 αὐτῶν
2330 3055 2343 3068 ο
2377 3040 2459 3092 ὅτι
2491 3034 2571 3103 οἷς
2615 3040 2714 3091 οὐκ
2759 3038 3031 3109 ἀνηγγέλη
3065 3038 3191 3108 περὶ
3226 3035 3423 3100 αὑτοῦ,
3458 3035 3700 3105 ὄψονται,

2128 3131 2222 3184 καὶ
2263 3129 2311 3183 οἳ
2349 3130 2448 3183 οὐκ
2481 3130 2773 3200 ἀκηκόασι,
2818 3130 3128 3199 συνήσουσι.
3169 3148 3186 3181 ι
3218 3127 3388 3180 Τοῦτο
3416 3127 3522 3196 γὰρ
3547 3122 3616 3197 ῆν
3637 3127 3702 3180 τὸ

2129 3221 2353 3291 κινῆσαν
2382 3221 2505 3285 τοὺς
2538 3220 2795 3290 βασιλεῖς,
2832 3219 2974 3289 λέγω
3006 3220 3068 3291 δὴ
3100 3219 3160 3273 τὸ
3191 3219 3504 3289 διαδραμεῖν
3534 3219 3699 3272 αὑτοῦ

2127 3316 2216 3370 τὸν
2255 3314 2603 3384 εὐαγγελικὸν
2636 3315 2789 3383 λόγον
2822 3315 2915 3367 καὶ
2941 3314 3034 3366 ἐπὶ
3072 3314 3139 3367 τά
3170 3312 3505 3384 πορρωτάτω
3539 3312 3685 3383 ἔθνη.

2127 3409 2236 3461 Καὶ
2269 3409 2441 3462 ταῦτα
2482 3408 2579 3478 μὲν
2616 3407 2794 3477 λόγοις
2827 3406 3140 3472 ἐθεσπίζετο
3182 3406 3347 3459 πάλαι
3370 3422 3383 3435 ·
3418 3405 3602 3477 ἔργοις
3641 3405 3699 3458 δὲ

2126 3500 2448 3573 ἐπληροῦτο,
2505 3500 2597 3552 ἐπί
2636 3500 2735 3569 τῆς
2775 3500 2853 3562 εἰς
2899 3499 3095 3562 αὐτοὺς
3128 3499 3219 3551 τοῦ
3257 3498 3504 3569 Σωτῆρος
3539 3497 3698 3568 ήμῶν

2126 3594 2392 3665 παρόδου·
2441 3593 2500 3645 ὃν
2548 3590 2847 3662 ὀφθαλμοῖς
2898 3591 3097 3654 ἰδόντες
3164 3590 3427 3643 Ἰουδαίων
3487 3589 3693 3653 παῖδες,

2126 3686 2309 3756 φωνῆς
2347 3702 2406 3737 τε
2436 3684 2599 3737 αὑτοῦ
2633 3682 3061 3745 ὑπακούσαντες,
3099 3680 3221 3734 οὕτε
3265 3681 3523 3751 συνῆκαν,
3570 3679 3692 3734 οῦτε

2124 3776 2372 3829 λαλοῦντι
2421 3775 2690 3846 παρέσχον
2720 3775 2816 3845 τὴν
2838 3774 3033 3844 ἀκοήν·
3070 3773 3209 3825 ὥστε
3241 3772 3333 3825 καὶ
3358 3771 3454 3842 τὴν
3478 3770 3687 3845 ἐμπροί-

2126 3867 2250 3921 σθεν
2282 3865 2617 3939 προφητείαν
2651 3868 2729 3928 εἰς
2745 3866 2940 3927 αὐτοὺς
2957 3862 3370 3934 πεπληρῶσθαι,
3406 3863 3503 3935 τήν
3529 3865 3695 3934 φήσα-

2125 3978 2221 4014 σαν
2242 4001 2256 4025 ,
2295 3979 2313 4012 t
2363 3961 2523 4031 Ἀκοῇ
2556 3954 2843 4021 ἁκοῦσετε,
2877 3958 2968 4011 καὶ
2996 3958 3057 4011 οὐ
3091 3957 3164 4029 μὴ
3204 3957 3434 4027 συνῆτε·
3463 3958 3557 4011 καὶ
3576 3956 3694 4029 βλέ-

2122 4067 2312 4113 ποντες
2344 4048 2589 4120 βλέψετε,
2619 4047 2788 4101 καίοὑ
2821 4046 2895 4117 μὴ
2920 4046 3086 4116 ἴδητε.
3104 4064 3123 4097 ι

2644 4139 3032 4193 ΚΕΦΑΛΑΙΟΝ
3074 4137 3197 4192 ΝΡ.

2194 4252 2212 4286 t
2242 4231 2434 4307 Κύριε,
2466 4230 2549 4295 τίς
2587 4230 2871 4283 ἐπίστευσε
2900 4231 2965 4301 τῇ
2990 4230 3128 4301 ἀκοῇ
3165 4228 3355 4301 ήμῶν;
3391 4229 3483 4283 καὶ
3508 4230 3537 4283 ό
3565 4228 3693 4302 βρα-

2118 4327 2249 4399 χίων
2277 4327 2483 4399 Κυρίου
2521 4327 2627 4379 τίνι
2667 4321 3062 4394 ἀπεκαλύφθης
3106 4342 3124 4375 ι
3168 4322 3689 4394 Ἀποθαυμαστικῶς

2118 4421 2166 4472 οι
2202 4418 2295 4472 τοῦ
2344 4418 2479 4471 Θεοῦ
2522 4417 2817 4489 προφῆται,
2865 4416 2965 4487 τὴν
3021 4414 3274 4468 ἀπιστίαν
3315 4414 3550 4486 δρῶντες
3589 4414 3687 4468 τοῦ

2132 4510 2398 4564 Ἰουδαίων
2431 4509 2634 4572 ἔθνους,
2669 4509 2767 4580 τήν
2790 4524 2850 4560 τε
2889 4507 2997 4560 τῶν
3029 4506 3194 4559 ἐθνῶν
3229 4507 3562 4579 ἐπιστροφὴν
3592 4508 3691 4562 καὶ

2121 4602 2363 4673 ὑπακοὴν
2417 4600 2701 4672 θεώμενοι,
2745 4600 2897 4654 ταῦτ’
2925 4599 3130 4667 ἔλεγον.
3181 4599 3449 4671 Βραχίονα
3488 4600 3543 4653 δὲ
3593 4598 3689 4654 τοῦ

2119 4695 2252 4748 Θεοῦ
2289 4693 2541 4761 λέγεσθαι
2561 4693 2651 4745 τὸν
2678 4692 2935 4764 μονογενῆ
2956 4690 3104 4753 Υἰὸν,
3139 4691 3393 4754 πολλάκις
3414 4689 3694 4756 ἀπεδείξαο

2118 4802 2248 4857 μεν·
2280 4785 2337 4847 ὃς
2371 4786 2503 4837 πᾶσι
2559 4787 2670 4847 τοῖς
2712 4785 2790 4847 είς
2820 4783 2980 4836 αὑτὸν
3012 4783 3433 4836 πεπιστευκόσιν
3478 4782 3690 4837 ἔθνεσιν

2118 4874 2368 4945 ἐγνώσθη
2410 4876 2521 4937 τοῖς
2556 4876 2863 4945 προφήταις
2900 4872 3228 4935 ἀκολούθως.
3268 4891 3286 4923 t
3336 4871 3690 4943 Ἀνηγγείλαι

2118 4984 2219 5037 μεν
2240 4982 2251 4993 ·
2289 4966 2363 5029 ὡς
2397 4965 2609 5019 παιδίον
2638 4964 2877 5017 ἐναντίον
2919 4963 3116 5017 αὐτοῦ·
3151 4963 3225 5026 ὡς
3268 4962 3392 5033 ῥίζα
3426 4965 3482 5016 ἐν
3516 4967 3588 5034 γῇ
3610 4964 3691 5018 δι-

2114 5056 2292 5130 eam.
2323 5060 2436 5111 Οὐκ
2464 5057 2609 5110 ἐστιν
2637 5055 2777 5119 εἶδος
2809 5055 2978 5127 αὐτῷ,
3017 5055 3136 5108 οὐδὲ
3166 5055 3319 5121 δόξα·
3356 5055 3448 5108 καὶ
3474 5056 3689 5127 εἴδομεν

2116 5150 2297 5213 αὑτὸν,
2335 5150 2426 5203 καὶ
2467 5151 2567 5202 οὐκ
2606 5145 2749 5218 εἶχεν
2778 5143 2937 5211 εἶδος,
2974 5146 3099 5200 οὔτε
3135 5146 3347 5210 κάλλος.
3390 5166 3408 5199 ι
3445 5147 3553 5218 Γῆν
3588 5148 3690 5217 μὲν

2116 5242 2311 5296 ἄϐατον
2352 5242 2717 5312 αἰνιττόμενος
2756 5240 2852 5311 τὴν
2872 5238 3167 5310 Παρθένον,
3199 5236 3265 5310 ἦς
3294 5238 3467 5302 οὐδεὶς
3498 5240 3686 5293 ἐπιϐέε-

2115 5334 2309 5406 δηκεν·
2339 5333 2492 5404 ῥίζαν
2519 5332 2575 5385 δὲ
2602 5333 2699 5403 τὴν
2729 5333 2962 5403 ἐκείνην,
2996 5332 3123 5401 περί
3154 5328 3221 5403 ἧς
3240 5330 3477 5400 ἐλέγετο,
3514 5349 3533 5381 t
3572 5330 3689 5395 Ἐξ-

2119 5425 2392 5478 ελεύσεται
2425 5426 2619 5497 ῥάϐδος
2647 5428 2714 5479 ἐκ
2742 5426 2838 5495 τῆς
2858 5423 3015 5495 ῥίζης
3052 5424 3267 5487 Ἰεσσαὶ,
3296 5420 3389 5477 καὶ
3422 5421 3581 5485 ἄνθος
3623 5426 3687 5476 ἐιι

2114 5517 2212 5588 τῆς
2258 5517 2411 5588 ῥίζης
2460 5518 2814 5587 ἀναϐήσεται.
2865 5536 2883 5568 ι
2931 5517 3106 5570 Κάκεῖ
3159 5515 3266 5586 γὰρ
3319 5514 3686 5586 ἀναεήσεσθαι

2108 5609 2379 5681 ἐδηλοῦτο,
2428 5608 2541 5661 ἀλλ’
2576 5611 2692 5662 ἐκεῖ
2738 5610 2836 5680 μὲν
2882 5610 2946 5661 ἐκ
2995 5609 3094 5677 τῆς
3135 5608 3291 5679 ῥίζης
3332 5606 3551 5671 Ἰεσσαὶ,
3599 5608 3687 5663 ἐνι-

2108 5700 2281 5755 ταῦθα
2315 5701 2371 5755 δὲ
2406 5701 2513 5757 ἀπὸ
2538 5702 2636 5773 τῆς
2669 5703 2871 5757 ἀϐάτου
2897 5701 2997 5772 γῆς
3033 5701 3127 5772 τῆς
3154 5698 3507 5772 δηλωθείσης.
