3968 6508
256 420 370 479 457

1177 422 1671 480 COMMENTARIA
1713 422 1779 478 lN
1820 418 2074 475 lSAlAM.
2120 447 2184 455 —
2227 416 2376 468 CAP.
2422 415 2551 467 Llii.

3386 423 3485 475 458

334 555 355 591 t
390 536 553 591 Ἀλλά
584 536 645 590 τὸ
672 532 807 601 εἶδος
841 538 1009 592 αὑτοῦ
1036 539 1247 609 ἄτιμον,
1272 541 1365 593 καὶ
1394 542 1640 593 ἐκλεῖπον
1676 538 1815 609 παρά

1996 535 2159 589 Vens.
2187 536 2241 596 5,
2272 534 2326 587 4.
2367 552 2384 585 ι
2412 532 2516 587 Sed
2548 534 2754 600 species
2781 534 2898 603 ejus
2927 535 3244 589 inhonorata
3270 544 3321 589 et
3356 536 3490 589 deli-

246 632 382 695 τοὺς
417 633 568 694 υἱοὺς
594 631 701 685 τῶν
726 631 1045 705 ἀνθρώπων.
1081 632 1399 704 ’Ἄνθρωπος
1434 634 1490 684 ἐν
1522 632 1701 702 πληγῇ
1727 630 1822 695 ὢν,

249 722 350 777 καὶ
374 720 534 783 εἰδὼς
551 721 735 793 φέρειν
756 722 1045 791 μαλακίαν,
1064 723 1143 776 ὅτι
1165 724 1542 794 ἀπέστραπται
1576 723 1635 775 τὸ
1654 724 1758 795 πρό
1769 742 1823 775 σ-

245 828 403 865 ωπον
439 811 627 873 αὑτοῦ,
658 812 955 885 ἠτιμάσθη,
998 814 1088 867 καὶ
1127 816 1225 868 οὐκ
1253 814 1523 886 ἐλογίσθη.
1543 808 1706 880 Οὗτος
1729 816 1824 879 τὰς

246 902 536 974 ἁμαρτίας
563 902 718 973 ἡμῶν
747 904 920 977 φέρει,
962 904 1057 958 καὶ
1081 905 1209 976 περὶ
1242 906 1397 977 ἡμῶν
1422 906 1702 960 ὀδυνᾶταισ
1731 909 1823 960 καὶ

244 994 418 1064 ἡμεῖς
465 994 829 1064 ἐλογισάμεθα
875 994 1036 1047 αὐτὸν
1093 991 1230 1049 εἶναι
1282 997 1338 1047 ἐν
1391 995 1572 1065 πόνῳ,
1633 997 1725 1049 καὶ
1766 999 1823 1049 ἐν

248 1084 462 1155 πληγῇ,
493 1088 589 1139 καὶ
616 1088 673 1138 ἐν
701 1085 962 1140 κακώσει.
999 1106 1016 1137 ι
1061 1088 1368 1141 Κοινοποιεῖ
1396 1088 1450 1140 δὲ
1480 1092 1508 1141 ὁ
1542 1091 1821 1159 προφήτης

247 1178 676 1246 συγκαταλέγων
709 1178 803 1230 καὶ
852 1179 1041 1231 ἑαυτὸν
1068 1179 1153 1232 διὰ
1179 1179 1580 1251 φιλανθρωπίαν
1608 1185 1717 1245 τοῖς
1748 1184 1821 1253 μὴ

152 1332 155 1333 ν
247 1268 636 1340 λογισαμένοις
672 1268 765 1322 τὸν
797 1271 1057 1341 Σωτῆρα·
1097 1272 1210 1325 Οὐκ
1247 1272 1606 1344 ἐλογισάμεθα
1639 1275 1819 1337 αὐτὸν,

246 1359 372 1413 οὐδὲ
399 1360 939 1431 προσεποιησάμεθα,
970 1362 1089 1415 οὐδὲ
1129 1365 1457 1435 ἐννοήσαμεν
1478 1366 1560 1429 τίς
1583 1383 1711 1419 ποτε
1732 1362 1816 1436 ἦν.

257 1453 321 1506 '0
337 1452 393 1505 δέ
410 1449 479 1523 ἦν
507 1452 658 1523 ἀραὸ
676 1453 784 1507 τῶν
806 1455 1087 1527 ἡμετέρων
1110 1456 1294 1527 ψυχῶν
1318 1459 1526 1530 Σωτὴρ,
1560 1461 1821 1531 ἰατρεύων

246 1539 451 1601 αὐτῶν,
488 1540 583 1592 καὶ
625 1539 900 1611 καθαίρων
947 1543 1125 1615 πάσης
1155 1545 1449 1617 ἁμαρτίας.
1493 1548 1630 1600 Ἀλλ’
1662 1550 1819 1620 ἡμεῖς

250 1629 352 1701 μὲν
377 1625 468 1683 οἷα
492 1632 673 1701 νήπιοι
695 1633 897 1703 ταύτην
921 1634 1137 1704 εἴχομεν
1172 1639 1297 1709 περὶ
1318 1637 1482 1692 αὐτοῦ
1513 1640 1610 1711 τὴν
1635 1640 1815 1707 δόξαν·

248 1723 276 1773 δ
307 1721 364 1774 δέ
392 1720 568 1774 ταῦτα
595 1724 770 1777 πάντα
799 1723 1002 1794 ἔπασχε
1031 1725 1097 1778 δι’
1128 1726 1307 1797 ἡμῶν,
1357 1730 1444 1783 ἴνα
1482 1732 1631 1801 ἡμᾶς
1672 1732 1818 1786 ἐλευ-

244 1809 467 1883 θερώσῃ
496 1810 678 1883 πάσης
706 1812 998 1883 ἁμαρτίας.

325 2002 342 2035 ι
382 1985 559 2049 ante;
587 1986 643 2040 δὲ
670 1988 1074 2064 ἐτραυματίσθη
1106 1991 1193 2046 διὰ
1220 1992 1318 2055 τὰς
1348 1995 1616 2066 ἁμαρτίας
1640 1999 1815 2069 ἡμῶν,

236 2076 342 2128 καὶ
391 2078 795 2148 μεμαλάκισται
842 2080 931 2134 διὰ
970 2083 1067 2147 τὰς
1104 2084 1332 2155 ἀνομίας
1375 2086 1550 2157 ἡμῶν.
1597 2090 1818 2143 Παιδεία

246 2170 472 2240 εἰρήνης
510 2171 666 2242 ἡμῶν
700 2174 785 2227 ἐπ’
815 2175 1003 2231 αὐτόν’
1061 2177 1139 2248 τῷ
1174 2178 1399 2249 μώλωπι
1450 2180 1614 2234 αὐτοῦ
1662 2182 1820 2253 ἡμεῖς

252 2260 503 2331 ῑάθημεν.
545 2282 564 2315 ο
597 2264 727 2316 Τότε
764 2264 893 2333 γοῦν
927 2267 1021 2320 καὶ
1053 2270 1337 2341 σὐνετρίόη
1370 2274 1462 2325 καὶ⁸
1487 2272 1817 2343 ἐϐεὸηλώθη,

246 2353 389 2406 κατά
415 2354 509 2406 τὸν
547 2355 797 2418 Ἀκύλαν,
833 2358 927 2411 καὶ¹
954 2359 1127 2413 πάντα
1154 2362 1220 2415 τὰ
1255 2364 1504 2435 χείριστα
1534 2366 1817 2436 ὑπέμεινε,

246 2445 307 2498 οὐ
337 2446 427 2499 διά
452 2464 598 2510 τινος
624 2448 835 2512 οἰκείας
863 2451 1155 2522 ἁμαρτίας,
1200 2453 1287 2507 διὰ
1315 2454 1371 2508 δὲ
1399 2454 1498 2519 τὰς
1526 2457 1816 2528 ἡμετέρας.

246 2535 354 2589 Καὶ
387 2536 612 2603 γέγονεν
642 2538 675 2607 ἡ
711 2538 922 2592 παιδεία
942 2540 1040 2609 τῆς
1066 2542 1285 2614 εἰρήνης
1323 2545 1477 2616 ἡμῶν
1507 2547 1591 2599 ἐπ’
1617 2548 1813 2601 αὐτόν’

246 2628 389 2697 ὅπερ
421 2628 531 2699 γὰρ
566 2627 732 2700 ἐχρῆν
762 2631 911 2701 ἡμᾶς
940 2632 1132 2687 παθεῖν
1156 2635 1575 2707 παιδευομένους
1609 2638 1695 2691 διὰ
1722 2639 1818 2704 τὰς

245 2718 521 2789 ἁμαρτίας
547 2721 644 2785 τὰς
673 2724 964 2796 ἡμετέρας,
999 2725 1151 2781 ταῦτ’
1191 2728 1277 2781 ἐπ’
1312 2727 1472 2782 αὑτὸν
1488 2724 1648 2800 ἦλθεν
1682 2732 1818 2804 ὑπὲρ

246 2809 343 2879 τῆς
369 2813 645 2884 ἡμετέρας
662 2816 883 2887 εἰρήνης
897 2819 995 2888 τῆς
1025 2818 1157 2889 πρὸς
1173 2819 1320 2873 Θεόν.
1352 2822 1502 2875 Ἐπεὶ
1518 2824 1607 2877 καὶ
1629 2824 1815 2894 μώλω-

248 2918 354 2965 πας
398 2904 548 2968 εἰκὸς
588 2900 658 2976 ἦν
685 2907 848 2960 αὑτὸν
892 2907 1078 2979 φέρειν
1111 2909 1252 2963 κατά
1292 2911 1387 2965 τοῦ
1436 2912 1685 2984 σώματος
1728 2917 1819 2969 καὶ⁸

244 2991 556 3063 τραύματα,
592 2997 923 3068 τυπτόμενον
966 3001 1059 3053 καὶ
1101 3002 1554 3073 μαστιγούμενον,
1597 3006 1819 3071 καὶτὰς

236 3081 390 3152 ὄψεις
417 3085 801 3158 ῥαπιζόμενον,
837 3092 937 3163 τήν
972 3108 1031 3144 τε
1063 3092 1301 3165 κεφαλὴν
1329 3094 1557 3167 καλάμῳ
1590 3098 1817 3169 παιόμε-

242 3195 348 3231 νον,
392 3178 541 3248 Πλὴν
574 3181 621 3233 οξ
664 3180 928 3251 μώλωπες
969 3175 1113 3237 οὗτοι
1161 3176 1405 3258 σωτῆρες
1453 3182 1591 3259 ἦσαν
1637 3190 1811 3259 ἡμῶν.

246 3289 267 3319 ‹
303 3269 395 3339 Τῷ
425 3289 444 3320 ι
473 3269 582 3342 γάρ
620 3291 637 3322 ι
684 3272 909 3343 μώλωπι
948 3274 1111 3328 αὐτοῦ
1138 3276 1299 3346 ’ἡμεῖς
1334 3278 1581 3349 ίάθημεν.
1613 3300 1630 3332 ι
1662 3281 1816 3346 Τίνες

238 3358 295 3412 δέ
316 3361 481 3431 ἡμεῖς
504 3361 618 3414 ἀλλ’
641 3362 672 3434 ἦ
700 3365 746 3416 οἱ
774 3363 940 3419 πάλαι
967 3365 1343 3436 πλανηθέντες,
1371 3371 1464 3422 καὶ
1499 3369 1571 3441 μὴ
1602 3371 1817 3439 λογισά-

243 3467 391 3520 μενοι
416 3449 600 3518 αὑτὸν,
630 3453 762 3523 μηδὲ
793 3455 1061 3520 συνιέντες
1091 3454 1172 3522 τίς
1206 3476 1332 3512 ποτε
1370 3455 1477 3530 ἦνς

314 3690 335 3722 ι
369 3672 583 3736 Πάντες
615 3690 691 3737 ως
719 3674 970 3745 πρόϐατα
998 3677 1381 3750 ἐπλανήθημεν
1401 3696 1415 3710 ο
1444 3680 1727 3752 ἄνθρωπος
1748 3684 1814 3751 τῇ

226 3763 341 3833 όόᾧ
376 3762 543 3818 αὐτοῦ
596 3765 892 3838 ἐπλανήθη.
929 3769 1038 3823 Καὶ
1066 3769 1268 3841 Κύριος
1305 3772 1618 3842 παρέδωκεν
1656 3772 1818 3828 αὐτὸν

232 3858 359 3920 ταῖς
384 3856 685 3927 ἁμαρτίαις
711 3858 897 3929 ἡμῶν⁸
928 3862 1022 3916 καὶ
1052 3862 1211 3927 αὐτὸς
1251 3864 1339 3918 διά
1385 3865 1445 3917 τὸ
1468 3865 1816 3921 κεκακῶσθαι

232 3947 337 4002 οὐκ
357 3948 569 4016 ἀνοίγει
592 3950 654 4003 τὸ
677 3951 848 4022 στόμα
871 3952 1057 4005 αὐτοῦ’
1077 3953 1152 4016 ὼς
1183 3953 1458 4024 πρόϐατον
1491 3955 1581 4008 ἐπὶ
1606 3957 1817 4028 σφαγὴν

236 4038 407 4111 ἢχθη,
437 4039 533 4093 καὶ
562 4040 637 4105 ὡς
667 4042 838 4113 ἀμνὸς
870 4043 1110 4098 ἐναντίον
1150 4043 1245 4097 τοῦ
1284 4045 1556 4115 κείροντος
1581 4046 1813 4116 ἄφωνος,

226 4131 414 4194 οὕτως
440 4132 543 4185 οὐκ
568 4133 772 4203 ἀνοίγει
802 4136 863 4189 τὺ
889 4143 1079 4208 στόμα.
1114 4156 1132 4190 ι
1163 4138 1354 4201 ’Ἄλλος
1384 4139 1493 4211 γάρ
1512 4138 1674 4211 ἄλλην
1696 4141 1815 4194 ὁδὸν

239 4223 449 4277 ὥδευσε
505 4224 733 4296 πλάνης.
786 4228 1017 4301 διάφορα
1073 4231 1200 4301 περὶ
1244 4230 1409 4285 αὑτοῦ
1458 4232 1551 4286 καὶ
1600 4233 1815 4287 ἐναντία

235 4314 473 4387 δοξάσης
494 4334 507 4347 ·
542 4317 622 4388 τῷ
656 4319 713 4372 δὲ
759 4321 866 4392 ἄρα
899 4322 999 4375 οὐκ
1036 4322 1185 4376 ἀθεεὶ
1208 4322 1417 4392 ἐγίνετο
1437 4323 1506 4377 τὰ
1534 4323 1811 4394 γινόμενα.

239 4408 413 4471 Αὐτὸς
437 4407 547 4480 γὰρ
564 4410 758 4464 ἐαυτὸν
781 4413 1064 4483 παρεδίδου
1086 4413 1115 4465 ὁ
1131 4414 1334 4486 Κύριος
1357 4414 1499 4486 ὑπὲρ
1522 4415 1627 4469 τῶν
1648 4417 1816 4489 ἁμαρ-

236 4500 371 4553 τιῶν
416 4500 595 4571 ἡμῶν,
644 4502 729 4556 ἵνα
770 4504 990 4575 γένηται
1033 4505 1325 4577 ἀντίψυχον
1365 4506 1459 4561 καὶ
1501 4508 1813 4580 ἀντίλυτρον

1848 1901 1890 1954 Β

1842 3230 1886 3290 C

1933 625 2082 679 ciens
2109 639 2219 693 prae
2245 622 2366 678 ﬁliis
2398 623 2693 679 hominum.
2724 621 2895 677 Ilomo
2928 624 2980 677 in
3009 624 3160 695 piaga
3199 625 3489 691 exsistens,

1932 727 1985 771 et
2015 716 2190 770 sciens
2223 715 2365 770 ferre
2397 713 2764 768 inﬁrmitatem
2799 733 2813 769 :
2847 716 2970 783 quia
3015 731 3236 771 aversus
3266 726 3349 771 est
3375 718 3486 771 vul-

1932 818 2018 860 tus
2040 805 2175 872 ejus,
2209 804 2495 872 despectus
2534 813 2588 855 et
2633 817 2735 856 non
2769 812 3063 870 reputatus.
3113 802 3230 874 Ipse
3268 815 3485 875 peccata

1931 907 2109 952 nostra
2144 906 2358 965 portat,
2391 905 2444 949 et
2470 909 2573 963 pro
2602 896 2754 949 nobis
2783 896 2927 949 dolet
2953 915 2966 950 :
2995 905 3049 950 et
3086 914 3182 952 nos
3224 901 3486 967 reputavi-

1931 1000 2048 1039 mus
2085 999 2204 1038 eum
2251 998 2371 1036 esse
2411 985 2461 1035 in
2516 983 2715 1045 dolore,
2766 994 2819 1037 et
2868 986 2919 1037 in
2957 986 3128 1053 plaga,
3174 995 3227 1039 et
3262 986 3316 1039 in
3349 985 3484 1039 alni-

1929 1074 2127 1128 czione.
2161 1094 2179 1123 ι
2216 1072 2270 1127 lu
2303 1074 2570 1127 communi
2603 1074 2860 1142 propheta
2914 1075 3168 1142 loquitur,
3219 1092 3336 1131 sese
3378 1094 3485 1145 pne

1931 1166 2281 1218 humanitatis
2324 1162 2517 1217 affectu
2555 1165 2617 1217 iis
2647 1179 3073 1225 connumerans,
3124 1168 3213 1234 qui
3244 1168 3482 1222 Salvato-

1931 1270 2040 1309 rem
2100 1270 2201 1308 non
2259 1263 2642 1321 reputaverunt
2686 1271 2699 1307 :
2754 1253 2866 1308 Non
2924 1257 3289 1324 reputavimus
3341 1273 3484 1321 eum,

1928 1363 2103 1418 neque
2135 1350 2307 1417 ipsum
2338 1348 2488 1402 nobis
2516 1349 2864 1414 adscivimus,
2912 1364 3087 1419 neque
3132 1349 3485 1420 cogitavimus

1927 1441 2047 1508 quis
2074 1449 2235 1495 esset.
2272 1438 2392 1507 Ipse
2417 1454 2541 1493 vero
2567 1438 2867 1492 animarum
2902 1450 3203 1491 nostrarum
3233 1437 3481 1492 Servatot

1926 1541 2065 1594 erat,
2095 1546 2123 1584 a
2155 1530 2459 1584 vulneribus
2489 1543 2714 1591 curans,
2748 1540 2801 1584 et
2829 1543 3063 1598 purgans
3094 1530 3158 1579 ab
3193 1528 3335 1580 omni
3368 1543 3487 1596 pec-

1926 1629 2064 1674 cato.
2124 1619 2227 1673 Sed
2283 1633 2380 1672 nos
2435 1619 2673 1687 quidem,
2729 1628 2910 1686 utpote
2959 1617 3206 1680 infantes,
3257 1635 3372 1671 eam
3424 1622 3485 1673 de

1927 1710 2017 1765 illo
2047 1711 2332 1764 habuimus
2378 1709 2833 1763 existimationem
2878 1728 2891 1762 :
2938 1709 3023 1763 ille
3059 1725 3187 1762 vero
3230 1710 3342 1764 lnec
3372 1726 3485 1762 om-

1926 1803 2012 1856 nia
2076 1818 2172 1873 per
2236 1817 2335 1856 nos
2391 1816 2582 1870 passus
2647 1811 2766 1864 est.
2819 1810 2877 1854 ut
2943 1816 3040 1855 nos
3100 1800 3356 1854 liberaret
3420 1802 3485 1854 ab

1924 1894 2069 1948 Omni
2104 1902 2344 1961 peccato.

1994 1985 2157 2038 Vens.
2184 1984 2236 2039 5.
2275 2003 2291 2033 ι
2319 1983 2435 2053 Ipse.
2459 1992 2638 2038 autem
2667 1982 2978 2036 vulneratus
3009 1992 3089 2035 est
3116 1991 3332 2050 propter
3362 1997 3481 2050 pec-

1919 2082 2039 2128 cata
2082 2084 2286 2133 nostra,
2338 2082 2393 2126 et
2445 2072 2750 2127 infirmatus
2798 2080 2879 2125 est
2920 2082 3138 2140 propter
3173 2072 3483 2141 iniquitates

1921 2173 2151 2218 nostras.
2215 2163 2502 2230 Disciplina
2550 2162 2699 2230 pacis
2743 2172 2937 2218 nostra).
2986 2179 3148 2230 super
3198 2179 3317 2216 cum
3352 2182 3366 2217 :
3402 2166 3482 2217 vi-

1920 2255 2038 2310 bice
2086 2256 2204 2325 ejus
2252 2255 2424 2309 sanati
2470 2270 2682 2310 sumus.
2718 2273 2735 2305 ι
2775 2256 2927 2310 Tunc
2954 2256 3115 2325 igitur
3138 2256 3404 2310 contritus
3428 2266 3482 2311 et

1920 2347 2231 2416 profanatus
2286 2358 2403 2410 est,
2466 2348 2758 2402 secundum
2804 2347 3069 2416 Aquilam,
3126 2362 3188 2402 ac
3240 2348 3478 2416 pessima

1920 2454 2143 2508 quicque
2171 2453 2458 2508 perpessus
2503 2450 2606 2503 est,
2652 2455 2757 2494 non
2787 2440 2855 2494 ob
2895 2442 3166 2509 proprium
3208 2442 3479 2509 quoddam

1921 2540 2219 2599 peccatum,
2245 2531 2336 2585 sed
2371 2531 2440 2586 ob
2483 2540 2697 2601 peccata
2729 2541 2934 2586 nostra.
2978 2532 3040 2586 Et
3074 2532 3171 2585 fuit
3201 2533 3480 2602 disciplina

1922 2624 2067 2689 pacis
2108 2633 2303 2677 nostrae
2329 2638 2493 2691 super
2519 2638 2640 2676 eum
2668 2641 2685 2690 ;
2740 2639 2860 2675 cum
2891 2639 2957 2676 ea
2985 2639 3104 2692 qme
3141 2624 3210 2679 ob
3262 2635 3479 2694 peccata

1922 2724 2107 2768 nostra
2141 2728 2238 2768 nos
2281 2714 2483 2781 perpeti
2517 2728 2650 2782 opus
2681 2725 2822 2773 erat.
2853 2716 2964 2768 haec
3008 2715 3104 2782 ipsi
3153 2730 3480 2780 supervene-

1922 2813 2047 2858 runt
2075 2818 2170 2873 pro
2192 2817 2321 2871 pace
2352 2813 2532 2857 nostra
2560 2818 2681 2857 cum
2711 2803 2822 2858 Deo
2846 2803 3183 2856 stabilienda.
3214 2804 3478 2868 Quoniam

1920 2904 1973 2948 et
2006 2895 2267 2949 vibicibus
2318 2904 2371 2947 et
2426 2893 2739 2948 vulneribus
2791 2903 2902 2947 tom
2954 2908 3179 2963 corpore
3228 2905 3477 2948 onustum

1920 2984 2087 3039 fuisse
2117 2983 2408 3039 verisimile
2438 2994 2539 3047 est,
2586 2992 2764 3052 utpote
2808 2983 2900 3053 qui
2939 2998 3246 3051 percussus,
3290 2984 3478 3053 ﬂagel-

1922 3075 2083 3139 latus,
2116 3075 2167 3128 in
2214 3074 2347 3128 l’acie
2378 3073 2617 3140 colaphis
2651 3088 2843 3133 caesus,
2875 3083 2924 3127 et
2968 3073 3019 3126 in
3067 3074 3242 3141 capite
3271 3076 3479 3129 ealamo

1919 3182 2204 3238 percussus
2260 3166 2441 3220 fuerit.
2490 3167 2751 3221 Caeterum
2803 3166 3001 3219 vibices
3040 3166 3343 3236 hujusmodi
3394 3181 3480 3219 sa-

1920 3261 2014 3316 luti
2068 3259 2220 3313 uobis
2271 3268 2424 3314 erant
2473 3278 2487 3312 :
2541 3275 2662 3311 nam
2718 3259 2933 3312 «vibice
2985 3258 3098 3327 ejus
3152 3274 3249 3312 nos
3302 3260 3476 3313 sanati

1918 3370 2120 3409 smnus.
2157 3373 2173 3404 ι
2219 3351 2322 3406 Nos
2370 3366 2517 3415 vero,
2571 3352 2812 3419 quinam,
2865 3351 2963 3405 nisi
3010 3350 3097 3418 qui
3150 3352 3277 3404 olim
3326 3367 3478 3404 erra-

1918 3447 2114 3509 vimus,
2146 3459 2242 3497 nec
2298 3442 2659 3512 reputavimus
2707 3458 2854 3506 eum,
2904 3458 3077 3512 neque
3127 3444 3478 3514 cognovimus

1916 3538 2037 3608 quis
2061 3537 2242 3593 esset?

1990 3674 2152 3730 Vens.
2172 3675 2227 3735 6,
2254 3675 2302 3726 7.
2338 3693 2363 3726 4
2384 3672 2581 3729 Omnes
2608 3671 2761 3741 quasi
2794 3685 2919 3726 oves
2943 3670 3242 3726 erravimus
3266 3685 3281 3734 ;
3312 3670 3477 3725 homo

1919 3768 1971 3824 iu
2000 3769 2082 3823 via
2127 3782 2222 3822 sua
2255 3768 2478 3822 erravit.
2522 3766 2583 3821 Et
2614 3764 2877 3820 Dominus
2917 3764 3140 3817 tradidit
3185 3779 3309 3818 eum
3354 3778 3479 3833 pec-

1918 3860 2053 3915 catis
2080 3862 2282 3916 nostris
2311 3876 2326 3914 :
2359 3868 2417 3914 et
2447 3860 2558 3929 ipse
2588 3868 2812 3928 propter
2844 3854 3180 3909 aﬂlictionem
3222 3870 3327 3909 nou
3352 3869 3479 3924 ape-

1919 3951 1991 4006 rit
2046 3967 2108 4006 os
2155 3966 2332 4007 suum.
2363 3950 2521 4007 Sicut
2558 3951 2675 4004 ovis
2700 3949 2767 4003 ad
2798 3948 3133 4021 occisionem.
3156 3947 3348 4002 ductus
3370 3957 3475 4013 est,

1917 4053 1972 4097 et
2020 4044 2160 4098 sicut
2208 4057 2376 4112 agnus
2413 4056 2595 4097 coram
2640 4039 2890 4094 tondente
2919 4039 3037 4093 sine
3064 4052 3215 4101 voce,
3262 4038 3338 4091 sic
3369 4054 3474 4092 non

1916 4135 2091 4203 aperit
2115 4148 2197 4188 os.
2228 4154 2248 4187 ι
2277 4133 2432 4189 Alius
2459 4133 2621 4187 aliam
2649 4131 2773 4187 iniit
2799 4132 2941 4185 viam
2975 4131 3198 4195 erroris,
3242 4131 3365 4199 quia
3409 4132 3476 4186 de

1918 4224 2008 4279 illo
2049 4225 2197 4278 varia
2243 4232 2296 4279 et
2334 4224 2603 4279 contraria
2650 4216 2956 4287 sentiebat;
3002 4232 3059 4275 at
3103 4222 3177 4275 illi
3218 4237 3324 4277 non
3355 4223 3476 4278 sine

1915 4330 2079 4386 scopo
2126 4325 2181 4371 et.
2213 4315 2317 4370 line
2346 4318 2575 4385 quodam
2621 4316 2734 4369 haec
2760 4323 3070 4369 evenerunt.
3105 4313 3222 4384 Ipse
3244 4331 3477 4385 namque

1916 4408 2172 4464 Dominus
2209 4421 2329 4464 sese
2356 4408 2572 4462 tradidit
2601 4420 2699 4476 pro
2739 4406 2975 4477 peccatis
3015 4407 3233 4469 nostris,
3276 4415 3334 4459 ut
3377 4421 3476 4475 pro

1916 4500 2217 4555 animarum
2261 4508 2571 4555 nostrarum
2618 4498 2984 4568 redemptione
3030 4499 3258 4568 pretium
3309 4510 3473 4556 esset.

238 4591 417 4662 ἡμῶν.
447 4592 605 4647 Οὖτω
620 4593 728 4664 γάρ
754 4595 845 4649 καὶ
887 4597 1083 4667 Ἀμνδς
1103 4598 1197 4651 τοῦ
1228 4598 1362 4651 Θεοῦ
1389 4598 1626 4668 γέγονεν,
1644 4601 1814 4673 αἴρων

1921 4592 2008 4648 Sic
2051 4594 2193 4647 enim
2233 4601 2287 4647 et
2326 4592 2510 4663 Agnus
2536 4591 2633 4647 Dei
2664 4590 2838 4646 factus
2866 4600 2970 4654 est,
3019 4591 3108 4659 qui
3143 4590 3279 4645 tollit
3314 4603 3476 4660 atque

238 4685 336 4737 καὶ
371 4684 784 4757 περικαθαίρων
819 4686 917 4755 τὴν
950 4688 1221 4761 ἁμαρτίαν
1260 4690 1351 4744 τοῦ
1385 4691 1609 4762 κόσμου.
1661 4693 1717 4746 '0
1758 4693 1813 4746 δὲ

1921 4696 2107 4756 purgat
2128 4696 2406 4755 peccatqu
2432 4685 2634 4738 mundi.
2662 4684 3019 4755 Symmachus
3042 4694 3245 4745 autem,
3274 4703 3292 4736 ι
3320 4682 3477 4739 Obla-

239 4775 560 4848 Σύμμαχος.
608 4795 627 4827 ι
661 4776 1046 4850 Προσηνὲχθη,
1094 4782 1248 4850 φησὶ,
1331 4782 1422 4836 καὶ
1467 4784 1627 4848 αὐτὸς
1669 4784 1812 4856 ὑπή-

1917 4786 2003 4832 tus
2041 4787 2148 4839 est,
2188 4778 2293 4843 ait,
2343 4786 2398 4831 et
2440 4777 2552 4845 ipse
2588 4777 2844 4831 obedlvit.
2877 4794 2896 4828 ι
2944 4776 3041 4831 Cui
3089 4793 3219 4833 vero
3262 4778 3475 4833 oblatus

236 4884 423 4923 κουσε.
457 4889 475 4920 ι
516 4868 631 4923 Τίνι
662 4870 717 4922 δὲ
743 4871 1084 4943 προσηνέχθη
1110 4873 1223 4926 ἀλλ’
1261 4874 1293 4944 ἢ
1323 4874 1401 4945 τῷ
1432 4876 1675 4947 Πιλάτῳ;
1704 4879 1813 4931 Καὶ

1921 4878 2015 4934 est,
2052 4868 2151 4923 nisi
2190 4869 2397 4923 Pilato?
2436 4868 2503 4923 Et
2534 4870 2658 4937 quia
2688 4878 2969 4924 accusatus
2999 4871 3183 4933 tacuit.
3228 4882 3283 4925 et
3320 4870 3474 4926 falsis

240 4961 427 5032 ἐπειδὴ
449 4961 921 5033 κατηγορούμενος
951 4963 1179 5031 ἐσιώπα,
1215 4967 1306 5019 καὶ
1333 4967 1807 5039 ψευδομαρτυρού-

244 5070 400 5123 μενος
428 5054 578 5108 οὐδὲν
603 5054 950 5126 ἀπεκρίνατο,

313 5207 332 5240 ε
386 5191 475 5243 Ἐν
502 5192 569 5261 τῇ
603 5189 840 5244 κακώσει
875 5192 907 5261 ἠ
944 5190 1123 5262 κρίσις
1161 5192 1326 5245 αὐτοῦ
1358 5192 1520 5265 ἤρθη.
1563 5194 1673 5265 Τὴν
1711 5214 1803 5265 γε-

242 5280 365 5335 νεὰν
392 5281 559 5334 αὐτοῦ
579 5282 661 5343 τίς
691 5282 1005 5353 διηγήσεται
1031 5299 1047 5349 ;
1075 5284 1192 5338 Ὅτι
1220 5284 1433 5355 αἴρεται
1467 5286 1572 5339 ἀπὸ
1592 5286 1688 5356 τῆς
1706 5291 1807 5359 γῆς

204 5394 221 5439 λ
242 5371 274 5440 ἡ
292 5368 403 5441 ζωὴ
428 5371 614 5424 αὐτοῦ·
650 5372 755 5427 ἀπὸ
779 5372 884 5425 τῶν
907 5374 1142 5444 ἀνομιῶν
1161 5375 1253 5428 τοῦ
1285 5375 1413 5429 λαοῦ
1450 5395 1549 5448 μου
1574 5379 1710 5451 ἢχθη
1730 5383 1807 5443 εἰς

242 5458 490 5515 θάνατον.
531 5480 549 5513 ι
584 5460 811 5515 Διελθὼν
844 5462 1010 5516 αὑτοῦ
1044 5463 1111 5516 τά
1146 5464 1314 5535 πάθη,
1360 5467 1669 5537 ἀναπέμπει
1710 5468 1806 5539 τὴν

240 5550 346 5607 τῶν
365 5551 670 5606 ἀκουόντων
702 5554 941 5606 διάνοιαν
975 5555 1068 5606 ἐπὶ
1100 5556 1201 5626 τὴν
1222 5556 1323 5625 τῆς
1354 5558 1617 5625 γενέσεως
1648 5559 1810 5613 αὐτοῦ

244 5642 563 5710 φαντασίαν,
614 5643 908 5712 ἐπιλέγων·
960 5662 979 5693 ‹
1021 5644 1132 5715 Τὴν
1162 5645 1351 5713 γενεὰν
1394 5646 1555 5700 αὐτοῦ
1600 5647 1684 5711 τίς
1729 5648 1812 5700 δι-

241 5735 547 5805 ηγήσεταις
589 5754 607 5785 ι
660 5734 791 5787 Τότε
844 5734 956 5804 γὰρ
1005 5734 1238 5805 μάλιστά
1263 5754 1345 5799 τις
1397 5736 1579 5807 μεῖζον
1626 5738 1809 5792 λοιπὸν

242 5829 476 5901 λήψεται
509 5826 696 5897 θαῦμα
744 5828 844 5896 τῆς
888 5827 995 5879 τῶν
1033 5826 1302 5880 τοσούτων
1345 5831 1638 5900 ὑπομονῆς,
1683 5833 1807 5884 ὅταν

561 5946 832 6006 ΡΑτιιοι..
859 5941 1221 6007 CILXXIV.
1302 6022 1312 6031 .

1906 4962 2141 5016 testibus
2169 4961 2301 5015 nihil
2334 4962 2629 5031 respondit,

1984 5185 2151 5241 Vens.
2182 5186 2234 5240 8.
2270 5205 2288 5239 ι
2313 5185 2368 5239 In
2410 5186 2700 5242 amictioue
2737 5187 2993 5255 judicium
3026 5187 3142 5253 ejus
3176 5186 3338 5236 latum
3366 5192 3468 5237 est.

1914 5276 2328 5334 Generationem
2372 5278 2489 5347 ejus
2522 5282 2640 5347 quis
2662 5278 2970 5333 enarrabit?
3017 5277 3146 5342 Quia
3177 5276 3378 5329 tollitur
3408 5278 3473 5330 de

1914 5382 2057 5427 terra
2089 5373 2196 5427 vita
2226 5371 2360 5441 ejus.
2406 5375 2488 5428 Ab
2524 5374 2897 5443 iniquitatibus
2927 5372 3108 5442 populi
3146 5370 3247 5424 mei
3281 5373 3472 5425 ductus
3547 5402 3566 5426 κ

1914 5474 1994 5518 est
2022 5464 2085 5517 ad
2126 5475 2376 5520 mortem.
2415 5483 2433 5514 ι
2479 5464 2764 5534 Postquam
2806 5464 3077 5518 cruciatus
3124 5461 3241 5531 ejus
3288 5476 3474 5516 recen-

1912 5556 2040 5620 suit,
2071 5557 2375 5611 auditorum
2410 5566 2641 5612 mentem
2678 5558 2744 5610 ad
2782 5555 3146 5625 generationis
3184 5555 3300 5621 ejus
3323 5555 3471 5622 cogi-

1912 5649 2167 5701 tationem
2220 5647 2554 5709 trausmittit,
2610 5648 2723 5701 hmc
2763 5647 3019 5713 adjiciens
3060 5664 3072 5698 ε
3113 5644 3472 5700 «Geueratio—

1914 5754 2031 5793 nem
2061 5738 2176 5805 ejus
2208 5740 2329 5806 quis
2355 5738 2631 5793 enarrabit
2654 5739 2676 5791 ?
2701 5759 2718 5791 ι
2773 5737 2903 5791 Nam
2940 5746 3051 5793 tum
3089 5739 3320 5791 maxime
3347 5736 3471 5804 qui-

1915 5833 1992 5886 vis
2022 5830 2213 5898 majori
2240 5832 2308 5884 ob
2334 5832 2645 5900 patientiam
2682 5835 2795 5900 ejus
2827 5831 3186 5886 admiratione
3211 5829 3469 5899 capietur,

3077 5946 3153 6005 15
