  <div class='ocr_page' id='page_1' title='image "/cluster/home/n/w/nwhite01/storage/ocr_20150623/24/hvd.32044019207729/235.png"; bbox 0 0 3968 6508; ppageno 0'>
   <div class='ocr_carea' id='block_1_1' title="bbox 504 472 605 522">
    <p class='ocr_par' dir='ltr' id='par_1_1' title="bbox 504 472 605 522">
     <span class='ocr_line' id='line_1_1' title="bbox 512 472 605 522; baseline 0.011 -30"><span class='ocrx_word' id='word_1_1' title='bbox 512 473 526 502; x_wconf 59' lang='grc'><strong>,7</strong></span> <span class='ocrx_word' id='word_1_2' title='bbox 544 472 605 522; x_wconf 52' lang='grc' dir='ltr'><strong>ξεί,</strong></span> 
     </span>
     <span class='ocr_line' id='line_1_2' title="bbox 504 499 588 522; baseline 0 0"><span class='ocrx_word' id='word_1_3' title='bbox 504 499 588 522; x_wconf 64' lang='grc' dir='ltr'><strong>Ἰιὲι</strong></span> 
     </span>
    </p>
   </div>
   <div class='ocr_carea' id='block_1_2' title="bbox 517 499 590 526">
    <p class='ocr_par' dir='ltr' id='par_1_2' title="bbox 517 499 590 526">
     <span class='ocr_line' id='line_1_3' title="bbox 517 499 590 526; baseline -0.014 0"><span class='ocrx_word' id='word_1_4' title='bbox 517 499 590 526; x_wconf 61' lang='grc' dir='ltr'>διῧι.</span> 
     </span>
    </p>
   </div>
   <div class='ocr_carea' id='block_1_3' title="bbox 1164 467 3033 531">
    <p class='ocr_par' dir='ltr' id='par_1_3' title="bbox 1164 467 3033 531">
     <span class='ocr_line' id='line_1_4' title="bbox 1164 467 3033 531; baseline 0.004 -10"><span class='ocrx_word' id='word_1_5' title='bbox 1164 467 1426 524; x_wconf 81' lang='lat' dir='ltr'><strong>EUSEBII</strong></span> <span class='ocrx_word' id='word_1_6' title='bbox 1467 469 1939 526; x_wconf 73' lang='lat' dir='ltr'><strong>C/ESARIENSIS</strong></span> <span class='ocrx_word' id='word_1_7' title='bbox 1978 472 2124 528; x_wconf 90' lang='lat' dir='ltr'><strong>OPP.</strong></span> <span class='ocrx_word' id='word_1_8' title='bbox 2169 473 2346 527; x_wconf 71' lang='lat' dir='ltr'><strong>PARS</strong></span> <span class='ocrx_word' id='word_1_9' title='bbox 2387 475 2469 528; x_wconf 91' lang='lat' dir='ltr'><strong>Ill.</strong></span> <span class='ocrx_word' id='word_1_10' title='bbox 2511 506 2578 514; x_wconf 95' lang='lat'><strong>—</strong></span> <span class='ocrx_word' id='word_1_11' title='bbox 2620 474 3033 531; x_wconf 69' lang='lat' dir='ltr'><strong>EXEGETICA.</strong></span> 
     </span>
    </p>
   </div>
   <div class='ocr_carea' id='block_1_4' title="bbox 3631 487 3740 540">
    <p class='ocr_par' dir='ltr' id='par_1_4' title="bbox 3631 487 3740 540">
     <span class='ocr_line' id='line_1_5' title="bbox 3631 487 3740 540; baseline 0.009 -1"><span class='ocrx_word' id='word_1_12' title='bbox 3631 487 3740 540; x_wconf 75' lang='grc'><strong>460</strong></span> 
     </span>
    </p>
   </div>
   <div class='ocr_carea' id='block_1_5' title="bbox 501 587 2045 668">
    <p class='ocr_par' dir='ltr' id='par_1_5' title="bbox 501 587 2043 656">
     <span class='ocr_line' id='line_1_6' title="bbox 501 587 2043 656; baseline 0 -13"><span class='ocrx_word' id='word_1_13' title='bbox 501 606 621 643; x_wconf 85' lang='lat' dir='ltr'><strong>cum</strong></span> <span class='ocrx_word' id='word_1_14' title='bbox 674 602 851 642; x_wconf 81' lang='lat' dir='ltr'><strong>secum</strong></span> <span class='ocrx_word' id='word_1_15' title='bbox 910 589 1230 653; x_wconf 80' lang='lat' dir='ltr'><strong>reputaverit</strong></span> <span class='ocrx_word' id='word_1_16' title='bbox 1292 589 1414 656; x_wconf 83' lang='lat' dir='ltr'><strong>quis</strong></span> <span class='ocrx_word' id='word_1_17' title='bbox 1476 597 1532 640; x_wconf 88' lang='lat' dir='ltr'><strong>et</strong></span> <span class='ocrx_word' id='word_1_18' title='bbox 1583 587 1760 655; x_wconf 86' lang='lat' dir='ltr'><strong>qualis</strong></span> <span class='ocrx_word' id='word_1_19' title='bbox 1831 589 1920 643; x_wconf 87' lang='lat' dir='ltr'><strong>ille</strong></span> <span class='ocrx_word' id='word_1_20' title='bbox 1972 591 2043 644; x_wconf 86' lang='lat' dir='ltr'><strong>sit</strong></span> 
     </span>
    </p>
   </div>
   <div class='ocr_carea' id='block_1_6' title="bbox 2150 587 3736 668">
    <p class='ocr_par' dir='ltr' id='par_1_6' title="bbox 2170 589 3736 668">
     <span class='ocr_line' id='line_1_7' title="bbox 2170 589 3736 668; baseline 0.009 -28"><span class='ocrx_word' id='word_1_21' title='bbox 2170 591 2249 652; x_wconf 81' lang='grc' dir='ltr'><strong>είς</strong></span> <span class='ocrx_word' id='word_1_22' title='bbox 2280 589 2486 644; x_wconf 80' lang='grc' dir='ltr'>ἔννοιαν</span> <span class='ocrx_word' id='word_1_23' title='bbox 2523 591 2650 664; x_wconf 74' lang='grc' dir='ltr'>ἔλθῃ</span> <span class='ocrx_word' id='word_1_24' title='bbox 2681 591 2762 655; x_wconf 86' lang='grc' dir='ltr'><strong>τίς</strong></span> <span class='ocrx_word' id='word_1_25' title='bbox 2793 591 2868 644; x_wconf 81' lang='grc' dir='ltr'>ὢν</span> <span class='ocrx_word' id='word_1_26' title='bbox 2902 594 2992 644; x_wconf 81' lang='grc' dir='ltr'>καὶ</span> <span class='ocrx_word' id='word_1_27' title='bbox 3021 594 3222 656; x_wconf 77' lang='grc' dir='ltr'>ὁποῖος,</span> <span class='ocrx_word' id='word_1_28' title='bbox 3265 597 3356 648; x_wconf 74' lang='grc' dir='ltr'>καὶ</span> <span class='ocrx_word' id='word_1_29' title='bbox 3388 597 3450 649; x_wconf 85' lang='grc' dir='ltr'>ἐκ</span> <span class='ocrx_word' id='word_1_30' title='bbox 3475 596 3607 652; x_wconf 77' lang='grc' dir='ltr'>Θεοῦ</span> <span class='ocrx_word' id='word_1_31' title='bbox 3634 615 3703 668; x_wconf 76' lang='grc' dir='ltr'><strong>γε</strong></span> <span class='ocrx_word' id='word_1_32' title='bbox 3730 623 3736 627; x_wconf 70' lang='grc'><em>’</em></span> 
     </span>
    </p>
   </div>
   <div class='ocr_carea' id='block_1_7' title="bbox 500 678 2065 748">
    <p class='ocr_par' dir='ltr' id='par_1_7' title="bbox 500 678 2065 748">
     <span class='ocr_line' id='line_1_8' title="bbox 500 678 2065 748; baseline 0.001 -16"><span class='ocrx_word' id='word_1_33' title='bbox 500 693 551 733; x_wconf 90' lang='lat' dir='ltr'><strong>et</strong></span> <span class='ocrx_word' id='word_1_34' title='bbox 587 680 725 748; x_wconf 86' lang='lat' dir='ltr'><strong>quod</strong></span> <span class='ocrx_word' id='word_1_35' title='bbox 772 695 836 732; x_wconf 81' lang='lat' dir='ltr'><strong>ex</strong></span> <span class='ocrx_word' id='word_1_36' title='bbox 889 678 995 732; x_wconf 77' lang='lat' dir='ltr'><strong>Deo</strong></span> <span class='ocrx_word' id='word_1_37' title='bbox 1037 690 1199 735; x_wconf 85' lang='lat' dir='ltr'><strong>natus</strong></span> <span class='ocrx_word' id='word_1_38' title='bbox 1259 679 1668 746; x_wconf 71' lang='lat' dir='ltr'><strong>unigenitusque</strong></span> <span class='ocrx_word' id='word_1_39' title='bbox 1717 680 1839 733; x_wconf 86' lang='lat' dir='ltr'><strong>talia</strong></span> <span class='ocrx_word' id='word_1_40' title='bbox 1888 681 2065 735; x_wconf 87' lang='lat' dir='ltr'><strong>susti-</strong></span> 
     </span>
    </p>
   </div>
   <div class='ocr_carea' id='block_1_8' title="bbox 502 771 695 826">
    <p class='ocr_par' dir='ltr' id='par_1_8' title="bbox 502 771 695 826">
     <span class='ocr_line' id='line_1_9' title="bbox 502 771 695 826; baseline 0.01 -2"><span class='ocrx_word' id='word_1_41' title='bbox 502 771 650 826; x_wconf 72' lang='lat' dir='ltr'><strong>nUeri</strong></span> <span class='ocrx_word' id='word_1_42' title='bbox 661 782 695 826; x_wconf 91' lang='lat' dir='ltr'><strong>t.</strong></span> 
     </span>
    </p>
   </div>
   <div class='ocr_carea' id='block_1_9' title="bbox 569 907 2061 980">
    <p class='ocr_par' dir='ltr' id='par_1_9' title="bbox 569 907 2061 980">
     <span class='ocr_line' id='line_1_10' title="bbox 569 907 2061 980; baseline 0.002 -18"><span class='ocrx_word' id='word_1_43' title='bbox 569 907 733 962; x_wconf 72' lang='lat' dir='ltr'><strong>Vens.</strong></span> <span class='ocrx_word' id='word_1_44' title='bbox 759 907 812 964; x_wconf 87' lang='lat'><strong>9.</strong></span> <span class='ocrx_word' id='word_1_45' title='bbox 856 926 875 960; x_wconf 84' lang='grc' dir='ltr'><strong>ι</strong></span> <span class='ocrx_word' id='word_1_46' title='bbox 909 908 975 961; x_wconf 83' lang='grc' dir='ltr'>Ει</span> <span class='ocrx_word' id='word_1_47' title='bbox 1013 908 1150 962; x_wconf 89' lang='lat' dir='ltr'><strong>dabo</strong></span> <span class='ocrx_word' id='word_1_48' title='bbox 1181 909 1452 976; x_wconf 89' lang='lat' dir='ltr'><strong>improbos</strong></span> <span class='ocrx_word' id='word_1_49' title='bbox 1491 924 1590 977; x_wconf 93' lang='lat' dir='ltr'><strong>pro</strong></span> <span class='ocrx_word' id='word_1_50' title='bbox 1621 909 1892 979; x_wconf 73' lang='lat' dir='ltr'><strong>sepultura</strong></span> <span class='ocrx_word' id='word_1_51' title='bbox 1925 909 2061 980; x_wconf 81' lang='lat' dir='ltr'><strong>ejus,</strong></span> 
     </span>
    </p>
   </div>
   <div class='ocr_carea' id='block_1_10' title="bbox 495 999 2059 1070">
    <p class='ocr_par' dir='ltr' id='par_1_10' title="bbox 495 999 2059 1070">
     <span class='ocr_line' id='line_1_11' title="bbox 495 999 2059 1070; baseline 0.001 -16"><span class='ocrx_word' id='word_1_52' title='bbox 495 1012 547 1054; x_wconf 82' lang='lat' dir='ltr'><strong>et</strong></span> <span class='ocrx_word' id='word_1_53' title='bbox 589 1001 779 1055; x_wconf 85' lang='lat' dir='ltr'><strong>divites</strong></span> <span class='ocrx_word' id='word_1_54' title='bbox 824 1015 921 1069; x_wconf 82' lang='lat' dir='ltr'><strong>pro</strong></span> <span class='ocrx_word' id='word_1_55' title='bbox 969 1013 1142 1054; x_wconf 89' lang='lat' dir='ltr'><strong>morte</strong></span> <span class='ocrx_word' id='word_1_56' title='bbox 1175 999 1290 1067; x_wconf 82' lang='lat' dir='ltr'><strong>ejus</strong></span> <span class='ocrx_word' id='word_1_57' title='bbox 1340 1021 1351 1056; x_wconf 90' lang='lat'>:</span> <span class='ocrx_word' id='word_1_58' title='bbox 1403 1003 1528 1070; x_wconf 88' lang='lat' dir='ltr'><strong>quia</strong></span> <span class='ocrx_word' id='word_1_59' title='bbox 1579 1001 1918 1070; x_wconf 75' lang='lat' dir='ltr'><strong>iniquitatem</strong></span> <span class='ocrx_word' id='word_1_60' title='bbox 1957 1019 2059 1057; x_wconf 88' lang='lat' dir='ltr'><strong>non</strong></span> 
     </span>
    </p>
   </div>
   <div class='ocr_carea' id='block_1_11' title="bbox 495 1091 2059 1161">
    <p class='ocr_par' dir='ltr' id='par_1_11' title="bbox 495 1091 2059 1161">
     <span class='ocr_line' id='line_1_12' title="bbox 495 1091 2059 1161; baseline 0.004 -17"><span class='ocrx_word' id='word_1_61' title='bbox 495 1093 642 1155; x_wconf 77' lang='lat' dir='ltr'><strong>fecit,</strong></span> <span class='ocrx_word' id='word_1_62' title='bbox 691 1107 866 1161; x_wconf 91' lang='lat' dir='ltr'><strong>neque</strong></span> <span class='ocrx_word' id='word_1_63' title='bbox 908 1091 1087 1144; x_wconf 86' lang='lat' dir='ltr'><strong>dolum</strong></span> <span class='ocrx_word' id='word_1_64' title='bbox 1133 1091 1185 1144; x_wconf 92' lang='lat' dir='ltr'><strong>in</strong></span> <span class='ocrx_word' id='word_1_65' title='bbox 1234 1105 1330 1145; x_wconf 89' lang='lat' dir='ltr'><strong>ore</strong></span> <span class='ocrx_word' id='word_1_66' title='bbox 1381 1107 1497 1147; x_wconf 90' lang='lat' dir='ltr'><strong>suo.</strong></span> <span class='ocrx_word' id='word_1_67' title='bbox 1528 1111 1545 1142; x_wconf 73' lang='grc' dir='ltr'><strong>ι</strong></span> <span class='ocrx_word' id='word_1_68' title='bbox 1589 1092 1719 1158; x_wconf 84' lang='lat' dir='ltr'><strong>Quis</strong></span> <span class='ocrx_word' id='word_1_69' title='bbox 1751 1094 1928 1158; x_wconf 93' lang='lat' dir='ltr'><strong>dabit,</strong></span> <span class='ocrx_word' id='word_1_70' title='bbox 1957 1095 2059 1150; x_wconf 85' lang='lat' dir='ltr'><strong>nisi</strong></span> 
     </span>
    </p>
   </div>
   <div class='ocr_carea' id='block_1_12' title="bbox 495 1166 2057 1254">
    <p class='ocr_par' dir='ltr' id='par_1_12' title="bbox 495 1166 2057 1254">
     <span class='ocr_line' id='line_1_13' title="bbox 495 1166 2057 1254; baseline 0.002 -19"><span class='ocrx_word' id='word_1_71' title='bbox 495 1166 866 1238; x_wconf 82' lang='lat' dir='ltr'><strong>universorum</strong></span> <span class='ocrx_word' id='word_1_72' title='bbox 914 1181 1124 1249; x_wconf 83' lang='lat' dir='ltr'><strong>jmlex?</strong></span> <span class='ocrx_word' id='word_1_73' title='bbox 1171 1191 1225 1236; x_wconf 91' lang='lat' dir='ltr'><strong>et</strong></span> <span class='ocrx_word' id='word_1_74' title='bbox 1266 1197 1401 1251; x_wconf 92' lang='lat' dir='ltr'><strong>quos</strong></span> <span class='ocrx_word' id='word_1_75' title='bbox 1436 1182 1605 1248; x_wconf 91' lang='lat' dir='ltr'><strong>dabit,</strong></span> <span class='ocrx_word' id='word_1_76' title='bbox 1661 1183 1764 1237; x_wconf 85' lang='lat' dir='ltr'><strong>nisi</strong></span> <span class='ocrx_word' id='word_1_77' title='bbox 1809 1199 1923 1248; x_wconf 90' lang='lat' dir='ltr'><strong>eos,</strong></span> <span class='ocrx_word' id='word_1_78' title='bbox 1970 1187 2057 1254; x_wconf 90' lang='lat' dir='ltr'><strong>qui</strong></span> 
     </span>
    </p>
   </div>
   <div class='ocr_carea' id='block_1_13' title="bbox 495 1273 2056 1341">
    <p class='ocr_par' dir='ltr' id='par_1_13' title="bbox 495 1273 2056 1341">
     <span class='ocr_line' id='line_1_14' title="bbox 495 1273 2056 1341; baseline 0.003 -19"><span class='ocrx_word' id='word_1_79' title='bbox 495 1275 642 1340; x_wconf 83' lang='lat' dir='ltr'><strong>prius</strong></span> <span class='ocrx_word' id='word_1_80' title='bbox 686 1281 973 1327; x_wconf 88' lang='lat' dir='ltr'><strong>memorata</strong></span> <span class='ocrx_word' id='word_1_81' title='bbox 1019 1281 1416 1341; x_wconf 81' lang='lat' dir='ltr'><strong>perpetraruut,</strong></span> <span class='ocrx_word' id='word_1_82' title='bbox 1453 1286 1585 1338; x_wconf 82' lang='lat' dir='ltr'><strong>quos</strong></span> <span class='ocrx_word' id='word_1_83' title='bbox 1619 1273 1821 1340; x_wconf 78' lang='lat' dir='ltr'><strong>statim,</strong></span> <span class='ocrx_word' id='word_1_84' title='bbox 1851 1290 1947 1328; x_wconf 92' lang='lat' dir='ltr'><strong>nec</strong></span> <span class='ocrx_word' id='word_1_85' title='bbox 1971 1275 2056 1329; x_wconf 94' lang='lat' dir='ltr'><strong>diu</strong></span> 
     </span>
    </p>
   </div>
   <div class='ocr_carea' id='block_1_14' title="bbox 495 1361 2057 1433">
    <p class='ocr_par' dir='ltr' id='par_1_14' title="bbox 495 1361 2057 1433">
     <span class='ocr_line' id='line_1_15' title="bbox 495 1361 2057 1433; baseline 0.003 -18"><span class='ocrx_word' id='word_1_86' title='bbox 495 1379 677 1433; x_wconf 64' lang='lat' dir='ltr'><strong>paStea</strong></span> <span class='ocrx_word' id='word_1_87' title='bbox 701 1404 716 1429; x_wconf 90' lang='lat'><strong>,</strong></span> <span class='ocrx_word' id='word_1_88' title='bbox 754 1363 990 1418; x_wconf 85' lang='lat' dir='ltr'><strong>inimicis</strong></span> <span class='ocrx_word' id='word_1_89' title='bbox 1025 1372 1078 1418; x_wconf 90' lang='lat' dir='ltr'><strong>et</strong></span> <span class='ocrx_word' id='word_1_90' title='bbox 1111 1363 1354 1417; x_wconf 88' lang='lat' dir='ltr'><strong>hostibus</strong></span> <span class='ocrx_word' id='word_1_91' title='bbox 1401 1361 1770 1417; x_wconf 84' lang='lat' dir='ltr'><strong>obsidentibus</strong></span> <span class='ocrx_word' id='word_1_92' title='bbox 1807 1366 2057 1419; x_wconf 78' lang='lat' dir='ltr'><strong>tradidit?</strong></span> 
     </span>
    </p>
   </div>
   <div class='ocr_carea' id='block_1_15' title="bbox 499 1453 2056 1516">
    <p class='ocr_par' dir='ltr' id='par_1_15' title="bbox 499 1453 2056 1516">
     <span class='ocr_line' id='line_1_16' title="bbox 499 1453 2056 1516; baseline 0.001 -9"><span class='ocrx_word' id='word_1_93' title='bbox 499 1458 567 1508; x_wconf 57' lang='lat' dir='ltr'><strong>Ac</strong></span> <span class='ocrx_word' id='word_1_94' title='bbox 599 1455 760 1508; x_wconf 89' lang='lat' dir='ltr'><strong>etiam</strong></span> <span class='ocrx_word' id='word_1_95' title='bbox 793 1453 1074 1509; x_wconf 79' lang='lat' dir='ltr'><strong>confestim</strong></span> <span class='ocrx_word' id='word_1_96' title='bbox 1124 1453 1338 1516; x_wconf 89' lang='lat' dir='ltr'><strong>accidit,</strong></span> <span class='ocrx_word' id='word_1_97' title='bbox 1383 1462 1440 1505; x_wconf 91' lang='lat' dir='ltr'><strong>ut</strong></span> <span class='ocrx_word' id='word_1_98' title='bbox 1484 1454 1743 1507; x_wconf 87' lang='lat' dir='ltr'><strong>memoria</strong></span> <span class='ocrx_word' id='word_1_99' title='bbox 1778 1468 1961 1508; x_wconf 90' lang='lat' dir='ltr'><strong>eorum</strong></span> <span class='ocrx_word' id='word_1_100' title='bbox 1991 1471 2056 1511; x_wconf 80' lang='lat' dir='ltr'><strong>ex</strong></span> 
     </span>
    </p>
   </div>
   <div class='ocr_carea' id='block_1_16' title="bbox 494 1544 2056 1613">
    <p class='ocr_par' dir='ltr' id='par_1_16' title="bbox 494 1544 2056 1613">
     <span class='ocr_line' id='line_1_17' title="bbox 494 1544 2056 1613; baseline 0.001 -13"><span class='ocrx_word' id='word_1_101' title='bbox 494 1546 801 1600; x_wconf 85' lang='lat' dir='ltr'><strong>hominibus</strong></span> <span class='ocrx_word' id='word_1_102' title='bbox 840 1545 1168 1609; x_wconf 81' lang='lat' dir='ltr'><strong>auferretur,</strong></span> <span class='ocrx_word' id='word_1_103' title='bbox 1209 1545 1297 1613; x_wconf 93' lang='lat' dir='ltr'><strong>qui</strong></span> <span class='ocrx_word' id='word_1_104' title='bbox 1333 1544 1459 1597; x_wconf 89' lang='lat' dir='ltr'><strong>olim</strong></span> <span class='ocrx_word' id='word_1_105' title='bbox 1506 1545 1642 1613; x_wconf 86' lang='lat' dir='ltr'><strong>apud</strong></span> <span class='ocrx_word' id='word_1_106' title='bbox 1671 1545 1886 1602; x_wconf 69' lang='lat' dir='ltr'><strong>Judaaos</strong></span> <span class='ocrx_word' id='word_1_107' title='bbox 1917 1548 2056 1602; x_wconf 88' lang='lat' dir='ltr'><strong>mul-</strong></span> 
     </span>
    </p>
   </div>
   <div class='ocr_carea' id='block_1_17' title="bbox 494 1636 2053 1704">
    <p class='ocr_par' dir='ltr' id='par_1_17' title="bbox 494 1636 2053 1704">
     <span class='ocr_line' id='line_1_18' title="bbox 494 1636 2053 1704; baseline 0.001 -12"><span class='ocrx_word' id='word_1_108' title='bbox 494 1651 600 1692; x_wconf 85' lang='lat' dir='ltr'><strong>tum</strong></span> <span class='ocrx_word' id='word_1_109' title='bbox 660 1638 982 1694; x_wconf 81' lang='lat' dir='ltr'><strong>auctoritate</strong></span> <span class='ocrx_word' id='word_1_110' title='bbox 1033 1638 1325 1700; x_wconf 85' lang='lat' dir='ltr'><strong>valebant,</strong></span> <span class='ocrx_word' id='word_1_111' title='bbox 1378 1636 1773 1692; x_wconf 53' lang='lat' dir='ltr'><strong>Pharisaeorum</strong></span> <span class='ocrx_word' id='word_1_112' title='bbox 1825 1638 2053 1704; x_wconf 87' lang='lat' dir='ltr'><strong>scilicet,</strong></span> 
     </span>
    </p>
   </div>
   <div class='ocr_carea' id='block_1_18' title="bbox 492 1726 2057 1792">
    <p class='ocr_par' dir='ltr' id='par_1_18' title="bbox 492 1726 2057 1792">
     <span class='ocr_line' id='line_1_19' title="bbox 492 1726 2057 1792; baseline 0 -10"><span class='ocrx_word' id='word_1_113' title='bbox 492 1728 801 1783; x_wconf 80' lang='lat' dir='ltr'><strong>Scribarum</strong></span> <span class='ocrx_word' id='word_1_114' title='bbox 841 1739 894 1784; x_wconf 89' lang='lat' dir='ltr'><strong>et</strong></span> <span class='ocrx_word' id='word_1_115' title='bbox 931 1727 1391 1792; x_wconf 79' lang='lat' dir='ltr'><strong>Sadducaeorum;</strong></span> <span class='ocrx_word' id='word_1_116' title='bbox 1434 1726 1502 1781; x_wconf 88' lang='lat' dir='ltr'><strong>ad</strong></span> <span class='ocrx_word' id='word_1_117' title='bbox 1550 1729 1662 1783; x_wconf 62' lang='lat' dir='ltr'><strong>hare</strong></span> <span class='ocrx_word' id='word_1_118' title='bbox 1697 1744 1846 1792; x_wconf 88' lang='lat' dir='ltr'><strong>vero,</strong></span> <span class='ocrx_word' id='word_1_119' title='bbox 1879 1743 2057 1784; x_wconf 90' lang='lat' dir='ltr'><strong>sacer-</strong></span> 
     </span>
    </p>
   </div>
   <div class='ocr_carea' id='block_1_19' title="bbox 490 1814 2051 1887">
    <p class='ocr_par' dir='ltr' id='par_1_19' title="bbox 490 1814 2051 1887">
     <span class='ocr_line' id='line_1_20' title="bbox 490 1814 2051 1887; baseline 0.002 -17"><span class='ocrx_word' id='word_1_120' title='bbox 490 1819 670 1871; x_wconf 80' lang='lat' dir='ltr'><strong>dotum</strong></span> <span class='ocrx_word' id='word_1_121' title='bbox 718 1829 769 1874; x_wconf 89' lang='lat' dir='ltr'><strong>et</strong></span> <span class='ocrx_word' id='word_1_122' title='bbox 821 1825 1155 1873; x_wconf 78' lang='lat' dir='ltr'><strong>summorum</strong></span> <span class='ocrx_word' id='word_1_123' title='bbox 1207 1814 1556 1887; x_wconf 66' lang='lat' dir='ltr'><strong>pon&#39;titlcurn,</strong></span> <span class='ocrx_word' id='word_1_124' title='bbox 1609 1835 1811 1875; x_wconf 87' lang='lat' dir='ltr'><strong>necnon</strong></span> <span class='ocrx_word' id='word_1_125' title='bbox 1846 1835 2051 1883; x_wconf 90' lang='lat' dir='ltr'><strong>eorum,</strong></span> 
     </span>
    </p>
   </div>
   <div class='ocr_carea' id='block_1_20' title="bbox 2167 679 3468 757">
    <p class='ocr_par' dir='ltr' id='par_1_20' title="bbox 2167 679 3468 757">
     <span class='ocr_line' id='line_1_21' title="bbox 2167 679 3468 757; baseline 0.005 -25"><span class='ocrx_word' id='word_1_126' title='bbox 2167 679 2492 749; x_wconf 79' lang='grc' dir='ltr'>γεννημένος</span> <span class='ocrx_word' id='word_1_127' title='bbox 2521 683 2812 752; x_wconf 75' lang='grc' dir='ltr'>μονογενὴς</span> <span class='ocrx_word' id='word_1_128' title='bbox 2834 681 3004 734; x_wconf 76' lang='grc' dir='ltr'>ταῦτα</span> <span class='ocrx_word' id='word_1_129' title='bbox 3039 683 3211 737; x_wconf 80' lang='grc' dir='ltr'>πάντα</span> <span class='ocrx_word' id='word_1_130' title='bbox 3240 683 3468 757; x_wconf 78' lang='grc' dir='ltr'>ὑπέστη.</span> 
     </span>
    </p>
   </div>
   <div class='ocr_carea' id='block_1_21' title="bbox 2239 900 3724 980">
    <p class='ocr_par' dir='ltr' id='par_1_21' title="bbox 2239 900 3724 980">
     <span class='ocr_line' id='line_1_22' title="bbox 2239 900 3724 980; baseline 0.009 -29"><span class='ocrx_word' id='word_1_131' title='bbox 2239 919 2255 950; x_wconf 88' lang='grc' dir='ltr'><strong>ι</strong></span> <span class='ocrx_word' id='word_1_132' title='bbox 2294 900 2402 953; x_wconf 82' lang='lat' dir='ltr'><strong>Kal.</strong></span> <span class='ocrx_word' id='word_1_133' title='bbox 2429 901 2583 955; x_wconf 87' lang='grc' dir='ltr'><strong>δώσω</strong></span> <span class='ocrx_word' id='word_1_134' title='bbox 2610 905 2736 967; x_wconf 78' lang='grc' dir='ltr'>τοὺς</span> <span class='ocrx_word' id='word_1_135' title='bbox 2767 905 3037 976; x_wconf 79' lang='grc' dir='ltr'>πονηροὺς</span> <span class='ocrx_word' id='word_1_136' title='bbox 3065 906 3185 958; x_wconf 76' lang='grc' dir='ltr'>ἀντὶ</span> <span class='ocrx_word' id='word_1_137' title='bbox 3209 907 3306 977; x_wconf 89' lang='grc' dir='ltr'><strong>τῆς</strong></span> <span class='ocrx_word' id='word_1_138' title='bbox 3332 909 3509 980; x_wconf 80' lang='grc' dir='ltr'><strong>ταφῆς</strong></span> <span class='ocrx_word' id='word_1_139' title='bbox 3538 909 3724 977; x_wconf 72' lang='grc' dir='ltr'>αὐτοῦ,</span> 
     </span>
    </p>
   </div>
   <div class='ocr_carea' id='block_1_22' title="bbox 2163 993 3721 1058">
    <p class='ocr_par' dir='ltr' id='par_1_22' title="bbox 2163 993 3721 1058">
     <span class='ocr_line' id='line_1_23' title="bbox 2163 993 3721 1058; baseline 0.008 -14"><span class='ocrx_word' id='word_1_140' title='bbox 2163 993 2256 1044; x_wconf 89' lang='lat' dir='ltr'><strong>ml.</strong></span> <span class='ocrx_word' id='word_1_141' title='bbox 2280 993 2405 1056; x_wconf 77' lang='grc' dir='ltr'>τοὺς</span> <span class='ocrx_word' id='word_1_142' title='bbox 2439 995 2724 1058; x_wconf 73' lang='grc' dir='ltr'>πλουσίους</span> <span class='ocrx_word' id='word_1_143' title='bbox 2752 997 2871 1048; x_wconf 78' lang='grc' dir='ltr'>ἀντὶ</span> <span class='ocrx_word' id='word_1_144' title='bbox 2905 997 2998 1050; x_wconf 79' lang='grc' dir='ltr'>τοῦ</span> <span class='ocrx_word' id='word_1_145' title='bbox 3032 997 3262 1052; x_wconf 85' lang='grc' dir='ltr'>θανάτου</span> <span class='ocrx_word' id='word_1_146' title='bbox 3288 1001 3448 1054; x_wconf 77' lang='grc' dir='ltr'>αὐτοῦ</span> <span class='ocrx_word' id='word_1_147' title='bbox 3465 1019 3477 1031; x_wconf 91' lang='grc'><strong>·</strong></span> <span class='ocrx_word' id='word_1_148' title='bbox 3505 1004 3586 1056; x_wconf 78' lang='grc' dir='ltr'>ὅτι</span> <span class='ocrx_word' id='word_1_149' title='bbox 3605 1005 3721 1057; x_wconf 82' lang='grc' dir='ltr'>ἀνο-</span> 
     </span>
    </p>
   </div>
   <div class='ocr_carea' id='block_1_23' title="bbox 2164 1082 3723 1160">
    <p class='ocr_par' dir='ltr' id='par_1_23' title="bbox 2164 1082 3723 1160">
     <span class='ocr_line' id='line_1_24' title="bbox 2164 1082 3723 1160; baseline 0.008 -27"><span class='ocrx_word' id='word_1_150' title='bbox 2164 1082 2289 1151; x_wconf 85' lang='grc' dir='ltr'>μίαν</span> <span class='ocrx_word' id='word_1_151' title='bbox 2321 1083 2421 1136; x_wconf 80' lang='grc' dir='ltr'><strong>οὺκ</strong></span> <span class='ocrx_word' id='word_1_152' title='bbox 2454 1083 2701 1154; x_wconf 77' lang='grc' dir='ltr'>ἐποίησε,</span> <span class='ocrx_word' id='word_1_153' title='bbox 2753 1085 2872 1138; x_wconf 73' lang='grc' dir='ltr'><strong>οὐδὲ</strong></span> <span class='ocrx_word' id='word_1_154' title='bbox 2893 1085 3038 1140; x_wconf 88' lang='grc' dir='ltr'>δόλον</span> <span class='ocrx_word' id='word_1_155' title='bbox 3059 1089 3117 1141; x_wconf 84' lang='grc' dir='ltr'>ὲν</span> <span class='ocrx_word' id='word_1_156' title='bbox 3137 1088 3214 1158; x_wconf 86' lang='grc' dir='ltr'><strong>τῷ</strong></span> <span class='ocrx_word' id='word_1_157' title='bbox 3247 1089 3472 1160; x_wconf 84' lang='grc' dir='ltr'>στόματι</span> <span class='ocrx_word' id='word_1_158' title='bbox 3503 1092 3723 1146; x_wconf 77' lang='grc' dir='ltr'>αὐτοῦ.»</span> 
     </span>
    </p>
   </div>
   <div class='ocr_carea' id='block_1_24' title="bbox 2160 1173 3730 1254">
    <p class='ocr_par' dir='ltr' id='par_1_24' title="bbox 2160 1173 3730 1254">
     <span class='ocr_line' id='line_1_25' title="bbox 2160 1173 3730 1254; baseline 0.01 -32"><span class='ocrx_word' id='word_1_159' title='bbox 2160 1173 2256 1236; x_wconf 85' lang='grc' dir='ltr'>Τίς</span> <span class='ocrx_word' id='word_1_160' title='bbox 2288 1173 2344 1226; x_wconf 83' lang='grc' dir='ltr'><strong>δὲ</strong></span> <span class='ocrx_word' id='word_1_161' title='bbox 2377 1175 2538 1228; x_wconf 85' lang='grc' dir='ltr'>δώσει</span> <span class='ocrx_word' id='word_1_162' title='bbox 2565 1175 2598 1246; x_wconf 86' lang='grc' dir='ltr'>ἢ</span> <span class='ocrx_word' id='word_1_163' title='bbox 2627 1177 2656 1228; x_wconf 91' lang='grc' dir='ltr'><strong>ό</strong></span> <span class='ocrx_word' id='word_1_164' title='bbox 2683 1176 2790 1229; x_wconf 81' lang='grc' dir='ltr'>τῶν</span> <span class='ocrx_word' id='word_1_165' title='bbox 2829 1176 2964 1230; x_wconf 82' lang='grc' dir='ltr'>ὅλων</span> <span class='ocrx_word' id='word_1_166' title='bbox 3001 1181 3193 1250; x_wconf 83' lang='grc' dir='ltr'>κριτής</span> <span class='ocrx_word' id='word_1_167' title='bbox 3213 1199 3229 1246; x_wconf 89' lang='lat'><strong>;</strong></span> <span class='ocrx_word' id='word_1_168' title='bbox 3253 1181 3345 1234; x_wconf 87' lang='lat' dir='ltr'><strong>ml.</strong></span> <span class='ocrx_word' id='word_1_169' title='bbox 3374 1181 3575 1254; x_wconf 78' lang='grc' dir='ltr'>τίναςῆ</span> <span class='ocrx_word' id='word_1_170' title='bbox 3601 1186 3730 1248; x_wconf 76' lang='grc' dir='ltr'>τοὺς</span> 
     </span>
    </p>
   </div>
   <div class='ocr_carea' id='block_1_25' title="bbox 2159 1267 3734 1345">
    <p class='ocr_par' dir='ltr' id='par_1_25' title="bbox 2159 1267 3734 1345">
     <span class='ocr_line' id='line_1_26' title="bbox 2159 1267 3734 1345; baseline 0.007 -25"><span class='ocrx_word' id='word_1_171' title='bbox 2159 1267 2227 1320; x_wconf 81' lang='grc' dir='ltr'>τὰ</span> <span class='ocrx_word' id='word_1_172' title='bbox 2259 1268 2524 1340; x_wconf 77' lang='grc' dir='ltr'><strong>εἰρημένα</strong></span> <span class='ocrx_word' id='word_1_173' title='bbox 2552 1269 2899 1340; x_wconf 83' lang='grc' dir='ltr'><strong>δεδρακότας,</strong></span> <span class='ocrx_word' id='word_1_174' title='bbox 2930 1270 3022 1335; x_wconf 80' lang='grc' dir='ltr'>οὓς</span> <span class='ocrx_word' id='word_1_175' title='bbox 3057 1273 3151 1325; x_wconf 74' lang='grc' dir='ltr'>καὶ</span> <span class='ocrx_word' id='word_1_176' title='bbox 3185 1275 3499 1345; x_wconf 80' lang='grc' dir='ltr'>παρέδωκεν</span> <span class='ocrx_word' id='word_1_177' title='bbox 3527 1277 3734 1332; x_wconf 75' lang='grc' dir='ltr'>αὐτίκα.</span> 
     </span>
    </p>
   </div>
   <div class='ocr_carea' id='block_1_26' title="bbox 2159 1359 3728 1436">
    <p class='ocr_par' dir='ltr' id='par_1_26' title="bbox 2159 1359 3728 1436">
     <span class='ocr_line' id='line_1_27' title="bbox 2159 1359 3728 1436; baseline 0.007 -25"><span class='ocrx_word' id='word_1_178' title='bbox 2159 1359 2252 1412; x_wconf 75' lang='grc' dir='ltr'>καὶ</span> <span class='ocrx_word' id='word_1_179' title='bbox 2274 1361 2372 1413; x_wconf 87' lang='grc' dir='ltr'><strong>οὐκ</strong></span> <span class='ocrx_word' id='word_1_180' title='bbox 2408 1361 2486 1424; x_wconf 89' lang='grc' dir='ltr'><strong>είς</strong></span> <span class='ocrx_word' id='word_1_181' title='bbox 2518 1361 2734 1432; x_wconf 89' lang='grc' dir='ltr'>μακράν</span> <span class='ocrx_word' id='word_1_182' title='bbox 2759 1360 2994 1432; x_wconf 77' lang='grc' dir='ltr'>ἐχθροῖς,</span> <span class='ocrx_word' id='word_1_183' title='bbox 3025 1364 3118 1416; x_wconf 78' lang='grc' dir='ltr'>καὶ</span> <span class='ocrx_word' id='word_1_184' title='bbox 3148 1365 3446 1436; x_wconf 86' lang='grc' dir='ltr'>πολεμίοις,</span> <span class='ocrx_word' id='word_1_185' title='bbox 3493 1369 3587 1421; x_wconf 79' lang='grc' dir='ltr'><strong>καὶ</strong></span> <span class='ocrx_word' id='word_1_186' title='bbox 3626 1386 3728 1422; x_wconf 85' lang='grc' dir='ltr'>πο-</span> 
     </span>
    </p>
   </div>
   <div class='ocr_carea' id='block_1_27' title="bbox 2157 1452 3730 1530">
    <p class='ocr_par' dir='ltr' id='par_1_27' title="bbox 2157 1452 3730 1530">
     <span class='ocr_line' id='line_1_28' title="bbox 2157 1452 3730 1530; baseline 0.006 -26"><span class='ocrx_word' id='word_1_187' title='bbox 2157 1452 2504 1522; x_wconf 83' lang='grc' dir='ltr'>λιορκηταῖς;</span> <span class='ocrx_word' id='word_1_188' title='bbox 2545 1454 2609 1504; x_wconf 87' lang='grc' dir='ltr'>Ὅ</span> <span class='ocrx_word' id='word_1_189' title='bbox 2651 1452 2715 1523; x_wconf 80' lang='grc' dir='ltr'><strong>δὴ</strong></span> <span class='ocrx_word' id='word_1_190' title='bbox 2745 1454 2840 1506; x_wconf 73' lang='grc' dir='ltr'>καὶ</span> <span class='ocrx_word' id='word_1_191' title='bbox 2870 1453 3000 1507; x_wconf 82' lang='grc' dir='ltr'>αὐτὸ</span> <span class='ocrx_word' id='word_1_192' title='bbox 3034 1459 3374 1528; x_wconf 78' lang='grc' dir='ltr'>παραχρῆμα</span> <span class='ocrx_word' id='word_1_193' title='bbox 3408 1460 3629 1530; x_wconf 81' lang='grc' dir='ltr'>συνέϐη,</span> <span class='ocrx_word' id='word_1_194' title='bbox 3667 1461 3730 1528; x_wconf 76' lang='grc' dir='ltr'><strong>ἐξ</strong></span> 
     </span>
    </p>
   </div>
   <div class='ocr_carea' id='block_1_28' title="bbox 2156 1542 3728 1618">
    <p class='ocr_par' dir='ltr' id='par_1_28' title="bbox 2156 1542 3728 1618">
     <span class='ocr_line' id='line_1_29' title="bbox 2156 1542 3728 1618; baseline 0.006 -22"><span class='ocrx_word' id='word_1_195' title='bbox 2156 1542 2455 1615; x_wconf 84' lang='grc' dir='ltr'>ἀνθρώπων</span> <span class='ocrx_word' id='word_1_196' title='bbox 2486 1544 2845 1615; x_wconf 81' lang='grc' dir='ltr'>ἀφανισθῆναι</span> <span class='ocrx_word' id='word_1_197' title='bbox 2875 1547 2936 1599; x_wconf 84' lang='grc' dir='ltr'>τὸ</span> <span class='ocrx_word' id='word_1_198' title='bbox 2965 1548 3305 1618; x_wconf 85' lang='grc' dir='ltr'>μνημόσυνον</span> <span class='ocrx_word' id='word_1_199' title='bbox 3337 1549 3516 1604; x_wconf 83' lang='grc' dir='ltr'>αὐτῶν</span> <span class='ocrx_word' id='word_1_200' title='bbox 3554 1551 3728 1605; x_wconf 84' lang='grc' dir='ltr'>πάλαι</span> 
     </span>
    </p>
   </div>
   <div class='ocr_carea' id='block_1_29' title="bbox 2156 1635 3730 1710">
    <p class='ocr_par' dir='ltr' id='par_1_29' title="bbox 2156 1635 3730 1710">
     <span class='ocr_line' id='line_1_30' title="bbox 2156 1635 3730 1710; baseline 0.004 -21"><span class='ocrx_word' id='word_1_201' title='bbox 2156 1636 2306 1707; x_wconf 86' lang='grc' dir='ltr'><strong>παρά</strong></span> <span class='ocrx_word' id='word_1_202' title='bbox 2346 1635 2610 1690; x_wconf 77' lang='grc' dir='ltr'><strong>Ἰουδαίων</strong></span> <span class='ocrx_word' id='word_1_203' title='bbox 2640 1635 2811 1690; x_wconf 82' lang='grc' dir='ltr'>πολλὰ</span> <span class='ocrx_word' id='word_1_204' title='bbox 2847 1637 3246 1709; x_wconf 84' lang='grc' dir='ltr'>δεδυνημένων,</span> <span class='ocrx_word' id='word_1_205' title='bbox 3287 1640 3592 1710; x_wconf 83' lang='grc' dir='ltr'>Φαρισαίων</span> <span class='ocrx_word' id='word_1_206' title='bbox 3629 1643 3730 1694; x_wconf 77' lang='grc' dir='ltr'>καὶ</span> 
     </span>
    </p>
   </div>
   <div class='ocr_carea' id='block_1_30' title="bbox 2155 1727 3725 1798">
    <p class='ocr_par' dir='ltr' id='par_1_30' title="bbox 2155 1727 3725 1798">
     <span class='ocr_line' id='line_1_31' title="bbox 2155 1727 3725 1798; baseline 0.002 -18"><span class='ocrx_word' id='word_1_207' title='bbox 2155 1727 2545 1798; x_wconf 79' lang='grc' dir='ltr'><strong>γραμματέων,</strong></span> <span class='ocrx_word' id='word_1_208' title='bbox 2572 1728 2664 1781; x_wconf 79' lang='grc' dir='ltr'>καὶ</span> <span class='ocrx_word' id='word_1_209' title='bbox 2690 1728 3077 1783; x_wconf 74' lang='grc' dir='ltr'>Σαδδουκαίων*</span> <span class='ocrx_word' id='word_1_210' title='bbox 3096 1729 3188 1782; x_wconf 89' lang='lat' dir='ltr'><strong>ml.</strong></span> <span class='ocrx_word' id='word_1_211' title='bbox 3213 1728 3292 1782; x_wconf 83' lang='grc' dir='ltr'>ἔτι</span> <span class='ocrx_word' id='word_1_212' title='bbox 3315 1733 3448 1798; x_wconf 88' lang='grc' dir='ltr'>πρὸς</span> <span class='ocrx_word' id='word_1_213' title='bbox 3475 1731 3686 1796; x_wconf 77' lang='grc' dir='ltr'>τούτοις</span> <span class='ocrx_word' id='word_1_214' title='bbox 3709 1774 3725 1797; x_wconf 89' lang='grc'>,</span> 
     </span>
    </p>
   </div>
   <div class='ocr_carea' id='block_1_31' title="bbox 2156 1819 3730 1891">
    <p class='ocr_par' dir='ltr' id='par_1_31' title="bbox 2156 1819 3730 1891">
     <span class='ocr_line' id='line_1_32' title="bbox 2156 1819 3730 1891; baseline 0.002 -18"><span class='ocrx_word' id='word_1_215' title='bbox 2156 1820 2343 1890; x_wconf 77' lang='grc' dir='ltr'>ἱερέων</span> <span class='ocrx_word' id='word_1_216' title='bbox 2373 1837 2430 1871; x_wconf 91' lang='grc' dir='ltr'><strong>τε</strong></span> <span class='ocrx_word' id='word_1_217' title='bbox 2457 1820 2551 1872; x_wconf 78' lang='grc' dir='ltr'>καὶ</span> <span class='ocrx_word' id='word_1_218' title='bbox 2580 1819 2898 1891; x_wconf 84' lang='grc' dir='ltr'>ἀρχιερέων,</span> <span class='ocrx_word' id='word_1_219' title='bbox 2924 1821 3017 1872; x_wconf 82' lang='lat' dir='ltr'><strong>ml</strong></span> <span class='ocrx_word' id='word_1_220' title='bbox 3045 1820 3152 1872; x_wconf 81' lang='grc' dir='ltr'>τῶν</span> <span class='ocrx_word' id='word_1_221' title='bbox 3177 1823 3306 1890; x_wconf 87' lang='grc' dir='ltr'>παρ’</span> <span class='ocrx_word' id='word_1_222' title='bbox 3336 1822 3517 1886; x_wconf 81' lang='grc' dir='ltr'>αὐτοῖς</span> <span class='ocrx_word' id='word_1_223' title='bbox 3567 1821 3730 1891; x_wconf 80' lang='grc' dir='ltr'>βασι-</span> 
     </span>
    </p>
   </div>
   <div class='ocr_carea' id='block_1_32' title="bbox 489 1905 2045 1992">
    <p class='ocr_par' dir='ltr' id='par_1_32' title="bbox 489 1908 2045 1980">
     <span class='ocr_line' id='line_1_33' title="bbox 489 1908 2045 1980; baseline 0.003 -20"><span class='ocrx_word' id='word_1_224' title='bbox 489 1909 577 1976; x_wconf 88' lang='lat' dir='ltr'><strong>qui</strong></span> <span class='ocrx_word' id='word_1_225' title='bbox 632 1910 774 1976; x_wconf 78' lang='lat' dir='ltr'><strong>regia</strong></span> <span class='ocrx_word' id='word_1_226' title='bbox 821 1925 985 1977; x_wconf 75' lang='lat' dir='ltr'><strong>penes</strong></span> <span class='ocrx_word' id='word_1_227' title='bbox 1030 1909 1175 1978; x_wconf 84' lang='lat' dir='ltr'><strong>ipsos</strong></span> <span class='ocrx_word' id='word_1_228' title='bbox 1204 1909 1465 1975; x_wconf 76' lang='lat' dir='ltr'><strong>dignitate</strong></span> <span class='ocrx_word' id='word_1_229' title='bbox 1507 1908 1797 1980; x_wconf 80' lang='lat' dir='ltr'><strong>fulgebant.</strong></span> <span class='ocrx_word' id='word_1_230' title='bbox 1830 1908 1962 1965; x_wconf 87' lang='lat' dir='ltr'><strong>Nam</strong></span> <span class='ocrx_word' id='word_1_231' title='bbox 2000 1912 2045 1965; x_wconf 94' lang='lat' dir='ltr'><strong>hi</strong></span> 
     </span>
    </p>
   </div>
   <div class='ocr_carea' id='block_1_33' title="bbox 2150 1905 3724 1992">
    <p class='ocr_par' dir='ltr' id='par_1_33' title="bbox 2153 1905 3724 1985">
     <span class='ocr_line' id='line_1_34' title="bbox 2153 1905 3724 1985; baseline 0.001 -21"><span class='ocrx_word' id='word_1_232' title='bbox 2153 1911 2276 1981; x_wconf 81' lang='grc' dir='ltr'>λικῇ</span> <span class='ocrx_word' id='word_1_233' title='bbox 2311 1911 2436 1982; x_wconf 71' lang='grc' dir='ltr'>ἀξίᾳ</span> <span class='ocrx_word' id='word_1_234' title='bbox 2464 1911 2858 1985; x_wconf 81' lang='grc' dir='ltr'><strong>τετιμημένων.</strong></span> <span class='ocrx_word' id='word_1_235' title='bbox 2907 1905 3063 1964; x_wconf 78' lang='grc' dir='ltr'>Οὗτοι</span> <span class='ocrx_word' id='word_1_236' title='bbox 3101 1911 3210 1983; x_wconf 85' lang='grc' dir='ltr'>γὰρ</span> <span class='ocrx_word' id='word_1_237' title='bbox 3235 1907 3374 1983; x_wconf 79' lang='grc' dir='ltr'>ἦσαν</span> <span class='ocrx_word' id='word_1_238' title='bbox 3403 1915 3451 1966; x_wconf 89' lang='grc' dir='ltr'>οἱ</span> <span class='ocrx_word' id='word_1_239' title='bbox 3486 1912 3724 1966; x_wconf 68' lang='grc' dir='ltr'>ἐνταῦθα</span> 
     </span>
    </p>
   </div>
   <div class='ocr_carea' id='block_1_34' title="bbox 490 1999 2048 2071">
    <p class='ocr_par' dir='ltr' id='par_1_34' title="bbox 490 1999 2048 2071">
     <span class='ocr_line' id='line_1_35' title="bbox 490 1999 2048 2071; baseline 0.003 -20"><span class='ocrx_word' id='word_1_240' title='bbox 490 2011 631 2058; x_wconf 82' lang='lat' dir='ltr'><strong>sunt,</strong></span> <span class='ocrx_word' id='word_1_241' title='bbox 682 1999 772 2069; x_wconf 95' lang='lat' dir='ltr'><strong>qui</strong></span> <span class='ocrx_word' id='word_1_242' title='bbox 819 2001 921 2054; x_wconf 88' lang='lat' dir='ltr'><strong>hoc</strong></span> <span class='ocrx_word' id='word_1_243' title='bbox 967 2000 1084 2058; x_wconf 88' lang='lat' dir='ltr'><strong>loco</strong></span> <span class='ocrx_word' id='word_1_244' title='bbox 1121 2000 1314 2054; x_wconf 75' lang='lat' dir='ltr'><strong>divites</strong></span> <span class='ocrx_word' id='word_1_245' title='bbox 1357 1999 1737 2070; x_wconf 87' lang='lat' dir='ltr'><strong>appellantur:</strong></span> <span class='ocrx_word' id='word_1_246' title='bbox 1772 2019 1906 2071; x_wconf 89' lang='lat' dir='ltr'><strong>quos</strong></span> <span class='ocrx_word' id='word_1_247' title='bbox 1947 2019 2048 2057; x_wconf 91' lang='lat' dir='ltr'><strong>non</strong></span> 
     </span>
    </p>
   </div>
   <div class='ocr_carea' id='block_1_35' title="bbox 490 2091 2053 2165">
    <p class='ocr_par' dir='ltr' id='par_1_35' title="bbox 490 2091 2053 2165">
     <span class='ocr_line' id='line_1_36' title="bbox 490 2091 2053 2165; baseline 0.001 -21"><span class='ocrx_word' id='word_1_248' title='bbox 490 2093 575 2144; x_wconf 76' lang='lat' dir='ltr'><strong>diu</strong></span> <span class='ocrx_word' id='word_1_249' title='bbox 612 2101 792 2160; x_wconf 79' lang='lat' dir='ltr'><strong>postea</strong></span> <span class='ocrx_word' id='word_1_250' title='bbox 823 2093 902 2146; x_wconf 89' lang='lat' dir='ltr'><strong>ira</strong></span> <span class='ocrx_word' id='word_1_251' title='bbox 936 2091 1027 2146; x_wconf 77' lang='lat' dir='ltr'><strong>Dei</strong></span> <span class='ocrx_word' id='word_1_252' title='bbox 1057 2092 1274 2159; x_wconf 87' lang='lat' dir='ltr'><strong>invasit,</strong></span> <span class='ocrx_word' id='word_1_253' title='bbox 1307 2095 1433 2164; x_wconf 85' lang='lat' dir='ltr'><strong>quia</strong></span> <span class='ocrx_word' id='word_1_254' title='bbox 1469 2094 1869 2165; x_wconf 85' lang='lat' dir='ltr'><strong>impeccabilem</strong></span> <span class='ocrx_word' id='word_1_255' title='bbox 1894 2093 2053 2149; x_wconf 77' lang='lat' dir='ltr'><strong>Chri—</strong></span> 
     </span>
    </p>
   </div>
   <div class='ocr_carea' id='block_1_36' title="bbox 489 2185 2046 2256">
    <p class='ocr_par' dir='ltr' id='par_1_36' title="bbox 489 2185 2046 2256">
     <span class='ocr_line' id='line_1_37' title="bbox 489 2185 2046 2256; baseline 0.003 -21"><span class='ocrx_word' id='word_1_256' title='bbox 489 2192 666 2247; x_wconf 78' lang='lat' dir='ltr'><strong>stum,</strong></span> <span class='ocrx_word' id='word_1_257' title='bbox 723 2185 814 2245; x_wconf 87' lang='lat' dir='ltr'><strong>tali</strong></span> <span class='ocrx_word' id='word_1_258' title='bbox 870 2185 1132 2253; x_wconf 76' lang='lat' dir='ltr'><strong>supplicio</strong></span> <span class='ocrx_word' id='word_1_259' title='bbox 1185 2186 1524 2242; x_wconf 79' lang='lat' dir='ltr'><strong>dediderant.</strong></span> <span class='ocrx_word' id='word_1_260' title='bbox 1565 2206 1583 2238; x_wconf 81' lang='grc' dir='ltr'><strong>ι</strong></span> <span class='ocrx_word' id='word_1_261' title='bbox 1624 2187 1753 2252; x_wconf 81' lang='lat' dir='ltr'><strong>Quia</strong></span> <span class='ocrx_word' id='word_1_262' title='bbox 1795 2187 2046 2256; x_wconf 89' lang='lat' dir='ltr'><strong>iniquita-</strong></span> 
     </span>
    </p>
   </div>
   <div class='ocr_carea' id='block_1_37' title="bbox 491 2273 2050 2346">
    <p class='ocr_par' dir='ltr' id='par_1_37' title="bbox 491 2273 2050 2346">
     <span class='ocr_line' id='line_1_38' title="bbox 491 2273 2050 2346; baseline 0.003 -22"><span class='ocrx_word' id='word_1_263' title='bbox 491 2287 592 2328; x_wconf 68' lang='lat' dir='ltr'><strong>lem</strong></span> <span class='ocrx_word' id='word_1_264' title='bbox 629 2292 732 2329; x_wconf 84' lang='lat' dir='ltr'><strong>non</strong></span> <span class='ocrx_word' id='word_1_265' title='bbox 763 2275 909 2341; x_wconf 73' lang='lat' dir='ltr'><strong>fecit,</strong></span> <span class='ocrx_word' id='word_1_266' title='bbox 960 2291 1132 2346; x_wconf 82' lang='lat' dir='ltr'><strong>neque</strong></span> <span class='ocrx_word' id='word_1_267' title='bbox 1176 2276 1354 2330; x_wconf 88' lang='lat' dir='ltr'><strong>dolum</strong></span> <span class='ocrx_word' id='word_1_268' title='bbox 1389 2275 1441 2330; x_wconf 93' lang='lat' dir='ltr'><strong>in</strong></span> <span class='ocrx_word' id='word_1_269' title='bbox 1485 2291 1578 2329; x_wconf 84' lang='lat' dir='ltr'><strong>ore</strong></span> <span class='ocrx_word' id='word_1_270' title='bbox 1626 2291 1740 2328; x_wconf 84' lang='lat' dir='ltr'><strong>suo.</strong></span> <span class='ocrx_word' id='word_1_271' title='bbox 1772 2293 1788 2324; x_wconf 73' lang='grc' dir='ltr'><strong>ι</strong></span> <span class='ocrx_word' id='word_1_272' title='bbox 1836 2275 1909 2328; x_wconf 90' lang='lat' dir='ltr'><strong>De</strong></span> <span class='ocrx_word' id='word_1_273' title='bbox 1939 2273 2050 2341; x_wconf 82' lang='lat' dir='ltr'><strong>ejus</strong></span> 
     </span>
    </p>
   </div>
   <div class='ocr_carea' id='block_1_38' title="bbox 489 2365 2049 2436">
    <p class='ocr_par' dir='ltr' id='par_1_38' title="bbox 489 2365 2049 2436">
     <span class='ocr_line' id='line_1_39' title="bbox 489 2365 2049 2436; baseline -0.001 -17"><span class='ocrx_word' id='word_1_274' title='bbox 489 2387 582 2420; x_wconf 71' lang='lat' dir='ltr'><strong>seu</strong></span> <span class='ocrx_word' id='word_1_275' title='bbox 621 2367 785 2421; x_wconf 87' lang='lat' dir='ltr'><strong>verbo</strong></span> <span class='ocrx_word' id='word_1_276' title='bbox 831 2383 923 2422; x_wconf 89' lang='lat' dir='ltr'><strong>seu</strong></span> <span class='ocrx_word' id='word_1_277' title='bbox 955 2382 1117 2436; x_wconf 87' lang='lat' dir='ltr'><strong>opere</strong></span> <span class='ocrx_word' id='word_1_278' title='bbox 1166 2365 1614 2435; x_wconf 88' lang='lat' dir='ltr'><strong>impeccahilitate</strong></span> <span class='ocrx_word' id='word_1_279' title='bbox 1647 2366 1855 2435; x_wconf 90' lang='lat' dir='ltr'><strong>loquor,</strong></span> <span class='ocrx_word' id='word_1_280' title='bbox 1892 2381 2049 2433; x_wconf 86' lang='lat' dir='ltr'><strong>quam</strong></span> 
     </span>
    </p>
   </div>
   <div class='ocr_carea' id='block_1_39' title="bbox 512 2455 2046 2526">
    <p class='ocr_par' dir='ltr' id='par_1_39' title="bbox 512 2455 2046 2526">
     <span class='ocr_line' id='line_1_40' title="bbox 512 2455 2046 2526; baseline -0.001 -15"><span class='ocrx_word' id='word_1_281' title='bbox 512 2476 538 2511; x_wconf 94' lang='lat' dir='ltr'><strong>u</strong></span> <span class='ocrx_word' id='word_1_282' title='bbox 571 2460 715 2512; x_wconf 78' lang='lat' dir='ltr'><strong>muni</strong></span> <span class='ocrx_word' id='word_1_283' title='bbox 753 2460 860 2512; x_wconf 79' lang='lat' dir='ltr'><strong>vita</strong></span> <span class='ocrx_word' id='word_1_284' title='bbox 896 2476 988 2514; x_wconf 83' lang='lat' dir='ltr'><strong>sua</strong></span> <span class='ocrx_word' id='word_1_285' title='bbox 1021 2457 1275 2514; x_wconf 86' lang='lat' dir='ltr'><strong>obtinuit.</strong></span> <span class='ocrx_word' id='word_1_286' title='bbox 1318 2475 1336 2507; x_wconf 82' lang='grc' dir='ltr'><strong>ι</strong></span> <span class='ocrx_word' id='word_1_287' title='bbox 1372 2456 1537 2510; x_wconf 85' lang='lat' dir='ltr'><strong>Nemo</strong></span> <span class='ocrx_word' id='word_1_288' title='bbox 1569 2457 1729 2526; x_wconf 84' lang='lat' dir='ltr'><strong>igitur</strong></span> <span class='ocrx_word' id='word_1_289' title='bbox 1761 2473 1925 2526; x_wconf 89' lang='lat' dir='ltr'><strong>purus</strong></span> <span class='ocrx_word' id='word_1_290' title='bbox 1952 2455 2046 2510; x_wconf 82' lang='lat' dir='ltr'><strong>fuit</strong></span> 
     </span>
    </p>
   </div>
   <div class='ocr_carea' id='block_1_40' title="bbox 487 2546 2043 2616">
    <p class='ocr_par' dir='ltr' id='par_1_40' title="bbox 487 2546 2043 2616">
     <span class='ocr_line' id='line_1_41' title="bbox 487 2546 2043 2616; baseline -0.001 -17"><span class='ocrx_word' id='word_1_291' title='bbox 487 2571 514 2599; x_wconf 78' lang='grc' dir='ltr'>,ι</span> <span class='ocrx_word' id='word_1_292' title='bbox 568 2550 750 2613; x_wconf 79' lang='lat' dir='ltr'><strong>sorde,</strong></span> <span class='ocrx_word' id='word_1_293' title='bbox 802 2549 1016 2602; x_wconf 87' lang='lat' dir='ltr'><strong>etiamsi</strong></span> <span class='ocrx_word' id='word_1_294' title='bbox 1075 2549 1231 2602; x_wconf 77' lang='lat' dir='ltr'><strong>lllllllS</strong></span> <span class='ocrx_word' id='word_1_295' title='bbox 1285 2546 1388 2602; x_wconf 89' lang='lat' dir='ltr'><strong>diei</strong></span> <span class='ocrx_word' id='word_1_296' title='bbox 1443 2547 1600 2603; x_wconf 81' lang='lat' dir='ltr'><strong>fuerit</strong></span> <span class='ocrx_word' id='word_1_297' title='bbox 1649 2547 1752 2601; x_wconf 79' lang='lat' dir='ltr'><strong>vita</strong></span> <span class='ocrx_word' id='word_1_298' title='bbox 1813 2547 1926 2616; x_wconf 86' lang='lat' dir='ltr'><strong>ejus</strong></span> <span class='ocrx_word' id='word_1_299' title='bbox 1949 2547 1990 2613; x_wconf 82' lang='grc'><strong>⁸,</strong></span> <span class='ocrx_word' id='word_1_300' title='bbox 2025 2566 2043 2598; x_wconf 74' lang='grc' dir='ltr'><strong>ι</strong></span> 
     </span>
    </p>
   </div>
   <div class='ocr_carea' id='block_1_41' title="bbox 490 2644 759 2708">
    <p class='ocr_par' dir='ltr' id='par_1_41' title="bbox 490 2644 759 2708">
     <span class='ocr_line' id='line_1_42' title="bbox 490 2644 759 2708; baseline 0.007 -16"><span class='ocrx_word' id='word_1_301' title='bbox 490 2644 589 2693; x_wconf 69' lang='grc' dir='ltr'><strong>ςιξεί</strong></span> <span class='ocrx_word' id='word_1_302' title='bbox 631 2644 759 2708; x_wconf 75' lang='lat' dir='ltr'><strong>ipse.</strong></span> 
     </span>
    </p>
   </div>
   <div class='ocr_carea' id='block_1_42' title="bbox 559 2751 2046 2825">
    <p class='ocr_par' dir='ltr' id='par_1_42' title="bbox 559 2751 2046 2825">
     <span class='ocr_line' id='line_1_43' title="bbox 559 2751 2046 2825; baseline -0.001 -18"><span class='ocrx_word' id='word_1_303' title='bbox 559 2754 719 2808; x_wconf 71' lang='lat' dir='ltr'><strong>Vsas.</strong></span> <span class='ocrx_word' id='word_1_304' title='bbox 750 2755 834 2806; x_wconf 81' lang='lat' dir='ltr'><strong>lt).</strong></span> <span class='ocrx_word' id='word_1_305' title='bbox 874 2772 892 2804; x_wconf 88' lang='grc' dir='ltr'><strong>ι</strong></span> <span class='ocrx_word' id='word_1_306' title='bbox 927 2751 1288 2825; x_wconf 16' lang='grc' dir='ltr'>Ειηῡοιιιίιιιιε</span> <span class='ocrx_word' id='word_1_307' title='bbox 1339 2753 1449 2806; x_wconf 82' lang='lat' dir='ltr'><strong>vult</strong></span> <span class='ocrx_word' id='word_1_308' title='bbox 1505 2752 1764 2806; x_wconf 88' lang='lat' dir='ltr'><strong>mundare</strong></span> <span class='ocrx_word' id='word_1_309' title='bbox 1799 2753 1973 2821; x_wconf 81' lang='lat' dir='ltr'><strong>ipsum</strong></span> <span class='ocrx_word' id='word_1_310' title='bbox 2017 2769 2046 2806; x_wconf 88' lang='lat' dir='ltr'><strong>a</strong></span> 
     </span>
    </p>
   </div>
   <div class='ocr_carea' id='block_1_43' title="bbox 485 2843 2050 2914">
    <p class='ocr_par' dir='ltr' id='par_1_43' title="bbox 485 2843 2050 2914">
     <span class='ocr_line' id='line_1_44' title="bbox 485 2843 2050 2914; baseline -0.001 -16"><span class='ocrx_word' id='word_1_311' title='bbox 485 2847 660 2914; x_wconf 78' lang='lat' dir='ltr'><strong>plaga.</strong></span> <span class='ocrx_word' id='word_1_312' title='bbox 691 2864 708 2895; x_wconf 86' lang='grc'><strong>›</strong></span> <span class='ocrx_word' id='word_1_313' title='bbox 747 2844 851 2898; x_wconf 85' lang='lat' dir='ltr'><strong>Pro</strong></span> <span class='ocrx_word' id='word_1_314' title='bbox 882 2843 1130 2898; x_wconf 87' lang='lat' dir='ltr'><strong>omnibus</strong></span> <span class='ocrx_word' id='word_1_315' title='bbox 1152 2858 1280 2912; x_wconf 75' lang='lat' dir='ltr'><strong>ergo</strong></span> <span class='ocrx_word' id='word_1_316' title='bbox 1305 2843 1392 2897; x_wconf 88' lang='lat' dir='ltr'><strong>ille</strong></span> <span class='ocrx_word' id='word_1_317' title='bbox 1423 2851 1664 2896; x_wconf 91' lang='lat' dir='ltr'><strong>mortuus</strong></span> <span class='ocrx_word' id='word_1_318' title='bbox 1691 2854 1794 2906; x_wconf 89' lang='lat' dir='ltr'><strong>est,</strong></span> <span class='ocrx_word' id='word_1_319' title='bbox 1833 2853 1890 2896; x_wconf 94' lang='lat' dir='ltr'><strong>ut</strong></span> <span class='ocrx_word' id='word_1_320' title='bbox 1924 2859 2050 2909; x_wconf 90' lang='lat' dir='ltr'><strong>pur-</strong></span> 
     </span>
    </p>
   </div>
   <div class='ocr_carea' id='block_1_44' title="bbox 486 2934 2049 3009">
    <p class='ocr_par' dir='ltr' id='par_1_44' title="bbox 486 2934 2049 3009">
     <span class='ocr_line' id='line_1_45' title="bbox 486 2934 2049 3009; baseline -0.001 -19"><span class='ocrx_word' id='word_1_321' title='bbox 486 2948 635 3009; x_wconf 73' lang='lat' dir='ltr'><strong>garet</strong></span> <span class='ocrx_word' id='word_1_322' title='bbox 663 2947 715 2990; x_wconf 85' lang='lat' dir='ltr'><strong>et</strong></span> <span class='ocrx_word' id='word_1_323' title='bbox 749 2935 960 2989; x_wconf 91' lang='lat' dir='ltr'><strong>tolleret</strong></span> <span class='ocrx_word' id='word_1_324' title='bbox 989 2945 1268 3004; x_wconf 84' lang='lat' dir='ltr'><strong>peccatum</strong></span> <span class='ocrx_word' id='word_1_325' title='bbox 1300 2935 1517 2999; x_wconf 89' lang='lat' dir='ltr'><strong>mundi;</strong></span> <span class='ocrx_word' id='word_1_326' title='bbox 1549 2934 1901 3003; x_wconf 82' lang='lat' dir='ltr'><strong>quamobrem</strong></span> <span class='ocrx_word' id='word_1_327' title='bbox 1937 2949 1968 2987; x_wconf 90' lang='lat' dir='ltr'><strong>e</strong></span> <span class='ocrx_word' id='word_1_328' title='bbox 1991 2949 2049 2989; x_wconf 87' lang='lat' dir='ltr'><strong>re</strong></span> 
     </span>
    </p>
   </div>
   <div class='ocr_carea' id='block_1_45' title="bbox 499 3023 2048 3094">
    <p class='ocr_par' dir='ltr' id='par_1_45' title="bbox 499 3023 2048 3094">
     <span class='ocr_line' id='line_1_46' title="bbox 499 3023 2048 3094; baseline 0.001 -16"><span class='ocrx_word' id='word_1_329' title='bbox 499 3027 597 3080; x_wconf 85' lang='lat' dir='ltr'><strong>bre</strong></span> <span class='ocrx_word' id='word_1_330' title='bbox 626 3025 915 3078; x_wconf 77' lang='lat' dir='ltr'><strong>:estimavit</strong></span> <span class='ocrx_word' id='word_1_331' title='bbox 945 3025 1083 3080; x_wconf 87' lang='lat' dir='ltr'><strong>Deus</strong></span> <span class='ocrx_word' id='word_1_332' title='bbox 1121 3034 1175 3078; x_wconf 90' lang='lat' dir='ltr'><strong>et</strong></span> <span class='ocrx_word' id='word_1_333' title='bbox 1206 3023 1383 3088; x_wconf 83' lang='lat' dir='ltr'><strong>Pater,</strong></span> <span class='ocrx_word' id='word_1_334' title='bbox 1418 3025 1460 3076; x_wconf 90' lang='lat' dir='ltr'><strong>si</strong></span> <span class='ocrx_word' id='word_1_335' title='bbox 1497 3040 1617 3078; x_wconf 90' lang='lat' dir='ltr'><strong>eum</strong></span> <span class='ocrx_word' id='word_1_336' title='bbox 1660 3040 1688 3076; x_wconf 91' lang='lat' dir='ltr'><strong>a</strong></span> <span class='ocrx_word' id='word_1_337' title='bbox 1722 3024 1905 3094; x_wconf 81' lang='lat' dir='ltr'><strong>plaga,</strong></span> <span class='ocrx_word' id='word_1_338' title='bbox 1936 3026 2048 3080; x_wconf 86' lang='lat' dir='ltr'><strong>sive</strong></span> 
     </span>
    </p>
   </div>
   <div class='ocr_carea' id='block_1_46' title="bbox 484 3115 2044 3186">
    <p class='ocr_par' dir='ltr' id='par_1_46' title="bbox 484 3115 2044 3186">
     <span class='ocr_line' id='line_1_47' title="bbox 484 3115 2044 3186; baseline 0.001 -15"><span class='ocrx_word' id='word_1_339' title='bbox 484 3121 550 3171; x_wconf 88' lang='lat' dir='ltr'><strong>ah</strong></span> <span class='ocrx_word' id='word_1_340' title='bbox 584 3118 726 3171; x_wconf 84' lang='lat' dir='ltr'><strong>illata</strong></span> <span class='ocrx_word' id='word_1_341' title='bbox 755 3117 1005 3186; x_wconf 79' lang='lat' dir='ltr'><strong>passione</strong></span> <span class='ocrx_word' id='word_1_342' title='bbox 1037 3124 1313 3185; x_wconf 76' lang='lat' dir='ltr'><strong>purgaret.</strong></span> <span class='ocrx_word' id='word_1_343' title='bbox 1362 3135 1380 3167; x_wconf 84' lang='grc' dir='ltr'><strong>ι</strong></span> <span class='ocrx_word' id='word_1_344' title='bbox 1414 3115 1470 3170; x_wconf 89' lang='lat' dir='ltr'><strong>Si</strong></span> <span class='ocrx_word' id='word_1_345' title='bbox 1508 3117 1760 3171; x_wconf 90' lang='lat' dir='ltr'><strong>dederitis</strong></span> <span class='ocrx_word' id='word_1_346' title='bbox 1793 3132 1886 3186; x_wconf 83' lang='lat' dir='ltr'><strong>pro</strong></span> <span class='ocrx_word' id='word_1_347' title='bbox 1917 3132 2044 3186; x_wconf 89' lang='lat' dir='ltr'><strong>pec-</strong></span> 
     </span>
    </p>
   </div>
   <div class='ocr_carea' id='block_1_47' title="bbox 493 3205 2038 3274">
    <p class='ocr_par' dir='ltr' id='par_1_47' title="bbox 493 3205 2038 3274">
     <span class='ocr_line' id='line_1_48' title="bbox 493 3205 2038 3274; baseline -0.004 -12"><span class='ocrx_word' id='word_1_348' title='bbox 493 3219 639 3274; x_wconf 79' lang='lat' dir='ltr'><strong>rato,</strong></span> <span class='ocrx_word' id='word_1_349' title='bbox 697 3209 875 3260; x_wconf 87' lang='lat' dir='ltr'><strong>anima</strong></span> <span class='ocrx_word' id='word_1_350' title='bbox 934 3218 1110 3260; x_wconf 84' lang='lat' dir='ltr'><strong>vestra</strong></span> <span class='ocrx_word' id='word_1_351' title='bbox 1180 3206 1380 3259; x_wconf 84' lang='lat' dir='ltr'><strong>videbit</strong></span> <span class='ocrx_word' id='word_1_352' title='bbox 1433 3219 1616 3270; x_wconf 86' lang='lat' dir='ltr'><strong>semen</strong></span> <span class='ocrx_word' id='word_1_353' title='bbox 1671 3205 1988 3271; x_wconf 62' lang='lat' dir='ltr'><strong>longaevum.</strong></span> <span class='ocrx_word' id='word_1_354' title='bbox 2020 3223 2038 3256; x_wconf 74' lang='grc' dir='ltr'><strong>ι</strong></span> 
     </span>
    </p>
   </div>
   <div class='ocr_carea' id='block_1_48' title="bbox 2152 2001 3725 2075">
    <p class='ocr_par' dir='ltr' id='par_1_48' title="bbox 2152 2001 3725 2075">
     <span class='ocr_line' id='line_1_49' title="bbox 2152 2001 3725 2075; baseline 0.002 -21"><span class='ocrx_word' id='word_1_355' title='bbox 2152 2002 2434 2074; x_wconf 78' lang='grc' dir='ltr'>λεγόμενοι</span> <span class='ocrx_word' id='word_1_356' title='bbox 2458 2001 2736 2055; x_wconf 80' lang='grc' dir='ltr'>πλούσιοι·</span> <span class='ocrx_word' id='word_1_357' title='bbox 2773 2001 2865 2066; x_wconf 81' lang='grc' dir='ltr'><strong>οὓς</strong></span> <span class='ocrx_word' id='word_1_358' title='bbox 2902 2001 3164 2072; x_wconf 80' lang='grc' dir='ltr'>μετῆλθεν</span> <span class='ocrx_word' id='word_1_359' title='bbox 3198 2004 3295 2056; x_wconf 88' lang='grc' dir='ltr'><strong>οὐκ</strong></span> <span class='ocrx_word' id='word_1_360' title='bbox 3320 2004 3399 2067; x_wconf 86' lang='grc' dir='ltr'><strong>είς</strong></span> <span class='ocrx_word' id='word_1_361' title='bbox 3440 2005 3655 2074; x_wconf 75' lang='grc' dir='ltr'>μακρὰν</span> <span class='ocrx_word' id='word_1_362' title='bbox 3685 2006 3725 2075; x_wconf 81' lang='grc' dir='ltr'>ἠ</span> 
     </span>
    </p>
   </div>
   <div class='ocr_carea' id='block_1_49' title="bbox 2152 2093 3726 2166">
    <p class='ocr_par' dir='ltr' id='par_1_49' title="bbox 2152 2093 3726 2166">
     <span class='ocr_line' id='line_1_50' title="bbox 2152 2093 3726 2166; baseline 0.001 -18"><span class='ocrx_word' id='word_1_363' title='bbox 2152 2095 2286 2166; x_wconf 81' lang='grc' dir='ltr'>ὀργὴ</span> <span class='ocrx_word' id='word_1_364' title='bbox 2316 2094 2409 2148; x_wconf 82' lang='grc' dir='ltr'>τοῦ</span> <span class='ocrx_word' id='word_1_365' title='bbox 2450 2093 2605 2158; x_wconf 80' lang='grc' dir='ltr'>Θεοῦ,</span> <span class='ocrx_word' id='word_1_366' title='bbox 2638 2094 2769 2146; x_wconf 83' lang='grc' dir='ltr'>διότι</span> <span class='ocrx_word' id='word_1_367' title='bbox 2805 2093 3184 2164; x_wconf 80' lang='grc' dir='ltr'><strong>ἀναμάρτητον</strong></span> <span class='ocrx_word' id='word_1_368' title='bbox 3209 2094 3338 2148; x_wconf 74' lang='grc' dir='ltr'>ὄντα</span> <span class='ocrx_word' id='word_1_369' title='bbox 3371 2096 3458 2147; x_wconf 82' lang='grc' dir='ltr'>τὸν</span> <span class='ocrx_word' id='word_1_370' title='bbox 3487 2095 3726 2166; x_wconf 80' lang='grc' dir='ltr'>Χριστὸν</span> 
     </span>
    </p>
   </div>
   <div class='ocr_carea' id='block_1_50' title="bbox 2151 2183 3722 2258">
    <p class='ocr_par' dir='ltr' id='par_1_50' title="bbox 2151 2183 3722 2258">
     <span class='ocr_line' id='line_1_51' title="bbox 2151 2183 3722 2258; baseline 0.001 -19"><span class='ocrx_word' id='word_1_371' title='bbox 2151 2186 2373 2258; x_wconf 82' lang='grc' dir='ltr'>τοιαύτῃ</span> <span class='ocrx_word' id='word_1_372' title='bbox 2402 2185 2618 2239; x_wconf 79' lang='grc' dir='ltr'>κολάσει</span> <span class='ocrx_word' id='word_1_373' title='bbox 2646 2183 3098 2255; x_wconf 81' lang='grc' dir='ltr'>ὐποϐεϐλήκασιν.</span> <span class='ocrx_word' id='word_1_374' title='bbox 3126 2202 3145 2236; x_wconf 81' lang='grc' dir='ltr'><strong>ι</strong></span> <span class='ocrx_word' id='word_1_375' title='bbox 3183 2186 3304 2238; x_wconf 88' lang='grc' dir='ltr'>Ὅτι</span> <span class='ocrx_word' id='word_1_376' title='bbox 3351 2187 3575 2256; x_wconf 76' lang='grc' dir='ltr'><strong>ἀνομίαν</strong></span> <span class='ocrx_word' id='word_1_377' title='bbox 3617 2189 3722 2241; x_wconf 73' lang='grc' dir='ltr'>οὐκ</span> 
     </span>
    </p>
   </div>
   <div class='ocr_carea' id='block_1_51' title="bbox 2153 2277 3729 2350">
    <p class='ocr_par' dir='ltr' id='par_1_51' title="bbox 2153 2277 3729 2350">
     <span class='ocr_line' id='line_1_52' title="bbox 2153 2277 3729 2350; baseline 0.001 -20"><span class='ocrx_word' id='word_1_378' title='bbox 2153 2277 2424 2348; x_wconf 78' lang='grc' dir='ltr'>ἐποίησεν,</span> <span class='ocrx_word' id='word_1_379' title='bbox 2448 2277 2566 2330; x_wconf 81' lang='grc' dir='ltr'><strong>οὐδὲ</strong></span> <span class='ocrx_word' id='word_1_380' title='bbox 2609 2277 2755 2330; x_wconf 91' lang='grc' dir='ltr'>δὸλον</span> <span class='ocrx_word' id='word_1_381' title='bbox 2772 2279 2828 2332; x_wconf 84' lang='grc' dir='ltr'>ὲν</span> <span class='ocrx_word' id='word_1_382' title='bbox 2843 2278 2920 2350; x_wconf 84' lang='grc' dir='ltr'><strong>τῷ</strong></span> <span class='ocrx_word' id='word_1_383' title='bbox 2937 2280 3162 2350; x_wconf 88' lang='grc' dir='ltr'>στόματι</span> <span class='ocrx_word' id='word_1_384' title='bbox 3179 2279 3363 2334; x_wconf 79' lang='grc' dir='ltr'>αὑτοῦ.</span> <span class='ocrx_word' id='word_1_385' title='bbox 3376 2298 3392 2331; x_wconf 85' lang='grc' dir='ltr'><strong>ι</strong></span> <span class='ocrx_word' id='word_1_386' title='bbox 3405 2279 3560 2347; x_wconf 81' lang='grc' dir='ltr'>Λέγω</span> <span class='ocrx_word' id='word_1_387' title='bbox 3575 2278 3640 2350; x_wconf 79' lang='grc' dir='ltr'>δὴ</span> <span class='ocrx_word' id='word_1_388' title='bbox 3656 2279 3729 2332; x_wconf 76' lang='grc' dir='ltr'>τὸ</span> 
     </span>
    </p>
   </div>
   <div class='ocr_carea' id='block_1_52' title="bbox 2149 2367 3726 2441">
    <p class='ocr_par' dir='ltr' id='par_1_52' title="bbox 2149 2367 3726 2441">
     <span class='ocr_line' id='line_1_53' title="bbox 2149 2367 3726 2441; baseline 0.001 -19"><span class='ocrx_word' id='word_1_389' title='bbox 2149 2369 2215 2422; x_wconf 72' lang='grc' dir='ltr'><strong>δι’</strong></span> <span class='ocrx_word' id='word_1_390' title='bbox 2235 2369 2361 2440; x_wconf 83' lang='grc' dir='ltr'><strong>ὅλης</strong></span> <span class='ocrx_word' id='word_1_391' title='bbox 2389 2368 2490 2438; x_wconf 85' lang='grc' dir='ltr'><strong>τῆς</strong></span> <span class='ocrx_word' id='word_1_392' title='bbox 2525 2367 2620 2420; x_wconf 82' lang='grc' dir='ltr'><strong>τοῦ</strong></span> <span class='ocrx_word' id='word_1_393' title='bbox 2649 2367 2762 2438; x_wconf 84' lang='grc' dir='ltr'>βίου</span> <span class='ocrx_word' id='word_1_394' title='bbox 2789 2367 2931 2440; x_wconf 76' lang='grc' dir='ltr'>ζωῆς</span> <span class='ocrx_word' id='word_1_395' title='bbox 2958 2370 3339 2441; x_wconf 80' lang='grc' dir='ltr'><strong>ἀναμάρτητον</strong></span> <span class='ocrx_word' id='word_1_396' title='bbox 3367 2372 3423 2423; x_wconf 81' lang='grc' dir='ltr'><strong>ὲν</strong></span> <span class='ocrx_word' id='word_1_397' title='bbox 3439 2370 3582 2440; x_wconf 81' lang='grc' dir='ltr'>λόγῳ</span> <span class='ocrx_word' id='word_1_398' title='bbox 3623 2369 3726 2424; x_wconf 65' lang='grc' dir='ltr'>καὶ</span> 
     </span>
    </p>
   </div>
   <div class='ocr_carea' id='block_1_53' title="bbox 2151 2454 3724 2532">
    <p class='ocr_par' dir='ltr' id='par_1_53' title="bbox 2151 2454 3724 2532">
     <span class='ocr_line' id='line_1_54' title="bbox 2151 2454 3724 2532; baseline 0.001 -21"><span class='ocrx_word' id='word_1_399' title='bbox 2151 2459 2314 2531; x_wconf 77' lang='grc' dir='ltr'>ἔργῳ.</span> <span class='ocrx_word' id='word_1_400' title='bbox 2352 2477 2370 2508; x_wconf 84' lang='grc'>‹</span> <span class='ocrx_word' id='word_1_401' title='bbox 2405 2457 2594 2521; x_wconf 75' lang='grc' dir='ltr'>Οὐδεὶς</span> <span class='ocrx_word' id='word_1_402' title='bbox 2619 2454 2711 2510; x_wconf 79' lang='grc' dir='ltr'>οὖν</span> <span class='ocrx_word' id='word_1_403' title='bbox 2747 2457 2988 2532; x_wconf 81' lang='grc' dir='ltr'>καθαρὸς</span> <span class='ocrx_word' id='word_1_404' title='bbox 3009 2460 3232 2528; x_wconf 85' lang='grc' dir='ltr'>γέγονεν</span> <span class='ocrx_word' id='word_1_405' title='bbox 3257 2460 3365 2512; x_wconf 85' lang='grc' dir='ltr'>ἀπὸ</span> <span class='ocrx_word' id='word_1_406' title='bbox 3387 2458 3581 2528; x_wconf 77' lang='grc' dir='ltr'>ῥύπου,</span> <span class='ocrx_word' id='word_1_407' title='bbox 3605 2459 3724 2514; x_wconf 74' lang='grc' dir='ltr'>οὐδ’</span> 
     </span>
    </p>
   </div>
   <div class='ocr_carea' id='block_1_54' title="bbox 2150 2546 3558 2623">
    <p class='ocr_par' dir='ltr' id='par_1_54' title="bbox 2150 2546 3558 2623">
     <span class='ocr_line' id='line_1_55' title="bbox 2150 2546 3558 2623; baseline -0.001 -19"><span class='ocrx_word' id='word_1_408' title='bbox 2150 2553 2198 2604; x_wconf 85' lang='grc' dir='ltr'><strong>εί</strong></span> <span class='ocrx_word' id='word_1_409' title='bbox 2225 2551 2322 2622; x_wconf 90' lang='grc' dir='ltr'><strong>μία</strong></span> <span class='ocrx_word' id='word_1_410' title='bbox 2347 2550 2528 2622; x_wconf 79' lang='grc' dir='ltr'>ἡμέρα</span> <span class='ocrx_word' id='word_1_411' title='bbox 2553 2546 2620 2623; x_wconf 82' lang='grc' dir='ltr'>ἦν</span> <span class='ocrx_word' id='word_1_412' title='bbox 2652 2552 2685 2622; x_wconf 85' lang='grc' dir='ltr'>ἡ</span> <span class='ocrx_word' id='word_1_413' title='bbox 2715 2549 2827 2622; x_wconf 76' lang='grc' dir='ltr'><strong>ζωὴ</strong></span> <span class='ocrx_word' id='word_1_414' title='bbox 2866 2549 3052 2616; x_wconf 78' lang='grc' dir='ltr'>αὑτοῦ,</span> <span class='ocrx_word' id='word_1_415' title='bbox 3084 2569 3102 2602; x_wconf 78' lang='grc' dir='ltr'><strong>ι</strong></span> <span class='ocrx_word' id='word_1_416' title='bbox 3128 2550 3160 2621; x_wconf 85' lang='grc' dir='ltr'>ἢ</span> <span class='ocrx_word' id='word_1_417' title='bbox 3189 2549 3350 2618; x_wconf 88' lang='grc' dir='ltr'>μόνος</span> <span class='ocrx_word' id='word_1_418' title='bbox 3379 2549 3558 2612; x_wconf 81' lang='grc' dir='ltr'>αὐτὸς.</span> 
     </span>
    </p>
   </div>
   <div class='ocr_carea' id='block_1_55' title="bbox 2226 2749 3725 2827">
    <p class='ocr_par' dir='ltr' id='par_1_55' title="bbox 2226 2749 3725 2827">
     <span class='ocr_line' id='line_1_56' title="bbox 2226 2749 3725 2827; baseline 0.006 -28"><span class='ocrx_word' id='word_1_419' title='bbox 2226 2766 2244 2798; x_wconf 77' lang='grc' dir='ltr'><strong>ι</strong></span> <span class='ocrx_word' id='word_1_420' title='bbox 2285 2749 2394 2801; x_wconf 74' lang='grc' dir='ltr'><strong>Καὶ</strong></span> <span class='ocrx_word' id='word_1_421' title='bbox 2421 2749 2623 2825; x_wconf 85' lang='grc' dir='ltr'>Κύριος</span> <span class='ocrx_word' id='word_1_422' title='bbox 2660 2752 2904 2822; x_wconf 81' lang='grc' dir='ltr'>βούλεται</span> <span class='ocrx_word' id='word_1_423' title='bbox 2937 2754 3230 2826; x_wconf 79' lang='grc' dir='ltr'>καθαρίσαι</span> <span class='ocrx_word' id='word_1_424' title='bbox 3261 2755 3421 2809; x_wconf 74' lang='grc' dir='ltr'>αὑτὸν</span> <span class='ocrx_word' id='word_1_425' title='bbox 3454 2754 3554 2825; x_wconf 82' lang='grc' dir='ltr'><strong>τῆς</strong></span> <span class='ocrx_word' id='word_1_426' title='bbox 3582 2755 3725 2827; x_wconf 72' lang='grc' dir='ltr'>πλη-</span> 
     </span>
    </p>
   </div>
   <div class='ocr_carea' id='block_1_56' title="bbox 2149 2839 3725 2914">
    <p class='ocr_par' dir='ltr' id='par_1_56' title="bbox 2149 2839 3725 2914">
     <span class='ocr_line' id='line_1_57' title="bbox 2149 2839 3725 2914; baseline 0.006 -23"><span class='ocrx_word' id='word_1_427' title='bbox 2149 2839 2268 2909; x_wconf 89' lang='grc' dir='ltr'>γῆς.</span> <span class='ocrx_word' id='word_1_428' title='bbox 2307 2859 2324 2891; x_wconf 76' lang='grc' dir='ltr'><strong>ι</strong></span> <span class='ocrx_word' id='word_1_429' title='bbox 2352 2840 2558 2895; x_wconf 72' lang='grc' dir='ltr'>Οὐκοῦν</span> <span class='ocrx_word' id='word_1_430' title='bbox 2591 2843 2732 2914; x_wconf 80' lang='grc' dir='ltr'>ὑπὲρ</span> <span class='ocrx_word' id='word_1_431' title='bbox 2761 2845 2976 2898; x_wconf 83' lang='grc' dir='ltr'>πάντων</span> <span class='ocrx_word' id='word_1_432' title='bbox 2999 2845 3158 2907; x_wconf 71' lang='grc' dir='ltr'>αὐτὸς</span> <span class='ocrx_word' id='word_1_433' title='bbox 3187 2845 3472 2908; x_wconf 80' lang='grc' dir='ltr'>ἀπέθανεν,</span> <span class='ocrx_word' id='word_1_434' title='bbox 3507 2846 3593 2898; x_wconf 84' lang='grc' dir='ltr'><strong>ἴνα</strong></span> <span class='ocrx_word' id='word_1_435' title='bbox 3627 2863 3725 2900; x_wconf 75' lang='grc' dir='ltr'>και-</span> 
     </span>
    </p>
   </div>
   <div class='ocr_carea' id='block_1_57' title="bbox 2149 2929 3722 3006">
    <p class='ocr_par' dir='ltr' id='par_1_57' title="bbox 2149 2929 3722 3006">
     <span class='ocr_line' id='line_1_58' title="bbox 2149 2929 3722 3006; baseline 0.006 -24"><span class='ocrx_word' id='word_1_436' title='bbox 2149 2929 2285 3001; x_wconf 81' lang='grc' dir='ltr'>θάρῃ</span> <span class='ocrx_word' id='word_1_437' title='bbox 2328 2933 2421 2984; x_wconf 77' lang='grc' dir='ltr'><strong>καὶ</strong></span> <span class='ocrx_word' id='word_1_438' title='bbox 2461 2933 2686 3006; x_wconf 85' lang='grc' dir='ltr'>περιέλῃ</span> <span class='ocrx_word' id='word_1_439' title='bbox 2710 2934 2806 3004; x_wconf 84' lang='grc' dir='ltr'>τὴν</span> <span class='ocrx_word' id='word_1_440' title='bbox 2837 2935 3108 3006; x_wconf 85' lang='grc' dir='ltr'>ἁμαρτίαν</span> <span class='ocrx_word' id='word_1_441' title='bbox 3128 2935 3219 2988; x_wconf 82' lang='grc' dir='ltr'><strong>τοῦ</strong></span> <span class='ocrx_word' id='word_1_442' title='bbox 3252 2935 3454 3005; x_wconf 86' lang='grc' dir='ltr'>κόσμου</span> <span class='ocrx_word' id='word_1_443' title='bbox 3473 2953 3486 2964; x_wconf 92' lang='grc'><strong>·</strong></span> <span class='ocrx_word' id='word_1_444' title='bbox 3523 2937 3604 2989; x_wconf 76' lang='grc' dir='ltr'>διὸ</span> <span class='ocrx_word' id='word_1_445' title='bbox 3625 2939 3722 2993; x_wconf 76' lang='grc' dir='ltr'>καὶ</span> 
     </span>
    </p>
   </div>
   <div class='ocr_carea' id='block_1_58' title="bbox 2147 3019 3721 3096">
    <p class='ocr_par' dir='ltr' id='par_1_58' title="bbox 2147 3019 3721 3096">
     <span class='ocr_line' id='line_1_59' title="bbox 2147 3019 3721 3096; baseline 0.007 -24"><span class='ocrx_word' id='word_1_446' title='bbox 2147 3019 2359 3090; x_wconf 75' lang='grc' dir='ltr'>ἔκρινεν</span> <span class='ocrx_word' id='word_1_447' title='bbox 2404 3021 2432 3073; x_wconf 84' lang='grc' dir='ltr'>ὁ</span> <span class='ocrx_word' id='word_1_448' title='bbox 2464 3020 2595 3085; x_wconf 77' lang='grc' dir='ltr'>Θεὸς</span> <span class='ocrx_word' id='word_1_449' title='bbox 2650 3024 2744 3076; x_wconf 75' lang='grc' dir='ltr'><strong>καὶ</strong></span> <span class='ocrx_word' id='word_1_450' title='bbox 2793 3025 2978 3096; x_wconf 81' lang='grc' dir='ltr'>Πατὴρ</span> <span class='ocrx_word' id='word_1_451' title='bbox 3013 3026 3174 3078; x_wconf 78' lang='grc' dir='ltr'>αὐτοῦ</span> <span class='ocrx_word' id='word_1_452' title='bbox 3225 3026 3518 3095; x_wconf 78' lang='grc' dir='ltr'>καθαρίσαι</span> <span class='ocrx_word' id='word_1_453' title='bbox 3555 3028 3721 3083; x_wconf 70' lang='grc' dir='ltr'>αὐτὸν</span> 
     </span>
    </p>
   </div>
   <div class='ocr_carea' id='block_1_59' title="bbox 2146 3111 3716 3188">
    <p class='ocr_par' dir='ltr' id='par_1_59' title="bbox 2146 3111 3716 3188">
     <span class='ocr_line' id='line_1_60' title="bbox 2146 3111 3716 3188; baseline 0.005 -24"><span class='ocrx_word' id='word_1_454' title='bbox 2146 3111 2244 3181; x_wconf 84' lang='grc' dir='ltr'><strong>τῆς</strong></span> <span class='ocrx_word' id='word_1_455' title='bbox 2275 3112 2507 3184; x_wconf 84' lang='grc' dir='ltr'>πληγῆς,</span> <span class='ocrx_word' id='word_1_456' title='bbox 2541 3114 2783 3167; x_wconf 86' lang='grc' dir='ltr'>τουτέστι</span> <span class='ocrx_word' id='word_1_457' title='bbox 2804 3115 2895 3168; x_wconf 82' lang='grc' dir='ltr'>τοῦ</span> <span class='ocrx_word' id='word_1_458' title='bbox 2920 3117 3300 3188; x_wconf 68' lang='grc' dir='ltr'>ἐπενεχθέντος</span> <span class='ocrx_word' id='word_1_459' title='bbox 3321 3116 3467 3187; x_wconf 71' lang='grc' dir='ltr'>αὐτῷ</span> <span class='ocrx_word' id='word_1_460' title='bbox 3489 3117 3716 3182; x_wconf 81' lang='grc' dir='ltr'><strong>πάθους.</strong></span> 
     </span>
    </p>
   </div>
   <div class='ocr_carea' id='block_1_60' title="bbox 2153 3203 3719 3278">
    <p class='ocr_par' dir='ltr' id='par_1_60' title="bbox 2153 3203 3719 3278">
     <span class='ocr_line' id='line_1_61' title="bbox 2153 3203 3719 3278; baseline 0.004 -24"><span class='ocrx_word' id='word_1_461' title='bbox 2153 3221 2170 3252; x_wconf 83' lang='grc' dir='ltr'><strong>ι</strong></span> <span class='ocrx_word' id='word_1_462' title='bbox 2215 3203 2339 3255; x_wconf 78' lang='grc' dir='ltr'>Ἐἀν</span> <span class='ocrx_word' id='word_1_463' title='bbox 2371 3204 2507 3256; x_wconf 83' lang='grc' dir='ltr'>δῶτε</span> <span class='ocrx_word' id='word_1_464' title='bbox 2562 3206 2688 3276; x_wconf 77' lang='grc' dir='ltr'>περὶ</span> <span class='ocrx_word' id='word_1_465' title='bbox 2745 3206 3097 3277; x_wconf 83' lang='grc' dir='ltr'>ἁμαρτίας,ή</span> <span class='ocrx_word' id='word_1_466' title='bbox 3133 3207 3277 3278; x_wconf 76' lang='grc' dir='ltr'>ψυχὴ</span> <span class='ocrx_word' id='word_1_467' title='bbox 3323 3207 3475 3278; x_wconf 84' lang='grc' dir='ltr'>ὑμῶν</span> <span class='ocrx_word' id='word_1_468' title='bbox 3525 3208 3719 3277; x_wconf 66' lang='grc' dir='ltr'>ὄψεται</span> 
     </span>
    </p>
   </div>
   <div class='ocr_carea' id='block_1_61' title="bbox 486 3273 2045 3369">
    <p class='ocr_par' dir='ltr' id='par_1_61' title="bbox 486 3297 2043 3369">
     <span class='ocr_line' id='line_1_62' title="bbox 486 3297 2043 3369; baseline -0.003 -14"><span class='ocrx_word' id='word_1_469' title='bbox 486 3302 632 3366; x_wconf 80' lang='lat' dir='ltr'><strong>Quod</strong></span> <span class='ocrx_word' id='word_1_470' title='bbox 661 3301 734 3352; x_wconf 90' lang='lat' dir='ltr'><strong>ait</strong></span> <span class='ocrx_word' id='word_1_471' title='bbox 770 3299 1071 3369; x_wconf 78' lang='lat' dir='ltr'><strong>huiusmodi</strong></span> <span class='ocrx_word' id='word_1_472' title='bbox 1097 3309 1178 3353; x_wconf 86' lang='lat' dir='ltr'><strong>est</strong></span> <span class='ocrx_word' id='word_1_473' title='bbox 1210 3314 1224 3351; x_wconf 92' lang='lat'><strong>:</strong></span> <span class='ocrx_word' id='word_1_474' title='bbox 1262 3297 1475 3352; x_wconf 84' lang='lat' dir='ltr'><strong>Postea</strong></span> <span class='ocrx_word' id='word_1_475' title='bbox 1501 3312 1618 3366; x_wconf 63' lang='lat' dir='ltr'><strong>quae</strong></span> <span class='ocrx_word' id='word_1_476' title='bbox 1653 3298 1899 3366; x_wconf 82' lang='lat' dir='ltr'><strong>superius</strong></span> <span class='ocrx_word' id='word_1_477' title='bbox 1933 3313 2043 3352; x_wconf 50' lang='lat' dir='ltr'><strong>meo</strong></span> 
     </span>
    </p>
   </div>
   <div class='ocr_carea' id='block_1_62' title="bbox 2150 3273 3720 3369">
    <p class='ocr_par' dir='ltr' id='par_1_62' title="bbox 2150 3273 3720 3366">
     <span class='ocr_line' id='line_1_63' title="bbox 2150 3273 3720 3366; baseline 0.005 -23"><span class='ocrx_word' id='word_1_478' title='bbox 2150 3293 2362 3364; x_wconf 87' lang='grc' dir='ltr'>σπέρμα</span> <span class='ocrx_word' id='word_1_479' title='bbox 2391 3273 2699 3366; x_wconf 83' lang='grc' dir='ltr'>μακρόϐιον.</span> <span class='ocrx_word' id='word_1_480' title='bbox 2737 3314 2754 3346; x_wconf 74' lang='grc' dir='ltr'><strong>ι</strong></span> <span class='ocrx_word' id='word_1_481' title='bbox 2779 3273 2843 3349; x_wconf 76' lang='grc' dir='ltr'><strong>Ὃ</strong></span> <span class='ocrx_word' id='word_1_482' title='bbox 2865 3273 2928 3349; x_wconf 82' lang='grc' dir='ltr'><strong>δὲ</strong></span> <span class='ocrx_word' id='word_1_483' title='bbox 2972 3273 3118 3364; x_wconf 79' lang='grc' dir='ltr'>λέγει</span> <span class='ocrx_word' id='word_1_484' title='bbox 3137 3273 3374 3350; x_wconf 56' lang='grc' dir='ltr'>τοίοῧτόν</span> <span class='ocrx_word' id='word_1_485' title='bbox 3398 3299 3534 3351; x_wconf 71' lang='grc' dir='ltr'>ἐστι.</span> <span class='ocrx_word' id='word_1_486' title='bbox 3560 3273 3720 3351; x_wconf 69' lang='grc' dir='ltr'>Μετά</span> 
     </span>
    </p>
   </div>
   <div class='ocr_carea' id='block_1_63' title="bbox 485 3389 2043 3462">
    <p class='ocr_par' dir='ltr' id='par_1_63' title="bbox 485 3389 2043 3462">
     <span class='ocr_line' id='line_1_64' title="bbox 485 3389 2043 3462; baseline -0.001 -17"><span class='ocrx_word' id='word_1_487' title='bbox 485 3395 832 3453; x_wconf 86' lang='lat' dir='ltr'><strong>moravimus.</strong></span> <span class='ocrx_word' id='word_1_488' title='bbox 868 3393 913 3446; x_wconf 90' lang='lat' dir='ltr'><strong>si</strong></span> <span class='ocrx_word' id='word_1_489' title='bbox 969 3392 1095 3462; x_wconf 83' lang='lat' dir='ltr'><strong>quis</strong></span> <span class='ocrx_word' id='word_1_490' title='bbox 1128 3407 1190 3444; x_wconf 79' lang='lat' dir='ltr'><strong>ex</strong></span> <span class='ocrx_word' id='word_1_491' title='bbox 1223 3390 1290 3445; x_wconf 91' lang='lat' dir='ltr'><strong>iis</strong></span> <span class='ocrx_word' id='word_1_492' title='bbox 1317 3389 1408 3459; x_wconf 89' lang='lat' dir='ltr'><strong>qui</strong></span> <span class='ocrx_word' id='word_1_493' title='bbox 1442 3399 1631 3444; x_wconf 88' lang='lat' dir='ltr'><strong>contra</strong></span> <span class='ocrx_word' id='word_1_494' title='bbox 1665 3391 1837 3458; x_wconf 84' lang='lat' dir='ltr'><strong>ipsum</strong></span> <span class='ocrx_word' id='word_1_495' title='bbox 1882 3390 2043 3459; x_wconf 88' lang='lat' dir='ltr'><strong>impie</strong></span> 
     </span>
    </p>
   </div>
   <div class='ocr_carea' id='block_1_64' title="bbox 487 3481 2040 3558">
    <p class='ocr_par' dir='ltr' id='par_1_64' title="bbox 487 3481 2040 3558">
     <span class='ocr_line' id='line_1_65' title="bbox 487 3481 2040 3558; baseline -0.001 -20"><span class='ocrx_word' id='word_1_496' title='bbox 487 3497 726 3558; x_wconf 76' lang='lat' dir='ltr'><strong>rgerunt,</strong></span> <span class='ocrx_word' id='word_1_497' title='bbox 760 3483 988 3540; x_wconf 88' lang='lat' dir='ltr'><strong>voluerit</strong></span> <span class='ocrx_word' id='word_1_498' title='bbox 1022 3483 1247 3538; x_wconf 89' lang='lat' dir='ltr'><strong>hostiam</strong></span> <span class='ocrx_word' id='word_1_499' title='bbox 1287 3481 1522 3546; x_wconf 87' lang='lat' dir='ltr'><strong>oll&#39;erre;</strong></span> <span class='ocrx_word' id='word_1_500' title='bbox 1569 3483 1620 3536; x_wconf 90' lang='lat' dir='ltr'><strong>id</strong></span> <span class='ocrx_word' id='word_1_501' title='bbox 1669 3491 1750 3537; x_wconf 90' lang='lat' dir='ltr'><strong>est</strong></span> <span class='ocrx_word' id='word_1_502' title='bbox 1777 3522 1792 3546; x_wconf 98' lang='lat'><strong>,</strong></span> <span class='ocrx_word' id='word_1_503' title='bbox 1829 3483 2040 3537; x_wconf 79' lang='lat' dir='ltr'><strong>confes-</strong></span> 
     </span>
    </p>
   </div>
   <div class='ocr_carea' id='block_1_65' title="bbox 484 3573 2039 3645">
    <p class='ocr_par' dir='ltr' id='par_1_65' title="bbox 484 3573 2039 3645">
     <span class='ocr_line' id='line_1_66' title="bbox 484 3573 2039 3645; baseline -0.004 -13"><span class='ocrx_word' id='word_1_504' title='bbox 484 3585 690 3632; x_wconf 82' lang='lat' dir='ltr'><strong>sionem</strong></span> <span class='ocrx_word' id='word_1_505' title='bbox 721 3585 776 3631; x_wconf 88' lang='lat' dir='ltr'><strong>et</strong></span> <span class='ocrx_word' id='word_1_506' title='bbox 820 3574 1190 3645; x_wconf 60' lang='lat' dir='ltr'><strong>paenitentiam</strong></span> <span class='ocrx_word' id='word_1_507' title='bbox 1223 3583 1570 3642; x_wconf 83' lang='lat' dir='ltr'><strong>peccatorum</strong></span> <span class='ocrx_word' id='word_1_508' title='bbox 1607 3573 1888 3637; x_wconf 80' lang='lat' dir='ltr'><strong>exhibere,</strong></span> <span class='ocrx_word' id='word_1_509' title='bbox 1923 3575 1966 3627; x_wconf 90' lang='lat' dir='ltr'><strong>is</strong></span> <span class='ocrx_word' id='word_1_510' title='bbox 2011 3589 2039 3626; x_wconf 88' lang='lat' dir='ltr'><strong>a</strong></span> 
     </span>
    </p>
   </div>
   <div class='ocr_carea' id='block_1_66' title="bbox 483 3665 2037 3739">
    <p class='ocr_par' dir='ltr' id='par_1_66' title="bbox 483 3665 2037 3739">
     <span class='ocr_line' id='line_1_67' title="bbox 483 3665 2037 3739; baseline -0.003 -17"><span class='ocrx_word' id='word_1_511' title='bbox 483 3688 577 3739; x_wconf 73' lang='lat' dir='ltr'><strong>spe</strong></span> <span class='ocrx_word' id='word_1_512' title='bbox 617 3674 754 3723; x_wconf 86' lang='lat' dir='ltr'><strong>bona</strong></span> <span class='ocrx_word' id='word_1_513' title='bbox 804 3670 857 3723; x_wconf 91' lang='lat' dir='ltr'><strong>in</strong></span> <span class='ocrx_word' id='word_1_514' title='bbox 908 3683 1028 3722; x_wconf 89' lang='lat' dir='ltr'><strong>eum</strong></span> <span class='ocrx_word' id='word_1_515' title='bbox 1075 3668 1307 3737; x_wconf 88' lang='lat' dir='ltr'><strong>reposita</strong></span> <span class='ocrx_word' id='word_1_516' title='bbox 1355 3680 1687 3735; x_wconf 81' lang='lat' dir='ltr'><strong>nequaquam</strong></span> <span class='ocrx_word' id='word_1_517' title='bbox 1744 3665 2037 3720; x_wconf 89' lang='lat' dir='ltr'><strong>delahetur.</strong></span> 
     </span>
    </p>
   </div>
   <div class='ocr_carea' id='block_1_67' title="bbox 484 3757 2044 3828">
    <p class='ocr_par' dir='ltr' id='par_1_67' title="bbox 484 3757 2044 3828">
     <span class='ocr_line' id='line_1_68' title="bbox 484 3757 2044 3828; baseline -0.004 -11"><span class='ocrx_word' id='word_1_518' title='bbox 484 3764 704 3817; x_wconf 78' lang='lat' dir='ltr'><strong>Etiamsi</strong></span> <span class='ocrx_word' id='word_1_519' title='bbox 731 3762 872 3816; x_wconf 91' lang='lat' dir='ltr'><strong>enim</strong></span> <span class='ocrx_word' id='word_1_520' title='bbox 905 3760 1106 3814; x_wconf 87' lang='lat' dir='ltr'><strong>dicunn</strong></span> <span class='ocrx_word' id='word_1_521' title='bbox 1148 3759 1329 3823; x_wconf 83' lang='lat' dir='ltr'><strong>luerit,</strong></span> <span class='ocrx_word' id='word_1_522' title='bbox 1385 3777 1402 3810; x_wconf 87' lang='grc' dir='ltr'><strong>ι</strong></span> <span class='ocrx_word' id='word_1_523' title='bbox 1428 3757 1574 3812; x_wconf 87' lang='lat' dir='ltr'><strong>Dabo</strong></span> <span class='ocrx_word' id='word_1_524' title='bbox 1606 3758 1796 3828; x_wconf 88' lang='lat' dir='ltr'><strong>impios</strong></span> <span class='ocrx_word' id='word_1_525' title='bbox 1831 3773 1926 3826; x_wconf 92' lang='lat' dir='ltr'><strong>pro</strong></span> <span class='ocrx_word' id='word_1_526' title='bbox 1958 3774 2044 3811; x_wconf 87' lang='lat' dir='ltr'><strong>se-</strong></span> 
     </span>
    </p>
   </div>
   <div class='ocr_carea' id='block_1_68' title="bbox 484 3848 2038 3921">
    <p class='ocr_par' dir='ltr' id='par_1_68' title="bbox 484 3848 2038 3921">
     <span class='ocr_line' id='line_1_69' title="bbox 484 3848 2038 3921; baseline -0.002 -15"><span class='ocrx_word' id='word_1_527' title='bbox 484 3854 693 3921; x_wconf 84' lang='lat' dir='ltr'><strong>pultura</strong></span> <span class='ocrx_word' id='word_1_528' title='bbox 729 3851 867 3919; x_wconf 87' lang='lat' dir='ltr'><strong>ejus,</strong></span> <span class='ocrx_word' id='word_1_529' title='bbox 912 3859 966 3908; x_wconf 86' lang='lat' dir='ltr'><strong>et</strong></span> <span class='ocrx_word' id='word_1_530' title='bbox 993 3850 1185 3904; x_wconf 78' lang='lat' dir='ltr'><strong>divites</strong></span> <span class='ocrx_word' id='word_1_531' title='bbox 1227 3865 1324 3918; x_wconf 87' lang='lat' dir='ltr'><strong>pro</strong></span> <span class='ocrx_word' id='word_1_532' title='bbox 1373 3860 1542 3904; x_wconf 86' lang='lat' dir='ltr'><strong>morte</strong></span> <span class='ocrx_word' id='word_1_533' title='bbox 1570 3848 1723 3917; x_wconf 85' lang='lat' dir='ltr'><strong>ejus;</strong></span> <span class='ocrx_word' id='word_1_534' title='bbox 1751 3869 1769 3901; x_wconf 75' lang='grc' dir='ltr'><strong>ι</strong></span> <span class='ocrx_word' id='word_1_535' title='bbox 1806 3852 2038 3903; x_wconf 84' lang='lat' dir='ltr'><strong>attamen</strong></span> 
     </span>
    </p>
   </div>
   <div class='ocr_carea' id='block_1_69' title="bbox 482 3941 2040 4014">
    <p class='ocr_par' dir='ltr' id='par_1_69' title="bbox 482 3941 2040 4014">
     <span class='ocr_line' id='line_1_70' title="bbox 482 3941 2040 4014; baseline -0.004 -14"><span class='ocrx_word' id='word_1_536' title='bbox 482 3950 522 4000; x_wconf 84' lang='lat' dir='ltr'><strong>si</strong></span> <span class='ocrx_word' id='word_1_537' title='bbox 559 3963 670 4006; x_wconf 84' lang='lat' dir='ltr'><strong>vos,</strong></span> <span class='ocrx_word' id='word_1_538' title='bbox 705 3945 795 4014; x_wconf 91' lang='lat' dir='ltr'><strong>qui</strong></span> <span class='ocrx_word' id='word_1_539' title='bbox 830 3943 953 4006; x_wconf 78' lang='lat' dir='ltr'><strong>talia</strong></span> <span class='ocrx_word' id='word_1_540' title='bbox 994 3942 1110 3998; x_wconf 86' lang='lat' dir='ltr'><strong>ausi</strong></span> <span class='ocrx_word' id='word_1_541' title='bbox 1153 3943 1302 4008; x_wconf 86' lang='lat' dir='ltr'><strong>estis,</strong></span> <span class='ocrx_word' id='word_1_542' title='bbox 1338 3943 1533 3998; x_wconf 90' lang='lat' dir='ltr'><strong>donum</strong></span> <span class='ocrx_word' id='word_1_543' title='bbox 1567 3958 1665 4011; x_wconf 88' lang='lat' dir='ltr'><strong>pro</strong></span> <span class='ocrx_word' id='word_1_544' title='bbox 1697 3950 1913 4011; x_wconf 85' lang='lat' dir='ltr'><strong>peccato</strong></span> <span class='ocrx_word' id='word_1_545' title='bbox 1944 3941 2040 3996; x_wconf 83' lang='lat' dir='ltr'><strong>ob-</strong></span> 
     </span>
    </p>
   </div>
   <div class='ocr_carea' id='block_1_70' title="bbox 485 4033 2040 4105">
    <p class='ocr_par' dir='ltr' id='par_1_70' title="bbox 485 4033 2040 4105">
     <span class='ocr_line' id='line_1_71' title="bbox 485 4033 2040 4105; baseline -0.004 -13"><span class='ocrx_word' id='word_1_546' title='bbox 485 4041 733 4100; x_wconf 73' lang='lat' dir='ltr'><strong>iulcritis,</strong></span> <span class='ocrx_word' id='word_1_547' title='bbox 767 4037 980 4092; x_wconf 83' lang='lat' dir='ltr'><strong>veniam</strong></span> <span class='ocrx_word' id='word_1_548' title='bbox 1016 4035 1444 4105; x_wconf 82' lang='lat' dir='ltr'><strong>consequeiuini,</strong></span> <span class='ocrx_word' id='word_1_549' title='bbox 1475 4037 1655 4088; x_wconf 86' lang='lat' dir='ltr'><strong>anima</strong></span> <span class='ocrx_word' id='word_1_550' title='bbox 1691 4045 1864 4087; x_wconf 87' lang='lat' dir='ltr'><strong>vestra</strong></span> <span class='ocrx_word' id='word_1_551' title='bbox 1891 4033 2040 4086; x_wconf 85' lang='lat' dir='ltr'><strong>salu-</strong></span> 
     </span>
    </p>
   </div>
   <div class='ocr_carea' id='block_1_71' title="bbox 485 4125 2036 4199">
    <p class='ocr_par' dir='ltr' id='par_1_71' title="bbox 485 4125 2036 4199">
     <span class='ocr_line' id='line_1_72' title="bbox 485 4125 2036 4199; baseline -0.005 -15"><span class='ocrx_word' id='word_1_552' title='bbox 485 4149 583 4184; x_wconf 63' lang='lat' dir='ltr'><strong>sem</strong></span> <span class='ocrx_word' id='word_1_553' title='bbox 611 4131 908 4193; x_wconf 82' lang='lat' dir='ltr'><strong>obtinebit;</strong></span> <span class='ocrx_word' id='word_1_554' title='bbox 941 4129 1234 4199; x_wconf 85' lang='lat' dir='ltr'><strong>quinetiam</strong></span> <span class='ocrx_word' id='word_1_555' title='bbox 1263 4143 1446 4183; x_wconf 89' lang='lat' dir='ltr'><strong>semen</strong></span> <span class='ocrx_word' id='word_1_556' title='bbox 1482 4127 1777 4196; x_wconf 66' lang='lat' dir='ltr'><strong>longaevum</strong></span> <span class='ocrx_word' id='word_1_557' title='bbox 1807 4125 2036 4180; x_wconf 78' lang='lat' dir='ltr'><strong>videbit:</strong></span> 
     </span>
    </p>
   </div>
   <div class='ocr_carea' id='block_1_72' title="bbox 481 4217 2041 4293">
    <p class='ocr_par' dir='ltr' id='par_1_72' title="bbox 481 4217 2041 4293">
     <span class='ocr_line' id='line_1_73' title="bbox 481 4217 2041 4293; baseline -0.005 -18"><span class='ocrx_word' id='word_1_558' title='bbox 481 4227 579 4282; x_wconf 70' lang='lat' dir='ltr'><strong>hoc</strong></span> <span class='ocrx_word' id='word_1_559' title='bbox 627 4227 800 4293; x_wconf 65' lang='lat' dir='ltr'><strong>ipsum</strong></span> <span class='ocrx_word' id='word_1_560' title='bbox 838 4222 1104 4282; x_wconf 87' lang='lat' dir='ltr'><strong>videlicet.</strong></span> <span class='ocrx_word' id='word_1_561' title='bbox 1159 4222 1299 4292; x_wconf 90' lang='lat' dir='ltr'><strong>quod</strong></span> <span class='ocrx_word' id='word_1_562' title='bbox 1340 4223 1406 4275; x_wconf 85' lang='lat' dir='ltr'><strong>ab</strong></span> <span class='ocrx_word' id='word_1_563' title='bbox 1453 4220 1568 4290; x_wconf 78' lang='lat' dir='ltr'><strong>ipso</strong></span> <span class='ocrx_word' id='word_1_564' title='bbox 1623 4220 1674 4272; x_wconf 91' lang='lat' dir='ltr'><strong>in</strong></span> <span class='ocrx_word' id='word_1_565' title='bbox 1732 4217 2041 4272; x_wconf 66' lang='lat' dir='ltr'><strong>hominibus</strong></span> 
     </span>
    </p>
   </div>
   <div class='ocr_carea' id='block_1_73' title="bbox 482 4309 2042 4386">
    <p class='ocr_par' dir='ltr' id='par_1_73' title="bbox 482 4309 2042 4386">
     <span class='ocr_line' id='line_1_74' title="bbox 482 4309 2042 4386; baseline -0.003 -17"><span class='ocrx_word' id='word_1_566' title='bbox 482 4334 724 4386; x_wconf 65' lang='lat' dir='ltr'><strong>‘-par5tltn</strong></span> <span class='ocrx_word' id='word_1_567' title='bbox 763 4316 958 4382; x_wconf 84' lang='lat' dir='ltr'><strong>fuerat,</strong></span> <span class='ocrx_word' id='word_1_568' title='bbox 999 4315 1062 4370; x_wconf 89' lang='lat' dir='ltr'><strong>de</strong></span> <span class='ocrx_word' id='word_1_569' title='bbox 1107 4329 1214 4384; x_wconf 92' lang='lat' dir='ltr'><strong>quo</strong></span> <span class='ocrx_word' id='word_1_570' title='bbox 1260 4314 1311 4366; x_wconf 88' lang='lat' dir='ltr'><strong>in</strong></span> <span class='ocrx_word' id='word_1_571' title='bbox 1354 4311 1626 4382; x_wconf 88' lang='lat' dir='ltr'><strong>parabolis</strong></span> <span class='ocrx_word' id='word_1_572' title='bbox 1677 4311 1897 4373; x_wconf 84' lang='lat' dir='ltr'><strong>docens,</strong></span> <span class='ocrx_word' id='word_1_573' title='bbox 1932 4309 2042 4364; x_wconf 85' lang='lat' dir='ltr'><strong>aie-</strong></span> 
     </span>
    </p>
   </div>
   <div class='ocr_carea' id='block_1_74' title="bbox 483 4405 2039 4478">
    <p class='ocr_par' dir='ltr' id='par_1_74' title="bbox 483 4405 2039 4478">
     <span class='ocr_line' id='line_1_75' title="bbox 483 4405 2039 4478; baseline -0.005 -16"><span class='ocrx_word' id='word_1_574' title='bbox 483 4415 568 4463; x_wconf 68' lang='lat' dir='ltr'><strong>bat.</strong></span> <span class='ocrx_word' id='word_1_575' title='bbox 598 4431 609 4465; x_wconf 88' lang='lat'><strong>:</strong></span> <span class='ocrx_word' id='word_1_576' title='bbox 641 4429 658 4460; x_wconf 77' lang='grc' dir='ltr'><strong>ι</strong></span> <span class='ocrx_word' id='word_1_577' title='bbox 690 4411 832 4462; x_wconf 76' lang='lat' dir='ltr'><strong>Exiit</strong></span> <span class='ocrx_word' id='word_1_578' title='bbox 862 4412 952 4478; x_wconf 86' lang='lat' dir='ltr'><strong>qui</strong></span> <span class='ocrx_word' id='word_1_579' title='bbox 991 4409 1222 4463; x_wconf 87' lang='lat' dir='ltr'><strong>seminat</strong></span> <span class='ocrx_word' id='word_1_580' title='bbox 1268 4406 1535 4462; x_wconf 84' lang='lat' dir='ltr'><strong>seminare</strong></span> <span class='ocrx_word' id='word_1_581' title='bbox 1558 4405 1614 4468; x_wconf 74' lang='grc'><strong>⁸,</strong></span> <span class='ocrx_word' id='word_1_582' title='bbox 1649 4421 1666 4453; x_wconf 76' lang='grc' dir='ltr'><strong>ι</strong></span> <span class='ocrx_word' id='word_1_583' title='bbox 1716 4412 1770 4457; x_wconf 90' lang='lat' dir='ltr'><strong>et</strong></span> <span class='ocrx_word' id='word_1_584' title='bbox 1801 4416 2039 4461; x_wconf 88' lang='lat' dir='ltr'><strong>rursum,</strong></span> 
     </span>
    </p>
   </div>
   <div class='ocr_carea' id='block_1_75' title="bbox 487 4493 2036 4570">
    <p class='ocr_par' dir='ltr' id='par_1_75' title="bbox 487 4493 2036 4570">
     <span class='ocr_line' id='line_1_76' title="bbox 487 4493 2036 4570; baseline -0.008 -13"><span class='ocrx_word' id='word_1_585' title='bbox 487 4526 502 4548; x_wconf 70' lang='grc' dir='ltr'><strong>εί</strong></span> <span class='ocrx_word' id='word_1_586' title='bbox 540 4505 723 4557; x_wconf 72' lang='lat' dir='ltr'><strong>Simile</strong></span> <span class='ocrx_word' id='word_1_587' title='bbox 778 4513 859 4557; x_wconf 88' lang='lat' dir='ltr'><strong>est</strong></span> <span class='ocrx_word' id='word_1_588' title='bbox 919 4516 1140 4570; x_wconf 77' lang='lat' dir='ltr'><strong>regnum</strong></span> <span class='ocrx_word' id='word_1_589' title='bbox 1193 4497 1454 4554; x_wconf 70' lang='lat' dir='ltr'><strong>cmiurum</strong></span> <span class='ocrx_word' id='word_1_590' title='bbox 1501 4493 1700 4548; x_wconf 82' lang='lat' dir='ltr'><strong>homini</strong></span> <span class='ocrx_word' id='word_1_591' title='bbox 1754 4493 2036 4548; x_wconf 86' lang='lat' dir='ltr'><strong>seminanti</strong></span> 
     </span>
    </p>
   </div>
   <div class='ocr_carea' id='block_1_76' title="bbox 482 4592 1385 4664">
    <p class='ocr_par' dir='ltr' id='par_1_76' title="bbox 482 4592 1385 4664">
     <span class='ocr_line' id='line_1_77' title="bbox 482 4592 1385 4664; baseline -0.014 -11"><span class='ocrx_word' id='word_1_592' title='bbox 482 4600 676 4652; x_wconf 62' lang='lat' dir='ltr'><strong>bunum</strong></span> <span class='ocrx_word' id='word_1_593' title='bbox 708 4611 887 4651; x_wconf 88' lang='lat' dir='ltr'><strong>semen</strong></span> <span class='ocrx_word' id='word_1_594' title='bbox 927 4596 976 4647; x_wconf 91' lang='lat' dir='ltr'><strong>in</strong></span> <span class='ocrx_word' id='word_1_595' title='bbox 1012 4608 1140 4664; x_wconf 77' lang='lat' dir='ltr'><strong>agro</strong></span> <span class='ocrx_word' id='word_1_596' title='bbox 1169 4607 1266 4646; x_wconf 90' lang='lat' dir='ltr'><strong>suo</strong></span> <span class='ocrx_word' id='word_1_597' title='bbox 1295 4592 1338 4644; x_wconf 82' lang='grc'>⁸.</span> <span class='ocrx_word' id='word_1_598' title='bbox 1369 4609 1385 4640; x_wconf 75' lang='grc' dir='ltr'><strong>ι</strong></span> 
     </span>
    </p>
   </div>
   <div class='ocr_carea' id='block_1_77' title="bbox 549 4785 2036 4853">
    <p class='ocr_par' dir='ltr' id='par_1_77' title="bbox 549 4785 2036 4853">
     <span class='ocr_line' id='line_1_78' title="bbox 549 4785 2036 4853; baseline -0.011 0"><span class='ocrx_word' id='word_1_599' title='bbox 549 4800 711 4853; x_wconf 61' lang='lat' dir='ltr'><strong>Vens.</strong></span> <span class='ocrx_word' id='word_1_600' title='bbox 747 4798 831 4852; x_wconf 80' lang='lat' dir='ltr'><strong>ll.</strong></span> <span class='ocrx_word' id='word_1_601' title='bbox 880 4817 896 4847; x_wconf 84' lang='grc' dir='ltr'><strong>ι</strong></span> <span class='ocrx_word' id='word_1_602' title='bbox 924 4796 987 4849; x_wconf 82' lang='grc' dir='ltr'>Ει</span> <span class='ocrx_word' id='word_1_603' title='bbox 1029 4795 1144 4847; x_wconf 90' lang='lat' dir='ltr'><strong>vult</strong></span> <span class='ocrx_word' id='word_1_604' title='bbox 1185 4791 1439 4844; x_wconf 83' lang='lat' dir='ltr'><strong>Dominus</strong></span> <span class='ocrx_word' id='word_1_605' title='bbox 1484 4786 1700 4841; x_wconf 76' lang='lat' dir='ltr'><strong>auferre</strong></span> <span class='ocrx_word' id='word_1_606' title='bbox 1745 4787 1810 4841; x_wconf 90' lang='lat' dir='ltr'><strong>de</strong></span> <span class='ocrx_word' id='word_1_607' title='bbox 1858 4785 2036 4838; x_wconf 89' lang='lat' dir='ltr'><strong>labore</strong></span> 
     </span>
    </p>
   </div>
   <div class='ocr_carea' id='block_1_78' title="bbox 480 4875 2031 4956">
    <p class='ocr_par' dir='ltr' id='par_1_78' title="bbox 480 4875 2031 4956">
     <span class='ocr_line' id='line_1_79' title="bbox 480 4875 2031 4956; baseline -0.006 -18"><span class='ocrx_word' id='word_1_608' title='bbox 480 4893 708 4945; x_wconf 58' lang='lat' dir='ltr'><strong>animum</strong></span> <span class='ocrx_word' id='word_1_609' title='bbox 751 4889 884 4956; x_wconf 85' lang='lat' dir='ltr'><strong>ejus,</strong></span> <span class='ocrx_word' id='word_1_610' title='bbox 935 4884 1218 4941; x_wconf 87' lang='lat' dir='ltr'><strong>ostendere</strong></span> <span class='ocrx_word' id='word_1_611' title='bbox 1261 4881 1309 4934; x_wconf 91' lang='lat' dir='ltr'><strong>ei</strong></span> <span class='ocrx_word' id='word_1_612' title='bbox 1354 4880 1548 4944; x_wconf 83' lang='lat' dir='ltr'><strong>lucem,</strong></span> <span class='ocrx_word' id='word_1_613' title='bbox 1593 4888 1646 4934; x_wconf 89' lang='lat' dir='ltr'><strong>et</strong></span> <span class='ocrx_word' id='word_1_614' title='bbox 1678 4877 1910 4930; x_wconf 81' lang='lat' dir='ltr'><strong>formare</strong></span> <span class='ocrx_word' id='word_1_615' title='bbox 1951 4875 2031 4928; x_wconf 69' lang='lat' dir='ltr'><strong>in~</strong></span> 
     </span>
    </p>
   </div>
   <div class='ocr_carea' id='block_1_79' title="bbox 484 4967 2033 5049">
    <p class='ocr_par' dir='ltr' id='par_1_79' title="bbox 484 4967 2033 5049">
     <span class='ocr_line' id='line_1_80' title="bbox 484 4967 2033 5049; baseline -0.006 -19"><span class='ocrx_word' id='word_1_616' title='bbox 484 4983 793 5048; x_wconf 53' lang='lat' dir='ltr'><strong>:a&#39;Lligentia’,</strong></span> <span class='ocrx_word' id='word_1_617' title='bbox 815 4979 1113 5049; x_wconf 80' lang='lat' dir='ltr'><strong>justiﬁcare</strong></span> <span class='ocrx_word' id='word_1_618' title='bbox 1139 4973 1339 5040; x_wconf 86' lang='lat' dir='ltr'><strong>justum</strong></span> <span class='ocrx_word' id='word_1_619' title='bbox 1377 4973 1512 5026; x_wconf 84' lang='lat' dir='ltr'><strong>bene</strong></span> <span class='ocrx_word' id='word_1_620' title='bbox 1550 4971 1869 5025; x_wconf 87' lang='lat' dir='ltr'><strong>servientem</strong></span> <span class='ocrx_word' id='word_1_621' title='bbox 1902 4967 2033 5020; x_wconf 86' lang='lat' dir='ltr'><strong>mul-</strong></span> 
     </span>
    </p>
   </div>
   <div class='ocr_carea' id='block_1_80' title="bbox 479 5062 2034 5131">
    <p class='ocr_par' dir='ltr' id='par_1_80' title="bbox 479 5062 2034 5131">
     <span class='ocr_line' id='line_1_81' title="bbox 479 5062 2034 5131; baseline -0.01 -7"><span class='ocrx_word' id='word_1_622' title='bbox 529 5104 565 5131; x_wconf 51' lang='grc' dir='ltr'>δ.</span> <span class='ocrx_word' id='word_1_623' title='bbox 594 5093 609 5124; x_wconf 72' lang='grc' dir='ltr'><strong>ι</strong></span> <span class='ocrx_word' id='word_1_624' title='bbox 653 5075 703 5127; x_wconf 93' lang='lat' dir='ltr'><strong>ld</strong></span> <span class='ocrx_word' id='word_1_625' title='bbox 735 5074 799 5127; x_wconf 90' lang='lat' dir='ltr'><strong>de</strong></span> <span class='ocrx_word' id='word_1_626' title='bbox 827 5087 934 5126; x_wconf 91' lang='lat' dir='ltr'><strong>uno</strong></span> <span class='ocrx_word' id='word_1_627' title='bbox 963 5069 1241 5123; x_wconf 88' lang='lat' dir='ltr'><strong>Salvatore</strong></span> <span class='ocrx_word' id='word_1_628' title='bbox 1274 5073 1458 5116; x_wconf 86' lang='lat' dir='ltr'><strong>nostro</strong></span> <span class='ocrx_word' id='word_1_629' title='bbox 1487 5062 1590 5115; x_wconf 89' lang='lat' dir='ltr'><strong>dici</strong></span> <span class='ocrx_word' id='word_1_630' title='bbox 1633 5076 1727 5129; x_wconf 85' lang='lat' dir='ltr'><strong>par</strong></span> <span class='ocrx_word' id='word_1_631' title='bbox 1757 5069 1839 5114; x_wconf 87' lang='lat' dir='ltr'><strong>est</strong></span> <span class='ocrx_word' id='word_1_632' title='bbox 1861 5062 1894 5112; x_wconf 68' lang='lat' dir='ltr'><strong>:c&#39;</strong></span> <span class='ocrx_word' id='word_1_633' title='bbox 1912 5073 2034 5112; x_wconf 87' lang='lat' dir='ltr'><strong>nam</strong></span> 
     </span>
    </p>
   </div>
   <div class='ocr_carea' id='block_1_81' title="bbox 487 5155 2036 5234">
    <p class='ocr_par' dir='ltr' id='par_1_81' title="bbox 487 5155 2036 5234">
     <span class='ocr_line' id='line_1_82' title="bbox 487 5155 2036 5234; baseline -0.01 -17"><span class='ocrx_word' id='word_1_634' title='bbox 487 5183 687 5234; x_wconf 58' lang='lat' dir='ltr'><strong>:e-mper</strong></span> <span class='ocrx_word' id='word_1_635' title='bbox 729 5167 782 5220; x_wconf 92' lang='lat' dir='ltr'><strong>in</strong></span> <span class='ocrx_word' id='word_1_636' title='bbox 825 5179 986 5219; x_wconf 89' lang='lat' dir='ltr'><strong>manu</strong></span> <span class='ocrx_word' id='word_1_637' title='bbox 1021 5159 1138 5229; x_wconf 88' lang='lat' dir='ltr'><strong>ejus</strong></span> <span class='ocrx_word' id='word_1_638' title='bbox 1169 5157 1342 5211; x_wconf 82' lang='lat' dir='ltr'><strong>Patris</strong></span> <span class='ocrx_word' id='word_1_639' title='bbox 1381 5155 1629 5222; x_wconf 84' lang='lat' dir='ltr'><strong>voluntas</strong></span> <span class='ocrx_word' id='word_1_640' title='bbox 1672 5162 1816 5207; x_wconf 87' lang='lat' dir='ltr'><strong>recte</strong></span> <span class='ocrx_word' id='word_1_641' title='bbox 1851 5163 2036 5220; x_wconf 85' lang='lat' dir='ltr'><strong>proce-</strong></span> 
     </span>
    </p>
   </div>
   <div class='ocr_carea' id='block_1_82' title="bbox 499 5244 2033 5321">
    <p class='ocr_par' dir='ltr' id='par_1_82' title="bbox 499 5244 2033 5321">
     <span class='ocr_line' id='line_1_83' title="bbox 499 5244 2033 5321; baseline -0.009 -11"><span class='ocrx_word' id='word_1_642' title='bbox 499 5265 654 5311; x_wconf 42' lang='grc' dir='ltr'>ἐρισι.</span> <span class='ocrx_word' id='word_1_643' title='bbox 691 5257 844 5312; x_wconf 84' lang='lat' dir='ltr'><strong>Dedit</strong></span> <span class='ocrx_word' id='word_1_644' title='bbox 883 5264 1062 5308; x_wconf 87' lang='lat' dir='ltr'><strong>autem</strong></span> <span class='ocrx_word' id='word_1_645' title='bbox 1093 5252 1194 5321; x_wconf 88' lang='lat' dir='ltr'><strong>ipsi</strong></span> <span class='ocrx_word' id='word_1_646' title='bbox 1226 5250 1418 5311; x_wconf 86' lang='lat' dir='ltr'><strong>lucem,</strong></span> <span class='ocrx_word' id='word_1_647' title='bbox 1447 5257 1504 5301; x_wconf 92' lang='lat' dir='ltr'><strong>ut</strong></span> <span class='ocrx_word' id='word_1_648' title='bbox 1537 5262 1631 5302; x_wconf 87' lang='lat' dir='ltr'><strong>eos</strong></span> <span class='ocrx_word' id='word_1_649' title='bbox 1653 5247 1744 5316; x_wconf 86' lang='lat' dir='ltr'><strong>qui</strong></span> <span class='ocrx_word' id='word_1_650' title='bbox 1771 5244 2033 5316; x_wconf 84' lang='lat' dir='ltr'><strong>justitiam</strong></span> 
     </span>
    </p>
   </div>
   <div class='ocr_carea' id='block_1_83' title="bbox 479 5336 2034 5415">
    <p class='ocr_par' dir='ltr' id='par_1_83' title="bbox 479 5336 2034 5415">
     <span class='ocr_line' id='line_1_84' title="bbox 479 5336 2034 5415; baseline -0.007 -17"><span class='ocrx_word' id='word_1_651' title='bbox 479 5368 572 5415; x_wconf 46' lang='lat' dir='ltr'><strong>per</strong></span> <span class='ocrx_word' id='word_1_652' title='bbox 617 5349 790 5414; x_wconf 86' lang='lat' dir='ltr'><strong>ipsum</strong></span> <span class='ocrx_word' id='word_1_653' title='bbox 825 5352 1262 5413; x_wconf 88' lang='lat' dir='ltr'><strong>assequerentur,</strong></span> <span class='ocrx_word' id='word_1_654' title='bbox 1305 5341 1630 5394; x_wconf 86' lang='lat' dir='ltr'><strong>illuminaret</strong></span> <span class='ocrx_word' id='word_1_655' title='bbox 1669 5357 1685 5395; x_wconf 77' lang='lat' dir='ltr'><strong>z</strong></span> <span class='ocrx_word' id='word_1_656' title='bbox 1734 5336 2034 5406; x_wconf 80' lang='lat' dir='ltr'><strong>intelligen-</strong></span> 
     </span>
    </p>
   </div>
   <div class='ocr_carea' id='block_1_84' title="bbox 482 5431 2033 5503">
    <p class='ocr_par' dir='ltr' id='par_1_84' title="bbox 482 5431 2033 5503">
     <span class='ocr_line' id='line_1_85' title="bbox 482 5431 2033 5503; baseline -0.007 -13"><span class='ocrx_word' id='word_1_657' title='bbox 482 5457 603 5490; x_wconf 48' lang='lat' dir='ltr'><strong>dam</strong></span> <span class='ocrx_word' id='word_1_658' title='bbox 635 5441 760 5491; x_wconf 70' lang='lat' dir='ltr'><strong>item</strong></span> <span class='ocrx_word' id='word_1_659' title='bbox 801 5436 899 5503; x_wconf 83' lang='lat' dir='ltr'><strong>ipsi</strong></span> <span class='ocrx_word' id='word_1_660' title='bbox 945 5434 1210 5500; x_wconf 86' lang='lat' dir='ltr'><strong>contulit;</strong></span> <span class='ocrx_word' id='word_1_661' title='bbox 1253 5448 1372 5488; x_wconf 87' lang='lat' dir='ltr'><strong>nam</strong></span> <span class='ocrx_word' id='word_1_662' title='bbox 1412 5431 1672 5501; x_wconf 87' lang='lat' dir='ltr'><strong>requievit</strong></span> <span class='ocrx_word' id='word_1_663' title='bbox 1715 5445 1878 5499; x_wconf 87' lang='lat' dir='ltr'><strong>super</strong></span> <span class='ocrx_word' id='word_1_664' title='bbox 1914 5443 2033 5482; x_wconf 88' lang='lat' dir='ltr'><strong>eum</strong></span> 
     </span>
    </p>
   </div>
   <div class='ocr_carea' id='block_1_85' title="bbox 475 5523 2037 5600">
    <p class='ocr_par' dir='ltr' id='par_1_85' title="bbox 475 5523 2037 5600">
     <span class='ocr_line' id='line_1_86' title="bbox 475 5523 2037 5600; baseline -0.005 -17"><span class='ocrx_word' id='word_1_665' title='bbox 475 5531 696 5592; x_wconf 45' lang='lat' dir='ltr'><strong>spiritus</strong></span> <span class='ocrx_word' id='word_1_666' title='bbox 755 5527 1030 5595; x_wconf 70' lang='lat' dir='ltr'><strong>sapientiae</strong></span> <span class='ocrx_word' id='word_1_667' title='bbox 1081 5534 1133 5578; x_wconf 88' lang='lat' dir='ltr'><strong>et</strong></span> <span class='ocrx_word' id='word_1_668' title='bbox 1191 5523 1587 5600; x_wconf 58' lang='lat' dir='ltr'><strong>intelligentiae,</strong></span> <span class='ocrx_word' id='word_1_669' title='bbox 1640 5531 1697 5576; x_wconf 87' lang='lat' dir='ltr'><strong>ut</strong></span> <span class='ocrx_word' id='word_1_670' title='bbox 1750 5523 2037 5592; x_wconf 73' lang='lat' dir='ltr'><strong>prudentes</strong></span> 
     </span>
    </p>
   </div>
   <div class='ocr_carea' id='block_1_86' title="bbox 479 5616 2035 5688">
    <p class='ocr_par' dir='ltr' id='par_1_86' title="bbox 479 5616 2035 5688">
     <span class='ocr_line' id='line_1_87' title="bbox 479 5616 2035 5688; baseline -0.001 -17"><span class='ocrx_word' id='word_1_671' title='bbox 479 5623 752 5688; x_wconf 47' lang='lat' dir='ltr'><strong>iustusque</strong></span> <span class='ocrx_word' id='word_1_672' title='bbox 821 5619 1068 5673; x_wconf 86' lang='lat' dir='ltr'><strong>redderet</strong></span> <span class='ocrx_word' id='word_1_673' title='bbox 1118 5632 1251 5684; x_wconf 91' lang='lat' dir='ltr'><strong>eos,</strong></span> <span class='ocrx_word' id='word_1_674' title='bbox 1308 5619 1397 5687; x_wconf 90' lang='lat' dir='ltr'><strong>qui</strong></span> <span class='ocrx_word' id='word_1_675' title='bbox 1455 5616 1835 5685; x_wconf 77' lang='lat' dir='ltr'><strong>jnstillcatione</strong></span> <span class='ocrx_word' id='word_1_676' title='bbox 1893 5617 2035 5686; x_wconf 80' lang='lat' dir='ltr'><strong>(ligni</strong></span> 
     </span>
    </p>
   </div>
   <div class='ocr_carea' id='block_1_87' title="bbox 478 5727 650 5766">
    <p class='ocr_par' dir='ltr' id='par_1_87' title="bbox 478 5727 650 5766">
     <span class='ocr_line' id='line_1_88' title="bbox 478 5727 650 5766; baseline 0 -2"><span class='ocrx_word' id='word_1_677' title='bbox 515 5727 624 5766; x_wconf 75' lang='lat' dir='ltr'><strong>i&#39;attl</strong></span> <span class='ocrx_word' id='word_1_678' title='bbox 640 5755 650 5765; x_wconf 94' lang='lat'><strong>.</strong></span> 
     </span>
    </p>
   </div>
   <div class='ocr_carea' id='block_1_88' title="bbox 1481 5887 1988 5954">
    <p class='ocr_par' dir='ltr' id='par_1_88' title="bbox 1481 5887 1988 5954">
     <span class='ocr_line' id='line_1_89' title="bbox 1481 5887 1988 5954; baseline -0.002 -12"><span class='ocrx_word' id='word_1_679' title='bbox 1481 5891 1502 5921; x_wconf 80' lang='grc'><strong><em>⁵</em></strong></span> <span class='ocrx_word' id='word_1_680' title='bbox 1532 5889 1716 5943; x_wconf 78' lang='lat' dir='ltr'><strong>Matth.</strong></span> <span class='ocrx_word' id='word_1_681' title='bbox 1748 5903 1866 5954; x_wconf 80' lang='lat' dir='ltr'><strong>xm,</strong></span> <span class='ocrx_word' id='word_1_682' title='bbox 1902 5887 1988 5941; x_wconf 79' lang='lat' dir='ltr'><strong>S7.</strong></span> 
     </span>
    </p>
   </div>
   <div class='ocr_carea' id='block_1_89' title="bbox 552 5891 1402 5959">
    <p class='ocr_par' dir='ltr' id='par_1_89' title="bbox 552 5891 1402 5959">
     <span class='ocr_line' id='line_1_90' title="bbox 552 5891 1402 5959; baseline -0.002 -11"><span class='ocrx_word' id='word_1_683' title='bbox 552 5897 567 5924; x_wconf 88' lang='grc'>³</span> <span class='ocrx_word' id='word_1_684' title='bbox 599 5895 698 5948; x_wconf 76' lang='lat' dir='ltr'><strong>Job</strong></span> <span class='ocrx_word' id='word_1_685' title='bbox 726 5909 835 5959; x_wconf 79' lang='lat' dir='ltr'><strong>xlv,</strong></span> <span class='ocrx_word' id='word_1_686' title='bbox 869 5895 918 5947; x_wconf 67' lang='grc' dir='ltr'><strong>ί.</strong></span> <span class='ocrx_word' id='word_1_687' title='bbox 995 5894 1015 5923; x_wconf 73' lang='grc'>⁸</span> <span class='ocrx_word' id='word_1_688' title='bbox 1043 5892 1174 5946; x_wconf 87' lang='lat' dir='ltr'><strong>Luc.</strong></span> <span class='ocrx_word' id='word_1_689' title='bbox 1205 5905 1321 5953; x_wconf 81' lang='lat' dir='ltr'><strong>\‘lll,</strong></span> <span class='ocrx_word' id='word_1_690' title='bbox 1353 5891 1402 5947; x_wconf 78' lang='lat'><strong>5.</strong></span> 
     </span>
    </p>
   </div>
   <div class='ocr_carea' id='block_1_90' title="bbox 2072 4620 2112 4672">
    <p class='ocr_par' dir='ltr' id='par_1_90' title="bbox 2072 4620 2112 4672">
     <span class='ocr_line' id='line_1_91' title="bbox 2072 4620 2112 4672; baseline 0 0"><span class='ocrx_word' id='word_1_691' title='bbox 2072 4620 2112 4672; x_wconf 85' lang='lat' dir='ltr'><strong>D</strong></span> 
     </span>
    </p>
   </div>
   <div class='ocr_carea' id='block_1_91' title="bbox 2143 3382 3715 3459">
    <p class='ocr_par' dir='ltr' id='par_1_91' title="bbox 2143 3382 3715 3459">
     <span class='ocr_line' id='line_1_92' title="bbox 2143 3382 3715 3459; baseline 0.004 -24"><span class='ocrx_word' id='word_1_692' title='bbox 2143 3382 2211 3435; x_wconf 85' lang='grc' dir='ltr'><strong>τὰ</strong></span> <span class='ocrx_word' id='word_1_693' title='bbox 2240 3383 2603 3455; x_wconf 83' lang='grc' dir='ltr'>προλεχθέντα</span> <span class='ocrx_word' id='word_1_694' title='bbox 2634 3386 2832 3450; x_wconf 87' lang='grc' dir='ltr'>πάντα,</span> <span class='ocrx_word' id='word_1_695' title='bbox 2875 3387 3033 3450; x_wconf 83' lang='grc' dir='ltr'>εἴτις</span> <span class='ocrx_word' id='word_1_696' title='bbox 3059 3387 3167 3439; x_wconf 82' lang='grc' dir='ltr'><strong>τῶν</strong></span> <span class='ocrx_word' id='word_1_697' title='bbox 3197 3390 3276 3450; x_wconf 86' lang='grc' dir='ltr'><strong>είς</strong></span> <span class='ocrx_word' id='word_1_698' title='bbox 3311 3388 3470 3440; x_wconf 78' lang='grc' dir='ltr'>αὐτὸν</span> <span class='ocrx_word' id='word_1_699' title='bbox 3505 3389 3715 3459; x_wconf 71' lang='grc' dir='ltr'>ἠσεϐη-</span> 
     </span>
    </p>
   </div>
   <div class='ocr_carea' id='block_1_92' title="bbox 2143 3473 3715 3551">
    <p class='ocr_par' dir='ltr' id='par_1_92' title="bbox 2143 3473 3715 3551">
     <span class='ocr_line' id='line_1_93' title="bbox 2143 3473 3715 3551; baseline 0.006 -25"><span class='ocrx_word' id='word_1_700' title='bbox 2143 3473 2314 3526; x_wconf 86' lang='grc' dir='ltr'>κότων</span> <span class='ocrx_word' id='word_1_701' title='bbox 2351 3473 2636 3546; x_wconf 80' lang='grc' dir='ltr'>βουληθείη</span> <span class='ocrx_word' id='word_1_702' title='bbox 2669 3476 2856 3530; x_wconf 87' lang='grc' dir='ltr'>θυσίαν</span> <span class='ocrx_word' id='word_1_703' title='bbox 2886 3479 3192 3547; x_wconf 83' lang='grc' dir='ltr'>ἀνενεγκεῖν</span> <span class='ocrx_word' id='word_1_704' title='bbox 3223 3481 3360 3550; x_wconf 85' lang='grc' dir='ltr'>ὑπὲρ</span> <span class='ocrx_word' id='word_1_705' title='bbox 3386 3481 3484 3551; x_wconf 84' lang='grc' dir='ltr'><strong>τῆς</strong></span> <span class='ocrx_word' id='word_1_706' title='bbox 3518 3483 3715 3536; x_wconf 76' lang='grc' dir='ltr'>ἑαυτοῦ</span> 
     </span>
    </p>
   </div>
   <div class='ocr_carea' id='block_1_93' title="bbox 2142 3566 3716 3643">
    <p class='ocr_par' dir='ltr' id='par_1_93' title="bbox 2142 3566 3716 3643">
     <span class='ocr_line' id='line_1_94' title="bbox 2142 3566 3716 3643; baseline 0.007 -26"><span class='ocrx_word' id='word_1_707' title='bbox 2142 3566 2434 3636; x_wconf 85' lang='grc' dir='ltr'>ἁμαρτίας,</span> <span class='ocrx_word' id='word_1_708' title='bbox 2457 3568 2731 3621; x_wconf 86' lang='grc' dir='ltr'>τουτέστιν</span> <span class='ocrx_word' id='word_1_709' title='bbox 2759 3569 3141 3642; x_wconf 77' lang='grc' dir='ltr'>ἐξομολόγησιν</span> <span class='ocrx_word' id='word_1_710' title='bbox 3173 3574 3266 3625; x_wconf 73' lang='grc' dir='ltr'>καὶ</span> <span class='ocrx_word' id='word_1_711' title='bbox 3298 3575 3583 3643; x_wconf 84' lang='grc' dir='ltr'>μετάνοιαν</span> <span class='ocrx_word' id='word_1_712' title='bbox 3603 3576 3716 3629; x_wconf 84' lang='grc' dir='ltr'>τῶν</span> 
     </span>
    </p>
   </div>
   <div class='ocr_carea' id='block_1_94' title="bbox 2143 3657 3716 3735">
    <p class='ocr_par' dir='ltr' id='par_1_94' title="bbox 2143 3657 3716 3735">
     <span class='ocr_line' id='line_1_95' title="bbox 2143 3657 3716 3735; baseline 0.007 -27"><span class='ocrx_word' id='word_1_713' title='bbox 2143 3657 2538 3728; x_wconf 82' lang='grc' dir='ltr'>ἡμαρτημένων</span> <span class='ocrx_word' id='word_1_714' title='bbox 2568 3659 2934 3727; x_wconf 79' lang='grc' dir='ltr'>ἐνδείξασθαι,</span> <span class='ocrx_word' id='word_1_715' title='bbox 2979 3662 3079 3714; x_wconf 78' lang='grc' dir='ltr'>οὐκ</span> <span class='ocrx_word' id='word_1_716' title='bbox 3110 3664 3462 3728; x_wconf 79' lang='grc' dir='ltr'>ἀποτεύξεται</span> <span class='ocrx_word' id='word_1_717' title='bbox 3502 3667 3601 3735; x_wconf 84' lang='grc' dir='ltr'><strong>τῆς</strong></span> <span class='ocrx_word' id='word_1_718' title='bbox 3632 3670 3716 3730; x_wconf 88' lang='grc' dir='ltr'><strong>είς</strong></span> 
     </span>
    </p>
   </div>
   <div class='ocr_carea' id='block_1_95' title="bbox 2143 3748 3718 3829">
    <p class='ocr_par' dir='ltr' id='par_1_95' title="bbox 2143 3748 3718 3829">
     <span class='ocr_line' id='line_1_96' title="bbox 2143 3748 3718 3829; baseline 0.006 -29"><span class='ocrx_word' id='word_1_719' title='bbox 2143 3748 2302 3800; x_wconf 83' lang='grc' dir='ltr'>αὐτὸν</span> <span class='ocrx_word' id='word_1_720' title='bbox 2329 3750 2537 3820; x_wconf 83' lang='grc' dir='ltr'>ἀγαθῆς</span> <span class='ocrx_word' id='word_1_721' title='bbox 2573 3750 2804 3815; x_wconf 78' lang='grc' dir='ltr'>ἐλπίδος.</span> <span class='ocrx_word' id='word_1_722' title='bbox 2839 3753 2900 3805; x_wconf 84' lang='lat' dir='ltr'><strong>El</strong></span> <span class='ocrx_word' id='word_1_723' title='bbox 2930 3753 3037 3825; x_wconf 81' lang='grc' dir='ltr'>γὰρ</span> <span class='ocrx_word' id='word_1_724' title='bbox 3072 3754 3165 3807; x_wconf 73' lang='grc' dir='ltr'>καὶ</span> <span class='ocrx_word' id='word_1_725' title='bbox 3191 3755 3258 3808; x_wconf 74' lang='grc' dir='ltr'><strong>τὰ</strong></span> <span class='ocrx_word' id='word_1_726' title='bbox 3297 3756 3529 3825; x_wconf 82' lang='grc' dir='ltr'>μάλιστα</span> <span class='ocrx_word' id='word_1_727' title='bbox 3560 3758 3718 3829; x_wconf 71' lang='grc' dir='ltr'>εἴρη-</span> 
     </span>
    </p>
   </div>
   <div class='ocr_carea' id='block_1_96' title="bbox 2141 3840 3717 3918">
    <p class='ocr_par' dir='ltr' id='par_1_96' title="bbox 2141 3840 3717 3918">
     <span class='ocr_line' id='line_1_97' title="bbox 2141 3840 3717 3918; baseline 0.006 -26"><span class='ocrx_word' id='word_1_728' title='bbox 2141 3856 2249 3903; x_wconf 90' lang='grc' dir='ltr'>ται,</span> <span class='ocrx_word' id='word_1_729' title='bbox 2279 3841 2361 3894; x_wconf 84' lang='grc' dir='ltr'>ὅτι</span> <span class='ocrx_word' id='word_1_730' title='bbox 2388 3860 2406 3892; x_wconf 82' lang='grc' dir='ltr'><strong>ι</strong></span> <span class='ocrx_word' id='word_1_731' title='bbox 2439 3840 2604 3895; x_wconf 85' lang='grc' dir='ltr'>Δώσω</span> <span class='ocrx_word' id='word_1_732' title='bbox 2630 3844 2756 3906; x_wconf 75' lang='grc' dir='ltr'>τοὺς</span> <span class='ocrx_word' id='word_1_733' title='bbox 2786 3846 3056 3916; x_wconf 80' lang='grc' dir='ltr'>πονηροὺς</span> <span class='ocrx_word' id='word_1_734' title='bbox 3101 3845 3223 3898; x_wconf 72' lang='grc' dir='ltr'>ἀντὶ</span> <span class='ocrx_word' id='word_1_735' title='bbox 3269 3846 3368 3916; x_wconf 80' lang='grc' dir='ltr'><strong>τῆς</strong></span> <span class='ocrx_word' id='word_1_736' title='bbox 3396 3849 3572 3918; x_wconf 80' lang='grc' dir='ltr'>ταφῆς</span> <span class='ocrx_word' id='word_1_737' title='bbox 3615 3850 3717 3901; x_wconf 82' lang='grc' dir='ltr'><strong>αὐ-</strong></span> 
     </span>
    </p>
   </div>
   <div class='ocr_carea' id='block_1_97' title="bbox 2141 3930 3709 3996">
    <p class='ocr_par' dir='ltr' id='par_1_97' title="bbox 2141 3930 3709 3996">
     <span class='ocr_line' id='line_1_98' title="bbox 2141 3930 3709 3996; baseline 0.006 -13"><span class='ocrx_word' id='word_1_738' title='bbox 2141 3930 2256 3992; x_wconf 83' lang='grc' dir='ltr'>τοῦ,</span> <span class='ocrx_word' id='word_1_739' title='bbox 2288 3931 2379 3985; x_wconf 78' lang='grc' dir='ltr'>καὶ</span> <span class='ocrx_word' id='word_1_740' title='bbox 2410 3934 2536 3995; x_wconf 78' lang='grc' dir='ltr'>τοὺς</span> <span class='ocrx_word' id='word_1_741' title='bbox 2562 3932 2847 3996; x_wconf 87' lang='grc' dir='ltr'>πλουσίους</span> <span class='ocrx_word' id='word_1_742' title='bbox 2895 3936 3016 3988; x_wconf 72' lang='grc' dir='ltr'>ἀντὶ</span> <span class='ocrx_word' id='word_1_743' title='bbox 3050 3935 3144 3988; x_wconf 82' lang='grc' dir='ltr'><strong>τοῦ</strong></span> <span class='ocrx_word' id='word_1_744' title='bbox 3179 3936 3406 3991; x_wconf 83' lang='grc' dir='ltr'>θανάτου</span> <span class='ocrx_word' id='word_1_745' title='bbox 3441 3939 3606 3992; x_wconf 80' lang='grc' dir='ltr'>αὐτοῦ</span> <span class='ocrx_word' id='word_1_746' title='bbox 3627 3957 3642 3972; x_wconf 89' lang='grc'><strong>·</strong></span> <span class='ocrx_word' id='word_1_747' title='bbox 3687 3960 3709 3993; x_wconf 70' lang='grc' dir='ltr'><strong>ι</strong></span> 
     </span>
    </p>
   </div>
   <div class='ocr_carea' id='block_1_98' title="bbox 2142 4022 3715 4102">
    <p class='ocr_par' dir='ltr' id='par_1_98' title="bbox 2142 4022 3715 4102">
     <span class='ocr_line' id='line_1_99' title="bbox 2142 4022 3715 4102; baseline 0.008 -28"><span class='ocrx_word' id='word_1_748' title='bbox 2142 4022 2256 4075; x_wconf 79' lang='grc' dir='ltr'>ἀλλ’</span> <span class='ocrx_word' id='word_1_749' title='bbox 2284 4023 2434 4094; x_wconf 84' lang='grc' dir='ltr'>ὅμως</span> <span class='ocrx_word' id='word_1_750' title='bbox 2478 4023 2572 4077; x_wconf 82' lang='grc' dir='ltr'><strong>ὲάν</strong></span> <span class='ocrx_word' id='word_1_751' title='bbox 2607 4024 2740 4078; x_wconf 83' lang='grc' dir='ltr'>δῶτε</span> <span class='ocrx_word' id='word_1_752' title='bbox 2784 4027 2940 4096; x_wconf 87' lang='grc' dir='ltr'>ὑμεῖς</span> <span class='ocrx_word' id='word_1_753' title='bbox 2981 4026 3049 4080; x_wconf 84' lang='grc' dir='ltr'>τὰ</span> <span class='ocrx_word' id='word_1_754' title='bbox 3087 4028 3311 4083; x_wconf 81' lang='grc' dir='ltr'>τοιαῦτα</span> <span class='ocrx_word' id='word_1_755' title='bbox 3344 4030 3715 4102; x_wconf 84' lang='grc' dir='ltr'>τολμήσαντες</span> 
     </span>
    </p>
   </div>
   <div class='ocr_carea' id='block_1_99' title="bbox 2140 4113 3712 4196">
    <p class='ocr_par' dir='ltr' id='par_1_99' title="bbox 2140 4113 3712 4196">
     <span class='ocr_line' id='line_1_100' title="bbox 2140 4113 3712 4196; baseline 0.009 -31"><span class='ocrx_word' id='word_1_756' title='bbox 2140 4113 2199 4165; x_wconf 88' lang='grc' dir='ltr'>τὸ</span> <span class='ocrx_word' id='word_1_757' title='bbox 2223 4115 2362 4186; x_wconf 78' lang='grc' dir='ltr'>ὑπὲρ</span> <span class='ocrx_word' id='word_1_758' title='bbox 2391 4115 2660 4187; x_wconf 82' lang='grc' dir='ltr'>ἁμαρτίας</span> <span class='ocrx_word' id='word_1_759' title='bbox 2685 4114 2876 4188; x_wconf 86' lang='grc' dir='ltr'>δῶρον,</span> <span class='ocrx_word' id='word_1_760' title='bbox 2911 4114 3167 4182; x_wconf 81' lang='grc' dir='ltr'>τεύξεσθε</span> <span class='ocrx_word' id='word_1_761' title='bbox 3199 4121 3464 4188; x_wconf 81' lang='grc' dir='ltr'>ἀφέσεως,</span> <span class='ocrx_word' id='word_1_762' title='bbox 3495 4124 3526 4193; x_wconf 71' lang='grc' dir='ltr'>ἡ</span> <span class='ocrx_word' id='word_1_763' title='bbox 3561 4124 3712 4196; x_wconf 58' lang='grc' dir='ltr'>ψυχεέη</span> 
     </span>
    </p>
   </div>
   <div class='ocr_carea' id='block_1_100' title="bbox 2143 4205 3710 4285">
    <p class='ocr_par' dir='ltr' id='par_1_100' title="bbox 2143 4205 3710 4285">
     <span class='ocr_line' id='line_1_101' title="bbox 2143 4205 3710 4285; baseline 0.007 -28"><span class='ocrx_word' id='word_1_764' title='bbox 2143 4205 2292 4276; x_wconf 78' lang='grc' dir='ltr'>ὑμῶν</span> <span class='ocrx_word' id='word_1_765' title='bbox 2311 4207 2632 4278; x_wconf 84' lang='grc' dir='ltr'>σωθήσεται·</span> <span class='ocrx_word' id='word_1_766' title='bbox 2657 4207 2792 4261; x_wconf 87' lang='grc' dir='ltr'><strong>ἀλλά</strong></span> <span class='ocrx_word' id='word_1_767' title='bbox 2814 4210 2907 4262; x_wconf 89' lang='lat' dir='ltr'><strong>ml.</strong></span> <span class='ocrx_word' id='word_1_768' title='bbox 2929 4209 3114 4278; x_wconf 72' lang='grc' dir='ltr'>ὄψεται</span> <span class='ocrx_word' id='word_1_769' title='bbox 3142 4211 3437 4283; x_wconf 89' lang='grc' dir='ltr'>μακρόϐιον</span> <span class='ocrx_word' id='word_1_770' title='bbox 3463 4215 3710 4285; x_wconf 68' lang='grc' dir='ltr'>σπέρμαθ</span> 
     </span>
    </p>
   </div>
   <div class='ocr_carea' id='block_1_101' title="bbox 2140 4293 3707 4375">
    <p class='ocr_par' dir='ltr' id='par_1_101' title="bbox 2140 4293 3707 4375">
     <span class='ocr_line' id='line_1_102' title="bbox 2140 4293 3707 4375; baseline 0.006 -26"><span class='ocrx_word' id='word_1_771' title='bbox 2140 4297 2294 4350; x_wconf 79' lang='grc' dir='ltr'>τοῦτο</span> <span class='ocrx_word' id='word_1_772' title='bbox 2319 4297 2373 4350; x_wconf 80' lang='grc' dir='ltr'>δὲ</span> <span class='ocrx_word' id='word_1_773' title='bbox 2394 4293 2460 4368; x_wconf 75' lang='grc' dir='ltr'>ἦν</span> <span class='ocrx_word' id='word_1_774' title='bbox 2491 4297 2551 4351; x_wconf 83' lang='grc' dir='ltr'>τὸ</span> <span class='ocrx_word' id='word_1_775' title='bbox 2577 4299 2666 4351; x_wconf 80' lang='grc' dir='ltr'><strong>ὑπ’</strong></span> <span class='ocrx_word' id='word_1_776' title='bbox 2697 4299 2860 4353; x_wconf 78' lang='grc' dir='ltr'>αὑτοῦ</span> <span class='ocrx_word' id='word_1_777' title='bbox 2893 4301 3230 4372; x_wconf 86' lang='grc' dir='ltr'>καταϐληθὲν</span> <span class='ocrx_word' id='word_1_778' title='bbox 3264 4305 3340 4368; x_wconf 90' lang='grc' dir='ltr'><strong>είς</strong></span> <span class='ocrx_word' id='word_1_779' title='bbox 3369 4303 3707 4375; x_wconf 81' lang='grc' dir='ltr'>ἀνθρώπους,</span> 
     </span>
    </p>
   </div>
   <div class='ocr_carea' id='block_1_102' title="bbox 2142 4384 3708 4467">
    <p class='ocr_par' dir='ltr' id='par_1_102' title="bbox 2142 4384 3708 4467">
     <span class='ocr_line' id='line_1_103' title="bbox 2142 4384 3708 4467; baseline 0.006 -26"><span class='ocrx_word' id='word_1_780' title='bbox 2142 4391 2268 4462; x_wconf 73' lang='grc' dir='ltr'><strong>περῖ¹</strong></span> <span class='ocrx_word' id='word_1_781' title='bbox 2302 4384 2361 4443; x_wconf 75' lang='grc' dir='ltr'>οὗ</span> <span class='ocrx_word' id='word_1_782' title='bbox 2398 4392 2454 4443; x_wconf 83' lang='grc' dir='ltr'>ὲν</span> <span class='ocrx_word' id='word_1_783' title='bbox 2481 4392 2816 4463; x_wconf 82' lang='grc' dir='ltr'>παραϐολαῖς</span> <span class='ocrx_word' id='word_1_784' title='bbox 2852 4392 3116 4447; x_wconf 81' lang='grc' dir='ltr'>διδάσκων</span> <span class='ocrx_word' id='word_1_785' title='bbox 3142 4394 3358 4463; x_wconf 60' lang='grc' dir='ltr'>ἔλεγεν</span> <span class='ocrx_word' id='word_1_786' title='bbox 3389 4414 3408 4446; x_wconf 80' lang='grc' dir='ltr'><strong>ι</strong></span> <span class='ocrx_word' id='word_1_787' title='bbox 3456 4397 3708 4467; x_wconf 81' lang='grc' dir='ltr'>Ἐξῆλθεν</span> 
     </span>
    </p>
   </div>
   <div class='ocr_carea' id='block_1_103' title="bbox 2140 4479 3709 4554">
    <p class='ocr_par' dir='ltr' id='par_1_103' title="bbox 2140 4479 3709 4554">
     <span class='ocr_line' id='line_1_104' title="bbox 2140 4479 3709 4554; baseline 0.007 -24"><span class='ocrx_word' id='word_1_788' title='bbox 2140 4479 2168 4530; x_wconf 77' lang='grc' dir='ltr'>ὁ</span> <span class='ocrx_word' id='word_1_789' title='bbox 2189 4479 2424 4549; x_wconf 82' lang='grc' dir='ltr'>σπείρων</span> <span class='ocrx_word' id='word_1_790' title='bbox 2455 4480 2547 4532; x_wconf 82' lang='grc' dir='ltr'>τοῦ</span> <span class='ocrx_word' id='word_1_791' title='bbox 2584 4485 2800 4552; x_wconf 84' lang='grc' dir='ltr'>σπεῖραι</span> <span class='ocrx_word' id='word_1_792' title='bbox 2821 4499 2834 4512; x_wconf 81' lang='grc'><em>’</em></span> <span class='ocrx_word' id='word_1_793' title='bbox 2878 4503 2894 4532; x_wconf 76' lang='grc' dir='ltr'><strong>ι</strong></span> <span class='ocrx_word' id='word_1_794' title='bbox 2925 4483 3017 4535; x_wconf 74' lang='grc' dir='ltr'>καὶ</span> <span class='ocrx_word' id='word_1_795' title='bbox 3043 4483 3203 4536; x_wconf 77' lang='grc' dir='ltr'>πάλιν</span> <span class='ocrx_word' id='word_1_796' title='bbox 3224 4501 3237 4513; x_wconf 94' lang='grc'><strong>·</strong></span> <span class='ocrx_word' id='word_1_797' title='bbox 3273 4503 3290 4536; x_wconf 84' lang='grc' dir='ltr'><strong>ι</strong></span> <span class='ocrx_word' id='word_1_798' title='bbox 3339 4484 3531 4554; x_wconf 81' lang='grc' dir='ltr'>Ὁμοία</span> <span class='ocrx_word' id='word_1_799' title='bbox 3559 4488 3709 4541; x_wconf 72' lang='grc' dir='ltr'>ἐστὶν</span> 
     </span>
    </p>
   </div>
   <div class='ocr_carea' id='block_1_104' title="bbox 2143 4571 3708 4649">
    <p class='ocr_par' dir='ltr' id='par_1_104' title="bbox 2143 4571 3708 4649">
     <span class='ocr_line' id='line_1_105' title="bbox 2143 4571 3708 4649; baseline 0.007 -25"><span class='ocrx_word' id='word_1_800' title='bbox 2143 4573 2174 4641; x_wconf 82' lang='grc' dir='ltr'>ἡ</span> <span class='ocrx_word' id='word_1_801' title='bbox 2205 4571 2448 4641; x_wconf 75' lang='grc' dir='ltr'>βασιλεία</span> <span class='ocrx_word' id='word_1_802' title='bbox 2485 4573 2591 4626; x_wconf 83' lang='grc' dir='ltr'>τῶν</span> <span class='ocrx_word' id='word_1_803' title='bbox 2638 4574 2878 4644; x_wconf 70' lang='grc' dir='ltr'>οὐρανῶν</span> <span class='ocrx_word' id='word_1_804' title='bbox 2914 4573 3184 4648; x_wconf 80' lang='grc' dir='ltr'>ἀνθρώπῳ</span> <span class='ocrx_word' id='word_1_805' title='bbox 3217 4580 3494 4649; x_wconf 80' lang='grc' dir='ltr'>σπείροντι</span> <span class='ocrx_word' id='word_1_806' title='bbox 3543 4580 3708 4635; x_wconf 79' lang='grc' dir='ltr'>καλὸν</span> 
     </span>
    </p>
   </div>
   <div class='ocr_carea' id='block_1_105' title="bbox 2143 4664 2937 4738">
    <p class='ocr_par' dir='ltr' id='par_1_105' title="bbox 2143 4664 2937 4738">
     <span class='ocr_line' id='line_1_106' title="bbox 2143 4664 2937 4738; baseline 0 -22"><span class='ocrx_word' id='word_1_807' title='bbox 2143 4664 2362 4734; x_wconf 86' lang='grc' dir='ltr'>σπέρμα</span> <span class='ocrx_word' id='word_1_808' title='bbox 2383 4665 2440 4716; x_wconf 83' lang='grc' dir='ltr'>ἐν</span> <span class='ocrx_word' id='word_1_809' title='bbox 2464 4664 2539 4734; x_wconf 81' lang='grc' dir='ltr'>τῷ</span> <span class='ocrx_word' id='word_1_810' title='bbox 2565 4664 2677 4735; x_wconf 83' lang='grc' dir='ltr'>ἰδίῳ</span> <span class='ocrx_word' id='word_1_811' title='bbox 2710 4665 2883 4738; x_wconf 79' lang='grc' dir='ltr'>ἀγρῷ.</span> <span class='ocrx_word' id='word_1_812' title='bbox 2918 4685 2937 4716; x_wconf 75' lang='grc' dir='ltr'><strong>ι</strong></span> 
     </span>
    </p>
   </div>
   <div class='ocr_carea' id='block_1_106' title="bbox 2217 4776 3707 4852">
    <p class='ocr_par' dir='ltr' id='par_1_106' title="bbox 2217 4776 3707 4852">
     <span class='ocr_line' id='line_1_107' title="bbox 2217 4776 3707 4852; baseline 0.006 -26"><span class='ocrx_word' id='word_1_813' title='bbox 2217 4796 2234 4826; x_wconf 78' lang='grc' dir='ltr'><strong>ι</strong></span> <span class='ocrx_word' id='word_1_814' title='bbox 2273 4777 2382 4830; x_wconf 74' lang='grc' dir='ltr'>Καὶ</span> <span class='ocrx_word' id='word_1_815' title='bbox 2416 4777 2658 4846; x_wconf 79' lang='grc' dir='ltr'>βούλεται</span> <span class='ocrx_word' id='word_1_816' title='bbox 2688 4778 2890 4848; x_wconf 81' lang='grc' dir='ltr'>Κύριος</span> <span class='ocrx_word' id='word_1_817' title='bbox 2922 4776 3141 4846; x_wconf 81' lang='grc' dir='ltr'>ἀφελεῖν</span> <span class='ocrx_word' id='word_1_818' title='bbox 3167 4779 3272 4832; x_wconf 72' lang='grc' dir='ltr'>ἀπὸ</span> <span class='ocrx_word' id='word_1_819' title='bbox 3297 4780 3388 4833; x_wconf 78' lang='grc' dir='ltr'><strong>τοῦ</strong></span> <span class='ocrx_word' id='word_1_820' title='bbox 3420 4781 3580 4834; x_wconf 76' lang='grc' dir='ltr'>πόνου</span> <span class='ocrx_word' id='word_1_821' title='bbox 3607 4782 3707 4852; x_wconf 87' lang='grc' dir='ltr'><strong>τῆς</strong></span> 
     </span>
    </p>
   </div>
   <div class='ocr_carea' id='block_1_107' title="bbox 2138 4869 3704 4944">
    <p class='ocr_par' dir='ltr' id='par_1_107' title="bbox 2138 4869 3704 4944">
     <span class='ocr_line' id='line_1_108' title="bbox 2138 4869 3704 4944; baseline 0.004 -23"><span class='ocrx_word' id='word_1_822' title='bbox 2138 4869 2313 4940; x_wconf 78' lang='grc' dir='ltr'>ψυχῆς</span> <span class='ocrx_word' id='word_1_823' title='bbox 2347 4869 2531 4934; x_wconf 78' lang='grc' dir='ltr'>αὑτοῦ,</span> <span class='ocrx_word' id='word_1_824' title='bbox 2565 4870 2732 4935; x_wconf 80' lang='grc' dir='ltr'>δεῖξαι</span> <span class='ocrx_word' id='word_1_825' title='bbox 2763 4871 2909 4941; x_wconf 78' lang='grc' dir='ltr'><strong>αὑτῷ</strong></span> <span class='ocrx_word' id='word_1_826' title='bbox 2939 4871 3072 4938; x_wconf 75' lang='grc' dir='ltr'>φῶς,</span> <span class='ocrx_word' id='word_1_827' title='bbox 3102 4872 3194 4924; x_wconf 76' lang='grc' dir='ltr'><strong>καὶ</strong></span> <span class='ocrx_word' id='word_1_828' title='bbox 3227 4873 3426 4926; x_wconf 78' lang='grc' dir='ltr'>πλάσαι</span> <span class='ocrx_word' id='word_1_829' title='bbox 3451 4876 3518 4944; x_wconf 82' lang='grc' dir='ltr'><strong>τῇ</strong></span> <span class='ocrx_word' id='word_1_830' title='bbox 3550 4873 3704 4929; x_wconf 78' lang='grc' dir='ltr'>συνέο</span> 
     </span>
    </p>
   </div>
   <div class='ocr_carea' id='block_1_108' title="bbox 2141 4958 3705 5028">
    <p class='ocr_par' dir='ltr' id='par_1_108' title="bbox 2141 4958 3705 5028">
     <span class='ocr_line' id='line_1_109' title="bbox 2141 4958 3705 5028; baseline 0.004 -16"><span class='ocrx_word' id='word_1_831' title='bbox 2141 4977 2242 5023; x_wconf 90' lang='grc' dir='ltr'>σει,</span> <span class='ocrx_word' id='word_1_832' title='bbox 2273 4961 2554 5015; x_wconf 86' lang='grc' dir='ltr'>δικαιῶσαι</span> <span class='ocrx_word' id='word_1_833' title='bbox 2577 4962 2782 5015; x_wconf 86' lang='grc' dir='ltr'>δίκαιον</span> <span class='ocrx_word' id='word_1_834' title='bbox 2815 4958 2873 5015; x_wconf 81' lang='grc' dir='ltr'>εὖ</span> <span class='ocrx_word' id='word_1_835' title='bbox 2901 4962 3212 5016; x_wconf 84' lang='grc' dir='ltr'>δουλεύοντα</span> <span class='ocrx_word' id='word_1_836' title='bbox 3241 4964 3468 5028; x_wconf 87' lang='grc' dir='ltr'>πολλοῖς.</span> <span class='ocrx_word' id='word_1_837' title='bbox 3500 4986 3518 5016; x_wconf 76' lang='grc' dir='ltr'><strong>ι</strong></span> <span class='ocrx_word' id='word_1_838' title='bbox 3536 4965 3705 5018; x_wconf 78' lang='grc' dir='ltr'>Τοῦτο</span> 
     </span>
    </p>
   </div>
   <div class='ocr_carea' id='block_1_109' title="bbox 2139 5050 3701 5128">
    <p class='ocr_par' dir='ltr' id='par_1_109' title="bbox 2139 5050 3701 5128">
     <span class='ocr_line' id='line_1_110' title="bbox 2139 5050 3701 5128; baseline 0.006 -26"><span class='ocrx_word' id='word_1_839' title='bbox 2139 5050 2194 5103; x_wconf 81' lang='grc' dir='ltr'><strong>δὲ</strong></span> <span class='ocrx_word' id='word_1_840' title='bbox 2218 5052 2310 5105; x_wconf 68' lang='grc' dir='ltr'><strong>ἐπὶ</strong></span> <span class='ocrx_word' id='word_1_841' title='bbox 2341 5053 2503 5123; x_wconf 88' lang='grc' dir='ltr'>μόνου</span> <span class='ocrx_word' id='word_1_842' title='bbox 2540 5053 2630 5106; x_wconf 82' lang='grc' dir='ltr'><strong>τοῦ</strong></span> <span class='ocrx_word' id='word_1_843' title='bbox 2662 5055 2909 5124; x_wconf 81' lang='grc' dir='ltr'>Σωτῆρος</span> <span class='ocrx_word' id='word_1_844' title='bbox 2954 5054 3110 5124; x_wconf 84' lang='grc' dir='ltr'>ἡμῶν</span> <span class='ocrx_word' id='word_1_845' title='bbox 3139 5055 3388 5122; x_wconf 86' lang='grc' dir='ltr'>λέγεσθαι</span> <span class='ocrx_word' id='word_1_846' title='bbox 3433 5057 3662 5128; x_wconf 76' lang='grc' dir='ltr'>ἁρμόζει</span> <span class='ocrx_word' id='word_1_847' title='bbox 3688 5076 3701 5088; x_wconf 88' lang='grc'><strong>·</strong></span> 
     </span>
    </p>
   </div>
   <div class='ocr_carea' id='block_1_110' title="bbox 2140 5141 3702 5220">
    <p class='ocr_par' dir='ltr' id='par_1_110' title="bbox 2140 5141 3702 5220">
     <span class='ocr_line' id='line_1_111' title="bbox 2140 5141 3702 5220; baseline 0.004 -26"><span class='ocrx_word' id='word_1_848' title='bbox 2140 5141 2227 5194; x_wconf 84' lang='grc' dir='ltr'>διὰ</span> <span class='ocrx_word' id='word_1_849' title='bbox 2267 5144 2466 5204; x_wconf 73' lang='grc' dir='ltr'>παντὸς</span> <span class='ocrx_word' id='word_1_850' title='bbox 2503 5144 2610 5213; x_wconf 86' lang='grc' dir='ltr'>γὰρ</span> <span class='ocrx_word' id='word_1_851' title='bbox 2650 5144 2710 5196; x_wconf 77' lang='grc' dir='ltr'>τὸ</span> <span class='ocrx_word' id='word_1_852' title='bbox 2747 5143 2839 5196; x_wconf 79' lang='grc' dir='ltr'>τοῦ</span> <span class='ocrx_word' id='word_1_853' title='bbox 2876 5145 3087 5216; x_wconf 80' lang='grc' dir='ltr'>Πατρὸς</span> <span class='ocrx_word' id='word_1_854' title='bbox 3119 5145 3328 5217; x_wconf 80' lang='grc' dir='ltr'>θέλημα</span> <span class='ocrx_word' id='word_1_855' title='bbox 3358 5149 3415 5201; x_wconf 84' lang='grc' dir='ltr'><strong>ὲν</strong></span> <span class='ocrx_word' id='word_1_856' title='bbox 3446 5151 3510 5220; x_wconf 75' lang='grc' dir='ltr'>τῇ</span> <span class='ocrx_word' id='word_1_857' title='bbox 3559 5153 3702 5219; x_wconf 74' lang='grc' dir='ltr'>χειρὶ</span> 
     </span>
    </p>
   </div>
   <div class='ocr_carea' id='block_1_111' title="bbox 2141 5232 3702 5307">
    <p class='ocr_par' dir='ltr' id='par_1_111' title="bbox 2141 5232 3702 5307">
     <span class='ocr_line' id='line_1_112' title="bbox 2141 5232 3702 5307; baseline 0.004 -23"><span class='ocrx_word' id='word_1_858' title='bbox 2141 5232 2303 5284; x_wconf 79' lang='grc' dir='ltr'>αὑτοῦ</span> <span class='ocrx_word' id='word_1_859' title='bbox 2325 5233 2709 5286; x_wconf 80' lang='grc' dir='ltr'>κατευωδοῦτο.</span> <span class='ocrx_word' id='word_1_860' title='bbox 2749 5234 2956 5292; x_wconf 82' lang='grc' dir='ltr'>Ἔδωκε</span> <span class='ocrx_word' id='word_1_861' title='bbox 2990 5235 3044 5288; x_wconf 85' lang='grc' dir='ltr'>δὲ</span> <span class='ocrx_word' id='word_1_862' title='bbox 3085 5236 3352 5307; x_wconf 73' lang='grc' dir='ltr'>αὐτῷκαὶ</span> <span class='ocrx_word' id='word_1_863' title='bbox 3385 5238 3498 5306; x_wconf 76' lang='grc' dir='ltr'><strong>φῶς</strong></span> <span class='ocrx_word' id='word_1_864' title='bbox 3538 5241 3617 5303; x_wconf 84' lang='grc' dir='ltr'><strong>εἰς</strong></span> <span class='ocrx_word' id='word_1_865' title='bbox 3644 5240 3702 5292; x_wconf 77' lang='grc' dir='ltr'><strong>τὸ</strong></span> 
     </span>
    </p>
   </div>
   <div class='ocr_carea' id='block_1_112' title="bbox 2141 5322 3700 5398">
    <p class='ocr_par' dir='ltr' id='par_1_112' title="bbox 2141 5322 3700 5398">
     <span class='ocr_line' id='line_1_113' title="bbox 2141 5322 3700 5398; baseline 0.002 -21"><span class='ocrx_word' id='word_1_866' title='bbox 2141 5322 2467 5394; x_wconf 78' lang='grc' dir='ltr'>φωτίζεσθαι</span> <span class='ocrx_word' id='word_1_867' title='bbox 2492 5325 2614 5387; x_wconf 74' lang='grc' dir='ltr'>τοὺς</span> <span class='ocrx_word' id='word_1_868' title='bbox 2635 5324 2699 5377; x_wconf 77' lang='grc' dir='ltr'><strong>δι’</strong></span> <span class='ocrx_word' id='word_1_869' title='bbox 2722 5325 2883 5378; x_wconf 79' lang='grc' dir='ltr'>αὑτοῦ</span> <span class='ocrx_word' id='word_1_870' title='bbox 2915 5326 3325 5398; x_wconf 86' lang='grc' dir='ltr'>δικαιουμένους</span> <span class='ocrx_word' id='word_1_871' title='bbox 3345 5345 3356 5358; x_wconf 91' lang='grc'><strong>·</strong></span> <span class='ocrx_word' id='word_1_872' title='bbox 3397 5328 3611 5382; x_wconf 83' lang='grc' dir='ltr'>σύνεσιν</span> <span class='ocrx_word' id='word_1_873' title='bbox 3647 5329 3700 5382; x_wconf 78' lang='grc' dir='ltr'>δὲ</span> 
     </span>
    </p>
   </div>
   <div class='ocr_carea' id='block_1_113' title="bbox 2141 5417 3700 5492">
    <p class='ocr_par' dir='ltr' id='par_1_113' title="bbox 2141 5417 3700 5492">
     <span class='ocr_line' id='line_1_114' title="bbox 2141 5417 3700 5492; baseline 0.003 -23"><span class='ocrx_word' id='word_1_874' title='bbox 2141 5417 2286 5486; x_wconf 81' lang='grc' dir='ltr'>αὐτῷ</span> <span class='ocrx_word' id='word_1_875' title='bbox 2313 5417 2617 5487; x_wconf 76' lang='grc' dir='ltr'>ἐδωρήσατο</span> <span class='ocrx_word' id='word_1_876' title='bbox 2635 5433 2647 5446; x_wconf 87' lang='grc'><strong>·</strong></span> <span class='ocrx_word' id='word_1_877' title='bbox 2675 5418 3090 5472; x_wconf 84' lang='grc' dir='ltr'>ὲπανεπαύσατο</span> <span class='ocrx_word' id='word_1_878' title='bbox 3117 5419 3222 5492; x_wconf 82' lang='grc' dir='ltr'><strong>γὰρ</strong></span> <span class='ocrx_word' id='word_1_879' title='bbox 3247 5422 3331 5472; x_wconf 81' lang='grc' dir='ltr'><strong>ἐπ’</strong></span> <span class='ocrx_word' id='word_1_880' title='bbox 3361 5420 3520 5474; x_wconf 77' lang='grc' dir='ltr'>αὐτὸν</span> <span class='ocrx_word' id='word_1_881' title='bbox 3545 5421 3700 5475; x_wconf 79' lang='grc' dir='ltr'>πνεῦ-</span> 
     </span>
    </p>
   </div>
   <div class='ocr_carea' id='block_1_114' title="bbox 2147 5506 3701 5583">
    <p class='ocr_par' dir='ltr' id='par_1_114' title="bbox 2147 5506 3701 5583">
     <span class='ocr_line' id='line_1_115' title="bbox 2147 5506 3701 5583; baseline 0.003 -24"><span class='ocrx_word' id='word_1_882' title='bbox 2147 5525 2219 5563; x_wconf 77' lang='grc' dir='ltr'>μα</span> <span class='ocrx_word' id='word_1_883' title='bbox 2257 5506 2443 5575; x_wconf 68' lang='grc' dir='ltr'>σοφίας</span> <span class='ocrx_word' id='word_1_884' title='bbox 2475 5507 2567 5558; x_wconf 73' lang='grc' dir='ltr'><strong>καὶ</strong></span> <span class='ocrx_word' id='word_1_885' title='bbox 2604 5507 2865 5572; x_wconf 83' lang='grc' dir='ltr'>συνέσεως</span> <span class='ocrx_word' id='word_1_886' title='bbox 2913 5511 2992 5573; x_wconf 85' lang='grc' dir='ltr'><strong>εἰς</strong></span> <span class='ocrx_word' id='word_1_887' title='bbox 3017 5510 3078 5563; x_wconf 86' lang='grc' dir='ltr'>τὸ</span> <span class='ocrx_word' id='word_1_888' title='bbox 3109 5512 3359 5576; x_wconf 71' lang='grc' dir='ltr'>συνετοὺς</span> <span class='ocrx_word' id='word_1_889' title='bbox 3399 5512 3701 5583; x_wconf 73' lang='grc' dir='ltr'>ἀπεργάζε-</span> 
     </span>
    </p>
   </div>
   <div class='ocr_carea' id='block_1_115' title="bbox 2146 5597 3543 5667">
    <p class='ocr_par' dir='ltr' id='par_1_115' title="bbox 2146 5597 3543 5667">
     <span class='ocr_line' id='line_1_116' title="bbox 2146 5597 3543 5667; baseline 0.004 -15"><span class='ocrx_word' id='word_1_890' title='bbox 2146 5598 2290 5663; x_wconf 86' lang='grc' dir='ltr'>σθαι,</span> <span class='ocrx_word' id='word_1_891' title='bbox 2333 5598 2426 5650; x_wconf 84' lang='lat' dir='ltr'><strong>ml.</strong></span> <span class='ocrx_word' id='word_1_892' title='bbox 2459 5597 2699 5652; x_wconf 82' lang='grc' dir='ltr'>δικαιοῦν</span> <span class='ocrx_word' id='word_1_893' title='bbox 2721 5602 2845 5663; x_wconf 83' lang='grc' dir='ltr'>τοὺς</span> <span class='ocrx_word' id='word_1_894' title='bbox 2871 5601 3051 5667; x_wconf 81' lang='grc' dir='ltr'>ἀξίους</span> <span class='ocrx_word' id='word_1_895' title='bbox 3076 5601 3169 5655; x_wconf 83' lang='grc' dir='ltr'>τοῦ</span> <span class='ocrx_word' id='word_1_896' title='bbox 3189 5603 3543 5658; x_wconf 67' lang='grc' dir='ltr'>δικαιοῦσθαι.</span> 
     </span>
    </p>
   </div>
  </div>
