3968 6508
464 415 569 467 to;

1125 408 1387 467 EUSElill
1428 405 1895 462 CAESARIENSiS
1935 407 2019 461 ΟΡ

2136 408 2300 463 PARS
2341 409 2421 465 lll.
2460 440 2527 448 ——
2567 409 2974 465 EXECETICA.

2658 185 2697 217 ἰ

3594 396 3699 465 toi

468 537 568 593 est,
602 538 815 582 centum
850 527 1184 593 longitudine
1216 527 1520 579 cubitorum
1558 534 1707 590 erat,
1759 527 2020 577 latitudini

2140 546 2193 579 τε
2245 530 2332 579 καὶ
2374 528 2592 591 πλάτος.
2642 528 2702 579 Ἡ
2741 528 2837 596 μὲν
2885 526 2991 598 γὰρ
3050 527 3151 579 ὑπὸ
3191 528 3464 591 Μωῦσέως
3522 544 3691 581 κατα-

470 638 599 676 vero
639 621 1046 690 quinquaginta.
1093 618 1189 671 llic
1232 634 1357 669 vero
1409 618 1517 679 ait,
1564 616 1638 668 Ne
1668 632 1828 682 parce
1871 633 2031 683 agas,

471 714 643 784 deque
675 724 724 767 te
753 714 803 765 in
830 723 1108 780 angustam
1142 727 1451 764 mensuram
1485 709 1722 776 redigas,
1759 709 1851 762 sed
1882 710 2035 775 longe

471 809 685 874 lateque
728 816 777 857 te
808 806 1066 858 extendas
1120 819 1183 857 ac
1242 815 1547 864 construas,
1581 812 1633 854 et
1656 812 1870 856 matura.
1901 800 2034 852 Novi

468 915 627 969 porro
664 901 883 968 hujusce
920 896 1289 962 tabernaculi,
1332 896 1472 964 quod
1528 895 1644 969 fixit
1695 892 1951 945 Dominus
1983 902 2034 944 et

470 1006 573 1044 non
612 991 796 1051 homo,
841 988 1265 1056 longitudinem,
1322 968 1655 1039 latitudinem
1698 995 1751 1039 et
1782 986 2036 1054 amplitu-

467 1082 645 1134 dinem
705 1080 992 1147 intelligas,
1039 1080 1081 1131 si
1135 1080 1462 1148 perpendas,
1502 1088 1762 1144 quantum
1797 1090 1940 1132 esset
1971 1079 2034 1130 il-

468 1174 554 1228 lud
597 1174 694 1227 sub
726 1171 910 1241 Moyse
945 1184 1314 1225 constructum
1360 1172 1795 1236 tabernaculum;
1830 1181 2031 1237 quanta

468 1274 610 1321 esset
650 1264 948 1319 Jerusalem
1000 1263 1253 1332 templqu
1300 1264 1502 1316 habens
1543 1263 1879 1332 longitudine
1907 1263 2029 1330 qui-

468 1359 589 1421 dem
612 1357 969 1427 quadraginta
993 1356 1321 1420 cubitorum,
1348 1354 1630 1408 latitudine
1651 1353 1855 1423 viginti.
1881 1353 2031 1419 Quod

468 1452 511 1505 si
544 1449 801 1519 templum
832 1448 957 1501 illud
994 1449 1043 1501 in
1067 1462 1171 1500 una
1201 1446 1499 1500 Palaestinae
1526 1446 1655 1500 urbe
1674 1447 2031 1501 admiratione

469 1544 685 1613 dignum
717 1549 873 1605 erat,
908 1549 1107 1609 quanto
1139 1539 1307 1609 magis
1354 1537 1620 1593 mirabilis
1652 1538 1739 1592 illa
1783 1539 2030 1608 frequen-

466 1638 560 1698 tia,
593 1633 903 1703 magnitudo
952 1644 1004 1684 et
1058 1624 1395 1701 pulchritudo
1459 1630 1806 1685 ecclesiarum
1851 1631 1940 1684 Dei
1977 1630 2028 1683 in

466 1725 615 1780 omni
672 1725 787 1779 loco
826 1723 1223 1778 excitaturum!
1292 1738 1413 1775 nam
1464 1732 1607 1777 totus
1654 1724 1800 1777 orbis
1844 1724 2029 1792 plenus

464 1816 707 1872 ecclesiis
736 1825 841 1870 est.

536 1905 697 1961 Vens.
731 1908 785 1960 5.
819 1924 837 1955 ι
872 1906 1058 1960 Adhuc
1094 1922 1121 1959 a
1156 1907 1362 1961 dextris
1399 1915 1452 1962 et
1490 1923 1520 1961 a
1564 1907 1799 1961 sinistris
1827 1907 1988 1961 dilata
2010 1947 2024 1973 ,

465 2007 519 2050 et
546 2012 727 2051 semen
772 2006 917 2049 tuum
950 1996 1244 2065 possidebit
1283 2008 1487 2066 gentes,
1518 2008 1571 2052 et
1597 2000 1758 2052 urbes
1786 2000 2028 2053 desertas

466 2088 756 2143 habitabis.
788 2106 807 2138 ι
844 2087 1039 2140 Semen
1066 2099 1244 2141 autem
1287 2088 1535 2143 Ecclesite
1570 2090 1659 2142 Dei
1687 2090 1849 2143 fuerit
1873 2107 2028 2144 evan-

464 2183 666 2250 gelicus
699 2195 911 2243 sermo,
945 2182 1010 2233 de
1056 2196 1161 2248 quo
1212 2182 1430 2244 dicitur,
1470 2200 1488 2231 ι
1535 2182 1674 2235 Exiit
1722 2183 1810 2249 qui
1866 2185 2028 2237 semi-

466 2272 891 2331 natsetninare‘,
928 2290 945 2321 ι
972 2281 1044 2331 et,
1082 2291 1098 2321 ι
1137 2272 1323 2328 Nonne
1357 2275 1552 2327 bonum
1580 2290 1762 2329 semen
1794 2279 2029 2330 semina-

465 2366 532 2417 sti
585 2365 634 2417 in
674 2379 801 2433 agro
827 2364 891 2416 7?
932 2382 949 2414 ι
987 2363 1169 2417 Potest
1215 2367 1339 2419 item
1392 2383 1573 2420 semen
1623 2368 1871 2422 Ecclesiae
1908 2385 2028 2423 esse

466 2458 830 2527 apostolorum
877 2466 931 2511 et
991 2458 1374 2526 discipulorum
1440 2459 1649 2512 Domini
1713 2461 1880 2513 nostri
1932 2462 2026 2514 do-

467 2551 637 2604 ctrina
661 2590 675 2612 ,
720 2565 951 2618 quorum
984 2564 1145 2617 opera
1194 2552 1277 2618 pia
1326 2552 1513 2621 religio
1546 2556 1597 2605 in
1634 2553 1736 2607 illis
1767 2554 1891 2607 olim
1931 2557 2024 2608 de-

482 2642 690 2696 tastatis
723 2640 936 2709 Deoque
965 2642 1147 2695 vacuis
1176 2641 1560 2697 solitudinibus
1588 2645 1887 2698 constituta
1919 2656 2022 2699 est.

540 2818 697 2875 \‘t-zns.
723 2820 777 2874 4.
818 2839 836 2871 ι
875 2818 989 2873 Noli
1037 2820 1248 2882 timere,
1281 2821 1403 2889 quia
1451 2821 1672 2875 confusa
1723 2837 1821 2877 es:
1856 2838 2028 2890 neque

473 2914 773 2973 erubescas,
801 2912 925 2981 quia
970 2914 1352 2980 exprobratum
1382 2914 1473 2967 tibi
1514 2925 1596 2969 est
1626 2931 1638 2966 :
1679 2917 1802 2985 quia
1832 2915 2027 2969 confu-

467 3007 633 3060 Iionls
658 3016 925 3075 perpetua:
964 3004 1340 3070 Oblivisceris,
1384 3015 1439 3059 et
1482 3010 1755 3075 opprobrii
1794 3008 2023 3061 viduita-

468 3100 537 3153 tis
566 3110 668 3153 ιιιιι.⁵
701 3114 805 3152 non
839 3097 1213 3151 recordaberis
1244 3096 1494 3165 amplius.
1532 3117 1550 3148 ι
1593 3098 1722 3150 Nam
1764 3114 1883 3152 cum
1918 3109 2027 3152 ste-

2138 620 2514 683 σκευασθείσα,
2540 620 2753 688 πηχέων
2772 615 2837 689 ἦν
2859 626 2903 688 ρ’
2936 620 3107 689 μῆκος
3125 636 3135 647 ·
3178 619 3373 680 πλάτος
3402 619 3459 670 δὲ
3493 626 3553 671 ν’.
3582 620 3699 671 Ἐν-

2136 713 2305 765 ταῦθα
2332 714 2386 764 δέ
2413 732 2563 783 φησι,
2592 715 2679 784 Μὴ
2708 714 2868 784 φείσῃ
2894 712 3101 771 τούτου,
3133 712 3265 781 μηδὲ
3292 713 3701 785 στενοχωρήσῃς

2137 805 2364 874 σεαυτὴν
2412 810 2520 867 τοῖς
2565 805 2809 874 μέτροις·
2836 804 2946 855 ἀλλ’
2980 804 3263 856 ὲκτείνασα
3312 803 3550 873 μακρὰν,
3605 806 3700 857 καὶ

2134 894 2384 955 κτίσασα,
2420 894 2609 945 καὶτὰ
2656 893 2797 963 ἑξῆς.
2845 893 3071 963 Νοήσεις
3102 892 3156 943 δὲ
3198 892 3258 944 τὸ
3304 894 3474 963 μῆκος
3517 894 3700 947 καὶτὸ

2136 982 2369 1045 πλάτος,
2392 984 2481 1035 καὶ
2510 983 2569 1034 τὸ
2600 982 2827 1052 μέγεθος
2858 982 2955 1053 τῆς
2992 983 3116 1045 νέας
3146 982 3344 1052 ταύτης
3376 984 3599 1053 σκηνῆς,
3634 984 3700 1053 ῆν

2134 1073 2331 1143 ἔπηξεν
2363 1075 2390 1125 6
2419 1071 2618 1142 Κύριος
2648 1074 2739 1125 καὶ
2765 1074 2863 1125 οὐκ
2895 1072 3196 1144 ἄνθρωπος,
3228 1074 3318 1124 ἐπὶ
3345 1073 3466 1127 νοῦν
3494 1074 3698 1137 λαϐὼν,

2132 1167 2229 1237 ὃση
2264 1166 2360 1236 μὲν
2394 1167 2603 1237 ύπῆρχε
2648 1168 2756 1229 τοῖς
2787 1165 3004 1237 μέτροις
3043 1168 3074 1236 ἡ
3108 1166 3199 1217 ἐπὶ
3231 1168 3504 1230 Μωῦσέως
3534 1185 3704 1220 κατα-

2134 1258 2510 1321 σκευασθεῖσα,
2552 1260 2649 1329 όση
2690 1253 2757 1328 ἦν
2808 1258 3153 1329 Ἰερουσαλὴμ
3188 1258 3277 1310 τὸν
3311 1257 3444 1310 νεὼν
3481 1258 3698 1327 ἔχουσα,

2135 1354 2338 1423 μήκους
2354 1347 2419 1421 ἦν
2438 1350 2622 1420 πηχῶν
2641 1350 2755 1421 (sic)
2780 1356 2849 1420 μ’,
2869 1349 3096 1413 πλάτους
3116 1356 3182 1403 κ’.
3213 1350 3297 1413 Ὠς
3316 1350 3469 1420 εἰπερ
3483 1346 3549 1421 ἦν
3567 1350 3700 1403 θαύ-

2134 1461 2302 1513 ματος
2335 1442 2481 1507 ἄξιος
2514 1445 2541 1495 ὃ
2563 1460 2620 1494 τε
2648 1440 2783 1506 νεὼς
2814 1444 2870 1494 ὲν
2902 1444 2999 1512 μιᾷ
3027 1442 3177 1496 πόλει
3203 1444 3300 1512 τῆς
3335 1442 3700 1512 Παλαιστίνης

2132 1534 2429 1605 ἱδρυμένος,
2484 1534 2635 1604 πόσῳ
2676 1533 2871 1605 μᾶλλον
2903 1532 2962 1586 τὸ
3005 1533 3206 1603 πλῆθος
3237 1533 3427 1587 καὶτὰ
3467 1535 3696 1605 μεγέθη,

2130 1627 2223 1679 καὶ
2250 1627 2315 1679 τὰ
2347 1626 2512 1697 κάλλη
2539 1626 2648 1680 τῶν
2677 1626 2813 1680 κατὰ
2845 1626 3020 1679 πάντα
3047 1626 3207 1680 τόπον
3246 1628 3702 1699 ἁνεγηγερμένων

2130 1719 2429 1789 ἐκκλησιῶν
2465 1719 2557 1772 τοῦ
2604 1718 2771 1772 Θεοῦο
2824 1719 2993 1790 μεστὴ
3030 1718 3138 1790 γὰρ
3179 1718 3480 1771 ἐκκλησιῶν
3525 1721 3559 1791 ἡ
3602 1719 3699 1773 ὑπ’

2127 1812 2371 1880 οὐρανόν.

2206 1924 2223 1953 ι
2249 1904 2368 1955 Ἔτι
2411 1904 2490 1966 εἰς
2534 1903 2601 1956 τὰ
2644 1902 2789 1966 δεξιά
2822 1904 2913 1955 καὶ
2942 1902 3008 1957 τὰ
3043 1902 3302 1973 ἀριστερά
3335 1919 3427 1956 σου
3459 1903 3699 1956 ἐκπέτα-

2134 2013 2242 2059 σον,
2280 1996 2373 2048 καὶ
2404 1995 2465 2049 τὸ
2500 1995 2715 2065 σπέρμα
2750 2012 2840 2047 σου
2868 1995 2992 2065 ἔθνη
3026 1995 3438 2067 κληρονομήσει,
3474 1994 3566 2046 καὶ
3596 1994 3703 2047 πό-

2130 2092 2241 2153 λεις
2258 2090 2617 2160 ὴρεμωμένας
2639 2089 2948 2150 κατοικιεῖς.
2975 2106 2991 2136 ι
3019 2086 3241 2157 Σπέρμα
3259 2086 3313 2138 δὲ
3335 2086 3432 2155 τῆς
3464 2086 3698 2155 Ἐκκλη-

2132 2186 2249 2247 σίας
2282 2184 2373 2236 τοῦ
2408 2184 2541 2236 Θεοῦ
2576 2184 2657 2255 εἴη
2694 2184 2758 2237 ἂν
2801 2182 2893 2235 καὶ
2921 2182 2949 2233 6
2988 2181 3335 2249 εύαγγελικὸς
3361 2181 3535 2249 λόγος,
3565 2182 3699 2251 περὶ

2129 2270 2189 2329 οῦ
2223 2278 2464 2346 λέγεται’
2490 2297 2507 2327 ι
2542 2276 2791 2345 Ἐξῆλθεν
2811 2277 2839 2327 6
2862 2275 3094 2347 σπείρων
3121 2275 3213 2327 τοῦ
3240 2277 3483 2343 σπεῖραι,
3519 2293 3536 2324 ι
3574 2274 3697 2338 καὶ,

2136 2388 2152 2417 ι
2180 2370 2309 2438 υύχὶ
2343 2370 2504 2421 καλὸν
2544 2370 2762 2440 σπέρμα
2797 2367 3055 2437 ἔσπειρας
3090 2370 3145 2421 ὲν
3180 2368 3257 2438 τῷ
3290 2368 3480 2438 ἀγρῴ;
3519 2389 3536 2419 ι
3581 2369 3699 2422 Καὶ

2131 2462 2291 2513 πάλιν
2323 2461 2541 2513 δύναται
2567 2460 2621 2513 δὲ
2656 2458 2872 2529 σπέρμα
2897 2454 3033 2511 εἶναι
3056 2460 3153 2528 τῆς
3192 2458 3512 2528 Ἐκκλησίας
3540 2459 3634 2512 καὶ
3660 2461 3698 2530 ἡ

2129 2553 2236 2603 τῶν
2267 2552 2574 2604 ἀποστόλων
2594 2552 2687 2603 καὶ
2713 2548 2967 2619 μαθητῶν
2983 2549 3075 2601 τοῦ
3094 2551 3295 2621 Κυρίου
3313 2550 3465 2619 ἡμῶν
3480 2550 3694 2619 διδαχή-

2128 2644 2195 2695 δι’
2223 2637 2296 2695 ὧν
2334 2645 2366 2714 ἡ
2401 2642 2652 2712 θεοσεδὴς
2682 2642 2921 2695 πολιτεία
2964 2644 3020 2694 έν
3057 2644 3173 2703 ταῖς
3199 2642 3365 2693 πάλαι
3393 2642 3700 2713 ἠφανισμέ-

2130 2753 2245 2798 ναις
2276 2736 2368 2788 καὶ
2396 2734 2529 2787 Θεοῦ
2567 2736 2791 2805 ἐρήμοις
2819 2734 3132 2805 ἐκκλησίαις
3164 2735 3409 2806 συνέστη.

2205 2847 2220 2877 ι
2252 2828 2341 2897 Μὴ
2375 2827 2559 2896 φοὸοῦ,
2591 2828 2670 2879 ὅτι
2705 2826 3099 2898 κατῃσχύνθης,
3135 2828 3265 2898 μηδὲ
3295 2829 3585 2899 ὲντραπῇς,
3614 2829 3698 2882 ὃτι

2126 2918 2465 2988 ὠνειδίσθης·
2501 2919 2582 2971 ὅτι
2616 2917 2872 2988 αἰσχύνην
2899 2917 3115 2972 αἰώνιον
3153 2920 3404 2991 ἐπιλήσῃ,
3430 2922 3522 2973 καὶ
3550 2922 3695 2974 ὄνει-

2127 3013 2214 3075 δος
2235 3013 2331 3081 τῆς
2363 3011 2587 3083 χηρείας
2620 3027 2712 3062 σου
2743 3013 2801 3063 ού
2839 3010 2912 3081 μὴ
2940 3012 3224 3085 μνησθήσῃ
3252 3012 3350 3065 ἔτι.
3382 3032 3401 3063 ι
3438 3015 3565 3065 Ὅτε
3594 3014 3697 3083 μὲν

2129 3106 2235 3175 γὰρ
2262 3100 2328 3174 ἦν
2360 3103 2565 3174 στείρα,
2599 3104 2689 3155 καὶ
2714 3104 2773 3155 ού
2800 3102 3076 3165 τίκτουσα,
3102 3102 3220 3155 οὐδὲ
3245 3103 3525 3169 ὠδίνουσα,
3559 3105 3697 3174 μηδὲ

470 3192 586 3246 rilis
609 3202 770 3253 esset,
802 3204 971 3258 neque
1006 3198 1242 3257 pareret,
1275 3202 1451 3257 neque
1493 3191 1809 3257 parturiret,
1854 3206 2026 3260 neque

2136 3198 2215 3249 τὸν
2261 3197 2430 3267 ἄνδρα
2482 3194 2699 3265 ἔχουσα,
2752 3194 3114 3256 ἐπονείδιστος
3167 3188 3235 3265 ἦν
3291 3197 3383 3248 καὶ
3433 3195 3699 3265 αἰσχύνης

468 3286 641 3339 virum
694 3282 930 3346 haberet,
972 3281 1312 3335 contumeliis
1360 3280 1591 3334 obnoxia
1624 3290 1677 3335 et
1710 3281 2027 3337 confusione

466 3376 621 3450 plena
659 3385 815 3439 erat;
859 3383 915 3426 at
956 3387 1094 3426 nunc
1166 3372 1245 3426 sic
1288 3386 1408 3425 eam
1450 3370 1729 3439 compellat
1759 3390 1771 3425 :
1800 3371 2026 3426 Etiamsi

466 3469 594 3527 oiim
626 3467 939 3522 confusione
974 3474 1029 3519 et
1062 3464 1353 3534 opprobrio
1382 3462 1542 3533 digna
1574 3474 1722 3532 gesta
1751 3464 2020 3529 edideris;

465 3561 696 3626 conﬁde,
733 3580 751 3612 ι
794 3560 928 3625 Quia
988 3556 1323 3612 confusionis
1351 3564 1620 3626 perpetuze
1663 3556 2023 3621 Oblivisceris,

465 3664 521 3711 et
545 3653 816 3723 approbrii
855 3649 1133 3704 viduitatis
1165 3658 1267 3703 tute
1310 3664 1413 3703 non
1450 3647 1836 3703 recordaberis.
1878 3666 1897 3699 ι
1937 3650 2028 3703 γε.

465 3747 726 3803 dttitatem
774 3754 948 3798 autem
1006 3744 1095 3797 hic
1136 3754 1293 3797 vocat
1336 3743 1496 3797 Verbi
1548 3742 1726 3811 sponsi
1766 3743 2025 3811 privatio-

469 3856 590 3894 nem
620 3857 633 3891 :
679 3836 854 3904 cujus,
892 3836 1085 3905 inquit,
1118 3851 1221 3889 non
1256 3835 1650 3899 recordaberis,

542 3931 705 3987 Vens.
735 3932 788 3985 5.
825 3950 843 3997 ι
884 3930 1017 3997 Quia
1052 3929 1313 3983 Dominus
1345 3931 1602 3982 virtutum
1635 3938 1740 3990 est,
1780 3928 1870 3997 qui
1899 3927 2025 3982 fecit

469 4034 540 4092 te,
584 4026 841 4079 Dominus
870 4036 1060 4077 nomen
1093 4021 1189 4085 illi,
1234 4029 1287 4074 et
1311 4022 1400 4091 qui
1425 4024 1566 4075 eruit
1611 4030 1689 4086 te;
1736 4023 1850 4089 ipse
1884 4020 2024 4074 Deus

468 4117 629 4171 Israel
666 4126 775 4171 tota
817 4126 956 4169 terra
993 4114 1293 4169 vocabitur.
1349 4132 1368 4165 ι
1415 4113 1529 4168 Νοη
1562 4114 1706 4167 enim
1748 4129 1814 4167 ex
1853 4114 2025 4167 homi-

467 4210 647 4271 nibus.
695 4222 869 4277 neque
915 4222 1012 4277 per
1055 4206 1334 4260 hominem
1379 4206 1490 4260 haec
1530 4206 1821 4259 constituta
1861 4217 2020 4271 sunt,

464 4303 559 4359 sed
588 4317 684 4371 per
709 4301 882 4369 ipsum
914 4299 1223 4352 Dominum.

538 4416 703 4469 Vens.
734 4413 886 4467 6-10.
923 4430 943 4463 ι
976 4412 1090 4466 Non
1118 4411 1273 4481 quasi
1306 4410 1586 4465 mulierem
1627 4412 1939 4467 derelictam
1969 4425 2018 4467 et

464 4507 859 4579 pusillanimem
887 4504 1098 4557 vocavit
1130 4511 1184 4557 te
1222 4502 1500 4568 Dominus,
1532 4518 1703 4573 neque
1743 4516 1799 4558 ιιι
1839 4507 2024 4559 mulie-

464 4614 581 4654 rem
615 4613 681 4651 ex
716 4597 999 4666 iuventute
1025 4595 1152 4649 odio
1195 4595 1454 4648 habitam.
1499 4596 1640 4647 Dixit
1694 4596 1830 4650 Deus
1876 4606 2019 4657 tuus,

464 4688 732 4757 Tempore
778 4686 991 4741 modico
1032 4686 1218 4755 reliqui
1274 4696 1355 4751 te,
1399 4695 1454 4740 et
1486 4701 1607 4739 emn
1657 4690 2021 4743 misericordia

468 4795 659 4850 magna
689 4779 987 4833 miserebor
1018 4779 1117 4843 tui.
1166 4779 1302 4833 dixit
1335 4780 1425 4847 qui
1472 4780 1613 4834 eruit
1646 4791 1696 4833 te
1742 4781 2020 4835 Dominus.

464 4874 549 4929 Ab
577 4887 713 4943 aqua
748 4888 865 4941 qua:
894 4875 995 4926 sub
1023 4869 1136 4926 Noe
1176 4869 1295 4937 fuit,
1326 4872 1426 4926 hoc
1456 4871 1586 4925 mihi
1633 4881 1736 4935 est,
1769 4875 2024 4943 quemad-

468 4970 682 5023 modum
725 4965 903 5035 juravi
946 4965 996 5019 ei
1048 4964 1101 5017 in
1150 4971 1387 5031 tempore
1428 4964 1540 5028 illo,
1592 4975 1749 5019 terra:
1793 4981 1877 5020 me
1920 4982 2024 5019 non

463 5074 849 5117 succensurum
899 5072 1061 5126 super
1098 5067 1150 5110 te
1192 5058 1443 5125 amplius,
1494 5072 1667 5127 neque
1711 5057 1761 5110 in
1809 5058 2026 5111 commi-

465 5155 681 5208 natione
718 5162 806 5205 tua
844 5161 1055 5205 montes
1087 5151 1493 5204 transferendos
1534 5165 1673 5214 esse,
1707 5165 1879 5217 neque
1913 5149 2025 5203 col-

464 5247 539 5300 les
588 5260 734 5298 meos
782 5246 1265 5297 transmovendos:
1308 5244 1386 5297 sic
1439 5258 1611 5311 neque
1655 5243 2022 5295 misericordia

464 5355 580 5395 mea
630 5340 723 5393 tibi
764 5340 1016 5402 deficiet,
1070 5354 1242 5407 neque
1292 5346 1667 5393 testamentum
1702 5336 1847 5404 pacis
1894 5350 2024 5390 mete

463 5432 735 5485 auferetur
759 5452 770 5485 :
791 5433 925 5485 dixit
951 5434 1097 5485 enim
1126 5451 1139 5486 :
1168 5432 1434 5500 l’ropitius
1450 5440 1531 5481 est
1561 5430 1651 5481 tibi
1688 5428 1963 5481 Dominus.
2000 5448 2016 5478 ι

460 5524 581 5578 Cito
618 5525 761 5577 enim
811 5537 1020 5579 montes
1060 5542 1086 5577 a
1139 5524 1369 5593 propriis
1422 5522 1553 5573 locis
1591 5520 2021 5585 transferentur,

460 5626 516 5671 et
550 5616 715 5671 colles
774 5618 1133 5671 turbabuntur
1171 5616 1382 5683 potius,
1443 5628 1604 5680 quam
1654 5612 2021 5668 misericordia

522 5817 540 5844 ‘
601 5813 789 5869 Matth.
826 5832 942 5879 χιιι,
967 5818 1018 5871 5.
1097 5817 1113 5843 ⁷
1144 5810 1274 5866 ibid.
1308 5803 1396 5858 27.

2129 3288 2384 3359 ἔμπλεος’
2423 3288 2556 3341 ἀλλὰ
2597 3286 2690 3339 νῦν
2724 3302 2855 3355 φησι
2902 3285 3035 3356 πρὸς
3069 3288 3260 3357 αὑτήν·
3291 3286 3351 3339 Εἰ
3391 3290 3481 3339 καὶ
3526 3289 3696 3342 πάλαι

2128 3379 2255 3431 ποτὲ
2287 3377 2544 3449 αἰσχύνης
2583 3378 2675 3430 καὶ
2710 3377 2941 3439 ὀνείδους
2976 3376 3240 3447 ἔπραττες
3286 3376 3429 3443 ἄξια,
3467 3376 3692 3447 Θάρσει·

2135 3489 2152 3521 ι
2191 3470 2608 3538 Ὂτιααίσχύνην
2657 3466 2870 3520 αἰώνιον
2913 3466 3165 3538 ἐπιλήσῃ,
3215 3468 3307 3522 καὶ
3354 3469 3550 3532 ὄνειδος
3598 3472 3697 3539 τῆς

2128 3564 2351 3633 χηρείας
2385 3578 2477 3614 σου
2504 3562 2562 3613 οὐ
2600 3561 2673 3630 μὴ
2711 3560 3015 3631 μνησθήσῃ.
3042 3579 3060 3611 ι
3104 3561 3340 3631 Χηρείαν
3382 3560 3437 3613 δὲ
3481 3562 3697 3614 ἀποκα-

2126 3655 2206 3707 λεῖ
2238 3656 2329 3707 καὶ
2376 3654 2605 3707 ἐνταῦθα
2636 3654 2731 3725 τὴν
2779 3654 3031 3725 στέρησιν
3073 3652 3163 3705 τοῦ
3211 3653 3438 3723 νυμφίου
3480 3655 3692 3722 Λόγου⁸

2126 3745 2193 3819 ἧς
2216 3749 2274 3800 οὐ
2312 3747 2615 3818 μνησθήετῃ,
2647 3744 2829 3814 φησιν,

2202 3947 2219 3977 ι
2261 3928 2378 3980 Ὅτι
2427 3928 2626 3997 Κύριος
2672 3926 2780 3977 τῶν
2828 3924 3108 3995 δυνάμεών
3163 3927 3307 3978 ἐστιν
3337 3929 3365 3979 6
3403 3926 3570 3979 ποιῶν
3608 3944 3690 3991 σε,

2127 4020 2325 4089 Κύριος
2361 4020 2530 4090 ὄνομα
2566 4018 2733 4088 αὐτῷ,
2776 4018 2868 4071 καὶ
2913 4018 3211 4089 ῥυσάμενός
3250 4036 3338 4071 σε’
3369 4020 3528 4082 αὐτὸς
3560 4019 3696 4085 Θεὸς

2138 4112 2350 4183 Ἰσραὴλ
2378 4114 2524 4183 πάσῃ
2548 4114 2612 4181 τῇ
2646 4113 2716 4181 γῇ
2748 4110 3125 4180 κληθήσεται.»
3162 4110 3234 4163 υύ
3267 4111 3374 4182 γάρ
3402 4113 3459 4177 ἐξ
3484 4111 3697 4183 ἀνθρώ-

2125 4226 2260 4267 πων,
2291 4208 2408 4260 οὐδὲ
2447 4207 2512 4259 δι’
2542 4205 2829 4276 ἀνθρώπου
2871 4204 2937 4257 τὰ
2968 4204 3064 4273 τῆς
3114 4203 3422 4266 συστάσεως
3446 4205 3691 4271 γέγονεν,

2124 4301 2257 4355 ἀλλὰ
2281 4302 2345 4353 δι’
2377 4300 2538 4353 αὐτοῦ
2571 4300 2664 4353 τοῦ
2696 4300 2919 4370 Κυρίου.

2199 4437 2216 4466 ι
2249 4416 2359 4486 Οὐχ
2387 4415 2460 4479 ὡς
2486 4419 2717 4483 γυναῖκα
2739 4414 3237 4486 καταλελειμμένην
3262 4417 3352 4469 καὶ
3372 4416 3690 4486 όλιγόψυχον

2128 4506 2359 4574 κέκληκέ
2403 4522 2461 4557 σε
2504 4507 2532 4557 6
2560 4505 2780 4575 Κύριος,
2816 4504 2923 4557 οὐδ’
2958 4506 3031 4569 ὡς
3073 4509 3303 4574 γυναῖκα
3339 4507 3400 4558 ὲκ
3439 4506 3692 4574 νεότητος

2130 4598 2505 4669 μεμισημένην
2558 4592 2723 4647 Εἶπεν
2755 4600 2782 4648 6
2802 4597 2933 4660 Θεός
2965 4614 3077 4649 σου·
3102 4597 3304 4667 Χρόνον
3338 4596 3528 4667 μικρὸν
3558 4616 3694 4650 κατ-

2126 4690 2308 4741 έλιπόν
2336 4705 2415 4749 σε,
2457 4687 2551 4738 καὶ
2578 4688 2691 4757 μετ’
2728 4688 2905 4752 ἐλέους
2933 4691 3167 4759 μεγάλου
3196 4690 3399 4760 ὲλεήσω
3430 4708 3508 4753 σε,
3539 4687 3691 4744 εἶπεν

2126 4785 2153 4837 ὁ
2189 4782 2488 4851 ρυσάμενός
2537 4799 2594 4834 σε
2644 4782 2863 4852 Κύριος.
2923 4784 3052 4836 Ἀπὸ
3097 4782 3191 4835 τοῦ
3235 4784 3423 4847 ὓδατος
3458 4784 3549 4836 τοῦ
3599 4788 3691 4838 ἐπὶ

2128 4876 2247 4926 Νῶε
2281 4874 2437 4928 τοῦτό
2467 4876 2555 4944 μοί
2588 4877 2724 4938 ἐστι,
2754 4874 2941 4928 καθότι
2961 4875 3147 4945 ὤμοσα
3168 4875 3313 4945 αὐτῷ
3335 4878 3390 4928 ὲν
3410 4876 3486 4947 τῷ
3514 4877 3693 4946 χρόνῳ

2129 4966 2318 5037 ἐκείνῳ
2354 4970 2419 5037 τῇ
2452 4970 2520 5038 γῇ
2574 4968 2647 5039 μὴ
2701 4967 3115 5038 θυμωθήσεσθαι
3160 4970 3249 5021 ἐπὶ
3284 4970 3364 5021 σοὶ
3414 4970 3513 5030 ἔτι,
3558 4969 3692 5041 μηδὲ

2129 5062 2186 5113 ἐν
2219 5062 2413 5132 ἀπειλῇ
2450 5080 2542 5114 σου
2573 5063 2640 5115 τὰ
2670 5062 2769 5133 ὅρη
2818 5062 3261 5133 μεταστήσεσθαι,
3296 5064 3404 5115 οὐδ’
3434 5064 3480 5116 οἰ
3515 5063 3691 5133 βουνοί

2133 5171 2233 5223 μου
2267 5155 2803 5225 μετακινηθήσονται.
2847 5154 3029 5215 Οὕτως
3054 5154 3173 5206 οὐδὲ
3208 5156 3268 5207 τὸ
3296 5156 3423 5226 παρ’
3449 5156 3581 5224 ἐμοῦ
3612 5173 3690 5208 σοι

2132 5244 2275 5307 ἕλεος
2304 5246 2561 5315 ἐκλείψει,
2591 5246 2709 5299 οὐδὲ
2745 5247 2775 5315 ἡ
2806 5244 3033 5317 διαθήκη
3081 5247 3181 5316 τῆς
3228 5249 3445 5318 εἰρήνης
3493 5264 3585 5298 σου
3630 5248 3688 5299 ού

2136 5337 2206 5407 μὴ
2245 5341 2511 5407 μεταστῇο
2548 5334 2665 5389 εἷπε
2705 5337 2830 5407 γάρ’
2865 5336 3047 5401 Ἵλεώς
3077 5356 3155 5391 σοι
3190 5339 3403 5409 Κύριος.
3436 5360 3450 5388 ι
3489 5340 3691 5393 (θᾶττον

2130 5429 2235 5499 γὰρ
2262 5428 2327 5480 τὰ
2366 5429 2467 5498 ὅρη
2519 5432 2939 5499 μεταστήσονται
2975 5430 3079 5482 τίῖλν
3124 5431 3335 5483 οἰκείων
3368 5432 3565 5495 τόπων,
3600 5433 3691 5485 καί

2129 5522 2175 5571 οἰ
2210 5510 2381 5586 βουνοί
2424 5520 2873 5589 ταραχθήσονῖαι,
2924 5522 3047 5590 ἧτὸ
3092 5523 3219 5592 ἐμὸν
3258 5523 3401 5585 ἕλεος
3444 5524 3553 5576 ἀπὸ
3598 5524 3691 5578 σοῦ

2132 5612 2495 5682 κινηθήσεται.
2534 5616 2637 5665 Καὶ
2668 5615 2835 5667 ταῦτα
2869 5616 2921 5668 δὲ
2956 5617 3028 5687 τῷ
3058 5617 3295 5671 θεοσεϐεῖ
3340 5618 3690 5679 πολιτεύματι
