3968 6508
256 434 370 489 465
1175 426 1678 485 COMMENTARIA
1720 424 1785 479 IN
1828 422 2078 477 ISAIAM.
2116 455 2184 463 —
2222 420 2375 474 CAP.
2415 417 2545 472 LIV.
3392 410 3498 464 466

259 552 657 621 ἐπαγγέλλεται
693 555 721 606 ὁ
761 553 936 621 λόγος.
966 555 1059 608 καὶ
1090 553 1253 606 πάλαι
1286 553 1379 622 μὲν
1410 548 1475 621 ἦν
1521 550 1668 621 παρὰ
1707 552 1821 604 ’1ουι

1939 557 2059 597 mea
2105 558 2132 594 a
2178 551 2229 596 te
2276 547 2631 595 removeatur.
2665 537 2727 591 Et
2766 536 2880 590 hzrc
2908 534 3008 604 pia:
3044 530 3285 601 religioni
3315 544 3501 584 sermo

257 645 450 709 δαίοις,
511 644 760 699 διαπεσὸν
818 645 872 698 δὲ
930 645 1056 715 παρ’
1096 646 1293 707 αὐτοῖς,
1328 643 1418 696 ἐπὶ
1448 642 1546 712 τὴν
1580 642 1635 709 ἐξ
1665 643 1821 695 ἐθνῶν

1936 636 2236 705 pollicetur,
2277 636 2383 688 imo
2410 634 2571 687 etiam
2606 630 2731 684 olim
2775 645 2937 700 penes
2976 627 3190 681 Judacos
3234 625 3320 679 illa
3356 631 3498 688 erat,

272 736 603 807 Ἐκκλησίαν
635 735 1022 807 μεταδέϐηκεν.
1756 768 1759 771 -

1932 730 2025 784 sed
2075 729 2142 783 ab
2184 728 2312 797 ipsis
2342 726 2567 786 decidit,
2606 734 2659 779 et
2694 726 2758 777 ad
2795 720 3090 777 Ecclesiam
3136 734 3201 773 ex
3245 715 3497 788 gentibus

337 933 356 967 ι
386 913 628 986 Ταπεινὴ
676 914 767 969 καὶ
798 915 1188 979 ἀκατάστατος,
1211 915 1270 967 οὐ
1296 914 1657 986 παρεκλήθης.
1702 915 1829 968 Ἰδοὺ

257 1005 371 1074 ἐγὼ
399 1004 674 1076 ἐτοιμάζω
707 1023 786 1059 σοι
828 1006 1071 1078 ἄνθρακα
1092 1006 1182 1059 τὸν
1212 1005 1354 1059 λίθον
1388 1023 1499 1071 σου,
1526 1006 1618 1059 καὶ
1646 1007 1712 1060 τὰ
1745 1008 1832 1060 θε-

260 1096 428 1166 μέλιά
459 1114 553 1149 σου
589 1097 944 1170 σάπφειρον.»
974 1093 1080 1149 Ἦν
1129 1098 1236 1169 γὰρ
1270 1098 1417 1168 παρὰ
1460 1098 1727 1163 Ἰουδαίοις
1754 1099 1831 1170 τῷ

255 1187 374 1241 ὄντι
404 1190 687 1261 ήταπεινὴ
719 1192 1001 1261 σωματικὴ
1032 1190 1316 1261 θρησκεία,
1346 1194 1378 1261 ή
1408 1192 1464 1242 ἐν
1494 1190 1705 1261 σώματι
1733 1209 1829 1244 πε-

268 1280 484 1353 ριτομὴ,
513 1280 606 1333 καὶ
633 1280 691 1331 ἐν
718 1279 920 1342 οὐσίαις
945 1278 1095 1344 ζώων
1119 1281 1210 1333 καὶ
1236 1283 1355 1343 ταῖς
1376 1279 1576 1333 τούτων
1599 1279 1826 1344 θυσίαις,

263 1374 353 1423 καὶ
376 1374 492 1435 τοῖς
512 1371 691 1435 ἄλλοις
715 1372 1111 1442 παραπλησίοις
1136 1371 1490 1443 ἐξεταζομένη
1511 1390 1524 1402 ’
1547 1373 1626 1425 διὸ
1644 1390 1831 1426 ταπει-

262 1462 356 1534 νὴν
383 1463 480 1516 καὶ
508 1462 883 1516 ἀκατάστατον
914 1463 1082 1533 αὐτὴν
1109 1462 1405 1533 ὠνόμασεν.
1426 1458 1536 1516 Εἶτ’
1566 1464 1826 1532 ἐπιλέγει,

260 1573 279 1605 ι
315 1554 394 1606 Οὐ
444 1552 824 1625 παρεκλήθης·
848 1573 867 1605 ι
920 1554 1090 1618 οὐδεὶς
1126 1554 1234 1625 γὰρ
1261 1550 1327 1625 ἦν
1361 1555 1472 1607 τῶν
1514 1555 1826 1626 προφητῶν,

260 1643 378 1696 οὐδὲ
418 1642 528 1697 τῶν
578 1643 837 1713 θεοφιλῶν
883 1644 1090 1716 ἀνδρῶν
1134 1646 1402 1711 τοσοῦτος,
1438 1646 1511 1711 ὡς
1542 1645 1828 1700 ἀναλαϐεῖν

257 1736 429 1807 αὐτὴν
456 1737 550 1790 καὶ
573 1737 991 1809 ἀνακτήσασθαι.

1932 831 2178 877 coactam
2223 818 2481 875 translata
2511 827 2615 870 est.

2007 914 2168 968 Vsus.
2198 914 2286 968 ll.
2330 931 2347 963 ι
2384 909 2609 965 llumilis
2640 916 2693 962 et
2738 905 3036 970 instabilis,
3071 903 3493 961 consolationem

1933 1024 2037 1062 non
2075 1008 2263 1077 adepta
2318 986 2415 1061 es.
2444 1004 2583 1058 Ecce
2617 1016 2716 1070 ego
2760 1013 3006 1068 praepara
3045 997 3139 1051 tibi
3189 996 3494 1051 carbuncu-

1932 1100 2041 1153 lum
2066 1099 2295 1168 lapidem
2324 1106 2495 1161 tuum,
2532 1105 2586 1150 et
2612 1092 2962 1149 fundamenta
2992 1099 3079 1145 tua
3104 1089 3439 1158 sapphirum.
3469 1106 3489 1141 ι

1934 1190 2061 1243 Erat
2101 1190 2243 1244 enim
2283 1204 2468 1243 revera
2512 1201 2677 1257 penes
2704 1183 2919 1239 Judzcos
2963 1182 3206 1249 abiectus
3246 1182 3335 1236 ille
3369 1196 3465 1236 cor

1932 1296 2127 1349 porcus
2152 1280 2360 1346 cultus;
2391 1280 2444 1333 in
2480 1278 2725 1347 corporis
2771 1275 3223 1340 circumcisione,
3273 1275 3325 1329 in
3366 1275 3461 1330 sub

1931 1372 2148 1426 stantiis
2179 1372 2527 1437 animalium,
2575 1381 2628 1426 et
2672 1370 2958 1426 sacriﬁciis
3012 1384 3237 1432 eorum,
3287 1382 3494 1423 necnon

1932 1464 1985 1517 in
2038 1464 2159 1519 aliis
2212 1464 2511 1528 similibus,
2569 1466 2815 1534 positus:
2863 1471 3189 1533 quapropter
3238 1460 3494 1516 humilem

1932 1564 1986 1609 et
2034 1556 2341 1610 instabilem
2377 1565 2535 1611 vocat
2580 1554 2747 1610 illam.
2797 1554 2996 1609 Deinde
3040 1553 3266 1624 adjicit,
3308 1570 3327 1604 ι
3380 1550 3495 1606 Non

1931 1648 2357 1703 consolationem
2393 1648 2582 1717 adepta
2627 1662 2717 1703 es:
2758 1666 2777 1701 ι
2824 1662 2982 1702 nemo
3022 1646 3166 1701 enim
3202 1645 3496 1715 propheta-

1931 1755 2072 1804 rum,
2118 1754 2292 1808 neque
2343 1739 2714 1809 religiosorum
2751 1740 2989 1795 virorum
3022 1748 3168 1797 erat.
3220 1739 3312 1793 oui
3347 1736 3493 1791 illam

1930 1830 2207 1900 suscipere
2234 1839 2287 1886 et
2311 1840 2614 1885 restaurare
2645 1839 2842 1899 posset.

339 1916 475 1970 Ἰδοὺ
508 1916 619 1985 ἐγὼ
653 1919 922 1990 ἐτοιμάζω
955 1937 1036 1973 σοι
1081 1918 1325 1991 ἄνθρακα
1389 1921 1478 1975 τὸν
1516 1922 1659 1976 λίθον
1710 1940 1821 1989 σου,

2008 1939 2027 1973 ι
2071 1922 2212 1977 Ecce
2250 1936 2348 1993 ego
2394 1937 2638 1991 pracparo
2683 1923 2774 1977 tibi
2819 1920 3202 1976 carbunculum
3259 1919 3491 1989 lapidem

252 2010 350 2062 καὶ
377 2010 446 2063 τὰ
491 2010 717 2081 θεμέλιά
760 2032 852 2067 σου
887 2017 1204 2086 σάπφειρον.
1233 2035 1252 2068 ι
1293 2017 1431 2070 ’Λνθ’
1456 2010 1515 2071 οὗ
1541 2020 1569 2071 ὁ
1598 2019 1823 2090 Σύμμα-

250 2117 383 2169 χος,
451 2119 471 2151 ι
521 2102 648 2154 Ἰδοὺ
689 2103 820 2172 ἐγὼ,
873 2107 1023 2177 φησι,
1076 2107 1359 2177 συντίθημι
1412 2110 1645 2180 στιμμίᾳ
1699 2111 1827 2173 τοὺς

251 2189 436 2253 λίθους
454 2208 549 2243 σου
567 2192 679 2260 (40)
706 2212 724 2244 ι
745 2194 1093 2259 ὁθεοδοτίων,
1118 2216 1135 2246 ι
1164 2196 1288 2251 Ἰδοὺ
1306 2196 1414 2265 ἐγώ
1438 2199 1551 2268 εἰμι
1576 2198 1824 2269 ἐμϐαλὼν

252 2284 465 2351 στιμμῇ
499 2283 625 2345 τοὺς
650 2282 829 2347 λίθους
868 2301 980 2338 σου.
1012 2305 1029 2337 ι
1094 2287 1180 2351 Ὠς
1210 2289 1318 2360 γάρ
1351 2289 1415 2342 ἂν
1444 2290 1580 2360 γυνὴ
1614 2290 1823 2343 καλλω-

251 2375 522 2446 πιζομένη
565 2376 901 2447 στιμμίζοιτο
930 2380 1055 2443 τοὺς
1084 2381 1391 2451 ὀφθαλμούς
1413 2400 1426 2411 ·
1464 2382 1635 2447 οὕτως
1664 2384 1823 2449 αὐτὸς

250 2464 383 2533 ἐγὼ,
420 2467 606 2536 φησιν,
636 2468 775 2539 ὑπὲρ
802 2470 977 2524 πάντα
1010 2471 1285 2543 ὡραϊσμὸν
1319 2475 1413 2527 καὶ
1443 2473 1825 2545 καλλωπισμὸν

248 2555 377 2619 τοὺς
405 2557 509 2626 τῆς
545 2558 643 2629 σῆς
666 2560 949 2632 οἰκοδομῆς
985 2562 1165 2627 λίθους
1189 2563 1443 2634 διαθήσω.

325 2670 345 2700 ι
380 2652 489 2703 Kal
518 2650 667 2721 θήσω
692 2651 791 2715 τὰς
821 2654 1069 2718 ἐπάλξεις
1096 2673 1188 2707 σου
1216 2654 1422 2718 ἴασπιν,
1469 2657 1561 2710 καὶ
1595 2657 1690 2719 τὰς
1723 2656 1823 2709 πῦ-

247 2740 350 2803 λας
394 2758 489 2795 σου
546 2741 725 2807 λίθους
767 2744 1120 2815 κρυστάλλου,
1163 2748 1253 2799 καὶ
1291 2746 1381 2799 τὸν
1413 2747 1693 2818 περίϐολον
1729 2766 1822 2801 σου

250 2832 432 2895 λίθους
462 2833 768 2898 ἐκλεκτούς.
792 2855 812 2886 ι
864 2836 1104 2889 Τοιοῦτοι
1126 2838 1169 2890 δ’
1196 2838 1261 2891 ἂν
1290 2834 1396 2891 εἷεν
1417 2839 1475 2891 ὲν
1498 2841 1562 2910 τῇ
1593 2841 1822 2911 Ἐκκλη-

254 2922 346 2993 σία
374 2922 513 2975 Θεοῦ
539 2924 587 2976 οἱ
620 2923 806 2996 λογικῇ
840 2932 1155 2999 παρασκευῇ
1187 2929 1287 2999 τὴν
1318 2929 1498 2981 πίστιν
1520 2929 1821 3002 ὠχυρωμέ-

251 3031 352 3075 νοι,
379 3015 525 3069 ὥστε
557 3017 913 3087 προμαχῶνες
954 3020 1103 3083 ὄντες
1138 3021 1232 3074 τοῦ
1261 3020 1541 3084 θεοσεϐοῦς
1578 3022 1824 3077 πολιτεύ-

165 3109 176 3123 ⁹
256 3120 448 3174 ματος,
469 3104 558 3159 διὰ
584 3107 643 3159 τὸ
662 3107 918 3161 δύνασθαι
944 3112 1050 3163 πᾶν
1078 3109 1276 3181 ὕψωμα
1307 3112 1661 3183 ἐπαιρόμενον
1682 3114 1823 3168 κατὰ

251 3194 350 3264 τῆς
373 3194 628 3262 γνώσεως
648 3196 740 3249 τοῦ
756 3197 891 3251 Θεοῦ
909 3200 1207 3273 καθαιρεῖν,
1223 3202 1314 3253 καὶ
1337 3201 1627 3273 διελέγχειν
1649 3204 1823 3258 πάντα

1929 2020 2101 2080 tuum,
2128 2024 2183 2070 et
2211 2012 2553 2069 fundamenta
2573 2020 2660 2066 tua
2678 2013 3045 2083 sapphirunm
3067 2011 3170 2066 Pro
3192 2026 3300 2081 quo
3336 2011 3494 2082 Sym-

1928 2104 2170 2169 machus,
2210 2122 2230 2157 ι
2264 2104 2399 2160 Ecce
2423 2120 2521 2173 ego
2554 2120 2817 2175 compono
2847 2104 3005 2159 stibio
3045 2104 3249 2172 lapides
3281 2116 3441 2169 tuos;
3469 2120 3488 2153 ι

1928 2194 2225 2251 'l‘heodotio
2246 2206 2446 2259 autem,
2485 2215 2503 2247 ι
2536 2196 2673 2251 Ecce
2692 2210 2790 2265 ego
2813 2195 3094 2249 immittam
3123 2193 3338 2249 stibium
3358 2194 3493 2262 lapi-

1888 2322 1889 2327 η
1926 2288 2082 2343 dibus
2127 2289 2252 2343 tuis.
2282 2307 2301 2339 ι
2334 2287 2788 2354 Quemadmodum
2822 2287 2967 2341 enim
3008 2301 3129 2340 cum
3165 2286 3395 2351 mulier,
3436 2294 3496 2340 ut

1926 2379 2111 2435 forma:
2155 2381 2403 2435 decorem
2443 2379 2642 2443 addat,
2673 2379 2834 2434 stihio
2883 2378 3002 2432 linit
3047 2379 3261 2442 oculos,
3313 2378 3383 2431 ita
3440 2387 3497 2433 et

1925 2487 2058 2542 ego,
2099 2473 2287 2541 inquit,
2312 2471 2458 2527 onmi
2492 2472 2672 2541 specie
2725 2487 2789 2526 ac
2809 2471 3003 2527 decore
3033 2471 3377 2526 formosiores
3399 2484 3496 2540 po-

1926 2579 2049 2618 nam
2099 2573 2386 2618 structura:
2414 2573 2516 2618 tua:
2546 2562 2770 2632 lapides.

1998 2652 2159 2708 Vens.
2195 2654 2280 2709 19..
2317 2673 2335 2706 ι
2380 2653 2445 2708 Et
2489 2670 2684 2724 ponam
2732 2652 3130 2724 propugnacula
3177 2662 3265 2708 tua
3290 2652 3491 2724 jaspin,

1926 2753 1980 2799 et
2015 2754 2200 2814 portas
2232 2756 2351 2799 tuas
2390 2745 2601 2813 lapides
2660 2744 2926 2816 crystalli,
2958 2756 3011 2800 et
3039 2762 3222 2800 muros
3257 2754 3376 2799 tuos
3424 2743 3496 2797 la-

1925 2836 2075 2903 pides
2108 2836 2334 2891 electos.
2381 2836 2542 2890 Tales
2568 2837 2619 2891 in
2649 2835 2889 2891 Ecclesia
2925 2836 3020 2892 Dei
3081 2836 3284 2891 fuerint
3314 2836 3371 2901 ii,
3400 2835 3489 2906 qui

1926 2926 2235 2981 rationabili
2267 2936 2554 2981 structura:
2604 2938 2866 2997 apparatu
2910 2927 3014 2982 lide
3058 2927 3295 2983 rohorati
3341 2937 3490 2992 sunt,

1926 3027 2111 3085 utpote
2142 3018 2232 3088 qui
2283 3019 2387 3089 pia:
2420 3018 2699 3089 religionis
2730 3018 3130 3090 propugnacula
3169 3021 3299 3084 sint,
3349 3018 3492 3086 quod
3606 3036 3619 3049 ·

1926 3111 2137 3179 possint
2165 3125 2382 3166 omnem
2426 3112 2837 3175 sublimitatem,
2882 3121 3070 3165 contra
3102 3109 3195 3165 Dei
3231 3110 3493 3179 cognitio—

1926 3215 2045 3253 nem
2072 3215 2192 3256 sese
2220 3212 2594 3269 exserentem,
2632 3202 2697 3257 de
2740 3201 2915 3258 medio
2950 3200 3155 3265 tollere,
3191 3208 3245 3255 et
3275 3212 3489 3253 onmem

251 3284 406 3353 λόγον
428 3286 602 3357 ψευδῆ
624 3287 717 3341 τὸν
744 3288 843 3359 τῆς
867 3290 1117 3359 ἀληθείας
1166 3293 1439 3363 πολέμιον.
1474 3294 1684 3366 Ὥσπερ
1718 3296 1821 3368 γὰρ

1928 3289 2119 3345 falsum
2163 3305 2466 3347 sermonem
2500 3293 2747 3348 veritatis
2795 3293 3069 3348 inimicum
3118 3292 3401 3346 elimiuare
3437 3300 3493 3347 et

250 3376 339 3428 ἐπὶ
371 3377 484 3429 τῶν
528 3378 725 3448 τειχῶν
756 3382 810 3433 αἰ
862 3380 1113 3447 ἐπάλξεις
1162 3383 1519 3454 προμαχῶνες
1559 3386 1695 3437 εἰσιν
1734 3386 1824 3439 ἐπὶ

248 3473 571 3541 παρασκευῇ
619 3471 719 3541 τῆς
773 3473 907 3544 πρὸς
957 3474 1083 3538 τοὺς
1131 3474 1419 3545 πολεμίους
1471 3477 1823 3548 παρατάξεως

251 3562 791 3631 παρεσκευασμένοι·
823 3562 965 3615 οὓτω
1012 3564 1104 3616 καὶ
1145 3565 1242 3635 τῆς
1301 3564 1621 3636 Ἑκκλησίας
1664 3568 1712 3620 οί
1766 3570 1823 3620 ἐν

248 3649 390 3722 λόγῳ
450 3654 545 3705 καὶ
592 3656 649 3706 ἐν
696 3655 857 3725 σοφίᾳ
909 3655 1155 3721 δυνατοὶ,
1201 3655 1439 3726 λεχθεῖεν
1486 3657 1552 3710 ἂν
1597 3659 1823 3722 εἰκότως

247 3743 524 3809 ἐπάλξεις.
562 3762 581 3795 ι
604 3746 715 3799 Καὶ
756 3746 855 3809 τὰς
896 3747 1066 3811 πύλας
1094 3764 1185 3800 σου
1212 3748 1391 3813 λίθους
1421 3750 1749 3821 κρυστάλλου
1769 3769 1816 3802 ⁸)

245 3833 307 3887 δι’
340 3830 420 3889 ὧν
445 3835 544 3899 τὰς
572 3836 746 3893 πύλας
775 3838 874 3907 τῆς
919 3837 1124 3901 πόλεως
1173 3842 1463 3911 συστήσας,
1491 3840 1735 3905 θεσπίζει
1762 3842 1823 3895 τὸ

245 3927 463 3994 διαυγὲς
497 3927 589 3979 καὶ
623 3927 859 4000 καθαρὸν
890 3928 990 3999 τῆς
1032 3928 1215 3998 ὑγιοῦς
1252 3931 1505 3997 πίστεως,
1552 3932 1822 4003 παριστὰς

245 4017 351 4069 τῶν
383 4019 826 4088 πεπιστευμένων
848 4020 943 4091 τὴν
983 4020 1204 4092 πρώτην
1236 4024 1325 4075 καὶ
1361 4024 1695 4097 στοιχειώδη,
1728 4027 1821 4079 καὶ

245 4108 564 4179 εἰσακτικὴν
600 4109 962 4165 διδασκαλίαν.
996 4132 1013 4163 ι
1039 4113 1149 4166 Kal
1174 4114 1262 4167 τὸν
1302 4115 1583 4186 περίϐολον
1618 4134 1710 4169 σου
1740 4117 1819 4169 λί-

245 4198 369 4263 θους
411 4199 760 4265 ἐκλεκτούς.»
805 4203 1045 4257 Τοιοῦτοι
1090 4204 1133 4257 δ’
1176 4204 1242 4259 ἂν
1287 4200 1396 4259 εἷεν
1428 4207 1477 4259 οἰ
1522 4208 1821 4279 περιφράτ-

240 4307 445 4355 τοντες,
488 4293 585 4346 καὶ
628 4294 747 4346 ἀντὶ
797 4295 999 4358 παντὸς
1041 4296 1236 4367 ἕρκους
1272 4297 1689 4368 άσφαλιζόμενοι
1734 4299 1820 4353 διὰ

242 4385 347 4445 τῶν
385 4385 523 4456 πρὸς
564 4385 656 4438 τὸν
687 4387 818 4440 Θεὸν
856 4388 1028 4458 εὐχῶν
1070 4388 1166 4460 τὴν
1195 4391 1373 4442 πᾶσαν
1409 4391 1694 4463 οἰκοδομὴν
1722 4393 1819 4463 τῆς

245 4476 473 4543 πόλεως,
508 4478 720 4548 μεγάλα
744 4479 837 4532 καὶ
873 4479 1159 4551 πολυτελῆ,
1186 4480 1279 4535 καὶ
1313 4480 1505 4552 ἔντιμα
1534 4483 1817 4556 οἰκοδομή-

247 4582 411 4637 ματα.

314 4678 332 4709 ι
361 4661 472 4712 Καὶ
504 4660 711 4724 πάντας
742 4663 869 4726 τοὺς
912 4662 1058 4727 υίούς
1087 4681 1180 4717 σου
1213 4664 1493 4730 διδακτοὺς
1531 4666 1685 4729 Θεοῦ.
1720 4670 1813 4722 καὶ

243 4751 299 4802 ἐν
353 4750 523 4821 πολλῇ
579 4753 769 4825 εἰρήνῃ
818 4755 886 4807 τά
932 4756 1095 4809 τέκνα
1148 4774 1302 4810 σου.»
1351 4758 1640 4823 Διδακτοὺς
1676 4760 1810 4815 Θεοῦ

242 4843 504 4896 ἀποκαλεῖ
527 4846 651 4908 τοὺς
681 4848 828 4910 υἱοὺς
849 4848 949 4917 τῆς
977 4848 1142 4903 πάλαι
1185 4849 1428 4920 στείρας·
1462 4850 1597 4905 ἀλλὰ
1628 4853 1721 4904 καὶ
1754 4853 1811 4905 ἐν

243 4934 407 5006 πολλῇ
440 4938 630 5009 εἰρήνῃ
665 4937 881 4991 ἔσεσθαι
927 4940 1097 5009 αὐτῆς
1146 4939 1216 4992 τά
1262 4940 1465 4994 τέκνα·
1503 4942 1655 4994 τοῦτο
1702 4944 1811 5014 γὰρ

244 5027 422 5090 αὐτοῖς
451 5028 810 5098 ἐπηγγείλατο
850 5030 1051 5083 εἰπών·
1093 5050 1111 5082 ι
1156 5031 1393 5103 Εἰρήνην
1420 5033 1518 5103 τὴν
1562 5033 1697 5105 ἐμὴν
1730 5034 1809 5087 δί-

242 5118 379 5191 δωμι
404 5122 553 5190 ὑμῖν,
580 5122 801 5193 εἰρήνην
826 5122 924 5193 τὴν
954 5122 1094 5193 ἐμὴν
1124 5122 1326 5194 ἀφίημι
1360 5124 1540 5193 ὑμῖν.»

317 5231 335 5262 ι
382 5212 493 5279 Καὶ
538 5214 596 5264 ἐν
648 5212 956 5285 δικαιοσύνῃ
994 5214 1410 5287 οἰκοδομηθήσῃ.
1448 5215 1677 5286 Ἀπὲχου
1724 5219 1817 5271 ἀπ’

243 5302 449 5363 ἀδικου.
498 5305 592 5356 καὶ
641 5305 703 5357 οὺ
762 5306 1065 5391 φοϐηθήσῃ,
1110 5306 1205 5360 καὶ
1256 5307 1457 5377 τρόμος
1494 5308 1593 5362 οὐκ
1647 5310 1823 5377 ἐγγιεί

245 5410 385 5448 σοι.ι
432 5394 515 5447 Τὰ
554 5396 651 5467 μὲν
686 5396 795 5469 γάρ
850 5397 1165 5469 ἀνθρώπινα
1212 5402 1682 5472 ἐπισκευάσματα,
1728 5405 1822 5457 καὶ

1926 3380 2227 3439 confutare.
2275 3381 2429 3437 Sicut
2459 3384 2603 3438 enim
2654 3384 2933 3439 adornata:
2983 3382 3036 3437 in
3081 3384 3253 3438 muris
3290 3384 3487 3452 pinna,

1926 3474 2323 3544 propugnacula
2357 3484 2505 3538 sunt,
2537 3474 2604 3529 ad
2663 3473 3037 3531 instruendum
3068 3485 3257 3530 contra
3305 3474 3493 3529 hostes

1926 3565 2125 3621 bellum
2159 3566 2525 3630 concinnata;
2569 3566 2648 3621 sic
2686 3576 2743 3622 et
2782 3567 2839 3630 ii,
2881 3566 2971 3637 qui
3008 3566 3061 3621 in
3100 3565 3338 3620 Ecclesia
3375 3579 3491 3621 ier-

1925 3670 2083 3711 mone
2113 3668 2169 3712 et
2218 3657 2486 3726 sapientia
2539 3668 2788 3726 potentes
2838 3666 2986 3722 sunt,
3026 3657 3147 3727 jure
3182 3670 3489 3727 propugna-

1923 3748 2044 3804 cula
2088 3748 2356 3803 dicantur.
2391 3768 2409 3800 ι
2449 3748 2517 3803 Et
2548 3758 2731 3819 portas
2761 3758 2883 3805 tuas
2928 3749 3133 3820 lapides
3170 3746 3431 3819 crystalli,
3465 3766 3484 3800 ι

1922 3840 2122 3908 quibus
2174 3838 2449 3909 lapidibus
2503 3841 2569 3894 ad
2626 3850 2813 3911 portas
2878 3840 3029 3895 urhis
3081 3840 3492 3895 constituendas

1923 3948 2075 3998 usus,
2106 3947 2250 3987 sana:
2282 3932 2403 3986 lidei
2434 3932 2775 4002 splendorem
2815 3943 2869 3988 et
2907 3916 3197 4003 puritatem
3226 3931 3491 3985 vaticina-

1925 4034 2033 4085 tur,
2068 4023 2416 4095 declaratque
2462 4025 2691 4095 primam
2723 4026 3131 4087 elementarem,
3174 4033 3339 4091 atque
3389 4022 3491 4076 ini-

1924 4110 2105 4167 tialem
2142 4128 2343 4178 rerum,
2374 4128 2493 4182 quae
2530 4114 2597 4167 ad
2628 4114 2787 4169 ﬁdem
2828 4112 3120 4183 pertinent,
3166 4110 3486 4165 doctrinam.

1927 4222 1946 4254 ι
1987 4205 2050 4257 Et
2083 4219 2267 4259 muros
2309 4214 2429 4259 tuos
2462 4204 2671 4275 lapides
2711 4205 2937 4260 electos.
2971 4222 2991 4256 ι
3033 4201 3344 4270 Hujusmodi
3376 4200 3490 4255 l'ue-

1924 4297 2032 4348 rint
2067 4296 2124 4360 ii,
2161 4296 2251 4364 qui
2288 4298 2713 4366 circumquaque
2744 4294 3066 4349 munimenti
3101 4294 3218 4348 loco
3258 4303 3405 4357 sunt,
3436 4301 3493 4348 et

1921 4386 2078 4457 quasi
2125 4387 2348 4452 vallum,
2392 4397 2559 4442 totam
2596 4386 2747 4441 urbis
2775 4396 3104 4441 structuram
3155 4400 3250 4455 per
3291 4385 3491 4440 oratio-

1922 4494 2019 4533 nes
2071 4480 2136 4532 ad
2200 4478 2366 4535 Deum
2423 4480 2654 4534 emissas
2711 4488 2996 4533 tutantur:
3065 4493 3254 4547 magna
3312 4490 3486 4543 sane,

1848 4609 1890 4663 ῃ
1922 4571 2154 4642 pretiosa
2199 4581 2254 4627 et
2309 4571 2647 4628 honorabilia
2696 4571 2943 4627 :edillcia.

2000 4663 2159 4720 Vens.
2197 4666 2285 4719 l5.
2321 4684 2340 4717 ι
2380 4664 2445 4719 Ει
2475 4680 2667 4720 oumes
2700 4666 2838 4720 lilios
2878 4678 3014 4729 tuos,
3048 4664 3341 4733 discipulos
3371 4662 3486 4724 Dei,

1920 4767 1973 4809 et
2024 4758 2075 4809 in
2120 4757 2286 4811 multa
2335 4773 2470 4827 pace
2506 4758 2601 4812 lilii
2656 4758 2757 4813 tui.
2796 4775 2815 4809 ι
2858 4756 3159 4827 Discipulos
3195 4756 3287 4810 Dei
3336 4763 3490 4809 vocat

1918 4848 2061 4903 illius
2093 4849 2221 4903 olim
2273 4849 2474 4904 sterilis
2526 4849 2708 4903 ﬁlios:
2755 4863 2819 4902 ac
2875 4849 2929 4902 in
2981 4848 3146 4902 multa
3195 4862 3327 4919 pace
3367 4861 3489 4901 ver-

1920 4951 2135 4994 saturos
2186 4939 2263 4993 ait
2312 4939 2453 4995 lilios
2484 4939 2642 5009 ejus:
2680 4940 2730 4994 id
2759 4940 2905 4994 enim
2941 4941 3069 5009 ipsis
3099 4939 3368 5009 pollicitus
3404 4937 3487 4993 his

1924 5032 2103 5086 verbis
2134 5041 2218 5087 est
2245 5051 2259 5087 :
2302 5051 2321 5085 ι
2361 5032 2557 5088 Pacem
2588 5048 2763 5088 meam
2803 5034 2872 5087 do
2897 5032 3070 5097 vobis,
3098 5047 3282 5101 pacem
3312 5044 3485 5084 tueatu

1919 5123 2163 5193 relinquo
2197 5126 2350 5181 vobis
2378 5126 2420 5181 ⁸.
2458 5144 2477 5177 ι

1991 5217 2158 5273 Vens.
2188 5218 2275 5273 14.
2302 5235 2321 5269 ι
2355 5218 2419 5273 Et
2449 5218 2501 5272 in
2524 5217 2734 5289 justitia
2762 5214 3135 5271 mdilicaheris.
3165 5213 3387 5269 Abstine
3414 5213 3485 5268 ab

1918 5309 2125 5379 iniquo,
2154 5320 2205 5366 et
2253 5327 2358 5366 non
2402 5311 2661 5376 timebis,
2713 5320 2767 5365 et
2815 5318 3019 5363 tremor
3049 5323 3153 5359 non
3199 5305 3486 5375 appropin-

1917 5402 2109 5468 quabit
2151 5403 2269 5457 tibi.
2326 5423 2345 5454 ι
2406 5402 2685 5473 Siquidem
2744 5399 2962 5455 humani
3029 5398 3103 5450 illi
3154 5406 3481 5465 apparatus,

244 5484 300 5551 ἐξ
341 5486 686 5559 ἀνθρωπίνης
726 5489 958 5559 σπουδῆς
1017 5491 1396 5562 συνιστάμενα,
1438 5491 1661 5545 τοιαῦτά
1696 5509 1816 5545 τινα

1928 5494 2157 5548 humana
2190 5510 2319 5549 cura
2349 5496 2503 5561 editi,
2538 5493 2845 5561 hujusmodi
2874 5500 3042 5545 sunt:
3085 5502 3253 5558 quare
3283 5488 3333 5541 in
3363 5503 3485 5542 cor-

242 5577 513 5647 τυγχάνει’
570 5577 652 5631 διὸ
705 5579 797 5631 καὶ
844 5581 923 5642 εἰς
961 5577 1165 5651 φθορὰν
1202 5584 1370 5653 χωρεῖ
1408 5582 1501 5635 καὶ
1545 5584 1624 5645 εἰς
1662 5580 1811 5635 ἀπῶ-

1928 5590 2228 5655 ruptionem
2254 5598 2308 5644 et
2328 5588 2552 5643 exitium
2581 5585 2890 5641 deveniunt.
2921 5582 3069 5651 Opus
3096 5589 3273 5637 autem
3305 5595 3484 5638 meum

243 5686 265 5718 ⁸
291 5684 447 5741 Joan.
485 5703 598 5755 xw,
627 5686 719 5743 27.

310 5780 423 5849 (40)
466 5779 522 5835 In
556 5781 664 5838 alio
693 5783 877 5871 c't‘tdi'cc
913 5782 1244 5871 legitnroto‘ic‘;
1274 5784 1440 5871 λίθοις
1467 5805 1585 5871 σου.
1614 5788 1809 5871 Hiero-

242 5862 432 5919 nytuus
480 5867 646 5923 vero,
695 5852 834 5922 Ἐγώ
880 5852 995 5927 είμι
1038 5854 1288 5926 ἐμϐαλὼν
1328 5859 1385 5912 ἐν
1442 5862 1635 5931 στίμμι
1694 5862 1813 5923 τοὺς

1928 5852 2093 5915 let-tio,
2115 5868 2356 5931 praestet,
2389 5852 2488 5915 suo
2510 5852 3060 5925 ,lbco'indagabimus.

1921 5789 2103 5863 λίθους
2133 5806 2248 5842 σου.
2269 5788 2587 5863 Procopius,
2614 5784 2878 5863 agema
2903 5786 2962 5863 ἐν
3002 5784 3202 5863 στίμει.
3230 5784 3485 5853 Quanam
3556 5850 3557 5853 η
3583 5828 3589 5836 ,
