3968 6508
469 309 571 361 467

1143 306 1404 361 EUSEBII
1446 306 1913 360 CA‘ZSARIENSIS
1952 304 2099 359 OPP.
2144 304 2318 358 PARS
2357 304 2445 357 ill.
2494 335 2562 342 —
2602 300 3009 357 EXEGETICA.

3603 304 3711 358 463

468 425 819 495 corruptione
859 439 1083 477 vacuum
1135 434 1255 477 est:
1298 440 1474 493 neque
1512 425 1615 479 tale
1647 425 1923 493 quidpiam
1975 427 2025 479 in

2134 424 2280 475 λειαν
2301 440 2314 451 ο
2346 422 2407 474 τὸ
2432 418 2486 474 δὲ
2517 421 2647 491 ἐμὸν
2677 421 2835 491 ἔργον
2863 420 3184 492 ἀδιάφθορον
3215 424 3447 491 πέφυκε·
3478 422 3570 475 καί
3591 414 3712 474 oti}

468 529 634 581 eriere
665 530 784 569 meo
817 515 1118 582 reperiatur
1144 516 1284 583 quod
1317 526 1630 584 corrumpat
1674 528 1728 569 et
1758 519 2031 586 disperdat

468 605 540 658 ill:
567 606 618 659 .l.

549 718 704 772 Vens.
741 719 927 773 15-17.
961 738 997 796 ι.
1021 720 1159 773 Ecce
1190 717 1446 788 proselyti
1478 722 1734 773 accedent
1761 722 1825 772 ad
1859 732 1911 773 te
1939 736 2032 787 per

468 826 577 874 me,
620 821 672 862 et
700 811 889 867 incola:
932 811 1006 865 tui
1039 821 1221 874 erunt,
1256 823 1307 864 et
1341 812 1407 865 ad
1437 821 1487 865 te
1517 811 1847 881 confugient.
1894 812 2031 868 Ecce

468 916 565 968 ego
597 903 777 955 creavi
831 913 905 969 te,
956 918 1063 957 non
1113 907 1253 957 sicut
1291 902 1516 957 aerarius
1558 902 1778 959 suillans
1810 921 2026 973 prunas,

467 1003 521 1045 et
549 994 787 1047 educens
822 1008 916 1047 vas
948 994 999 1046 in
1031 1006 1165 1061 opus
1194 1012 1207 1045 :
1256 1009 1356 1062 ego
1389 1003 1567 1048 autem
1603 997 1779 1049 creavi
1821 1007 1891 1061 te,
1926 1014 2028 1051 non

468 1092 523 1133 ut
557 1082 777 1136 interitu
809 1082 1115 1151 perderem.
1151 1083 1323 1138 Oume
1355 1099 1470 1147 vas,
1511 1088 1651 1155 quod
1708 1086 1907 1142 factum
1947 1101 2031 1143 est

466 1181 650 1225 contra
694 1181 744 1223 te
778 1211 793 1234 ,
844 1186 947 1226 non
996 1188 1320 1243 prosperare
1351 1174 1576 1228 faciam:
1619 1189 1674 1230 et
1717 1178 1894 1232 omnis
1929 1194 2027 1231 vox

469 1266 707 1331 insurget
758 1280 920 1333 super
961 1275 1013 1318 te
1053 1266 1106 1319 in
1149 1266 1433 1333 judicium.
1469 1266 1668 1324 Omnes
1699 1286 1792 1325 eos
1824 1272 2026 1335 vinces,

467 1368 520 1408 et
554 1368 715 1411 erunt
745 1359 961 1412 obnoxii
1007 1358 1083 1412 tui
1126 1360 1175 1412 in
1224 1376 1309 1414 co.
1355 1379 1372 1410 ι
1419 1360 1548 1415 Post
1585 1363 1892 1430 prmuissos
1929 1364 2031 1419 Ec-

467 1447 644 1503 clesiae
670 1450 911 1515 ordines,
941 1452 1241 1521 proselytos
1275 1466 1367 1505 eos
1395 1467 1524 1506 esse
1549 1454 1767 1513 dixeris.
1798 1456 1887 1524 qui
1916 1471 2032 1525 ger-

468 1538 614 1592 mani
648 1549 698 1592 et
729 1540 929 1593 sinceri
974 1557 1076 1594 non
1125 1550 1270 1605 sunt,
1317 1559 1490 1611 neque
1530 1560 1660 1613 pure
1706 1548 1758 1601 in
1790 1548 2030 1602 multitu-

465 1629 591 1683 dine
637 1638 967 1697 procedunt:
1012 1649 1148 1702 quos
1200 1635 1658 1704 peregrinaturos,
1713 1653 1820 1694 non
1851 1651 2026 1694 autem

467 1720 807 1775 habitatores
838 1737 957 1776 esse
994 1726 1070 1777 ait
1103 1726 1156 1777 in
1192 1740 1253 1777 ea
1277 1764 1291 1787 ,
1325 1727 1451 1795 quia
1499 1730 1652 1797 quasi
1702 1731 1753 1783 in
1800 1736 2026 1786 transitu

462 1825 583 1863 eam
621 1813 863 1866 adilnmt.
900 1832 917 1864 ι
951 1814 1041 1867 Est
1071 1816 1358 1873 liaareditas
1390 1821 1751 1877 servientibus
1780 1822 2026 1890 Domino,
2064 1799 2102 1852 Β

463 1911 521 1953 et
551 1915 645 1953 vos
676 1903 833 1957 eritis
858 1904 986 1957 milii
1012 1905 1171 1974 justi,
1207 1909 1339 1963 dicit
1374 1909 1655 1966 Dominus.
1694 1933 1712 1965 ι
1747 1914 1905 1983 idque
1933 1919 2029 1969 ad-

467 1993 683 2047 modum
726 2008 1128 2066 congruenter:
1173 2018 1294 2054 nam
1344 2014 1466 2071 pust
1504 2007 1779 2073 praat'nissa
1811 2010 2026 2072 omnia,

467 2083 609 2136 illaut
650 2085 701 2138 in
746 2086 925 2142 futuro
972 2092 1167 2145 sarculo
1200 2096 1490 2162 repositam
1524 2098 1889 2153 bzereditatem
1918 2117 2029 2156 me-

465 2191 677 2231 morare
708 2194 843 2247 opus
876 2192 1012 2234 erat.
1042 2184 1298 2248 Quaenam
1338 2187 1425 2239 illa
1463 2187 1642 2255 fuerit,
1670 2190 1770 2243 nisi
1803 2205 2024 2261 regnum

460 2269 744 2333 caelorum,
775 2284 827 2325 et
869 2276 974 2326 vita
1018 2280 1258 2329 annua?

1067 2435 1293 2491 CAPUT
1343 2438 1445 2491 LV.

533 2565 692 2622 Vens.
730 2569 840 2624 1-3.
885 2589 902 2622 ι
942 2571 1222 2637 Sitieutes,
1270 2576 1340 2628 ite
1369 2577 1432 2628 ad
1464 2592 1681 2645 aquam,
1720 2590 1772 2635 et
1801 2582 1893 2650 qui
1925 2596 2025 2634 non

461 2658 677 2713 habetis
707 2672 1016 2730 argentum,
1047 2679 1238 2718 euntes
1268 2668 1453 2731 emite,
1490 2679 1545 2723 et
1589 2673 1854 2728 comedite
1894 2677 2028 2729 abs-

460 2766 565 2818 que
625 2764 847 2821 argento
900 2755 1082 2809 vinum
1127 2767 1179 2810 et
1223 2758 1455 2828 adipem.
1505 2759 1684 2827 Quare
1726 2767 2028 2834 expendilis

460 2854 761 2911 mgentum,
816 2855 868 2899 et
911 2846 1145 2902 laborem
1200 2860 1469 2916 vestrum,
1516 2870 1621 2907 non
1671 2856 1722 2909 in
1771 2858 2027 2912 saturita-

461 2933 610 2985 ικιηῖ
642 2935 836 2991 Audite
872 2950 975 3000 me,
1024 2948 1080 2993 et
1115 2938 1257 2993 vivet
1296 2941 1346 2994 in
1396 2942 1548 2997 bonis
1604 2946 1778 2999 anima
1824 2961 2025 3013 vestra,

458 3034 513 3077 et
569 3029 898 3084 constituam
953 3033 1105 3087 vobis
1164 3044 1545 3090 testamentum
1596 3040 2025 3109 sempiternum,

2136 512 2371 566 τοιοῦτον
2398 513 2747 583 εὑρεθήσεται
2797 514 2889 564 ἐπὶ
2923 510 3016 564 τοῦ
3065 511 3198 581 ἐμοῦ
3246 512 3425 583 ἔργον,
3467 513 3542 575 ὡς
3588 513 3709 567 δια-

2143 604 2363 675 φθεῖραι
2388 604 2482 657 καὶ
2510 602 2775 656 ἀπολέσαι
2804 602 2933 655 αὑτό

2214 736 2232 768 ι
2277 716 2403 770 Ἰδοὺ
2453 715 2778 787 προσήλυτοι
2832 714 3279 787 προσελεύσονταί
3314 732 3395 770 σοι
3436 716 3502 769 δι’
3547 715 3708 787 ἐμοῦ,

2138 807 2229 859 καὶ
2256 806 2647 877 παροικήσουσί
2703 822 2803 869 σοι,
2859 805 2951 859 καὶ
2993 806 3083 858 ἐπὶ
3142 806 3200 859 σὲ
3256 805 3705 877 καταφεύξονται.

2150 898 2279 952 Ἰδοὺ
2320 896 2431 967 ἐγὼ
2494 896 2682 951 ἔκτισά
2729 915 2808 963 σε,
2857 898 2953 967 οὐχ
2988 898 3064 960 ὠς
3106 897 3338 966 χαλκεὺς
3374 898 3555 967 φυσῶν
3609 898 3708 953 ἀν·-

2139 990 2364 1060 θρακας,
2388 988 2479 1042 καὶ
2500 988 2745 1060 ἐκφέρων
2772 986 2961 1050 σκεῦος
2988 989 3066 1051 εἰς
3094 988 3279 1060 ἔργοψ
3304 987 3413 1057 ἐγὼ
3434 990 3476 1042 δ’
3516 988 3712 1043 ἑκτισά

2139 1096 2217 1143 σε,
2257 1081 2358 1133 οὐκ
2386 1081 2465 1143 εἰς
2493 1078 2766 1132 ἀπώλειαν
2797 1078 3030 1150 φθεῖραι.
3056 1079 3169 1131 Πᾶν
3194 1078 3386 1142 σκεῦος
3410 1077 3709 1133 σκευαστὸν

2137 1166 2230 1218 ἐπὶ
2264 1168 2342 1230 σὲ,
2374 1166 2472 1219 οὐκ
2516 1165 2789 1219 εὐοδὼσω·
2842 1167 2935 1220 καὶ
2965 1168 3111 1220 πᾶσα
3148 1168 3297 1238 φωνὴ
3343 1169 3706 1239 ἀναστήσεται

2137 1258 2227 1310 ἐπὶ
2270 1258 2329 1310 σὲ
2373 1261 2451 1321 εἰς
2500 1258 2695 1327 κρίσιν.
2735 1259 2946 1321 Πάντας
2997 1258 3190 1320 αὑτοὺς
3223 1259 3505 1329 ήττήσεις·
3548 1261 3600 1312 oi
3646 1260 3709 1313 δὲ

2138 1352 2308 1421 ἔνοχοί
2346 1368 2436 1403 σου
2478 1350 2689 1405 ἔσονται
2728 1353 2786 1404 ἐν
2815 1353 2971 1422 αὑτῇ.
3005 1372 3022 1403 ι
3052 1353 3238 1414 Εἴποις
3264 1352 3307 1404 δ’
3334 1350 3399 1405 ἂν
3437 1351 3711 1422 προσηλύ-

2137 1460 2258 1506 τους
2285 1443 2421 1513 μετά
2440 1442 2509 1495 τὰ
2534 1442 2895 1514 προλεχθέντα
2918 1445 3017 1511 τῆς
3044 1442 3361 1514 Ἐκκλησίας
3382 1443 3706 1514 πράγματα,

2136 1535 2261 1598 τοὺς
2281 1535 2341 1586 οὑ
2362 1534 2635 1603 γνησίους,
2664 1533 2781 1585 οὑδὲ
2808 1532 3063 1603 καθαρῶς
3086 1534 3484 1611 προϐάλλοντας
3506 1535 3561 1586 ἐν
3592 1537 3708 1597 τοῖς

2138 1625 2427 1697 πλήθεσιν
2461 1625 2554 1688 οὓς
2593 1627 2686 1678 καὶ
2728 1626 3100 1696 παροικήσειν,
3140 1625 3253 1682 ἀλλ’
3277 1626 3336 1679 οὐ
3362 1627 3706 1698 κατοικήσειν

2138 1721 2300 1789 φησὶν
2315 1718 2499 1788 αὑτὴν,
2514 1717 2600 1770 διὰ
2624 1717 2684 1769 τὸ
2713 1718 2786 1781 ὡς
2803 1719 2859 1770 ἐν
2874 1718 3087 1788 παρόδῳ
3104 1717 3371 1771 ποιεῖσθαι
3386 1718 3583 1781 αὑτοὺς
3604 1719 3705 1789 τὴν

2130 1809 2351 1864 εἴσοδον.
2383 1828 2401 1860 ι
2433 1811 2585 1862 Ἔστι
2615 1809 2944 1880 κληρονομία
2964 1812 3075 1873 τοῖς
3091 1808 3449 1881 θεραπεύουσι
3475 1810 3701 1880 Κύριον,

2132 1903 2224 1957 καὶ
2252 1904 2407 1969 ὑμεῖς
2432 1901 2619 1955 ἔσεσθέ
2647 1919 2733 1972 μοι
2766 1901 2979 1967 δίκαιοι,
3014 1900 3159 1969 λέγει
3198 1900 3430 1972 Κύριος’
3456 1920 3474 1951 ι
3496 1901 3702 1972 σφόδρα

2128 1993 2462 2057 ἀκολούθως·
2499 1993 2636 2063 μετά
2673 1993 2780 2063 γὰρ
2810 1992 2877 2045 τὰ
2908 1991 3269 2063 προλεχθέντα
3301 1993 3496 2055 πάντα,
3532 1991 3703 2061 ἐχρῆν

2129 2085 2434 2156 ὑπομνῆσαι
2477 2085 2571 2137 καὶ
2599 2083 2697 2153 τῆς
2729 2081 3050 2153 ἐγκειμένης
3079 2084 3134 2137 ἐν
3165 2083 3242 2154 τῷ
3272 2083 3515 2154 μέλλοντι
3542 2081 3703 2134 αἰῶνι

2128 2175 2505 2247 κληρονομίας.
2548 2175 2643 2236 Τίς
2669 2173 2712 2226 δ’
2743 2173 2807 2227 ἂν
2846 2173 3054 2241 γένοιτο
3085 2174 3220 2245 αὕτη
3248 2175 3363 2228 ἀλλ’
3391 2176 3423 2244 ή
3456 2172 3703 2243 βασιλεία

2127 2269 2233 2320 τῶν
2257 2266 2500 2337 οὐρανῶν
2527 2265 2622 2318 καὶ
2650 2264 2766 2334 ζωὴ
2792 2266 3034 2330 αἰώνιος;

2634 2424 3025 2478 ΚΕΦΑΛΑΙΟΝ
3054 2424 3177 2476 NE'.

2206 2576 2224 2607 ι
2265 2558 2328 2609 Ui
2368 2556 2646 2625 διψῶντες,
2698 2555 2990 2628 πορεύεσθε
3020 2556 3102 2623 ἐφ’
3145 2554 3307 2625 ὕδωρ,
3341 2556 3433 2608 καὶ
3482 2556 3596 2607 ὅσοι
3624 2556 3699 2626 μή

2128 2648 2279 2717 ἔχετε
2309 2647 2591 2719 ἀργύριον,
2639 2648 2950 2717 βαδίσαντες
2991 2647 3316 2717 ἀγοράσατε,
3369 2648 3457 2698 καὶ
3496 2648 3697 2715 φάγετε

2128 2741 2254 2794 ἄνευ
2280 2741 2542 2812 ἀργυρίου
2580 2735 2720 2793 οἶνον
2760 2739 2854 2792 καὶ
2898 2738 3083 2809 στέαρ.
3117 2738 3232 2790 Ἵνα
3260 2737 3312 2790 τί
3345 2737 3571 2807 τιμᾶσθε
3600 2737 3698 2808 ἀρ-

2127 2832 2337 2904 γυρίου,
2366 2833 2460 2885 καὶ
2505 2833 2597 2884 τὸν
2628 2829 2824 2902 μόχθον
2870 2827 3024 2899 ὑμῶν
3073 2829 3174 2881 οὐκ
3235 2826 3315 2890 εἰς
3345 2827 3699 2897 πλησμονήν;

2142 2926 2429 2979 Ἀκούσατέ
2465 2943 2588 2997 μου,
2613 2924 2707 2978 καὶ
2727 2921 2951 2992 ζήσεται
2974 2923 3029 2974 ἐν
3052 2920 3273 2989 ἀγαθοῖς
3296 2923 3329 2991 ή
3349 2919 3493 2991 ψυχὴ
3518 2920 3697 2990 ὑμῶν,

2131 3018 2223 3071 καὶ
2240 3017 2565 3088 διαθήσομαι
2594 3017 2721 3086 ὑμῖν
2749 3013 3011 3086 διαθήκην
3039 3012 3277 3079 αἰώνιον,
3300 3012 3370 3064 τά
3392 3014 3511 3064 ὅσια
3534 3010 3698 3063 Δαυῖδ

458 3127 648 3171 sancta
702 3119 867 3175 David
916 3123 1116 3179 ﬁdelia.
1162 3144 1181 3176 ι
1219 3125 1275 3180 In
1329 3127 1431 3181 alia
1482 3098 1729 3183 studium
1770 3098 2025 3188 confertis

2134 3109 2195 3164 τά
2227 3110 2410 3163 πιστά.
2439 3129 2456 3161 ι
2492 3108 2625 3179 Περὶ
2654 3107 2819 3178 ἕτερα
2847 3105 3255 3178 ἀσχολούμενοι,
3279 3104 3336 3170 ἐξ
3365 3098 3437 3157 ὧν
3456 3105 3557 3157 οὑκ
3579 3104 3695 3156 ἔστι

462 3218 725 3275 vestrum,
758 3226 825 3263 cx
852 3213 1048 3280 quibus
1089 3231 1195 3270 non
1230 3227 1404 3285 potest
1446 3218 1625 3272 anima
1656 3223 1907 3287 euutriri,
1944 3243 2029 3279 ue-

460 3314 564 3364 que
599 3299 722 3355 cibo
750 3305 817 3356 ad
865 3306 1204 3363 saturitatem
1256 3308 1379 3366 frui.
1436 3311 1638 3369 Praeter
1681 3315 1825 3370 enim
1866 3333 2026 3386 supc-

467 3387 578 3441 rius
605 3388 772 3455 dicta,
811 3393 1074 3449 bonorum
1108 3413 1331 3468 operum
1360 3416 1529 3469 spem,
1571 3404 1916 3468 divinumque
1957 3408 2029 3460 ci-

462 3478 624 3545 lium,
670 3483 1085 3552 obsequentium
1129 3490 1324 3545 animis
1372 3495 1665 3561 repositum
1716 3497 1868 3551 dicit.
1908 3496 2023 3551 Non

458 3570 602 3623 euim
632 3577 975 3643 corporibus,
1023 3582 1143 3645 sed,
1186 3591 1243 3634 ut
1290 3586 1636 3655 perspicmnu
1667 3600 1771 3652 est,
1820 3590 2026 3644 anima-

463 3664 581 3726 l,ns,
617 3663 920 3720 futurorum
967 3671 1225 3728 bonorum
1270 3690 1466 3732 munus
1496 3680 1744 3747 porrigit.
1964 3656 1969 3661 Α

532 3770 695 3828 Vens.
732 3777 784 3839 4,
813 3779 865 3832 5.
912 3798 929 3829 ι
974 3780 1112 3836 Ecce
1142 3786 1507 3842 testimonium
1545 3791 1594 3843 in
1625 3791 1873 3861 gentibus
1905 3793 2022 3847 dedi

461 3880 582 3917 eum
604 3909 618 3931 ,
664 3872 961 3940 principem
991 3886 1044 3929 et
1086 3880 1490 3947 praecipientem
1520 3885 1790 3953 gentibus.
1825 3884 2026 3939 Gentes

460 3974 580 4023 qute
627 3964 940 4018 nesciebant
976 3979 1048 4031 te,
1098 3970 1427 4027 invocabunt
1476 3987 1563 4041 te;
1603 3986 1658 4029 et
1706 3977 1887 4046 populi
1934 3979 2022 4046 qui

462 4052 712 4117 ignorant
756 4066 825 4123 te,
887 4061 953 4113 ad
1003 4071 1054 4115 te
1092 4064 1407 4135 confugient
1459 4076 1680 4136 propter
1743 4068 2022 4123 Dominum

466 4140 636 4197 Deum
671 4156 843 4211 tuum,
886 4162 1136 4205 sanctum
1168 4154 1357 4221 lsrael,
1390 4157 1517 4225 quia
1547 4157 1868 4226 glorilicavit
1891 4169 1962 4211 te.
1994 4178 2015 4211 ι

459 4234 656 4304 Ecquis
712 4253 818 4291 non
871 4249 1085 4310 stupeat
1133 4247 1402 4300 Sermonis
1448 4259 1722 4311 eVentum,
1774 4250 1959 4303 videns
1992 4264 2023 4303 a

459 4326 677 4381 Christo
716 4328 807 4383 Dei
853 4347 951 4401 per
979 4344 1148 4389 totum
1197 4341 1382 4393 orbem
1432 4339 1767 4395 CbriStianos
1817 4358 2025 4396 iniucu-

460 4420 621 4488 pari?
648 4421 715 4475 Et
748 4423 850 4478 hoc
881 4425 984 4479 erit
1013 4426 1117 4484 illis
1154 4440 1414 4485 aeternum
1446 4432 1660 4497 salutis,
1702 4448 1823 4503 quae
1852 4450 1880 4486 a
1918 4436 2023 4489 Deo

456 4523 562 4578 est,
603 4514 841 4583 signum,
886 4520 1027 4586 quod
1066 4536 1263 4576 nomen
1295 4522 1507 4577 Domini
1557 4525 1657 4579 sibi
1687 4526 2021 4593 adscribent,

458 4604 511 4657 in
543 4618 803 4659 aeternum
837 4623 1352 4680 perseveraturum,
1404 4631 1503 4670 nec
1547 4632 1783 4687 unquam
1816 4619 2023 4673 desitu-

461 4714 583 4754 rum
614 4718 627 4753 :
666 4716 792 4756 nam
820 4705 957 4757 dona
996 4705 1085 4761 Dei
1117 4708 1239 4762 sine
1277 4710 1595 4779 paenitentia
1626 4720 1774 4766 sunt.

527 4860 692 4914 Vens.
726 4862 879 4916 6-12.
918 4882 935 4915 ι
960 4865 1195 4932 Quaarite
1229 4866 1536 4935 Dominum,
1560 4877 1767 4929 etcum
1807 4872 2023 4924 invene-

457 4952 577 5005 ritis
618 4968 763 5016 eum,
797 4954 1070 5010 invocate.
1118 4957 1348 5023 Quando
1399 4970 1576 5014 autem
1619 4962 2020 5032 appropinqua-

455 5042 594 5096 verit
627 5043 694 5097 ad
721 5060 841 5108 vos,
878 5047 1219 5115 derelinquat
1266 5050 1463 5121 impius
1510 5053 1623 5107 vias
1666 5068 1815 5119 suas,
1853 5063 1909 5108 et
1940 5054 2020 5107 vir

458 5134 674 5202 iniquus
700 5137 929 5190 consilia
977 5152 1073 5191 sua
1101 5155 1117 5203 ;
1148 5148 1203 5193 et
1230 5150 1578 5197 convertatur
1610 5145 1677 5197 ad
1708 5143 2015 5207 Dominum,

455 5235 509 5278 et
541 5227 972 5284 misericordiam
1004 5243 1410 5302 consequetur:
1454 5236 1580 5305 quia
1610 5237 1810 5292 multus
1835 5238 1937 5292 erit
1963 5239 2016 5290 in

454 5318 787 5373 dimittendis
827 5322 1064 5389 peccatis
1092 5325 1302 5399 vestris.
1343 5325 1525 5395 Neque
1557 5328 1701 5381 enim
1735 5336 1859 5380 sunt
1890 5340 2019 5380 uou-

454 5412 578 5468 silia
606 5430 747 5477 mea,
776 5417 917 5470 sicut
948 5416 1177 5471 consilia
1210 5428 1407 5483 vestra,
1441 5435 1541 5474 nec
1566 5421 1667 5473 via:
1696 5434 1849 5486 meae,
1880 5419 2023 5473 sicut

457 5509 555 5559 via:
593 5523 810 5575 vesanc,
872 5511 1007 5564 dicit
1065 5511 1345 5565 Dominus.
1394 5512 1501 5567 Sed
1544 5521 1802 5581 quantum
1857 5511 2025 5567 distat

453 5596 647 5651 omium
679 5616 706 5651 a
740 5609 908 5663 terra,
957 5611 1165 5655 tantum
1204 5602 1289 5655 via
1322 5618 1438 5657 mea
1487 5619 1515 5656 a
1566 5602 1670 5656 viis
1714 5604 1927 5670 vestris,
1969 5615 2024 5659 et

456 5690 817 5756 cogitationes
864 5705 1053 5746 vestra:
1083 5709 1111 5745 a
1140 5695 1465 5762 cogitatione
1497 5711 1632 5748 mea.
1667 5694 1737 5750 Ut
1780 5697 1925 5747 enim
1978 5696 2020 5751 si

464 5782 747 5837 descendat
778 5782 953 5851 nimia
981 5787 1045 5839 de
1077 5788 1235 5853 eicio,
1274 5798 1326 5841 ct
1372 5801 1476 5839 non
1522 5798 1817 5842 reicttatur
1853 5791 2019 5845 donec

2126 3200 2298 3272 ψυχὴν
2324 3200 2615 3271 τραφῆναι,
2642 3198 2763 3252 οὑδὲ
2800 3200 2879 3262 εἰς
2904 3197 3220 3269 πλησμονὴν
3248 3195 3547 3250 ἀπολαῦσαι
3573 3212 3695 3267 τρο-

2126 3291 2253 3360 φῆςο
2290 3289 2430 3361 Πρὸς
2472 3289 2580 3360 γὰρ
2619 3292 2732 3352 τοῖς
2764 3289 3048 3361 προτέροις
3091 3289 3183 3342 καὶ
3228 3288 3336 3340 τῶν
3365 3286 3537 3357 ἔργων
3561 3287 3697 3353 ἀγα-

2127 3381 2233 3434 θῶν
2252 3382 2461 3444 ἐλπίδα,
2485 3382 2579 3434 καὶ
2600 3380 2801 3452 τροφὴν
2819 3380 2998 3434 ἔνθεον
3020 3377 3407 3450 τεταμιεῦσθαί
3425 3393 3557 3447 φησι
3576 3380 3693 3439 ταῖς

2125 3471 2231 3523 τῶν
2255 3470 2510 3543 ὑπηκόων
2535 3469 2751 3539 ψυχαῖς.
2779 3470 2853 3522 Οὑ
2881 3469 2990 3541 γὰρ
3008 3472 3118 3532 τοῖς
3142 3468 3376 3539 σώμασι,
3400 3466 3695 3538 διαρρήδην

2124 3562 2179 3615 δὲ
2226 3564 2343 3625 ταῖς
2394 3561 2592 3631 ψυχαῖς
2636 3560 2732 3631 τὴν
2774 3559 2882 3612 τῶν
2930 3559 3231 3629 μελλόντων
3280 3557 3503 3626 ἀγαθῶν
3547 3557 3695 3610 δόσιν

2126 3674 2167 3708 π
2174 3654 2507 3727 ροῦάλλεται.

2198 3784 2215 3815 ι
2257 3764 2387 3818 Ἰδοὺ
2417 3762 2711 3835 μαρτύριον
2739 3763 2795 3815 ἐν
2820 3760 3027 3815 ἔθνεσιν
3051 3760 3226 3815 ἔδωκα
3248 3760 3430 3823 αὑτὸν,
3459 3760 3694 3829 ἄρχοντα

2124 3855 2218 3907 καὶ
2261 3854 2666 3924 προστάσσοντα
2712 3850 2941 3905 ἔθνεσιν.
2992 3850 3159 3919 Ἐθνη
3202 3849 3239 3902 ἃ.
3270 3850 3367 3902 οὑκ
3407 3848 3580 3902 οἴδασί
3610 3866 3694 3913 σε,

2123 3946 2530 4003 ἐπικαλέσονταί
2558 3962 2637 4010 σε,
2685 3945 2778 3999 καὶ
2802 3943 2919 3998 λαοὶ
2943 3943 2990 3996 οἳ
3017 3943 3118 3996 οὑκ
3144 3942 3460 3995 ἐπίστανταί
3489 3958 3569 4005 σε,
3601 3944 3692 3995 ἐπὶ

2127 4041 2185 4092 σὲ
2217 4038 2665 4108 καταφεύξονται,
2697 4036 2881 4089 ἕνεκεν
2909 4034 3112 4105 Κυρίου
3145 4032 3237 4085 τοῦ
3265 4032 3397 4086 Θεοῦ
3439 4050 3553 4096 σου,
3598 4033 3689 4085 τοῦ

2124 4129 2278 4196 ἁγίου
2310 4127 2558 4198 Ἰσραὴλ,
2609 4127 2689 4177 ὅτι
2745 4124 2961 4190 ὲδόξασέ
3008 4140 3083 4176 σε.
3127 4142 3144 4173 ι
3196 4123 3305 4175 Καὶ
3356 4124 3439 4187 τίς
3480 4123 3580 4176 οὑκ
3628 4125 3693 4175 ἂν

2124 4219 2422 4289 ἐκπλαγείη
2456 4218 2548 4271 τοῦ
2582 4217 2741 4286 λόγου
2770 4216 2831 4269 τὸ
2856 4215 3220 4287 ἀποτέλεσμα,
3246 4215 3385 4287 ὁρῶν
3422 4214 3540 4268 καθ’
3568 4216 3692 4286 ὅλης

2124 4313 2220 4383 τῆς
2254 4311 2575 4381 οἰκουμένης
2615 4308 2724 4362 ἀπὸ
2767 4308 3001 4379 Χριστοῦ
3043 4308 3136 4361 τοῦ
3167 4308 3300 4361 Θεοῦ
3337 4309 3690 4378 Χριστιανοὺς

2125 4399 2717 4474 προσαγορευομένους;
2764 4397 2872 4450 Καὶ
2915 4396 3069 4449 τοῦτο
3102 4398 3282 4458 αὑτοῖς
3329 4394 3542 4448 ἔσεσθαι
3594 4412 3691 4464 ση-

2059 4485 2101 4539 D
2132 4496 2279 4564 μεῖον
2308 4491 2521 4547 αἰώνιον
2546 4489 2645 4560 τῆς
2672 4488 2823 4560 παρά
2850 4486 2968 4557 Θεῷ
2996 4487 3269 4558 σωτηρίας
3299 4486 3359 4539 τὸ
3390 4487 3690 4557 ἐπιγράφε-

2128 4584 2248 4636 σθαι
2299 4582 2361 4635 τὸ
2391 4581 2485 4634 τοῦ
2518 4580 2719 4650 Κυρίου
2765 4579 2955 4649 ὄνομα,
2999 4579 3137 4649 ὅπερ
3183 4578 3365 4641 αὑτοῖς
3411 4581 3489 4641 εἰς
3520 4577 3692 4630 αἰῶνα

2127 4676 2449 4746 παραμένει,
2482 4675 2577 4726 καὶ
2615 4672 2713 4727 οὑκ
2749 4671 2985 4741 ἐκλείψει
3016 4670 3265 4723 πώποτε’
3305 4669 3693 4741 ἀμεταμέλητα

2124 4767 2233 4837 γὰρ
2260 4766 2328 4818 τὰ
2364 4765 2679 4836 χαρίσματα
2708 4762 2802 4816 τοῦ
2832 4761 2967 4815 Θεοῦ
3000 4762 3274 4831 τυγχάνει.

2202 4893 2221 4925 ι
2248 4874 2526 4944 Ζητήσατε
2550 4873 2643 4925 τὸν
2663 4872 2884 4943 Κύριον,
2909 4872 3000 4926 καὶ
3030 4872 3087 4924 ἐν
3114 4871 3190 4943 τῷ
3211 4872 3483 4943 εὑρίσκειν
3508 4873 3691 4939 αὑτὸν,

2125 4966 2539 5022 ἐπικαλέσασθε.
2584 4962 2776 5016 Ἥνίκα
2797 4963 2841 5016 δ’
2868 4963 2933 5016 ἂν
2963 4963 3154 5035 ἐγγίξῃ
3176 4962 3322 5031 ὑμῖν,
3352 4962 3695 5017 ἀπλειπὲτω

2126 5058 2154 5109 ό
2190 5055 2389 5127 ἀσεϐὴς
2418 5054 2514 5118 τάς
2540 5054 2693 5115 ὁδοὺς
2720 5050 2903 5117 αὑτοῦ,
2929 5052 3021 5105 καὶ
3052 5052 3189 5123 ἀνὴρ
3227 5052 3423 5122 ἄνομος
3450 5052 3549 5116 τὰς
3576 5052 3696 5123 βου-

2126 5144 2224 5208 λάς
2254 5144 2439 5209 αὑτοῦ,
2492 5144 2586 5197 καὶ¹
2620 5143 3004 5213 ἐπιστραφήτω
3029 5141 3121 5194 ἐπὶ
3151 5141 3371 5212 Κύριον,
3405 5144 3497 5196 καὶ
3537 5143 3692 5215 ἐλεη-

2126 5238 2377 5309 θήσεται·
2427 5239 2508 5290 ὅτι
2546 5236 2637 5290 ἐπὶ
2679 5236 2813 5289 πολὺ
2844 5235 3040 5307 ἀφήσει
3071 5235 3170 5298 τὰς
3196 5224 3482 5308 ¹ἁμαρτίας
3516 5237 3690 5307 ὑμῶν.

2128 5329 2202 5382 Οὑ
2238 5328 2346 5400 γάρ
2372 5331 2507 5381 εἰσιν
2537 5330 2592 5381 αί
2620 5327 2804 5399 βουλαί
2833 5343 2954 5398 μου,
2986 5325 3173 5398 ὥσπερ
3204 5328 3259 5378 αἱ
3291 5327 3478 5398 βουλαὶ
3516 5328 3691 5399 ὑμῶν,

2126 5420 2233 5472 οὐδ’
2264 5419 2449 5492 ὥσπερ
2481 5422 2534 5472 αἱ
2570 5420 2677 5473 ὁδοὶ
2716 5418 2887 5490 ὑμῶν,
2923 5420 2979 5472 αἱ
3007 5418 3111 5471 ὁδοί
3144 5436 3264 5489 μου,
3292 5420 3436 5487 λέγει
3468 5420 3690 5492 Κύριος.

2137 5511 2274 5564 Ἀλλ’
2303 5510 2377 5574 ὡς
2407 5510 2600 5580 ἀπέχει
2632 5512 2660 5563 ὁ
2689 5510 2913 5580 οὐρανὸς
2944 5510 3049 5563 ἀπὸ
3076 5510 3174 5579 τῆς
3209 5510 3333 5580 γῆς,
3360 5509 3533 5573 οὕτως
3562 5511 3693 5564 ἀπέ-

2121 5624 2206 5676 χει
2240 5607 2272 5676 ή
2304 5604 2421 5666 ὁδός
2454 5621 2555 5673 μου
2585 5604 2694 5657 ἀπὸ
2730 5604 2834 5656 τῶν
2871 5602 3003 5656 ὁδῶν
3044 5603 3217 5673 ὑμῶν,
3254 5605 3345 5657 καὶ
3376 5605 3445 5657 τὰ
3480 5604 3691 5675 διανοή-

2125 5716 2266 5768 ματα
2296 5696 2447 5766 ὑμῶν
2478 5697 2582 5749 ἀπὸ
2605 5699 2701 5765 τῆς
2725 5696 2960 5759 διανοίας
2987 5713 3104 5765 μου.
3146 5697 3230 5760 Ὠς
3256 5696 3363 5768 γάρ
3388 5698 3453 5751 ἂν
3476 5699 3684 5769 καταϐῇ

2121 5794 2146 5842 ό
2176 5791 2321 5853 ὑετὸς
2360 5792 2420 5842 ἐκ
2472 5789 2561 5841 τοῦ
2595 5787 2844 5860 ούρανοῦ,
2898 5790 2987 5843 καὶ
3022 5788 3078 5839 οὐ
3121 5788 3192 5861 μή
3230 5790 3552 5863 ἀποστραφῇ
3585 5791 3685 5855 ἕως
3716 5778 3740 5831 4
