3968 6512
319 339 420 394 lC!)

1225 336 1719 391 COMMENTARIA
1763 337 1826 390 iN
1869 340 2119 396 ISAIAM.
2162 377 2228 385 —-
2263 346 2412 400 CAP.
2454 345 2587 401 LVI.

3440 351 3541 401 ΠΟ

309 454 370 508 ἂν
406 454 614 527 μεθύσῃ
638 454 735 525 τὴν
760 457 883 526 γῆν,
902 455 990 507 καὶ
1023 456 1242 525 ὲκτέκῃ,
1269 458 1361 508 καὶ
1389 455 1753 526 ὲκϐλαστήσῃ,
1780 459 1869 508 καὶ

1978 460 2201 515 inebriet
2249 471 2469 527 terram,
2499 474 2553 517 et
2607 463 2800 533 pariat,
2834 471 2885 516 et
2918 462 3211 532 germinet,
3240 474 3294 516 et
3331 462 3420 516 det
3456 482 3539 515 sc-

306 545 376 615 δῴ
414 545 633 615 σπέρμα
659 545 737 616 τῷ
768 547 1062 616 σπείροντι,
1094 547 1187 600 καὶ
1214 547 1376 616 ἄρτον
1408 548 1487 609 εἰς
1522 545 1749 617 βρῶσιψ
1785 547 1871 599 οὒ-

306 654 409 699 τως
456 636 609 689 ἔσται
653 637 715 689 τὸ
766 637 915 707 ῥῆμά
948 654 1071 708 μου,
1106 637 1133 689 ὃ
1168 636 1259 689 ὲάν
1293 636 1481 709 ἐξέλθῃ
1525 639 1588 689 ὲκ
1626 634 1716 689 τοῦ
1751 639 1871 691 στό-

312 724 472 797 ματός
510 743 634 795 μου,
665 725 725 777 οὐ
756 726 831 796 μὴ
876 726 1219 798 ἀποστραφῇ,
1255 725 1358 787 ἕως
1396 725 1460 778 ἂν
1507 726 1729 799 τελεσθῇ
1773 730 1874 781 ὅσα

308 818 372 871 ἂν
394 816 653 887 ἠθέλησα.
685 818 795 869 Καὶ
821 816 1067 869 εύοδώσω
1104 816 1202 879 τὰς
1231 817 1383 881 ὁδούς
1413 833 1528 881 σου,
1561 820 1654 872 καὶ
1685 820 1752 871 τά
1792 821 1875 872 ὲν-

306 907 551 978 τάλματά
598 926 718 978 μου.
778 910 866 961 Ἐν
900 908 1007 979 γάρ
1038 909 1344 981 εὐφροσύνῃ
1385 908 1748 977 ἐξελεύσεσθε,
1783 911 1873 963 καὶ

307 1002 360 1053 ἐν
383 1000 528 1069 χαρᾷ
552 997 956 1067 διδαχθήσεσθε.
989 998 1068 1051 Τά
1096 999 1201 1070 γὰρ
1228 999 1325 1071 ὅρη
1355 1000 1447 1052 καὶ
1487 1000 1536 1052 οἱ
1570 1000 1746 1070 βουνοὶ
1781 1000 1870 1065 ἐξ·

306 1088 553 1143 αλοῦνται
583 1090 996 1160 προσδεχόμενοι
1030 1090 1170 1161 ὑμᾶς
1201 1092 1258 1142 έν
1288 1093 1451 1163 χαρᾷ.
1480 1112 1496 1145 ›
1520 1095 1597 1146 Δι’
1624 1086 1698 1147 ὧν
1724 1089 1873 1163 οἴμαι

304 1181 556 1251 δυνάμεις
597 1182 994 1252 συγχαιρούσας
1026 1186 1136 1245 τοῖς
1170 1184 1259 1235 ἐπὶ
1281 1184 1381 1255 γῆς
1432 1184 1745 1255 μετανοοῦσι
1777 1184 1858 1254 δη

304 1273 544 1327 λοῦσθαι.
593 1294 609 1323 ι
635 1276 743 1327 Καὶ⁹
774 1276 949 1328 πάντα
970 1280 1036 1328 τά
1061 1275 1189 1341 ξύλα
1213 1276 1305 1328 τοῦ
1332 1276 1501 1347 ἀγροῦ
1526 1278 1874 1347 ὲπικροτήσει

302 1367 411 1427 τοῖς
441 1364 671 1427 κλάδοις.
703 1384 722 1417 ι
747 1364 888 1418 Ξύλα
915 1365 970 1417 δὲ
994 1364 1085 1417 τοῦ
1115 1364 1284 1435 ἀγροῦ
1316 1365 1705 1437 ὲπικροτοῦντα
1738 1365 1869 1418 κλά-

302 1455 409 1518 δοις
439 1454 579 1524 τάχα
612 1473 712 1507 που
739 1457 793 1507 αἱ
826 1456 1160 1525 καρποφόροι
1189 1452 1297 1508 εἶεν
1326 1455 1390 1509 ἂν
1419 1457 1611 1527 ψυχαὶ,
1648 1458 1869 1527 συγχαί-

306 1563 490 1617 ρουσαι
522 1549 642 1610 ταῖς
666 1546 773 1600 τῶν
804 1548 1017 1619 ἀνόμων
1041 1547 1239 1617 ψυχαῖς
1262 1548 1712 1619 ὲπιστρεφούσαις
1742 1548 1875 1621 πρὸς

306 1638 526 1710 Κύριον.
1670 1693 1675 1702 ,

373 1750 391 1781 ι
430 1731 539 1783 Καὶ
581 1731 700 1784 ἀντὶ
745 1732 842 1800 τῆς
896 1733 1109 1803 στοιϐῆς
1142 1733 1468 1804 ἀναϐήσεται
1513 1734 1869 1804 κυπάρισσος,

1977 567 2096 606 men
2142 553 2447 619 seminantl,
2476 565 2531 609 et
2571 570 2760 621 panem
2810 555 2877 609 ad
2920 556 3280 620 vescendum;
3327 557 3404 611 sic
3440 560 3537 607 eiu
3632 566 3655 579 ο

1975 644 2193 698 verbum
2222 659 2423 709 meum,
2448 647 2803 716 quodcunque
2830 648 3023 701 exierit
3048 648 3114 702 de
3138 662 3232 702 ore
3258 662 3398 711 meo,
3433 664 3534 700 non

1976 746 2299 803 revertetur,
2325 739 2493 793 donec
2520 739 2864 807 perficiantur
2895 754 3229 808 quzecuuqne
3253 739 3508 793 voluerim

1975 828 2040 882 Et
2070 843 2355 897 prosperas
2382 829 2576 885 faciam
2611 832 2726 886 vias
2756 840 2872 886 tuas
2914 841 2966 885 et
2997 840 3260 900 praecepta
3300 848 3436 886 mea.
3480 836 3533 884 lu

1974 918 2154 976 lanitia
2178 922 2319 976 enim
2356 924 2706 992 egrediemini
2729 964 2743 987 ,
2784 933 2839 977 et
2873 924 2923 977 in
2959 925 3153 993 gaudio
3194 924 3532 978 doceliimini.

1976 1013 2184 1069 Montes
2209 1015 2348 1068 enim
2375 1026 2429 1068 et
2463 1014 2633 1071 colles
2663 1017 2912 1070 exsilient
2936 1016 3263 1085 excipientes
3296 1032 3387 1069 vos
3413 1032 3531 1069 cum

1975 1101 2189 1177 gaudio.
2233 1126 2251 1159 ι
2291 1106 2453 1173 Queis
2508 1108 2762 1164 existimo
2797 1108 3088 1178 significari
3129 1109 3381 1172 virtutes,
3419 1124 3534 1175 qua?

1975 1201 2042 1255 de
2072 1200 2458 1269 paenitentibus
2507 1202 2559 1255 in
2606 1211 2746 1257 terra
2797 1200 3062 1255 lzrtantur.
3096 1219 3115 1252 ι
3169 1201 3234 1255 Ει
3264 1204 3438 1254 Otltuiu
3474 1203 3534 1253 li-

1974 1307 2077 1361 gna
2107 1292 2220 1362 agri
2254 1291 2581 1362 applaudcnt
2614 1294 2799 1348 ramis.
2842 1312 2861 1345 »
2897 1292 3063 1362 Ligna
3099 1293 3212 1361 agri
3261 1294 3422 1346 ramis
3452 1310 3539 1360 ap~

1975 1383 2301 1451 plaudentia,
2331 1382 2560 1438 fortasse
2616 1385 2816 1441 fuerint
2847 1386 3042 1439 animae
3069 1383 3380 1450 fructiferw,
3428 1403 3541 1452 qua:

1975 1472 2041 1528 de
2070 1475 2356 1530 animabus
2381 1476 2669 1545 impiorum
2706 1479 2771 1532 ad
2808 1478 3090 1533 Dominmn
3129 1480 3539 1533 revertentibus,

1978 1568 2157 1623 laetitia
2192 1570 2493 1638 replentur.

2047 1726 2207 1781 Vens.
2241 1726 2328 1781 l3.
2360 1745 2378 1779 ι
2413 1728 2475 1781 Ει
2508 1744 2602 1797 pro
2625 1730 2796 1785 stmba
2824 1732 3077 1785 ascendet
3107 1732 3437 1801 cyparissus,
3490 1742 3537 1781 ct

300 1823 418 1876 ἀντὶ
445 1822 502 1875 δὲ
530 1822 630 1892 τῆς
648 1823 875 1894 κονύζης
903 1823 1231 1895 ἀναϐήσεται
1288 1825 1540 1895 μυρσίνη.
1577 1825 1685 1876 Καὶ
1722 1824 1869 1877 ἔσται

1978 1832 2069 1886 pro
2102 1833 2302 1888 conyza
2337 1817 2588 1873 ascendet
2620 1829 2843 1891 myrtus.
2869 1822 2932 1876 Et
2954 1822 3058 1878 erit
3089 1822 3343 1876 Dominus
3371 1824 3422 1875 in
3450 1840 3541 1870 m-

301 1915 499 1987 Κύριος
533 1919 612 1980 είς
634 1917 823 1986 ὄνομα,
860 1916 954 1969 καὶ
984 1918 1063 1979 εἰς
1088 1918 1306 1987 σημεῖον
1348 1915 1595 1981 αἰώνιον,
1631 1918 1723 1970 καὶ
1773 1917 1870 1969 οὐκ

300 2006 558 2075 ἐκλείψει.
597 2027 614 2058 ι
651 2008 1047 2078 Ἀλληγορικῶς
1067 2008 1121 2060 δὲ
1152 2008 1240 2061 διά
1263 2008 1465 2061 τούτων
1495 2008 1736 2079 ᾐνίττετο
1775 2008 1871 2078 τὴν

299 2097 403 2150 ἀπὸ
432 2096 542 2149 τῶν
562 2099 819 2167 χειρόνων
846 2097 936 2149 ἐπὶ
961 2097 1029 2149 τά
1050 2097 1281 2167 κρείττω
1314 2097 1421 2149 τῶν
1453 2097 1639 2167 ψυχῶν
1664 2113 1870 2169 καρπο-

300 2187 492 2257 φορίαν
514 2204 526 2216 ·
563 2188 619 2240 αἶ
654 2189 821 2240 πᾶσαι
860 2188 956 2257 μὲν
988 2183 1124 2259 ἦσαν
1159 2190 1215 2241 ὲν
1260 2188 1531 2259 ἀθεότητι,
1586 2188 1736 2240 οὐδὲν
1783 2189 1873 2256 γό-

298 2295 451 2347 νιμον
480 2278 600 2331 οὐδὲ
626 2278 893 2350 τρόφιμον
926 2278 1147 2350 ἔφερον·
1179 2281 1253 2342 ὡς
1312 2281 1367 2331 ὲν
1430 2282 1622 2351 ἐρήμῳ
1666 2280 1721 2332 δὲ
1777 2282 1872 2334 κα).

295 2369 496 2440 χέρσῳ,
516 2370 608 2422 καὶ
637 2371 971 2441 ἀγεωργήτῳ
989 2369 1160 2442 χώρᾳ,
1212 2370 1427 2441 στοιϐὴν
1454 2371 1584 2442 ’ύλης
1601 2372 1871 2442 ἀχρήστου

296 2462 388 2514 καὶ
421 2461 650 2525 κόνυζαν
682 2462 779 2533 τὴν
812 2462 1262 2532 δυσσεϐεστάτην,
1300 2464 1391 2517 καὶ
1418 2464 1688 2535 ἄχρηστον
1740 2480 1873 2515 παν-

295 2552 465 2615 τελῶς
502 2553 732 2625 βοτάνην
760 2553 943 2622 ἕφυον.
970 2554 1081 2606 Νῦν
1107 2556 1151 2607 δ’
1179 2556 1265 2607 ὅτε
1297 2556 1396 2624 τῆς
1430 2556 1577 2618 θείας
1614 2555 1871 2625 μετέσχον

297 2644 537 2715 χάριτος,
575 2644 837 2717 μυρσίνην
874 2646 1263 2717 εύωδεστάτην,
1288 2648 1381 2699 καὶ
1415 2648 1511 2717 μὲν
1535 2646 1872 2717 ὑψηλοτάτην

299 2739 387 2793 καὶ
427 2738 588 2790 πάλιν
628 2737 797 2809 εὐώδη
834 2739 1169 2809 κυπάρισσον
1226 2737 1633 2809 ὲκαρποφόρουν
1663 2754 1675 2767 ⁶
1733 2736 1873 2789 κατά

297 2827 351 2881 δὲ
412 2829 506 2881 τὸν
560 2828 891 2900 Σύμμαχον,
947 2849 965 2881 ι
1020 2830 1162 2881 Ἀντί
1184 2828 1419 2899 στοιϐἧς,
1480 2829 1662 2900 φησὶν,
1747 2829 1874 2881 ἀνα-

297 2918 520 2989 ϐήσεται
554 2918 878 2988 βράθυ,ἀντ“ι
910 2919 967 2972 δὲ
1003 2919 1178 2981 κνιδδς
1212 2919 1539 2989 ἀναϐήσεται
1579 2918 1865 2989 μυρσίνηοι

297 3006 369 3070 ὡς
401 3010 447 3060 εἰ
485 3007 813 3080 σαφέστερον
844 3009 1089 3076 ἐλέγετο,
1139 3007 1280 3061 Ἀντὶ
1311 3008 1503 3070 κακίας
1544 3008 1871 3079 ἀναϐήσεται

297 3098 631 3169 δικαιοσύνη,
663 3100 754 3151 καὶ
781 3099 900 3152 ἀντὶ
927 3098 1221 3161 ἀκολασίας
1256 3098 1596 3170 σωφροσύνη,
1626 3100 1720 3153 καὶ
1752 3100 1872 3152 ἀντὶ

1978 1923 2098 1961 men
2122 1916 2175 1960 et
2220 1908 2272 1958 in
2311 1908 2523 1976 signum
2576 1909 2984 1977 sempiternum,
3031 1925 3201 1981 neque
3236 1912 3465 1968 deficiet.
3518 1933 3533 1961 ι

1975 1996 2071 2050 His
2109 1996 2392 2067 allegorice
2418 1997 2724 2052 subindicat
2775 2000 3075 2054 animarum
3126 2017 3154 2054 a
3191 2004 3435 2072 pessimis
3474 2008 3537 2053 in:

1976 2080 2195 2135 meliora
2255 2083 2637 2138 revertentium
2699 2084 3118 2141 fecunditatem:
3155 2104 3273 2158 qua:
3325 2093 3535 2159 (μιίαεξίσι

1974 2170 2102 2224 olim
2142 2187 2329 2228 onmes
2372 2174 2425 2227 in
2482 2173 2757 2243 impietate
2793 2178 3167 2248 versabantur,
3209 2196 3273 2236 ac
3318 2184 3448 2235 nihil
3477 2183 3539 2235 κά

1973 2263 2399 2331 productionem,
2457 2266 2697 2337 nihilque
2730 2272 2794 2323 ad
2841 2284 3020 2324 escam
3077 2271 3205 2325 utile
3264 2272 3538 2337 ferebant;

1973 2351 2068 2405 sed
2097 2351 2250 2421 quasi
2291 2352 2341 2405 in
2383 2353 2594 2409 deserta
2627 2366 2681 2411 et
2725 2357 2875 2412 arida
2922 2374 3093 2429 neque
3120 2360 3259 2415 culta
3303 2362 3539 2429 reginm‘,

1973 2444 2196 2500 stmbam
2229 2446 2429 2502 inutilis
2472 2450 2708 2505 materite
2759 2459 2813 2506 et
2861 2467 3119 2522 conyzam
3171 2453 3538 2522 impiissimum

1973 2552 2296 2607 prorsusque
2330 2538 2535 2595 futilem
2561 2540 2779 2597 herbam
2806 2545 3196 2612 germinabant.
3233 2544 3383 2600 Nunc
3419 2562 3541 2599 ww

1974 2636 2254 2697 postquam
2274 2630 2466 2686 divina:
2502 2633 2687 2700 gratia:
2719 2647 2999 2691 consortes
3036 2636 3278 2702 fuerunt,
3308 2647 3539 2708 myrtum

1974 2721 2394 2785 suaveolentem,
2436 2738 2641 2779 necnon
2697 2727 3049 2781 celsissimam
3097 2738 3151 2781 et
3227 2728 3391 2783 odore
3437 2729 3541 2781 {mw

1974 2824 2214 2883 grantem
2261 2816 2592 2885 cyparissnm
2639 2818 2997 2883 emittebant;
3034 2820 3325 2873 secundum
3376 2820 3535 2888 Sym-

1977 2906 2223 2959 machum
2256 2892 2431 2961 autem
2467 2908 2683 2973 dicitur,
2724 2929 2742 2960 ι
2778 2908 2884 2964 f’ro
2915 2911 3087 2965 stoeba
3121 2911 3374 2964 ascendet
3418 2911 3537 2963 bin-

1976 3000 2091 3069 thy,
2122 3006 2175 3051 et
2225 3014 2320 3068 pro
2346 3001 2515 3054 urtica
2548 3002 2801 3055 ascendet
2835 3008 3067 3071 myrtus;
3107 3019 3124 3054 ι
3169 3016 3230 3055 ac
3266 3002 3309 3057 si
3343 3002 3537 3056 clarius
3595 3042 3621 3065 .

1976 3088 2198 3156 diceret,
2232 3090 2334 3146 Pro
2364 3091 2565 3146 malitia
2603 3094 2857 3148 ascendet
2892 3093 3121 3161 jnstitia,
3158 3103 3213 3149 et
3257 3110 3352 3164 pro
3383 3095 3541 3149 lauet-

299 3187 530 3259 θράσους
556 3190 793 3261 ἀνδρεία,
828 3192 921 3243 καὶ
941 3192 1061 3244 ἀντὶ
1115 3190 1425 3262 ἀφροσύνης
1470 3190 1747 3263 φρόνησις,
1780 3191 1869 3244 καὶ

1978 3183 2060 3237 via
2090 3185 2459 3253 temperantia,
2514 3202 2611 3255 pro
2657 3186 2880 3241 audacia
2924 3186 3119 3251 virtus,
3176 3200 3274 3256 pro
3306 3189 3539 3239 {liuentia

299 3279 632 3344 ἁπαξαπλῶς
658 3279 776 3333 ἀντὶ
809 3280 1074 3351 πονηρίας
1102 3280 1289 3353 ἀρετή.

802 3394 1197 3447 ΚΕΦΑΛΛΙΟΝ
1231 3396 1370 3463 NQ".

371 3484 565 3549 «Τάδε
620 3484 767 3552 λέγει
816 3484 1055 3554 Κύριος·
1118 3485 1458 3540 Φυλάσσεσθε
1525 3488 1724 3560 κρίσιν,
1778 3488 1870 3540 καὶ

297 3575 555 3646 ποιήσατε
585 3573 925 3643 δικαιοσύνην
948 3590 960 3603 υ
994 3574 1188 3643 ήγγικε
1233 3573 1338 3646 γάρ
1376 3573 1435 3628 τὸ
1470 3575 1734 3646 σωτήριόν
1769 3592 1868 3645 μου

298 3664 716 3737 παραγίνεσθαι,
764 3665 857 3719 καὶ
921 3667 981 3719 τὸ
1043 3667 1186 3729 ἔλεός
1249 3684 1350 3737 μου
1402 3666 1867 3738 ἀποκαλυφθῆναι.

296 3757 582 3828 Μακάριος
640 3758 775 3829 ἀνὴρ
838 3758 867 3809 δ
918 3758 1085 3811 ποιῶν
1138 3756 1328 3813 ταῦτα.
1385 3778 1402 3809 ι
1451 3758 1575 3821 Πῶς
1633 3760 1693 3812 οὑ
1765 3778 1867 3830 μα-

296 3849 488 3919 κάριος
546 3848 797 3912 τοιαύτας
849 3848 1081 3918 εἰληφὼς
1127 3848 1227 3911 τὰς
1285 3848 1645 3916 ὲπαγγελίας;
1699 3868 1716 3900 ι
1759 3850 1867 3903 Καὶ

294 3941 574 4010 ἄνθρωπος
634 3940 662 3991 ὁ
714 3940 1067 4009 ἀντεχόμενος
1123 3939 1320 4003 αὐτῶν,
1364 3940 1456 3992 καὶ
1489 3939 1773 4009 φυλάσσων
1801 3941 1871 3994 τά

294 4032 548 4087 Σάϐϐατα
598 4032 672 4103 μὴ
720 4030 979 4102 βεϐηλοῦν
1006 4070 1019 4093 ,
1074 4030 1165 4083 καὶ
1235 4031 1506 4103 διατηρῶν
1576 4030 1673 4095 τὰς
1761 4036 1869 4103 χεῖο

297 4141 395 4195 ρας
446 4121 612 4174 αὑτοῦ
665 4122 738 4193 μὴ
772 4124 936 4175 ποιεῖν
979 4122 1159 4176 άδικα.
1216 4141 1233 4173 ι
1285 4123 1343 4175 Ὀ
1370 4122 1478 4195 γάρ
1501 4122 1672 4175 ταῦτα
1702 4124 1869 4177 ποιῶν

294 4215 387 4267 τοῦ
420 4216 571 4286 παρά
619 4215 751 4267 Θεοῦ
789 4215 1137 4287 μακαρισμοῦ
1189 4214 1385 4283 γένοιτ’
1444 4214 1510 4268 ἂν
1542 4215 1708 4280 ἄξιος.
1763 4214 1867 4266 Σὺν

294 4306 503 4369 τούτοις
533 4307 624 4359 κα¹ι
645 4306 711 4360 τὲ
739 4306 988 4360 Σάϐϐατα
1013 4306 1086 4377 μὴ
1113 4304 1369 4375 βεϐηλοῦν
1391 4306 1682 4373 ἀναγκαῖον
1704 4322 1716 4335 ο
1734 4305 1869 4375 ὅπερ

296 4399 447 4451 ὶσται
481 4400 529 4451 εἰ
563 4398 659 4461 τὰς
690 4397 896 4450 ἑαυτῶν
916 4386 1105 4467 χεῖρας
1137 4396 1381 4467 καθαρὰς
1433 4397 1611 4463 πάσης
1662 4395 1864 4448 ἀτόπου

298 4487 549 4559 πράξεως
573 4487 932 4557 διατηρήσητε
954 4503 967 4516 ·
1004 4487 1051 4538 εί
1082 4486 1139 4539 δὲ
1170 4485 1341 4540 ταῦτα
1376 4484 1450 4557 μὴ
1484 4483 1870 4555 aethon-cs,be

297 4550 491 4648 σχολῇ
520 4577 612 4630 καὶ
642 4550 840 4647 ἀργίας
860 4550 1147 4645 ’διάγοντες
1176 4578 1275 4647 τὴν
1306 4550 1396 4629 τού
1430 4550 1702 4628 Σαϐϐἀτου
1743 4573 1873 4646 ήμέ-
1901 4550 1947 4610 D

300 4685 420 4739 ραν,
448 4670 559 4722 ἴστε
596 4669 655 4719 τὺ
687 4668 856 4737 μηθὲν
888 4666 1182 4729 ποιοῦντες.

376 4778 394 4810 ι
425 4759 516 4827 Μὴ
562 4756 762 4824 λεγέτω
809 4758 837 4808 ὁ
886 4756 1175 4827 ἀλλογενὴς
1212 4758 1240 4809 ὁ
1300 4756 1689 4827 προσκείμενος
1736 4754 1871 4825 πρὸς

297 4850 526 4921 Κύριον·
566 4848 806 4918 Ἀφοριεῖ
856 4865 922 4917 με
984 4848 1092 4920 ἄρα
1122 4846 1322 4918 Κύριος
1356 4847 1465 4901 ἀπὸ
1500 4846 1594 4900 τοῦ
1620 4845 1747 4901 λαοῦ
1776 4846 1871 4898 αύ-

295 4941 429 5006 τοῦ;
462 4960 481 4993 ι
514 4940 775 4994 διδάσκων
811 4941 884 5011 μὴ
923 4940 1065 5011 μέγα
1096 4942 1311 5011 φρονεῖν
1364 4940 1631 4993 Ἰουδαίων
1674 4938 1868 5000 παῖδας

295 5035 389 5088 ἐπὶ
414 5033 491 5105 τῷ
516 5034 696 5101 γένει,
734 5034 866 5104 μηδὲ
911 5034 1003 5087 ἐπὶ
1060 5037 1171 5097 τοῖς
1223 5030 1559 5104 προπάτορσι
1608 5030 1866 5102 σεμνύνε-

297 5127 442 5181 σθαι.
485 5146 504 5179 ‹
537 5128 648 5181 Καὶ
706 5127 781 5198 μὴ
824 5126 1027 5195 λεγέτω
1054 5127 1082 5179 ὁ
1108 5125 1395 5196 εὐνοῦχος,
1425 5126 1507 5179 ὅτι
1547 5123 1712 5178 Ξύλον
1756 5122 1865 5192 ἐγώ

301 5220 417 5289 εἰμι
460 5218 642 5289 ξηρόν.
691 5237 709 5270 ›

373 5328 392 5360 ι
433 5310 574 5363 Τάδε
624 5309 771 5378 λέγει
828 5309 1033 5382 Κύριος
1072 5313 1187 5373 τοῖς
1241 5308 1550 5379 εὐνούχοις·
1605 5307 1759 5359 Ὅσοι
1802 5304 1868 5358 ἂν

299 5397 635 5469 φυλάξωνται
669 5400 735 5453 τά
764 5400 1015 5455 Σάϐϐατά
1049 5418 1145 5471 μου
1189 5400 1281 5453 καὶ
1327 5398 1649 5465 ὲκλέξωνται
1686 5396 1722 5451 ἆ
1761 5394 1869 5465 ὲγὼ

299 5491 455 5555 θέλω,
489 5491 583 5545 καὶ
606 5492 934 5562 ἀντέχωνται
959 5493 1057 5562 τῆς
1098 5492 1369 5563 Διαθήκης
1404 5508 1505 5564 μου
1530 5531 1544 5555 ,
1578 5490 1732 5543 δώσω
1770 5488 1869 5541 αύ-

297 5586 408 5646 τοῖς
432 5586 489 5636 ὲν
508 5583 586 5654 τῷ
608 5586 739 5655 οἴκῳ
770 5602 893 5653 μου,
926 5585 1018 5636 καὶ
1040 5586 1097 5636 ὲν
1128 5583 1203 5654 τῷ
1222 5584 1387 5654 τείχει
1420 5601 1519 5653 μου
1553 5582 1716 5634 τόπον
1758 5579 1871 5632 ὀνο-

304 5676 526 5743 μαστὸν,
560 5675 790 5749 κρείττω
811 5676 941 5728 υἱῶν
963 5675 1054 5728 καὶ
1080 5675 1393 5745 θυγατέρων
1416 5692 1427 5703 ·
1455 5674 1622 5743 δνομα
1655 5668 1868 5724 αἰώνιον

299 5764 456 5821 δώσω
484 5768 691 5833 αὐτοῖς·
734 5769 825 5823 καὶ
858 5768 955 5822 οὐκ
984 5767 1239 5837 ἐκλείψει.
1275 5787 1291 5818 ι
1334 5765 1546 5836 Ἐπειδὴ
1570 5764 1623 5817 δὲ
1650 5764 1741 5816 καὶ
1772 5763 1869 5833 τήν

1973 3274 2286 3343 prudentia;
2322 3283 2481 3345 atque
2515 3278 2565 3331 in
2609 3293 2838 3343 summa,
2870 3293 2966 3349 pro
2989 3277 3190 3333 malitia
3222 3278 3409 3336 virtus.

2563 3389 2788 3446 CAPUT
2826 3388 2960 3446 LVI.

2041 3481 2201 3535 Vens.
2217 3480 2361 3546 1,24
2386 3480 2509 3537 Hzec
2523 3482 2653 3537 dicit
2673 3468 2927 3536 Dominus
2946 3501 2959 3538 :
2979 3482 3538 3551 Custoditejudicunn,

1970 3583 2025 3628 et
2060 3572 2218 3628 facite
2264 3573 2529 3643 justitiam
2580 3575 3072 3644 :appropinquavit
3123 3575 3266 3630 enim
3308 3576 3539 3630 salutare

1971 3681 2169 3731 meum,
2200 3676 2257 3721 ut
2287 3667 2484 3731 veniat,
2514 3675 2566 3722 et
2589 3666 2957 3722 misericordia
2982 3682 3124 3733 mea,
3155 3676 3215 3722 ut
3245 3666 3535 3722 reveletur.

1970 3759 2168 3815 Beatus
2198 3760 2280 3813 vir
2313 3759 2406 3829 qui
2438 3759 2570 3815 facit
2615 3760 2754 3818 haec.
2789 3778 2809 3811 ›
2855 3758 2957 3826 Qui
2984 3774 3087 3816 non
3132 3759 3321 3815 beatus
3348 3759 3537 3823 fuerit,

1969 3852 2061 3921 qui
2121 3852 2253 3906 tales
2306 3851 2687 3919 promissiones
2736 3851 3042 3919 acceperit?
3085 3870 3103 3904 ι
3138 3851 3205 3906 Et
3258 3851 3417 3910 homo
3442 3852 3537 3919 qui

1970 3945 2210 4000 adhazret
2248 3944 2351 4007 eis,
2379 3952 2430 3998 et
2466 3944 2555 4013 qui
2581 3944 2834 3998 observat
2866 3941 3122 4008 Sabbata,
3174 3951 3233 3996 ut
3279 3957 3382 3996 non
3419 3956 3539 4009 pro-

1972 4039 2120 4091 funet
2170 4051 2255 4098 ea,
2297 4044 2350 4089 et
2376 4043 2556 4089 servat
2583 4049 2774 4088 manus
2802 4048 2947 4099 suas,
2980 4048 3047 4087 ne
3087 4033 3248 4087 faciat
3281 4032 3483 4100 iniqua.
3518 4052 3533 4082 ›

1970 4128 2102 4183 Nam
2142 4128 2230 4197 qui
2260 4127 2375 4181 haec
2408 4125 2617 4189 fecerit,
2643 4126 2730 4179 illa
2756 4140 2873 4194 quae
2910 4140 2939 4178 a
2965 4125 3070 4180 Deo
3102 4132 3186 4179 est
3213 4123 3539 4177 beatitudine

1970 4222 2163 4292 dignus
2192 4234 2320 4274 sane
2358 4217 2537 4271 fuerit.
2586 4216 2669 4270 Ad
2720 4218 2832 4272 haec
2881 4217 3007 4270 item
3057 4215 3417 4271 necessarium
3459 4228 3537 4268 est

1975 4312 2210 4368 Sabbata
2252 4326 2355 4365 non
2410 4309 2612 4364 violare
2653 4307 2840 4377 :quod
2868 4308 3051 4377 utique
3096 4307 3223 4374 erit,
3254 4306 3300 4361 si
3350 4322 3538 4359 manus

1974 4415 2177 4461 vestras
2199 4404 2264 4458 ab
2293 4403 2439 4456 omni
2480 4401 2694 4472 indigna
2723 4400 2936 4455 actione
2979 4413 3139 4469 puras
3166 4397 3537 4462 servaveritis;

1972 4498 2017 4552 si
2050 4511 2178 4551 vero
2206 4496 2318 4549 haec
2346 4509 2447 4549 non
2477 4493 2716 4563 egeritis,
2761 4501 2923 4561 atque
2951 4493 3001 4546 in
3034 4492 3144 4547 otio
3177 4501 3230 4545 et
3267 4491 3539 4546 vacatione

1976 4587 2194 4643 Sabbati
2230 4587 2372 4642 diem
2400 4586 2791 4656 transegeritis,
2823 4600 2918 4641 vos
2948 4584 3080 4639 nihil
3110 4584 3289 4640 facere
3330 4596 3538 4641 certum

1974 4681 2183 4736 habete.

2047 4771 2209 4827 Vens.
2236 4771 2289 4826 5.
2323 4788 2343 4823 t
2377 4769 2456 4826 Ne
2494 4771 2637 4827 dicat
2688 4770 3004 4842 alienigena,
3034 4769 3125 4840 qui
3155 4768 3431 4838 appositus
3463 4780 3541 4819 esi

1974 4864 2196 4918 Domino
2233 4880 2247 4917 :
2274 4861 2411 4917 Num
2429 4862 2701 4931 separabit
2717 4878 2802 4918 me
2823 4862 3082 4919 Dominus
3100 4878 3128 4915 a
3150 4862 3344 4931 populo
3363 4860 3499 4915 suo?
3518 4878 3534 4909 ι

1973 4956 2171 5009 docens
2197 4951 2410 5009 Judaeos
2444 4970 2513 5010 ne
2542 4955 2609 5010 de
2634 4968 2828 5025 genere
2853 4970 2950 5017 suo
2977 4955 3143 5009 altum
3178 4954 3411 5025 sapiant,
3441 4965 3536 5006 ne-

1972 5061 2077 5114 que
2102 5047 2168 5101 de
2193 5046 2406 5113 proavis
2426 5047 2539 5101 suis
2567 5046 2884 5116 glorientur.
2925 5066 2944 5099 ι
2976 5046 3043 5101 Et
3093 5063 3158 5100 nc
3190 5046 3333 5100 dicat
3366 5058 3538 5100 eunu-

1971 5139 2109 5195 chus
2143 5158 2156 5193 :
2190 5137 2414 5209 Lignum
2448 5140 2658 5194 aridum
2689 5155 2788 5210 ego
2818 5154 2955 5194 sum.
2988 5157 3007 5191 ι

2045 5294 2209 5351 Vsus.
2243 5296 2297 5362 4,
2331 5296 2385 5351 5.
2419 5314 2437 5347 ι
2476 5295 2603 5350 llam
2632 5295 2760 5350 dicit
2796 5292 3053 5347 Dominus
3078 5291 3373 5347 eunuchis:
3406 5290 3529 5360 Qni-

1976 5405 2187 5459 cunque
2218 5389 2572 5444 custodierint
2616 5386 2851 5441 Sabbala
2887 5400 3026 5449 mea,
3051 5394 3104 5439 et
3135 5382 3393 5450 elegerint
3417 5400 3535 5454 qua;

1973 5498 2073 5552 ego
2112 5482 2251 5547 volo,
2281 5491 2335 5535 et
2378 5480 2700 5535 adhazserint
2736 5476 3079 5532 Testamento
3112 5491 3249 5543 meo,
3290 5476 3427 5530 dabo
3456 5478 3533 5529 eis

1974 5575 2026 5629 in
2051 5577 2211 5630 domo
2255 5589 2369 5629 mea
2413 5582 2469 5629 et
2498 5573 2637 5626 intra
2669 5586 2880 5641 murum
2933 5583 3132 5635 meum,
3165 5568 3336 5625 locum
3362 5568 3533 5622 nomi-

1974 5679 2180 5731 natum,
2213 5668 2487 5722 meliorem
2522 5664 2645 5718 filiis
2678 5674 2730 5720 et
2780 5662 3024 5728 filiabus;
3086 5676 3279 5715 nomen
3340 5660 3533 5728 sempi-

1976 5772 2184 5817 ternum
2212 5762 2347 5816 dabo
2374 5760 2473 5825 eis,
2500 5770 2551 5814 et
2566 5774 2667 5811 non
2694 5756 2920 5812 deﬁciet.
2946 5774 2963 5806 ι
2984 5753 3244 5821 Quoniam
3268 5749 3436 5808 Judaei
3467 5749 3531 5803 li-
