3968 6516
419 354 514 409 ΠΙ

1118 355 1385 410 EUSEBH
1425 360 1897 418 CAESARIENSIS
1936 365 2085 421 OPP.
2133 367 2304 422 PARS
2340 369 2421 422 Ill.
2462 398 2530 408 -—
2574 362 2983 420 EXEGETICA.

3541 366 3650 421 ὅτε

420 471 667 521 berorum
699 468 1089 522 Innltitudinem
1154 472 1577 525 benedictionem
1614 474 1700 528 Dei
1735 492 1851 526 esse
1883 492 1979 542 pu-

2121 477 2441 529 ;ολυπαιδίαν
2497 478 2742 545 εὐλογίαν
2792 474 2927 529 Θεοῦ
2955 475 3180 545 ἡγοῦντο
3211 472 3345 530 εἶναι
3388 476 3651 542 Ἰουδαῖοι,

418 561 487 613 tul
521 570 621 623 un,
641 560 1047 629 mercedemque
1066 576 1129 615 ac
1154 562 1380 616 fructum
1403 565 1615 633 pictatis
1642 583 1980 621 numerosam

417 654 616 719 prolem
649 667 767 707 esse
817 652 1218 719 existimabant,
1250 656 1408 709 talem
1442 671 1626 712 eorum
1666 661 1982 713 sententiam

417 744 733 821 reprimens,
767 759 830 798 ac
888 744 1076 799 falsam
1118 762 1239 802 csse
1287 750 1666 815 comprobaus.
1718 751 1988 805 sterilibus

415 848 469 890 et
503 837 569 889 iis
597 836 710 904 qui,
740 838 881 904 quod
904 836 1107 892 exsecti
1134 839 1351 902 fuerint,
1392 838 1533 893 ﬁlios
1564 856 1850 909 procreare
1883 857 1985 895 non

417 926 613 991 valent,
678 944 860 996 parem
920 932 1333 1000 promissionem
1400 930 1575 996 affert,
1617 948 1680 987 ac
1728 933 1988 986 eunuchis

414 1020 547 1075 nihil
593 1022 980 1089 impedimento
1013 1022 1129 1077 lore
1183 1026 1279 1089 ait,
1310 1024 1599 1090 quominus
1653 1025 1789 1077 bona
1819 1039 1849 1077 a
1885 1023 1989 1078 Deo

411 1124 836 1184 ronsequantur,
891 1119 1015 1169 dum
1046 1121 1341 1172 secundum
1379 1120 1541 1173 Deum
1572 1117 1750 1171 vivere
1779 1116 1830 1169 in
1868 1132 1992 1184 pro-

415 1209 588 1273 posito
619 1208 872 1263 habeant.
902 1207 1031 1262 Nam
1077 1212 1123 1264 si
1158 1210 1336 1265 multa:
1364 1211 1672 1266 mansiones
1693 1219 1819 1263 sunt
1850 1210 1988 1278 apud

414 1298 654 1362 Patrem,
700 1311 755 1354 et
800 1302 847 1355 si
882 1313 964 1356 est
1010 1303 1201 1356 civitas
1240 1303 1331 1357 Dei
1385 1302 1680 1358 Jerusalem
1734 1302 1991 1363 caelestis,

417 1391 449 1443 Ιι
471 1405 565 1444 cus
589 1390 693 1444 illis
724 1392 863 1445 intra
890 1393 1104 1447 domum
1140 1394 1233 1448 Dei
1274 1395 1329 1448 in
1353 1395 1535 1449 multis
1574 1395 1677 1450 illis
1705 1395 1993 1448 Inansioui-

418 1488 540 1545 bas,
574 1498 637 1538 ac
672 1484 837 1537 etiam
890 1485 1022 1555 ipsis
1064 1488 1369 1541 mansiones
1422 1487 1715 1551 dabuntur,
1761 1497 1814 1541 et
1872 1501 1995 1555 por-

419 1577 616 1631 tiJnem
636 1578 913 1630 habebunt
942 1577 1082 1631 intra
1115 1594 1326 1633 murum
1352 1580 1590 1634 cmlestis
1616 1580 1706 1634 Dei
1739 1578 1991 1634 civitatis.

486 1666 653 1723 Vens.
672 1670 722 1735 6,
742 1669 796 1724 7.
819 1689 837 1721 ι
865 1669 927 1723 Ει
944 1671 1282 1739 alienigenis,
1303 1672 1390 1741 qui
1410 1672 1607 1726 addicti
1623 1681 1749 1726 sunt
1771 1672 1995 1725 Domino

420 1774 475 1815 nt
506 1763 742 1816 serviant
774 1763 843 1826 ei,
868 1772 921 1815 et
951 1762 1177 1840 diligant
1203 1780 1394 1817 Itumt‘tt
1427 1765 1660 1828 Domini,
1696 1772 1752 1816 ut
1788 1764 1894 1817 sint
1945 1762 1995 1815 ei

2089 568 2277 638 μισθόν
2326 586 2387 621 τε
2419 570 2513 622 καὶ
2543 569 2754 639 καρπὸν
2797 567 3102 632 θεοσεϐείας
3143 569 3241 639 τὴν
3299 568 3657 622 πολυτεκνίαν

2087 659 2580 731 ὑπολαμϐάνοντες,
2618 661 2955 715 ἀναστέλλων
2985 661 3160 715 αὑτῶν
3196 662 3289 714 καὶ
3316 662 3516 729 ταύτην
3553 662 3657 733 τὴν

2085 751 2263 818 δόξαν,
2295 753 2637 825 ἐσφαλμένην
2671 770 2730 806 τε
2774 750 2937 806 οὖσαν
2988 752 3241 824 ἐλέγχων,
3284 756 3394 817 τοῖς
3440 754 3658 821 ἀγόνοις

2089 845 2289 917 καὶμὴ
2333 846 2575 908 δυνατοῖς
2630 845 2982 909 παιδοποιεῖν,
3016 844 3103 897 διά
3154 845 3213 897 τὸ
3265 844 3655 916 ἐκτετμῆσθαι,

2087 937 2187 1007 τήν
2220 936 2339 1006 ἴσην
2403 938 2739 1007 ὑπισχνεῖται
2800 936 3145 1005 ἐπαγγελίαν,
3199 936 3361 1006 μηδὲν
3406 935 3658 1006 ἐμποδὼν

2090 1028 2438 1093 ἕσεσθαιτοῖς
2473 1030 2747 1101 εὐνούχοις
2772 1031 2992 1099 φάσκων
3044 1029 3178 1100 πρὸς
3205 1028 3265 1081 τὸ
3324 1031 3503 1100 τυχεῖν
3546 1028 3660 1083 τῶν

2094 1122 2242 1193 παρά
2263 1121 2397 1174 Θεοῦ
2425 1122 2662 1191 ἀγαθῶν,
2699 1122 2746 1175 εί
2782 1120 2879 1193 ζῇν
2907 1120 3047 1175 κατά
3073 1120 3204 1173 Θεὸν
3232 1120 3555 1191 προέλοιντο.
3592 1120 3658 1173 Η

2097 1216 2205 1286 γὰρ
2262 1215 2451 1268 πολλαὶ
2505 1217 2661 1285 μοναὶ
2703 1216 2848 1288 παρά
2880 1215 2957 1286 τῷ
2989 1215 3182 1286 Πατρὶ,
3215 1213 3309 1267 καὶ
3351 1213 3463 1266 ἐστι
3504 1214 3660 1277 πόλις

2093 1305 2226 1358 θεοῦ
2279 1306 2695 1377 Ἰερουσαλὴμή
2754 1307 3089 1376 ἐπουράνιος,
3122 1306 3215 1357 καὶ
3273 1304 3431 1367 τόπος
3476 1304 3661 1367 αὑτοῖς

2094 1397 2223 1450 εἴσω
2256 1398 2349 1451 τοῦ
2382 1400 2531 1451 οἴκου
2557 1398 2650 1451 τοῦ
2684 1398 2816 1450 Θεοὶ
2845 1401 2902 1452 ἐν
2933 1401 3052 1461 ταῖς
3079 1396 3297 1459 πολλαῖς
3330 1399 3534 1467 μοναῖς,
3567 1396 3666 1452 καὶ

2098 1490 2251 1558 μοναὶ
2284 1486 2617 1559 δοθήσονται,
2644 1491 2737 1542 καὶ
2770 1490 2925 1559 μερὶς
2952 1490 3009 1541 ἐν
3046 1488 3122 1560 τῷ
3150 1487 3316 1558 τείχει
3368 1487 3467 1557 τῆς
3502 1489 3668 1540 ἐπου-

2103 1580 2282 1652 ρανίου
2315 1579 2408 1633 τοῦ
2431 1578 2562 1634 Θεοῦ
2584 1580 2806 1642 πόλεως.

2161 1694 2178 1723 ι
2216 1674 2326 1726 Καὶ
2376 1676 2488 1736 τοῖς
2544 1672 2849 1741 άλλογενέσι
2888 1674 2998 1736 τοῖς
3042 1671 3423 1743 προκειμένοις
3474 1671 3672 1743 Κυρίῳ

2100 1767 2367 1820 δουλεύειν
2396 1766 2562 1837 αὐτῷ,
2587 1768 2679 1821 καὶ
2713 1767 2929 1837 ἀγαπᾷν
2972 1766 3035 1819 τὸ
3087 1764 3257 1836 ὄνομα
3291 1765 3516 1837 Κυρίου,
3568 1762 3671 1817 τοῦ

420 1859 471 1907 in
508 1869 693 1908 servos
737 1864 791 1909 et
841 1855 1071 1909 ancillas
1096 1872 1110 1907 :
1137 1866 1189 1909 et
1215 1855 1467 1925 omnibus
1494 1858 1585 1924 qui
1614 1861 1831 1909 servant
1861 1854 1996 1907 Sab-

2121 1856 2236 1912 Ivat
2274 1858 2419 1929 αὑτῷ
2452 1860 2531 1923 είς
2566 1858 2783 1920 δούλους
2803 1858 2896 1910 καὶ
2924 1855 3145 1921 δούλας·
3183 1856 3277 1909 καὶ
3308 1856 3513 1919 πάντας
3542 1856 3675 1918 τοὺς

424 1949 540 2002 [Μιό
586 1963 725 2013 mea,
767 1962 836 2001 ne
866 1946 1144 2016 profaneut
1174 1963 1258 2011 ea,
1292 1959 1343 2001 et
1365 1946 1454 2016 qui
1489 1948 1784 2001 observant
1812 1943 1998 1997 Testa-

424 2051 658 2095 mentum
697 2056 915 2103 meum,
953 2040 1197 2094 inducam
1231 2055 1323 2094 eos
1353 2038 1404 2092 in
1456 2049 1695 2092 montem
1757 2046 1997 2090 sanctum

423 2149 620 2190 meum.
662 2152 680 2185 ι
718 2133 806 2185 Ait
834 2134 1031 2201 quippe
1058 2132 1276 2185 domum
1330 2146 1480 2184 suam
1534 2143 1638 2182 non
1672 2126 1830 2181 talem
1858 2138 1999 2187 esse,

421 2241 540 2291 qua:
575 2226 671 2278 bos
701 2224 918 2293 quidem
964 2233 1193 2292 Spectet,
1240 2222 1374 2276 alios
1421 2236 1550 2275 vero
1605 2219 1865 2281 minime;
1908 2219 2001 2270 sed

422 2333 486 2369 rx
530 2317 880 2369 humanitatis
909 2316 957 2370 vi
1003 2317 1253 2371 omnibus
1283 2315 1535 2384 gentibus
1576 2324 1814 2383 apertam
1850 2327 2001 2375 esse,

424 2410 672 2463 utetiam
713 2410 948 2463 etmucbi
976 2419 1027 2464 et
1064 2409 1344 2481 paralytici
1384 2409 1452 2462 ibi
1492 2408 1842 2477 recipiantur.
1890 2424 1909 2457 ι
1942 2405 2004 2460 Et

426 2501 715 2555 laetiﬁcabo
737 2518 832 2556 eos
874 2504 924 2554 in
956 2502 1116 2557 domo
1162 2500 1428 2556 orationis
1477 2514 1631 2553 meae.
1685 2496 2006 2552 Holocausta

432 2611 613 2648 surum
645 2605 696 2648 et
727 2595 999 2648 sacriﬁcia
1048 2610 1240 2647 eorum
1272 2602 1431 2647 erunt
1470 2601 1695 2661 accepta
1739 2605 1901 2659 super
1931 2588 2009 2642 al-

430 2701 545 2744 tare
572 2705 772 2743 meum.
820 2689 956 2741 Nam
989 2688 1352 2751 domusrmea,
1382 2689 1573 2741 domus
1615 2684 1880 2741 orationis
1920 2699 2009 2738 vo-

429 2784 646 2838 cabitur
679 2784 892 2837 cunctis
918 2783 1183 2851 gentibus.
1224 2802 1242 2833 ι
1294 2780 1388 2835 His
1411 2780 1647 2835 arbitror
1677 2779 1744 2832 ad
1775 2779 2007 2831 litteram

428 2879 560 2943 dici,
614 2879 777 2931 Deum
826 2891 924 2944 per
968 2876 1332 2929 reversionem
1396 2872 1574 2943 populi
1614 2888 1679 2925 ex
1720 2870 2007 2939 Babylone,

440 2986 550 3039 pne
600 2970 699 3023 sub
733 2969 892 3038 Cyro,
936 2967 1093 3021 Dario
1122 2977 1175 3020 et
1212 2968 1511 3020 Artaxerxe
1555 2964 1803 3033 contigit,
1838 2964 2009 3031 ipsum

435 3066 715 3128 reducere,
752 3079 921 3134 quare
956 3062 1137 3117 subdit
1169 3081 1184 3114 :

511 3246 672 3299 Vens.
706 3245 759 3299 8.
803 3264 820 3295 ι
858 3246 999 3299 Dixit
1033 3243 1311 3306 Dominus,
1350 3242 1447 3311 qui
1475 3249 1767 3311 congregat
1801 3239 2008 3309 disper-

439 3355 530 3395 δίε
562 3338 748 3402 Israel,
780 3338 1130 3407 Congregabo
1160 3336 1229 3390 ad
1279 3352 1401 3391 eum
1456 3333 1949 3403 congregationem.
1987 3349 2006 3381 ι

438 3436 557 3501 Quo
604 3442 849 3501 tempore
898 3430 1187 3483 verisimile
1233 3438 1318 3483 est
1358 3426 1560 3481 multos
1594 3424 1661 3478 ad
1706 3439 1829 3476 eum
1878 3436 2011 3476 con-

438 3524 661 3580 ﬂuxisse
694 3539 761 3578 cx
801 3522 1117 3592 alienigenis
1143 3521 1415 3590 gentibus,
1449 3532 1583 3586 quos
1608 3517 1677 3571 ob
1726 3514 2011 3585 pristinum

441 3627 665 3681 statum,
699 3626 753 3669 ct
791 3616 860 3670 ob
896 3614 1105 3668 alienos
1149 3623 1543 3682 extraneosque
1590 3622 1785 3673 mores,
1815 3606 2016 3663 bestias

443 3713 556 3782 agri
592 3716 769 3763 vocat.

518 3801 678 3855 Vens.
711 3802 764 3854 9.
801 3818 819 3850 ι
857 3798 1056 3856 Omnes
1084 3797 1211 3853 fera:
1242 3799 1443 3864 bestiae,
1468 3797 1669 3859 adeste,
1722 3793 2011 3858 comedite,

444 3908 632 3948 omnes
670 3893 854 3947 bestiae
877 3892 1066 3947 saltus.
1106 3911 1125 3945 υ
1157 3890 1348 3946 Bestiae
1373 3891 1495 3953 illae,
1524 3905 1643 3958 quae
1672 3903 1794 3943 cum
1826 3884 2018 3941 lsraele

450 3997 868 4058 congregantur,
900 3985 936 4039 ii
981 4001 1049 4040 ex
1086 3983 1339 4056 gentibus
1392 3982 1615 4048 fuerint,
1661 3980 1753 4050 qui
1794 3980 1858 4033 ad
1896 3991 2017 4030 ver-

448 4079 573 4132 bun;
604 4086 974 4144 accesserunt,
1000 4092 1137 4146 quos
1180 4085 1373 4131 evocat
1404 4076 1488 4130 bis
1511 4075 1708 4137 verbis,
1747 4090 1766 4123 σ
1798 4071 2017 4131 Adeste,

450 4172 738 4235 t‘nllledilt‘,
763 4186 954 4226 omnes
996 4170 1184 4225 bestiae
1229 4168 1419 4223 saltus.
1476 4187 1504 4240 r
1542 4166 1863 4233 Plerumque
1894 4174 2021 4214 vero

451 4266 791 4320 observatum
841 4264 997 4319 nobis
1025 4274 1128 4329 est,
1178 4264 1373 4318 saltum
1419 4261 1547 4325 dici,
1600 4260 2019 4328 alienigenarum

453 4358 693 4425 gentium
727 4357 1153 4412 multitudinem.
1182 4356 1289 4410 llas
1314 4368 1474 4425 porro
1501 4355 1701 4409 bestias
1735 4350 1828 4405 Dei
1866 4362 2024 4403 voca-

455 4450 599 4504 :ione
633 4450 887 4510 dignatur
911 4458 965 4502 et
1005 4447 1069 4501 ad
1105 4447 1410 4503 convivium
1447 4455 1657 4500 evocat.

2113 1950 2554 2021 φυλασσομένους
2591 1948 2659 2001 τά
2684 1947 2936 2002 Σάϐϐατά
2972 1964 3071 2019 μου
3118 1947 3195 2019 μὴ
3242 1945 3520 2017 βεϐηλοῦν,
3575 1945 3677 2001 καὶ

2102 2043 2489 2113 ἀντεχομένους
2520 2040 2625 2111 τῆς
2656 2040 2927 2111 Διαθήκης
2964 2056 3089 2111 μου,
3146 2038 3345 2105 εἰσάξω
3370 2038 3562 2103 αὑτοὺς
3593 2038 3678 2101 είς

2101 2137 2161 2190 τὸ
2213 2136 2336 2207 ὅρος
2386 2134 2446 2187 τὸ
2501 2133 2653 2202 ἅγιόν
2716 2151 2835 2204 μου.
2881 2153 2898 2184 ι
2932 2133 3035 2187 Τὸν
3076 2131 3184 2204 γάρ
3214 2124 3359 2183 οἷκον
3404 2130 3566 2183 αὑτοῦ
3599 2128 3679 2201 μὴ

2102 2228 2267 2282 τῶνδε
2305 2228 2401 2298 μὲν
2448 2227 2730 2299 ὑπάρχειν,
2764 2225 2872 2279 τῶν
2901 2225 2958 2277 δὲ
2994 2224 3105 2295 μὴ,
3140 2220 3406 2293 ἀνεῷχθαι
3450 2221 3506 2275 δὲ
3540 2222 3679 2274 πᾶσι

2104 2325 2213 2385 τοῖς
2238 2321 2445 2374 ἔθνεσιν
2472 2319 2743 2391 ὑπερϐολῇ
2782 2315 3187 2389 φιλανθρωπίας
3205 2329 3221 2345 ο
3250 2314 3324 2377 ὡς
3363 2313 3455 2366 καὶ
3484 2310 3680 2364 εὑνού-

2106 2431 2232 2485 χους
2270 2410 2666 2483 παραδέχεσθαι
2695 2411 2787 2465 καὶ
2818 2407 3181 2482 παραλύτους.
3218 2424 3237 2458 ι
3282 2407 3390 2459 Καὶ
3423 2404 3685 2476 εὑφρανῶ

2108 2504 2303 2566 αὑτοὺς
2336 2505 2392 2556 ἐν
2422 2502 2497 2572 τῷ
2530 2502 2663 2573 οἴκῳ
2697 2502 2795 2572 τῆς
2822 2499 3126 2572 προσευχῆς
3157 2515 3278 2569 μου.
3340 2495 3421 2549 Τά
3450 2495 3683 2549 ὁλοκαυ-

2107 2594 2329 2665 τώματα
2361 2592 2558 2659 αὑτῶν,
2586 2593 2675 2645 καλ⁵
2714 2595 2766 2645 αἱ
2813 2591 2993 2644 θυσίαι
3018 2588 3195 2642 αὑτῶν
3227 2587 3436 2640 ἔσονται
3492 2585 3684 2639 δεκταὶ

2109 2688 2201 2740 ἐπὶ
2244 2686 2304 2739 τὸ
2334 2684 2711 2757 θυσιαστήριόν
2758 2700 2880 2754 μου.
2929 2681 2987 2735 Ὀ
3020 2680 3127 2751 γὰρ
3184 2675 3331 2741 οἶκός
3384 2694 3481 2749 μου
3535 2672 3687 2740 οἶκος

2110 2778 2414 2849 προσευχῆς
2447 2776 2769 2848 κληθήσεται
2809 2776 2942 2828 πᾶσι
2973 2775 3086 2835 τοῖς
3116 2771 3343 2825 ἔθνεσιν.
3383 2789 3401 2822 ι
3435 2766 3602 2840 Οἶμαι
3626 2769 3685 2822 δὲ

2111 2869 2200 2922 διὰ
2232 2868 2434 2921 τούτων
2465 2868 2540 2931 ὡς
2570 2866 2705 2938 πρὸς
2736 2866 2834 2937 τὴν
2866 2865 3010 2932 λέξιν
3046 2862 3134 2917 διὰ
3165 2861 3262 2933 τὴν
3299 2862 3406 2915 ἀπὸ
3430 2859 3688 2913 Βαϐυλῶ-

2113 2977 2203 3022 νος
2227 2958 2559 3029 ἐπιστροφὴν
2572 2955 2665 3009 τοῦ
2685 2953 2820 3007 λαοῦ.
2833 2953 2932 3026 τὴν
2977 2953 3069 3008 ἐπὶ
3098 2951 3282 3022 Κύρου
3331 2950 3426 3003 καὶ
3459 2949 3685 3020 Δαρείου

2113 3051 2206 3104 καὶ
2245 3048 2595 3121 Ἀρταξέρξου
2646 3047 2939 3119 γενομένην
2993 3046 3085 3099 τὸν
3137 3042 3270 3097 Θεὸν
3318 3042 3383 3096 ἂν
3432 3038 3686 3111 εἰρῆσθαι

2118 3144 2369 3212 συνάγειν
2389 3160 2402 3172 ’
2445 3142 2523 3195 διὸ
2552 3141 2792 3210 ἐπιλέγει
2818 3157 2831 3171 ’

2193 3256 2209 3286 ι
2253 3231 2385 3288 Εἷπε
2426 3234 2629 3304 Κύριος
2678 3235 2707 3286 ὁ
2761 3230 3005 3299 συνάγων
3070 3230 3195 3293 τοὺς
3262 3224 3688 3297 διεσπαρμένους

2134 3324 2474 3396 ’1σραὴλ,ὃτι
2512 3321 2730 3386 Συνάξω
2758 3321 2845 3374 ἐπ’
2880 3320 3041 3375 αὑτὸν
3085 3317 3422 3386 συναγωγήν.
3464 3334 3482 3367 ι
3547 3313 3688 3368 Καθ’

2119 3415 2209 3479 οὒς
2239 3416 2295 3469 δὲ
2321 3416 2544 3489 χρόνους
2574 3414 2719 3477 εἰκὸς
2761 3409 2829 3485 ἧν
2884 3412 2978 3466 καὶ
3038 3410 3240 3480 πλῆθος
3290 3409 3475 3472 αὑτοῖς
3532 3406 3695 3460 ἀλλο-

2120 3506 2301 3576 φύλων
2322 3506 2490 3559 ἐθνῶν
2519 3503 2954 3576 προσηλυτεῦσαι
2977 3519 2991 3532 ⁸
3027 3501 3119 3565 οὓς
3160 3500 3247 3553 διὰ
3273 3499 3369 3571 τήν
3420 3498 3691 3571 προτέραν

2122 3600 2470 3662 κατάστασιν,
2503 3597 2598 3651 καὶ
2631 3597 2718 3651 διά
2741 3598 2799 3652 τὺ
2829 3595 3113 3665 άλλογενὲς
3147 3594 3242 3647 κα)⁸
3274 3592 3549 3664 ἀλλότριον
3596 3590 3692 3646 τοῦ

2121 3692 2343 3763 τρόπου,
2369 3690 2540 3761 ἀγροῦ
2574 3689 2737 3759 θηρία
2764 3688 3044 3759 ὠνόμασεν
3075 3689 3104 3740 ὁ
3131 3686 3306 3755 λόγος.

2199 3803 2219 3835 ι
2250 3784 2433 3837 Πάντα
2462 3782 2530 3836 τὰ
2553 3782 2717 3853 θηρία
2738 3781 2805 3835 τά
2832 3782 3015 3851 ἄγρια,
3035 3780 3205 3845 δεῦτε,
3242 3778 3464 3848 φάγετε,
3516 3776 3697 3830 πάντα

2123 3875 2193 3930 τά
2244 3876 2405 3949 θηρία
2461 3874 2556 3928 τοῦ
2598 3874 2827 3947 δρυμοῦ.
2870 3894 2888 3926 ›
2936 3873 3016 3926 Τά
3047 3872 3102 3926 δὲ
3134 3872 3296 3943 θηρία
3328 3871 3397 3924 τά
3427 3870 3562 3943 μετὰ
3598 3869 3693 3923 τοῦ

2138 3967 2353 4038 Ἰσραὴλ
2382 3966 2721 4037 συναγόμενα
2761 3966 2808 4017 oi
2843 3962 2902 4028 ἐξ
2932 3963 3097 4017 ἐθνῶν
3138 3962 3453 4034 προσιόντες
3484 3959 3561 4031 τῷ
3608 3960 3694 4012 λό-

2125 4075 2207 4129 γῳ
2248 4053 2355 4111 εἷεν
2403 4058 2488 4121 ἂν,
2541 4055 2635 4120 οὓς
2672 4056 3016 4111 ἀνακαλεῖται
3046 4054 3219 4123 λέγων
3246 4069 3261 4083 ·
3323 4072 3341 4105 ι
3379 4051 3561 4116 Δεῦτε,
3590 4050 3695 4120 φά-

2126 4166 2282 4217 γετε,
2331 4148 2507 4202 πάντα
2553 4146 2622 4201 τά
2675 4147 2837 4219 θηρία
2890 4145 2982 4198 τοῦ
3035 4144 3261 4215 δρυμοῦ.
3306 4162 3325 4195 ι
3379 4142 3589 4215 Δρυμὸν
3638 4141 3697 4195 δὲ

2133 4242 2389 4304 πολλάκις
2443 4241 2822 4312 τετηρήκαμεν
2863 4238 2923 4290 τὸ
2974 4235 3175 4306 πλῆθος
3222 4232 3331 4288 τῶν
3387 4231 3695 4300 ἀλλοφύλων

2129 4332 2298 4385 ἐθνῶν
2317 4328 2583 4400 λελέχθαι.
2612 4325 2774 4380 Ταῦτ’
2809 4321 2901 4379 οὖν
2941 4324 3009 4377 τά
3062 4321 3225 4392 θηρία
3267 4319 3368 4389 τῆς
3413 4318 3507 4371 τοῦ
3559 4315 3697 4369 Θεοῦ

2130 4423 2377 4492 κλήσεως
2404 4419 2670 4484 καταξιοῖ,
2705 4417 2798 4470 καὶ
2828 4416 2905 4479 εἰς
2927 4413 3163 4468 ἐστίασιν
3194 4409 3562 4466 ἀνακαλεῖται.

530 4583 693 4640 Vens.
726 4583 813 4637 10.
837 4602 855 4636 ι
886 4584 1070 4639 Videte
1092 4584 1344 4653 quoniam
1374 4582 1627 4638 excaecati
1653 4589 1781 4635 sunt
1804 4587 1991 4631 omnes

2211 4581 2228 4613 ι
2262 4560 2449 4621 Ἴδετε,
2479 4557 2559 4609 ὅτι
2590 4552 3021 4621 ἐκτετύφλωνται
3046 4548 3245 4608 πάντες
3264 4563 3278 4576 ο
3315 4544 3412 4597 οὑκ
3436 4543 3698 4609 ἔγνωσαν

459 4692 561 4731 non
595 4686 860 4731 noverunt
898 4694 911 4731 :
941 4690 1101 4731 canes
1135 4676 1268 4729 muti
1302 4683 1448 4738 sunt,
1498 4689 1605 4727 non
1654 4671 1907 4725 valebunt
1953 4666 2030 4720 la-

463 4780 626 4833 trare,
680 4769 1020 4824 somniantes
1057 4767 1259 4834 cubile,
1302 4777 1357 4823 et
1402 4776 1649 4820 amantes
1696 4759 2030 4819 darmitatio-

462 4874 605 4914 nem.
635 4877 654 4911 ι
677 4859 744 4914 Et
777 4858 1085 4927 huiusmodi
1124 4859 1342 4929 quidem
1364 4868 1522 4915 erant
1552 4857 1856 4914 Judzeorum
1889 4854 2035 4925 prin.

459 4953 629 5023 cipes,
654 4966 783 5021 erga
808 4960 1127 5019 extraneos,
1161 4951 1317 5022 queis
1345 4951 1644 5023 advigilare
1675 4964 1810 5020 opus
1840 4954 1959 5002 erat
1981 4953 2037 4999 et

460 5048 753 5111 excubare,
786 5056 949 5115 atque
979 5055 1171 5100 contra
1215 5044 1467 5099 inimicos
1502 5044 1701 5098 latrare
1731 5059 1745 5095 :
1778 5056 1904 5109 erga
1935 5040 2033 5093 do-

462 5141 716 5195 mesticos
756 5154 882 5195 vero
910 5138 1250 5209 impudentes
1278 5146 1456 5203 erant,
1491 5136 1809 5191 devorantes
1841 5142 2035 5201 pecora

463 5232 560 5287 sub
589 5245 780 5287 eorum
808 5230 1073 5301 regimine
1096 5229 1290 5300 posita.

532 5363 701 5423 Vens.
757 5367 845 5422 il.
894 5384 915 5419 ι
963 5367 1029 5421 Ει
1069 5379 1235 5421 canes
1291 5365 1635 5434 impudentes
1692 5360 1900 5423 animo,
1940 5370 2057 5441 ne_

470 5459 702 5514 sitientes
738 5458 1099 5513 saturitatem.
1158 5456 1224 5511 Et
1271 5465 1402 5511 sunt
1440 5454 1587 5518 mali,
1622 5450 1927 5507 nescientes
1958 5447 2042 5500 in-

470 5548 817 5615 telligentiam
857 5567 869 5602 :
902 5552 1138 5607 universi
1175 5551 1290 5604 vias
1318 5562 1447 5604 suas
1480 5544 1649 5601 secuti
1678 5551 1803 5598 sunt
1831 5558 1845 5593 :
1873 5554 2041 5594 unus-

474 5640 705 5709 quisque
756 5641 1050 5694 secundum
1108 5642 1182 5705 id,
1231 5642 1373 5710 quod
1420 5654 1573 5693 suum
1610 5644 1746 5689 erat.
1790 5653 1808 5684 ι
1842 5631 1958 5687 Νοιι
1992 5632 2044 5684 in

476 5732 577 5788 viis
605 5731 720 5798 Dci,
751 5732 846 5789 sed
886 5733 943 5787 in
972 5732 1106 5801 suis,
1138 5732 1280 5803 quod
1311 5729 1775 5801 coucupiaccutias
1811 5742 1934 5783 suas
1952 5738 2048 5781 cx-

470 5827 549 5898 plc
559 5840 612 5880 re
627 5834 703 5879 nt.

2136 4652 2293 4716 κύνες
2324 4652 2463 4705 ἐνεοὶ
2482 4650 2542 4703 οὑ
2574 4649 2887 4719 δυνήσονται
2941 4642 3208 4699 ὑλακτεῖν.
3263 4635 3703 4706 ἐνυπνιαζόμενοι

2138 4746 2342 4818 κοίτην,
2376 4742 2651 4813 φιλοῦντες
2682 4737 2959 4801 νυστάξαι.
2992 4754 3012 4786 ι
3046 4734 3156 4787 Καὶ
3193 4732 3422 4785 τοιοῦτοι
3447 4730 3545 4801 μὲν
3565 4726 3705 4801 ἦσαν

2137 4840 2186 4891 oi
2217 4838 2323 4890 τῶν
2360 4834 2627 4890 Ἰουδαίων
2657 4827 2912 4903 ἄρχοντες
2943 4828 3077 4899 πρὸς
3105 4826 3228 4888 τοὺς
3252 4825 3425 4887 ἐκτὸς,
3450 4823 3586 4893 πρὸς
3613 4821 3705 4884 oili;

2141 4931 2247 4984 ἔδει
2281 4927 2637 4999 ἐγρηγορέναι
2667 4925 2760 4977 καὶ
2793 4925 3009 4993 νήφειν,
3051 4920 3143 4971 καὶ
3173 4916 3311 4970 κατά
3350 4915 3456 4969 τῶν
3498 4913 3707 4984 ἐχθρῶν

2143 5025 2390 5079 ὑλακτεῖν
2416 5041 2428 5051 ·
2470 5022 2605 5092 πρὸς
2623 5020 2679 5072 δὲ
2704 5020 2828 5081 τοὺς
2854 5015 3087 5077 οἰκείους
3107 5011 3340 5074 ἀναιδεῖς
3359 5026 3501 5074 τινες
3533 5008 3713 5078 ὑπῆρ-

2143 5134 2255 5188 χον,
2285 5113 2656 5175 κατεσθίοντες
2678 5110 2747 5164 τά
2770 5109 2861 5162 ὑπ’
2881 5108 3065 5173 αὑτοῖς
3102 5103 3495 5177 ποιμαινόμενα
3548 5100 3714 5173 θρέμ-

2145 5226 2309 5281 ματα.

2220 5367 2239 5399 ι
2277 5348 2387 5402 Καὶ
2438 5347 2488 5398 oi
2538 5344 2695 5406 κύνες
2745 5340 2987 5402 ἀναιδεῖς
3046 5339 3111 5409 τῇ
3159 5335 3325 5406 ψυχῇ,
3365 5331 3464 5384 οὑκ
3514 5328 3713 5390 εἰδότες

2153 5443 2484 5515 πλησμονήν.
2519 5438 2625 5492 Καί
2654 5437 2769 5489 εισι,
2796 5431 3019 5505 πονηροὶ
3050 5431 3151 5483 οὐκ
3203 5426 3400 5489 εἰδότες
3455 5423 3669 5477 σύνεσιν
3696 5435 3709 5452 ·

2155 5536 2350 5597 πάντες
2390 5534 2509 5594 ταῖς
2563 5529 2700 5591 ὁδοῖς
2759 5524 2939 5580 αὑτῶν
2986 5519 3435 5593 ἐξηκολούθησαν,
3492 5516 3705 5577 ἕκαστος

2153 5628 2293 5682 κατά
2323 5626 2381 5678 τὸ
2402 5622 2593 5677 ἑαυτοῦ
2620 5638 2633 5650 ·
2681 5640 2699 5671 ι
2723 5620 2783 5673 οὑ
2826 5620 2943 5680 ταῖς
2966 5616 3103 5677 ὁδοῖς
3130 5612 3222 5666 τοῦ
3256 5610 3409 5674 Θεοῦ,
3434 5607 3567 5663 ἀλλά
3600 5607 3718 5671 ταῖς

2156 5716 2359 5774 ἑαυτῶν
2389 5712 2473 5765 διὰ
2510 5711 2599 5765 τοῦ
2626 5710 2692 5765 τὰ
2723 5707 3029 5780 καταθύμια
3049 5705 3230 5768 αὑτοῖς
3256 5702 3537 5774 πράττειν.
