3968 6506
244 400 354 458 475

759 508 1153 562 ΚΕΦΛΛΑΙΙΠἺ
1194 508 1315 559 NZ'.

306 620 332 653 ι
372 600 560 665 ¹Ἰδετε,
593 600 667 664 ὡς
694 600 896 663 δίκαιος
928 599 1193 662 ἀπώλετο,
1224 600 1316 652 καὶ
1348 598 1522 663 οὐδεὶς
1548 599 1811 668 ἐνδέχεται

1157 390 1659 448 COMMENTARIA
1698 391 1763 444 IN
1802 389 2054 446 lSAIAM.
2079 421 2141 430 -—
2182 388 2333 444 CAP.
2372 385 2525 439 LVII.

1837 512 1881 567 Α

3371 369 3478 425 δτι

2482 496 2708 554 CAPUT
2750 493 2902 549 LVII.

1984 599 2143 653 Vsus.
2168 599 2217 649 l.
2258 613 2276 645 ι
2315 593 2502 647 Videte
2531 589 2796 660 quomodo
2820 586 2998 657 justus
3026 580 3202 652 periit,
3236 587 3289 632 et
3318 589 3485 630 nemo

238 696 303 765 τῇ
334 691 563 764 καρδίᾳ·
603 692 695 745 καὶ
739 693 928 764 ἄνδρες
951 693 1148 745 δίκαιοι
1196 692 1458 762 αἴρονται,
1516 692 1608 744 καὶ
1645 691 1810 753 οὐδεὶς

1921 689 2133 759 suscipit
2159 688 2321 742 corde
2352 701 2367 737 :
2396 691 2449 734 et
2480 681 2580 735 viri
2629 678 2759 747 justi
2799 676 3077 739 tolluntur,
3108 682 3161 727 et
3191 668 3367 725 nullus
3392 674 3474 721 est

239 761 516 835 κατανοεῖξ
532 780 665 834 Ἀπὸ
680 781 788 851 γὰρ
802 761 1089 852 προσώπου
1107 761 1491 854 ἀδικίαςῆρται
1510 783 1537 834 6
1555 781 1774 844 δίκαιος.
1791 799 1807 831 ι

1921 782 2001 851 qui
2029 780 2346 835 consideret.
2384 773 2516 828 Nam
2563 787 2592 824 a
2621 770 2754 824 {acie
2785 765 3083 835 iniquitatis
3127 761 3370 816 sublatus
3392 766 3475 812 est

238 874 346 926 Kal.
378 872 497 936 πῶς
524 871 748 944 ἔμελλον
781 877 1059 927 κατανοεῖν
1089 875 1137 927 οί
1182 874 1280 937 τὰς
1312 873 1487 944 ψυχὰς
1512 872 1734 942 τυφλοί;
1766 874 1813 925 εί

236 963 347 1034 γὰρ
382 963 458 1034 μὴ
496 961 669 1026 οὕτως
730 960 894 1034 εἶχον,
953 964 1056 1018 κάν
1103 964 1286 1036 ἑώρων
1332 966 1420 1018 τὸν
1454 965 1677 1029 δίκαιον,
1712 965 1815 1031 ριαὶ

238 1055 498 1108 συνίεσαν
517 1050 627 1125 τὴν
648 1054 855 1108 ἑαυτῶν
882 1055 1192 1125 οἰκονομίαν
1219 1073 1233 1086 ·
1270 1056 1383 1110 ἀλλ’
1404 1057 1451 1109 oi.
1502 1057 1599 1127 μὲν
1626 1056 1814 1125 τυφλοὶ

236 1144 387 1208 ὄντες
415 1144 511 1198 καὶ
540 1145 698 1209 κύνες
725 1147 959 1210 ἀναιδεῖς
996 1164 1216 1200 τοιαυτα
1260 1150 1396 1200 κατά
1430 1148 1536 1201 τῶν
1593 1148 1814 1202 δικαίων

236 1233 480 1303 ἐτόλμων
504 1251 518 1264 ·
544 1236 593 1287 οί
625 1234 680 1288 δὲ
705 1237 761 1289 ἐν
789 1237 977 1308 εἰρήνῃ
999 1237 1102 1290 ὑπὸ
1156 1237 1251 1291 τοῦ
1286 1236 1419 1293 Θεοῦ
1462 1239 1815 1310 παρελαμϐά-

240 1340 413 1379 νοντο.

306 1434 326 1467 ι
364 1416 562 1469 Ἔσται
596 1418 652 1469 ἐν
694 1418 884 1490 εἰρήνῃ
917 1419 949 1489 ἡ
983 1419 1124 1489 ταφὴ
1153 1419 1336 1483 αὐτοῦ,
1395 1415 1556 1490 ἦρται
1603 1421 1668 1474 ἐκ
1719 1422 1811 1475 τοῦ

239 1506 432 1578 μέσου.
465 1526 485 1558 ι
520 1508 676 1561 Εἴποι
702 1508 746 1560 δ’
779 1507 845 1561 ἄν
874 1526 958 1571 τις
1002 1509 1257 1563 δύνασθαι
1316 1510 1487 1562 ταῦτα
1528 1511 1812 1581 ἁρμόττειν

235 1594 327 1649 καὶ
363 1594 448 1664 τῷ
487 1596 699 1667 Σωτῆρι
733 1597 827 1649 καὶ
865 1600 976 1659 τοῖς
1000 1596 1269 1668 μαθηταῖς
1314 1597 1476 1653 αὐτοῦ
1527 1602 1638 1663 τοῖς
1710 1600 1812 1653 ὑπὸ

232 1686 326 1739 τοῦ
373 1686 646 1739 Ἰουδαίων
698 1685 883 1750 ἔθνους
929 1687 1495 1760 ἐπιϐεϐουλευμένοις·
1550 1691 1682 1745 ἀλλά
1722 1694 1813 1746 καὶ

232 1777 329 1847 τὴν
357 1776 661 1830 ἀνάστασιν
686 1777 777 1831 τοῦ
804 1778 1055 1851 Σωτῆρος
1078 1781 1235 1852 ἡμῶν
1263 1782 1595 1838 αἰνίττεσθαι
1635 1785 1695 1837 τὸ
1727 1784 1814 1838 λό-

1906 845 2104 942 justus.
2132 886 2150 920 ι
2182 864 2532 935 thuomodo
2568 858 2993 919 considerarent,
3016 852 3106 923 qui
3129 850 3322 905 animis
3348 845 3472 900 czeci

1913 939 2071 1015 erant
2103 973 2116 1010 :
2148 971 2273 1011 nam
2307 956 2350 1010 si
2379 970 2483 1009 non
2510 952 2585 1006 ita
2614 964 2673 1003 se
2696 945 3028 1008 habuissent,
3057 942 3246 996 saltem
3268 939 3470 1006 justum

1913 1052 2171 1106 vidissent
2205 1056 2260 1102 et
2299 1060 2452 1101 suam
2495 1042 2594 1111 ipsi
2648 1036 3000 1093 oeconomiam
3040 1032 3349 1087 novissent:
3378 1026 3474 1081 sed

1911 1159 2031 1199 cum
2058 1141 2206 1205 caeci,
2226 1150 2281 1195 et
2310 1151 2475 1193 canes
2518 1133 2854 1203 impudentes
2878 1134 3077 1188 essent,
3135 1122 3258 1176 talia
3287 1129 3473 1175 contra

1907 1235 2079 1303 justus
2116 1230 2329 1303 aggredi
2374 1226 2656 1283 audebant
2688 1222 2861 1294 :justi
2911 1232 3040 1274 vero
3082 1214 3242 1269 aDeo
3268 1213 3319 1266 in
3346 1224 3476 1279 pace

1911 1325 2359 1394 suscipiebantur.

1985 1420 2148 1478 Vens.
2177 1421 2232 1474 2.
2276 1438 2294 1471 ›
2332 1416 2450 1471 Erit
2471 1415 2523 1469 in
2549 1427 2679 1484 pace
2707 1408 2977 1479 sepultura
3005 1404 3142 1472 ejus,
3166 1399 3369 1455 sublata
3390 1405 3475 1453 est

1910 1517 1975 1570 de
2013 1514 2210 1569 medio.
2254 1530 2272 1563 ι
2316 1508 2525 1565 Dixerit
2570 1505 2835 1576 quispiam
2869 1504 2981 1555 lia‘c
3030 1507 3084 1554 et
3131 1493 3393 1550 Salvatori
3422 1500 3476 1546 et

1910 1604 2184 1675 discipulis
2216 1601 2332 1671 ejus
2378 1609 2717 1668 competere,
2774 1594 2862 1664 qui
2898 1609 2927 1647 a
2957 1590 3176 1645 Judaica
3208 1596 3365 1658 gente
3398 1584 3478 1638 in-

1911 1696 2063 1751 sidiis
2085 1695 2476 1764 appetebantur
2509 1706 2521 1743 :
2558 1688 2651 1743 sed
2674 1687 2834 1740 etiam
2882 1684 2972 1739 hic
3013 1679 3312 1735 Salvatoris
3341 1690 3480 1746 quos

1912 1800 2014 1855 que
2043 1783 2210 1839 nostri
2249 1779 2717 1837 resurrectionem
2762 1771 3072 1829 adumbrari
3100 1767 3480 1840 pronuntiave-

234 1868 349 1935 γιόν
379 1885 549 1940 φησιδ
583 1868 678 1922 τοῦ
737 1870 835 1940 μὲν
878 1870 1108 1926 θανάτου
1152 1873 1239 1927 διὰ
1282 1875 1380 1946 τῆς
1408 1875 1585 1945 ταφῆς
1646 1877 1808 1930 αὑτοῦ

1921 1879 1983 1932 rit
2020 1892 2036 1929 :
2069 1877 2141 1930 ita
2171 1884 2231 1929 ut
2263 1888 2410 1927 mors
2437 1871 2553 1942 ejus
2594 1884 2691 1939 per
2743 1866 3097 1936 sepulturam,
3152 1859 3479 1916 resurrectio

228 1959 581 2031 δηλουμένου,
607 1962 706 2033 τῆς
739 1964 783 2016 δ’
814 1965 1159 2029 ἀναστάσεως
1182 1965 1269 2019 διὰ
1294 1965 1412 2031 τοῦ,
1478 1985 1496 2018 ι
1536 1967 1715 2039 Ἤρθη
1748 1971 1810 2024 ἐκ

232 2051 323 2104 τοῦ
359 2053 533 2122 μέσου
568 2056 765 2127 ήταφὴ
795 2057 981 2111 αὐτοῦ.
1026 2076 1045 2109 ι
1095 2057 1329 2129 Ἀφανὴς
1372 2060 1560 2127 γέγονε
1611 2059 1698 2114 διὰ
1752 2062 1811 2115 τὸ

236 2141 307 2213 μὴ
338 2144 634 2214 ἀπομεῖναι
670 2146 832 2199 αὐτὸν
861 2149 918 2201 ἐν
939 2147 1016 2219 τῷ
1047 2149 1147 2219 τῆς
1185 2151 1363 2220 ταφῆς
1386 2151 1534 2221 τόπῳ
1562 2168 1575 2182 ·
1632 2151 1750 2207 ὅθεν
1782 2154 1810 2205 6

231 2231 464 2299 ἄγγελος
509 2234 736 2298 ἐπιστὰς
766 2239 884 2299 ταῖς
942 2235 1182 2305 γυναιξὶν
1236 2238 1385 2308 ἔλεγε
1410 2257 1424 2269 ⁸
1482 2260 1500 2291 ι
1537 2240 1668 2294 Τίνα
1719 2241 1814 2313 ζη-

228 2325 414 2389 τεῖτε;
473 2324 720 2396 ἰησοῦν;
766 2327 880 2381 Ούκ
932 2327 1078 2381 ἐστιν
1127 2325 1257 2384 ὦδε·
1296 2330 1469 2396 δεῦτε,
1527 2332 1662 2386 ἴδετε
1720 2335 1809 2387 τὸν

231 2412 399 2468 τόπον
426 2415 615 2471 αὑτοῦ.
657 2436 677 2473 ι

305 2526 325 2558 ι
367 2507 562 2578 Ὑμεῖς
589 2510 646 2563 δὲ
671 2510 1048 2581 προσαγάγετε
1085 2505 1207 2578 ὦδε,
1255 2513 1359 2567 υἱοὶ
1407 2514 1615 2585 ἄνομοι,
1645 2514 1809 2585 σπέρ-

233 2615 307 2669 μα
335 2600 666 2669 μοιχῶν-καὶ
695 2604 921 2676 πόρνης.
961 2606 1049 2658 Ἐν
1098 2606 1201 2659 τίνι
1241 2607 1674 2678 ἐνετρυφήσατε;
1717 2607 1809 2659 καὶ

231 2693 322 2744 ἐπὶ
374 2693 499 2746 τίνα
545 2694 791 2763 ἡνοίξατε
833 2697 896 2751 τὸ
951 2697 1123 2768 στόμα
1177 2698 1367 2768 ὑμῶν;
1420 2700 1511 2753 καὶ
1559 2700 1650 2752 ἐπὶ
1694 2700 1811 2753 τίνα

232 2783 537 2852 ἐχαλάσατε
558 2786 656 2858 τὴν
676 2786 924 2854 γλῶσσαν
956 2789 1110 2860 ὑμῶν
1130 2806 1144 2855 ;
1167 2790 1277 2860 Οὐχ
1317 2790 1475 2860 ὑμεῖς
1493 2792 1616 2843 ἐστε
1644 2792 1809 2845 τέκνα

229 2873 530 2941 ἀπωλείας,
580 2879 800 2951 σπέρμα
846 2881 1105 2952 ἀνόμων;
1157 2901 1177 2935 ι
1235 2883 1309 2936 Οὐ
1359 2885 1466 2953 γὰρ
1519 2882 1665 2948 ἄξιον
1716 2884 1808 2937 τοῦ

242 2966 499 3039 ’Δϐραάμ
527 2969 620 3022 καὶ
651 2970 753 3041 τῆς
779 2971 996 3043 Σάρρας
1026 2974 1191 3028 τέκνα
1212 2975 1355 3045 ὑμᾶς
1383 2974 1563 3030 καλεῖν
1589 2992 1602 3006 ·
1624 2977 1672 3029 εί
1701 2976 1809 3048 γὰρ

230 3060 399 3113 τέκνα
457 3059 552 3112 τοὺ
595 3060 841 3133 Ἀϐραὰμ
889 3059 1019 3134 ἦτε,
1076 3065 1145 3118 τά
1204 3064 1340 3137 ἔργα
1396 3065 1489 3119 τοῦ
1565 3066 1811 3137 Ἀϐραὰμ

230 3150 488 3202 ἐποιεῖτε.
518 3151 753 3221 Μοιχοὺς
778 3153 822 3206 δ’
853 3150 991 3206 οἶδεν
1025 3154 1053 3206 6
1081 3153 1238 3223 λόγος
1268 3155 1452 3208 καλεῖν
1481 3156 1607 3220 τοὺς
1640 3157 1808 3211 πάλαι

231 3240 769 3323 εἰδωλολατροῦντας,
796 3245 923 3315 περὶ
962 3237 1037 3299 ὧν
1082 3246 1292 3317 εἴρηται
1314 3263 1327 3276 υ
1369 3265 1386 3297 ι
1423 3247 1532 3300 Καὶ
1560 3248 1806 3317 ἐμοίχευ-

232 3354 327 3390 σαν
356 3339 423 3391 τὸ
457 3337 612 3403 ξύλον
644 3340 737 3393 καὶ
772 3340 864 3393 τὸν
895 3339 1040 3395 λίθον
1064 3358 1077 3371 ’
1111 3360 1130 3393 ι
1168 3331 1370 3413 πόρνην
1391 3341 1447 3394 δὲ
1488 3342 1587 3412 τὴν
1615 3342 1809 3414 Ἰερου-

232 3426 411 3498 σαλὴμ
440 3426 630 3498 ἐδήλου
660 3427 748 3481 διά
787 3428 894 3481 τῶν
929 3428 1234 3502 ἔμπροσθεν
1272 3432 1299 3483 6
1351 3428 1537 3499 παρὼν
1601 3430 1810 3500 προφή..

228 3534 341 3587 της.
378 3518 633 3571 Μάλιστα
656 3518 765 3590 γὰρ
785 3518 961 3572 αὐτῶν
990 3519 1088 3589 τὴν
1119 3518 1368 3586 γλῶσσαν
1402 3519 1580 3572 καὶτὸ
1637 3519 1809 3589 στόμα

232 3611 577 3664 καταιτιᾶται
601 3610 689 3663 διὰ
716 3609 815 3673 τὰς
848 3609 988 3664 κατὰ
1007 3610 1101 3663 τοῦ
1128 3610 1380 3681 Σωτῆρος
1404 3610 1607 3681 φωνάς,
1627 3612 1720 3664 καὶ
1744 3610 1810 3674 ἃς

230 3703 396 3756 εἰσέτι
428 3703 524 3756 καὶ
550 3702 644 3756 νῦν
671 3702 793 3756 κατ’
821 3702 987 3756 αὑτοῦ
1019 3702 1297 3757 ποιοῦνται
1323 3703 1686 3774 βλασφημίας.
1720 3702 1809 3756 Διό

230 3810 394 3865 φησιν
416 3812 431 3826 ο
500 3813 520 3845 ι
563 3794 686 3847 Ἐπὶ
747 3794 868 3847 τίνα
906 3793 1152 3864 ὴνοίξατε
1194 3794 1254 3847 τὸ
1288 3795 1463 3865 στόμα
1495 3794 1683 3865 ὑμῶν;
1716 3795 1811 3847 καὶ

230 3886 320 3939 ἐπὶ
342 3886 471 3939 τίνα
517 3885 817 3955 ἐχαλάσατε
846 3885 944 3956 τὴν
987 3884 1238 3953 γλῶσσαν
1269 3886 1450 3957 ύμῶν;
1492 3886 1602 3955 Οὐχ
1655 3887 1810 3956 ὑμεῖς

229 3977 352 4030 ἐπε
375 3975 544 4029 τέκνα
575 3976 883 4040 ἀπωλείας;
916 3994 934 4027 ι

299 4083 320 4117 ι
356 4067 423 4119 Ol
467 4064 913 4137 παρακαλοῦντες
960 4065 1154 4119 εἴδωλα
1215 4067 1321 4120 ὑπὸ
1371 4066 1562 4137 δένδρα
1622 4066 1806 4131 δασέα,

231 4157 535 4227 σφάζοντες
592 4155 661 4210 τὰ
693 4156 860 4210 τέκνα
911 4155 1090 4210 αὐτῶν
1137 4159 1194 4209 ἐν
1223 4160 1344 4221 ταῖς
1377 4157 1646 4228 φάραγξιν
1707 4159 1810 4213 ἃ.νά

232 4246 397 4313 μέσον
428 4247 536 4299 τῶν
566 4247 801 4318 πετρῶν.
857 4247 1067 4319 Ἐκείνη
1103 4264 1195 4300 σου
1223 4251 1256 4319 ἡ
1309 4251 1484 4321 μερὶς,
1520 4244 1670 4310 οὗτός
1716 4266 1809 4301 σου

227 4337 511 4408 όκλῆρος·
568 4337 841 4400 κάκείνοις
876 4335 1097 4407 ἐξέχεας
1157 4338 1406 4404 σπονδὰς,
1457 4341 1551 4393 καὶ
1602 4338 1811 4403 τούτοις

229 4430 536 4500 ἀνήνεγκας
555 4428 762 4491 θυσίας.
810 4429 934 4483 Ἐπὶ
974 4430 1183 4494 τούτοις
1216 4426 1309 4483 οὖν
1361 4431 1459 4483 οὐκ
1493 4430 1811 4502 ὀργισθήσο·

1834 3203 1876 3258 C

1908 1977 2108 2033 autem,
2140 1966 2225 2021 his
2249 1964 2449 2030 verbis,
2492 1980 2510 2013 ι
2542 1959 2764 2016 Sublata
2791 1965 2873 2013 est
2909 1956 2976 2011 de
3011 1954 3186 2010 medio
3207 1951 3478 2022 sepultura

1908 2061 2046 2130 ejus,
2082 2078 2099 2113 ι
2139 2058 2429 2114 indicetur.
2486 2055 2563 2110 De
2616 2052 2791 2107 medio
2839 2049 3079 2106 sublatus
3114 2056 3216 2110 est,
3252 2045 3376 2115 quia
3421 2044 3475 2098 in

1908 2152 2025 2207 loco
2068 2152 2359 2221 sepultura:
2397 2164 2502 2204 non
2545 2145 2742 2200 mansit
2784 2159 2799 2198 :
2836 2155 3002 2213 quare
3039 2138 3260 2206 angelus
3290 2134 3477 2189 mulie-

1910 2245 2057 2300 ribus
2075 2253 2260 2297 astans
2286 2238 2535 2296 dicebat:
2567 2257 2585 2291 ι
2618 2237 2785 2305 Quem
2815 2231 3092 2304 quaeritis?
3114 2229 3297 2285 Jesum
3319 2227 3342 2281 ?
3362 2224 3485 2280 Non

1908 2344 1990 2390 est
2036 2334 2142 2391 hic.
2179 2331 2382 2398 venite,
2408 2330 2584 2388 videte
2613 2328 2785 2385 locum
2809 2325 2924 2393 ejus
2951 2325 2995 2377 ’.
3035 2338 3055 2374 ι

1988 2510 2148 2567 Vens.
2184 2509 2239 2574 5,
2262 2510 2317 2566 4.
2342 2527 2360 2559 ι
2390 2507 2499 2562 Vos
2527 2514 2705 2559 autem
2734 2501 2982 2558 accedite
3009 2500 3133 2565 huc,
3160 2495 3253 2551 ﬁlii
3282 2492 3480 2563 iniqui,

1909 2615 2090 2655 semen
2109 2598 2474 2655 adulterorum
2489 2604 2544 2651 et
2558 2593 2880 2649 meretricis.
2901 2591 2953 2644 In
2975 2605 3132 2660 quem
3151 2582 3487 2643 insultastis!

1910 2703 1965 2748 et
1999 2694 2053 2747 in
2083 2707 2241 2762 quem
2266 2688 2556 2760 aperuistis
2588 2702 2650 2741 os
2671 2684 2948 2741 vestrum?
2969 2692 3025 2737 et
3061 2682 3115 2734 in
3142 2694 3300 2749 quem
3335 2678 3484 2731 laxa-

1910 2786 2008 2842 stis
2045 2786 2279 2855 linguam
2310 2779 2591 2837 vestram?
2640 2777 2829 2834 Nonne
2858 2789 2955 2829 vos
3002 2773 3134 2828 estis
3168 2771 3261 2826 ﬁlii
3298 2769 3481 2840 perdi-

1915 2878 2093 2942 tionis,
2120 2890 2302 2932 semen
2336 2871 2665 2945 impiorum?
2692 2889 2711 2922 ι
2752 2867 2937 2937 Neque
2983 2865 3127 2919 enim
3168 2862 3311 2933 digni
3352 2860 3488 2915 estis

1898 2970 2001 3038 qui
2052 2969 2287 3023 Abrahae
2337 2975 2390 3021 et
2441 2963 2587 3019 Sarae
2636 2960 2729 3015 lilii
2778 2956 3089 3015 vocemini:
3127 2968 3247 3008 nam
3298 2951 3344 3007 si
3387 2949 3483 3004 ﬁlii

1912 3060 2141 3113 Abrahae
2179 3057 2394 3121 essetis,
2421 3070 2583 3124 opera
2607 3050 2840 3109 Abrahae
2867 3046 3140 3102 faceretis.
3195 3043 3485 3099 Adulteros

1910 3160 2088 3205 autem
2119 3148 2255 3205 solet
2273 3146 2549 3217 Scriptura
2567 3157 2762 3201 vocare
2781 3157 2897 3207 eos,
2914 3139 3003 3209 qui
3020 3138 3146 3194 olim
3167 3134 3485 3191 idololatria:

1910 3243 2078 3300 dediti
2128 3251 2303 3305 erant,
2335 3240 2406 3296 de
2443 3238 2638 3309 quibus
2663 3237 2882 3298 dicitur,
2939 3251 2959 3285 ι
3006 3232 3074 3286 Ει
3113 3228 3487 3284 adulterat-unt

1910 3336 2109 3405 lignum
2139 3343 2193 3387 et
2208 3331 2433 3402 lapidem
2457 3349 2471 3384 :
2514 3347 2532 3380 ι
2560 3326 2896 3383 meretricem
2914 3337 3041 3378 vero
3060 3318 3486 3388 Hierosolymam

1909 3428 1997 3482 hic
2039 3426 2298 3496 propheta
2344 3421 2593 3492 superius
2644 3416 2995 3485 nuncupavit.
3045 3412 3244 3466 Eorum
3286 3407 3486 3477 quippe

1910 3517 2145 3587 linguam
2179 3524 2234 3569 et
2273 3528 2337 3568 os
2376 3513 2430 3567 in
2482 3510 2687 3566 crimen
2745 3506 2981 3562 maxime
3029 3510 3207 3569 vocat,
3265 3506 3488 3569 propter

1911 3607 2030 3662 illas
2067 3615 2255 3662 contra
2279 3604 2616 3659 Salvatorem
2648 3600 2876 3655 emissas
2915 3608 3099 3659 voces,
3137 3602 3193 3647 et
3233 3590 3301 3645 ob
3331 3588 3488 3657 .blas-

1911 3698 2103 3768 pltema
2152 3695 2338 3761 verba,
2369 3708 2487 3764 quae
2523 3690 2791 3758 hodieque
2828 3686 3083 3740 adversus
3129 3681 3278 3737 illum
3306 3676 3487 3749 profe-

1914 3801 2059 3847 runt.
2130 3788 2465 3858 Quapropter
2522 3783 2622 3847 ait,
2680 3798 2701 3833 ι
2752 3781 2810 3833 In
2867 3776 3026 3848 quem
3092 3772 3377 3845 aperuistis
3419 3784 3487 3825 os

1910 3892 2174 3945 vestrum,
2222 3888 2277 3935 et
2329 3878 2382 3933 in
2429 3890 2589 3945 quem
2645 3871 2871 3928 laxastis
2924 3869 3163 3937 linguam
3210 3860 3488 3919 vestram?

1909 3973 2100 4029 Nonne
2127 3986 2224 4026 vos
2255 3970 2388 4025 estis
2417 3968 2511 4023 ﬁlii
2544 3960 2951 4037 perditionis?»

1982 4062 2147 4117 Vens.
2194 4061 2249 4127 5,
2279 4060 2335 4115 6.
2378 4076 2396 4110 ι
2428 4057 2530 4124 Qui
2577 4052 2854 4110 advocatis
2905 4048 3045 4104 idola
3071 4048 3171 4102 sub
3201 4042 3487 4098 arboribus

1909 4154 2114 4223 opacis,
2145 4150 2235 4220 qni
2288 4146 2552 4219 jngnlatis
2609 4144 2749 4198 ﬁlios
2795 4148 3006 4194 vestros
3057 4137 3112 4190 in
3145 4132 3399 4197 vallibus,
3429 4129 3486 4186 in

1912 4242 2088 4299 medio
2143 4250 2440 4311 petrarum.
2489 4235 2613 4290 Haec
2653 4231 2829 4303 portio
2876 4236 2990 4294 tua,
3021 4226 3135 4281 haec
3171 4237 3289 4279 sors
3342 4230 3482 4275 tua:

1911 4346 1966 4390 et
1991 4334 2097 4389 illis
2118 4330 2353 4388 eﬁ‘ndisti
2385 4326 2666 4389 libamina,
2699 4332 2753 4379 et
2790 4321 2900 4377 illis
2926 4316 3169 4375 obtulisti
3192 4312 3482 4369 sacriﬁcia.

1913 4426 2085 4496 Super
2104 4425 2189 4480 his
2216 4436 2346 4491 ergo
2376 4436 2482 4475 non
2515 4414 2764 4473 irascar?
2794 4433 2813 4467 ι
2869 4412 2965 4467 llis
3011 4408 3158 4466 clare
3185 4404 3487 4462 ostenditur

234 4498 370 4590 μαι;
408 4537 426 4569 ›
460 4516 655 4586 Σαφῶς
686 4517 744 4570 δέ
775 4515 864 4571 διὰ
896 4518 1101 4570 τούτων
1154 4518 1423 4573 δείκνυται
1475 4498 1535 4591 ἡ⁷
1561 4498 1809 4592 παροῧσα

1921 4520 2051 4574 hanc
2069 4514 2401 4588 prophetiam
2446 4507 2747 4567 idololatria
2772 4506 2864 4576 qui
2892 4514 3133 4573 tempore
3161 4498 3311 4555 lsaia‘.
3331 4502 3487 4552 erant

230 4610 538 4684 προφητεία
558 4612 670 4672 τοῖς
702 4608 843 4662 κατά
868 4609 995 4671 τοὺς
1020 4609 1244 4679 χρόνους
1277 4610 1498 4663 Ἡσαΐου
1546 4609 1641 4663 τοῦ
1676 4628 1808 4682 προ·
1912 4612 2221 4667 convenire.

231 4705 405 4775 φήτου
436 4701 848 4773 εἰδωλολάτραις
879 4702 1242 4773 ἁρμόττουσα.

300 4814 318 4847 ι
357 4795 474 4847 Ἐπ’
504 4793 627 4865 ὅρος
654 4792 855 4862 ὑψηλὸν
879 4793 973 4847 καὶ
999 4794 1295 4864 μετέωρον,
1316 4795 1430 4847 ἐκεῖ
1455 4811 1547 4846 σου
1576 4797 1609 4864 ἡ
1632 4794 1807 4867 κοίτη,

231 4887 326 4941 καὶ
378 4887 495 4938 ἐκεῖ
550 4884 879 4948 ἀνεϐίϐασας
936 4884 1127 4948 θυσίας
1188 4901 1301 4938 σου.
1333 4903 1352 4936 ι
1399 4883 1555 4939 Κατά
1604 4882 1807 4949 ταῦτα,

230 4976 418 5046 φησὶν,
455 4973 753 5043 ἔπραττες,
787 4974 907 5027 οὐδὲ
940 4976 1337 5048 κεκρυμμένως
1398 4973 1631 5038 ἀσεϐῶν,
1676 4974 1812 5029 ἀλλά

229 5065 835 5137 ττεπαρρησιασμένωςο
886 5064 1057 5129 οὕτως
1082 5066 1157 5130 ὼς
1190 5067 1284 5119 καὶ
1339 5066 1425 5118 ἐπ’
1470 5065 1647 5120 αὐτῶν
1702 5066 1810 5120 τῶν

231 5152 610 5223 ὑψηλοτάτων,
635 5152 775 5235 ὀρῶν
831 5154 1097 5208 ἐπιτελεῖν
1169 5154 1269 5220 τὰς
1339 5156 1653 5227 ὅαιμονικάς
1719 5156 1813 5211 θυ-

235 5261 376 5307 σιας.

303 5354 322 5385 ‹
364 5334 475 5388 Καὶ
500 5334 674 5391 ὀπίσω
703 5337 811 5390 τῶν
838 5338 1093 5411 σταθμῶν
1124 5341 1222 5411 τῆς
1265 5339 1435 5411 θύρας
1467 5357 1560 5394 σου
1609 5340 1811 5410 ἔθηκας

237 5425 558 5494 μνημόσυνά
614 5445 727 5481 σου.
763 5430 921 5499 ᾭου,
956 5431 1060 5495 ὅτι,
1098 5432 1193 5485 ἐὰν
1235 5433 1328 5485 ἀπ’
1360 5430 1495 5503 ἐμοῦ
1545 5433 1807 5503 ἀποστῇς,

235 5516 417 5570 πλεῖόν
450 5536 502 5570 τι
528 5519 690 5584 ἕξεις.
726 5521 1047 5593 Ἠγάπησας
1090 5525 1215 5587 τοὺς
1249 5523 1623 5595 κοιμωμένους
1675 5523 1811 5595 μετά

238 5609 355 5674 σοῦ,
395 5611 490 5665 καὶ
551 5612 855 5686 ἐπλήθυνας
884 5614 981 5689 τὴν
1037 5616 1289 5688 πορνείαν
1322 5633 1415 5670 σου
1464 5618 1585 5687 μετ’
1612 5614 1811 5676 αὐτῶν.

311 5785 515 5843 'llarc.
536 5764 650 5855 κ’νι,
673 5787 726 5845 ϐ.

1986 4792 2152 4848 Vens.
2186 4794 2239 4847 7.
2274 4810 2295 4843 ι
2332 4790 2504 4860 Super
2526 4794 2765 4843 montem
2796 4780 3068 4839 excelsum
3100 4786 3157 4834 et
3193 4775 3385 4839 altum,
3413 4770 3487 4827 ibi

1916 4886 2092 4942 cubile
2118 4894 2289 4947 tuum,
2326 4892 2381 4937 et
2413 4881 2540 4935 illnc
2583 4875 2855 4934 adduxisti
2910 4872 3178 4930 sacriﬁcia
3218 4880 3328 4924 tua.
3368 4885 3387 4918 ι
3421 4864 3490 4917 Et

1916 4979 2052 5045 bare,
2093 4976 2285 5045 inquit,
2341 4973 2498 5044 egisti
2532 4986 2638 5026 non
2680 4970 2822 5025 clam
2850 4966 3017 5035 impie
3045 4977 3230 5033 agens,
3275 4959 3367 5015 sed
3394 4971 3490 5025 pa-

1916 5071 2021 5124 lam
2053 5077 2108 5124 et
2138 5066 2496 5128 conﬁdenter,
2535 5063 2606 5117 ita
2631 5068 2690 5114 ut
2727 5059 2890 5115 etiam
2920 5059 2974 5111 in
3001 5050 3312 5110 celsissimis
3336 5061 3489 5102 mon-

1919 5162 2051 5217 tium
2080 5158 2455 5215 cacuminibus
2482 5153 2744 5212 diabolica
2771 5147 3038 5207 sacriﬁcia
3075 5143 3320 5200 oﬁ‘erres.

1986 5338 2154 5397 Vsus.
2188 5338 2243 5403 8,
2285 5336 2338 5393 9.
2401 5354 2425 5389 ι
2458 5336 2526 5391 Ει
2552 5343 2702 5390 retro
2734 5340 2916 5404 postes
2962 5327 3087 5384 ostii
3142 5324 3219 5379 tui
3260 5320 3486 5394 posuisti

1916 5429 2252 5486 memorialia
2283 5439 2394 5482 tua.
2424 5425 2680 5487 Putabas,
2709 5422 2754 5477 si
2786 5436 2816 5474 a
2849 5433 2935 5474 me
2959 5416 3258 5479 recederes,
3301 5421 3353 5467 te
3373 5426 3489 5464 am-

1918 5521 2056 5591 plius
2101 5521 2230 5588 quid
2271 5518 2601 5574 habituram.
2650 5510 2895 5569 Dilexisti
2926 5506 3256 5564 dormientes
3285 5515 3488 5567 tecum,

1918 5623 1973 5671 et
2003 5610 2368 5683 multiplicasti
2419 5607 2802 5665 fornicationes
2833 5613 2950 5659 tuas
2978 5614 3101 5657 cum
3126 5598 3229 5663 eis,
3263 5598 3486 5654 multos-
3542 5602 3566 5644 ι
