3968 6510
552 352 656 408 αἲίὶ
1222 349 1486 407 EUSEBII
1522 350 1993 406 CzESARlENSlS
2029 349 2177 405 OPP.
2223 350 2397 404 PARS
2436 351 2519 404 111.
2562 382 2629 391 -
2668 347 3073 404 EXEGE'I'ICA.
3682 352 3799 405 476

553 491 659 546 qu:
683 475 837 543 iongc
862 489 891 528 a
933 482 983 527 te
1016 472 1188 527 fecisti
1213 473 1347 541 (41).
1386 492 1404 523 ›
1451 473 1601 527 Multi
1634 474 1831 543 quippe
1858 475 1957 528 viri
2010 476 2116 530 Deo

2226 474 2312 524 καὶ
2348 472 2574 533 πολλοὺς
2600 469 2857 540 ἐποίησας
2886 470 3010 530 τοὺς
3034 470 3247 539 μακράν
3274 466 3382 519 ἀπὸ
3416 467 3528 520 σοῦ.
3569 488 3587 520 ι
3648 469 3793 521 Πολ-

553 564 773 628 adilicti,
792 563 1179 633 Hierosolymis
1199 577 1258 617 se
1283 564 1665 632 proripiebant,
1694 563 1762 619 ob
1784 566 1941 634 impia
1971 578 2117 637 gesta

555 672 634 683 η...
663 674 674 683 ι
722 657 792 683 2L:
846 658 1299 683 nn-n-l-nl‘-_|.._
1352 674 1369 683 ι
1412 655 1470 683 ΠΙ
1507 655 1700 683 ηιῖοεηιζ
1755 658 1948 683 Ιιιηκιηιι
1983 660 2113 683 ..1...Α

2226 564 2298 617 λοὶ
2315 564 2421 635 γὰρ
2438 564 2631 632 ἔφυγον
2643 562 2738 633 τὴν
2768 559 3114 632 Ἰερουσαλὴμ
3140 562 3187 612 oi
3208 559 3283 630 τῷ
3307 559 3422 628 Θεῷ
3444 559 3800 630 ἀνακείμενοι

2226 658 2409 683 ω---
2432 656 2515 683 2.;
2542 655 2637 683 ..ιη
2660 654 2714 683 ι..
2738 653 2869 683 ...νη-α
2898 652 3314 683 “amamus”...
3333 650 3773 683 μυοίημηηιερη

553 672 675 725 quae
722 657 793 711 ibi
846 658 1318 725 perpetrabantur.
1351 674 1369 706 ι
1410 655 1475 708 Et
1507 655 1700 711 misisti
1752 658 1950 727 legatos
1983 660 2117 713 ultra

2226 658 2409 728 ἅνδρες
2429 656 2517 709 διὰ
2542 655 2637 717 τὰς
2659 654 2714 706 ἐν
2736 653 2871 724 αὐτῇ
2897 652 3314 721 συντελουμένας
3332 651 3521 713 ἀθέους
3536 651 3795 723 πράξεις.

557 750 817 803 terminos
854 761 997 813 tuos,
1019 760 1071 802 et
1095 749 1369 803 humiiiata
1406 763 1465 801 es
1492 762 1660 815 usque
1694 753 1758 804 ad
1787 751 2071 806 infernum.
2094 774 2113 805 ι

2226 774 2242 805 ι
2280 754 2387 807 Καὶ
2414 750 2736 813 ἀπέστειλας
2766 748 3022 819 πρέσϐεις
3055 748 3192 817 ὑπὲρ
3254 748 3321 800 τὰ
3372 748 3495 818 ὃριά
3540 765 3655 815 σου,
3694 750 3800 801 καὶ

510 839 679 895 .Hzee
715 844 896 895 omnia
938 840 1095 910 quasi
1149 842 1213 895 de
1259 840 1544 894 meretrice
1591 841 1844 911 loquitur,
1866 860 1982 913 quae
2005 846 2117 913 pul-

2226 843 2585 915 ἐταπεινώθης
2613 843 2716 904 ἓως
2752 841 2895 915 ᾇδου.
2939 861 2957 893 ι
3023 839 3203 892 Ταῦτα
3265 839 3440 891 πάντα
3502 855 3803 909 προσωπο-

552 933 848 987 claritudini
875 945 927 987 et
956 936 1139 989 decori
1166 938 1431 1003 studebat,
1454 952 1515 992 ac
1545 936 1675 990 nihil
1694 952 1798 991 non
1827 938 2021 1006 agebat
2052 940 2117 993 ad

2226 940 2363 990 ποιεῖ
2399 938 2473 1000 ὡς
2503 935 2637 1008 πρὸς
2669 936 2887 1006 ἑταίραν
2922 930 3426 1001 καλλωπιζομένην,
3463 932 3555 985 καὶ
3610 932 3801 985 πάντα

2315 1031 2325 1041 ,
2595 1030 2607 1041 .
2662 1028 2674 1041 .
2714 1027 2764 1041 ..
2830 1029 2855 1041 ..
2931 1026 2954 1036 .-
3174 1022 3184 1040 .
3393 1025 3404 1041 .
3451 1027 3477 1040 ..

551 1025 879 1093 voluptatem
906 1041 1090 1078 eorum
1118 1027 1207 1093 qui
1233 1043 1416 1082 secum
1449 1029 1732 1097 degebant.

2226 1031 2565 1101 πράττουσαν
2592 1028 2674 1096 ἐφ’
2703 1027 2860 1097 ἡδονῇ
2890 1026 2995 1078 τῶν
3020 1025 3325 1095 προσόντων
3348 1025 3505 1094 αὐτῇ.

2344 1122 2409 1131 ....
2552 1120 2567 1131 .
2652 1119 2695 1131 ..,
2956 1118 2967 1131 .
3095 1116 3106 1131 .
3396 1114 3407 1131 .
3509 1115 3521 1129 .

628 1116 786 1169 Vens.
812 1117 895 1169 i0.
936 1136 952 1166 ι
979 1117 1159 1171 Multis
1188 1118 1469 1175 itineribus
1494 1122 1598 1175 tuis
1628 1121 1904 1189 laborasti,
1933 1132 1986 1176 et
2012 1138 2115 1177 non

2294 1140 2312 1173 ι
2344 1122 2453 1184 Τὰς
2483 1119 2765 1181 πολυοδίας
2804 1134 2897 1170 σου
2952 1116 3280 1178 ἐκοπίασας,
3324 1114 3419 1167 καὶ
3470 1115 3568 1167 οὐκ
3610 1110 3798 1179 εἴπας,

552 1208 757 1271 dixisti,
796 1209 1067 1262 Desinant.
1101 1229 1118 1262 ι
1153 1209 1267 1265 Νοη
1290 1212 1433 1265 enim
1480 1212 1533 1265 in
1570 1229 1671 1266 una
1710 1213 1853 1282 regia
1905 1216 1987 1270 via
2035 1217 2115 1270 inv

2226 1214 2526 1283 Παύσομαι.
2570 1232 2586 1263 ι
2632 1212 2704 1264 Οὐ
2758 1212 2866 1281 γὰρ
2912 1210 3036 1281 μίαν
3074 1207 3269 1270 ὦδευες
3296 1207 3394 1277 τήν
3420 1206 3708 1279 βασιλικὴν
3740 1210 3799 1259 ὸς

552 1299 815 1364 cedehas,
864 1299 957 1352 sed
1005 1300 1053 1353 itt
1082 1301 1263 1356 multis
1292 1312 1348 1355 et
1378 1303 1568 1357 deviis.
1617 1324 1633 1354 ι
1664 1303 1963 1371 lnvaluisti,
1993 1310 2114 1377 quia

2226 1309 2325 1370 Ξὺν,
2360 1306 2495 1359 ἀλλὰ
2518 1304 2715 1365 πολλὰς
2772 1303 2863 1354 καὶ
2917 1298 3352 1369 πεπλανημένας.
3382 1317 3398 1348 ι
3449 1297 3800 1367 Ἐνίσχυσας,

552 1391 664 1443 haec
701 1391 892 1456 egisti;
924 1391 1045 1445 ideo
1095 1408 1179 1446 me
1208 1409 1311 1447 non
1344 1394 1543 1463 rogasti
1579 1414 1591 1448 :
1634 1414 1651 1447 ι
1711 1397 1801 1451 sed
1831 1400 1981 1467 quasi
2026 1416 2115 1453 ro-

2226 1405 2295 1456 Ξτι.
2335 1401 2576 1473 ἔπραξας
2634 1398 2835 1451 ταῦτα·
2872 1396 2959 1449 διὰ
3016 1395 3171 1447 τοῦτο
3216 1394 3275 1445 οὑ
3309 1393 3640 1464 κατεδεήθης
3692 1412 3801 1464 μου

550 1481 676 1536 bore
707 1494 761 1534 et
793 1484 1075 1548 juventute
1108 1484 1312 1548 valens,
1345 1486 1428 1540 his
1469 1488 1650 1557 pejOra
1683 1491 1968 1557 admisisti,
2004 1501 2115 1546 tur-

2226 1497 2310 1549 σύ·
2352 1515 2370 1546 ι
2430 1493 2542 1546 ἀλλ’
2600 1491 2786 1561 ὥσπερ
2817 1490 3074 1559 ἰσχύουσα
3116 1490 3208 1540 καὶ
3245 1487 3647 1556 νεανιευομένη,
3678 1486 3799 1555 χεξο

549 1572 706 1640 pibus
744 1575 910 1642 gestis
933 1575 1037 1627 tuis
1068 1576 1348 1632 insistens.

2226 1603 2347 1657 ρονα
2376 1584 2577 1637 τούτων
2612 1582 2855 1653 ἔπραξας
2906 1581 3234 1651 ἐπιμένουσα
3264 1582 3384 1642 ταῖς
3408 1580 3637 1641 οἰκείαις
3670 1581 3802 1632 ἀτοσ

2216 1679 2387 1741 πίαις.

616 1747 779 1802 νεηε.
840 1750 1023 1804 ιιι-ιδ.
1085 1754 1299 1817 «Quem
1356 1755 1549 1810 timens
1608 1758 1896 1825 perterrita
1938 1768 2115 1812 es:et

2291 1790 2308 1821 ι
2353 1770 2487 1823 Τίνα
2510 1769 2867 1841 εὐλαϐηθεῖσα
2895 1768 3187 1837 ἐφοϐήθης,
3206 1768 3299 1820 καὶ
3346 1767 3556 1836 ἐψεύσω
3586 1785 3677 1838 με,
3706 1768 3804 1819 καὶ

550 1844 769 1894 mentita
823 1858 880 1896 es
913 1846 1067 1907 mihi,
1098 1863 1197 1900 nec
1233 1849 1521 1903 meministi
1559 1851 1699 1915 mei,
1750 1866 1848 1904 nec
1897 1852 2115 1919 posuisti

550 1950 631 1963 η...
664 1935 712 1963 Ξ..
754 1944 930 1963 ...ηηιη
970 1947 1051 1963 ...η
1139 1955 1235 1963 ..,.,.
1285 1940 1337 1963 2-.
1398 1943 1548 1963 ..η-Λ..
1608 1944 1741 1963 .--λιι
1803 1942 1868 1963 τε.
1921 1958 2008 1963 -_-
2067 1952 2112 1963 .-

2226 1867 2323 1918 οὐκ
2352 1864 2628 1935 ἐμνήσθης
2665 1834 2787 1934 μόυ,
2816 1834 3138 1926 οὐδ’νέλαϐἐς
3171 1881 3235 1933 με
3290 1864 3370 1925 είς
3390 1834 3501 1932 τὴν
3532 1834 3801 1963 διάνοιαν,

550 1950 631 1988 me
664 1935 713 1988 in
753 1944 931 1989 mente
970 1947 1090 2001 tua,
1139 1955 1236 1992 nec
1285 1940 1339 1993 iit
1392 1943 1552 1995 corde
1608 1944 1741 1995 tuo?
1803 1942 1871 1996 Et
1915 1958 2014 2012 ego
2067 1952 2117 1997 te

2226 1958 2336 2010 οὐδ’
2371 1959 2447 2019 εἰς
2482 1957 2579 2027 τὴν
2612 1956 2838 2027 καρδίαν
2872 1972 2999 2020 σου;
3032 1956 3139 2008 Καὶ
3169 1953 3278 2021 ἐγώ
3304 1970 3360 2005 σε
3391 1952 3512 2005 ἰδὼν
3546 1951 3801 2022 παρορῶ,

547 2026 752 2088 videns,
783 2027 1041 2095 despicio,
1068 2037 1121 2081 et
1148 2045 1231 2083 me
1263 2046 1365 2083 non
1405 2032 1649 2086 timuisti.
1698 2033 1763 2087 Et
1798 2048 1898 2103 ego
1921 2050 2117 2090 annun-

2226 2050 2433 2120 καὶέμέ
2464 2026 2563 2102 οὐκ
2597 2048 2891 2119 ἐφοϐήθης.
2967 2048 3075 2100 Καὶ
3118 2046 3227 2115 ἐγὼ
3260 2046 3554 2113 ἀπαγγελῶ
3587 2046 3688 2113 τὴν
3724 2045 3801 2097 δι-

549 2117 696 2170 tiabo
723 2116 990 2182 justitiam
1028 2135 1198 2173 meam
1224 2132 1272 2177 el
1308 2123 1445 2175 mala
1481 2133 1590 2190 tua,
1618 2135 1670 2178 et
1697 2142 1800 2180 non
1827 2128 2116 2194 proderunt

2226 2141 2511 2211 καιοσύνην
2561 2159 2661 2212 μου
2704 2140 2894 2194 καὶτὰ
2926 2139 3071 2192 κακά
3091 2157 3204 2201 σου,
3239 2140 3331 2191 καὶ
3374 2140 3472 2191 οὐκ
3525 2139 3803 2209 ὠφελήσει

547 2208 662 2260 tibi.
699 2208 830 2262 Cum
862 2209 1216 2274 clamaveris,
1244 2225 1437 2266 eruaut
1469 2224 1520 2268 te
1542 2216 1593 2269 in
1642 2217 1981 2275 tribulatione
2005 2230 2114 2275 tua.

2226 2252 2303 2288 σε.
2340 2208 2506 2288 Ὅταν
2541 2208 2867 2305 άναϐοήσῃς,
2900 2231 3265 2297 ἐξελέσθωσάν
3310 2249 3368 2283 σε
3402 2232 3459 2283 ἐν
3498 2233 3565 2300 τῇ
3622 2208 3803 2299 θλίψει.

549 2298 655 2353 llos
682 2301 879 2367 quippe
911 2310 1101 2357 omnes
1127 2315 1318 2359 ventus
1358 2305 1585 2371 auferet,
1616 2317 1669 2363 et
1711 2320 1995 2378 tempestas
2019 2313 2117 2370 tol-

2226 2345 2319 2379 σου
2339 2344 2353 2358 ο
2382 2326 2599 2388 τούτους
2627 2298 2741 2395 γάρ.
2762 2298 2965 2387 πάντας
2992 2323 3189 2393 ἄνεμος
3229 2323 3454 2392 λήψεται
3474 2363 3488 2386 ,
3520 2322 3616 2373 καὶ
3640 2321 3803 2373 ἀποί-

549 2389 638 2443 let.
666 2389 764 2455 Qui
802 2402 979 2445 autem
1011 2395 1286 2449 adhzerent
1311 2396 1442 2449 mihi
1468 2436 1483 2461 ,
1522 2400 1865 2467 possidebunt
1921 2413 2114 2459 terram

2228 2436 2307 2471 σει
2340 2418 2609 2487 καταιγίς.
2646 2419 2707 2470 Οἱ
2740 2416 2794 2469 δὲ
2819 2416 3164 2486 ἀντεχόμενοί
3201 2432 3299 2484 μου
3354 2415 3643 2483 κτήσονται
3672 2414 3799 2482 γῆν,

545 2492 599 2534 et
620 2481 934 2538 hacreditate
961 2486 1225 2551 accipient
1269 2501 1502 2543 montem
1550 2502 1793 2545 sanctum
1846 2510 2043 2551 meum.
2093 2516 2111 2547 ι

2227 2513 2317 2565 καὶ
2350 2481 2810 2582 κληρονομήσουσι
2838 2508 2899 2561 τὸ
3094 2507 3154 2558 τὸ
3186 2481 3335 2574 άγιόν
3360 2481 3479 2576 μου.
3521 2525 3538 2554 ι
3578 2481 3801 2565 Πάντας

547 2572 747 2627 Omnes
796 2575 975 2642 itaque
1019 2592 1113 2631 eos
1138 2579 1226 2646 qui
1263 2579 1595 2645 incusantur,
1642 2592 1832 2639 ventus
1880 2587 2025 2641 tollet
2064 2598 2117 2641 et

2227 2605 2324 2673 μὲν
2347 2572 2595 2665 οῦν-’τοὺς
2635 2572 3105 2673 κατηγορηθέντας
3152 2572 3377 2669 λήψεται
3421 2599 3641 2668 ἄνεμος,
3708 2597 3801 2649 καὶ

547 2673 835 2733 tempestas
857 2668 1086 2723 auferet.
1130 2669 1193 2723 Et
1226 2669 1530 2737 huiusmodi
1583 2672 1706 2729 ﬁnis
1755 2676 1971 2732 invadet
2023 2694 2116 2734 eos

2226 2699 2436 2752 ἀποίσει
2463 2697 2733 2766 καταιγίς.
2767 2697 2875 2749 Καὶ
2904 2695 3114 2748 τοιοῦτο
3146 2696 3295 2757 τέλος
3324 2693 3647 2765 διαλήψεται
3672 2694 3799 2753 τοὺς

548 2754 637 2822 qui
673 2756 741 2810 ob
780 2758 1032 2823 praedicta
1076 2760 1125 2812 in
1155 2762 1361 2816 crimen
1390 2775 1652 2819 vocantur
1692 2783 1826 2824 :eos
1864 2784 1993 2824 vero
2026 2771 2115 2839 qui

548 2839 912 2861 L-n-J.-IAW-
962 2860 967 2861 ,
1099 2856 1107 2861 .
1433 2850 1486 2861 οη
1629 2854 1659 2861 _
1978 2860 1981 2861 ,

2226 2791 2314 2842 ἐπὶ
2338 2792 2447 2852 τοῖς
2476 2754 2784 2861 εἰρημένοις
2809 2787 3194 2857 διαϐληθέντας
3218 2806 3229 2819 ο
3259 2754 3381 2850 τοὺς
3402 2754 3477 2839 δὲ¹
3626 2786 3798 2854 καλὴν

545 2839 743 2893 bonam
770 2842 976 2913 elegere
1001 2856 1222 2912 sortem,
1257 2863 1340 2902 me
1370 2850 1577 2907 scilicet
1624 2854 1817 2921 Deum,
1857 2873 1920 2913 ac
1943 2860 2116 2913 since-

548 2945 634 2953 ,η
660 2932 776 2953 ...η
807 2936 829 2953 ,ν
1004 2952 1009 2953 ,
1164 2940 1174 2950 .
1606 2947 1638 2953 .-
1770 2948 1781 2953 -

2901 2839 3230 2952 ἐμέδηλαδὴ
3258 2881 3348 2932 τὸν
3363 2839 3498 2933 δεον
3535 2839 3630 2931 καὶ
3669 2839 3797 2939 τοῦς

548 2945 637 2985 ros
660 2932 778 2987 illos
806 2936 1050 3001 homines
1085 2940 1174 3007 qui
1212 2956 1345 3009 pure
1386 2945 1514 2999 mihi
1554 2947 1936 3016 adltterebant,
1978 2967 2117 3007 mer-

2226 2932 2474 3046 γνησίοῦς
2524 2932 2618 3027 καλ
2651 2932 2904 3045 καθαρῶς
2934 2932 3320 3044 άντεχομένους
3345 3013 3359 3037 ,
3394 2974 3427 3042 ή
3479 2973 3610 3042 παρ’
3662 2969 3797 3041 ἐμοῦ

541 3037 634 3078 ces
663 3039 781 3080 mea
809 3028 1061 3098 excipiet.

620 3117 756 3139 ﬂ---
836 3119 892 3139 ιι
1005 3121 1060 3139 η.
1115 3123 1144 3139 μ
1198 3138 1202 3139 ,
1259 3135 1268 3139 _
1354 3126 1391 3139 π
1647 3132 1658 3139 .
1822 3136 1836 3139 _
1908 3138 1911 3139 ,

2226 3028 2425 3139 άμοιϐὴ
2451 3028 2775 3133 διαδέξεται.

620 3117 776 3172 Vens.
832 3119 917 3172 M.
961 3139 977 3170 ι
1003 3121 1066 3173 Ει
1095 3123 1275 3178 dicent
1308 3142 1322 3179 :
1353 3126 1586 3198 Pttrgate
1610 3132 1723 3187 vias
1758 3150 1785 3187 a
1815 3136 1951 3194 facie
1979 3142 2112 3211 ejus,

542 3215 599 3260 et
624 3208 793 3262 tollite
818 3208 1135 3265 oﬂ‘endicnla
1186 3214 1251 3267 de
1294 3217 1378 3271 via
1427 3220 1608 3289 pepuli
1648 3225 1770 3279 mei.
1798 3245 1815 3277 ι
1855 3202 2113 3302 Natu'qui
2144 3202 2184 3258 ϐ

549 3308 693 3352 recte
718 3300 857 3368 apud
910 3301 1075 3356 Deum
1128 3320 1186 3359 se
1229 3310 1388 3375 gerit,
1428 3326 1533 3367 non
1578 3314 1767 3372 salutis
1819 3324 1976 3377 modo
2009 3300 2117 3380 suae

541 3405 729 3463 curam
757 3393 993 3454 habebit.
1047 3397 1138 3451 sed
1168 3401 1330 3455 etiam
1371 3406 1568 3474 populo
1602 3407 1698 3463 Dei
1756 3426 1877 3467 sese
1930 3417 2114 3471 utilem

546 3487 858 3552 praestabit,
910 3491 1232 3559 prrecipiens
1284 3494 1359 3549 illi
1417 3506 1475 3550 ut
1529 3499 1671 3554 viam
1711 3503 1929 3573 pietatis
1964 3524 2114 3564 eom-

547 3575 769 3642 planet,
824 3589 880 3633 et
934 3579 1294 3653 offendicula,
1345 3589 1393 3642 si
1450 3606 1555 3660 qua
1606 3593 1912 3665 videantur,
1962 3616 2106 3656 amo-

546 3678 692 3721 νεαι.

616 3758 780 3815 Vens.
843 3764 928 3817 15.
969 3784 987 3815 ι
1019 3764 1142 3822 llzec
1170 3768 1301 3824 dicit
1333 3772 1663 3843 Altissimus,
1693 3780 1781 3847 qui
1808 3782 1859 3833 in
1887 3784 2116 3839 excelsis

545 3851 757 3907 habitat
787 3855 838 3908 itt
870 3858 1145 3922 saeculum,
1180 3861 1411 3919 Sanctus
1442 3865 1494 3918 in
1536 3872 1737 3922 sanctis
1780 3886 1973 3927 nomen
2018 3875 2065 3929 ei
2097 3893 2111 3930 :

545 3944 885 4013 Altissimus,
920 3951 1010 4018 qui
1048 3952 1101 4005 in
1139 3954 1344 4010 sanctis
1396 3959 1704 4026 requiescit,
1753 3972 1806 4017 et
1837 3966 2114 4034 pusillani-

548 4038 652 4092 mis
685 4040 777 4094 dat
803 4042 1138 4109 patientiam,
1184 4056 1238 4100 et
1263 4050 1357 4101 dat
1384 4049 1546 4104 vitam
1578 4053 1829 4110 contritis
1854 4059 2037 4112 corde.
2090 4077 2108 4109 ι

545 4125 613 4182 lis
638 4129 690 4183 in
722 4132 915 4200 popqu
951 4136 1041 4203 qui
1068 4137 1267 4205 pietate
1291 4149 1347 4194 et
1379 4141 1569 4197 timore
1590 4145 1682 4199 Dei
1701 4149 1907 4215 praediti
1935 4163 2111 4217 erant,

545 4220 747 4290 quique
775 4237 1118 4289 peccatorum
1153 4232 1527 4298 pmnitentiam
1563 4248 1806 4305 egerant,
1839 4256 1974 4311 quos
2000 4242 2114 4297 hinc

547 4312 825 4382 Scriptura
857 4320 1122 4374 eontritos
1171 4322 1338 4379 corde
1387 4334 1442 4380 et
1488 4328 1861 4396 pusillanimes
1914 4344 2110 4398 vocat,

546 4406 970 4463 consolationem
1006 4411 1180 4467 aﬂ‘ert.
1209 4414 1519 4484 Siquidem,
1548 4422 1649 4475 etsi
1678 4424 1832 4492 pauci
1866 4441 2108 4492 numero,

2293 3176 2311 3208 ι
2354 3157 2465 3210 Καὶ
2498 3155 2684 3227 ἐροῦσι
2716 3175 2725 3187 ·
2784 3157 3132 3229 Καθαρίσατε
3160 3156 3269 3210 ἀπὸ
3302 3153 3594 3228 προσώπου
3629 3153 3794 3207 αὑτοῦ

2217 3248 2507 3313 ὁδοὺς,⁷κα“ι
2529 3248 2697 3319 ἄρατε
2729 3248 2912 3303 σκῶλα
2943 3249 3051 3303 ἀπὸ
3077 3249 3175 3321 τῆς
3198 3248 3316 3302 ὁδοῦ
3354 3247 3447 3300 τοῦ
3469 3246 3600 3300 λαοῦ
3636 3265 3792 3318 μου.»

2218 3342 2293 3396 Οὐ
2322 3342 2429 3413 γάρ
2468 3342 2633 3412 μόνης
2664 3341 2761 3411 τῆς
2794 3324 3087 3413 ¹σωτηρίας
3124 3341 3378 3411 πρόνοιαν
3433 3340 3719 3410 ποιήσεται
3769 3338 3796 3389 ὀ

2220 3432 2368 3504 παρά
2401 3432 2478 3503 τῷ
2510 3431 2628 3504 Θεῷ
2658 3431 3007 3505 κατορθώσας
3030 3474 3045 3497 ,
3094 3432 3207 3485 ἀλλ’
3252 3432 3352 3503 ήδη
3404 3431 3500 3484 καὶ
3554 3431 3634 3501 τῷ
3683 3430 3795 3501 λαῷ

2217 3523 2352 3578 Θεοῦ
2379 3526 2648 3595 χρήσιμον
2682 3524 2871 3577 ἑαυτὸν
2900 3524 3124 3595 παρέξει
3162 3525 3513 3597 προστάττων
3545 3523 3794 3594 ἐξομαλίο

2218 3618 2331 3683 ζειν
2354 3615 2503 3688 αὐτῷ
2531 3617 2629 3688 τὴν
2657 3618 2773 3672 ὁδὸν
2806 3619 2903 3689 τῆς
2929 3618 3255 3686 θεοσεϐείας,
3287 3621 3379 3672 καὶ
3421 3620 3489 3673 τὰ
3534 3618 3791 3671 δοκοῦντα

2220 3711 2641 3781 προσκόμματα.
3726 3802 3751 3813 -

2293 3820 2311 3853 ι
2350 3802 2486 3856 Τάδε
2516 3802 2662 3872 λέγει
2703 3805 2730 3856 ὁ
2756 3803 3035 3874 ’Υψιστος,
3089 3806 3117 3857 6
3165 3806 3221 3856 ἐν
3273 3804 3501 3875 ὑψηλοῖς
3529 3802 3789 3856 κατοικῶν

2222 3898 2300 3959 είς
2333 3895 2423 3948 τὸν
2440 3895 2631 3957 αἰῶνα,
2655 3896 2842 3964 ’Ἄγιος
2872 3897 2928 3948 ἐν
2944 3895 3115 3964 ἁγίοις
3134 3896 3301 3965 ὄνομα
3328 3895 3473 3965 αὐτῷ
3495 3912 3509 3924 ·
3533 3894 3789 3963 ’Υψιστος

2216 3992 2273 4042 ἐν
2299 3988 2473 4057 ἁγίοις
2505 3988 2935 4058 ἀναπαυόμενος,
2966 3988 3060 4041 καὶ
3100 3987 3439 4056 ὀλιγοιῖυύχοις
3477 3986 3654 4048 διδοὺς
3688 4004 3787 4056 μα-

2217 4062 2537 4152 κροθυμίαν,
2566 4083 2660 4135 καὶ
2676 4080 2849 4143 διδοὺς
2876 4079 3018 4151 ζωήν
3046 4084 3155 4144 τοῖς
3191 4080 3667 4152 συντετριμμένοις
3696 4080 3790 4148 τὴν

2216 4173 2460 4244 καρδίαν.
2484 4191 2502 4223 ›
2542 4172 2683 4244 Πρὸς
2706 4173 2831 4236 τοὺς
2864 4174 2920 4225 ἐν
2951 4173 3027 4243 τῷ
3069 4172 3183 4243 λαῷ
3226 4172 3469 4235 εὐλαϐεῖς
3510 4173 3602 4224 καὶ
3630 4171 3788 4240 φόϐον

2218 4262 2351 4316 Θεοῦ
2388 4263 2775 4333 κεκτημένους,
2812 4263 2904 4315 καὶ
2936 4262 3329 4332 μετανοοῦντας
3362 4261 3446 4330 ἐφ’
3480 4255 3560 4324 οἷς
3604 4261 3785 4329 ἥμαρ-

2214 4373 2324 4420 τον,
2355 4353 2447 4417 oi);
2470 4356 2503 4424 ή
2538 4352 2783 4424 παροῦσα
2814 4352 2959 4419 λέξις
3009 4352 3499 4423 συντετριμμένους
3528 4351 3628 4421 τὴν
3652 4367 3785 4421 καρ-

2214 4446 2331 4499 δίαν
2358 4448 2450 4499 καὶ
2481 4444 2832 4514 ὀλιγοψύχους
2862 4443 3137 4515 ὀνομάζει,
3172 4444 3514 4516 παράκλησιν
3556 4443 3651 4495 καὶ
3688 4459 3785 4495 πα-

549 4496 856 4566 hujusmodi
915 4512 1091 4558 tamen
1140 4508 1379 4561 nonnulli
1426 4511 1673 4567 aderant.
1708 4514 1957 4569 Attamen
2012 4520 2108 4573 viri

2226 4496 2830 4608 οαμυνθίανπροσάιγειῖ
2857 4496 3188 4606 Ἷίσανδγάρ
3239 4496 3295 4587 έν
3341 4496 3542 4597 αὐτοῖς.
3600 4536 3647 4587 εί
3695 4532 3785 4587 καὶ

549 4588 658 4643 Deo
682 4591 883 4646 addicti
911 4606 1104 4662 erant;
1154 4614 1259 4652 non
1302 4608 1507 4655 tantum
1541 4606 1836 4673 prophetae,
1897 4610 1989 4664 sed
2021 4613 2107 4667 alii

2226 4588 3034 4700 Βραχείςκαὶιὰριθμῷνληπτοί.
3067 4588 3213 4697 [ἰλήν
3238 4627 3387 4697 ὅμως
3416 4622 3555 4697 ἦσαν
3600 4625 3783 4697 ἄνδρες

547 4693 733 4734 eorum
771 4683 1114 4753 imitatores,
1163 4692 1252 4760 qui
1303 4708 1331 4746 a
1392 4697 1671 4765 prophetis
1722 4700 2106 4770 edocebantur,

2226 4683 2557 4787 ἱνακείμενοι
2700 4683 2981 4788 ὀεξῦ·ὀύχ
3021 4718 3072 4770 oi
3119 4683 3390 4789 προφήται
3426 4683 3603 4787 μόνον,

547 4788 842 4846 eorumque
867 4780 1161 4850 disciplina:
1194 4786 1429 4840 animum
1454 4790 1803 4848 adhibebant.

2226 4808 2304 4861 ιαί
2332 4780 2506 4880 ἕτεροι
2536 4780 2737 4862 τούτων
2770 4780 3027 4879 ζηλωταὶ,
3049 4780 3480 4880 μαθητευόμενοι
3508 4811 3620 4870 τοῖς
3655 4823 3781 4879 προ-

2213 4900 2430 4968 φήταις,
2472 4899 2565 4951 καὶ
2605 4902 2726 4963 ταῖς
2784 4898 3152 4964 διδασκαλίαις
3188 4898 3365 4953 αὐτῶν
3421 4900 3777 4971 προσανέχον-

2209 5006 2318 5042 τες.

620 5058 779 5115 Vens.
857 5062 941 5117 i6.
1028 5063 1193 5119 «Non
1247 5067 1301 5117 in
1349 5077 1667 5137 perpetuum
1712 5084 1805 5124 vos
1861 5070 2106 5138 ulciscar,

2226 5006 2266 5042 τε
2306 5030 2318 5041 .

2273 5006 2451 5135 ίἰΟὑκ
2503 5085 2583 5143 εἰς
2630 5050 2723 5137 τὸν
2780 5083 2951 5138 αίῶνα
3008 5083 3279 5155 ἐκδικήσω
3326 5085 3487 5155 ὑμᾶς,
3522 5082 3641 5136 οὐδὲ
3692 5082 3778 5136 διὰ

542 5166 715 5220 neque
758 5169 972 5223 semper
1025 5156 1230 5211 irascar
1282 5159 1451 5212 vobis.
1499 5160 1736 5228 Spiritus
1770 5162 1912 5217 enim
1960 5178 1991 5217 a
2025 5180 2109 5218 me

2226 5174 2409 5238 παντὸς
2434 5175 2829 5247 ὀργισθήσομαι
2883 5178 3029 5247 ὑμῖν.
3089 5177 3311 5248 Πνεῦμα
3336 5166 3444 5248 γάρ
3473 5179 3597 5247 παρ’
3644 5174 3774 5246 ἐμοῦ

539 5242 864 5310 egredietur,
892 5256 945 5299 et
976 5246 1161 5302 ﬂatum
1190 5264 1403 5303 omnem
1430 5264 1529 5320 ego
1562 5252 1684 5306 feci.
1718 5272 1737 5305 ι
1784 5253 1917 5308 Nam
1966 5271 2107 5310 cura:

2226 5264 2571 5331 ιξελεύσεται,
2598 5268 2688 5319 καὶ
2714 5267 2881 5338 πνοὴν
2910 5270 3090 5321 πᾶσαν
3128 5267 3237 5336 ἐγὼ
3262 5268 3509 5338 ἐποίησα.
3558 5286 3575 5317 ι
3612 5266 3775 5319 Μέλει
3820 5326 3823 5341 ί

541 5332 670 5385 ntihi
697 5347 779 5389 est
808 5338 1032 5405 spiritus
1062 5340 1170 5408 ille,
1211 5343 1300 5411 qui
1326 5357 1354 5394 a
1391 5358 1477 5397 tne
1509 5343 1783 5412 profectus
1804 5387 1819 5413 ,
1872 5348 1924 5401 in
1956 5342 2107 5403 vobis

2226 5358 2318 5428 γάρ
2344 5375 2432 5428 μοι
2463 5357 2556 5410 τοῦ
2591 5332 2918 5428 πνεύματος,
2944 5361 3075 5431 ὅπερ
3130 5332 3187 5426 ἐξ
3229 5357 3363 5429 ἐμοῦ
3388 5332 3667 5430 προελθὸν,
3698 5358 3774 5420 εἰς

540 5424 803 5482 habitavit
832 5446 847 5483 :
880 5435 1319 5503 quandoquidem
1347 5435 1522 5490 omnis
1562 5437 1785 5506 spiritus
1806 5480 1821 5505 ,
1863 5440 1955 5511 qui
1995 5441 2110 5494 latt-

2226 5451 2355 5520 Βμᾶς
2404 5449 2755 5520 κατῴκησεν·
2818 5451 3004 5522 ἐπειδὴ
3052 5451 3146 5504 καὶ
3204 5450 3433 5522 ποιητὴς
3496 5450 3774 5519 τυγχάνων

541 5514 672 5571 dare
733 5537 818 5575 me
885 5524 1096 5591 valeat,
1148 5538 1338 5581 auctor
1387 5543 1541 5597 sum,
1591 5532 1886 5586 secundum
1940 5534 2107 5600 illttd,

2226 5514 2397 5610 πάσης
2440 5514 2624 5611 πνοῆς.
2660 5541 2757 5610 τῆς
2804 5514 3105 5612 δυναμένης
3154 5558 3220 5612 με
3264 5514 3453 5605 αἰνείν,
3508 5542 3646 5593 κατὰ
3693 5538 3771 5602 τὸ,

613 5705 726 5772 (il)
763 5707 851 5801 Si:
904 5711 1183 5801 ver-timus",
1224 5713 1346 5779 quia
1398 5714 1463 5765 ad
1506 5715 1907 5801 hunemodum
1945 5717 2112 5770 inter-
2221 5718 2309 5772 hic
2337 5732 2457 5772 esse
2493 5727 2702 5801 vntetttr
2737 5736 2754 5798 ς
2795 5720 3138 5801 ibiultosque
3182 5724 3272 5791 qui
3314 5732 3488 5778 tecum
3540 5719 3772 5777 fornica-

539 5786 782 5838 pt'ctatur
815 5780 1095 5836 Eusebius.
1149 5785 1315 5837 Verus
1362 5794 1537 5841 tamen
1586 5786 1742 5857 hujus
1786 5789 1882 5841 loci
1922 5806 2111 5845 sensus
2222 5790 2947 5858 renturpt-oculaecivistiu
