3968 6516
229 308 341 361 477

1156 313 1650 372 COMMENTARIA
1691 318 1756 373 IN
1795 320 2307 378 ISAIAM.—CAP.
2348 324 2520 380 LVIII.

3358 338 3462 389 £78

230 446 249 478 ι
287 428 450 480 Πᾶσα
485 427 619 496 πνοὴ
657 426 922 480 αἰνεσάτω
946 430 1038 481 τὸν
1087 430 1309 500 Κύριον,
1354 453 1372 485 ι
1408 435 1499 486 καὶ
1537 435 1595 486 ἐν
1618 437 1683 506 τῇ
1718 452 1804 488 κο-

1911 456 1933 490 ι
1959 437 2145 494 Omnis
2174 440 2395 509 spiritus
2425 443 2657 498 laudetD
2681 445 2985 511 iminum“;
3026 438 3169 495 ιειῖη
3187 453 3461 507 creatione

228 518 498 591 σμοποιίᾳ
527 519 585 573 δὲ
617 520 1029 591 ἑμφυσήσαντος
1056 521 1149 574 τοῦ
1169 522 1303 576 Θεοῦ
1354 525 1569 595 ἐγένετο
1602 526 1809 599 ἀνθρω-

223 624 331 671 πος
366 611 447 672 εἰς
480 607 659 679 ψυχὴν
690 609 889 674 ζῶσαν.

299 718 321 750 ι
356 700 436 751 Δι’
469 700 742 770 ἁμαρτίαν
774 699 946 771 βραχύ
974 720 1025 755 τι
1054 703 1297 776 ἐλύπησα
1321 707 1503 773 αὐτὸν,
1538 708 1630 761 καὶ
1678 708 1809 761 ἐπά-

219 792 366 858 ταξα
414 792 597 855 αὐτὸν,
649 791 742 845 καί¹
795 794 1113 865 ἀπέστρεψα
1154 798 1215 850 τὸ
1258 800 1546 870 πρόσωπόν
1583 819 1682 870 μου
1712 802 1807 854 ἀπ’

218 880 415 946 αὐτοῦ,
444 883 538 937 καὶ
586 882 849 955 ἐλυπήθη,
893 887 985 939 καὶ
1026 888 1293 961 ἐπορεύθη
1348 892 1571 960 στυγνὸς
1604 895 1658 946 ἓν
1689 895 1810 958 ταῖς

220 975 370 1038 ὁδοῖς
402 973 594 1029 αὐτοῦ.
622 975 737 1037 Τὰς
780 976 931 1040 ὁδοὺς
974 978 1139 1031 αὐτοῦ
1174 979 1412 1052 ἑώρακα,
1450 984 1543 1035 καί⁴
1569 983 1806 1057 ἰασάμην

164 1062 192 1147 ’ξ
217 1067 411 1133 αὑτὸν,
444 1066 541 1122 καὶ
583 1068 928 1138 παρεκάλεσα
959 1070 1135 1137 αὑτὸν,
1162 1073 1256 1126 καὶ
1311 1073 1484 1127 ἔδωκα
1516 1075 1663 1147 αύτῷ
1701 1093 1806 1128 πα-

182 1140 192 1161 ’
220 1159 495 1231 ράκλησιν
522 1160 801 1233 ἀληθινὴν,
827 1164 1050 1234 εἰρήνην
1077 1165 1163 1216 ἐπ’
1197 1166 1388 1238 εἰρήνῃ
1432 1170 1544 1231 τοῖς
1592 1140 1806 1239 μακράν

216 1252 315 1308 καὶ
340 1255 461 1317 τοῖς
488 1255 657 1323 ἐγγὺς
685 1250 822 1309 οὖσι.
855 1257 965 1311 Καὶ
1007 1252 1125 1309 εἰπε
1156 1257 1359 1329 Κύριος
1381 1276 1394 1288 ·
1436 1261 1677 1332 ’ἰάσομαι
1705 1264 1804 1315 αύ-

214 1343 369 1405 τούς.
402 1344 468 1396 0i
495 1344 552 1397 δὲ
594 1343 769 1399 ἄδικοι
796 1346 1337 1419 κλυδωνισθήσονται,
1369 1352 1462 1404 καὶ
1493 1352 1806 1406 ἀναπαύσα-

218 1434 349 1489 σθαι
370 1437 435 1489 οὐ
471 1435 809 1508 δυνήσονται.
850 1439 965 1493 Οὐκ
994 1439 1106 1492 ἔστι
1142 1441 1348 1512 χαίρειν
1378 1444 1488 1505 τοῖς
1530 1443 1801 1509 ἀσεϐέσιν,

216 1524 379 1581 εἶπεν
411 1530 442 1582 ό
478 1528 631 1594 Θεός.
671 1549 691 1581 ι
726 1530 788 1582 Εἰ
820 1530 914 1583 καὶ
948 1531 1084 1602 πρὸς
1117 1532 1323 1603 βραχύν
1356 1552 1474 1587 τινα
1505 1536 1695 1606 καιρὸν
1714 1536 1804 1591 διά

214 1637 372 1683 τινας
424 1620 485 1686 ἐξ
516 1619 863 1692 ἀνθρωπίνης
894 1621 1175 1685 ἀσθενείας
1201 1624 1586 1694 ὲπιγενομένας
1624 1626 1800 1697 ἁμαρ-

212 1714 340 1777 τίας
389 1712 641 1783 ἐλύπησα
689 1712 816 1775 τοὺς
847 1714 1235 1783 ἡμαρτηκότας
1275 1714 1368 1768 καὶ
1420 1716 1683 1781 ἐπάταξα,
1713 1712 1802 1773 οἷα

123 1872 133 1881 ,
213 1805 412 1907 πατῂμ
431 1804 581 1869 υἰοὺς
612 1804 897 1907 παιδεύων·
942 1824 975 1907 (Ι
1003 1808 1097 1859 Ὃν
1121 1806 1284 1907 κγάρ
1314 1826 1334 1859 ι
1368 1809 1555 1907 ἀγαπᾷ
1590 1810 1809 1882 Κύριος,
1840 1815 1887 1873 Β
1915 1839 2213 1907 conipiens
2241 1857 2257 1894 ε

216 1895 472 1951 παιδεύει
493 1913 509 1926 ’
542 1900 797 1968 μαστιγοί
825 1897 881 1949 δὲ
906 1897 1085 1951 πάντα
1116 1898 1228 1952 υίὸν
1261 1899 1319 1953 ὃν
1349 1901 1745 1973 παραδέχεται·
1781 1921 1799 1953 ι

215 1989 334 2043 ἀλλ’
370 1989 585 2061 ἐπειδὴ,
618 1988 972 2061 συναίσθησιν
995 1990 1248 2055 λαϐόντες
1268 1992 1365 2062 τῆς
1385 1993 1524 2064 ἐμῆς
1540 1994 1804 2059 παιδείας,

214 2080 533 2152 ἐλυπήθητε
562 2082 661 2153 τὴν
700 2082 837 2135 κατὰ
892 2082 1025 2135 Θεὸν
1072 2082 1269 2153 λύπην,
1324 2085 1417 2139 καὶ
1476 2086 1805 2158 ἐπορεύθητε

216 2174 446 2244 στυγνοὶ
478 2173 943 2245 μεταμεληθέντες
972 2193 982 2203 ·
1014 2173 1201 2228 τούτου
1228 2175 1408 2246 χάριν,
1439 2177 1535 2247 τὴν
1560 2180 1807 2249 ἐπιστρο-

214 2265 321 2338 φὴν
348 2266 450 2319 καὶ
478 2265 579 2336 τὴν
611 2267 893 2338 μετάνοιαν
913 2269 939 2319 ὑ
950 2267 1064 2338 μῶν
1096 2266 1427 2338 θεασάμενος
1455 2270 1547 2323 καὶ
1574 2270 1673 2334 τάς
1708 2288 1806 2341 με-

212 2353 281 2407 τά
310 2354 499 2408 ταῦτα
550 2353 799 2426 πράξεις,
836 2355 1049 2409 καὶτοῦ
1087 2356 1202 2427 βίου
1231 2357 1329 2421 τὰς
1359 2357 1532 2423 ὀδοὺς,
1570 2359 1805 2431 ἰασάμην

217 2444 367 2515 ὑμᾶς
423 2446 518 2498 καὶ
559 2446 908 2517 παρεκάλεσα
959 2448 1080 2511 δοὺς
1117 2449 1464 2519 παράκλησιν
1506 2451 1803 2523 ἀληθινήν·

218 2536 407 2590 πάντα
438 2536 549 2609 γὰρ
584 2538 713 2609 παρ’
746 2538 879 2608 ἐμοῦ
912 2540 991 2602 εἰς
1023 2541 1149 2603 τοὺς
1178 2542 1344 2612 ἐμοὺς
1373 2542 1606 2606 οἰκείους
1642 2559 1807 2615 χορη-

215 2627 467 2699 γούμενα
489 2628 720 2697 ἀληθινὰ
753 2630 1026 2699 τυγχάνει.
1075 2626 1273 2705 Διόπερ
1300 2636 1413 2696 τοῖς
1446 2635 1508 2686 ὲκ
1542 2636 1638 2705 τῆς
1668 2636 1805 2705 ἐμῆς

216 2718 471 2782 παιδείας
497 2720 908 2792 σωφρονισθεῖσι
944 2721 1284 2793 παράκλησιν
1312 2724 1567 2793 ἀληθινὴν
1601 2724 1803 2777 δέδωκα

216 2808 310 2863 καὶ
341 2809 651 2881 εἰρηνικὴν,
685 2810 780 2881 οὐχ
806 2810 982 2881 ἁπλῆν
1014 2828 1131 2865 τινα
1162 2814 1254 2867 καὶ
1286 2814 1639 2886 πρόσκαιρον,
1672 2814 1804 2869 ἀλλά

216 2898 832 2971 πολυπλασιαζομένην·
872 2894 958 2963 ’ὡς
998 2901 1091 2954 καὶ
1129 2902 1235 2955 ἀπὸ
1282 2903 1391 2955 τῶν
1443 2904 1608 2972 ἐγγὺς
1662 2903 1803 2975 ἔχειν

215 2988 414 3060 αὑτὴν,
453 2989 547 3041 καὶ
597 2990 706 3043 ἀπὸ
737 2991 846 3044 τῶν
888 2991 1079 3063 πόρῤω
1109 2993 1201 3045 καὶ
1237 2993 1450 3065 μακράν
1484 2994 1802 3067 ἀπῳκισμέ-

218 3094 357 3141 νοις.

727 3238 1119 3293 ΚΕΦΑΛΑΙΟΝ
1156 3238 1288 3293 NH'.
1400 3285 1408 3293 .

288 3344 312 3376 ι
362 3325 691 3397 ’Δναόόησον
718 3328 777 3381 ὲν
796 3328 960 3399 ἰσχύϊ,
992 3332 1086 3383 καὶ
1123 3331 1196 3401 μὴ
1231 3330 1412 3403 φείσῃ,
1439 3333 1515 3397 ὡς
1540 3332 1798 3401 σάλπιγγι

217 3416 439 3486 ὕψωσον
466 3416 566 3487 τὴν
599 3424 784 3490 φωνήν
826 3436 941 3484 σου,
972 3420 1066 3474 καὶ
1080 3420 1407 3491 Αάνάγγειλον
1438 3423 1516 3494 τῷ
1544 3423 1657 3495 λαῷ
1696 3442 1797 3496 μου

215 3508 283 3562 τὰ
315 3510 700 3581 ἁμαρτήματα
718 3510 919 3575 αὐτῶν,
952 3512 1046 3566 καὶ
1065 3511 1143 3582 τῷ
1175 3513 1309 3584 οῐκῳ
1339 3513 1534 3568 Ἰακὼό
1562 3514 1658 3578 τὰς
1686 3514 1803 3567 ἀνο-

219 3600 355 3672 μίας
382 3600 582 3655 αύτῶν.
619 3621 637 3653 ι
672 3603 798 3667 Τοῖς
824 3603 923 3674 μὲν
952 3599 1047 3659 οῦν
1076 3605 1485 3675 εύαγγελισταῖς
1509 3606 1602 3660 τοῦ
1628 3623 1803 3677 σωτη-

218 3694 342 3765 ρίου
372 3693 534 3762 λόγου
559 3693 649 3748 διά
672 3690 807 3749 τῶν
832 3692 1140 3768 ἔμπροσθεν
1183 3698 1428 3767 ὲλέγετο·
1467 3718 1485 3751 ι
1529 3700 1647 3753 Ἐπ’
1677 3699 1804 3770 ὅρος

216 3786 429 3858 ὑψηλὸν
476 3785 731 3858 ἀνάϐηθι,
788 3790 817 3841 ὁ
872 3789 1355 3861 εὐαγγελιζόμενος
1416 3792 1798 3864 Ἰερουσαλήμ·

218 3878 504 3948 ὑψώσατε,
544 3876 619 3949 μὴ
658 3878 908 3947 φοϐεῖσθε
931 3896 946 3909 ο
989 3900 1006 3931 ι
1041 3879 1272 3934 ἐνταῦθα
1306 3880 1363 3934 δὲ
1418 3881 1517 3935 οὐκ
1564 3883 1651 3937 ἐπ’
1679 3882 1806 3948 ὅρος

217 3970 432 4041 ὑψηλὸν
458 3968 768 4023 ἀναϐαίνειν
799 3972 827 4024 ὁ
847 3972 1132 4043 προφήτης
1162 3972 1444 4029 κελεύεται
1465 3991 1481 4007 ο
1527 3974 1648 4029 οὐδὲ
1696 3974 1806 4046 γάρ

216 4054 363 4130 ἦσαν
422 4059 480 4112 ὲν
528 4057 671 4127 ὕψει,
701 4055 781 4123 οἷς
812 4058 982 4113 ταῦτα
1037 4063 1365 4132 προεφώνει·
1411 4062 1473 4116 τὸ
1518 4062 1804 4133 διαὸοῆσαι

223 4154 389 4224 μόνον
418 4154 475 4204 ὲν
508 4151 653 4222 ἰσχύϊ
685 4153 778 4205 καὶ
816 4152 890 4224 μὴ
922 4148 1334 4221 φείσασθαι,οἰα
1360 4156 1440 4218 εἰς
1466 4148 1580 4208 ὦτα
1611 4154 1807 4222 κωφῶν

221 4244 492 4299 λαλοῦντα
518 4243 934 4315 προστάττεται,
959 4245 1054 4299 καὶ
1084 4244 1237 4313 δίκην
1270 4245 1566 4314 σάλπιγγος
1594 4245 1806 4315 ὑψῶσαι

219 4340 328 4409 τὴν
364 4337 573 4406 φωνήν.
624 4335 867 4404 Σάλπιγξ
902 4335 959 4390 δὲ
1002 4337 1237 4409 πολέμου
1290 4340 1554 4407 σημεῖονο
1603 4338 1685 4392 διὸ
1733 4339 1808 4401 ὼς

223 4428 366 4500 πρὸς
398 4427 656 4497 πολέμιον
685 4426 773 4479 τὸν
797 4425 966 4497 ἀσεϐῆ
992 4427 1085 4480 καὶ
1114 4427 1434 4498 ἁμαρτωλὸν
1456 4430 1522 4499 τῇ
1552 4427 1646 4498 βοῇ
1677 4427 1809 4497 χρή-

222 4518 424 4572 σασθαι
463 4516 695 4579 κελεύει,
728 4516 807 4581 ὡς
860 4518 925 4571 ἂν
974 4519 1270 4589 καθάψοιτο
1300 4519 1400 4589 τῆς
1450 4519 1559 4573 τῶν
1595 4518 1809 4571 ἀκουόν-
1842 4501 1883 4555 D

218 4627 335 4662 των
361 4609 617 4673 διανοίας,
652 4610 745 4663 καὶ
774 4608 1009 4681 τρώσειν
1060 4610 1227 4682 αὐτὴν
1260 4610 1336 4681 τῷ
1370 4610 1804 4680 πληκτικωτάτῳ

219 4701 392 4772 λόγῳ.

301 4834 319 4866 ι
363 4813 496 4883 Ἐμὲ
538 4812 750 4885 ἡμέραν
803 4812 861 4879 ἐξ
912 4812 1123 4883 ἡμέρας
1170 4811 1411 4882 ζητοῦσι,
1458 4813 1553 4866 καὶ¹
1597 4810 1800 4880 γνῶναί

225 4923 334 4976 μου
363 4906 464 4968 τὰς
490 4905 643 4968 ὁδοὺς
676 4903 1020 4975 ἐπιθυμοῦσι,
1066 4903 1141 4967 ὡς
1169 4903 1297 4967 λαὸς
1327 4903 1669 4974 δικαιοσύνην
1715 4920 1806 4955 πε-

222 4996 494 5068 ποιηκὼς,
521 4996 616 5051 καὶ
647 4997 828 5069 κρίσιν
855 4994 988 5049 Θεοῦ
1012 4995 1177 5050 αὐτοῦ
1215 4995 1288 5068 μὴ
1317 4995 1800 5062 ὲγκαταλελοιπώς.

223 5086 449 5140 Λίτοῦσί
499 5102 567 5156 με
613 5084 708 5139 νῦν
762 5086 941 5157 κρίσιν
989 5084 1226 5149 δικαίαν,
1265 5086 1360 5139 καὶ
1409 5082 1646 5154 ἐγγίζειν
1688 5083 1807 5155 Θεῷ

222 5177 581 5247 ἐπιθυμοῦσι.
626 5195 644 5229 ι
674 5178 769 5240 Εἰς
796 5176 1119 5249 κατάκρισιν
1168 5177 1296 5232 λαὸν
1337 5176 1501 5231 αὑτοῦ
1523 5175 1805 5246 ὀνομάζων

223 5270 321 5323 τὸν
358 5267 701 5339 ἁμαρτωλὸν,
734 5268 795 5321 ὃν
824 5267 934 5337 ἐγὼ
970 5268 1090 5339 μὲν,
1140 5268 1323 5340 φησὶν,
1358 5264 1804 5338 εἰσεποίησάμην,

226 5361 327 5414 καὶ
351 5359 411 5413 ὃν
436 5359 750 5430 κατηξίωσα
780 5352 905 5413 λαὸν
931 5361 1062 5430 ἐμὸν
1092 5358 1481 5432 χρηματίζεινο
1512 5359 1562 5412 οἰ
1584 5354 1641 5411 δὲ
1672 5357 1807 5428 ἐμά-

229 5468 431 5524 κρυνον
472 5452 697 5515 ἑαυτοὺς
726 5451 882 5521 ἐμοῦ,
917 5453 1037 5515 ταῖς
1062 5452 1270 5506 ἑαυτῶν
1304 5451 1510 5507 ἔκδοτοι
1538 5450 1811 5523 δεδομένοι

229 5542 473 5607 κακίαις.

310 5744 350 5773 ¹⁰
386 5744 779 5807 I‘salm.c1.,6.
863 5746 899 5775 “
951 5744 1108 5798 Hebr.
1163 5760 1257 5812 xu,
1289 5746 1342 5803 6.

1908 532 2111 594 mundi,
2140 531 2447 590 insuﬂlante
2475 537 2601 603 Deo,
2630 536 2802 593 factus
2819 550 2903 593 est
2944 543 3103 595 homo
3136 544 3188 596 in
3218 545 3454 601 animam

1904 637 2058 677 νινεη
2067 635 2191 680 tem.

1981 718 2141 775 Vens.
2240 720 2421 775 I7~2L
2499 723 2778 788 «Pi-npter
2843 740 3120 795 peccatum
3189 732 3461 799 paululum

1907 815 2221 868 contristavi
2252 832 2399 878 eum.
2426 826 2476 869 et
2502 820 2741 885 percussi
2774 835 2927 883 eum,
2977 832 3030 876 ct
3071 824 3240 878 averti
3269 824 3463 877 faciem

1907 919 2081 959 meam
2132 908 2199 961 ab
2249 923 2337 975 eo,
2392 918 2447 963 et
2498 914 2847 967 contristatns
2898 924 2999 981 est,
3057 927 3112 971 et
3173 896 3475 972 ambulavit

1910 1000 2080 1055 tristis
2115 1001 2166 1055 in
2198 1002 2300 1056 viis
2333 1003 2465 1057 suis.
2495 1003 2625 1060 Vias
2653 1005 2771 1077 ejus
2797 1008 2923 1075 vidi,
2977 1018 3031 1063 et
3078 1012 3258 1065 sanavi
3315 1025 3462 1075 eum,

1905 1100 1959 1147 et
1986 1095 2287 1150 consolatus
2314 1112 2431 1152 sum
2475 1112 2594 1151 eum
2623 1139 2638 1164 ,
2694 1109 2747 1154 et
2784 1101 2904 1154 dedi
2943 1102 2991 1157 ei
3042 1104 3463 1158 consolationem

1907 1200 2113 1253 veram,
2150 1204 2335 1257 pacem
2386 1206 2550 1259 super
2590 1206 2772 1259 pacem
2821 1194 2885 1249 iis
2930 1195 3019 1263 Qui
3057 1195 3209 1265 longe
3274 1204 3327 1248 et
3371 1195 3463 1263 qui

1906 1291 2073 1348 prope
2096 1290 2241 1335 sunt.
2302 1281 2367 1335 Et
2421 1284 2558 1338 dixit
2592 1283 2848 1340 Dominus
2879 1306 2894 1341 :
2933 1286 3149 1343 Sanabo
3201 1302 3294 1342 eos
3325 1303 3339 1338 :
3370 1287 3461 1356 qui

1905 1381 2085 1425 autem
2135 1374 2300 1443 iniqui
2352 1386 2478 1432 sunt
2535 1376 2890 1444 Ilttctuabunt,
2946 1390 2999 1435 et
3054 1396 3159 1435 non
3213 1388 3466 1449 poterunt

1904 1464 2205 1530 quiescere.
2239 1466 2352 1523 Non
2398 1477 2482 1525 est
2534 1473 2783 1541 gaudium
2826 1473 3023 1543 impiis,
3060 1473 3193 1527 dixit
3242 1474 3403 1528 Deus.
3440 1488 3461 1525 ι

1903 1552 2129 1612 Etiamsi
2159 1558 2227 1613 ad
2253 1559 2418 1617 breve
2450 1565 2713 1631 quoddam
2750 1575 2981 1635 tempus,
3015 1566 3086 1622 ob
3124 1566 3368 1636 qnzrdam
3400 1574 3467 1619 ex

1903 1645 2140 1707 humana
2204 1652 2518 1712 infirmitate
2576 1659 2816 1728 profecta
2868 1669 3131 1728 peccata,
3178 1666 3466 1729 peccantes

1903 1741 2121 1799 tristitia
2167 1744 2438 1803 aﬂ‘ecerim
2463 1759 2517 1804 et
2546 1754 2897 1820 percusserim
2922 1792 2935 1813 ,
2969 1753 3121 1821 quasi
3153 1762 3303 1819 pater
3331 1749 3469 1803 filios

2282 1856 2429 1906 nam,
2468 1861 2485 1894 ι
2510 1842 2676 1907 Quem
2705 1843 2876 1912 diligit
2911 1845 3185 1906 Dominus,
3216 1844 3463 1911 castigat;

1908 1930 2141 2005 ﬂagellat
2166 1942 2344 1987 autem
2375 1948 2589 1989 omnem
2627 1934 2791 1989 filium
2817 1985 2833 2012 ,
2852 1948 3011 2003 quem
3035 1934 3263 2008 suscipit
3288 1934 3347 2001 “;
3375 1954 3391 1985 ι
3413 1941 3468 1985 at

1907 2024 2032 2092 quia
2063 2024 2113 2079 in
2160 2026 2533 2096 castigationis
2580 2040 2714 2081 meae
2765 2042 2981 2081 sensum
3017 2027 3313 2090 venientes,
3367 2023 3464 2088 illi,

1907 2129 2026 2183 quae
2056 2118 2350 2172 secundum
2389 2118 2555 2172 Deum
2592 2128 2675 2172 est
2698 2158 2714 2182 ,
2750 2120 2983 2173 tristitiae
3029 2134 3124 2172 vos
3163 2117 3465 2178 dedidistis,

1907 2223 1971 2263 ac
2000 2210 2312 2275 poenitentia
2346 2211 2489 2264 ducti
2526 2226 2647 2264 cum
2677 2222 2909 2263 mo:rore
2948 2208 3303 2273 ambulastis;
3339 2207 3461 2260 ideo

1908 2303 2315 2357 conversionem
2342 2313 2392 2357 et
2418 2304 2791 2372 paenitentiam
2824 2312 3055 2356 vestram
3105 2300 3466 2369 conspicatus,

1910 2410 2119 2449 necnon
2147 2395 2443 2465 posteriora
2473 2404 2624 2465 gesta
2675 2402 2850 2448 vestra
2886 2432 2901 2457 ,
2939 2400 2993 2446 et
3025 2391 3137 2444 vias
3168 2391 3288 2443 vita:
3333 2403 3469 2457 quas

1908 2489 2129 2551 iniistis,
2182 2504 2274 2542 vos
2311 2487 2495 2541 sanavi
2524 2496 2577 2541 et
2607 2484 2916 2543 consolatus
2964 2497 3078 2536 sum
3117 2494 3243 2534 vera
3287 2481 3471 2548 utique

1909 2580 2325 2634 consolatione:
2367 2578 2567 2634 etenim
2651 2575 2830 2631 omnia
2887 2590 2915 2628 a
2983 2588 3068 2629 me
3123 2572 3471 2627 familiaribus

1905 2686 2159 2727 concessa
2196 2671 2331 2724 meis
2354 2684 2479 2724 vera
2501 2675 2647 2724 sunt.
2675 2667 3041 2733 Quamobrem
3094 2664 3192 2728 iis,
3241 2663 3331 2732 qui
3377 2677 3472 2730 per

1906 2763 2312 2832 castigationem
2380 2776 2554 2814 meam
2609 2760 2991 2829 resipuerunt,
3048 2756 3470 2811 consolationem

1906 2853 2026 2909 dedi
2055 2868 2238 2907 veram
2258 2861 2312 2907 et
2338 2860 2584 2922 pacatam
2610 2892 2625 2917 ,
2654 2865 2759 2906 non
2788 2860 2966 2905 autem
2985 2848 3256 2919 vulgarem
3283 2862 3474 2918 quam-

1905 2946 2028 2999 dam
2069 2954 2121 2996 et
2152 2944 2558 3012 temporariam,
2601 2943 2694 2999 sed
2729 2941 3248 2997 abundantissimam
3274 2958 3290 3007 ;
3316 2941 3386 2993 ita
3416 2950 3473 2993 ut

1905 3051 2106 3097 etcum
2137 3041 2380 3111 proxime
2410 3040 2620 3111 positis,
2654 3047 2708 3095 et
2739 3053 2859 3093 cum
2902 3034 3093 3106 procul
3126 3035 3352 3092 remotis
3384 3034 3475 3088 illa

1823 3158 1865 3219 Ὀ
1900 3134 2173 3191 fruantur.

2470 3225 2699 3283 CAPUT
2742 3227 2919 3286 LVIII.

1974 3317 2134 3376 Vens.
2180 3320 2230 3375 I.
2272 3338 2291 3372 ι
2319 3317 2501 3375 Clama
2533 3334 2654 3375 cum
2684 3317 3020 3381 fortitudine,
3051 3330 3227 3386 neque
3258 3328 3476 3385 parcas,

1902 3412 2055 3481 quasi
2093 3414 2218 3467 tuba
2249 3410 2436 3468 attolle
2462 3427 2648 3467 vocem
2674 3422 2845 3477 tuam,
2872 3420 2927 3466 et
2960 3409 3227 3464 annuntia
3274 3404 3491 3475 popnio,

1902 3521 2021 3563 meo
2060 3517 2282 3576 peccata
2330 3518 2541 3569 eorum,
2586 3513 2643 3559 et
2697 3503 2881 3559 domui
2939 3500 3106 3557 Iacob
3161 3499 3492 3569 iniquitates.

1901 3612 2148 3654 eorum.»
2180 3597 2438 3668 Superius
2468 3597 2683 3666 quidem
2732 3595 2985 3650 salutaris
3023 3594 3171 3649 verbi
3215 3591 3492 3663 praedicam

1904 3692 2112 3747 toribus
2134 3692 2447 3748 dicebatur:
2476 3709 2494 3741 ι
2523 3688 2699 3759 Super
2722 3697 2958 3743 montem
2987 3686 3257 3741 excelsum
3284 3698 3487 3737 ascen-.

1904 3785 1973 3841 de
2022 3785 2112 3855 qui
2159 3784 2497 3855 evangelizas
2535 3780 2838 3837 Jerusalem
2869 3799 2883 3835 :
2920 3778 3156 3834 exaltate
3204 3786 3255 3832 et
3310 3775 3474 3829 nolite

1908 3877 2146 3932 timere:
2183 3895 2201 3928 ι
2246 3876 2334 3931 hic
2376 3889 2510 3931 vero
2551 3890 2658 3929 non
2709 3888 2872 3942 supra
2929 3885 3164 3926 montem
3200 3868 3487 3924 excelsum

1908 3971 2203 4026 ascendere
2222 3968 2441 4037 jubetur
2472 3967 2734 4037 propheta
2766 3984 2780 4020 :
2818 3978 2993 4034 neque
3032 3962 3177 4017 enim
3211 3961 3264 4015 in
3308 3972 3472 4013 cacu-

1910 4064 2054 4120 mine
2075 4062 2234 4133 positi
2258 4070 2415 4115 erant
2436 4060 2493 4125 ii,
2524 4058 2721 4128 quibus
2761 4058 2877 4112 haec
2916 4053 3345 4125 prtenuntiabat:
3377 4050 3485 4105 sed!

1908 4166 2115 4211 tantum
2144 4165 2201 4208 ut
2241 4168 2363 4208 cum
2393 4151 2713 4205 fortitudine
2742 4148 2973 4213 clamet,
3009 4155 3064 4202 et
3115 4161 3181 4200 ne
3236 4151 3469 4213 parcat,

1908 4256 2094 4317 utpote
2122 4246 2214 4316 qui
2248 4244 2315 4299 ad
2340 4258 2500 4298 aures
2526 4242 2812 4297 surdorum
2838 4241 3106 4310 loquatur,
3140 4236 3471 4306 pnecipitur,

1909 4348 1961 4395 et
1988 4349 2043 4393 ut
2072 4338 2246 4392 instar
2283 4336 2421 4390 tubae
2439 4334 2662 4390 extollat
2687 4348 2893 4389 vocem.
2920 4331 3068 4386 Tuba
3092 4346 3218 4385 vero
3240 4327 3481 4382 militare

1909 4431 2116 4499 signum
2173 4439 2259 4485 est
2289 4444 2492 4497 :quare
2545 4427 2805 4482 adversus
2840 4425 3065 4494 impium
3114 4432 3168 4477 et
3218 4429 3472 4491 peccato-

1914 4537 2045 4584 rem,
2079 4530 2138 4576 ut
2161 4530 2349 4577 contra
2379 4519 2677 4586 inimicum,
2709 4518 2949 4572 clamore
2974 4515 3051 4569 nti
3081 4513 3254 4582 jubet,
3282 4511 3372 4581 qui
3406 4510 3473 4563 ad

1911 4613 2219 4668 auditorum
2264 4621 2498 4667 mentem
2542 4612 2834 4684 pertingat,
2887 4608 3171 4678 ipsamque
3229 4605 3279 4659 vi
3327 4605 3474 4659 vocis

1909 4706 2065 4760 feriat
2091 4715 2145 4762 et
2171 4706 2431 4760 vulneret.

1979 4800 2142 4856 Vens.
2189 4799 2244 4852 2.
2302 4816 2322 4850 ι
2351 4798 2436 4853 Me
2467 4801 2535 4853 de
2557 4798 2644 4854 die
2671 4799 2726 4852 in
2751 4797 2890 4852 diem
2935 4804 3217 4864 quaerunt,
3249 4802 3304 4847 et
3334 4792 3475 4846 scire

1907 4891 2023 4945 vias
2049 4906 2200 4947 meas
2225 4890 2469 4961 cupiunt,
2511 4901 2764 4960 tanquam
2804 4888 3054 4958 populus,
3086 4887 3176 4955 qui
3204 4884 3469 4955 justitiam

1910 4982 2129 5048 fecerit,
2149 4990 2205 5038 et
2225 4981 2487 5050 judicium
2517 4983 2607 5037 Dei
2635 4983 2715 5037 sui
2744 4997 2848 5036 non
2888 4977 3257 5049 dereliquerit.
3282 4977 3473 5030 Petunt

1908 5093 1938 5131 a
1969 5091 2057 5131 me
2086 5092 2229 5131 nunc
2255 5076 2511 5147 iudicium
2535 5075 2763 5145 justum,
2811 5084 2863 5129 et
2896 5074 3329 5143 apprOpinquare
3366 5067 3472 5120 De)

1906 5168 2152 5237 cupiunt.
2186 5188 2206 5221 ι
2263 5167 2525 5239 Populum
2566 5184 2723 5224 suum
2767 5169 2835 5222 ad
2873 5167 3042 5234 ipsius
3068 5161 3473 5219 condemnatio-

1907 5276 2030 5315 nem
2100 5272 2437 5331 peccatorem
2495 5268 3003 5328 nuncupatzquem
3055 5270 3198 5326 ego,
3257 5252 3420 5322 inquit
3454 5291 3469 5315 ,

1906 5369 2083 5410 meum
2107 5355 2351 5425 ascripsi,
2380 5364 2435 5410 et
2470 5370 2632 5424 quem
2674 5352 2925 5423 populum
2948 5365 3140 5405 vorare
3167 5361 3342 5400 meum
3364 5360 3469 5397 nun

1907 5444 2226 5517 dedignatus
2254 5462 2375 5503 sum
2410 5463 2425 5501 :
2458 5447 2534 5502 illi
2566 5461 2697 5502 vero
2728 5444 2945 5501 malitia:
2971 5458 3083 5498 suae
3118 5440 3320 5507 dediti,
3353 5452 3481 5498 sr3e

1908 5557 1937 5595 a
1970 5555 2053 5598 me
2075 5541 2263 5613 procul
2304 5549 2667 5598 removerunt.
