3968 6516
558 407 657 463 ι’ῑι)

1230 406 1498 464 EUSEBII
1537 410 2011 472 CESARIENSIS
2049 418 2194 476 OPP.
2238 419 2414 478 PARS
2453 421 2538 477 ΙΙΙ.
2579 456 2645 465 -—
2683 424 3094 482 EXEGETICA.

3689 440 3791 495 480

627 524 787 580 Vens.
820 525 871 577 3.
913 544 936 578 ι
964 526 1245 583 Dicentes:
1280 530 1456 596 Quare
1480 533 1881 603 jejunavimus,
1930 549 1983 594 et
2013 556 2092 595 ηοι

2296 562 2315 594 ι
2350 545 2630 613 Λέγοντες·
2666 549 2730 600 Τί
2772 549 2853 601 ὅτι
2898 549 3318 622 ὲνηστεύσαμεν,
3360 554 3453 607 καὶ
3485 555 3585 611 οὐκ
3618 553 3791 625 εἷδες;

555 618 771 669 vidisti?
796 617 1197 674 lnuuiliavimus
1227 624 1432 678 animas
1456 635 1687 694 nostras,
1712 640 1764 684 et
1794 648 1898 686 non
1923 648 2121 701 Cogno-

552 710 714 764 visti?
745 729 763 760 ι
799 709 935 775 Quia
979 711 1103 765 talia
1140 713 1479 782 impudenter
1504 718 1653 773 eﬂ'ari
1689 726 1908 789 audent,
1931 742 2118 795 magna

553 811 629 865 tu,
657 802 725 854 mi
752 802 1033 870 propheta,
1063 819 1193 859 voce
1224 815 1397 871 utens,
1426 813 1692 876 responde
1719 815 1847 879 illis,
1882 828 1935 871 et
1962 833 2119 872 coar-

549 910 650 961 gue
705 908 819 958 eos,
856 897 998 965 quod
1048 896 1308 965 judicium
1367 918 1542 957 meum
1599 906 2012 977 dereliqueriut,
2064 921 2118 965 et

547 986 692 1052 quod
725 988 903 1042 omnia
958 1005 1078 1058 quae
1121 992 1425 1060 proferunt,
1478 1012 1584 1051 non
1647 1000 1861 1056 sincere
1909 1002 2114 1058 dicant.

553 1096 570 1127 ι
603 1078 655 1130 lu
701 1079 889 1136 diebus
916 1084 1063 1137 enim
1098 1084 1431 1155 jejuniorum
1490 1097 1793 1145 vestrorum
1859 1094 2116 1151 invenitis

546 1171 854 1229 voluntates
890 1160 1120 1243 vestras,
1168 1190 1223 1233 et
1256 1196 1445 1235 omnes
1471 1182 1710 1239 subditos
1742 1196 1955 1243 vestros
1982 1186 2115 1242 ami-

546 1263 735 1328 gitis.)
784 1266 841 1320 Si
884 1282 1015 1338 ergo
1066 1270 1132 1326 de
1184 1273 1272 1327 tali
1319 1274 1526 1343 jejunio
1574 1275 1896 1346 gloriantur,
1961 1279 2115 1350 longe

545 1359 905 1423 praestabilius
939 1362 1070 1431 ipsis
1104 1375 1240 1432 erat,
1275 1378 1332 1420 ut
1359 1367 1531 1436 epulis
1575 1380 1834 1424 vacarent
1861 1412 1877 1435 ,
1923 1382 1978 1427 et
2028 1384 2112 1427 res

542 1448 850 1517 hujusmodi
912 1470 1015 1509 non
1065 1458 1501 1525 aggrederentur.
1558 1459 1894 1530 Quapropter
1958 1463 2111 1516 initio

542 1543 834 1610 prophetiae
857 1547 1060 1601 dictum
1086 1558 1170 1604 est
1200 1549 1304 1604 illis
1334 1569 1347 1605 :
1376 1570 1396 1604 ι
1430 1546 1701 1621 Jejnnium
1755 1562 1810 1607 et
1850 1555 2111 1608 cessatio-

541 1647 663 1685 nem
691 1644 745 1687 et
765 1635 1134 1694 solemuitates
1170 1651 1380 1696 vestras
1406 1645 1519 1697 odit
1540 1645 1719 1698 anima
1758 1662 1895 1702 mea.
1924 1666 1941 1699 ι
1975 1646 2107 1701 Nam

532 1721 720 1789 jejuuii
752 1726 940 1793 otium,
972 1744 1077 1783 non
1105 1732 1156 1784 in
1192 1734 1524 1800 paenitentia:
1564 1737 1908 1793 occasionem
1940 1741 2106 1794 verti-

542 1815 609 1869 tis
634 1855 649 1877 ,
681 1818 775 1871 sed
810 1818 901 1873 illo
933 1822 1001 1875 ad
1028 1824 1208 1880 debita
1238 1828 1503 1898 exigenda
1552 1840 1607 1885 et
1661 1832 1951 1901 repetenda
2001 1834 2108 1887 uti-

606 2001 766 2057 Vens.
827 2005 879 2059 4.
930 2009 1032 2063 «Si
1072 2011 1139 2064 ad
1187 2011 1309 2067 lites
1361 2025 1415 2068 et
1453 2030 1660 2087 pugnas
1705 2018 1996 2088 jejunatis,
2051 2028 2106 2075 et

530 2097 722 2162 pugnis
754 2100 1037 2166 percutitis
1067 2103 1341 2171 humilem,
1365 2109 1429 2162 ad
1461 2110 1589 2178 quid
1624 2111 1753 2165 mihi
1775 2112 2095 2178 jejuuatish

536 2183 757 2243 Videtur
785 2190 901 2257 ipso
927 2207 1143 2263 quoque
1182 2199 1479 2267 prophetia:
1530 2212 1770 2271 tempore
1813 2204 1915 2257 tale
1947 2205 2103 2273 quid-

532 2278 678 2346 piam
741 2281 942 2339 factum
990 2302 1157 2344 esse:
1191 2291 1243 2345 id
1295 2294 1493 2364 quippe
1534 2312 1713 2352 sermo
1761 2298 2097 2353 subindicat:

537 2387 557 2420 ¢
591 2369 657 2424 Ut
686 2372 845 2431 hodie
886 2380 1137 2434 audiatur
1167 2382 1218 2437 in
1248 2383 1484 2442 clamore
1520 2403 1619 2443 vox
1648 2402 1849 2444 vestra.
1886 2409 1905 2442 ι

605 2463 764 2521 Vsus.
822 2468 875 2523 5.
930 2470 1088 2527 «Non
1146 2490 1246 2545 ego
1300 2478 1566 2547 jejunium
1635 2483 1778 2537 istud
1830 2486 1991 2555 elegi,
2049 2498 2103 2543 et

524 2553 689 2619 diem,
730 2566 786 2611 ut
840 2560 1089 2618 humiliet
1133 2568 1293 2623 homo
1339 2573 1576 2627 animam
1641 2590 1820 2631 suam.
1880 2579 1995 2634 Non
2055 2581 2098 2636 si

524 2644 896 2706 incnrvaveri’s
933 2657 1087 2723 quasi
1121 2661 1385 2716 circulum
1419 2666 1614 2720 collum
1665 2677 1840 2737 tuum,
1889 2681 1946 2725 et
1991 2672 2102 2726 cili-

520 2737 667 2792 cium
702 2748 756 2795 et
794 2743 1033 2801 cinerem
1061 2750 1423 2810 Substraveris
1455 2775 1468 2809 :
1503 2773 1680 2828 neque
1721 2761 1801 2816 sic
1834 2764 2099 2821 vocabitis

514 2828 779 2899 jejunium
832 2840 1186 2908 acceptabile.
1214 2864 1241 2919 ~r
1290 2846 1443 2912 Quod
1483 2850 1527 2903 si
1553 2851 1676 2920 quis
1703 2852 1833 2906 velit
1867 2856 2084 2909 modum

517 2925 633 3017 veri
668 2926 906 2997 mihique
940 2934 1154 3000 probati
1202 2937 1395 3007 jejunii
1444 2943 1711 3009 ediscere,
1760 2946 1876 3001 haec
1935 2959 2093 3017 agat:

514 3014 598 3069 Ad
626 3017 863 3074 laetitiam
896 3025 1100 3081 vultum
1136 3043 1448 3101 componat,
1482 3044 1536 3089 et
1566 3037 1686 3091 oleo
1729 3050 1889 3106 caput
1939 3014 2096 3094 inun-

517 3121 650 3176 gens
673 3115 973 3168 secundum
1009 3118 1248 3176 salutare
1284 3136 1633 3196 praeceptum,
1659 3128 1922 3197 jejunium
1956 3132 2091 3187 clam

2225 637 2669 709 ἐταπεινὼσαμεν
2720 641 2819 705 τὰς
2857 642 3032 712 ψυχὰς
3066 644 3239 714 ἡμῶν,
3268 645 3362 699 καὶ
3399 648 3496 701 οὐκ
3532 649 3733 719 ἕγνως;
3767 670 3788 705 ι

2236 729 2453 802 Ἐπειδὴ
2503 734 2722 786 τοιαῦτα
2777 734 2951 804 λέγειν
2994 737 3222 802 ἀναιδῶς
3272 740 3532 811 τολμῶσι,
3579 746 3792 818 μεγάλῃ

2224 820 2319 892 βοῇ
2343 824 2683 893 χρησάμενος
2700 827 2762 879 σὺ
2781 827 2808 877 ὁ
2821 827 2949 897 ἐμὸς
2964 831 3265 900 προφήτης,
3281 833 3569 904 ἀπόκριναι
3584 837 3792 905 αὐτοῖς,

2221 914 2313 965 καὶ
2339 914 2628 985 ἀπέλεγχε,
2661 919 2806 980 ὅπως
2835 918 2972 990 ἐμὴν
3014 920 3191 991 κρίσιν
3223 923 3662 992 καταλελοίπασι,
3697 930 3793 982 καὶ

2219 1005 2377 1058 πάνθ’
2426 1008 2526 1061 ὅσα
2579 1012 2894 1079 φάσκουσιν,
2942 1013 3041 1066 οὐκ
3090 1014 3303 1086 ἀληθῶς
3335 1016 3787 1073 διαϐεϐαιοῦνται.

2225 1113 2243 1146 ι
2285 1097 2371 1148 Ἐν
2410 1098 2518 1169 γὰρ
2558 1103 2675 1165 ταῖς
2707 1102 2940 1173 ἡμέραις
2991 1103 3098 1156 τῶν
3140 1106 3399 1175 νηστειῶν
3441 1108 3593 1179 ὑμῶν
3643 1111 3790 1184 εὑρί-

2223 1204 2380 1241 σκετε
2410 1190 2477 1243 τά
2514 1190 2793 1262 θελήματα
2826 1194 3001 1264 ⁹ὒμῶν,
3032 1197 3125 1249 καὶ
3155 1198 3362 1262 πάντας
3405 1202 3529 1264 τοὺς
3565 1202 3787 1274 ὑποχει-

2223 1279 2366 1349 ρίους
2394 1280 2546 1350 ὑμῶν
2571 1282 2920 1338 ύπονύσσετε.
2948 1306 2967 1336 ι
2996 1288 3058 1340 Εἰ
3078 1289 3255 1341 τοίνυν
3284 1290 3377 1342 ἐπὶ
3420 1291 3645 1365 τοιαύτῃ
3698 1310 3789 1347 σε-

2220 1372 2507 1441 μνύνονται
2541 1376 2783 1448 νηστείᾳ,
2824 1379 2957 1432 πολὺ
2993 1383 3237 1450 κρεῖττον
3269 1378 3337 1453 ἧν
3383 1385 3564 1448 αὐτοῖς
3610 1391 3785 1457 τροφῇ

2219 1462 2518 1532 σχολάζειν,
2555 1467 2648 1519 καὶ
2682 1468 2755 1541 μὴ
2782 1469 3001 1523 τοιαῦτα
3052 1473 3272 1543 τολμᾷν.
3318 1475 3416 1528 Διά
3450 1475 3624 1530 ταῦτα
3654 1478 3786 1546 γοῦν

2213 1557 2334 1609 κατ’
2368 1558 2543 1629 ἀρχῆς
2589 1559 2687 1629 τῆς
2743 1563 3077 1634 προφητείας
3115 1566 3251 1636 πρὸς
3310 1568 3506 1631 αὐτοὺς
3536 1569 3782 1639 ἐλέγετο·

2217 1667 2235 1699 ι
2272 1650 2544 1718 Νηστείαν
2578 1652 2671 1706 καὶ
2710 1653 2927 1722 ἀργίαν,
2969 1657 3062 1709 καὶ
3087 1657 3187 1721 τάς
3221 1658 3412 1729 ἑορτάς
3442 1660 3595 1730 ὑμῶν
3643 1666 3789 1731 μισεῖ

2210 1743 2242 1809 ἡ
2272 1741 2417 1812 ψυχή
2454 1760 2576 1812 μου.
2622 1763 2640 1795 ι
2689 1745 2799 1816 Τὴν
2847 1746 2955 1818 γὰρ
3000 1746 3099 1816 τῆς
3148 1749 3398 1816 νηστείας
3447 1750 3641 1820 σχολὴν
3687 1753 3786 1805 ούκ

2215 1831 2467 1902 ἀφορμὴν
2502 1834 2741 1888 ποιεῖσθε
2781 1837 3137 1907 μεταμελείας
3158 1855 3171 1867 ·
3204 1826 3341 1892 ἀλλά
3355 1839 3557 1911 ταύτην
3582 1846 3664 1906 είς
3690 1843 3789 1916 τὴν
3849 1869 3854 1873 π

2192 1924 2326 1976 ’τῶν
2362 1926 2684 1994 ὀφειλόντων
2719 1929 3001 2000 εἴσπραξιν
3028 1930 3367 1987 ἀναλίσκετε.

2292 2035 2309 2067 ι
2340 2017 2400 2070 Ei
2430 2018 2508 2080 είς
2541 2020 2750 2089 κρίσεις
2781 2021 2873 2073 καὶ
2896 2021 3073 2092 μάχας
3101 2024 3408 2094 νηστεύετε,
3434 2027 3527 2079 καὶ
3554 2027 3788 2085 τύπτετε

2208 2112 2452 2177 πυγμαῖς
2494 2111 2769 2173 ταπεινὸν,
2826 2113 2909 2165 ἵνα
2946 2114 2999 2167 τί
3050 2133 3140 2185 μοι
3175 2119 3497 2187 νηστεύετες
3541 2142 3560 2173 ι
3597 2124 3784 2180 Ἔοικε

2207 2204 2299 2256 καὶ
2329 2206 2449 2257 κατ’
2490 2204 2652 2257 αὑτὸν
2691 2206 2781 2260 τὸν
2826 2206 2926 2277 τῆς
2962 2212 3295 2280 προφητείας
3334 2213 3526 2283 καιρὸν
3574 2217 3786 2273 τοιοῦτό

2204 2313 2255 2347 τι
2289 2296 2648 2366 γεγενῆσθαι·
2690 2297 2848 2351 τοῦτο
2878 2299 2986 2371 γὰρ
3016 2302 3363 2357 αἰνίττεταιὸ
3398 2305 3555 2373 λόγος
3576 2325 3590 2337 ·
3635 2328 3653 2359 ι
3696 2309 3787 2374 Ὦς

2207 2385 2443 2456 σήμερον
2483 2386 2815 2457 ἀκουσθῆναι
2835 2391 2892 2442 ὲν
2921 2394 3135 2463 κραυγῇ
3166 2393 3263 2464 τὴν
3297 2394 3676 2468 φωνὴνηὺμῶν.

2281 2496 2297 2527 ι
2328 2479 2401 2530 Ού
2434 2478 2638 2550 ταύτην
2661 2482 2757 2551 τὴν
2780 2484 3032 2551 νηστείαν
3065 2484 3414 2557 ἐξελεξάμην,
3446 2488 3540 2541 καὶ
3568 2489 3785 2561 ἡμέραν

2201 2570 2489 2623 ταπεινοῦν
2523 2572 2808 2643 ἄνθρωπον
2840 2574 2937 2645 τὴν
2965 2575 3141 2647 ψυχὴν
3170 2578 3355 2632 αὐτοῦ.
3388 2579 3508 2633 Οὐδ’
3544 2581 3611 2634 ἂν
3635 2582 3779 2653 κάμ-

2200 2659 2308 2732 ψῃς
2356 2661 2431 2725 ὡς
2463 2662 2651 2734 κρίκον
2683 2665 2776 2717 τὸν
2808 2666 3075 2738 τράχηλόν
3116 2686 3231 2733 σου,
3289 2672 3383 2724 καὶ
3423 2673 3625 2727 σάκκον
3687 2678 3781 2730 καὶ

2202 2755 2394 2808 σπόδον
2452 2757 2801 2829 ὑποστρώση.
2858 2760 2965 2813 οὐδ’
3011 2760 3155 2816 οὕτω
3202 2763 3462 2819 καλέσετε
3523 2768 3777 2837 νηστείαν

2197 2848 2410 2919 δεκτήν.
2457 2868 2474 2901 ι
2527 2850 2589 2902 Εί
2640 2850 2696 2903 δὲ
2738 2851 2803 2923 δὴ
2834 2852 3005 2907 ἐθέλοι
3059 2871 3143 2917 τις
3179 2856 3378 2927 τρόπον
3415 2858 3651 2929 ἀληθοῦς
3682 2862 3778 2913 καὶ

2197 2937 2321 3006 ἐμοὶ
2359 2939 2435 3009 τῷ
2480 2939 2598 3011 θεῷ
2645 2942 2885 3013 ἀρεστῆς
2914 2946 3167 3016 νηστείας
3190 2946 3552 3013 διδάσκεσθαι,
3604 2951 3777 3005 ταῦτα

2197 3034 2515 3102 πραττέτω·
2556 3034 2783 3106 Φαιδρὸν
2836 3036 2896 3088 τὸ
2949 3037 3244 3125 πρόσωποξ
3277 3043 3648 3111 καταστήσας,
3682 3046 3775 3098 καὶ

2194 3127 2291 3197 τὴν
2323 3128 2560 3200 κεφαλὴν
2613 3128 2838 3198 ἀλείψας
2872 3128 3035 3201 ἐλαίῳ
3061 3130 3202 3184 κατά
3243 3130 3341 3203 τὴν
3375 3136 3638 3205 σωτήριον
3672 3154 3775 3189 πα-

516 3200 788 3268 observet,
819 3215 874 3260 et
900 3208 998 3262 soli
1028 3209 1172 3266 Patri
1216 3216 1427 3272 occulta
1475 3220 1678 3275 videnti
1734 3222 2090 3280 humilitatem

2208 3220 2535 3293 ρακέλευσιν,
2567 3222 2665 3291 τὴν
2697 3223 2794 3292 μὲν
2820 3200 3073 3293 νηστείαν
3107 3225 3164 3277 ὲν
3196 3223 3274 3296 τῷ
3299 3200 3535 3297 κρυπτῷ.
3568 3226 3770 3295 φυλατ-

516 3292 708 3348 anima:
730 3292 977 3354 ostendat
1011 3320 1025 3356 :
1056 3304 1108 3357 in
1148 3306 1363 3374 publico
1392 3319 1576 3366 autem
1609 3315 1886 3383 operibus,
1922 3318 2091 3387 pieta-

2208 3310 2353 3374 ιέτω,
2386 3312 2479 3364 καὶ
2506 3310 2583 3382 τῷ
2633 3314 2807 3385 Πατρὶ
2838 3292 2916 3384 τῷ
2970 3313 3218 3384 βλέποντι
3246 3292 3318 3370 τὰ
3345 3292 3593 3388 *κρυπτὰ*
3627 3319 3769 3390 μόνῳ

516 3385 585 3437 tis
645 3386 852 3445 fructus
900 3394 1207 3453 videntibus
1255 3403 1511 3459 omnibus
1575 3407 1874 3475 exhibeat,
1924 3385 2088 3467 omne

2208 3402 2291 3473 τὴν
2316 3404 2643 3457 ταπείνωσιν
2676 3406 2775 3474 τῆς
2797 3404 2975 3476 ψυχῆς
3011 3406 3272 3462 δεικνύτω
3296 3426 3310 3439 ·
3349 3385 3429 3473 εἰς
3472 3410 3531 3464 δὲ
3568 3385 3639 3464 τὸ⁷
3667 3385 3771 3479 ipa:-

514 3480 790 3537 vinculum
821 3485 1124 3557 iniquitatis
1148 3492 1425 3552 solvendo.
1452 3497 1632 3564 Quare
1660 3501 1736 3555 ait
1769 3517 1783 3553 :

2208 3497 2351 3568 θερὸν
2378 3496 2445 3548 δι’
2471 3496 2646 3566 ἔργων
2674 3497 2801 3561 τοὺς
2830 3499 3076 3567 καρποὺς
3100 3500 3199 3571 τῆς
3230 3499 3371 3553 κατά
3409 3500 3584 3571 ψυχὴν
3613 3502 3769 3555 εὐλα-

514 3569 671 3635 δείας
697 3580 808 3640 τοῖς
834 3581 1000 3632 πᾶσιν
1033 3582 1199 3653 ὁρῶσι
1226 3588 1527 3660 παρεχέτω,
1567 3590 1653 3644 διὰ
1673 3593 1766 3646 τοῦ
1799 3594 1945 3650 λύειν
1975 3596 2157 3650 πάντα
2179 3591 2473 3660 σύνδεσμον
2497 3590 2730 3652 ἀδικίας.
2762 3590 2854 3642 Διό
2881 3607 3044 3661 φησιν
3062 3608 3076 3621 ·

588 3662 747 3717 Vens.
784 3666 836 3720 6.
874 3686 893 3717 ι
922 3668 1037 3723 Νοιι
1084 3672 1187 3727 tale
1227 3674 1489 3743 judicium
1522 3679 1681 3750 elegi,
1718 3683 1849 3738 dicit
1898 3686 2082 3741 Domi-

2280 3700 2299 3732 ι
2328 3680 2465 3750 Οὐχὶ
2505 3679 2758 3749 τοιαύτην
2797 3679 3051 3751 νηστείαν
3082 3680 3428 3753 ἐξελεξάμην,
3475 3681 3621 3750 λέγει
3655 3684 3767 3735 Κύ⁴

510 3769 614 3807 nus
652 3774 666 3810 :
702 3758 793 3810 sed
819 3760 967 3814 solve
994 3777 1206 3819 omnem
1236 3783 1431 3823 nexum
1465 3771 1804 3842 iniquitatis;
1850 3776 2085 3835 dissolve

2208 3790 2346 3843 οιος·
2382 3772 2517 3826 ἀλλά
2567 3771 2660 3823 λύε
2711 3771 2888 3827 πάντα
2954 3771 3251 3843 σύνδεσμον
3301 3773 3542 3837 ἀδικίας·
3584 3774 3767 3827 διάλυε

508 3845 866 3915 obligationes
893 3854 1253 3913 violentarum
1278 3863 1621 3930 cautionum;
1649 3865 1859 3924 dimitte
1881 3869 2083 3928 fractos

2208 3863 2558 3935 ττραγγαλιάς
2583 3863 2769 3935 βιαίων
2816 3862 3276 3934 συναλλαγμάτων
3299 3880 3312 3894 ·
3350 3863 3647 3917 ἀπόστελλε
3673 3883 3760 3917 τε-

507 3936 563 3991 in
612 3942 1012 4012 remissionem;
1061 3957 1116 4004 et
1157 3966 1371 4007 omnem
1428 3960 1792 4028 syngrapham
1840 3962 2077 4032 iniquam

506 4034 707 4099 lacera,
733 4054 752 4087 ι
799 4037 999 4092 dictum
1028 4040 1159 4097 illud
1188 4043 1494 4104 Servatoris
1540 4066 1705 4121 opere
1733 4055 2073 4123 (perliciens:

511 4144 529 4176 ι
562 4126 618 4179 Si
650 4126 812 4183 offers
842 4146 1036 4188 munus
1065 4143 1210 4189 tuum
1237 4139 1304 4192 ad
1326 4139 1523 4205 altare,
1578 4153 1633 4197 et
1662 4144 1735 4199 ibi
1762 4148 2078 4205 recordatus

506 4216 693 4283 fueris,
728 4224 850 4292 quia
881 4224 1051 4281 frater
1082 4237 1204 4285 tuus
1239 4231 1404 4287 habet
1444 4234 1646 4305 aliquid
1673 4238 1961 4295 adversum
1993 4248 2072 4307 te;

505 4313 749 4382 relinque
774 4316 842 4370 ibi
874 4334 1069 4375 munus
1109 4331 1293 4389 tuum,
1340 4335 1394 4379 et
1432 4330 1568 4380 vade
1603 4328 1776 4397 prius,
1828 4332 2069 4388 reconciv

501 4402 637 4458 liare
701 4408 853 4462 fratri
908 4422 999 4467 tuo
1042 4431 1056 4467 :
1109 4424 1165 4468 et
1230 4425 1360 4471 tunc
1410 4418 1640 4472 veniens
1694 4420 1828 4476 oil‘er
1880 4438 2076 4480 munus

502 4505 651 4548 tuum
684 4499 748 4554 ¹¹.
780 4520 799 4553 ι

571 4586 739 4644 Vsus.
792 4594 845 4648 7.
907 4595 1168 4668 «Frange
1216 4601 1482 4657 esurienti
1535 4617 1728 4671 panem
1787 4612 1971 4673 tuum,
2020 4618 2076 4665 et

496 4694 764 4750 pauperes
797 4693 943 4741 tecto
976 4701 1223 4746 carentes
1257 4692 1420 4747 induc
1452 4695 1503 4748 in
1546 4696 1762 4751 domum
1792 4706 1960 4755 tuam.
2019 4699 2073 4756 Si

496 4774 698 4828 videris
730 4779 951 4844 nudum,
988 4791 1127 4850 tege,
1158 4795 1212 4839 et
1249 4786 1580 4843 domesticos
1606 4789 1832 4847 seminis
1876 4793 1951 4847 tui
2007 4809 2074 4849 ne

493 4865 829 4935 despexeris.
863 4891 882 4924 υ
920 4872 1037 4928 Non
1079 4876 1222 4930 enim
1246 4879 1443 4933 desunt
1497 4884 1640 4950 apud
1683 4882 1930 4940 homines
1979 4886 2070 4955 qui

491 4957 610 5011 cibo
644 4970 841 5025 egeant
877 4986 889 5017 ;
924 4973 1087 5034 atque
1134 4967 1213 5022 sic
1242 4967 1336 5022 tibi
1394 4972 1720 5027 abstinentia
1766 4991 1870 5029 non
1920 4976 2069 5031 lucro

489 5050 594 5103 erit
629 5070 642 5103 :
674 5054 771 5108 sed
812 5054 916 5111 alio
954 5059 1112 5112 modo
1137 5061 1371 5116 animam
1417 5074 1559 5118 tuam
1588 5067 1731 5133 ales,
1768 5083 1889 5122 cum
1928 5082 2070 5137 pane

494 5148 580 5194 tuo
612 5143 852 5213 indigum
893 5157 947 5201 et
994 5149 1102 5203 cibi
1139 5154 1365 5219 penuria
1398 5153 1732 5211 laborantem
1774 5159 2067 5214 recreabis.

563 5324 725 5381 Vens.
759 5329 812 5393 8,
856 5329 908 5384 9.
964 5349 982 5382 ι
1012 5330 1163 5386 Tunc
1222 5342 1471 5403 erumpet
1513 5332 1838 5388 matutinum
1888 5334 2067 5390 lumen

488 5423 670 5483 tuum,
698 5429 752 5473 et
781 5424 1099 5479 sanationes
1141 5435 1245 5479 tua:
1292 5426 1401 5480 cito
1440 5426 1688 5481 orientur
1725 5440 1741 5479 :
1776 5435 1831 5480 et
1860 5427 2070 5496 prmibit

487 5518 617 5558 ante
661 5516 712 5561 te
741 5509 954 5578 justitia
985 5523 1097 5580 tua,
1146 5524 1203 5570 et
1235 5515 1406 5585 gloria
1461 5514 1557 5571 Dei
1590 5516 1951 5572 circumdabit
1995 5528 2062 5574 te.

489 5593 641 5649 Tunc
696 5599 973 5667 clamabis,
1018 5613 1074 5660 et
1127 5604 1267 5661 Deus
1314 5608 1570 5666 exaudiet
1629 5619 1683 5666 te
1725 5627 1737 5663 :
1777 5610 1950 5668 adhuc
2015 5618 2069 5666 te

490 5684 750 5757 loquente
784 5692 947 5757 dicet,
982 5694 1123 5752 Ecce
1158 5698 1368 5755 adsum.
1397 5719 1415 5752 ι

572 5824 613 5856 ⁸³
646 5824 840 5883 Matth.
882 5844 936 5897 v,
967 5829 1038 5885 ‘23

2189 3954 2556 4025 θραυσμένους
2592 3956 2649 4007 ὲν
2675 3954 2899 4023 ἀφέσει·
2946 3954 3039 4007 καὶ
3085 3955 3264 4008 πᾶσαν
3297 3957 3617 4027 συγγραφὴν
3655 3956 3766 4010 ἄδι·

2187 4064 2282 4100 κον
2302 4047 2533 4100 διάσπα·
2566 4065 2586 4098 ι
2613 4046 2746 4101 αὐτὸ
2767 4046 2832 4118 δὴ
2862 4045 2924 4099 τὸ
2944 4046 3264 4117 λελεγμένον
3307 4048 3410 4100 ὑπὸ
3440 4047 3534 4100 τοῦ
3585 4050 3766 4121 Σωτῆ-

2191 4155 2282 4208 ρος
2333 4138 2479 4209 ἐργῳ
2513 4138 2756 4210 πληρῶν,
2798 4139 2882 4191 τό·
2923 4158 2941 4189 ι
2976 4139 3099 4193 Ἑάν
3142 4140 3457 4214 προσφέρῃς
3485 4142 3547 4195 τὸ
3588 4141 3760 4213 δῶρόν

2187 4248 2302 4293 σου,
2332 4231 2491 4284 κάκεῖ
2516 4230 2777 4302 μνησθῇς,
2813 4232 2895 4283 ὅτι
2935 4230 3047 4302 ἔχει
3075 4234 3104 4285 ὁ
3137 4232 3360 4302 ἀδελφός
3390 4233 3482 4286 σού
3531 4252 3584 4286 τι
3620 4235 3764 4289 κατὰ

2189 4323 2284 4375 σοῦ
2306 4339 2321 4354 ·
2358 4324 2492 4392 ἄφες
2541 4325 2656 4376 ἐκεῖ
2683 4325 2745 4376 τὸ
2776 4324 2947 4395 δῶρόν
2977 4342 3092 4392 σου,
3144 4327 3237 4380 καὶ
3294 4325 3471 4394 ὕπαγε
3522 4328 3761 4399 πρῶτον,

2182 4413 2495 4486 διαλλάγηθι
2520 4416 2599 4487 τῷ
2623 4416 2836 4489 ἀδελφῷ
2858 4435 2949 4471 σου
2970 4435 2983 4449 ·
3015 4420 3110 4473 καὶ
3135 4420 3253 4472 τότε
3285 4418 3453 4473 ἐλθὼν
3483 4421 3763 4494 πρόσφερε

2111 4547 2157 4602 D
2184 4506 2245 4559 τὸ
2279 4506 2451 4579 δῶρόν
2478 4525 2591 4561 σου.
2624 4528 2644 4561 ι

2260 4617 2279 4650 ι
2310 4599 2616 4669 Διάθρυπτε
2651 4601 2908 4655 πεινῶντι
2933 4601 3024 4656 τὸν
3052 4601 3216 4676 ἄρτον
3245 4621 3358 4669 σου,
3382 4602 3476 4657 καὶ
3508 4606 3764 4675 πτωχοὺς

2184 4690 2446 4758 ἀστέγους
2485 4691 2671 4761 εἴσαγε
2694 4695 2774 4758 είς
2795 4693 2885 4748 τὸν
2905 4690 3052 4750 οῖκόν
3083 4711 3196 4747 σου.
3233 4695 3355 4750 Ἐὰν
3385 4696 3501 4768 ῐδῃς
3532 4697 3755 4767 γυμνὸν,

2185 4782 2465 4852 περίϐαλε,
2500 4786 2593 4837 καὶ
2616 4785 2724 4838 ἀπὸ
2756 4787 2864 4841 τῶν
2904 4788 3119 4841 οἰκείων
3156 4787 3250 4840 τοῦ
3301 4786 3615 4859 σπέρματός
3662 4803 3757 4839 σου

2184 4875 2280 4944 οὐχ
2304 4877 2584 4949 ὑπερόψει.
2624 4899 2643 4932 ι
2680 4880 2755 4933 Οὐ
2781 4879 2888 4952 γάρ
2936 4879 3213 4932 λείπουσιν
3244 4880 3301 4932 ὲν
3350 4877 3660 4949 ἀνθρώποις
3703 4878 3753 4931 οἱ

2180 4972 2384 5042 τροφῆς
2409 4972 2607 5035 ἐνδεεῖς
2629 4990 2643 5001 ·
2679 4974 2773 5026 καὶ
2803 4971 2944 5025 οὕτω
2990 4972 3099 5044 γάρ
3142 4989 3221 5025 σοι
3263 4971 3486 5043 γένηται
3519 4972 3579 5024 οὐ
3619 4970 3752 5044 πρὸς

2180 5060 2401 5131 κέρδους
2448 5066 2481 5134 ἡ
2529 5064 2731 5128 ἀσιτία,
2762 5064 2876 5117 ἀλλ’
2934 5064 3102 5135 ἑτέρῳ
3143 5064 3327 5135 τρόπῳ
3356 5066 3611 5136 τραφήσῃ
3655 5063 3753 5135 τὴν

2175 5151 2353 5223 ψυχὴν
2379 5154 2458 5225 τῷ
2484 5155 2679 5209 σαυτοῦ
2722 5156 2871 5227 ἀρτῳ
2894 5155 2983 5209 τὸν
3015 5155 3168 5226 ὲνδεῆ
3199 5156 3290 5208 καὶ
3314 5155 3523 5226 τροφῆς
3562 5154 3749 5227 δεόμε-
3828 5156 3831 5157 ⁷

2179 5263 2266 5301 νον
2294 5247 2695 5319 ἀνακτώμενος.

2251 5356 2269 5389 ‹
2305 5338 2437 5391 Τότε
2469 5342 2766 5411 ῥαγήσεται
2785 5338 3035 5412 πρὼῖμον
3064 5340 3124 5394 τὸ
3147 5339 3261 5410 φῶς
3291 5356 3404 5403 σου,
3441 5339 3534 5393 καὶ
3558 5337 3629 5391 τά
3668 5336 3746 5391 ἰά-

2180 5433 2329 5503 ματά
2361 5450 2454 5486 σου
2481 5436 2616 5505 ταχὺ
2647 5435 2895 5488 ἀνατελεῖ
2918 5452 2932 5466 ·
2962 5435 3057 5489 καὶ
3093 5433 3529 5505 προπορεύσεται
3548 5434 3746 5504 ἐμπρο-

2178 5524 2303 5578 σθέν
2346 5542 2440 5578 σου
2496 5528 2529 5597 ἡ
2575 5528 2888 5600 δικαιοσύνη
2940 5545 3054 5593 σου,
3102 5529 3195 5581 καὶ
3244 5529 3276 5598 ἡ
3322 5528 3447 5593 δόξα
3478 5526 3571 5580 τοῦ
3607 5525 3739 5579 Θεου

2178 5622 2486 5691 περιστελεί
2519 5638 2596 5674 σε.
2630 5622 2761 5676 Τότε
2796 5622 2990 5697 βοήσῃ,
3015 5622 3110 5675 καὶ
3144 5624 3172 5675 ὁ
3218 5621 3348 5685 Θεὸς
3368 5620 3740 5676 είσακούσεταί

2178 5727 2294 5765 σου·
2322 5711 2402 5767 ἔτι
2431 5712 2716 5780 λαλοῦντός
2750 5732 2841 5770 σου
2876 5718 3017 5787 ἐρεῖ·
3067 5714 3195 5770 Ἰδοὺ
3218 5713 3470 5786 πάρειμι.
3505 5732 3525 5766 ι
