3968 6550
167 402 261 464 ιδί

164 614 264 670 καὶ
293 617 453 686 ῥῆμα
503 617 838 688 γογγυσμοῦ.
877 638 895 668 ι
934 619 992 671 Ὁ
1034 619 1143 693 γὰρ
1163 621 1271 675 τῶν
1293 623 1427 677 ὅλων
1457 624 1590 690 Θεὸς
1623 627 1747 690 τοὺς

167 707 270 778 μὲν
290 707 553 778 εὐπορεῖν
585 708 789 778 τροφῆς
821 709 914 762 καὶ
959 710 1273 781 χρημάτων,
1303 713 1429 776 τοὺς
1460 714 1514 766 δὲ
1550 715 1745 779 ἐνδεεῖς

165 796 261 850 καὶ
292 797 541 867 πένητας
567 798 904 868 ὑπεστήσατο
941 801 1019 862 είς
1066 801 1294 872 δοκιμὴν
1318 804 1621 876 ἑκατέρων·
1679 807 1744 859 ἵν’

163 888 213 940 οἰ
241 888 350 958 μὲν
382 887 556 958 ἔχοιεν
590 889 797 960 καρπὸν
828 890 924 959 τῆς
959 890 1161 943 ἑαυτῶν
1210 892 1466 962 εὐπορίας
1519 893 1607 946 διὰ
1648 896 1744 965 τῆς

165 982 244 1042 εἰς
275 980 412 1042 τοὺς
441 980 641 1042 ἐνδεεῖς
674 981 951 1051 παροχῆς·
1004 984 1051 1035 οἱ
1084 982 1139 1036 δὲ
1185 983 1643 1055 ὲγγυμναζόμενοι
1676 990 1739 1058 τῇ

165 1069 335 1141 πενίᾳ
366 1072 488 1123 ἀντὶ
517 1071 869 1141 πολυκάρπου
897 1071 1078 1144 χώρας
1098 1073 1196 1145 τὴν
1229 1074 1335 1128 ἀπὸ
1360 1075 1466 1129 τῶν
1499 1077 1742 1147 εὐπόρων

163 1162 238 1216 διε
250 1162 507 1215 ποιοῦντο
546 1163 826 1234 χορηγίαν.

237 1363 257 1395 ς
299 1345 415 1397 Καὶ
438 1344 546 1414 δῷς
573 1345 824 1398 πεινῶντι
861 1346 950 1400 τὸν
992 1347 1154 1420 ἄρτον
1193 1348 1255 1400 ὲκ
1283 1346 1461 1418 ψυχῆς
1507 1365 1618 1410 σου,
1647 1348 1740 1401 καὶ

167 1435 346 1505 duxqu
381 1436 860 1507 τεταπεινωμένην
907 1436 1216 1510 ἐμπλήσεις
1248 1438 1368 1490 τότε
1400 1437 1644 1491 ἀνατελεῖ
1683 1441 1740 1490 ὲν

163 1526 239 1597 τῷ
275 1528 466 1580 σκότει
497 1527 558 1579 τὸ
581 1527 694 1596 φῶς
719 1545 832 1588 σου,
858 1529 952 1581 καὶ
981 1528 1040 1582 τὸ
1078 1529 1266 1593 σκότος
1299 1547 1390 1604 σου
1419 1530 1494 1592 ὡς
1529 1547 1739 1600 μεσημ-

165 1619 295 1690 ϐρία
357 1638 374 1669 ι
412 1620 666 1673 Μάλιστα
703 1620 800 1690 μὲν
818 1621 922 1692 γὰρ
945 1620 1012 1674 τά
1043 1621 1233 1692 πρῶτα
1259 1625 1370 1685 τοῖς
1408 1623 1538 1674 πᾶσι
1561 1622 1738 1693 δεήσει

166 1712 447 1762 κοινωνεῖν
481 1709 756 1778 ἀφθόνως·
794 1711 859 1764 τά
884 1711 940 1764 δὲ
977 1710 1227 1781 ἐξαίρετα
1257 1714 1369 1774 τοῖς
1396 1712 1613 1774 οἰκείοις
1644 1713 1740 1781 τῆς

165 1801 406 1866 πίστεως
433 1803 746 1872 ἀπονέμειν.
766 1803 933 1856 Τοῦτο
967 1803 1074 1875 γὰρ
1103 1804 1195 1856 καὶ⁸
1217 1806 1249 1875 ή
1279 1803 1603 1875 ἁποστολική
1627 1805 1739 1858 διά-

1089 406 1582 464 COMMENTARIA
1622 410 1688 466 IN
1728 410 1978 466 ISAIAII.
2019 445 2087 455 -—-
2123 412 2274 470 CAP.
2315 413 2497 469 LVIII.

246 543 267 576 ι
311 522 445 578 Ἐὰν
463 524 668 596 ἀφέλῃς
698 525 804 578 ἀπὸ
835 523 928 579 σού
956 525 1268 600 σύνδεσμον,
1287 531 1379 585 καὶ
1393 534 1741 604 χειροτονίαν,
1773 539 1816 593 Α

3301 418 3401 476 482

1923 553 1939 585 ι
1970 533 2026 589 Si
2057 534 2341 590 abstuleris
2371 549 2400 588 a
2426 544 2478 589 te
2506 549 2722 600 nexum,
2751 543 2804 590 et
2841 549 3096 590 manuum
3130 537 3406 592 extensio-

1849 639 1995 689 nem,
2024 633 2077 678 et
2118 623 2342 679 verbum
2375 626 2836 682 murmurationis.
2867 645 2886 679 ι
2939 626 3075 681 Nam
3125 630 3404 684 universo-

1847 728 1962 765 rum
1992 715 2152 778 l)eus,
2184 713 2316 768 alios
2346 714 2560 784 quidem
2587 715 2721 770 cibis
2754 726 2808 772 et
2831 718 3076 786 pecuniis
3101 719 3404 788 opulentos,

1847 804 1979 857 alios
2018 820 2142 859 vero
2168 820 2363 875 egenos
2394 815 2448 860 et
2497 821 2758 876 pauperes
2811 809 3122 875 constituit,
3153 811 3217 865 ad
3256 820 3406 865 utro-

1848 910 2072 964 rumque
2113 897 2520 965 probationem;
2578 906 2636 950 ut
2667 897 2720 950 hi
2755 897 2968 966 quidem
3004 915 3069 952 ex
3121 901 3404 970 largitiwe

1844 985 2026 1051 egenis
2053 986 2293 1052 praebita,
2325 984 2608 1053 opulentia:
2642 1001 2752 1038 suae
2785 987 3013 1039 fructum
3042 989 3400 1056 perciperent,

1845 1072 1932 1127 alii
1980 1088 2107 1127 vero
2168 1075 2420 1144 pauperie
2475 1071 2719 1129 aﬂlictati
2769 1085 2825 1130 et
2887 1079 3208 1141 exercitati,
3262 1080 3403 1132 divi-

1843 1173 1954 1219 tum
2026 1165 2354 1234 largitione,
2428 1167 2580 1236 quasi
2661 1166 2996 1224 feracissimo
3058 1185 3188 1240 agro
3258 1170 3402 1224 frue-

1844 1264 2047 1310 rentur.

1911 1346 2076 1400 Vens.
2115 1345 2203 1400 l0.
2246 1365 2264 1398 ι
2285 1347 2350 1401 Ει
2381 1347 2596 1402 dederis
2622 1349 2880 1402 esurienti
2920 1363 3109 1418 panem
3131 1363 3194 1403 ex
3225 1349 3402 1403 animo

1843 1445 1954 1498 tuo.
1988 1448 2042 1492 et
2073 1439 2308 1492 animam
2351 1438 2692 1492 humiliatam
2723 1441 3033 1510 impleveris
3061 1480 3075 1505 ,
3110 1451 3233 1496 tunc
3258 1441 3403 1495 orie-

1843 1540 1930 1584 tur
1957 1529 2010 1582 in
2038 1530 2276 1584 tenebris
2300 1531 2480 1584 lumen
2514 1540 2687 1596 tuum,
2731 1541 2786 1585 et.
2833 1533 3065 1586 tenebrae
3113 1542 3214 1585 tua?
3243 1541 3406 1587 erunt

1840 1622 1986 1674 velut
2021 1623 2291 1676 meridies.
2323 1641 2342 1673 ι
2377 1621 2554 1675 Prima
2592 1637 2722 1678 sane
2749 1624 2997 1677 omnibus
3035 1633 3158 1677 sunt
3185 1624 3408 1692 largiter

1841 1713 2207 1766 distrilutenda
2226 1731 2239 1778 ;
2260 1717 2528 1783 praecipua
2560 1728 2684 1766 vero
2706 1713 3016 1768 domesticis
3041 1715 3159 1769 fidei
3185 1715 3402 1783 dispen-

1839 1805 2025 1859 sanda.
2063 1805 2293 1871 ldipsqu
2345 1803 2486 1857 enim
2538 1804 2833 1872 apostolico
2873 1814 3138 1873 praecepto
3161 1803 3398 1874 jubetur,

167 1894 318 1960 τάξις
379 1893 843 1965 παρεκελεύσατο,
883 1895 1102 1964 φήσασα
1153 1893 1358 1958 δεξιοὺς
1415 1891 1552 1947 εἶναι
1606 1893 1739 1962 πρὸς

1848 1898 2044 1953 scilicet
2071 1896 2338 1950 ofliciosos
2369 1911 2486 1951 esse
2519 1913 2643 1967 erga
2665 1911 2874 1951 omnes.

166 1986 396 2049 πάντας,

240 2095 260 2126 ι
296 2075 414 2128 Kal.
439 2075 592 2128 ἔσται
613 2076 641 2128 6
666 2075 796 2139 Θεός
832 2093 924 2128 σου
962 2074 1099 2146 μετὰ
1125 2074 1216 2128 σοῦ
1237 2073 1324 2126 διὰ
1359 2074 1556 2138 παντός
1577 2091 1590 2104 ·
1645 2075 1740 2127 καὶ

168 2167 534 2239 ἐμπλησθήση
565 2167 812 2238 καθάπερ
851 2167 1103 2238 ἐπιθυμεῖ
1139 2168 1172 2238 ἡ
1213 2167 1356 2240 ψυχή
1390 2185 1504 2228 σου,
1545 2166 1636 2220 καὶ
1672 2167 1740 2219 τά

167 2259 296 2311 ὀστᾶ
327 2274 426 2310 σου
459 2256 845 2327 πιανθήσεται·
886 2256 979 2308 καὶ
1021 2255 1170 2309 ἔσται
1198 2254 1273 2319 ὡς
1303 2257 1474 2325 κῆπος
1505 2255 1737 2326 μεθύων,

168 2351 258 2404 καὶ
309 2351 392 2413 ὡς
440 2350 592 2421 πηγὴ
622 2349 688 2420 ἢν
733 2349 807 2419 μὴ
847 2349 1087 2413 ἐξέλιπεν
1136 2347 1296 2418 ὕδωρ.
1341 2369 1357 2399 ι
1398 2349 1604 2419 Αηλαδὴ
1643 2348 1740 2418 τῆς

165 2443 340 2514 ψυχῆς
381 2444 550 2514 αὐτῆς
606 2443 662 2493 αἱ
719 2441 976 2511 δυνάμεις
1044 2439 1424 2510 πιανθήσονται
1481 2440 1584 2493 ὑπὸ
1642 2442 1739 2510 τῆς

171 2533 554 2604 πνευματικῆς
599 2534 691 2586 καὶ
727 2532 908 2586 ἐνθέου
950 2535 1174 2604 τροφῆς.
1211 2532 1319 2585 Καὶ
1362 2526 1739 2603 κῆποίάειθα-

167 2623 258 2695 λης
287 2625 396 2688 τὰς
427 2624 487 2690 ἐξ
532 2624 687 2692 ἁγίου
742 2622 1051 2694 Πνειὶματος
1093 2622 1451 2692 καρποφορῶν
1498 2623 1736 2691 φυτείας,

169 2716 258 2768 καὶ
289 2715 362 2768 τά
392 2715 561 2768 πάλαι
605 2714 662 2766 δὲ
689 2715 788 2784 τῆς
816 2713 991 2783 ψυχῆς
1033 2711 1212 2784 ἔρημα
1254 2711 1737 2783 οἰκοδομηθήσεται

169 2812 223 2862 ἐν
259 2810 368 2872 σοὶ,
420 2808 516 2862 καὶ
544 2803 1064 2876 ἀναπληρωθήσεται
1119 2803 1207 2856 διὰ
1269 2802 1606 2874 μαθημάτων
1645 2804 1738 2856 καὶ

168 2902 338 2971 λόγων
371 2900 563 2952 θείωνο
591 2899 667 2962 ὡς
693 2899 788 2952 καὶ
820 2897 1097 2968 οἰκοδόμον
1133 2913 1191 2949 σε
1230 2894 1482 2965 γενέσθαι
1525 2894 1736 2959 ἑαυτοῦ,

164 2992 539 3054 διδασκαλίαις
571 2990 772 3052 ἐνθέοις
801 2987 1177 3059 οἰκοδομοῦντα
1219 2989 1342 3051 τοὺς
1388 2988 1444 3040 ὲν
1474 2990 1538 3058 τῇ
1575 2987 1736 3040 αὑτοῦ

165 3085 377 3157 διανοίᾳ⁵
400 3083 712 3154 λογισμούς.
749 3081 890 3151 ΪΗδη
915 3081 970 3134 δὲ
996 3081 1089 3133 καὶ
1134 3079 1384 3151 φραγμὸν
1430 3077 1737 3150 περιϐαλεῖς

168 3182 230 3250 τῇ
262 3177 470 3232 σαυτοῦ
497 3177 664 3248 ψυχῇ,
682 3173 1061 3247 περιφράττων
1077 3174 1244 3244 αὐτὴν
1267 3172 1619 3243 πανταχόθεν,
1643 3173 1736 3225 καὶ

173 3267 600 3340 ἀσφαλιζόμενος
633 3267 741 3320 ἀπὸ
779 3266 884 3318 τῶν
930 3264 1125 3329 ἔξωθεν
1169 3263 1434 3335 ὀχληρῶν.
1472 3265 1633 3316 Ὀστᾶ
1683 3263 1739 3316 δὲ

169 3363 258 3416 τοῦ
292 3362 428 3415 λαοῦ
459 3357 568 3413 εἷεν
597 3360 662 3414 ἂν
693 3359 742 3412 οἰ
768 3359 826 3412 ὲν
864 3357 1011 3429 αύτῷ
1042 3357 1275 3422 δυνατοὶ,
1326 3356 1386 3409 τὸ
1424 3357 1530 3409 πᾶν
1583 3354 1739 3427 σῶμα

175 3452 662 3514 ὑποϐαστάζοντες.

242 3565 262 3597 ε
292 3546 408 3599 Kal.
436 3541 947 3615 οἰκοδομηθήσονταί
973 3558 1063 3594 σου
1087 3541 1143 3594 αἱ
1166 3540 1360 3613 ἔρημοι
1385 3539 1609 3604 αἰώνιοι,
1643 3539 1739 3592 καὶ

175 3638 322 3692 ἔσται
351 3638 424 3691 τὰ
453 3638 679 3708 θεμέλιά
730 3654 823 3690 σου
879 3637 1070 3690 αἰώνια
1106 3635 1306 3704 γενεῶν
1348 3637 1582 3704 γενεαῖς.
1629 3633 1739 3686 Kal.

176 3732 423 3804 κληθήσῃ
449 3730 728 3800 οἰκοδόμος
779 3728 1066 3801 φραγμῶν,
1113 3727 1210 3781 καὶ
1259 3726 1358 3790 τὰς
1400 3725 1618 3798 τρίϐους
1646 3741 1738 3776 σου

173 3824 268 3877 ἀνὰ
302 3824 470 3894 μέσον
499 3821 745 3884 παύσεις.
783 3841 801 3872 ι
831 3821 1120 3891 Φραγμοῦς
1147 3819 1202 3872 δὲ
1230 3818 1499 3888 οἰκοδομεῖ
1531 3819 1563 3870 6
1589 3834 1742 3889 περι-

176 3915 426 3987 φράττων
470 3913 564 3967 καὶ
616 3913 990 3983 περιτειχίζων
1035 3910 1396 3972 διαλεκτικαῖς
1438 3908 1740 3975 ἀποδείξεσι

174 4005 236 4058 τά
261 4002 695 4074 ὲκκλησιαστικὰ
723 4001 995 4072 δόγματα·
1037 4001 1065 4053 6
1092 4000 1149 4054 δὲ
1181 3999 1250 4052 τὰ
1280 3999 1536 4053 δοκοῦντα
1568 4017 1741 4070 προσ·-

177 4096 437 4166 κόμματα
492 4094 556 4145 ὲκ
601 4092 708 4145 τῶν
757 4091 915 4143 θείων
945 4088 1387 4159 ἀναγνωσμάτων
1442 4086 1741 4158 περιαιρῶν

178 4186 260 4241 διὰ
280 4185 379 4240 τοῦ
419 4185 732 4256 σαφηνίζειν
763 4183 830 4238 τά
857 4184 1142 4254 λεγόμενα,
1182 4173 1334 4244 οὗτός
1375 4180 1521 4231 ἐστιν
1561 4181 1588 4232 ό
1618 4179 1744 4242 τοὺς

179 4279 275 4331 ἀνά
299 4278 467 4349 μέσον
495 4276 604 4330 τῶν
635 4274 836 4346 τρίϐων
899 4274 1078 4337 λίθους
1128 4270 1445 4344 περιαιρῶν.
1497 4271 1606 4341 Τῆς
1635 4269 1745 4340 γάρ

178 4370 381 4440 πλάνης
413 4367 514 4431 τάς
541 4368 816 4438 ἀτραποὺς
840 4366 1217 4438 ἀποφράττων,
1249 4365 1339 4417 καὶ
1372 4366 1467 4428 τὰς
1495 4363 1744 4425 τοιαύτας

1765 3205 1809 3265 C

1911 2071 2074 2126 Vrsas.
2114 2073 2199 2130 Η.
2255 2093 2272 2124 ι
2295 2074 2358 2128 Et
2391 2074 2496 2129 erit
2525 2073 2666 2130 Deus
2703 2085 2826 2131 tuus
2867 2085 3039 2130 tecum
3072 2092 3304 2147 semper.
3347 2087 3402 2131 et

1842 2163 2148 2232 impleberis
2172 2167 2307 2220 sicut
2337 2165 2617 2231 desiderat
2667 2169 2840 2222 anima
2878 2179 2965 2222 tua
2994 2207 3008 2232 ,
3048 2178 3103 2222 et
3151 2184 3272 2221 ossa
3313 2179 3400 2222 tua

1842 2256 2193 2324 pingueseent
2227 2267 2319 2310 :et
2349 2257 2455 2311 erit
2480 2258 2632 2326 quasi
2669 2257 2858 2314 hortus
2903 2261 3122 2325 ebrius,
3161 2268 3215 2312 et
3263 2261 3403 2314 sicut

1843 2344 1981 2408 fons,
2011 2348 2095 2400 cui
2119 2363 2224 2401 non
2260 2349 2443 2403 deficit
2471 2365 2634 2419 aqua.
2663 2369 2683 2402 ι
2724 2351 2984 2405 Videlicet
3007 2353 3173 2420 ipsius
3211 2355 3403 2405 animm

1841 2438 2072 2493 virtutes
2103 2440 2456 2510 pinguescent
2485 2456 2512 2494 a
2549 2442 2813 2510 spirituuli
2845 2453 2898 2497 et
2931 2443 3108 2498 divina
3135 2459 3278 2498 esca.
3336 2441 3404 2497 Et

1842 2529 2030 2584 hortds
2056 2546 2269 2600 semper
2314 2534 2499 2587 virens
2525 2533 2652 2598 erit,
2687 2535 2937 2589 arborum
2974 2536 3144 2590 sancti
3170 2535 3404 2605 Spiritus

1843 2619 2107 2676 fructibus
2133 2633 2453 2688 exornatus,
2480 2635 2641 2694 atque
2673 2626 2759 2679 illa
2789 2628 2916 2680 olim
2956 2629 3149 2681 anima:
3193 2631 3400 2681 deserta

1843 2711 1894 2763 in
1926 2720 1977 2764 te
2010 2713 2437 2780 mdiﬁcabuntur,
2469 2727 2532 2767 ac
2553 2709 2838 2783 disciplina
2871 2715 3174 2783 divinisque
3197 2731 3404 2770 ser-mo-

1843 2801 2000 2854 nilius
2055 2803 2443 2872 replebuntur;
2495 2805 2567 2858 ita
2634 2803 2692 2858 u't
2757 2806 2871 2873 ipse
2933 2807 3007 2858 tui
3061 2815 3404 2860 constructor

1842 2893 2094 2952 cxsistas.
2142 2894 2501 2964 cogitationes
2557 2894 2750 2948 mentis
2801 2904 2904 2948 tuae
2934 2895 3113 2948 divina
3149 2895 3393 2949 doctrina

1841 2983 2202 3038 exmdiﬁcans.
2258 2984 2335 3037 Ad
2367 2985 2479 3038 haec
2509 2994 2687 3038 autem
2739 2987 2970 3038 animant
3020 2993 3165 3038 tuam
3197 3001 3396 3053 propu-

1841 3075 2071 3142 gnaculo
2117 3076 2557 3140 circummunies,
2592 3077 2869 3145 ipsamque
2911 3085 3097 3130 contra
3149 3086 3404 3129 externos

1843 3166 2099 3220 tumultus
2147 3167 2384 3235 undique
2427 3169 2602 3236 sepies
2641 3175 2696 3221 et
2752 3166 3039 3220 custodies.
3089 3164 3220 3220 Ossa
3272 3180 3402 3218 vero

1842 3259 2017 3326 populi
2045 3257 2247 3313 fuerint
2274 3260 2334 3326 ii,
2359 3260 2449 3328 qui
2473 3258 2610 3326 apud
2636 3259 2782 3312 illum
2812 3257 3081 3328 praevalidi
3111 3273 3173 3311 ac
3195 3257 3398 3310 robusti

1839 3362 1982 3415 sunt,
2020 3351 2092 3404 ita
2123 3360 2181 3405 ut
2209 3359 2376 3404 totum
2412 3366 2608 3419 corpus
2637 3359 2962 3405 sustentem.

1910 3529 2071 3585 Vens.
2106 3531 2194 3586 12.
2232 3548 2252 3582 ι
2283 3531 2351 3586 Et
2388 3530 2796 3585 :edificabuntur
2819 3529 3042 3582 deserta
3071 3537 3161 3580 tua
3205 3539 3397 3594 perpe-

1842 3631 1952 3686 ttta,
1980 3631 2033 3677 et
2054 3632 2215 3678 erunt
2246 3607 2590 3677 fundamenta
2621 3631 2710 3676 tua
2740 3620 3062 3691 sempiterna
3101 3619 3152 3672 in
3175 3629 3404 3688 generav-

1841 3717 2014 3770 tiones
2039 3717 2468 3784 generationum.
2505 3716 2570 3770 Et
2594 3715 2870 3769 vocaberis
2902 3711 3196 3768 aedificator
3229 3723 3408 3764 mace—

1842 3805 2060 3870 riarum,
2091 3815 2146 3860 et
2177 3806 2396 3860 semitas
2427 3814 2564 3870 tuas,
2599 3819 2719 3872 qua:
2762 3811 2887 3857 sunt
2934 3802 2985 3855 in
3025 3801 3219 3860 medio.
3255 3800 3406 3868 quie-

1841 3910 1992 3950 scere
2035 3893 2222 3950 facies.
2248 3915 2266 3948 ι
2310 3894 2476 3964 Sepes
2508 3905 2683 3948 autem
2721 3893 3006 3955 construit,
3038 3893 3131 3961 qui
3158 3891 3410 3945 ecclesia-

1840 3987 1973 4041 Stica
1994 3988 2241 4055 dogmata
2274 3985 2568 4040 dialecticis
2591 3983 3140 4037 demonstrationibus
3174 3985 3406 4035 circum-

1841 4093 2052 4146 quaque
2088 4078 2258 4130 munit
2305 4086 2358 4129 et
2393 4073 2666 4138 defendit;
2727 4074 2816 4142 qtii
2867 4088 2996 4125 vero
3037 4087 3123 4134 ea,
3179 4085 3295 4138 qtae
3351 4070 3404 4122 in

1841 4170 2036 4223 divinis
2073 4168 2393 4222 lectionibus
2435 4165 2755 4219 offendicula
2787 4179 2908 4218 esse
2941 4163 3212 4223 videntur,
3264 4160 3402 4212 dicta

1842 4258 2160 4328 explicando
2197 4269 2460 4323 removet,
2513 4257 2558 4308 is
2615 4263 2698 4307 est
2749 4255 2837 4323 qui
2890 4255 3090 4322 lapides
3132 4252 3184 4306 in
3232 4249 3409 4304 medio

1843 4350 2153 4406 semitarum
2190 4351 2394 4420 positos
2420 4349 2693 4403 amolitur.
2745 4347 2880 4402 Nam
2911 4345 3035 4414 quia
3061 4342 3260 4396 erroris
3291 4341 3407 4395 vias

177 4437 535 4533 ﬁﬁO‘tS'tXIng
551 4437 832 4524 διακοπὰς,
870 4459 965 4513 καὶ
988 4437 1247 4513 πάντοθεν
1278 4457 1466 4511 ἑαυτὸν
1497 4454 1742 4526 τειχίζων

1848 4445 2103 4510 obstruit,
2130 4455 2184 4500 et
2213 4444 2477 4514 ejusmodi
2514 4444 2783 4500 clausulas
2815 4451 3018 4496 tutatur
3051 4455 3114 4494 ac
3143 4437 3405 4503 defendit,

181 4557 267 4610 καὶ
297 4532 702 4624 περιφράττων,
736 4551 955 4615 εἰκότως
998 4550 1276 4621 οἰκοδόμος
1316 4547 1583 4620 φραγμῶν
1639 4547 1743 4599 ὀνο-

1848 4553 2072 4608 seseque
2116 4539 2349 4608 undique
2383 4539 2555 4592 munit
2585 4547 2639 4593 et
2673 4536 2832 4606 sepit,
2885 4532 3193 4588 aedificator
3224 4544 3404 4584 mace-

221 4647 433 4712 ἅζεται.

183 4665 458 4793 Mign
486 4735 830 4807 ἀποστρέψας
859 4734 949 4787 τὸν
979 4734 1116 4786 πόδα
1156 4748 1248 4785 σου
1279 4730 1386 4786 ἀπὸ
1408 4731 1515 4782 τῶν
1537 4729 1743 4782 Σαϐϐά-

181 4850 302 4896 των,
329 4831 425 4884 τοῦ
460 4831 534 4901 μὴ
563 4831 732 4882 ποιεῖν
764 4829 831 4882 τά
854 4825 1131 4896 θελήματά
1159 4841 1250 4878 σου
1281 4827 1338 4878 ὲν
1364 4825 1430 4894 τῇ
1459 4822 1643 4893 ἡμέρᾳ
1674 4824 1738 4892 τῇ

183 4926 341 4995 ἀγίαο
380 4922 476 4976 καὶ
521 4920 862 4982 καλέσειςτά
889 4917 1137 4972 Σάϐϐατα
1183 4914 1448 4987 τρυφερὰ,
1498 4914 1627 4982 ἅγια
1665 4912 1743 4983 τῷ

183 5015 324 5086 Θεῷο
361 5013 461 5066 οὐκ
483 5014 637 5083 ἀρεῖς
665 5011 757 5063 τὸν
780 5009 910 5063 πόδα
933 5026 1024 5062 σου
1053 5010 1137 5061 ἐπ’
1167 5007 1329 5080 ἔργῳ,
1347 5005 1465 5058 οὐδὲ
1497 5005 1746 5076 λαλήσεις

183 5105 337 5175 λόγον
361 5107 418 5157 ὲν
451 5105 587 5175 ὀργῇ
621 5104 685 5155 ὲκ
712 5102 804 5156 τοῦ
836 5101 1100 5173 στόματός
1133 5117 1248 5153 σου.
1284 5098 1392 5150 Ka‘t
1431 5096 1526 5168 ἔσῃ
1557 5113 1746 5149 πεποι-

161 5196 289 5268 ὲθὼς
336 5197 430 5249 ἐπὶ
472 5195 707 5266 Κύριον⁶
751 5193 846 5246 καὶ
874 5192 1188 5246 ἀναϐιϐάσει
1215 5208 1274 5244 σε
1314 5189 1406 5241 ἐπὶ
1451 5188 1520 5242 τὰ
1571 5187 1748 5256 ἀγαθά

185 5289 280 5357 τῆς
313 5285 441 5354 γῆς,
476 5287 570 5336 καὶ
593 5283 793 5353 ψωμιεῖ
821 5299 879 5336 σε
911 5283 1008 5354 τὴν
1032 5281 1389 5352 κληρονομίαν
1418 5277 1610 5333 Ἰακὼϐ
1653 5277 1746 5330 τοῦ

190 5380 392 5450 πατρός
422 5394 536 5430 σου.
572 5377 644 5428 Τὸ
666 5375 774 5446 γὰρ
803 5375 972 5445 στόμα
1004 5373 1204 5444 Κυρίου
1235 5372 1460 5440 ἐλάλησε
1504 5369 1690 5424 ταῦτα.
1724 5388 1742 5419 ι

199 5470 522 5524 Ὑποϐάλλει
548 5469 590 5521 δ’
627 5469 654 5520 6
704 5469 860 5536 λόγος
901 5467 975 5538 μὴ
1033 5467 1308 5536 θελήματα
1364 5463 1638 5534 πράττειν,
1673 5461 1748 5524 ὡς

191 5562 410 5624 ἑαυτοὺς
458 5560 647 5630 μέθαις
712 5560 807 5613 καὶ
858 5558 1186 5629 κραιπάλαις
1244 5554 1627 5626 σχολάζοντας·
1691 5555 1749 5604 ὲν

192 5653 444 5723 ἁγιασμῷ
470 5654 527 5705 δὲ
548 5653 640 5705 καὶ
662 5651 990 5724 καθαρότητι
1023 5648 1322 5717 διάγοντας,
1348 5646 1487 5699 οὕτω
1534 5644 1626 5698 καὶ
1653 5642 1749 5713 τὴν

193 5747 400 5817 ἡμέραν
433 5745 696 5812 ἀγιάζειν,
715 5743 989 5815 τρυφεράν
1017 5757 1075 5793 τε
1114 5740 1283 5809 αὐτὴν
1314 5738 1408 5791 καὶ
1435 5737 1638 5790 ἄλυπον
1664 5733 1753 5787 διὰ

193 5839 286 5909 τῆς
313 5840 370 5892 ἐν
401 5837 538 5906 αὐτῇ
558 5836 853 5930 κατάὶθεδν
877 5832 1295 5904 ἐπιτελουμένης
1325 5829 1522 5900 σχολῆς
1555 5827 1751 5898 φυλάτ-

1852 4633 1926 4686 ria
1936 4649 2052 4686 rum
2085 4634 2208 4699 jure
2235 4641 2479 4687 vocatur.

1922 4723 2084 4778 Vens.
2127 4725 2218 4790 l5,
2262 4724 2352 4778 14.
2399 4741 2417 4773 ο
2443 4722 2500 4776 Si
2551 4721 2814 4776 averteris
2859 4734 2887 4772 a
2929 4716 3180 4772 Sabhatis
3219 4711 3406 4782 pedem

1851 4829 2023 4882 tuum,
2081 4829 2138 4871 ut
2164 4833 2269 4872 non
2297 4819 2459 4872 facias
2487 4818 2788 4870 voluntates
2819 4823 2940 4868 tuas
2965 4812 3015 4864 itt
3057 4809 3146 4863 die
3173 4814 3360 4860 sancta
3391 4817 3407 4855 :

1848 4922 1902 4964 et
1935 4909 2156 4965 vocabis
2182 4909 2420 4964 Sabbata
2449 4909 2700 4974 delicata,
2735 4914 2920 4962 sancta
2949 4905 3056 4957 Deo
3081 4919 3095 4967 ;
3129 4914 3233 4953 non
3261 4896 3408 4950 leva-

1850 5001 1933 5056 bis
1961 5002 2148 5069 pedem
2179 5011 2324 5056 tuum
2349 5002 2414 5056 ad
2436 5018 2590 5072 opus,
2623 5016 2796 5070 neque
2841 4994 3076 5066 loqueris
3103 4991 3323 5045 verbum
3355 4985 3409 5038 in

1854 5091 1932 5145 ira
1962 5093 2028 5146 de
2054 5107 2150 5146 ore
2180 5102 2290 5148 tuo.
2325 5093 2388 5147 Et
2414 5096 2522 5147 eris
2551 5092 2796 5146 fiduciam
2826 5089 3028 5141 habens
3051 5083 3102 5136 in
3136 5077 3360 5134 Domino
3391 5088 3408 5126 :

1855 5195 1908 5239 et
1928 5185 2116 5240 evellet
2146 5195 2197 5238 te
2226 5185 2291 5237 ad
2323 5185 2460 5238 bona
2491 5194 2670 5241 term.
2699 5192 2754 5236 et
2777 5177 2978 5234 cibabit
3011 5187 3060 5227 te
3097 5168 3411 5226 haereditate

1849 5277 2014 5333 Jacob
2039 5278 2208 5348 patris
2242 5278 2338 5330 tui.
2368 5277 2440 5332 Os
2459 5279 2602 5331 enim
2635 5273 2842 5328 Domini
2880 5271 3111 5324 locutum
3137 5262 3402 5317 estbaaca

1853 5368 1947 5422 His
2005 5368 2377 5421 subindicatur
2435 5383 2536 5420 non
2591 5380 2688 5434 pro
2742 5363 2908 5415 lubito
2949 5354 3185 5426 singulos
3247 5362 3409 5418 agere

1855 5460 2049 5514 debere
2071 5498 2086 5523 ,
2119 5458 2192 5511 ita
2228 5468 2285 5511 ttt
2314 5457 2563 5512 ebrietati
2599 5466 2649 5510 et
2677 5452 2909 5521 crapulae
2936 5447 3251 5515 indulgeant
3275 5459 3290 5508 ;
3317 5446 3410 5494 sed

1856 5555 1908 5607 in
1934 5553 2222 5608 sanctitate
2243 5560 2292 5605 et
2317 5549 2552 5620 puritate
2597 5547 2890 5615 degentium
2928 5554 3048 5596 esse
3075 5576 3092 5600 ,
3137 5547 3293 5603 atque
3339 5533 3408 5583 ita

1860 5647 1998 5702 diem
2027 5655 2212 5700 sancte
2250 5643 2624 5697 celebrandam
2670 5647 2918 5708 oportere
2951 5652 2964 5687 ι
3003 5635 3281 5702 ipsamque
3315 5630 3409 5684 Ia:-

1861 5744 1966 5791 tam
2005 5751 2067 5791 ac
2100 5736 2217 5789 sine
2252 5733 2464 5787 tristitia
2485 5773 2507 5798 ,
2539 5733 2608 5786 ob
2638 5731 2806 5783 otium
2833 5727 2957 5781 illud
2989 5728 3095 5781 Deo
3131 5737 3414 5782 consecra-

1861 5838 1987 5886 tum,
2024 5827 2318 5888 custodire,
2374 5839 2547 5892 neque
2572 5823 2652 5878 vel
2683 5819 2940 5875 tantillum
2975 5822 3166 5888 pedem
3199 5829 3416 5870 movere
