3968 6558
484 480 586 534 δεῖ)

1152 478 1416 535 EUSEBII
1453 478 1928 535 CzEb'ARlENSlS
1965 480 2112 535 0P9.
2155 480 2333 535 PARS
2374 481 2460 535 Ill.
2502 513 2571 523 —
2608 479 3013 537 EXEGETICA.

3592 487 3702 541 484

484 604 547 653 ad
578 602 679 654 alia
712 615 893 667 opera,
928 616 1099 671 neque
1135 602 1217 657 vel
1263 604 1585 656 vcrliotenns
1626 603 1760 657 labia
1806 604 2036 667 fmdare;

2142 619 2272 662 τειν,
2307 602 2436 673 μηδὲ
2470 604 2627 673 μέχρι
2660 601 2750 655 τοῦ
2774 604 3024 674 τυχόντος
3051 603 3297 658 κινοῦντα
3327 606 3416 659 τὸν
3452 607 3582 661 πόδα
3612 610 3709 661 ἐπὶ

482 692 575 745 sed
606 692 701 746 soli
729 694 1027 745 divinarum
1059 708 1234 748 rerum
1262 695 1374 748 otio
1403 704 1511 747 tota
1539 694 1627 748 die
1655 708 1869 749 vacare.

2139 693 2401 763 πράξεσιν
2451 694 2686 765 ἑτέραις,
2739 695 2874 767 μηδὲ
2929 698 3089 767 μέχρι
3116 697 3275 765 λόγου
3332 698 3577 769 μολύνειν
3636 699 3713 751 τὰ

482 803 543 857 χε
556 783 630 855 ἷιη
654 803 667 815 ·
702 784 838 859 μόνῃ
864 783 920 837 δὲ
958 787 1021 855 τῇ
1050 786 1209 859 σχολῇ
1242 786 1349 838 τῶν
1372 786 1527 839 θείων
1551 786 1639 839 διὰ
1664 786 1843 855 πάσης
1872 785 2225 857 προσανέχειν
2250 784 2347 853 τῆς
2375 785 2602 856 ἡμέρας.

1054 918 1279 975 CAPUT
1307 919 1441 974 LIX.

549 1014 712 1069 Vens.
749 1016 798 1070 l.
832 1032 852 1064 ‹
892 1013 1077 1066 Annon
1108 1021 1285 1079 potest
1310 1028 1501 1067 manus
1529 1011 1740 1065 Domini
1770 1011 1981 1065 salvare
2015 1012 2039 1065 ?

480 1104 561 1158 An
592 1112 879 1171 aggravata
915 1110 997 1155 est
1027 1103 1173 1154 auris
1206 1101 1320 1168 ejus
1343 1140 1358 1164 ,
1410 1110 1468 1153 ut
1504 1117 1608 1154 non
1642 1101 1896 1154 exaudiat
1928 1102 1951 1154 ?
2013 1121 2032 1152 ι

483 1197 769 1263 Postquam
801 1194 853 1247 in
882 1193 1308 1263 praecedentibus
1351 1207 1469 1260 qua:
1513 1208 1541 1245 a
1590 1191 1815 1246 Judaieo
1844 1192 2039 1262 populo

482 1288 685 1358 agenda
718 1294 913 1348 erant,
952 1284 1321 1353 praescripsit,
1356 1293 1517 1352 atque
1566 1284 1633 1338 iis
1684 1286 1775 1354 qui
1832 1284 2036 1353 agenda

482 1378 807 1447 perfecerint
836 1420 851 1443 ,
884 1388 1240 1446 congruentes
1268 1376 1681 1444 pollicitationes
1713 1376 1941 1440 obtulit,
1975 1391 2039 1429 ac

481 1472 753 1526 contraria
788 1469 1145 1536 deligentibus
1174 1467 1466 1535 promerita
1498 1467 1761 1535 supplicia
1812 1469 2039 1522 commi-

483 1573 641 1615 natus
669 1571 783 1625 est;
812 1561 922 1630 jam
949 1560 1032 1613 his
1068 1559 1244 1613 verbis
1274 1559 1417 1627 ipsos
1448 1560 1706 1629 coarguit,
1737 1570 1923 1629 utpote
1944 1562 2033 1631 qui

481 1650 654 1719 aliqua
693 1650 783 1703 Dei
830 1650 1089 1701 voluntati
1125 1648 1395 1702 contraria
1441 1647 1785 1720 delegerint:
1828 1667 1931 1718 qua
1965 1652 2032 1704 de

481 1758 641 1794 causa
688 1742 737 1793 in
786 1740 1120 1794 calamitates
1165 1738 1365 1806 delapsi
1417 1749 1561 1793 sunt.
1614 1741 1702 1794 Ait
1731 1756 1859 1810 ergo
1893 1742 2032 1796 illis:

479 1831 828 1901 Nequaquam
880 1830 1006 1884 mihi
1055 1830 1162 1885 Deo
1214 1828 1544 1898 impossibile
1588 1841 1700 1885 erat
1735 1847 1829 1885 vos
1873 1833 2034 1887 etiam

478 1923 714 1992 perditos
744 1932 1049 1975 restaurare
1075 1961 1089 1985 ,
1117 1936 1292 1990 neque
1324 1921 1535 1975 inﬁrma
1566 1932 1649 1976 est
1683 1938 1873 1976 tnanus
1902 1938 2038 1985 mea,
2074 1927 2113 1980 Β

480 2026 536 2068 ut
567 2030 679 2079 vos,
709 2014 953 2083 indignos
982 2013 1127 2079 licet,
1161 2030 1377 2069 scrvare
1412 2030 1708 2084 nequeam;
1743 2015 1888 2067 auris
1914 2029 2038 2067 vero

479 2122 617 2167 mea,
643 2121 761 2175 qum
787 2106 964 2158 omnia
992 2105 1139 2158 audit
1164 2144 1179 2169 ,
1212 2120 1314 2159 non
1348 2105 1421 2159 ita
1465 2114 1755 2175 aggravata
1791 2115 1905 2159 erat
1930 2144 1944 2169 ,
1982 2115 2040 2159 ut

478 2209 582 2247 non
618 2209 827 2262 possem
861 2208 953 2247 vos
981 2192 1280 2248 clamantes
1305 2194 1586 2248 exaudire.

546 2392 708 2447 Vens.
744 2392 798 2447 2.
843 2411 861 2444 ι
910 2392 1014 2449 Sed
1051 2402 1270 2462 peccata
1312 2402 1485 2449 vestra
1520 2395 1798 2450 dissidium
1828 2395 2038 2451 faciunt

477 2482 616 2538 inter
643 2499 735 2537 vos
766 2492 818 2538 et
848 2485 1013 2539 Deum
1051 2503 1064 2539 :
1092 2494 1147 2539 et
1173 2494 1395 2555 prapter
1426 2495 1647 2554 peccata
1684 2496 1862 2541 vestra
1882 2501 2037 2540 aver-

476 2575 541 2629 tlt
574 2574 763 2628 faciem
800 2589 830 2627 a
862 2575 1016 2628 vobis
1040 2613 1057 2637 ,
1109 2583 1167 2628 ut
1196 2591 1299 2630 non
1348 2577 1693 2631 misereatur.
1736 2596 1754 2630 ι
1790 2577 2032 2647 lmproba

475 2665 583 2717 vita
618 2675 792 2719 vestra
830 2680 935 2718 non
983 2666 1113 2717 sinit
1140 2678 1232 2719 vos
1276 2665 1454 2718 divina
1504 2664 1605 2718 frui
1655 2669 2032 2735 providentia,

474 2755 601 2825 quia
636 2755 775 2810 Deus
809 2763 1088 2824 peccatum
1115 2795 1130 2820 ,
1165 2764 1223 2807 ut
1270 2770 1381 2808 rem
1428 2756 1668 2824 putidam
1696 2797 1710 2821 _.
1746 2765 1955 2826 turpem
1983 2767 2035 2812 et

476 2844 729 2898 infamem
762 2843 1122 2897 abominatnr.
1161 2841 1366 2912 Papqu
1396 2843 1574 2911 itaque
1624 2845 1795 2899 ruinte
1842 2861 1905 2901 ac
1946 2861 2034 2901 re-

475 2933 725 2987 motionis
752 2948 779 2984 a
810 2933 921 2986 Deo
952 2932 1150 2985 nullam
1194 2931 1355 2985 aliam
1385 2931 1550 2987 fuisse
1590 2948 1805 2988 causam
1835 2936 1991 2990 docet
2017 2976 2033 3000 ,

471 3040 631 3094 quam
670 3033 888 3094 peccata
925 3038 1110 3078 eorum
1159 3040 1173 3076 :
1225 3023 1416 3078 horum
1464 3039 1592 3079 vero
1631 3027 1839 3094 species
1880 3027 2033 3081 dein-

473 3133 599 3185 ceps
624 3123 925 3171 enumerat.

546 3320 706 3373 Vens.
743 3318 795 3372 5.
839 3336 857 3369 ι
896 3317 1086 3372 Manus
1116 3316 1259 3371 enim
1295 3324 1486 3369 vestrzr
1524 3312 1739 3384 polluta:
1768 3320 1893 3365 sunt
1916 3326 2033 3366 san-

474 3410 631 3481 guine
655 3449 671 3474 ,
699 3417 753 3462 et
782 3407 931 3472 digiti
970 3407 1134 3461 vestri
1166 3407 1217 3459 in
1260 3405 1493 3473 peccatis
1526 3423 1539 3458 :
1569 3403 1710 3457 labia
1739 3414 1916 3457 vestra
1952 3405 2034 3458 lo-

475 3510 597 3555 cuta
628 3509 753 3555 sunt
787 3500 1122 3567 iniquitatem
1150 3537 1165 3562 ,
1198 3506 1251 3549 et
1276 3496 1457 3565 lingua
1494 3506 1671 3550 vestra
1715 3495 2031 3563 injustitiam

476 3592 782 3644 meditatur.
844 3608 863 3641 ι
917 3587 984 3642 Ει
1017 3588 1319 3656 pcrpendas
1368 3585 1522 3639 velim
1571 3601 1662 3640 eos
1706 3586 1795 3640 ltic
1828 3585 2035 3651 nonde

477 3681 776 3733 idololatria
797 3718 811 3741 ,
844 3688 937 3731 aut
962 3680 1028 3732 de
1060 3678 1163 3731 alio
1192 3677 1438 3745 improbo
1479 3677 1716 3731 facinore
1748 3681 1994 3732 accusari
2018 3717 2031 3738 .

475 3773 568 3826 sed
616 3773 680 3826 tle
728 3772 874 3825 caede
909 3771 1065 3825 labiis
1104 3779 1413 3839 perpetrata
1440 3810 1453 3832 ,
1494 3781 1546 3825 et
1577 3771 1641 3824 de
1669 3772 1780 3825 oris
1809 3772 1888 3825 sui
1926 3771 2033 3824 ini-

476 3865 702 3932 quitate.
741 3861 905 3927 Queis
934 3861 1239 3915 subiudicat
1266 3875 1450 3915 eorum
1480 3868 1662 3913 contra
1694 3859 2031 3915 Servatorem

474 3954 939 4024 conspirationes,
981 3961 1142 4021 atque
1168 3952 1392 4006 insidias
1418 3952 1484 4005 ab
1514 3952 1593 4004 eis
1618 3960 1807 4006 contra
1840 3952 2035 4021 probos

476 4049 620 4104 viros
646 4057 899 4103 structas.
924 4048 1150 4103 Etiamsi
1175 4061 1303 4102 vero
1323 4045 1662 4100 Servatorem
1684 4059 1788 4099 non
1821 4044 2034 4113 propria

474 4156 633 4201 manu
658 4140 1003 4204 trucidarint;
1030 4155 1152 4194 cum
1183 4149 1358 4192 tamen
1390 4138 1704 4206 sanguinem
1736 4137 1851 4206 ejus
1877 4150 2037 4205 super

472 4247 533 4287 se
561 4240 610 4286 et
666 4245 829 4300 super
884 4230 1017 4285 filios
1046 4246 1171 4284 suos
1205 4232 1563 4299 expetierint,
1614 4244 1677 4283 ac
1722 4228 1902 4297 lmpiis
1954 4227 2033 4280 usi

474 4324 583 4376 sint
614 4323 960 4388 clamoribus,
992 4334 1179 4389 reapse
1210 4322 1554 4375 declararunt
1582 4335 1639 4375 se
1689 4334 1879 4373 manus
1908 4334 2035 4373 san-

476 4416 634 4483 guine
667 4416 894 4468 ftedatas
926 4415 1124 4468 habere
1149 4454 1164 4478 ,
1195 4415 1333 4469 labia
1379 4429 1562 4468 eorum
1595 4413 1929 4481 iniquitatem
1960 4410 2037 4465 lo-

472 4515 598 4559 .cuta
634 4520 794 4567 esse,
845 4514 898 4559 et
951 4504 1183 4575 linguam
1218 4519 1406 4559 eorum
1462 4506 1795 4573 impietatem
1847 4510 2034 4571 protu-

2644 919 3037 972 ΚΕΦΑΛΛΙΟΝ
3065 919 3190 976 ΝΘ⁹⁸

2216 1025 2233 1056 t
2267 1007 2357 1077 Μὴ
2409 1008 2508 1059 ούκ
2562 1008 2797 1079 ίσχύειή
2847 1010 2967 1080 χεὶρ
3019 1010 3221 1079 Κυρίου
3258 1008 3352 1062 τοῦ
3394 1010 3597 1073 σῶσαι;
3638 1009 3708 1063 Ἢ

2140 1096 2367 1168 ἐϐάρυνε
2393 1097 2452 1149 τὸ
2477 1093 2567 1162 οὖς
2592 1098 2754 1152 αὑτοῦ
2780 1099 2871 1151 τοῦ
2899 1100 2971 1171 μὴ
3002 1100 3350 1164 είσακοῦσαι;
3394 1120 3412 1151 ι
3455 1102 3541 1163 Ὠς
3568 1101 3708 1172 πρὸς

2139 1190 2230 1242 τὸν
2270 1190 2375 1243 τῶν
2421 1190 2684 1244 Ἰουδαίων
2730 1190 2856 1244 λαὸν
2904 1192 3335 1263 διαστειλάμενος
3377 1195 3406 1246 ὁ
3452 1192 3607 1260 λόγος
3649 1194 3709 1244 ὲν

2140 1284 2251 1344 τοῖς
2283 1282 2386 1353 πρὸ
2409 1282 2596 1334 τούτου
2631 1282 2699 1336 τά
2739 1283 3006 1354 πρακτέα,
3038 1285 3130 1338 καὶ
3159 1287 3271 1348 τοῖς
3305 1285 3401 1355 μὲν
3452 1283 3520 1336 τὰ
3560 1302 3707 1356 πρα-

2145 1373 2273 1425 κτέα
2302 1372 2367 1424 δι’
2398 1372 2573 1443 ἔργων
2616 1375 2953 1428 ἐπιτελέσασι
2988 1374 3085 1437 τὰς
3117 1374 3427 1445 πρεπούσας
3467 1376 3707 1443 ἐπαγγε-

2140 1462 2260 1527 λίας
2291 1464 2577 1535 παραθεὶς,
2604 1467 2717 1527 τοῖς
2737 1465 2793 1518 δὲ
2815 1466 3068 1519 τάναντία
3090 1466 3361 1536 ἑλομένοις
3382 1465 3480 1529 τὰς
3510 1467 3711 1519 καταλ-

2142 1552 2333 1623 λήλους
2367 1554 2667 1624 ἀπειλήσας
2713 1553 3008 1626 τιμωρίας·
3045 1554 3133 1607 διὰ
3178 1553 3285 1605 τῶν
3330 1554 3707 1625 προκειμένων

2142 1644 2357 1715 ἔλεγχον
2382 1644 2565 1705 αὐτοῖς
2597 1644 2914 1715 προσφέρει,
2950 1641 3024 1707 ὥς
3044 1660 3162 1696 τινα
3195 1642 3408 1697 ἐναντία
3433 1644 3706 1712 ἑλομένοις

2142 1735 2209 1803 τῇ
2237 1732 2330 1785 τοῦ
2367 1732 2501 1786 Θεοῦ
2556 1733 2752 1803 βουλῇ·
2792 1726 2852 1784 οὗ
2886 1732 3040 1803 χάριν
3067 1734 3159 1784 καὶ
3192 1734 3303 1795 τοῖς
3329 1734 3514 1794 κακοῖς
3552 1748 3707 1802 περι-

2143 1825 2483 1879 πεπτώκασι.
2512 1826 2677 1896 Φησὶν
2724 1820 2815 1877 οῦν
2854 1823 2988 1894 πρὸς
3020 1822 3240 1886 αὐτούς·
3277 1823 3388 1874 Οὐκ
3413 1817 3480 1893 ἦν
3509 1822 3705 1876 ἀδύνα-

2141 1936 2230 1970 τον
2261 1919 2381 1989 ἐμοὶ
2412 1917 2489 1988 τῷ
2530 1917 2667 1988 Θεῷ,
2700 1919 2793 1970 καὶ
2838 1915 3239 1985 ἀπολλυμένους
3276 1916 3419 1985 ὑμᾶς
3468 1916 3706 1985 ἀνακτή-

2142 2009 2357 2074 σασθαι,
2384 2008 2506 2061 οὐδὲ
2538 2008 2808 2078 ἀσθενεῖή
2842 2007 2949 2078 ἐμὴ
2978 2008 3096 2076 χεὶρ
3146 2006 3238 2058 καὶ
3269 2003 3517 2069 ἀναξίους
3545 2006 3705 2070 ὄντας

2139 2102 2281 2171 ὑμᾶς
2320 2100 2610 2151 διασῶσαι·
2668 2099 2849 2152 καὶτὸ
2880 2095 2972 2161 οῦς
3015 2098 3071 2151 δὲ
3120 2096 3181 2149 τὸ
3210 2097 3340 2167 ἐμὸν
3384 2098 3443 2151 τὸ
3485 2098 3703 2151 πάντων

2138 2190 2456 2243 ἀκουστικὸν
2488 2191 2585 2258 ούχ
2605 2188 2775 2253 οὕτως
2804 2184 2872 2260 ἦν
2895 2188 3217 2260 βαρυήκοον,
3244 2187 3319 2251 ὡς
3346 2189 3417 2260 μὴ
3443 2187 3700 2243 δύνασθαι

2140 2280 2291 2351 ὑμῶν
2323 2281 2641 2333 εἰσακοῦσαι
2675 2279 2940 2350 βοώντων.

2212 2412 2230 2442 ι
2262 2390 2418 2443 Ἀλλά
2442 2390 2510 2443 τά
2532 2391 2904 2461 ἁμαρτήματα
2932 2388 3085 2459 ὑμῶν
3113 2388 3385 2442 διιστῶσιν
3411 2388 3513 2442 ἀνά
3537 2390 3703 2459 μέσον

2137 2481 2289 2553 ὑμῶν
2314 2483 2407 2535 καὶ
2434 2481 2537 2535 ἀνά
2576 2482 2739 2552 μέσον
2768 2482 2861 2535 τοῦ
2892 2480 3046 2533 Θεοῐν
3079 2481 3170 2533 καὶ
3200 2480 3288 2533 διά
3314 2480 3411 2544 τὰς
3431 2481 3703 2553 ἁμαρτίας

2136 2575 2288 2645 ὑμῶν
2313 2574 2616 2644 ἀπέστρεψε
2640 2573 2701 2626 τὸ
2728 2572 3015 2643 πρόσωπον
3039 2572 3133 2642 ἀφ’
3168 2572 3342 2643 ὑμῶν,
3375 2571 3467 2625 τοῦ
3492 2572 3567 2643 μὴ
3592 2573 3705 2625 ἐλε-

2134 2668 2284 2735 ῆσαι.
2345 2684 2363 2718 ι
2400 2665 2456 2717 '0
2496 2664 2809 2736 παράνομος
2860 2662 3010 2734 ὑμῶν
3053 2662 3166 2732 βίος
3206 2664 3304 2716 οὐκ
3341 2664 3404 2732 ἐᾷ
3424 2666 3522 2735 τῆς
3554 2663 3702 2728 Θείας

2136 2758 2277 2829 ὑμᾶς
2309 2759 2610 2813 ἀπολαῦσαι
2657 2756 2933 2828 προνοίας,
2959 2755 3047 2810 διά
3089 2756 3150 2809 τὸ
3196 2756 3571 2826 βδελύττεσθαι
3599 2757 3703 2810 ὥσ.

2136 2868 2241 2921 περ
2271 2851 2477 2923 δυσώδη
2520 2852 2614 2904 καὶ
2655 2848 2886 2921 αἰσχρὰν
2916 2849 3007 2903 καὶ
3041 2849 3230 2919 ἄτιμον
3271 2849 3369 2920 τὴν
3406 2849 3695 2920 ἁμαρτίαν.

2135 2941 2207 2994 Τὸ
2240 2941 2335 3012 μὲν
2368 2938 2459 2994 οὖν
2489 2943 2659 2994 αἴτιον
2688 2940 2786 3011 τῆς
2817 2937 3185 3003 ἀποπτώσεως
3202 2938 3293 2992 τοῦ
3318 2939 3447 2993 λαοῦ
3476 2940 3570 2992 καὶ
3602 2941 3697 3011 τῆς

2136 3031 2468 3105 πορῤωτάτω
2499 3030 2591 3083 τοῦ
2627 3030 2760 3083 Θεοῦ
2791 3028 3058 3101 ἀποϐολῆς
3102 3029 3265 3082 αὐτοῦ
3316 3030 3466 3084 οὐδὲν
3512 3031 3696 3101 ἕτερον

2134 3120 2271 3179 εἶναι
2320 3121 2553 3189 ἐδίδαξεν
2592 3122 2626 3192 ἢ
2676 3121 2773 3183 τάς
2802 3120 3098 3192 ἁμαρτίαςο
3134 3120 3194 3173 τὸ
3231 3120 3286 3174 δὲ
3314 3120 3514 3174 τούτων
3563 3117 3694 3183 εἶδος

2137 3212 2262 3282 ἑξῆς
2291 3211 2722 3282 καταριθμεῖται.

2216 3345 2232 3377 ι
2272 3328 2335 3379 Αἱ
2376 3324 2483 3397 γὰρ
2521 3327 2698 3396 χεῖρες
2728 3323 2879 3394 ὑμῶν
2928 3323 3329 3395 μεμολυσμέναι
3364 3325 3573 3395 αἵματι,
3603 3342 3693 3380 και

2138 3425 2184 3474 οἱ
2211 3420 2461 3474 δάκτυλοι
2491 3416 2641 3487 ὑμῶν
2672 3418 2729 3469 ἐν
2755 3415 3045 3486 ἁμαρτίαις
3067 3431 3079 3446 ο
3120 3415 3186 3469 τά
3216 3415 3365 3486 χείλη
3399 3416 3551 3486 ὑμῶν
3578 3416 3696 3471 ἐλά-

2139 3515 2305 3583 λησαν
2337 3510 2584 3580 ἀνομίαν,
2611 3508 2704 3561 καὶ
2732 3509 2765 3578 ἡ
2788 3506 3003 3576 γλῶσσα
3032 3507 3184 3578 ὑμῶν
3208 3508 3418 3562 ἀδικίαν
3446 3508 3689 3581 μελετᾷ..

2141 3604 2247 3657 Καὶ
2305 3602 2420 3666 θέα,
2450 3602 2524 3664 ὠς
2557 3602 2656 3654 οὐκ
2688 3600 3057 3671 ἐπιμέμφεται
3087 3600 3265 3662 αὐτοῖς
3297 3599 3352 3653 ὲν
3384 3600 3590 3662 τούτοις
3618 3602 3692 3652 είς-

2137 3693 2551 3764 δωλολατρείαν,
2581 3692 2687 3743 οὐδ’
2749 3692 2940 3760 ἑτέραν
2967 3690 3087 3745 τινὰ
3121 3690 3431 3761 παράνομον
3461 3693 3654 3762 πρᾶξιν
3677 3708 3690 3721 ο

2140 3783 2274 3839 ἀλλὰ
2303 3782 2399 3854 τὴν
2425 3782 2512 3836 διὰ
2545 3782 2766 3853 χειλέων
2814 3783 3141 3852 μιαιφονίαν,
3192 3783 3284 3834 καὶ
3316 3781 3411 3852 τὴν
3439 3782 3527 3836 διὰ
3576 3784 3692 3835 στόο

2144 3890 2306 3941 ματος
2339 3873 2700 3944 παρανομίαν.
2731 3872 2807 3924 Δι’
2835 3864 2909 3927 ὧν
2930 3872 3143 3943 ᾐνίξατο
3170 3873 3265 3943 τὴν
3296 3873 3436 3926 κατὰ
3466 3873 3557 3926 τοῦ
3584 3875 3693 3926 Σωο

2138 3964 2299 4033 τῆρος
2328 3964 2688 4016 ἐπανάστασιν
2711 3962 2906 4027 αὐτῶν,
2933 3965 3026 4015 καὶ
3051 3963 3146 4033 τὴν
3178 3964 3315 4017 κατὰ
3346 3963 3451 4017 τῶν
3476 3964 3693 4017 δικαίων

2139 4053 2342 4124 ἀνδρῶν
2367 4052 2679 4123 ὲπιὸουλήν.
2712 4055 2774 4106 Εἰ
2799 4053 2853 4105 δὲ
2882 4054 2973 4105 καὶ
2998 4054 3071 4125 μὴ
3099 4054 3409 4125 αὐτόχειρες
3442 4055 3689 4122 γεγόνασι

2138 4142 2231 4196 τοῦ
2259 4144 2529 4216 Σωτῆρος,
2562 4142 2695 4195 ἀλλά
2714 4142 2772 4194 τὸ
2797 4137 2933 4214 αἷμα
2964 4142 3123 4195 αὐτοῦ
3151 4144 3220 4195 ἐπ
3260 4145 3455 4207 αὐτοὺς
3487 4150 3577 4197 καὶ
3605 4145 3692 4197 ἐπὶ

2138 4235 2206 4288 τὰ
2230 4234 2393 4289 τέκνα
2443 4234 2621 4287 αύτῶν
2664 4234 3033 4306 αἰτησάμενοι,
3062 4237 3154 4288 καὶ
3187 4236 3334 4305 βοαῖς
3359 4237 3537 4299 ἀθέοις
3565 4255 3693 4310 χρη-ο

2142 4326 2379 4396 σάμενοι,
2429 4325 2573 4400 ἔργῳ
2616 4326 2962 4399 παρέστησαν
2990 4328 3089 4390 τὰς
3126 4330 3309 4398 χεῖρας
3345 4329 3485 4400 ἔχειν
3532 4344 3692 4399 μεμο-

2140 4418 2406 4489 λυσμένας
2430 4419 2639 4488 αἵματι.
2657 4419 2725 4472 τά
2742 4436 2800 4471 τε
2826 4420 2975 4489 χείλη
2999 4420 3175 4472 αὐτῶν
3196 4420 3543 4490 λελαληκέναι
3573 4422 3689 4473 ἀνο·

2143 4511 2289 4581 μίαν,
2324 4511 2417 4562 καὶ
2443 4510 2540 4580 τὴν
2584 4509 2831 4577 γλῶσσαν
2876 4510 3053 4563 αὐτῶν
3101 4510 3543 4582 μεμελετηκέναι.
3585 4512 3691 4576 Ἑξν

472 4598 622 4652 lisse.
666 4596 796 4650 Nam
822 4611 939 4650 sese
967 4597 1298 4665 decipientes
1329 4597 1489 4650 alium
1523 4597 1796 4651 Christum
1837 4608 2032 4662 exspe—

2142 4600 2451 4664 απατῶντες
2484 4600 2593 4670 γὰρ
2621 4600 2844 4664 ἑαυτοὺς
2868 4602 3051 4674 ἓτερον
3085 4603 3416 4672 προσδοκῶσι
3443 4604 3687 4675 Χριστὸν,

478 4696 661 4748 ctant,
700 4688 931 4739 humana
980 4690 1225 4755 quaedam
1258 4699 1312 4741 et
1349 4688 1589 4741 fabulosa
1641 4686 1707 4740 de
1760 4686 1875 4755 ipso
1908 4699 2033 4737 nar-

480 4790 680 4833 rantes.

554 4893 712 4945 Vens.
740 4891 793 4953 4,
824 4892 876 4945 5.
915 4910 931 4940 ι
977 4892 1142 4945 Nemo
1175 4902 1410 4961 mquttur
1447 4893 1617 4962 jnsta,
1652 4908 1750 4948 nec
1784 4894 2035 4963 estjndi-

478 4985 616 5036 cium
649 4999 858 5036 verum.
906 4983 1191 5037 Confidam
1246 4987 1408 5037 rebus
1453 4986 1626 5044 vanis.
1665 4995 1717 5036 ct
1744 4984 2037 5055 loquuntur

478 5074 676 5132 inania.
708 5077 829 5142 quia
866 5075 1176 5143 concipiunt
1209 5075 1470 5137 dolorem,
1499 5086 1547 5129 ct
1586 5079 1803 5143 pariunt
1837 5078 2034 5147 iniqui-

478 5176 661 5219 tatem.
696 5166 803 5221 Ova
848 5168 1088 5234 aspidum
1143 5168 1458 5235 fregerunt,
1508 5180 1561 5222 et
1611 5170 1770 5225 telam
1826 5187 2037 5226 araneae

479 5267 661 5313 texunt
697 5276 710 5312 :
747 5269 799 5313 et
824 5261 910 5327 qui
945 5265 1057 5312 vult
1087 5259 1155 5312 de
1189 5260 1305 5313 ovis
1335 5275 1522 5312 eorum
1556 5263 1861 5323 comedere,
1892 5262 2038 5315 fran-

478 5365 609 5420 gens
636 5350 846 5404 urinutn
879 5350 1120 5415 invenit,
1151 5361 1203 5403 et
1235 5351 1287 5403 in
1324 5351 1440 5418 ipso
1472 5353 1733 5420 regulum.
1778 5372 1794 5403 ι
1832 5354 2037 5407 Adver-

478 5442 744 5496 sariarnm
771 5450 1093 5511 potestatum
1121 5442 1325 5495 semina
1356 5442 1409 5495 in
1442 5458 1498 5495 se
1523 5444 1833 5510 parturiunt
1871 5460 1883 5495 :
1911 5457 2038 5511 qna-

480 5544 542 5584 re
577 5531 789 5584 maliti:e
814 5530 1238 5597 etintprobitatis
1268 5547 1377 5586 sum
1403 5532 1524 5584 filiis
1551 5531 1886 5595 dicebatur“
1913 5535 2039 5586 Ser-

483 5629 705 5689 pentes,
753 5620 1015 5687 genintina
1068 5621 1393 5687 viperarum.
1451 5640 1469 5672 ι
1501 5622 1852 5689 Propertioue
1909 5636 2037 5674 vero

482 5711 709 5778 quadam
744 5712 807 5762 ad
840 5711 1077 5763 divinum
1111 5727 1293 5765 semen
1346 5710 1522 5763 habita
1549 5750 1565 5773 ,
1600 5711 2035 5764 adversariarnm

482 5811 807 5869 potesuttnm
834 5817 1014 5856 semen
1046 5841 1060 5863 ,
1090 5818 1187 5855 ova
1217 5802 1546 5871 appellavit,
1581 5802 1792 5869 reptilis
1818 5801 2035 5868 generis

483 5894 725 5961 exemplo
751 5894 1003 5948 insistens
1040 5912 1053 5946 :
1092 5910 1214 5948 natn
1262 5895 1475 5964 aspidcs
1500 5937 1513 5959 ,
1540 5906 1820 5966 serpentes
1848 5908 1902 5949 et
1926 5896 2029 5949 alia

2132 4691 2442 4765 ἀνθρώπινά
2473 4708 2592 4744 τινα
2614 4692 2743 4762 περὶ
2776 4691 2937 4744 αὐτοῦ
2968 4692 3400 4761 μυθολογοῦντες.

2207 4916 2223 4947 ι
2251 4896 2440 4961 Ούθεὶς
2495 4896 2642 4949 λαλεῖ
2676 4895 2877 4955 δίκαια,
2914 4895 3032 4947 ούδέ
3063 4896 3176 4948 ἐστι
3220 4894 3397 4964 κρίσις
3447 4891 3686 4961 ἀληθινή.

2132 4988 2454 5043 Πεποίθασιν
2510 4989 2601 5040 ἐπὶ
2658 4987 2922 5057 ματαίοις,
2988 4986 3080 5039 καὶ
3134 4984 3347 5037 λαλοῦσι
3412 4984 3563 5041 κενὰ,
3614 4984 3690 5037 ὅτι

2143 5076 2329 5129 κύουσι
2371 5077 2549 5143 πόνον,
2600 5078 2689 5128 καὶ
2726 5077 2995 5129 τίκτουσιν
3038 5075 3282 5145 ἀνομίαν.
3325 5075 3415 5127 ‘Oi
3458 5073 3691 5126 ἀσπίδων

2143 5167 2394 5238 ἔρῤηξαν,
2426 5168 2517 5220 καὶ
2536 5168 2677 5218 ἱστὸν
2707 5168 2944 5236 ἀράχνης
2970 5166 3247 5235 ὑφαίνουσι
3267 5181 3280 5195 °
3322 5166 3415 5218 καὶ
3444 5168 3471 5215 ὀ
3490 5165 3691 5233 μέλλων

2141 5257 2247 5309 τῶν
2277 5256 2398 5309 ώῶν
2434 5257 2612 5309 αὐτῶν
2661 5260 2874 5325 φαγεῖν,
2895 5255 3185 5325 συντρίψας
3214 5255 3390 5325 οὔριον
3422 5248 3567 5325 εὗρε,
3602 5254 3693 5306 καὶ

2142 5349 2198 5399 ἐν
2222 5348 2369 5416 αὐτῷ
2403 5347 2727 5416 βασιλίσκον.
2779 5366 2795 5397 t
2840 5347 2957 5400 Τῶν
3000 5349 3379 5417 ἀντικειμένων
3420 5348 3693 5414 δυνάμεων

2140 5441 2207 5492 τὰ
2246 5441 2530 5509 σπέρματα
2576 5441 2632 5492 ὲν
2663 5442 2843 5504 αὐτοῖς
2869 5443 3166 5512 κυήσαντες
3187 5458 3198 5470 °
3224 5441 3301 5493 διὸ
3332 5444 3441 5502 τοῖς
3466 5441 3562 5509 τῆς
3591 5457 3687 5493 και

2143 5530 2265 5593 κίας
2311 5531 2403 5583 καὶ
2443 5531 2701 5600 πονηρίας
2748 5531 2922 5584 αὐτῶν
2956 5534 3089 5595 υἱοῖς
3136 5532 3382 5599 ἐλέγετο·
3426 5549 3445 5582 ι
3488 5533 3688 5599 Ὄφεις,

2141 5622 2448 5692 γεννήματα
2482 5622 2719 5693 ἐχιδνῶν.
2759 5641 2778 5673 ι
2814 5623 3108 5690 Ἀναλόγως
3137 5623 3191 5675 δὲ
3224 5621 3300 5691 τῷ
3328 5622 3596 5692 σπέρματι
3620 5621 3689 5688 τῷ

2143 5709 2270 5780 θείῳ
2299 5713 2388 5764 τὸν
2406 5712 2511 5765 τῶν
2530 5714 2911 5784 ἀντικειμένων
2932 5714 3209 5783 δυνάμεων
3232 5712 3428 5782 σπόρον
3454 5712 3535 5765 ὼὰ
3562 5712 3689 5763 dm}—

2146 5819 2281 5871 μασε
2320 5804 2407 5858 διὰ
2453 5805 2511 5857 τὸ
2560 5807 2905 5876 παράδειγμα
2950 5805 3039 5857 τοῦ
3092 5805 3416 5875 ἑρπυστικοῦ
3467 5804 3676 5872 γένους’

2138 5896 2358 5953 ἀσπίδες
2386 5898 2478 5949 καὶ
2500 5897 2672 5964 ὄφεις,
2701 5896 2791 5949 καὶ
2806 5897 2871 5949 τὰ
2889 5896 3109 5949 τοιαῦτα
3128 5895 3233 5947 τῶν
3250 5888 3495 5947 ῶοτόκων
3511 5892 3667 5947 ἐστίν.
