3968 6514
156 440 260 494 £83

1071 431 1570 489 COMMENTARIA
1606 432 1677 488 1N
1714 430 1967 489 lSAIAM.
2010 464 2078 473 —
2117 433 2267 491 CAP.
2309 436 2445 494 LIX.

3291 450 3394 502 436

169 555 389 625 Ἐπειδὴ
421 554 560 625 μετά
588 553 855 623 τοσαύτην
906 553 1109 606 κακίαν
1162 552 1584 622 ἐπαγγέλλονται
1635 553 1722 624 μὲν

1836 552 2174 621 huiusmodi,
2206 569 2302 607 ova
2336 555 2572 624 pariunt.
2606 556 2871 622 Quoniam
2912 569 3033 629 post
3064 569 3263 615 tantam
3300 581 3366 615 ex

155 647 250 708 τάς
282 644 392 696 ἀπὸ
421 643 584 695 θείων
629 642 861 714 Γραφῶν
893 640 1258 705 διδασκαλίας,
1304 643 1627 695 ἐκπίπτουσι
1674 643 1729 695 δὲ

158 742 233 801 εἰς
254 736 524 808 γραώδεις
561 734 781 805 μύθους,
807 734 902 787 καὶ
939 735 1018 797 εἰς
1049 734 1372 805 παραδόσεις
1410 733 1729 802 ἀνθρώπων,

156 830 305 882 οὐδὲν
366 827 516 896 ὑγιὲς
574 826 709 899 μηδὲ
758 826 1028 896 ὠφέλιμον
1085 824 1465 897 περιεχούσας’
1512 826 1731 890 εἰκότως

158 921 400 987 ἐπιλέγει
426 937 437 948 ·
478 938 495 969 ι
545 919 656 971 Καὶ
689 918 832 971 ἰστὸν
870 918 1111 989 ἀράχνης
1140 917 1443 985 ὑφαίνουσι,
1498 936 1515 968 ι
1548 917 1605 969 τὸ
1644 934 1733 971 σα-

157 1011 281 1080 θρὸν
318 1010 415 1062 καὶ
442 1010 636 1080 ἄτιμον
666 1008 765 1078 τῆς
790 1009 1043 1079 τοιαύτης
1075 1008 1251 1063 αὑτῶν
1282 1008 1512 1080 σπουδῆς
1533 1009 1610 1079 τῷ
1633 1010 1732 1080 τῆς

156 1101 402 1171 ἀράχνης
432 1100 711 1169 ὑφάσματι
742 1099 1120 1170 παραὸἀλλων.
1151 1099 1326 1152 Ποίων
1356 1100 1411 1153 δὲ
1440 1099 1563 1153 ὠῶν
1594 1118 1729 1171 μνη-

158 1191 398 1262 μονεύει.
424 1190 455 1259 ἢ
483 1192 609 1260 περὶ
634 1182 706 1242 ὧν
732 1188 968 1261 εἴρηταιο
1008 1210 1025 1241 ι
1061 1190 1140 1243 Τά
1173 1191 1254 1245 ὠά
1296 1192 1537 1245 ἀσπίδων
1569 1191 1731 1263 ἔρρη-

158 1283 279 1346 ξαν;
324 1300 343 1330 ›
383 1283 444 1332 Ol
483 1280 580 1349 μὲν
633 1276 725 1332 οῦν
768 1281 824 1332 ὲν
878 1279 1044 1349 κακία
1084 1280 1297 1342 τέλειοι,
1346 1280 1730 1351 διαρρήξαντες

154 1374 360 1426 τούτων
386 1372 493 1425 τῶν
518 1372 660 1435 ὠῶν,
679 1371 748 1425 τά
775 1372 1233 1443 τελεσφορηθέντα
1262 1375 1340 1436 εἰς
1362 1373 1584 1436 ἑαυτοὺς
1630 1374 1731 1425 ὑπ-

158 1466 429 1531 εδέξαντο·
468 1468 513 1517 οἰ
555 1465 609 1517 δὲ
663 1465 1021 1537 ἀτελέστεροι,
1053 1466 1181 1535 πρὶν
1238 1465 1600 1537 διαρραγῆναι
1635 1465 1729 1517 καὶ

155 1557 621 1628 τελεσφορηθῆναι
653 1557 986 1627 ἐμφαγόντες
1013 1558 1209 1621 αὑτῶν,
1262 1557 1609 1611 ἀπόλλυνται.
1640 1556 1729 1609 Διὸ

156 1652 288 1704 κατὰ
318 1652 452 1713 τοὺς
479 1650 699 1713 λοιποὺς
723 1650 1061 1721 ὲρμηνευτάς
1087 1650 1333 1721 εἴρηται·
1376 1670 1392 1702 ι
1438 1652 1493 1703 Ὀ
1537 1650 1727 1703 ἐσθίων

157 1746 214 1795 ἐκ
239 1743 354 1795 τῶν
376 1741 497 1794 ὠῶν
532 1742 710 1796 αὑτῶν
739 1742 1106 1795 ἀποθανεῖται.
1150 1761 1168 1792 ι
1198 1743 1261 1795 Εἰ
1293 1742 1347 1795 δέ
1379 1760 1460 1805 τις
1482 1740 1724 1811 εὑρεθείη

157 1833 374 1895 συνετὸς
431 1833 570 1903 ἀνὴρ
601 1834 628 1886 ὁ
662 1832 968 1902 συντρίϐειν
995 1832 1132 1885 αὑτὰ
1167 1833 1459 1904 δυνάμενος
1501 1834 1727 1903 ἀνατρε-

156 1924 330 1995 πτικῴ
393 1926 487 1977 καὶ
538 1923 835 1993 ὲλεγκτικῷ
889 1924 1051 1994 λόγῳ,
1097 1920 1248 1988 οὗτος
1289 1924 1435 1996 εὑροι
1470 1924 1533 1977 ἂν
1572 1925 1630 1977 τὸ
1669 1927 1726 1977 ὲν
1758 1906 1801 1959 Β

153 2016 336 2079 αὐτοῖς
391 2016 675 2087 ἀνεμιαῖον
727 2017 819 2069 καὶ
850 2016 1051 2087 οὑριον,
1086 2018 1181 2071 καὶ
1216 2017 1447 2080 δυσῶδες
1478 2016 1571 2069 καὶ
1595 2016 1724 2085 φθο-

158 2112 392 2180 ριμαῖον,
458 2109 551 2163 καὶ
606 2111 663 2162 ὲν
714 2108 925 2172 τούτοις
978 2111 1143 2163 πᾶσιν
1214 2108 1581 2178 ἰλυσπώμενον
1634 2109 1725 2162 καὶ

155 2200 615 2271 ὲγκρυπτόμενον,
642 2198 733 2251 τὸν
772 2199 988 2252 πάντων
1035 2199 1279 2270 ἑρπετῶν
1320 2200 1413 2251 καὶ
1461 2196 1519 2262 ἐξ
1562 2197 1724 2251 αὑτοῦ

155 2291 237 2344 τοῦ
267 2290 586 2361 βλέμματος
619 2288 995 2351 θανατοποιὸν,
1040 2290 1131 2343 τὸν
1164 2290 1471 2360 βασιλίσκον
1494 2290 1653 2358 λέγω.

218 2397 236 2431 ι
274 2381 333 2434 '0
376 2380 524 2444 ἱστὸς
554 2380 733 2435 αὑτῶν
778 2381 875 2433 οὑκ
905 2381 1058 2434 ἔσται
1100 2382 1180 2443 εἰς
1221 2382 1452 2451 ἰμάτιον,
1485 2380 1604 2433 οὐδὲ
1651 2380 1724 2451 μὴ

157 2473 551 2542 πριὸἀλωνται
609 2472 715 2525 ἀπὸ
755 2473 860 2526 τῶν
889 2474 1062 2544 ἔργων
1096 2473 1306 2526 αὑτῶν·
1351 2472 1418 2526 τὰ
1451 2473 1584 2544 ἔργα
1631 2472 1726 2525 αὑ-

154 2565 251 2615 τῶν
276 2562 421 2633 ἔργα
448 2562 677 2633 ἀνομίας
697 2579 711 2593 θ
745 2564 794 2614 οἰ
824 2562 879 2615 δὲ
922 2563 1075 2626 πόδες
1118 2561 1296 2615 αὑτῶν
1328 2560 1419 2613 ἐπὶ
1461 2560 1724 2630 πονηρίαν

161 2658 429 2728 τρέχουσι,
486 2656 692 2727 ταχινοὶ
736 2657 920 2725 ἐκχέαι
968 2652 1127 2726 αἷμα,
1170 2656 1263 2707 καὶ
1289 2654 1339 2707 οἱ
1389 2651 1725 2721 διαλογισμοὶ

155 2749 347 2813 αὐτῶν,
380 2748 723 2819 διαλογισμοὶ
758 2747 864 2800 ἀπὸ
915 2748 1109 2816 φόνων.
1144 2745 1464 2815 Σύντριμμα
1502 2742 1596 2796 καὶ
1627 2758 1722 2794 τα-

154 2839 426 2911 λαιταυρία
452 2840 511 2894 ὲν
537 2842 656 2903 ταῖς
682 2840 821 2903 ὁδοῖς
854 2839 1054 2902 αὑτῶν,
1088 2838 1182 2890 καὶ
1225 2837 1342 2890 ὁδὸν
1380 2836 1598 2907 εἰρήνης
1625 2835 1725 2887 οὑκ

152 2930 374 2985 οἱδασιν.
421 2948 439 2981 ι
478 2930 552 2983 Οὒ
582 2930 689 3002 γὰρ
717 2929 1076 3000 παρεδέξαντο
1098 2929 1187 2981 τὸν
1221 2929 1317 2998 τῆς
1343 2929 1559 2998 εἰρήνης
1589 2926 1725 2997 πρύ-

152 3038 315 3086 τανιν,
354 3022 487 3093 περὶ
519 3015 580 3075 οὑ
616 3022 828 3093 εἴρηται
850 3037 863 3051 ο
899 3039 915 3070 ι
948 3020 1117 3084 Αὑτὺς
1142 3020 1249 3091 γάρ
1296 3021 1441 3071 ἐστιν
1469 3020 1501 3089 ή
1532 3019 1721 3088 εἰρήνη

154 3114 335 3184 ήμῶν·
392 3133 409 3165 ι
443 3113 523 3167 διὸ
571 3115 684 3176 τοῖς
728 3112 891 3166 αὑτοῦ
936 3110 1204 3183 μαθηταῖς
1248 3110 1449 3180 ταύτην
1474 3108 1725 3181 προξενεῖ

153 3205 348 3273 λέγων’
376 3223 395 3254 ι
419 3204 655 3276 Εἰρήνην
670 3203 769 3275 τὴν
798 3203 933 3275 ἐμὴν
965 3202 1153 3273 δίδωμι
1193 3204 1339 3273 ὑμῖν,
1366 3202 1586 3272 εἰρήνην
1623 3200 1722 3272 τὴν

153 3297 278 3367 ἐμὴν
316 3295 521 3367 ἀφίημι
550 3296 697 3366 ὑμῖν.
723 3315 741 3347 ι
770 3326 835 3335 -
857 3315 873 3346 ι
900 3296 1007 3349 Καὶ
1033 3296 1131 3348 οὑκ
1164 3295 1278 3348 ἔστι
1315 3296 1493 3366 κρίσις
1520 3297 1577 3348 ὲν
1608 3298 1725 3359 ταῖς

151 3388 280 3452 ὁδοῖς
307 3387 511 3441 αὐτῶν.
536 3387 600 3440 Al
629 3386 738 3457 γάρ
770 3387 944 3458 τρίϐοι
978 3387 1153 3440 αὐτῶν
1181 3387 1626 3458 διεστραμμέναι,
1656 3386 1724 3450 ἀς

151 3478 468 3532 διοδεύουσι·
500 3478 595 3531 καὶ
633 3478 731 3530 οὑκ
772 3477 974 3530 οἴδασιν
1022 3480 1265 3550 εἰρήνην.
1301 3498 1319 3529 ›
1356 3477 1726 3548 Ψηλαφῶντες

152 3569 248 3640 γὰρ
274 3569 378 3633 τὰς
406 3568 557 3633 θείας
585 3568 830 3640 Γραφάς,
880 3572 940 3623 οὑ
989 3571 1197 3624 συνίασι
1225 3572 1315 3625 τὸν
1361 3574 1419 3625 ὲν
1448 3572 1597 3641 βάθει
1618 3572 1725 3624 τῶν

152 3658 342 3726 λέξεων
375 3659 866 3730 ἀποκεκρυμμένον
902 3658 1024 3712 νοῦν
1050 3677 1063 3689 ·
1094 3660 1221 3731 περὶ
1250 3660 1305 3712 δὲ
1332 3659 1395 3729 δὴ
1435 3660 1599 3730 μόνην
1626 3662 1724 3732 τὴν

152 3748 281 3816 λέξιν
310 3751 735 3822 ἀσχολούμενοι,
762 3750 951 3823 ῶσπερ
973 3751 1095 3806 τινά
1118 3755 1291 3823 τοῖχον
1312 3753 1521 3806 ἐοίκασι
1547 3752 1711 3823 ψηλας

153 3858 267 3895 καν.

266 3934 373 3987 Διά
401 3936 555 3989 τοῦτο
578 3936 785 4009 ἀπέστη
810 3938 843 4007 ή
884 3934 1063 4007 κρίσις
1091 3935 1185 3989 ἀπ’
1214 3935 1409 4003 αὑτῶν,
1440 3940 1533 3990 καὶ
1558 3940 1619 3991 οὑ
1650 3940 1722 4011 μὴ

152 4027 431 4099 καταλάϐῃ
472 4028 665 4091 αὑτοὺς
718 4027 1063 4098 δικαιοσύνη·
1102 4027 1507 4091 ὑπομεινάντων
1547 4029 1721 4081 αὑτῶν

150 4117 278 4184 φῶς,
321 4119 540 4185 ἐγένετο
579 4120 762 4182 αὐτοῖς
811 4118 1033 4182 σκότος’
1087 4120 1369 4190 μείναντες
1414 4122 1611 4194 αὑγὴν,
1663 4125 1721 4176 ἐν

149 4208 319 4279 ἀωρίᾳ
345 4211 776 4281 περιεπάτησαν.
824 4212 1246 4283 Ψηλαιρήσουσιν
1273 4212 1348 4276 ὠς
1393 4213 1583 4282 τυφλοὶ
1609 4218 1721 4267 τοῖ-

148 4317 251 4369 χον,
290 4302 389 4355 κα¹ι
417 4302 491 4365 ὼς
517 4302 613 4372 οὑχ
645 4305 993 4373 ὑπαρχόντων
1011 4303 1301 4373 ὀφθαλμῶν
1322 4304 1716 4376 ψηλαφήσουσι.

150 4392 249 4446 Καὶ
281 4393 579 4447 πεσοῦνται
611 4396 667 4446 ὲν
716 4395 1029 4468 μεσημϐρίᾳ
1057 4395 1130 4458 ὡς
1171 4398 1227 4449 ὲν
1260 4397 1610 4467 μεσονυκτίῳ,
1645 4398 1719 4461 ὡς

147 4483 581 4555 ἀποθνήσκοντες
639 4486 969 4552 στενάξουσι.
1013 4507 1030 4539 ι
1082 4486 1238 4540 Κατά
1292 4487 1346 4539 δὲ
1394 4488 1485 4541 τὸν
1530 4490 1719 4560 καιρὸν

1832 645 2058 698 hibitam
2088 646 2485 713 improbitatem
2514 684 2529 711 ,
2560 646 2865 703 divinarum
2903 651 3121 720 quidem
3155 652 3401 721 Scriptu-

1832 752 2011 790 rarum
2036 737 2336 792 doctrinam
2366 739 2689 808 proﬁtentur
2710 782 2726 807 ,
2773 743 2827 797 iu
2872 745 3042 800 aniles
3071 762 3198 803 vero
3245 746 3395 801 fabu-

1832 828 1911 884 las
1938 838 1994 884 et
2023 830 2076 885 in
2112 831 2425 885 traditiones
2460 832 2739 887 hominum
2789 835 3134 901 delabuntur,
3164 855 3283 909 quae
3314 841 3398 895 ui-

1830 922 1903 975 hil
1943 936 2167 988 sanum,
2198 924 2330 977 utile
2361 922 2495 977 nihil
2548 924 2788 993 habent;
2822 930 3014 983 merito
3043 931 3243 999 infert,
3278 952 3296 984 ι
3332 932 3399 987 Et

1832 1011 1991 1066 telam
2022 1028 2238 1069 araneae
2285 1024 2490 1082 texunt,
2535 1035 2554 1067 ι
2589 1018 2837 1086 putidum
2871 1019 2999 1073 illud
3025 1036 3211 1077 eorum
3245 1025 3393 1079 inde-

1828 1118 2123 1173 eorumque
2182 1107 2415 1160 studium
2452 1105 2570 1160 tela:
2599 1121 2813 1162 aranea:
2840 1124 3183 1179 comparans.
3207 1114 3397 1179 Qualia

1832 1210 1989 1264 porro
2010 1210 2108 1250 ova
2134 1206 2415 1261 memorat,
2452 1198 2554 1253 nisi
2585 1214 2646 1253 ea
2674 1199 2739 1253 de
2771 1201 2963 1269 quibus
2996 1204 3223 1259 dicitur:
3249 1225 3266 1256 ‹
3286 1207 3399 1261 Ova

1830 1287 2075 1355 aspidum
2107 1299 2400 1356 eruperunt
2428 1290 2451 1343 ?
2499 1310 2517 1343 ι
2560 1289 2659 1356 Qui
2693 1291 2855 1361 igitur
2878 1294 2927 1347 in
2958 1295 3179 1349 malitia:
3210 1313 3397 1350 einun-

1831 1377 1937 1431 lum
1971 1380 2318 1441 devenerunt,
2356 1382 2437 1433 his
2468 1381 2696 1449 diruptis
2733 1384 2871 1447 ovis,
2911 1384 3074 1438 fetum
3104 1387 3154 1439 in
3191 1402 3248 1440 se
3278 1402 3395 1441 sns-

1830 1478 2126 1536 ceperunt:
2162 1471 2518 1538 simpliciores
2562 1488 2688 1529 vero
2734 1484 3024 1543 antequam
3089 1479 3399 1547 dirumpun-

1832 1570 1919 1611 tur
1947 1568 2001 1612 et
2032 1558 2196 1613 fetum
2225 1560 2409 1625 edunt,
2445 1561 2559 1629 ipsa
2590 1566 2959 1629 eomedentes,
2992 1568 3400 1634 pereunt.Qua-

1829 1658 2049 1719 prepter
2076 1652 2369 1705 secundum
2403 1654 2641 1721 reliquos
2672 1655 2999 1724 interpretes
3031 1658 3233 1713 dictum
3266 1673 3346 1716 est
3375 1681 3387 1716 :

1834 1762 1852 1794 ‹
1888 1741 1986 1810 Qui
2019 1744 2311 1797 comederit
2339 1760 2407 1799 ex
2441 1746 2558 1799 ovis
2589 1761 2776 1801 eorum
2804 1787 2818 1811 ,
2860 1750 3140 1804 morietur.
3183 1771 3201 1803 ι
3243 1752 3396 1821 Quod

1830 1836 1873 1890 si
1907 1836 2027 1905 quis
2063 1836 2367 1905 reperiatur
2404 1837 2486 1890 vir
2523 1838 2756 1906 prudens
2784 1878 2798 1903 ,
2836 1840 2925 1909 qui
2956 1841 3126 1908 possit
3155 1843 3244 1897 illa
3271 1854 3397 1899 tior-

1834 1927 1997 1981 taudo
2026 1937 2081 1982 et
2116 1928 2390 1995 arguendo
2436 1937 2722 1983 conterere
2745 1969 2760 1993 ,
2802 1930 2844 1983 is
2896 1930 3133 1987 inveniet
3167 1934 3217 1985 in
3256 1934 3357 1986 illis
3384 1977 3396 1999 ,

1832 2020 1979 2074 venti
2015 2028 2069 2075 et
2102 2019 2213 2073 lolii
2246 2020 2465 2074 odorem
2501 2022 2743 2089 putidum
2772 2031 2935 2090 atque
2972 2034 3312 2091 corruptum,
3346 2038 3397 2079 et

1833 2113 1885 2167 in
1920 2114 2003 2167 his
2044 2113 2295 2167 omnibus
2343 2112 2486 2168 foede
2531 2113 2825 2168 volutatum
2853 2126 2907 2168 et
2934 2114 3109 2169 latens
3156 2118 3395 2171 omnium

1833 2201 2104 2271 reptilium
2139 2201 2501 2265 teterrimum,
2543 2200 2629 2255 vel
2658 2202 2773 2255 visu
2802 2200 2917 2256 solo
2948 2201 3280 2258 letbiferum.
3314 2219 3398 2256 re-

1833 2294 2012 2365 gulum
2044 2293 2187 2349 dico.

1904 2384 2068 2439 Vens.
2094 2384 2127 2438 6
2153 2416 2173 2424 -
2207 2385 2259 2439 8.
2299 2402 2319 2436 ι
2355 2384 2482 2438 Tela
2514 2398 2701 2439 eorum
2731 2400 2837 2439 non
2885 2384 2987 2438 erit
3028 2385 3079 2438 in
3108 2383 3399 2437 vestimen-

1830 2485 1968 2542 tum,
2009 2490 2185 2546 neque
2213 2477 2527 2545 aperientur
2551 2476 2806 2545 operibus
2831 2476 2945 2531 suis
2979 2492 2993 2530 :
3020 2491 3184 2546 opera
3214 2489 3398 2529 eorum

1831 2582 1991 2638 opera
2024 2567 2329 2636 iniquitatis
2365 2586 2378 2621 :
2414 2568 2576 2636 pedes
2610 2576 2790 2621 autem
2818 2582 3005 2620 eorum
3036 2568 3103 2619 ad
3140 2565 3397 2619 malitiam

1831 2666 2075 2721 currunt,
2103 2658 2318 2712 veloces
2345 2659 2411 2712 ad
2444 2657 2826 2711 elfundeudum
2866 2658 3204 2725 sanguinem,
3230 2666 3283 2711 et
3307 2671 3402 2712 co—

1830 2749 2119 2819 gitationes
2151 2762 2360 2814 eorum,
2392 2748 2750 2817 cogitationes
2781 2762 2810 2799 a
2839 2748 3096 2801 cretlibus.
3129 2746 3405 2801 Coutritio

1830 2848 1883 2893 et
1911 2838 2125 2892 miseria
2150 2838 2200 2891 in
2234 2837 2335 2892 viis
2363 2852 2569 2912 eorum,
2606 2846 2659 2891 et
2699 2837 2841 2890 viam
2870 2838 3021 2904 pacis
3049 2851 3154 2889 uou
3187 2851 3393 2904 cogno-

1830 2938 2041 2986 verunt.
2081 2948 2102 2982 ι
2132 2928 2315 2998 Neque
2341 2928 2483 2983 enim
2516 2928 2665 2997 pacis
2694 2928 2992 2995 principem
3036 2938 3354 2995 receperunt
3382 2967 3395 2989 ,

1829 3023 1895 3077 de
1918 3036 2023 3090 quo
2055 3022 2256 3074 dictum
2291 3030 2406 3074 est:
2434 3037 2452 3069 ‹
2496 3017 2614 3088 Ipse
2635 3021 2777 3072 enim
2809 3032 2890 3073 est
2921 3034 3021 3083 pax
3048 3030 3232 3072 nostra
3254 3019 3331 3071 ¹⁸;
3374 3038 3392 3068 ι

1830 3124 2157 3182 quapropter
2207 3127 2325 3166 eam
2382 3110 2660 3179 discipulis
2707 3119 2964 3180 procurat
3010 3113 3123 3164 suis
3172 3111 3394 3168 dicens.

1835 3227 1853 3259 ι
1891 3207 2083 3262 Pacem
2140 3222 2315 3260 meam
2349 3206 2416 3260 d0
2445 3206 2599 3260 vobis
2623 3245 2639 3269 ,
2680 3220 2865 3273 pacem
2921 3222 3109 3261 meam.
3150 3207 3397 3275 relinquo

1828 3296 2056 3351 vobis“.
2074 3316 2193 3347 I—t
2224 3296 2290 3349 Et
2309 3311 2411 3348 non
2429 3294 2781 3363 estjudicium
2810 3294 2859 3347 in
2884 3295 3204 3347 viiseoruin.
3223 3294 3399 3347 Semi-

1829 3398 1895 3440 ta:
1921 3388 2063 3441 enim
2089 3400 2271 3439 eorum
2304 3398 2739 3454 perversa:,quas
2770 3395 3175 3453 pertranseuut,
3207 3397 3261 3438 et
3289 3402 3397 3439 ucn

1829 3486 2091 3531 noverunt
2122 3491 2329 3544 pacem.
2374 3494 2391 3526 ι
2428 3474 2559 3529 Nam
2586 3490 2707 3529 eum
2733 3476 2943 3529 divinas
2973 3475 3284 3544 Scripturas
3316 3487 3397 3528 at-

1827 3570 2071 3639 tingunt,
2101 3569 2152 3621 in
2183 3566 2550 3637 nrofiiuditate
2582 3568 2870 3621 verborum
2897 3570 3151 3620 latentem
3182 3578 3396 3620 sentcn-

1826 3661 1954 3714 tiam
1993 3675 2096 3714 non
2126 3660 2434 3729 intelligunt
2469 3676 2481 3711 :
2515 3659 2610 3713 sed
2643 3658 2733 3711 uui
2769 3658 2993 3712 dictioni
3020 3670 3296 3724 vacantes,
3324 3663 3397 3711 ri-

1824 3754 2018 3807 dentur
2041 3752 2193 3823 quasi
2227 3766 2437 3804 murum
2475 3758 2837 3806 contrectare.

1896 3932 2060 3989 Vsus.
2102 3932 2158 3997 9,
2204 3934 2290 3989 10.
2334 3952 2352 3984 ι
2409 3932 2697 4002 Pr0pterea
2737 3934 2964 3987 recessit
3008 3934 3273 4002 judicium
3327 3936 3397 3987 r-b

1823 4026 1933 4089 eis,
1966 4042 2061 4080 nec
2111 4025 2477 4094 appreltendet
2527 4040 2619 4079 eos
2664 4024 2908 4094 justitia;
2940 4039 3060 4077 cum
3102 4035 3384 4093 exspecta-

1823 4127 1943 4173 rent
1978 4118 2169 4181 lucem,
2205 4117 2361 4171 iactae
2391 4116 2617 4171 suuteis
2654 4117 2887 4170 tenebra?
2914 4133 2928 4181 ;
2960 4131 3079 4169 cum
3109 4125 3390 4183 exspecta-

1823 4218 1942 4265 rent
1969 4208 2248 4277 fulgorem,
2276 4207 2330 4261 in
2358 4208 2590 4277 caligine
2617 4207 3048 4261 ambulaverunt.
3090 4205 3389 4274 Palpabunt

1824 4312 2071 4367 tanquam
2102 4299 2226 4353 ca'ci
2256 4314 2464 4351 murum
2484 4316 2497 4351 :
2517 4310 2570 4352 et
2598 4298 2749 4367 quasi
2779 4298 2965 4352 oculos
3000 4313 3104 4351 non
3133 4298 3401 4363 habeant,

1820 4394 2203 4449 attrectabunt.
2239 4391 2304 4446 Et
2327 4392 2524 4446 cadent
2560 4392 2612 4446 in
2654 4391 2881 4446 meridie
2911 4400 3164 4459 tauquam
3198 4392 3248 4443 in
3280 4406 3386 4444 ηιρ-

1819 4488 1905 4541 dia
1933 4497 2113 4551 nocte,
2142 4486 2293 4550 quasi
2328 4484 2619 4539 morientes
2648 4484 3020 4553 ingeniiscent.
3070 4502 3087 4534 ι
3127 4482 3400 4550 Tempom

145 4572 231 4625 τοῦ
264 4574 375 4627 τῶν
408 4574 572 4627 ἐθνῶν
619 4576 990 4647 μεσημϐρινοῦ
1022 4578 1217 4643 φωτὸς,
1265 4581 1384 4643 ταῖς
1432 4582 1717 4652 σωτηρίοις

1830 4568 2132 4634 meridiana:
2159 4578 2394 4648 gentium
2423 4577 2560 4631 lucis
2582 4616 2596 4639 ,
2624 4576 2953 4631 salutaribus
2979 4587 3030 4630 et
3054 4575 3394 4644 evangelicis.

148 4664 229 4717 καὶ
276 4666 661 4733 εὑαγγελικαῖς
708 4667 901 4734 αὑταῖς
934 4669 1032 4739 τῆς
1072 4670 1391 4739 Ἑκκλησίας
1435 4670 1527 4723 τοῦ
1580 4670 1712 4724 Θεοῦ

147 4756 662 4827 καταλαμπομένης,
699 4757 846 4827 μόνοι
882 4759 1054 4819 αὑτοὶ,
1086 4760 1159 4821 ὡς
1184 4759 1249 4813 ἂν
1278 4761 1346 4813 τά
1380 4762 1513 4831 πρὸς
1556 4761 1716 4815 θάνα-

145 4863 229 4900 τον
258 4848 664 4920 ἡμαρτηκότες,
718 4849 1057 4913 πεπτώκασι,
1118 4843 1229 4903 καὶ⁶
1254 4851 1438 4923 ῶσπερ
1468 4854 1524 4904 ἐν
1553 4870 1713 4923 μεσο-

148 4941 344 5010 νυκτίῳ
365 4940 662 5006 διάγουσιν.

217 5051 233 5081 ι
286 5032 376 5095 Ὠς
412 5033 609 5101 ἄρκτος
654 5032 684 5103 ἢ
733 5031 806 5093 ὡς
846 5033 1140 5105 περιστερὰ
1186 5033 1299 5103 ἄμα
1339 5033 1708 5104 πορεύσονται.

156 5121 543 5194 ’ἀνεμείναμεν
571 5125 770 5196 κρίσιν,
800 5125 891 5176 καὶ
920 5125 1019 5176 οὑκ
1051 5124 1162 5177 ἔστι
1190 5125 1461 5196 σωτηρία·
1500 5125 1713 5196 μακρὰν

148 5216 453 5287 ἀφέστηκεν
512 5216 603 5284 ἀφ’
654 5216 832 5286 ήμῶν.
889 5217 1063 5286 Πολλὴ
1116 5217 1223 5287 γὰρ
1254 5217 1409 5287 ἡμῶν
1444 5219 1477 5287 ἡ
1518 5219 1713 5288 ἀνομία

148 5308 384 5360 ἐναντίον
432 5324 544 5369 σου,
604 5309 697 5360 καὶ
752 5309 806 5360 αἰ
861 5307 1123 5379 ἁμαρτίαι
1174 5305 1329 5377 ἡμῶν
1382 5308 1712 5377 ἀντέστησαν

150 5399 299 5468 ἡμῖν’
334 5401 391 5451 αἱ
421 5398 528 5469 γὰρ
560 5398 775 5470 ἀνομίαι
810 5398 965 5469 ἡμῶν
990 5401 1044 5450 ἐν
1084 5400 1233 5467 ἡμῖν,
1272 5400 1365 5451 καὶ
1412 5398 1479 5450 τὰ
1522 5398 1711 5469 ἀδική-

152 5508 287 5557 ματα
321 5491 478 5560 ἡμῶν
507 5490 766 5560 ἔγνωμεν.
809 5510 826 5541 ι
858 5493 921 5543 Οἱ
947 5490 1053 5561 γὰρ
1101 5490 1391 5561 στεναγμοὶ
1431 5491 1626 5553 αὑτῶν,
1663 5492 1711 5542 εί

153 5581 241 5648 μὲν
270 5582 414 5637 κατὰ
439 5582 594 5651 λόγον
625 5583 861 5651 ἐγίνοντο
884 5581 1024 5649 ὑπὲρ
1059 5574 1132 5631 ὧν
1166 5581 1527 5652 τετολμήκασι
1572 5579 1709 5633 κατὰ

156 5672 234 5724 τοῦ
266 5675 534 5743 Σωτῆρος,
562 5674 856 5741 ὲπωφελεῖς
886 5672 1127 5741 ἐγένοντο
1159 5672 1242 5726 ἀν.
1288 5674 1406 5743 Χρὴ
1458 5673 1565 5743 γὰρ
1612 5672 1707 5724 αὑ-

214 5874 259 5905 “
301 5876 495 5944 Ephes.
530 5893 587 5941 ιι,
624 5876 707 5931 Η.
789 5877 831 5908 ⁸⁸
858 5876 1011 5931 Jnau.
1042 5877 1265 5941 xav,9.7.

1823 4669 1985 4723 radiis
2015 4669 2279 4723 illustrata
2322 4668 2562 4722 Ecclesia
2594 4666 2690 4720 Dei
2718 4706 2731 4729 ,
2772 4666 2868 4735 ipsi
2899 4666 2999 4719 soli
3030 4706 3044 4730 ,
3076 4675 3263 4735 utpote
3289 4669 3391 4734 qui

1818 4760 1881 4812 ad
1911 4770 2138 4813 mortem
2175 4758 2519 4827 peccaverint
2545 4795 2562 4820 ,
2611 4755 2819 4825 delapsi
2851 4765 3014 4817 sunt,
3058 4766 3111 4808 et
3136 4755 3287 4823 quasi
3332 4754 3395 4810 in.

1818 4850 1991 4904 media
2029 4860 2184 4905 nocte
2209 4862 2395 4918 agunt.

1891 5032 2049 5087 Vsus.
2085 5032 2170 5091 11.
2204 5032 2289 5086 1‘2.
2329 5050 2347 5082 ι
2377 5032 2655 5100 Tanquam
2691 5036 2984 5091 ursus,aut
3016 5035 3264 5095 tanquam
3290 5039 3385 5077 co~

1817 5129 1993 5181 lumba
2029 5125 2188 5180 simul
2227 5125 2498 5180 ineedent.
2542 5122 2986 5191 Exspectavimus
3019 5117 3382 5187 judicium.et.

1815 5236 1917 5273 non
1958 5228 2041 5273 est
2067 5218 2210 5272 salus
2244 5234 2259 5271 :
2294 5218 2454 5288 longe
2488 5218 2713 5270 recessit
2742 5230 2768 5265 a
2810 5212 2984 5267 nobis.
3028 5210 3190 5262 Multa
3231 5206 3378 5261 enim

1815 5312 2071 5380 iniquitas
2103 5318 2283 5364 nostra
2327 5309 2379 5362 in
2427 5316 2716 5375 conspectu
2769 5314 2861 5356 tuo
2886 5343 2899 5364 ,
2936 5311 2988 5353 et
3019 5311 3237 5369 peccata
3277 5313 3376 5351 no-

1813 5415 1921 5455 Stra
1961 5400 2285 5455 obstiterunt
2332 5399 2509 5451 nobis.
2554 5395 2869 5463 lniquitates
2902 5392 3046 5444 enim
3093 5398 3294 5442 nostra;
3322 5387 3375 5439 iu

1815 5492 1971 5545 nobis
2022 5500 2146 5545 sunt
2178 5530 2193 5555 ,
2232 5498 2288 5544 et
2340 5486 2631 5555 iujustitias
2678 5494 2889 5537 nostras
2933 5480 3305 5550 cognovimus.
3348 5499 3371 5530 ι

1812 5580 1942 5633 Nam
1983 5580 2216 5650 gemitus
2279 5578 2515 5647 ipsorum
2548 5614 2563 5642 ,
2624 5574 2886 5643 siquidem
2927 5574 3133 5624 ratione
3184 5584 3373 5623 eoum

1809 5688 1929 5743 qua:
1960 5681 2150 5729 contra
2184 5670 2520 5726 Salvatorem
2552 5667 2668 5721 ausi
2708 5674 2854 5729 sunt,
2894 5664 3076 5719 emissi
3120 5662 3373 5727 fuissent,
