3968 6508
449 5716 473 5760 l

500 406 600 463 481

1174 399 1441 457 EUSEBII
1477 399 1954 456 CAESARIE‘NSIS
2028 400 2178 459 OPP.
2221 401 2401 457 PARS
2438 401 2523 458 111.
2565 430 2634 446 --
2672 400 3079 460 EXEGETICA.

3638 407 3755 463 488

500 527 633 596 ipsis
669 540 800 582 sane
831 522 1091 579 l'ructuosi
1141 521 1308 578 futuri
1346 534 1525 579 erant.
1564 523 1772 579 Etenim
1806 540 1942 594 opus
1979 533 2061 579 est

2171 526 2288 588 τοὺς
2314 527 2405 578 καὶ
2424 525 2637 579 πενθεῖν
2666 526 2757 577 καὶ
2786 524 3080 589 στενάζειν,
3112 525 3205 578 καὶ
3230 525 3612 598 ἀποδύρεσθαι,
3640 528 3747 581 καὶ

500 621 645 690 ipsos
682 619 883 687 lugere,
929 617 1318 687 ingemiscere,
1361 617 1647 671 lamentari
1714 627 1768 672 et
1792 618 2066 687 plangere,

499 710 798 780 sanguinis,
833 724 992 779 quem
1030 709 1354 772 ell'uderunt,
1391 724 1572 763 causa.
1611 710 1802 765 Verum
1850 711 1974 779 quia
2011 710 2064 764 id

499 815 659 869 agere
713 816 819 853 non
855 800 1141 861 videnlur,
1188 800 1280 852 sed
1337 800 1520 853 urbem
1582 799 1727 853 illam
1777 801 2065 866 sensilem,

498 890 924 961 Hierosolymam
956 891 1101 953 dico,
1124 890 1427 960 deplorant,
1448 900 1498 945 et
1516 891 1723 944 ruinam
1742 891 1856 957 ejus
1880 893 2069 946 stolide

498 981 719 1049 lugent,
744 980 869 1047 jure
904 980 1086 1034 bestiae
1112 979 1239 1034 ferte
1279 991 1679 1048 comparantur.
1709 979 2066 1047 Quamobrem

496 1071 733 1127 dicitur:
775 1092 793 1124 ι
836 1071 900 1124 Ει
925 1072 1278 1143 ingemiscent
1310 1082 1560 1141 tanquam
1594 1088 1790 1136 ursus;
1820 1091 1838 1123 ι
1870 1073 1921 1126 in
1948 1073 2069 1127 aliis

496 1178 627 1217 vero
679 1164 898 1228 dicitur,
941 1181 961 1215 ‹
1026 1160 1181 1216 Sicut
1219 1176 1341 1215 ursa
1394 1162 1546 1228 prole
1579 1162 1791 1216 orbata.
1832 1181 1849 1212 ι
1894 1160 2068 1218 Ursus

496 1256 678 1324 itaque
726 1264 1012 1319 vocantur,
1064 1254 1188 1322 quia
1228 1253 1342 1308 haec
1390 1253 1503 1307 fera
1546 1253 1795 1307 homines
1825 1254 2065 1309 devorat.

495 1346 938 1413 Quandoquidem
994 1352 1050 1398 et
1095 1344 1197 1413 ipsi
1239 1345 1483 1398 homines
1524 1343 1875 1409 devorabant,
1908 1346 2068 1398 credi—

497 1439 598 1493 bus
633 1446 887 1492 vacantes
914 1476 929 1500 ,
978 1444 1034 1491 et
1060 1437 1351 1506 prophetas
1376 1435 1732 1501 occidentes;
1768 1450 1906 1490 ursae
1941 1437 2068 1491 item

496 1529 651 1598 prole
678 1530 887 1584 orbata:
913 1527 1117 1584 similes
1147 1537 1296 1593 sunt,
1336 1529 1406 1583 ob
1434 1528 1663 1582 ﬁliorum
1700 1544 1920 1584 suorum
1956 1530 2072 1585 exi-

501 1621 636 1674 tium

571 1713 731 1769 Vens.
761 1713 843 1767 l3.
883 1729 903 1764 ι
937 1711 1102 1782 Impie
1146 1710 1376 1782 egimus,
1416 1721 1471 1767 et
1510 1714 1719 1767 mentiti
1768 1727 1986 1777 sumus,
2015 1720 2070 1766 et

493 1808 903 1865 retrocessimus
941 1822 969 1860 a
1009 1806 1118 1860 Deo
1155 1816 1361 1861 nostro.
1395 1804 1580 1859 Locuti
1630 1820 1814 1859 sumus
1861 1805 2065 1873 iniqua,

2174 615 2445 688 δακρύειν,
2474 610 2549 669 ὧν
2582 616 2791 686 ἑξέχεον
2833 617 3077 686 αἱμάτων
3099 616 3280 670 ἕνεκα.
3315 618 3465 671 Ἐπεὶ
3495 618 3551 671 δὲ
3580 618 3754 672 τοῦτο

2178 708 2275 777 μὲν
2298 708 2356 760 ού
2394 706 2832 778 προσποιοῦνται,
2869 707 2965 777 τὴν
3008 706 3064 759 δὲ
3111 708 3262 760 πόλιν
3311 708 3409 779 τὴν
3452 708 3751 781 αἰσθητὴν,

2173 800 2314 869 λέγω
2370 800 2435 869 δὴ
2485 800 2581 870 τὴν
2624 799 2994 870 Ἰερουσαλὴμ,
3041 800 3446 864 ἀποκλαίονται,
3496 802 3592 856 καὶ
3639 803 3753 873 τὴν

2177 895 2381 948 πτῶσιν
2430 895 2597 964 αὐτῆς
2636 892 2977 956 στενάζουσιν
3015 892 3253 961 ἀλόγως·
3297 892 3519 956 εἰκότως
3560 893 3749 963 ἀγρίῳ

2175 986 2347 1058 θηρίῳ
2362 985 2798 1056 παρεϐλήθησαν.
2820 984 2908 1036 Διὸ
2924 984 3189 1037 λέλεκται·
3219 1005 3235 1035 ι
3258 984 3367 1037 Kal
3395 984 3749 1050 στενάξουσιν

2171 1080 2246 1144 ὡς
2268 1080 2494 1151 ἄρκτος·
2526 1098 2544 1129 ι
2579 1079 2673 1132 καὶ
2715 1080 2772 1132 ὲν
2812 1078 2990 1141 ἄλλοις
3015 1078 3070 1131 δὲ
3097 1078 3343 1149 εἴρηται·
3378 1097 3395 1129 ι
3434 1079 3521 1141 Ὠς
3536 1079 3745 1149 ἄρκτος

2173 1171 2561 1242 ἀτεκνουμένη.
2596 1191 2614 1223 ι
2641 1173 2871 1243 Ἀρκτος
2912 1172 3011 1242 μὲν
3041 1167 3132 1225 οὖν
3169 1170 3256 1224 διὰ
3293 1170 3353 1224 τὺ
3399 1171 3753 1243 ἀνθρωποϐὀ-

2174 1281 2264 1334 ρον
2286 1264 2380 1316 τοῦ
2419 1262 2581 1333 θηρὸς
2602 1264 3013 1334 ὠνομάσθησαν.
3054 1265 3205 1317 Ἐπεὶ
3230 1265 3324 1317 καὶ
3353 1264 3508 1317 αὐτοὶ
3533 1265 3630 1319 ἀνθ
3641 1266 3752 1336 ρώ-

2174 1375 2306 1419 πους
2328 1356 2526 1425 ἔφαγον
2552 1357 2974 1427 μιαιφονοῦντες,
3008 1359 3101 1411 καὶ
3124 1358 3250 1421 τοὺς
3284 1359 3561 1429 προφήτας
3590 1358 3753 1410 ἀναι-

2178 1449 2396 1520 ροῦντες
2416 1467 2428 1479 ·
2461 1452 2684 1503 ἀτεκνου
2693 1449 2830 1521 μένῃ
2858 1449 2913 1503 δὲ
2941 1450 3127 1521 ἄρκτῳ
3152 1449 3624 1521 παρωμοιώθησαν
3657 1449 3754 1504 διὰ

2170 1546 2268 1619 τὴν
2289 1544 2559 1599 ἀπώλειαν
2576 1544 2683 1597 τῶν
2710 1542 2912 1597 τέκνων
2940 1542 3139 1597 αὐτῶν.

2248 1744 2266 1774 ι
2289 1723 2487 1795 Ἡσεϐή
2496 1741 2684 1795 σαμεν,
2702 1725 2794 1778 καὶ
2807 1723 3170 1795 ὲψευσάμεθα,
3185 1724 3279 1778 καὶ
3295 1723 3500 1793 ἀπέστη
3510 1740 3609 1793 μεν
3625 1738 3754 1778 οπι-

2176 1814 2299 1867 σθεν
2327 1814 2420 1867 τοῦ
2466 1814 2600 1867 Θεοῦ
2635 1813 2809 1886 ἡμῶν.
2852 1813 3218 1886 Ἐλαλήσαμεν
3246 1814 3424 1873 ἄδικα,
3459 1813 3549 1865 καὶ
3587 1814 3753 1882 ἠπει-

494 1910 551 1955 et
596 1900 1011 1969 inobsequentes
1064 1896 1284 1952 fuimus.
1336 1896 1690 1966 Concepimus
1730 1906 1785 1951 et
1830 1894 2065 1952 meditati

2173 1904 2434 1975 θήσαμεν.
2479 1903 2759 1975 Ἐκύομεν,
2812 1904 2904 1958 καὶ
2932 1903 3337 1976 ὲμελετήσαμεν
3382 1904 3490 1956 ἀπὸ
3518 1902 3751 1972 καρδίας

494 2006 682 2046 sumus
726 1991 792 2045 de
824 1989 986 2043 corde
1017 1997 1206 2043 nostro
1236 1989 1398 2043 verba
1449 1988 1649 2057 iniqua.
1684 2006 1702 2039 ι
1740 1987 1863 2041 Haec
1893 1996 2069 2041 autem

491 2082 750 2151 propheta
795 2081 927 2134 dicit
969 2094 1034 2134 ex
1085 2092 1314 2147 persona
1358 2077 1568 2146 populi,
1619 2078 1816 2132 docens
1857 2092 1983 2141 eos,
2014 2086 2071 2131 ut

492 2172 848 2227 conﬁteantur
880 2169 990 2224 Deo
1034 2181 1280 2239 peccata,
1309 2178 1365 2222 et
1396 2182 1515 2223 sese
1555 2177 1810 2222 accusent
1838 2184 1851 2231 ;
1883 2177 1940 2221 ut
1988 2167 2071 2222 vel

493 2265 565 2317 ita
608 2263 796 2318 saltem
846 2261 1025 2315 animo
1074 2258 1417 2328 compuncti,
1459 2258 1684 2325 gradum
1734 2265 1987 2313 revocent
2016 2268 2071 2313 et

491 2362 873 2409 convertantur
904 2349 1274 2418 paenitentiam
1310 2348 1518 2403 edocti.

567 2443 726 2498 Vens.
758 2442 941 2495 “~20.
977 2460 995 2492 ι
1034 2441 1100 2495 Ει
1149 2441 1471 2496 abduximus
1522 2448 1667 2493 retro
1706 2439 1985 2508 judicium,
2016 2451 2069 2496 et

486 2538 695 2608 justitia
727 2536 881 2606 longe
910 2533 1156 2589 discessit
1182 2548 1196 2583 :
1227 2532 1482 2601 quoniam
1532 2540 1851 2601 consumpta
1902 2543 1982 2587 est
2014 2532 2066 2587 in

490 2628 595 2683 viis
619 2642 803 2682 eorum
829 2626 1050 2687 veritas,
1081 2632 1137 2678 et
1180 2637 1275 2692 per
1322 2631 1530 2677 rectum
1562 2623 1665 2676 iter
1705 2625 1937 2679 transire
1963 2640 2065 2677 nos

490 2728 803 2789 potuerunt.
833 2717 899 2771 Et
930 2717 1135 2771 veritas
1179 2713 1389 2769 sublata
1438 2725 1557 2777 est,
1588 2721 1642 2768 et
1676 2714 2070 2771 transtulerunt

490 2817 748 2870 mentem,
783 2816 844 2860 ut
886 2819 992 2860 non
1020 2802 1401 2873 intelligerent.
1440 2802 1506 2857 Et
1544 2803 1680 2857 vidit
1710 2803 1990 2868 Dominus,
2016 2814 2069 2858 et

490 2912 599 2951 non
632 2895 829 2963 placuit
862 2895 988 2964 ipsi,
1021 2895 1146 2964 quia
1185 2908 1291 2948 non
1332 2904 1449 2949 erat
1474 2892 1759 2963 judicium.
1798 2895 1866 2948 Et
1914 2897 2065 2959 vidit,

488 2998 545 3041 et
578 3003 683 3041 nou
715 2996 833 3042 erat
866 2987 987 3041 vir:
1013 2996 1065 3041 et
1096 2985 1487 3049 consideravit,
1513 2993 1692 3040 etnon
1714 2995 1833 3040 erat
1859 2988 1949 3055 qui
1972 2989 2066 3041 de-

491 3077 773 3131 fenderet:
802 3085 857 3130 et
882 3075 1026 3130 ultus
1054 3083 1138 3130 est
1162 3090 1255 3131 eos
1281 3074 1506 3130 brachio
1536 3090 1653 3138 suo,
1677 3083 1732 3130 et
1761 3076 2065 3132 misericor-

491 3168 576 3221 dia
616 3166 976 3223 conﬁrmavit.
1016 3165 1084 3220 Et
1130 3164 1306 3219 induit
1330 3163 1597 3233 justitiam
1636 3167 1793 3234 quasi
1820 3165 2061 3235 loricam,

490 3269 547 3314 et
583 3257 967 3329 circumposuit
1005 3256 1211 3327 galeam
1252 3255 1507 3312 salutaris
1544 3256 1596 3310 in
1628 3256 1835 3326 capite,
1865 3266 1918 3311 et
1962 3258 2069 3313 cir-

492 3352 764 3408 cumdedit
806 3364 864 3405 se
900 3348 1224 3403 vestimento
1254 3347 1474 3402 ultionis
1515 3362 1529 3399 :
1563 3356 1617 3401 et
1664 3347 1898 3401 amictus
1934 3348 2069 3416 ejus,

491 3438 743 3510 tanquam
771 3439 1134 3495 relributurus
1157 3438 1228 3493 sit
1257 3436 1691 3499 retributionem,
1719 3438 2069 3506 opprobrium

491 3532 839 3587 adversariis.
886 3530 952 3583 Et
996 3529 1265 3584 timebunt
1303 3527 1678 3583 Occidentales
1732 3542 1925 3582 nomen
1966 3530 2069 3582 Do-

493 3626 645 3690 mini,
677 3634 732 3679 et
759 3623 848 3692 qui
878 3629 1003 3678 sunt
1051 3622 1118 3676 ab
1152 3630 1273 3676 ortu
1315 3620 1481 3687 solis,
1521 3634 1717 3674 nomen
1754 3620 2068 3690 gloriosum.

496 3717 686 3772 Veniet
706 3715 874 3779 enim,
910 3713 1067 3784 quasi
1094 3711 1290 3768 ﬂuvius
1322 3712 1588 3766 violentus
1617 3712 1695 3765 ira
1728 3726 1759 3765 a
1793 3712 2019 3767 Domino
2050 3739 2066 3777 ε

489 3808 671 3864 veniet
700 3822 820 3863 cum
870 3806 1071 3873 lurore,
1106 3814 1160 3859 et
1192 3805 1373 3859 veniet
1405 3813 1623 3874 propter
1653 3802 1782 3858 Sion
1813 3804 1902 3873 qui
1939 3803 2070 3859 libe-

484 3911 598 3966 rat,
626 3911 681 3955 et
709 3906 917 3954 avertet
967 3898 1270 3967 impietates
1305 3913 1335 3951 a
1381 3894 1568 3951 Jacob.
1606 3914 1623 3948 ι
1663 3895 1762 3951 Hic
1797 3895 1925 3950 item
1973 3911 2069 3964 per

486 3995 622 4050 Sion
655 3995 741 4063 pia
789 3991 975 4063 religio
1013 3990 1372 4061 signiﬁcatur,
1416 4004 1577 4058 quam
1619 3988 1850 4044 diversis
1894 3989 2066 4043 modis

484 4087 786 4143 Ecclesiam
825 4085 918 4139 Dei
972 4098 1095 4139 esse
1141 4082 1546 4153 comprobatum
1594 4093 1699 4137 est.
1753 4081 1918 4150 llujus
1963 4082 2065 4136 ita-

487 4196 593 4251 que
627 4180 721 4234 Dei
747 4177 982 4233 civitatis
1011 4191 1176 4232 causa
1209 4184 1466 4231 venturus
1502 4172 1760 4229 liberator
1781 4188 1899 4228 esse
1928 4174 2063 4229 dici-

489 4284 597 4338 tur,
642 4272 731 4343 qui
769 4272 879 4342 jam
924 4284 1090 4340 prope
1124 4277 1227 4326 est.
1272 4266 1341 4322 Et
1383 4265 1512 4337 quid
1564 4264 1726 4321 faciet
1764 4264 2063 4321 ?Dimittet

488 4376 705 4436 peccata
738 4362 1125 4419 accedentibus
1149 4362 1218 4417 ad
1247 4376 1325 4417 se.

564 4540 727 4595 Vens.
753 4540 843 4595 21.
874 4558 893 4593 ι
932 4540 1000 4595 Ει
1044 4540 1147 4596 hoc
1169 4539 1299 4611 ipsis
1334 4538 1732 4594 Testamentum
1759 4554 1789 4593 a
1820 4553 1905 4592 me
1956 4547 2055 4605 est,
2091 4570 2135 4625 ι)

490 4633 627 4686 dixit
662 4632 939 4686 Dominus.
962 4630 1195 4700 Spiritus
1237 4645 1407 4698 meus,
1437 4631 1526 4701 qui
1553 4641 1634 4685 est
1662 4631 1713 4684 in
1758 4640 1809 4685 te
1830 4648 1843 4685 :
1863 4642 1914 4684 et
1944 4646 2061 4684 ver-

492 4720 582 4788 ba,
612 4736 731 4789 quae
763 4720 886 4774 dedi
917 4720 970 4773 in
1006 4736 1068 4775 os
1098 4729 1247 4774 tuum
1279 4738 1293 4775 :
1325 4730 1381 4776 et
1430 4737 1533 4775 non
1574 4721 1824 4776 deﬁcient
1857 4735 1925 4774 ex
1966 4735 2060 4775 ore

490 4822 603 4879 tuo,
630 4827 802 4881 neque
825 4826 891 4867 ex
938 4826 1034 4868 ore
1081 4812 1305 4868 seminis
1328 4814 1425 4868 tui.
1456 4814 1604 4867 Dixit
1632 4814 1774 4867 enim
1804 4812 2061 4867 Dominus

493 4903 684 4958 amodo
721 4910 776 4957 et
826 4917 997 4971 usque
1026 4903 1078 4957 in
1109 4903 1384 4957 sacculum.
1414 4923 1433 4956 ι
1469 4904 1567 4959 Hic
1616 4905 1795 4973 itaque
1827 4904 2061 4972 Spiritus

486 4994 889 5051 Testamentum
917 5004 1035 5049 erat
1056 5010 1071 5047 :
1090 4996 1445 5065 quamobrem
1465 4996 1711 5051 Salvator
1728 5006 1781 5051 et
1801 4996 2057 5051 Dominus

488 5096 674 5142 noster
698 5085 852 5142 .lcsus
876 5085 1123 5141 Christus
1165 5084 1445 5157 discipulis
1474 5088 1585 5143 suis
1617 5087 1872 5157 Spiritum
1912 5088 2058 5143 dedit

483 5179 709 5234 dicens:
743 5195 762 5230 ι
788 5178 1027 5247 Accipite
1069 5176 1328 5245 Spiritum
1356 5188 1602 5233 sanctum
1636 5195 1652 5244 ;
1683 5178 1729 5233 si
1756 5178 2050 5248 cujuspiam

490 5269 806 5325 remiseritis
840 5278 1080 5340 pacata,
1126 5271 1470 5324 remittemur
1503 5270 1551 5323 ei
1586 5272 1651 5318 ιδ.
1688 5288 1705 5321 i
1744 5269 1852 5323 lloc
1895 5270 2057 5338 igitur

491 5360 695 5415 Novum
744 5360 1147 5416 Testamentum
1181 5372 1284 5427 est,
1314 5372 1367 5415 et
1398 5373 1557 5430 caput
1592 5361 1852 5431 mysterii,
1879 5358 2051 5429 Spiri-

492 5461 577 5507 tus
606 5463 846 5507 sanctus.
869 5453 937 5507 Et
960 5454 1140 5515 verba,
1171 5469 1288 5524 quae
1325 5453 1444 5508 dedi
1477 5454 1527 5506 in
1553 5468 1615 5508 os
1653 5464 1822 5515 tuum,
1842 5462 1895 5505 et
1942 5467 2044 5505 non

487 5544 756 5599 deﬁcient.
798 5564 816 5597 ι
848 5546 1063 5602 Manent
1088 5548 1229 5602 enim
1259 5557 1314 5602 et
1343 5548 1394 5601 in
1428 5546 1678 5615 praesenti
1708 5555 1762 5599 et
1786 5546 1837 5598 in
1871 5544 2048 5601 futuro

486 5634 679 5691 saeculo
704 5635 817 5690 haec
842 5638 1355 5703 omnia,secundum
1392 5636 1696 5693 Servatoris
1735 5637 1901 5692 nostri
1931 5652 2049 5691 ver-

554 5802 596 5836 “
625 5803 781 5862 Joan.
813 5824 903 5877 xx,
934 5810 1022 5883 22,
1054 5816 1141 5871 εἴ».

2172 1998 2327 2068 ἡμῶν
2365 1998 2555 2067 λόγους
2588 1998 2822 2060 ἀδίκους,
2846 2015 2864 2047 ι
2910 1996 3070 2065 Λέγει
3102 1996 3157 2049 δὲ
3185 1995 3356 2050 ταῦτα
3388 1996 3417 2047 6
3459 1994 3752 2065 προφήτης

2171 2090 2235 2141 ὲκ
2260 2088 2549 2161 προσώπου
2583 2088 2675 2141 τοῦ
2707 2086 2857 2154 λαοῦ,
2893 2087 3157 2142 διδάσκων
3184 2088 3379 2151 αὐτοὺς
3410 2086 3754 2155 ἐξομολογεῖ-

2172 2181 2292 2235 σθαι
2309 2182 2385 2252 τῷ
2408 2181 2524 2252 Θεῷ
2546 2182 2645 2244 τὰς
2663 2181 2932 2252 ἁμαρτίας
2949 2181 3041 2234 καὶ
3055 2182 3375 2251 κατηγορεῖν
3403 2180 3597 2241 αὐτοὺς
3617 2180 3752 2231 ἑαυ-

2168 2270 2298 2335 τῶν,
2317 2272 2402 2325 ἵνα
2416 2272 2517 2325 κᾶν
2538 2272 2729 2335 οὕτως,
2748 2270 3043 2342 πληγέντες
3063 2271 3159 2342 τὴν
3186 2271 3379 2342 ψυχὴν,
3409 2270 3750 2324 ἀνανεύσωσι

2168 2366 2260 2418 καὶ
2292 2365 2679 2434 ὲπιστρέψωσι,
2715 2366 2991 2436 μετανοεῖν
3009 2363 3361 2433 διδαχθέντες.

2245 2476 2262 2507 ι
2289 2456 2399 2510 Kal
2444 2457 2826 2527 ἀπεστήσαμεν
2872 2455 3045 2508 ὀπίσω
3087 2456 3181 2528 τὴν
3230 2457 3428 2529 κρίσιν,
3472 2459 3567 2511 καὶ
3596 2457 3630 2528 ἡ
3660 2456 3747 2510 δι-

2168 2544 2421 2615 καιοσύνη
2445 2544 2658 2615 μακρὰν
2689 2544 3022 2613 ἀφέστηκεν·
3049 2545 3129 2598 ὅτι
3155 2544 3504 2615 κατηναλώθη
3534 2547 3591 2597 ὲν
3618 2548 3747 2607 ταῖς

2167 2631 2305 2697 ὁδοῖς
2332 2634 2509 2688 αὐτῶν
2548 2636 2580 2705 ἡ
2622 2633 2865 2704 ἀλήθεια,
2890 2634 2983 2685 καὶ
3021 2633 3085 2687 δι’
3113 2634 3326 2696 εὐθείας
3362 2635 3459 2687 οὐκ
3491 2633 3747 2689 ἐδύναντο

2165 2727 2410 2780 διελθεῖν.
2458 2729 2568 2781 Kal
2600 2728 2633 2799 ἡ
2662 2728 2884 2799 ἀλήθεια
2913 2724 3097 2799 ἦρται,
3134 2728 3225 2780 καὶ
3271 2727 3601 2797 μετέστησαν
3642 2728 3746 2798 τὴν

2166 2815 2401 2869 διάνοιαν
2433 2816 2524 2868 τοῦ
2556 2816 2813 2871 συνιέναι.
2845 2818 2954 2870 Kal
2979 2814 3084 2869 εἶδε
3116 2815 3335 2886 Κύριος,
3365 2817 3457 2869 καὶ
3491 2816 3588 2869 οὐκ
3614 2817 3748 2888 ἦρε-

2169 2921 2259 2957 σεν
2291 2904 2459 2975 αὐτῷ,
2517 2906 2597 2958 ὅτι
2630 2907 2727 2959 οὐκ
2752 2902 2819 2978 ἦν
2844 2905 3043 2977 κρίσις.
3078 2907 3186 2958 Kal
3231 2900 3358 2969 εἶδε,
3405 2905 3499 2959 καὶ
3544 2907 3644 2959 οὐκ
3673 2902 3746 2977 ἦν

2168 2998 2306 3069 ἀνήρ
2330 3015 2344 3027 ’
2375 3000 2466 3052 καὶ
2488 3000 2800 3070 κατενόησε,
2830 3000 2922 3052 καὶ
2948 2999 3046 3051 οὐκ
3071 2993 3137 3069 ἦν
3168 2998 3584 3068 ἀντιληψόμενος
3603 3015 3616 3027 ο
3648 3001 3746 3054 καὶ

2166 3088 2412 3158 ἠμύνατο
2455 3090 2649 3154 αὐτοὺς
2688 3090 2765 3161 τῷ
2806 3089 3046 3163 βραχίονι
3078 3089 3262 3155 αὑτοῦ,
3298 3091 3391 3143 καὶ
3428 3092 3491 3159 τῇ
3520 3089 3746 3161 ἐλεημο-

2175 3177 2305 3248 σύνη
2333 3177 2669 3249 ὲστηρίσατο.
2719 3180 2828 3232 Kal
2860 3179 3140 3233 ἐνεδύσατο
3170 3178 3510 3250 δικαιοσύνην
3532 3180 3607 3244 ὡς
3636 3180 3741 3233 θὼ-

2177 3286 2339 3339 ρακα,
2362 3269 2454 3321 καὶ
2474 3269 2751 3341 περιέθετο
2777 3269 3201 3341 περικεφαλαίαν
3223 3270 3489 3340 σωτηρίου
3520 3270 3613 3322 ἐπὶ
3640 3272 3743 3341 τῆς

2176 3361 2436 3429 κεφαλῆς,
2470 3364 2562 3416 καὶ
2614 3361 2962 3433 περιεϐάλετο
2994 3362 3203 3433 ἱμάτιον
3238 3362 3567 3432 ἐκδικήσεως
3590 3379 3604 3392 ο
3644 3364 3742 3417 καὶ

2173 3450 2232 3503 τὸ
2264 3450 2603 3522 περιϐόλαιον
2627 3452 2810 3514 αὑτοῦ,
2844 3451 2919 3515 ὡς
2944 3449 3331 3504 ἀνταποδώσων
3360 3448 3738 3511 ἀνταπόδοσιν,

2171 3539 2366 3605 ὄνειδος
2398 3544 2505 3605 τοῖς
2526 3542 2874 3605 ὑπεναντίοις.
2892 3541 3000 3594 Kal
3026 3539 3418 3611 φοϐηθήσονται
3444 3539 3491 3590 οἱ
3514 3536 3738 3590 ἀπὸνδυο

2173 3632 2321 3702 σμῶν
2342 3633 2402 3685 τὸ
2424 3633 2591 3704 ὄνομα
2619 3633 2843 3703 Κυρίου,
2878 3632 2970 3685 καὶ
3002 3632 3049 3685 οἱ
3079 3632 3169 3685 ἀπ’
3201 3629 3469 3683 ἀνατολῶν
3503 3628 3649 3699 ἡλίου
3676 3628 3739 3681 τὸ

2169 3723 2334 3794 ὄνομα
2361 3724 2421 3777 τὸ
2452 3724 2677 3788 ἔνδοξον.
2702 3723 2855 3789 Ἥξει
2878 3723 2986 3795 γὰρ
3018 3723 3092 3787 ὡς
3119 3722 3358 3793 ποταμὸς
3393 3721 3561 3791 βιαῖος
3591 3723 3623 3789 ἡ
3653 3720 3741 3788 όρ-

2168 3814 2238 3886 γὴ
2270 3814 2418 3887 παρά
2461 3815 2694 3885 Κυρίουο
2722 3813 2838 3885 ἥξει
2867 3813 3004 3886 μετά
3031 3813 3226 3884 θυμοῦ,
3258 3813 3352 3866 καὶ
3391 3811 3507 3882 ἥξει
3549 3812 3739 3864 ἕνεκεν

2169 3904 2304 3960 Σιὼν
2326 3909 2354 3960 ὁ
2387 3907 2664 3978 ῥυόμενος,
2711 3907 2803 3960 καὶ
2837 3907 3169 3978 ἀποστρέψει
3204 3904 3454 3967 ἀσεϐείας
3478 3903 3588 3956 ἀπὸ
3627 3903 3736 3955 Ἰα-

2168 3997 2299 4049 κὼϐ.
2329 4018 2346 4049 ι
2384 3998 2550 4051 Πάλιν
2579 3998 2634 4050 δὲ
2668 3999 2761 4050 καὶ
2801 3997 3031 4051 ἐνταῦθα
3060 3997 3121 4049 τὸ
3164 3995 3407 4057 θεοσεϐὲς
3436 3993 3737 4064 πολίτευμα

2168 4086 2487 4157 σημαίνεται
2510 4088 2598 4141 διὰ
2636 4088 2732 4157 τῆς
2756 4086 2914 4149 Σιὼν,
2945 4087 3063 4157 ἥτις
3088 4086 3352 4157 διαφόρως
3384 4084 3737 4137 ἀπεδείκνυτο

2162 4172 2348 4248 οῦσαή
2388 4178 2678 4248 Ἐκκλησία
2716 4179 2808 4231 τοῦ
2845 4177 2997 4231 Θεοῦ.
3051 4177 3265 4247 Ταύτης
3298 4171 3389 4229 οῦν
3418 4174 3603 4227 ἕνεκεν
3634 4174 3735 4245 τῆς

2162 4268 2256 4321 τοῦ
2291 4268 2425 4322 Θεοῦ
2457 4270 2661 4333 πόλεως
2693 4269 2841 4340 ἥξειν
2885 4268 3101 4338 λέγεται
3153 4271 3180 4322 6
3210 4268 3467 4340 ῥυόμενος
3499 4269 3526 4320 6
3576 4267 3737 4337 ἀγχι-

2164 4360 2385 4415 στεύων.
2435 4362 2544 4414 Kal
2580 4362 2633 4414 τί
2684 4362 2930 4431 ποιήσει,
2979 4359 3327 4429 Συγχωρήσει
3374 4357 3471 4420 τὰς
3521 4356 3735 4421 ἀδικίας

2160 4456 2272 4516 τοῖς
2302 4452 2616 4523 προσιοῦσιν
2645 4452 2809 4523 αὐτῷ.

2239 4563 2256 4595 ι
2283 4545 2393 4597 Kal
2426 4544 2563 4614 αὕτη
2593 4545 2774 4607 αὐτοῖς
2810 4545 2843 4615 ἡ
2877 4544 3006 4615 παρ’
3028 4542 3159 4614 ἐμοῦ
3187 4541 3446 4612 Διαθήκη,
3473 4538 3592 4593 εἷπε
3620 4540 3736 4593 Κύ-

2165 4651 2295 4703 ριος.
2332 4635 2405 4687 Τὸ
2436 4633 2657 4704 Πνεῦμα
2678 4634 2738 4686 τὸ
2764 4634 2913 4705 ἐμὸν,
2942 4635 2970 4686 ὂ
2996 4635 3139 4685 ἐστιν
3168 4633 3257 4685 ἐπὶ
3287 4633 3387 4695 σοὶ,
3424 4631 3514 4684 καὶ
3542 4630 3607 4683 τά
3639 4632 3738 4702 ρή·

2163 4743 2305 4795 ματα
2338 4726 2373 4779 ἃ
2412 4725 2583 4779 ἔδωκα
2631 4727 2709 4788 εἰς
2741 4725 2801 4778 τὸ
2832 4724 3001 4795 στόμα
3037 4741 3128 4776 σου
3150 4740 3163 4753 ο
3210 4723 3303 4776 καὶ
3330 4723 3389 4775 οὐ
3426 4722 3498 4792 μὴ
3533 4721 3735 4793 ἐκλίπῃ

2159 4818 2222 4869 ὲκ
2245 4817 2338 4868 τοῦ
2373 4817 2634 4888 στόματός
2663 4833 2777 4880 σου,
2813 4817 2906 4870 καὶ
2942 4818 3005 4869 ὲκ
3032 4815 3124 4869 τοῦ
3152 4814 3415 4885 στόματος
3440 4812 3529 4866 τοῦ
3564 4812 3733 4879 σπέρη

2162 4906 2329 4974 ματός
2356 4923 2469 4959 σου.
2507 4902 2639 4958 Εἷπε
2677 4906 2785 4976 γὰρ
2817 4905 3018 4976 Κύριος
3041 4905 3148 4958 ἀπὸ
3170 4903 3261 4957 τοῦ
3286 4903 3379 4956 νῦν
3412 4903 3505 4955 καὶ
3537 4903 3615 4965 είς
3639 4902 3733 4954 τὸν

2158 4996 2347 5051 αἰῶνα.
2374 5017 2391 5050 ι
2426 4998 2594 5050 Τοῦτο
2619 4997 2747 5066 γοῦν
2774 4998 2832 5050 τὸ
2865 4998 3139 5069 Πνεῦμαή
3171 4995 3409 5067 Διαθήκη
3436 4994 3697 5063 ἐτύγχανε

2154 5088 2339 5160 διόπερ
2359 5089 2387 5140 ὁ
2415 5089 2601 5159 Σωτὴρ
2647 5090 2739 5141 καὶ
2770 5088 2973 5161 Κύριος
2997 5089 3154 5159 ἡμῶν
3198 5087 3403 5159 Ἰησοῦς
3440 5087 3468 5139 ὁ
3494 5084 3729 5158 Χριστὸς

2155 5182 2264 5242 τοῖς
2292 5178 2481 5231 ἑαυτοῦ
2510 5179 2777 5249 μαθηταῖς
2806 5180 2971 5232 ὲδίδου
2998 5180 3056 5233 τὸ
3083 5178 3304 5249 Πνεῦμα
3335 5177 3534 5245 λέγων’
3575 5194 3593 5225 r
3616 5175 3711 5231 Ad

2153 5269 2275 5322 ϐετε
2325 5269 2547 5340 Πνεῦμα
2578 5272 2749 5338 ἅγιον,
2784 5271 2877 5324 ἐάν
2905 5288 3047 5334 τινος
3075 5270 3246 5341 ἀφῆτε
3282 5267 3380 5330 τὰς
3425 5264 3721 5337 ἁμαρτιας,

2152 5359 2397 5431 ἀφίενται
2428 5361 2593 5431 αὐτῷ.
2620 5382 2637 5414 ι
2675 5361 2821 5433 Αὕτη
2855 5362 3031 5415 τοίνυν
3070 5363 3101 5431 ή
3135 5360 3310 5427 Καινὴ
3339 5357 3603 5427 Διαθὴκη,
3630 5356 3723 5409 καὶ

2152 5454 2212 5507 τὸ
2268 5454 2558 5523 κεφάλαιον
2588 5453 2681 5507 τοῦ
2714 5454 3032 5525 μυστηρίου,
3068 5453 3128 5505 τὸ
3175 5451 3397 5521 Πνεῦμα
3445 5447 3506 5501 τὸ
3545 5447 3719 5515 ἅγιον.

2160 5563 2176 5595 ι
2205 5547 2313 5598 Kal
2338 5546 2403 5599 τὰ
2438 5547 2659 5617 ῥήματα
2687 5546 2723 5600 ἃ
2755 5546 2927 5599 ἔδωκα
2968 5547 3047 5608 είς
3081 5543 3140 5596 τὸ
3169 5540 3261 5606 οὖς
3297 5560 3409 5608 σου,
3437 5542 3531 5594 καὶ
3554 5540 3616 5593 ού
3647 5538 3716 5611 μὴ

2152 5637 2366 5707 ἐκλίπῃ.
2394 5657 2412 5688 ι
2463 5637 2629 5691 Μένει
2660 5636 2767 5708 γὰρ
2792 5637 2882 5689 καὶ
2914 5638 2992 5700 είς
3021 5635 3110 5688 τὸν
3145 5636 3385 5706 παρόντα
3418 5634 3592 5688 αἰῶνα
3624 5630 3717 5685 καὶ
