3968 6534
236 462 338 516 ιςθ

1216 450 1715 507 COMMENTABIA
1758 452 1823 505 IN
1865 452 2115 508 ISAIAM.
2159 486 2225 494 —
2260 456 2415 511 CAP.
2459 456 2570 512 LX.

3387 454 3493 512 £90

234 583 311 642 si;
336 577 428 631 τδν
460 576 721 648 μέλλοντα
768 575 938 627 ταῦτα
974 573 1167 637 πάντα,
1214 571 1352 625 κατὰ
1397 573 1463 626 τὰ
1487 574 1737 644 ⁸ῥήματα,
1778 571 1813 625 ἃ

1938 589 1980 625 ιο
2018 576 2069 626 in
2096 574 2397 644 Evangeliis
2439 577 2631 631 tradita
2687 578 2757 632 ab
2799 576 2919 645 ipso
2944 575 3223 631 Salvatore
3257 572 3491 637 dicente.

234 666 471 732 ἐδίδαξεν
500 667 663 729 αὐτὸς
707 669 734 720 ὁ
768 664 959 736 Σωτὴρ
1004 667 1060 716 ἐν
1084 663 1435 731 Εύαγγελίοις
1480 663 1680 717 εἰπών·
1720 682 1737 713 ι
1761 665 1817 715 Ὀ

233 759 459 828 οὐρανὸς
509 760 604 812 καὶ
639 760 672 828 ἡ
714 757 787 827 γῆ
822 755 1231 827 παρελεύσεται,
1274 756 1319 807 οἱ
1350 754 1403 805 δὲ
1438 752 1583 821 λόγοι
1629 769 1727 823 μου
1756 754 1817 806 οὐ

235 851 310 922 μὴ
333 848 698 921 παρέλθωσιν.
733 867 752 899 ι

774 978 1169 1033 ΚΕΦΑΛΑῘΟΝ
1205 975 1279 1030 Ξθ.

303 1092 322 1123 ι
343 1069 611 1136 Φωτίξου,
643 1068 898 1139 φωτίζον,
938 1066 1320 1138 Ἰερουσαλήμ·
1360 1067 1483 1137 ῆκει
1505 1067 1613 1138 γάρ
1638 1083 1728 1119 σου
1759 1066 1819 1119 τὸ

230 1164 366 1232 φῶς,
398 1163 497 1217 καὶ
520 1165 553 1232 ἡ
578 1162 701 1227 δόξα
736 1162 939 1235 Κυρίου
971 1162 1063 1214 ἐπὶ
1092 1161 1151 1213 σὲ
1196 1158 1578 1214 ἀνατέταλκεν.
1604 1178 1622 1210 ι
1670 1158 1819 1212 Ἐπεὶ

228 1256 408 1309 τοίνυν
442 1258 471 1308 ό
502 1254 737 1326 Χριστὸς
770 1253 932 1317 αὐτὸς
956 1249 1022 1323 ἦν
1055 1252 1263 1333 τὸςφῶς
1288 1253 1381 1305 καὶ
1414 1254 1448 1323 ἡ
1473 1249 1698 1321 ἀλήθεια
1730 1251 1820 1302 καὶ

232 1348 430 1420 ήοζωὴ,
462 1348 556 1401 καὶ
584 1347 699 1417 φῶς
718 1348 827 1411 τοῖς
858 1347 937 1409 είς
955 1345 1045 1398 τὸν
1072 1344 1274 1414 κόσμον
1295 1360 1308 1372 ⁸
1341 1342 1562 1404 εἰκότως
1575 1341 1674 1412 τῆς
1702 1339 1822 1393 τού-

233 1457 323 1493 του
382 1438 687 1511 παρουσίας
743 1438 1037 1491 ἀπολαύειν
1094 1438 1122 1490 ό
1157 1436 1311 1506 λόγος
1356 1439 1423 1506 τῇ
1471 1434 1821 1505 Ἰερουσαλὴμ

235 1531 579 1605 προσεφώνει
634 1530 846 1599 λέγων·
900 1548 918 1579 ι
947 1529 1206 1605 Φωτίζου,
1256 1526 1511 1597 φωτίζον,
1547 1526 1814 1597 Ἰερουσα-

232 1626 344 1695 λήμ
364 1642 379 1653 ο
411 1625 540 1694 ἧκει
570 1622 677 1693 γάρ
702 1639 793 1675 σου
818 1622 878 1675 τὸ
915 1620 1045 1691 φῶς.
1077 1640 1095 1673 ι
1155 1620 1336 1690 Αύτῆς
1366 1619 1422 1672 δὲ
1447 1615 1584 1673 εἶναι
1619 1618 1816 1688 φάσκει

231 1718 291 1769 τὸ
312 1718 457 1787 φῶς,
484 1717 571 1770 διά
590 1717 650 1769 τὸ
673 1716 809 1786 αὐτῇ
832 1716 930 1778 τὰς
956 1714 1083 1785 περὶ
1105 1713 1197 1766 τοῦ
1228 1713 1465 1785 Χριστοῦ
1493 1712 1821 1781 ἐπαγγελίας

233 1808 339 1883 ὑπὸ
370 1806 483 1859 τῶν
514 1805 806 1877 προφητῶν
829 1804 1181 1876 κεκηρῦχθαι.
1219 1804 1281 1856 El
1308 1804 1404 1874 μὲν
1426 1801 1518 1857 οῦν
1541 1803 1821 1857 πεισθεῖσα

1925 685 1941 715 ι
1965 664 2170 720 ϐωιιιιιι
2212 676 2266 719 et
2305 677 2449 720 terra
2483 668 2804 732 transibunt,
2841 666 3002 723 verba
3033 676 3212 721 autem
3240 679 3357 720 mea
3384 679 3493 719 non

1929 758 2229 813 transibunt
2254 758 2319 812 ³⁸.
2342 779 2364 810 ι
2545 758 2552 769 ’

2517 978 2741 1035 CAPUT
2786 979 2896 1034 LX.

1991 1071 2153 1126 Vens.
2173 1073 2222 1126 1.
2246 1078 2278 1122 ι
2300 1071 2630 1139 llluminarc,
2653 1072 2978 1136 illuminare,
2999 1070 3320 1135 Jerusalem,
3348 1071 3500 1126 venit

1920 1168 2061 1220 enim
2109 1166 2283 1219 lumen
2335 1174 2501 1229 tuum,
2534 1175 2586 1218 et
2626 1164 2795 1231 gloria
2831 1163 3044 1218 Domini
3089 1179 3251 1232 super
3299 1172 3349 1218 te
3380 1171 3498 1217 orta

1920 1267 2025 1312 est.
2056 1276 2074 1308 ›
2114 1256 2379 1324 Quoniam
2408 1270 2537 1326 ergo
2566 1257 2679 1326 ipse
2709 1238 2961 1312 Christus
2994 1265 3111 1312 erat
3153 1256 3240 1309 lux
3266 1266 3321 1310 et
3360 1253 3505 1309 veri-

1924 1361 2003 1407 tas
2031 1361 2086 1405 et
2118 1351 2247 1416 vita,
2300 1348 2387 1402 lux
2417 1349 2625 1403 scilicet
2660 1350 2729 1403 iis
2749 1348 2841 1418 qui
2880 1348 2930 1401 in
2965 1348 3164 1401 mundo
3196 1358 3340 1408 sunt.
3384 1346 3504 1415 ejus

1920 1443 2202 1513 praesentia
2234 1441 2514 1495 fruiturum
2545 1439 2843 1495 Jerusalem
2878 1440 3075 1495 merito
3105 1440 3505 1508 praenuntiabat

1925 1537 2008 1590 his
2039 1536 2236 1599 verbis,
2270 1553 2289 1586 ‹
2320 1532 2627 1587 llluminare
2648 1573 2663 1597 ,
2701 1534 3027 1596 illuminare,
3054 1532 3379 1597 Jerusalem,
3410 1547 3503 1586 ve-

1922 1630 2000 1681 nit
2032 1628 2178 1682 enim
2213 1627 2301 1680 lux
2328 1637 2438 1680 tua.
2480 1644 2497 1676 ι
2533 1625 2661 1695 Ejus
2692 1638 2871 1682 autem
2900 1641 3019 1681 esse
3046 1626 3217 1680 lucem
3254 1625 3349 1690 ait,
3376 1626 3502 1694 quia

1929 1720 2029 1788 ipsi
2075 1720 2280 1772 venturi
2308 1718 2507 1773 Christi
2539 1719 2960 1788 pollicitationes
2998 1735 3026 1772 a
3063 1719 3340 1788 prophetis
3370 1734 3503 1789 pra:-

1924 1811 2114 1864 dicatae
2140 1818 2281 1862 sunt.
2312 1807 2367 1861 Si
2400 1808 2560 1878 igitur
2591 1819 2858 1876 praecepto
2894 1811 3182 1879 morigera,
3218 1809 3351 1863 lucis
3375 1823 3503 1862 cou-

232 1900 309 1971 τῷ
342 1899 787 1970 παραγγέλματι,
831 1896 923 1952 τοῦ
967 1898 1143 1973 φωτὸς
1192 1896 1524 1968 μετειλήφει,
1559 1897 1649 1950 τὸν
1686 1898 1821 1967 Χρι-

1938 1917 2042 1956 sors
2075 1902 2280 1966 fuisset,
2317 1899 2587 1954 Christum
2617 1900 2708 1955 Dei
2740 1901 3103 1969 suscipiendo,
3141 1916 3312 1970 usque
3354 1902 3405 1954 in
3437 1901 3502 1954 ﬁ-

234 1992 362 2045 στδν
384 1989 481 2043 τοῦ
515 1989 648 2042 Θεοῦ
683 1987 1124 2061 παραδεξαμένη,
1159 1987 1423 2057 διέμεινεν
1452 1988 1516 2041 ἂν
1543 1990 1600 2041 ἐν
1631 1988 1823 2061 είρήνῃ

1938 2013 2048 2052 nem
2072 1997 2257 2063 utique
2281 1996 2333 2049 in
2357 2009 2487 2065 pace
2514 1995 2821 2050 mansisset.
2846 1993 3054 2048 Etenim
3077 2008 3203 2049 ecce
3220 1993 3335 2061 jam
3358 1992 3507 2046 venit

234 2086 404 2158 μέχρι
436 2084 642 2146 τέλους.
697 2082 771 2134 Ἰῖδ
804 2081 911 2152 γὰρ
954 2081 1122 2135 πάλαι
1162 2097 1244 2134 σοι
1278 2081 1365 2134 διὰ
1396 2080 1504 2133 τῶν
1528 2081 1824 2152 προφητῶν

230 2175 679 2245 κατηγγελμένον
703 2173 818 2243 φῶς
853 2173 960 2225 ίδοὺ
994 2172 1090 2226 νῦν
1123 2172 1366 2245 ἐλήλυθε.
1402 2172 1493 2225 Διὸ
1528 2172 1602 2243 μὴ
1643 2171 1822 2241 μέλλε,

232 2269 476 2338 φωτίζον
506 2268 583 2333 δὲ,
617 2265 874 2336 φωτίζον,
913 2266 1007 2319 καὶ
1038 2265 1137 2336 τῆς
1158 2266 1380 2337 χάριτος
1412 2265 1821 2335 μεταλάμϐανε⁸

232 2359 352 2413 ἐστι
395 2360 505 2429 γάρ
531 2374 613 2409 σοι
645 2354 978 2426 φωτισθείσῃ
1008 2355 1132 2408 τάδε
1166 2356 1259 2409 καὶ
1285 2354 1432 2408 τάδε.

312 2470 330 2503 ι
370 2450 500 2503 Ἰδοὺ
537 2449 725 2511 σκότος
769 2446 998 2516 καλύψει
1054 2447 1155 2517 γῆν
1190 2448 1284 2501 καὶ
1319 2448 1512 2516 γνόφος
1558 2449 1644 2502 ἐπ’
1675 2447 1823 2518 ἔθνη.

242 2542 373 2595 Ἐπὶ
405 2541 463 2593 δὲ
500 2540 559 2593 σὲ
591 2542 890 2610 φανήσεται
928 2538 1151 2610 Κύριος.
1185 2540 1281 2593 καὶ
1318 2542 1351 2611 ἡ
1383 2540 1507 2606 δόξα
1540 2540 1705 2592 αὑτοῦ
1736 2540 1829 2591 ἐπὶ

234 2634 294 2685 σέ
326 2632 647 2701 ὀφθήσεται.
682 2651 699 2683 ι
724 2633 831 2696 ,Ὡς
867 2632 1009 2686 κατὰ
1031 2632 1130 2702 τὴν
1161 2631 1382 2702 πρώτην
1412 2633 1707 2703 παρουσίαν
1733 2632 1826 2686 τοῦ

233 2724 492 2795 Σωτῆρος
526 2725 557 2794 ἡ
569 2722 683 2793 μῶν
712 2724 972 2777 δύνασθαι
1004 2722 1177 2777 ταῦτα
1205 2722 1542 2793 πληροῦσθαι
1574 2741 1587 2754 ·
1623 2724 1683 2776 οὐ
1721 2725 1828 2795 μὴν

233 2816 375 2869 ἀλλὰ
427 2817 519 2871 καὶ
555 2816 696 2871 κατὰ
727 2817 828 2887 τὴν
856 2816 1112 2884 δευτέραν
1155 2816 1248 2870 καὶ
1273 2815 1480 2883 ἔνδοξον
1506 2816 1668 2870 αὐτοῦ
1708 2816 1827 2871 θεο-

233 2909 466 2982 φὰνειαν
493 2909 680 2973 τέλους
705 2908 844 2962 αὐτὰ
871 2907 1175 2973 τεύξεσθαι.

312 3001 466 3055 «Καὶ
503 2999 859 3074 πορεύσονται
899 2999 1136 3070 βασιλεῖς
1179 3002 1235 3053 ἐν
1276 3000 1354 3071 τῷ
1394 3002 1534 3069 φωτί
1581 3018 1696 3066 σου,
1737 3002 1829 3055 καὶ

236 3095 365 3163 ἔθνη
390 3096 456 3163 τῇ
487 3092 833 3163 λαμπρότητι
869 3109 985 3146 σου.
1012 3111 1028 3139 ι
1068 3093 1141 3144 Ub
1164 3091 1272 3163 γὰρ
1293 3093 1383 3145 ἐπὶ
1409 3093 1615 3156 πάντας
1645 3094 1831 3146 ἀνατε-

236 3186 368 3249 λεῖς,
408 3184 524 3237 ἀλλ’
563 3184 657 3236 ἐπ)⁵
692 3183 884 3253 μόνους
912 3184 1038 3246 τοὺς
1078 3184 1280 3248 ἀξίους.
1310 3184 1449 3248 Τοὺς
1478 3184 1587 3257 γάρ
1615 3183 1690 3256 μὴ
1721 3202 1830 3238 τοι-

1927 2089 2017 2145 lux
2066 2089 2177 2152 illa,
2204 2088 2334 2143 olim
2377 2087 2471 2141 tibi
2514 2102 2610 2157 per
2641 2087 2933 2156 prophetas
2958 2085 3291 2139 annuntiata.
3328 2083 3506 2151 Quare

1927 2198 1993 2236 ne
2019 2180 2313 2243 cuncteris,
2358 2181 2454 2236 sed
2500 2180 2824 2245 illuminare,
2858 2177 3200 2244 illuminare,
3231 2186 3286 2231 et
3316 2176 3506 2246 gratia

1929 2276 2197 2344 particeps
2221 2282 2374 2341 esto;
2401 2273 2493 2328 tibi
2525 2273 2669 2328 enim
2709 2272 3025 2327 illuminatae
3061 2272 3175 2326 haec
3201 2279 3255 2324 et
3292 2268 3382 2325 illa
3410 2268 3506 2323 ad-

1926 2372 2107 2418 erunt.

1998 2455 2165 2509 Vsus.
2196 2454 2252 2508 2.
2290 2473 2308 2506 ι
2343 2454 2481 2510 Ecce
2514 2456 2752 2509 tenebrae
2795 2452 3042 2523 operient
3074 2442 3297 2517 terram,
3326 2459 3381 2505 et
3416 2465 3507 2505 ca—

1928 2548 2038 2616 ligo
2074 2562 2235 2617 super
2268 2554 2481 2617 gentes.
2516 2545 2691 2615 Super
2716 2555 2768 2599 te
2801 2553 2979 2597 autem
3010 2543 3291 2611 apparebit
3323 2540 3506 2596 Domi-

1930 2652 2051 2701 nus,
2086 2645 2142 2688 et
2188 2635 2355 2705 gloria
2388 2633 2504 2700 eius
2545 2636 2595 2688 in
2632 2644 2681 2688 te
2729 2633 3019 2688 videbitur.
3057 2650 3074 2684 ι
3115 2632 3246 2699 Quae
3287 2646 3420 2685 sane
3453 2631 3505 2683 in

1928 2728 2103 2798 primo
2135 2727 2429 2781 Sal’vatoris
2446 2727 2677 2780 adventu
2703 2725 2961 2781 accidisse
2983 2733 3237 2793 possunt;
3256 2738 3321 2777 ac
3342 2723 3506 2777 etiam

1931 2822 1982 2874 in
2015 2820 2251 2875 secunda
2293 2828 2347 2873 et
2378 2818 2611 2889 gloriosa
2648 2817 2935 2886 divinaque
2962 2817 3078 2886 ejus
3118 2818 3403 2884 praesentia
3444 2814 3509 2868 fi-

1931 2927 2053 2965 nem
2089 2910 2349 2979 consequi
2381 2907 2655 2963 valebunt.

2000 3001 2167 3057 Vens.
2199 3002 2250 3056 5.
2276 3019 2296 3052 ‹
2318 3000 2383 3055 Ει
2406 2999 2755 3055 ambulabunt
2791 3013 2944 3067 reges
2974 2996 3026 3051 in
3054 2997 3257 3051 lumine
3300 3006 3411 3057 tuo,
3453 3006 3508 3049 et

1930 3105 2116 3163 gentes
2133 3096 2182 3146 in
2198 3092 2486 3161 splendore
2502 3100 2610 3145 tuo.
2627 3088 2767 3143 »Νοιι
2786 3089 3036 3144 omnibus
3049 3092 3214 3151 enim,
3227 3089 3319 3145 sed
3333 3088 3508 3158 dignis

1931 3194 2136 3237 tantum
2188 3182 2400 3237 orieris.
2437 3179 2691 3250 Indignos
2722 3181 2918 3252 quippe
2954 3183 3186 3237 tenebrae
3208 3182 3509 3237 exteriores

237 3276 431 3339 ούτους
458 3274 779 3345 διαλήψεται
806 3274 865 3327 τὸ
900 3273 1162 3346 ἐξώτερον
1196 3276 1385 3340 σκότος
1413 3276 1508 3329 καὶ
1547 3276 1608 3329 τὸ
1636 3277 1748 3347 πῦρ
1768 3276 1826 3329 τὸ

1938 3289 1986 3332 et
2012 3278 2150 3346 ignis
2179 3287 2418 3331 aeternus
2467 3274 2757 3344 excipient,
2793 3289 3000 3329 necnon
3030 3274 3135 3329 alia
3171 3276 3352 3329 omnia
3390 3289 3508 3344 qua:

238 3368 477 3433 αἰώνιον,
507 3368 602 3421 καὶ
621 3369 720 3421 ὅσα
744 3367 876 3421 ἄλλα
900 3370 1011 3429 τοῖς
1042 3367 1290 3421 ἀσεϐέσιν
1322 3368 1631 3441 ἡπείληται.
1660 3372 1747 3423 Δεῖ
1770 3369 1829 3423 δὲ

238 3461 505 3532 πρότερον
545 3460 723 3528 φωτὸς
761 3460 855 3512 καὶ
904 3458 1168 3530 ἀνατολῆς
1196 3463 1309 3524 τοῖς
1338 3446 1635 3531 ¹μέλλουσιν
1663 3463 1826 3515 αὐτοῦ

236 3553 465 3621 ὄψεσθαι
499 3554 599 3624 τὴν
626 3552 780 3617 δόξαν
801 3569 815 3582 ⁸
851 3554 1022 3615 ὅπως,
1050 3553 1109 3603 ἐν
1130 3552 1313 3623 ἡμέρᾳ
1339 3554 1519 3608 θεῖκοῦ
1547 3556 1723 3624 φωτὸς
1746 3572 1831 3623 γε-

237 3647 477 3716 νόμενοι,
534 3643 731 3715 θεωροὶ
757 3645 855 3714 τῆς
896 3643 1054 3714 δόξης
1075 3643 1169 3697 τοῦ
1207 3644 1527 3715 μονογενοῦς
1570 3645 1699 3699 Υἱοῦ
1734 3646 1827 3700 τοῦ

236 3738 373 3790 θεοῦ
410 3735 778 3791 καταστῶσιν.

310 3825 517 3899 «τΑρον
542 3827 727 3897 κύκλῳ
755 3830 880 3891 τοὺς
908 3827 1220 3898 ὀφθαλμούς
1253 3845 1368 3892 σου,
1400 3829 1494 3882 καὶ
1526 3829 1603 3883 ἴδε
1633 3846 1831 3902 συνηγ-

240 3920 378 3991 μένα
406 3919 476 3972 τὰ
502 3919 667 3972 τέκνα
697 3935 809 3973 σου.
842 3938 862 3971 ι
900 3920 990 3971 Διὸ
1018 3918 1218 3983 πάντες
1255 3921 1303 3972 οἱ
1333 3918 1393 3983 ἐξ
1424 3918 1593 3973 ἐθνῶν
1625 3923 1704 3985 είς
1735 3923 1829 3975 τὸν

236 4011 372 4065 Θεὸν
402 4009 493 4063 διὰ
536 4008 627 4062 τοῦ
660 4009 901 4080 Χριστοῦ
941 4010 1368 4074 πεπιστευκότες
1406 4010 1733 4080 ἐπαγγελίαν
1755 4015 1831 4066 εί-

236 4101 479 4171 λήφασιν
526 4101 902 4156 ἀναπαύεσθαι
937 4103 1017 4165 είς
1054 4102 1286 4166 κόλπους
1332 4102 1581 4173 Ἀϐραάμ
1631 4105 1725 4157 καὶ
1760 4106 1828 4157 Ἰ-

239 4192 387 4245 σαάκ
415 4192 511 4245 καὶ
550 4190 761 4256 Ἰακὼϐ,
796 4191 952 4244 τοῦτο
978 4191 1073 4245 τοῦ
1107 4192 1357 4265 Σωτῆρος
1390 4192 1556 4245 αὐτοῦ
1591 4192 1831 4257 διδάξαν-

236 4302 351 4347 τος.
384 4284 496 4335 Καὶ
517 4284 577 4335 ἐν
598 4282 806 4353 ἐτέροις
833 4282 889 4335 δὲ
922 4283 1160 4337 πλείοσιν
1187 4286 1220 4353 ἡ
1248 4283 1306 4348 ἐξ
1329 4282 1498 4336 ἐθνῶν
1538 4283 1831 4355 Ἐκκλησία

238 4375 490 4446 θυγάτηρ
540 4374 902 4445 ἀνηγόρευται
942 4374 1079 4428 Σιὼν
1126 4376 1218 4429 καὶ
1266 4375 1511 4447 θυγάτηρ
1564 4376 1831 4446 Ἰερουσα-

237 4467 373 4538 λήμ.
399 4468 639 4520 ι’Ἤκασι
671 4466 870 4530 πάντες
892 4469 941 4520 οἱ
971 4467 1076 4521 υἱοί
1103 4484 1196 4521 σου
1229 4466 1635 4539 μακρόθεν,καὶ
1651 4469 1707 4520 αί
1734 4466 1828 4519 θυ-

240 4557 475 4628 γατέρες
499 4573 592 4609 σου
623 4560 710 4610 ἐπ’
746 4557 911 4627 ὤμων
939 4558 1284 4629 ἀρθήσονται.
1313 4578 1331 4611 ι
1357 4554 1538 4629 Ἦμεν
1565 4559 1672 4630 γὰρ
1699 4559 1831 4630 πόρ-

1931 3369 2112 3437 impiis
2147 3368 2505 3422 comminatus
2529 3365 2788 3422 Dominus
2819 3374 2921 3421 est.
2966 3364 3098 3420 Nam
3143 3367 3234 3434 qui
3281 3366 3508 3435 gloriam

1930 3461 2047 3530 ejus
2080 3462 2243 3516 visuri
2274 3469 2422 3526 sunt,
2460 3461 2577 3514 luce
2603 3460 2834 3530 primum
2863 3467 2917 3514 et
2940 3467 3060 3512 ortu
3088 3458 3203 3526 ejus
3240 3473 3378 3528 Opus
3407 3458 3510 3512 ha-

1930 3555 2091 3621 bent,
2120 3563 2178 3609 ut
2227 3554 2280 3608 in
2315 3553 2403 3607 die
2453 3552 2647 3607 divinae
2690 3550 2847 3617 lucis,
2876 3550 3057 3623 gloriae
3090 3552 3351 3621 unigeniti
3386 3550 3509 3606 Filii

1930 3648 2023 3705 Dei
2050 3646 2417 3718 speculatores
2446 3658 2568 3701 esse
2600 3644 2836 3700 valeant.

2000 3829 2166 3885 Vens.
2199 3829 2254 3883 4.
2293 3846 2313 3880 ι
2364 3827 2505 3882 Leva
2546 3828 2599 3880 in
2636 3826 2867 3882 circuitu
2896 3825 3084 3880 oculos
3111 3834 3251 3889 tuos,
3287 3833 3341 3877 et
3388 3822 3512 3877 vide

1929 3933 2287 3993 congregatos
2326 3921 2466 3976 ﬁlios
2505 3929 2646 3975 tuos.
2686 3938 2705 3971 ι
2749 3918 3111 3985 Quamobrem
3147 3925 3414 3985 quotquot
3443 3931 3510 3970 ex

1931 4016 2179 4087 gentibus
2205 4013 2408 4070 Christi
2429 4026 2592 4083 opera
2622 4012 2674 4067 in
2702 4011 2869 4065 Deum
2891 4009 3257 4072 crediderunt,
3282 4008 3511 4076 promis-

1930 4108 2139 4161 sionem
2192 4119 2471 4175 accepere,
2511 4104 2654 4173 quod
2689 4104 2741 4157 in
2789 4103 2909 4157 sinu
2956 4102 3210 4166 Abrahae,
3246 4100 3411 4154 lsaaci
3455 4109 3512 4154 et

1928 4197 2116 4253 Jacobi
2139 4198 2378 4266 requiem
2423 4195 2660 4251 habituri
2697 4195 2804 4249 sint
2836 4209 2851 4245 :
2877 4194 2930 4247 id
2953 4195 3070 4262 ipso
3095 4194 3386 4248 Servatore
3416 4190 3514 4246 do-

1931 4300 2106 4344 cente.
2137 4289 2271 4343 Aliis
2301 4289 2429 4343 item
2480 4289 2532 4341 in
2565 4286 2697 4342 locis
2740 4286 2982 4342 Ecclesia
3026 4302 3091 4341 ex
3126 4286 3373 4356 gentibus
3400 4285 3510 4340 filia

1933 4381 2063 4437 Sion
2092 4392 2146 4437 et
2178 4381 2285 4436 filia
2337 4380 2633 4437 Jerusalem
2682 4388 2925 4434 vocatur.
2960 4398 2979 4431 ι
3014 4379 3289 4435 Venerunt
3318 4392 3511 4433 omnes

1934 4476 2025 4529 filii
2074 4476 2148 4529 tui
2186 4476 2251 4530 de
2291 4475 2485 4544 longe,
2524 4484 2580 4527 et
2620 4472 2740 4526 filia:
2779 4480 2883 4526 tua:
2919 4471 3163 4526 humeris
3221 4469 3514 4540 gestabun—

1933 4576 2039 4621 tur.
2083 4586 2103 4619 ι
2145 4567 2372 4621 Eramus
2394 4567 2593 4637 quippe
2618 4563 2778 4634 longe
2811 4575 2865 4619 et
2892 4544 3078 4632 procul
3108 4561 3267 4631 positi
3301 4576 3331 4615 a
3354 4575 3512 4629 repu-

243 4653 322 4720 ρω
360 4666 465 4702 που
504 4650 597 4701 καὶ
646 4648 861 4721 μακρὰν
899 4649 1000 4718 τῆς
1036 4649 1309 4714 πολιτείας
1353 4649 1447 4704 τοῦ
1492 4651 1706 4723 Ἰσραὴλ
1737 4652 1826 4704 καὶ

1939 4659 2074 4714 blica
2097 4659 2327 4722 lsraelis,
2365 4672 2431 4713 ac
2450 4657 2615 4726 justis
2647 4655 2919 4722 extranei,
2948 4670 3100 4726 spem
3140 4654 3517 4725 promissionis

244 4742 385 4806 ξένοι
406 4741 516 4795 τῶν
547 4741 790 4806 δικαίων,
836 4746 936 4813 τῆς
979 4744 1308 4812 ἐπαγγελίας
1338 4743 1529 4797 ἐλπίδα
1576 4744 1650 4816 μὴ
1680 4744 1828 4815 έχον-

239 4851 356 4899 τες,
387 4835 485 4888 καὶ
517 4833 665 4888 ἄθεοι
692 4836 750 4886 ἐν
786 4833 863 4904 τῷ
891 4835 1100 4906 κόσμῳ.
1138 4836 1206 4889 Αἵ
1220 4852 1281 4888 τε
1309 4834 1421 4906 γὰρ
1446 4835 1650 4889 άπαλαὶ
1674 4834 1829 4889 οὖσαι

238 4927 414 4997 ψυχαὶ
451 4928 546 4980 καὶ
589 4927 668 4979 ἔτι
700 4928 911 4998 νήπιαι,
948 4926 1024 4989 ὡς
1057 4927 1389 4998 ἀρτιγένητα
1431 4926 1627 4998 βρέφη,
1653 4928 1716 4980 τὸ
1742 4928 1831 4980 λο-

243 5019 398 5087 γικὸν
420 5019 516 5072 καὶ
536 5018 718 5072 ἄδολον
741 5018 883 5086 γάλα
915 5018 1263 5071 ἐπιποθοῦσι·
1292 5017 1381 5071 διά
1401 5035 1461 5071 τε
1486 5019 1585 5088 τῆς
1614 5020 1671 5070 ἐν
1698 5018 1832 5090 Χρι-

246 5109 359 5180 στῴ
398 5110 811 5180 άναγεννήσεως
840 5109 1131 5179 γενόμεναι
1182 5107 1347 5161 τέκνα
1400 5107 1495 5161 τοῦ
1560 5108 1828 5178 Ἀϐραὰμ,

244 5201 716 5265 ὑποϐαστάζονται
755 5203 841 5253 ἐπ’
874 5199 1060 5271 ῶμων,
1086 5200 1369 5270 αἰρόμεναι
1402 5202 1497 5252 καὶ
1535 5199 1832 5267 ὑποκουφιο

242 5297 472 5364 ζόμεναι
504 5293 609 5346 ὑπὸ
624 5292 730 5346 τῶν
763 5292 1244 5364 χειραγωγούντων
1266 5291 1434 5353 αὐτάς
1466 5289 1830 5343 διδασκάλων·

242 5384 354 5452 οἷος
388 5384 457 5459 ἦν
491 5390 520 5441 ὁ
548 5386 759 5450 Παῦλος
789 5386 964 5453 λέγων
987 5402 1001 5417 ’
1041 5404 1059 5435 ι
1081 5384 1169 5448 Ὠς
1200 5384 1266 5437 ἂν
1304 5384 1503 5455 τροφὸς
1550 5383 1730 5454 θάλπῃ
1768 5382 1836 5435 τά

245 5482 453 5550 ἑαυτῆς
471 5480 658 5545 τέκνα,
676 5478 848 5541 οὕτως
866 5476 1199 5547 ίμειρόμενοι
1221 5476 1395 5545 ὑμῶν,
1420 5494 1438 5527 ι
1461 5475 1556 5528 καὶ
1572 5473 1642 5527 τὰ
1658 5473 1804 5543 ἐξῆς.

326 5593 345 5624 ‹
373 5574 509 5626 Τότε
550 5572 677 5643 ὄψῃ,
714 5571 807 5624 καὶ
844 5568 1151 5641 φοϐηθήσῃ.
1182 5570 1276 5622 καὶ
1305 5571 1547 5642 ἐκστήσῃ
1585 5572 1652 5639 τῇ
1702 5584 1837 5639 καρ-

250 5665 360 5737 δίᾳ,
410 5666 493 5719 ὃτι
534 5663 826 5735 μεταϐαλεῖ
859 5666 939 5726 εἰς
997 5662 1058 5713 σὲ
1106 5661 1333 5725 πλοῦτος
1384 5661 1679 5733 θαλάσσης,
1742 5661 1837 5716 καὶ

332 5893 375 5925 ⁸⁸
402 5892 590 5948 Matth.
617 5905 766 5954 xxxv,
805 5890 891 5944 ⁸55.
990 5890 1030 5920 ¹⁷
1059 5888 1075 5943 l
1117 5888 1308 5942 Thess.
1352 5902 1415 5951 ll,
1446 5888 1502 5944 7.

664 5985 934 6043 ΡΑτιιοι..
985 5983 1103 6041 Gn.
1146 5981 1356 6041 XXIV

1936 4764 2039 4803 non
2087 4748 2370 4813 habentes,
2402 4757 2567 4817 atque
2614 4747 2762 4817 impii
2796 4749 2847 4801 in
2894 4748 3096 4803 mundo
3134 4745 3516 4799 versabamur.

1933 4839 2068 4894 Nam
2099 4847 2298 4893 tenera:
2327 4848 2383 4893 et
2410 4838 2587 4892 adhuc
2621 4839 2860 4894 infantes
2880 4839 3096 4902 animas,
3122 4836 3277 4907 quasi
3302 4833 3518 4903 pueruli

1937 4931 2096 4985 modo
2122 4930 2310 4999 geniti,
2363 4930 2690 4985 rationabile
2718 4940 2774 4985 et
2807 4931 2926 4986 sine
2965 4932 3092 4985 dolo
3126 4929 3208 4984 Iac
3252 4924 3519 4992 concupi-

1936 5028 2094 5071 scunt
2120 5033 2134 5069 :
2158 5030 2221 5070 ac
2236 5032 2329 5087 per
2343 5018 2805 5088 regenerationem
2825 5020 2878 5074 in
2902 5019 3139 5081 Christo,
3170 5017 3263 5071 filii
3285 5012 3519 5069 Abrahae

1936 5108 2174 5174 enectae,
2212 5109 2454 5165 humeris
2513 5120 2798 5179 gestantur
2836 5126 2867 5165 a
2909 5110 3182 5181 magistris
3227 5106 3372 5170 suis,
3415 5104 3519 5157 via:

1941 5201 2190 5266 ducibus,
2220 5201 2444 5256 suhlaL-e
2470 5213 2633 5272 atque
2660 5212 2998 5269 sustentatas,
3017 5201 3193 5271 qualis
3220 5208 3340 5254 erat
3373 5194 3516 5249 Pau-

1942 5294 2044 5357 lus,
2072 5291 2161 5362 qui
2188 5293 2282 5356 ait,
2315 5311 2334 5344 ι
2359 5292 2635 5363 Tanquam
2669 5293 2714 5349 si
2751 5294 2933 5349 nutrix
2972 5292 3151 5347 foveat
3180 5288 3320 5344 filios
3352 5300 3512 5351 suos,

1943 5382 2019 5438 ita
2049 5382 2504 5451 desiderantes",
2536 5402 2554 5436 ι
2598 5396 2706 5440 etc.

2013 5567 2180 5625 Vens.
2209 5569 2265 5626 5.
2311 5588 2329 5621 ι
2372 5570 2525 5626 Tunc
2571 5569 2799 5635 videbis,
2845 5578 2900 5625 et
2953 5566 3191 5632 timebis,
3230 5566 3522 5621 etlohstu-

1943 5674 2134 5731 posces
2161 5662 2347 5730 corde,
2400 5664 2527 5733 quia
2555 5662 2956 5721 transferentur
2984 5663 3035 5719 in
3077 5672 3129 5718 te
3160 5660 3365 5717 divitia:
3399 5674 3523 5714 ma—

3127 5985 3199 6044 16
