3968 6550
462 447 563 503 4'91
1132 438 1400 540 EUSEDll
1432 445 1913 523 CESAKIENSIS
1949 446 2026 503 ΟΡ

2141 447 2319 503 PARS
2352 446 2443 503 Ill.
2483 478 2550 489 —-
2590 446 2999 502 ΕτΧΕϐΕΤΙΟᾹ.
3601 449 3711 505 49?-

465 566 563 629 ris,
589 570 643 617 et
662 561 898 632 gentium
921 568 975 617 et
1003 561 1347 630 populorum.
1368 584 1387 615 ι
1410 562 1507 619 llic
1537 578 1750 634 quoque
1777 565 2026 620 observes

2136 564 2303 618 ἐθνῶν
2329 567 2422 618 καὶ
2450 552 2614 617 λαῶν.
2642 585 2660 617 ι
2718 565 2827 617 Kal
2866 562 3097 617 ἐνταῦθα
3139 563 3196 617 δὲ
3238 565 3389 635 τήρει
3423 564 3567 628 ὅπως
3605 564 3711 636 τὴν

461 657 647 718 velim,
687 669 793 723 quo
825 662 983 723 pacto
1014 651 1414 707 multitudinem
1458 654 1727 723 ingentem
1764 654 1905 709 illam
1940 669 2026 709 eo-

2133 653 2331 724 πολλήν
2368 654 2736 725 πολυπληθίαν
2779 654 2887 707 τῶν
2924 653 3246 723 σωζομένων
3281 653 3471 725 πλήθει
3510 653 3712 708 θαλάσ-

466 762 607 811 rum,
654 744 745 814 qui
803 744 1030 798 salutem
1084 754 1508 814 consequuntur,
1563 745 1731 799 maris
1783 744 2026 800 ﬂuctibus

2134 762 2233 816 σης
2258 745 2546 801 ἀπείκασε.
2596 745 2834 816 Δύναμις
2861 744 2917 797 δέ
2956 744 3059 798 τῶν
3087 744 3256 799 ἐθνῶν
3280 747 3329 799 οἱ
3378 747 3709 820 κατορθοῦν-

462 845 757 907 comparet.
795 835 1075 891 Fortitudo
1108 846 1287 891 autem
1318 837 1555 907 gentium
1590 837 1622 891 ii
1680 837 1898 900 fuerint,
1936 837 2026 905 qui

2131 856 2222 902 τες
2251 835 2358 891 εἷεν
2392 837 2457 891 ἂν
2488 840 2610 910 μηδ’
2640 838 3095 910 ἐξασθενήσαντες
3131 838 3265 910 πρὸς
3302 838 3393 892 τὸν
3427 840 3581 897 τόνον
3611 840 3712 894 τοῦ

462 930 618 985 bonis
643 928 901 999 operibus
945 930 1135 995 dediti,
1184 947 1215 983 ιι
1266 929 1562 1000 Spiritualis
1596 930 1718 983 vitae
1765 943 1928 983 cursu
1976 936 2032 982 et

461 1032 649 1076 tenore
680 1037 783 1076 non
819 1021 1098 1077 deficiunt.

502 1098 693 1161 'Vsas.
726 1104 780 1172 6,
804 1107 857 1159 7.
893 1126 912 1160 ι
958 1107 1022 1161 Ει
1052 1107 1273 1163 venient
1316 1105 1412 1161 tibi
1447 1118 1638 1174 greges
1677 1103 2027 1167 camelorum,

457 1206 514 1252 et
540 1200 789 1269 operient
814 1208 865 1255 te
910 1200 1098 1255 cameli
1130 1199 1363 1253 Madiam
1389 1209 1443 1253 et
1471 1195 1708 1268 Gephar.
1734 1197 1933 1254 Omnes
1964 1198 2029 1253 de

459 1289 601 1344 Saba
644 1293 882 1354 venient,
927 1291 1163 1343 ferentes
1220 1304 1432 1356 aurum,
1474 1297 1528 1343 et
1567 1290 1691 1343 thus
1745 1289 1940 1352 ferent,
1973 1297 2028 1343 et

455 1378 721 1434 Salutare:
746 1377 955 1433 Domini
988 1368 1400 1434 ann‘untiabunt.
1435 1379 1501 1434 Et
1535 1394 1735 1435 omnes
1767 1378 2029 1434 oves’Ce-

457 1471 560 1524 dar
584 1470 1076 1540 congregabuntur,
1100 1476 1154 1524 et
1192 1470 1389 1525 arietes
1419 1469 1682 1525 Nabaiotb
1707 1471 1944 1534 venient,
1974 1478 2027 1525 et

457 1561 755 1617 oiferentur
776 1561 1123 1630 acccptabilia
1143 1576 1305 1631 super
1325 1560 1495 1617 altare
1521 1578 1721 1617 meum.
1744 1582 1762 1614 ›
1784 1561 1876 1617 His
1899 1562 2027 1619 sub-

456 1652 685 1707 indicari
722 1660 852 1721 puto
888 1666 981 1707 eos
1008 1651 1185 1720 quiin
1229 1651 1465 1706 Ecclesia
1511 1652 1705 1721 Opibus
1736 1661 1788 1706 et
1826 1652 2026 1707 divitiis

456 1744 679 1799 allluunt
709 1762 723 1799 :
756 1746 833 1800 sic
855 1747 997 1801 enim
1034 1744 1287 1800 Salvator
1319 1744 1539 1799 divitem
1579 1746 1785 1800 camelo
1808 1757 2025 1813 compa-

2136 930 2331 1002 νοητοῦ
2368 931 2505 1002 βίου.

2206 1124 2225 1157 ι
2249 1104 2361 1158 Kal
2382 1104 2575 1174 ἥξουσί
2601 1122 2683 1157 σοι
2722 1104 2911 1173 ἀγέλαι
2950 1103 3232 1175 καμήλων,
3276 1104 3369 1157 καὶ
3410 1105 3713 1175 καλύψουσί

2131 1213 2190 1249 σε
2228 1196 2462 1269 κάμηλοι
2500 1196 2726 1267 Μαδιὰμ
2768 1197 2859 1250 καὶ
2887 1197 3089 1268 Γεφάρ.
3119 1196 3328 1260 Πάντες
3370 1198 3435 1250 ἐκ
3464 1199 3613 1252 Σάϐα
3641 1176 3714 1269 ή-

2130 1287 2300 1353 ξουσι,
2325 1288 2579 1359 φέροντες
2608 1284 2849 1359 χρυσίον,
2886 1288 2980 1342 καὶ
3022 1287 3236 1341 λίϐανον
3264 1287 3487 1355 οἴσουσι,
3524 1291 3618 1342 καὶ
3649 1290 3714 1343 τὺ

2129 1376 2407 1449 Σωτήριον
2431 1378 2637 1449 Κυρίου
2667 1378 3123 1447 εὐαγγελιοῦνται.
3141 1380 3252 1433 Kal
3276 1382 3450 1435 πάντα
3480 1380 3548 1434 τὰ
3576 1376 3716 1453 πρὸο

2128 1466 2267 1520 ϐατα
2291 1466 2479 1539 Κηδὰρ
2510 1468 2950 1540 συναχθήσονται,
2980 1468 3072 1521 καὶ
3100 1469 3242 1539 κριοὶ
3266 1468 3524 1524 Ναϐαιὼθ
3543 1470 3714 1541 ἥξου-

2129 1573 2203 1621 σι,
2254 1557 2346 1610 καὶ
2395 1557 2814 1627 ἀνενεχθήσεται
2860 1556 3024 1611 δεκτὰ
3073 1558 3166 1610 ἐπὶ
3212 1556 3273 1611 τὸ
3326 1559 3715 1630 θυσιαστήριόν

2130 1661 2252 1718 μου.
2279 1668 2296 1700 ι
2343 1647 2681 1702 Αίνίττεσθαι
2726 1649 2783 1701 δὲ
2832 1643 2983 1719 οἶμαι
3006 1646 3100 1701 διὰ
3135 1647 3341 1701 τούτων
3386 1649 3511 1713 τοὺς
3560 1650 3712 1720 ἐντῇ

2140 1736 2436 1811 Ἐκκλησία
2495 1739 2761 1810 εὐπόρους
2805 1739 2898 1792 καὶ
2938 1738 3166 1793 πλοῦτον
3213 1738 3712 1811 περιρῤεομένους“

439 1853 581 1892 rans
610 1837 840 1904 dicebat,
875 1856 893 1890 ι
925 1836 1160 1893 Facilius
1213 1846 1297 1892 est
1332 1840 1596 1892 camelum
1647 1852 1745 1907 per
1780 1837 2022 1890 foramen

2131 1828 2268 1882 οὕτω
2292 1830 2421 1899 γοῦν
2452 1831 2544 1883 καὶ
2574 1831 2602 1883 ὁ
2630 1830 2820 1902 Σωτὴρ
2871 1830 2963 1883 τὸν
2988 1829 3240 1884 πλούσιον
3269 1831 3501 1902 καμήλῳ
3526 1848 3713 1902 παρα-

455 1942 586 1983 acus
612 1929 1018 2000 ingredi,quam
1060 1929 1279 1984 divitem
1306 1927 1357 1982 in
1390 1943 1613 1998 regnum
1638 1927 1897 1981 cmlorum
1916 1926 2020 1981 *9.»

2131 1919 2336 1973 ϐάλλων
2364 1918 2568 1988 ἔλεγεν,
2602 1937 2620 1970 ι
2652 1919 3039 1993 Εὐκοπώτερόν
3067 1922 3180 1975 ἐστι
3203 1921 3445 1993 κάμηλον
3458 1923 3546 1975 διὰ
3577 1940 3713 1995 τρυ-

451 2021 724 2076 Caeterum
758 2019 1078 2075 admirabile
1108 2020 1239 2074 illud
1269 2026 1407 2082 erat,
1433 2018 1559 2088 quia
1590 2018 1733 2088 quod
1770 2018 2024 2089 impossi-

448 2114 559 2169 bile
597 2114 930 2178 hominibus,
968 2114 1199 2182 idipsum
1254 2112 1365 2166 Deo
1422 2108 1679 2180 possibile
1731 2120 1834 2165 est.
1881 2108 2025 2177 Qua-

452 2215 671 2275 propter
692 2201 1027 2266 “Ierusalem,
1077 2201 1436 2257 admiratione
1479 2213 1658 2269 capta,
1696 2200 1891 2271 gaudio
1938 2216 2024 2256 re-

452 2297 650 2366 pletur,
706 2295 857 2349 dum‘
886 2293 1093 2350 scilicet
1128 2294 1350 2349 'animas
1391 2292 1614 2348 camelis
1660 2301 2022 2363 comparatas,

452 2389 785 2454 innnutatas,
826 2396 881 2441 et
913 2385 1067 2457 quasi
1128 2400 1224 2456 per
1275 2383 1515 2441 foramen
1548 2399 1699 2451 acus,
1766 2400 1866 2455 per
1922 2400 2024 2440 an~

451 2490 662 2552 gustam
696 2489 752 2537 et
796 2488 1000 2534 arctam
1046 2478 1188 2533 viam
1226 2478 1278 2533 in
1330 2478 1493 2533 vitam
1546 2487 1804 2533 aeternam
1840 2478 2023 2551 ingre-

430 2574 663 2628 dientes
697 2570 984 2640 conspicit.
1016 2570 1216 2626 Cameli
1256 2585 1385 2626 vero
1436 2584 1546 2624 non
1605 2569 1760 2623 vacui
1804 2577 1857 2625 et
1904 2570 2024 2626 sine

450 2662 667 2717 sarcina
723 2669 1009 2725 venerunt,
1057 2660 1152 2715 sed
1185 2660 1326 2715 dona
1359 2659 1492 2722 Deo,
1536 2668 1595 2713 ut
1630 2674 1741 2741 par.
1755 2670 1858 2724 est,
1891 2658 2025 2715 offe-

451 2762 638 2809 rentes
667 2753 734 2807 ad
769 2751 962 2806 anima:
992 2766 1104 2807 suae
1135 2751 1585 2821 redemptionem.
1615 2750 1802 2821 Itaque
1827 2751 2023 2807 cameli

452 2840 701 2897 Salutare
723 2840 932 2896 Domini
956 2840 1374 2907 aununtiabunt,
1398 2848 1689 2911 postquam
1720 2850 2023 2896 memorata

449 2934 587 2989 dona
622 2932 947 2999 obtulerint;
993 2933 1142 2998 thus,
1172 2932 1379 2987 scilicet
1413 2932 1745 3001 spiritualem
1776 2945 2026 2988 suavem-

448 3037 557 3095 quc
590 3021 873 3093 theologia:
900 3023 1157 3089 odorem;
1206 3037 1397 3077 aurum
1429 3038 1581 3087 vero,
1619 3037 1907 3093 corporeas
1940 3022 2025 3077 ni—

448 3118 651 3174 mirum
688 3131 841 3187 opes.
896 3114 1125 3170 Madiam
1180 3128 1340 3184 porro
1386 3123 1441 3169 et
1485 3113 1722 3184 Gephar,
1775 3117 2024 3185 regiones

449 3208 804 3264 barbarorum
836 3215 977 3270 sunt,
1023 3205 1359 3261 camelorum
1394 3204 1623 3270 feraces,
1671 3206 2022 3276 quemadmo-

450 3299 577 3353 dum
611 3307 666 3352 et
706 3296 870 3362 Saba,
922 3312 1083 3367 supra
1109 3296 1362 3352 Arabiam
1396 3297 1523 3363 sita,
1559 3311 1724 3367 penes
1760 3312 1894 3367 quos
1923 3313 2022 3368 po-

447 3390 605 3460 pulos
625 3390 954 3446 camelorum
983 3404 1155 3460 genus
1194 3388 1395 3458 ingenti
1434 3404 1662 3444 numero
1700 3401 1783 3445 est
1809 3405 1825 3443 :
1853 3405 2023 3461 quare

448 3484 647 3540 horum
674 3482 918 3552 exemplo
964 3497 1143 3537 sermo
1176 3483 1363 3536 utitur.
1392 3481 1459 3535 Et
1492 3482 1622 3537 mihi
1654 3497 1788 3538 sane
1812 3485 2025 3539 videtur

449 3574 537 3629 his
555 3574 733 3629 verbis
758 3573 1440 3643 Scripturam,juvenculas
1458 3584 1513 3628 et
1530 3572 1805 3629 infantiles
1830 3589 2024 3646 corpo-

449 3680 667 3721 reornm
711 3662 1020 3719 Judmorum
1052 3679 1211 3721 aures
1265 3664 1483 3719 allicere
1518 3672 1572 3720 et
1610 3665 1934 3731 demulcere,
1966 3675 2025 3722 ut

451 3770 544 3810 eas
576 3754 859 3826 pertrabat
882 3763 937 3809 et
970 3755 1219 3809 hortetur
1244 3756 1309 3810 ad
1350 3754 1512 3809 vitam
1541 3754 1686 3810 illam
1718 3766 1774 3811 et
1806 3755 2026 3826 religio-

450 3862 599 3913 nem,
628 3860 744 3916 quas
780 3845 1077 3902 secundum
1103 3845 1273 3901 Deum
1312 3855 1416 3912 est,
1446 3855 1658 3902 mature
1708 3846 2021 3904 iucundam.

525 4032 545 4066 ‹
571 4013 637 4069 Ει
660 4028 851 4070 omnes
873 4028 1005 4069 oves
1031 4012 1222 4069 Cedar.
1249 4032 1269 4067 ι
1306 4013 1625 4083 Huiusmodi
1649 4016 1864 4073 animas
1890 4016 2024 4074 alie-

450 4103 676 4174 nigenas
700 4113 755 4159 et
782 4114 1070 4160 extraneas
1096 4119 1216 4161 esse
1239 4105 1623 4161 subindicans:
1643 4108 1905 4178 siquidem
1928 4124 2026 4179 per

450 4196 707 4261 camelos,
720 4195 958 4267 opulenti
982 4204 1039 4252 et
1067 4196 1262 4252 divites
1279 4197 1525 4253 homines
1555 4199 1898 4267 indicantur;
1927 4215 2025 4270 per

448 4303 578 4344 oves
622 4297 823 4353 autem,
887 4288 1286 4344 mansuetiores
1348 4304 1414 4344 ac
1472 4290 1875 4360 simpliciores;
1928 4306 2026 4361 per

451 4380 673 4444 arietes,
716 4380 754 4433 ii
795 4380 1030 4434 maxime
1065 4396 1131 4434 ex
1166 4379 1416 4449 gentibus
1442 4381 1535 4448 qui
1571 4382 1874 4453 principatu
1914 4398 2025 4437 va-

452 4469 625 4524 lentes
665 4469 1121 4523 convertebantur
1153 4483 1329 4537 :quos
1352 4470 1418 4523 ad
1464 4469 1636 4524 altare
1670 4472 1763 4525 Dei
1799 4486 2023 4528 munera

450 4560 711 4615 allaturos
752 4574 873 4615 esse
910 4546 1091 4614 sermo
1124 4558 1382 4614 declarat.
1422 4560 1488 4614 Et
1520 4574 1649 4615 vero
1681 4559 1791 4628 jam
1832 4560 2022 4631 imple-
2052 4591 2095 4646 ο

452 4665 563 4708 tum
603 4652 881 4708 oraculum
928 4652 1114 4706 videre
1157 4660 1237 4706 est
1280 4668 1294 4705 :
1355 4666 1477 4706 cum
1534 4666 1601 4708 ex
1662 4653 2021 4710 conversione

448 4746 721 4817 gentium,
740 4743 1041 4815 huiusmodi
1069 4743 1262 4797 animae
1283 4757 1402 4799 sese
1436 4744 1538 4813 pias
1566 4743 1838 4815 religionis
1855 4747 2021 4803 verbo

446 4836 729 4900 dedentes,
776 4844 833 4889 et
871 4833 1059 4888 altaris
1110 4832 1203 4887 Dei
1234 4833 1542 4890 ministerio
1588 4836 1908 4893 assistentes
1938 4837 2021 4892 vi-

448 4931 698 4983 deantur.
732 4924 867 4979 Nam
897 4933 1052 4980 “tunc
1087 4925 1321 4980 maxime
1355 4941 1449 4995 per
1487 4929 1678 4983 horum
1720 4929 2027 4986 conversio-

447 5034 570 5074 nem
597 5028 654 5074 et
681 5018 932 5083 salutem,
958 5016 1202 5073 Ecclesia
1254 5018 1352 5073 Dei
1382 5019 1631 5075 laudibus
1671 5020 1976 5076 celebratur
2003 5036 2017 5075 :

446 5125 616 5182 quare
648 5110 904 5178 deinceps
932 5109 1130 5165 dicitur
1160 5128 1176 5165 :
1203 5128 1233 5163 ‹
1264 5109 1333 5165 Et
1364 5110 1559 5166 domus
1590 5112 1857 5168 orationis
1889 5126 2024 5168 mea:

450 5203 862 5276 glerll‘lcabitur.
896 5222 916 5257 ι

520 5360 690 5416 Vsus.
717 5362 770 5416 8.
807 5380 828 5412 ι
862 5360 1091 5429 Quinam
1136 5362 1191 5417 hi
1224 5362 1383 5417 sunt?
1416 5370 1475 5417 ut
1513 5363 1698 5418 nubes
1736 5361 1941 5429 volant,
1972 5375 2027 5420 et

450 5454 593 5510 sicut
622 5454 884 5510 columba:
917 5470 1038 5508 cum
1088 5454 1249 5521 pullis
1278 5470 1440 5525 super
1470 5470 1574 5509 me.
1601 5475 1620 5508 ι
1664 5455 1720 5509 Id
1748 5470 1914 5525 porro
1944 5457 2028 5511 in-

432 5545 759 5616 Itelligemus
799 5546 846 5601 si
898 5546 1049 5601 Pauli
1106 5562 1292 5603 vocem
1342 5548 1761 5617 perpendamus,
1792 5564 1913 5618 quae
1946 5550 2026 5604 sic

455 5638 653 5692 habet:
685 5657 703 5689 ι
736 5638 847 5693 Nos
869 5640 959 5709 qui
997 5640 1248 5705 vivimus,
1275 5641 1366 5710 qui
1399 5639 1598 5695 residui
1622 5654 1809 5696 sumus
1831 5642 1895 5696 in
1926 5644 2025 5697 ad-

454 5738 672 5784 ventum
713 5727 939 5796 Christi,
985 5733 1259 5802 rapiemur
1306 5734 1359 5791 in
1392 5731 1623 5789 nubibus
1671 5731 1886 5792 obviam
1916 5735 2017 5794 Do-

529 5938 572 5971 “
601 5938 789 5998 Matth.
818 5954 932 6007 xix,
963 5940 1054 5995 ει.

2130 2009 2328 2080 μαλιᾶς
2365 2011 2584 2083 ῥαφίδος
2629 2010 2892 2065 εἰσελθεῖν
2928 2012 2961 2083 ἢ
3008 2011 3259 2068 πλούσιον
3310 2015 3390 2076 είς
3416 2013 3514 2085 τὴν
3556 2013 3717 2084 βασις

2125 2100 2274 2156 λείαν
2313 2101 2422 2156 τῶν
2454 2100 2718 2175 οὐρανῶν.
2748 2121 2767 2156 ι
2799 2103 2948 2174 Πλὴν
2973 2103 3108 2158 ἀλλὰ
3143 2104 3206 2157 τὸ
3235 2104 3420 2175 θαῦμα
3444 2104 3595 2159 τοῦτ’
3616 2102 3714 2179 ἦν,

2123 2195 2205 2247 ὅτι
2229 2194 2289 2248 τὸ
2319 2194 2470 2267 παρὰ
2490 2194 2797 2269 ἀνθρώποις
2823 2197 3102 2263 ἀδύνατον,
3131 2198 3287 2251 τοῦτο
3312 2198 3535 2253 δυνατὸν
3561 2201 3715 2269 γίνεα-

2122 2304 2211 2340 ται
2242 2286 2323 2359 τῷ
2344 2286 2483 2358 Θεῷ.
2518 2288 2608 2341 Διὸ
2637 2290 2731 2343 καὶ
2762 2288 3040 2353 ἐξίσταται
3087 2290 3440 2362 Ἰερουσαλὴμ
3483 2292 3571 2346 διὰ
3612 2292 3714 2348 τοῦ

2122 2380 2300 2450 χαρᾶς
2350 2379 2723 2451 πληροῦσθαι·
2780 2381 3050 2452 καμήλοις
3105 2381 3167 2452 δὴ
3217 2382 3719 2455 παραϐεϐλημένας

2120 2466 2299 2538 ψυχὰς
2344 2467 2593 2540 θεωμένη
2641 2469 3070 2540 μεταϐαλούσας,
3115 2472 3208 2525 καὶ
3239 2471 3426 2544 ῶσπερ
3459 2473 3545 2527 διὰ
3581 2492 3717 2545 τρυ-

2126 2554 2321 2625 μαλιᾶς
2357 2556 2579 2627 ῥαφίδος
2608 2556 2694 2610 διὰ
2716 2558 2818 2628 τῆς
2853 2559 3046 2629 στενῆς
3079 2561 3172 2614 καὶ
3202 2560 3563 2633 τεθλιμμένης
3590 2562 3714 2617 ὀδοῦ

2122 2648 2203 2711 είς
2234 2647 2333 2720 τὴν
2364 2648 2582 2702 αἰώνιον
2631 2648 2776 2721 ζωὴν
2806 2651 3097 2716 εἰσιούσας.
3135 2653 3208 2707 Οὐ
3248 2654 3371 2724 δίχα
3399 2654 3457 2708 δὲ
3489 2655 3711 2726 φορτίου

2122 2732 2627 2811 προσίεσανάῦται,
2662 2741 2810 2813 δῶρα
2843 2742 2899 2795 δὲ
2927 2742 3003 2813 τῷ
3040 2742 3158 2813 Θεῷ
3194 2745 3597 2816 προσφέρουσαι
3627 2748 3713 2799 εί-

2122 2832 2296 2895 κότως
2321 2830 2586 2904 τὰνλύτρα
2615 2833 2715 2903 τῆς
2742 2833 2920 2887 αὐτῶν
2952 2834 3148 2906 ψυχῆς.
3190 2836 3403 2889 Ὀὐκοῦν
3446 2838 3501 2891 αί
3536 2838 3714 2910 κάμη-

2121 2922 2202 2976 λοι
2249 2923 2311 2977 τὺ
2355 2923 2631 2995 Σωτήριον
2682 2924 2887 2995 Κυρίου
2939 2925 3379 2993 εὐαγγελιοῦνται
3436 2929 3574 2999 μετὰ
3613 2929 3711 2983 τοῦ

2120 3010 2271 3087 δῶρα
2314 3015 2647 3087 προσφέρειν
2694 3015 2763 3069 τὰ
2817 3017 3211 3087 προλεχθέντα·
3262 3018 3478 3074 λίϐανον
3513 3020 3570 3073 δὲ
3610 3023 3713 3093 τὴν

2120 3104 2219 3175 τῆς
2262 3102 2540 3172 θεολογίας
2568 3105 2946 3176 πνευματικήν
2980 3107 3228 3171 εὐωδίαν,
3267 3108 3467 3180 χρυσὸν
3507 3109 3562 3163 δὲ
3611 3112 3715 3181 τὴν

2125 3191 2442 3263 σωματικὴν
2476 3193 2760 3265 εὐπορίαν.
2812 3193 2878 3246 Ἠ
2910 3194 2967 3247 δὲ
3012 3195 3237 3266 Μαδιὰμ
3265 3198 3370 3250 ἐκαὶ
3396 3198 3579 3271 Γεφὰρ
3616 3201 3717 3268 γό-

2128 3296 2273 3352 νιμοι
2295 3281 2556 3354 καμήλων
2587 3282 2694 3335 είσὶ
2716 3282 2890 3355 χῶραι
2921 3282 3231 3356 βαρϐάρων,
3258 3285 3333 3350 ὡς
3353 3288 3445 3340 καὶ
3474 3291 3509 3360 ’ή
3539 3289 3710 3358 Σαϐὰ,

2126 3372 2266 3443 ὑπὲρ
2440 3373 2700 3444 Ἀραϐίαν
2729 3373 2976 3446 κειμένη,
3010 3378 3139 3448 παρ’
3168 3371 3249 3441 οἷς
3281 3378 3611 3451 πολυπληθεῑ
3650 3383 3715 3435 τὸ

2124 3462 2232 3517 τῶν
2264 3465 2526 3535 καμήλων
2546 3465 2718 3534 γένος’
2749 3465 2828 3519 διὸ
2857 3470 2923 3538 τῇ
2957 3466 3159 3521 τούτων
3186 3472 3451 3542 κέχρηται
3495 3474 3522 3524 ὁ
3554 3472 3714 3541 λόγος

2124 3554 2313 3608 εικόνι.
2342 3555 2451 3609 Καί
2488 3573 2576 3627 μοι
2604 3556 2750 3610 δοκεῖ
2782 3556 2869 3610 διὰ
2898 3556 3101 3612 τούτων
3129 3561 3157 3613 ὁ
3189 3559 3343 3629 λόγος
3384 3560 3593 3631 θέλγειν
3614 3566 3715 3617 καὶ

2124 3645 2507 3714 ἐγγλυκαίνειν
2548 3646 2649 3711 τὰς
2675 3647 2846 3711 ἀκοὰς
2888 3648 2989 3713 τὰς
3018 3649 3308 3721 νηπιώδεις
3337 3651 3444 3706 τῶν
3474 3669 3718 3724 σωματι-

2124 3737 2235 3793 κῶν
2278 3737 2539 3791 Ἰουδαίων
2582 3739 2661 3803 είς
2698 3738 2759 3792 τὸ
2798 3739 3199 3807 ἐφελκύσασθαι
3225 3742 3417 3807 αὐτὰς,
3451 3745 3547 3796 καὶ
3572 3761 3717 3816 προ-

2125 3828 2320 3900 τρέψαι
2364 3830 2616 3884 σπεύδειν
2658 3830 2739 3894 είς
2776 3830 2868 3885 τὸν
2914 3831 3056 3886 κατὰ
3093 3831 3226 3885 Θεὸν
3272 3832 3388 3904 βίον
3434 3834 3530 3886 καὶ
3558 3836 3715 3890 Ἱπολι-

2125 3938 2182 3974 τε
2192 3922 2296 3976 ίαν.

2200 4031 2219 4064 ι
2248 4013 2358 4065 Καὶ
2394 4013 2570 4067 πάντα
2601 4013 2670 4069 τὰ
2725 4014 2974 4087 πρόϐατα
3002 4014 3195 4087 Κηδάρ
3218 4033 3231 4046 ·
3258 4036 3277 4069 ι
3329 4016 3389 4070 τὸ
3414 4018 3716 4087 ηὰλλογενὲς

2125 4104 2219 4157 καὶ
2247 4104 2542 4175 ἀλλόφυλον
2569 4107 2677 4159 τῶν
2706 4106 2961 4161 τοιούτων
2993 4108 3057 4179 δὴ
3087 4108 3276 4179 ψυχῶν
3319 4111 3709 4182 αἰνιττόμενος.

2124 4197 2224 4251 Διὰ
2270 4196 2369 4267 μὲν
2402 4192 2496 4251 οῦν
2527 4198 2633 4251 τῶν
2677 4199 2937 4270 καμήλων
2968 4200 3019 4252 οἱ
3066 4200 3286 4271 εῦποροι
3327 4204 3420 4256 καὶ
3465 4204 3712 4259 πλούσιοι

2123 4286 2230 4340 τῶν
2264 4289 2321 4341 ἐν
2351 4287 2659 4358 ἀνθρώποις
2695 4288 3009 4361 ἐδηλοῦντο·
3055 4290 3143 4345 διὰ
3178 4292 3234 4346 δέ
3274 4294 3383 4347 τῶν
3418 4297 3713 4367 προϐάτων

2123 4379 2173 4429 οἱ
2204 4377 2546 4449 ήμερώτατοι
2574 4382 2668 4434 καὶ
2693 4381 3059 4436 ἀπλούστατοι
3078 4400 3091 4413 ·
3127 4384 3214 4437 διὰ
3234 4384 3289 4437 δὲ
3309 4385 3416 4440 τῶν
3442 4389 3635 4459 κριῶν,
3659 4391 3711 4443 οἱ

2125 4468 2488 4538 ἀρχικώτατοι
2532 4471 2638 4524 τῶν
2674 4471 2732 4538 ἐξ
2771 4472 2941 4526 ἐθνῶν
2987 4475 3449 4548 ἐπιστρεφόντων·
3487 4478 3581 4543 οὓς
3611 4482 3713 4534 ἀν-

2126 4558 2513 4631 ενεχθήσεσθαι
2540 4560 2686 4631 δῶρα
2713 4561 2804 4612 ἐπὶ⁵
2824 4561 2884 4613 τὸ
2903 4560 3285 4635 θυσιαστήριον
3312 4564 3404 4617 τοῦ
3430 4564 3565 4619 Θεοῦ
3599 4584 3709 4640 φη-

2124 4664 2208 4701 σιν
2237 4648 2458 4717 ὁ⁰λόγος.
2509 4649 2618 4702 Kal
2659 4649 2773 4704 ἐστι
2800 4650 2861 4704 τὸ
2900 4652 3075 4721 λόγιον
3106 4653 3474 4726 πληρούμενον
3508 4658 3711 4715 θεάσα-

2126 4737 2249 4791 σθαι
2268 4732 2291 4768 ·’
2318 4739 2535 4792 ἐπειδὰν
2560 4742 2622 4792 ἐκ
2656 4741 2755 4811 τῆς
2779 4742 2887 4796 τῶν
2927 4743 3095 4797 ἐθνῶν
3128 4746 3459 4818 ἐπιστροφῆς
3495 4751 3710 4805 τοιάσδε

2122 4833 2299 4904 ψυχὰς
2344 4835 2442 4888 ἴδοι
2471 4853 2555 4899 τις
2593 4836 2884 4902 ἀναθείσας
2927 4840 3121 4904 ἑαυτὰς
3149 4840 3228 4911 τῷ
3255 4842 3353 4912 τῆς
3395 4842 3711 4908 θεοσεϐείας

2124 4924 2268 4995 λόγῳ
2294 4925 2394 4978 καὶ
2420 4926 2518 4997 τῆς
2547 4926 2886 4999 λειτουργίας
2911 4930 3003 4982 τοῦ
3028 4930 3414 5003 θυσιαστηρίου
3444 4930 3539 4986 τοῦ
3571 4934 3708 4988 Θεοῦ

2131 5014 2621 5086 προσεδρευσάσας.
2656 5017 2788 5070 Τότε
2813 5019 2921 5091 γὰρ
2958 5020 3189 5090 μάλιστα
3214 5021 3302 5077 διὰ
3331 5023 3432 5092 τῆς
3467 5023 3578 5077 τῶν
3602 5043 3711 5079 τοι-

2134 5104 2305 5159 ούτων
2350 5106 2682 5179 ἐπιστροφῆς
2730 5108 2824 5162 καὶ
2864 5110 3137 5183 σωτηρίας
3184 5114 3216 5182 ἠ
3268 5113 3563 5184 Ἐκκλησία
3612 5116 3708 5169 τοῦ

2134 5193 2270 5248 Θεοῦ
2304 5195 2614 5261 δοξάζεται·
2640 5198 2720 5253 διὸ
2750 5199 2995 5255 λέλεκται
3024 5202 3118 5255 καὶ
3145 5202 3270 5274 ἑξῆς
3291 5220 3306 5233 ·
3338 5222 3357 5257 ι
3379 5205 3487 5257 Kal
3508 5207 3537 5259 ὁ
3562 5202 3709 5271 οἶκος

2131 5286 2229 5356 τῆς
2257 5288 2562 5358 προσευχῆς
2597 5306 2697 5359 μου
2724 5289 3129 5362 δοξασθήσεται.
3152 5313 3171 5347 ι

2212 5393 2230 5426 r
2259 5375 2413 5439 Τίνες
2441 5376 2546 5430 οἵδε
2567 5393 2581 5440 ;
2603 5377 2678 5443 ὡς
2711 5377 2930 5447 νεφέλαι
2965 5379 3244 5448 πέτανται,
3276 5382 3372 5435 καὶ
3397 5382 3528 5435 ὡσεὶ
3554 5398 3707 5454 περι-

2136 5467 2323 5537 στεραὶ
2353 5466 2448 5521 σὺν
2488 5470 2727 5531 νεοσσοῖς
2766 5469 2851 5521 ἐπ’
2877 5470 2998 5540 ἐμέ.
3026 5489 3047 5527 ι
3100 5472 3208 5525 Kal
3248 5471 3405 5525 τοῦτο
3431 5473 3487 5525 δὲ
3518 5476 3707 5545 νοήσο-

2138 5572 2235 5626 μεν
2277 5557 2667 5629 ἐπιστήσαντες
2710 5562 2777 5630 τῇ
2811 5559 3020 5613 Παύλου
3066 5564 3215 5634 φωνῇ
3252 5561 3598 5637 διδασκούσῃ,
3630 5565 3705 5628 ὡς

2132 5650 2261 5720 ἄρα,
2306 5669 2324 5702 ι
2350 5651 2537 5723 Ἡμεῖς
2570 5654 2618 5706 οἱ
2660 5652 2880 5719 ζῶντες,
2922 5656 2971 5707 οί
3009 5656 3443 5727 περιλειπόμενοι
3489 5660 3571 5722 είς
3606 5657 3703 5729 τὴν

2134 5741 2432 5813 παρουσίαν
2474 5742 2569 5797 τοῦ
2597 5742 2854 5817 Χριστοῦ,
2896 5745 3324 5819 ἁρπαγησόμεθα
3360 5748 3417 5802 ἐν
3453 5748 3700 5818 νεφέλαις
