3968 6510
242 461 350 517 493

1214 465 1709 523 (ΖΟΜΜΕΝΤΑΒΙΑ
1742 466 1807 522 IN
1849 466 2109 521 ISAIAM.
2150 500 2217 509 -—-
2255 468 2405 527 CAP.
2446 470 2557 526 LX.

3396 478 3497 532 494

239 580 325 640 είς
346 580 654 649 ἀπάντησιν
687 577 777 632 τοῦ
805 582 1007 651 Κυρίου
1045 584 1124 647 είς
1163 584 1318 656 ἀέρα,
1367 589 1459 640 καὶ
1489 587 1661 652 οὕτως
1694 589 1824 642 πάν-

1931 590 2074 643 mino
2100 590 2152 647 in
2173 601 2401 645 aera:et
2429 593 2509 647 sic
2532 607 2744 662 semper
2772 609 2894 648 cum
2917 595 3142 649 Domino
3162 593 3363 649 erimus
3381 597 3444 659 l’;
3475 616 3493 647 ι

238 686 365 722 τοτε
410 669 508 721 σὺν
538 670 726 741 Κυρίῳ
768 673 1004 743 ἐσόμεθα
1022 691 1037 705 ·
1059 694 1077 727 ι
1114 678 1476 747 συναφθέντες
1502 680 1702 753 δηλαδὴ
1729 683 1823 737 καὶ

242 761 746 829 συγκαταλεγέντες
781 763 858 833 τῷ
896 765 1041 837 χορῷ
1072 767 1181 819 τῶν
1211 769 1268 821 ἐν
1311 768 1388 839 τῷ
1424 770 1673 843 προτέρῳ
1710 771 1825 844 λαῷ

240 854 709 927 κατωρθωκότων.
754 856 845 909 Διὸ
870 858 1348 930 ἀποθαυμάζοντες
1375 862 1471 934 τὴν
1510 865 1588 928 είς
1617 864 1825 936 ἀνθρὼ-

236 966 376 1012 πους
408 948 667 1019 χυθεῖσαν
707 950 799 1002 τοῦ
839 951 1075 1021 Χριστοῦ
1104 955 1262 1025 χάριν
1295 956 1389 1008 καὶ
1419 955 1525 1009 τῶν
1566 957 1626 1022 ἐξ
1657 957 1825 1012 ἐθνῶν

236 1038 569 1110 σωζομένων
609 1041 669 1094 τὸ
707 1041 929 1111 πλῆθος,
986 1045 1085 1114 τήν
1130 1062 1189 1097 τε
1234 1048 1314 1110 είς
1351 1049 1612 1119 οὐρανοὺς
1649 1050 1826 1104 αὐτῶν

230 1130 565 1203 ἀνάπτησιν,
599 1130 697 1202 τὴν
727 1132 865 1203 μετά
892 1132 987 1204 τὴν
1011 1134 1186 1199 ἔξοδον
1208 1136 1300 1189 τοῦ
1330 1135 1443 1206 βίου
1472 1140 1633 1207 φασί·
1671 1141 1825 1205 Τίνες

230 1220 374 1283 οἵδε;
431 1220 509 1284 ὡς
550 1222 768 1291 νεφέλαι
810 1223 1094 1290 πέτανται,
1132 1227 1225 1278 καὶ
1265 1226 1341 1290 ῶς
1370 1232 1691 1304 περιστεραὶ
1730 1233 1825 1285 σὺν

233 1316 480 1377 νεοσσοῖς
511 1314 597 1365 ἐπ’
630 1314 751 1384 ἐμέ.
776 1334 796 1367 ι

309 1422 330 1456 ι
353 1404 489 1475 Ἐμέ
507 1406 560 1459 αί
576 1406 726 1475 νῆσοι
742 1406 1060 1478 ὑπέμειναν,
1076 1411 1169 1463 καὶ
1192 1410 1348 1463 πλοῖα
1365 1410 1597 1483 Θαρσεῖς
1613 1414 1668 1466 ἐν
1687 1412 1827 1485 πρώ-

230 1510 366 1557 τοις,
389 1497 622 1563 ἀγαγεῖν
640 1495 709 1549 τὰ
728 1496 895 1550 τέκνα
921 1516 1013 1551 σου
1044 1499 1335 1571 μακρόθεν,
1364 1501 1564 1554 καὶτὸν
1588 1502 1826 1575 ἄργυρον

231 1582 436 1635 καὶτὸν
455 1586 654 1655 χρυσὸν
678 1586 857 1640 αὐτῶν
878 1590 993 1658 μετ’
1017 1590 1216 1653 αὐτῶν,
1240 1591 1334 1643 καὶ
1353 1592 1439 1645 διὰ
1460 1593 1522 1645 τὸ
1545 1593 1713 1664 ὄνομα
1725 1596 1828 1648 Κυ-

234 1671 351 1743 ρίου
377 1674 440 1726 τὸ
474 1674 648 1743 ἅγιον,
671 1677 763 1728 καὶ
788 1678 875 1732 διά
891 1678 954 1732 τὸ
983 1680 1072 1733 τὸν
1089 1681 1241 1750 ἅγιον
1260 1682 1354 1736 τοῦ
1384 1684 1596 1756 Ἰσραὴλ
1618 1684 1826 1753 ἔνδοξον

228 1761 394 1819 εἶναι.
422 1784 441 1816 ι
480 1766 589 1830 Τάς
619 1768 911 1841 ἐκκλησίας
934 1770 991 1824 δέ
1020 1773 1213 1842 νήσους
1247 1775 1340 1827 καὶ
1368 1775 1456 1829 διὰ
1485 1776 1592 1828 τῶν
1618 1776 1824 1848 ἔμπρο-

228 1856 361 1910 σθεν
383 1860 411 1911 ὁ
435 1858 592 1926 λόγος
630 1861 871 1932 ᾐνίττετο
896 1865 1196 1935 σημαίνων.
1229 1868 1379 1921 Ἐπεὶ
1402 1869 1580 1922 τοίνυν
1604 1870 1703 1932 τὰς
1726 1871 1825 1922 ἐπ-

1925 678 2164 747 adjuncti
2208 681 2417 736 scilicet
2466 694 2520 738 et
2568 687 2904 739 annumerati
2952 687 3119 741 choro
3159 700 3371 751 eorum,
3405 692 3497 756 qui

1926 770 1978 824 in
2022 771 2199 840 prisco
2230 772 2320 827 illo
2358 774 2555 843 populo
2591 777 2758 844 probe
2786 792 2845 832 se
2878 787 3184 848 gesserunt.
3208 778 3496 845 Quocirca.

1924 857 2149 914 ellusam
2186 860 2387 916 Christi
2449 864 2500 917 in
2561 865 2806 921 homines
2861 870 3089 938 gratiam
3143 872 3498 938 admirantes,

1926 965 2136 1006 necnon
2182 955 2443 1021 gentium,
2476 972 2598 1024 quae
2628 956 2853 1014 salutem
2887 951 3155 1027 obtinent,
3191 964 3500 1020 multitudi-

1926 1056 2073 1108 nem,
2107 1059 2403 1115 eorumque
2454 1057 2575 1115 post
2609 1060 2837 1106 mortem
2894 1053 2961 1106 ad
3009 1054 3204 1109 ccelum
3235 1056 3495 1130 volatum,

1928 1132 2133 1194 dicunt,
2162 1152 2181 1184 ‹
2210 1134 2438 1200 Quinam
2469 1140 2519 1192 hi
2550 1142 2719 1195 sunt?
2759 1152 2816 1196 ut
2840 1142 3010 1199 nubes
3032 1143 3236 1215 volant,
3263 1158 3318 1204 et
3359 1150 3497 1207 sicut

1926 1225 2187 1281 columbae
2219 1242 2342 1282 cum
2367 1231 2527 1299 pullis
2551 1248 2711 1304 super
2744 1250 2847 1291 me.
2876 1253 2896 1288 ι

1995 1404 2162 1461 Vens.
2209 1406 2262 1462 9.
2311 1425 2329 1459 ι
2381 1408 2462 1465 Me
2520 1411 2707 1467 insulae
2767 1426 3176 1486 exspectarunt,
3236 1431 3291 1478 et
3338 1440 3500 1481 naves

1928 1494 2152 1553 Tharsis
2181 1498 2234 1552 in
2267 1502 2554 1568 primis,ut
2586 1504 2855 1560 adducant
2894 1508 3033 1564 filios
3072 1520 3190 1566 tuos
3219 1513 3287 1568 de
3319 1513 3500 1585 longe,

1927 1597 1982 1643 et
2004 1601 2285 1661 argentum
2320 1602 2373 1647 et
2411 1610 2602 1650 aurum
2634 1611 2818 1653 eorum
2851 1616 2972 1655 cum
3013 1603 3116 1668 eis,
3151 1614 3369 1674 propter
3409 1624 3500 1663 no-

1926 1695 2048 1735 men
2076 1681 2289 1737 Domini
2318 1696 2585 1756 sanctum,
2616 1699 2671 1743 et
2700 1700 2757 1744 ut
2786 1702 3008 1748 sanctus
3042 1692 3204 1749 Israel
3237 1697 3502 1765 gloriosus

1927 1772 2017 1826 sit.
2062 1791 2082 1825 ι
2126 1773 2396 1831 Ecclesias
2424 1792 2552 1833 vero
2606 1780 2659 1833 in
2711 1784 3141 1849 praecedentibus
3175 1802 3269 1854 per
3298 1789 3501 1843 insulas

1928 1860 2239 1918 adumbrari
2271 1866 2629 1935 signiﬁcabat.
2670 1871 2803 1938 Quia
2834 1874 3001 1942 igitur
3034 1880 3296 1946 promissa
3328 1882 3501 1948 patri-

226 1950 581 2020 ηγγελμένας
619 1954 755 2025 πρὸς
794 1956 919 2019 τοὺς
956 1956 1196 2029 πατέρας
1238 1960 1566 2027 ἐπαγγελίας
1608 1962 1665 2013 αἱ
1724 1962 1812 2014 ἐκ·

1929 1968 2012 2008 )us
2045 1952 2183 2008 facta
2229 1955 2481 2013 Ecclesiae
2520 1962 2635 2026 Dei,
2691 1965 3000 2032 prophetias
3037 1967 3373 2035 evolventes,
3402 1987 3501 2025 ex-

228 2039 458 2111 κλησίαι
487 2040 582 2094 τοῦ
610 2041 744 2095 Θεοῦ
781 2044 883 2107 τάς
912 2048 1247 2118 προφητείας
1285 2048 1626 2121 διερχόμεναι
1656 2068 1822 2124 προσ-

228 2130 457 2195 εδόκων,
482 2132 709 2198 είκότως
729 2135 953 2206 φησίνοςι
976 2138 1105 2209 Ἐμέ
1131 2139 1280 2210 νῆσοι
1310 2141 1627 2213 ὑπέμειναν.
1656 2144 1821 2199 Ηλοῖα

228 2218 497 2289 Θαρσεῖς·
526 2240 545 2273 ι
573 2222 868 2277 αἰνίττεται
898 2224 968 2279 τὰ
1000 2227 1227 2299 σώματα
1249 2224 1327 2294 οἷς
1356 2232 1685 2303 ἐπενήξαντο
1723 2252 1821 2287 κα-

226 2311 294 2364 τὰ
331 2312 427 2365 τὸν
464 2314 654 2385 θνητὸν
687 2315 803 2386 βίον
845 2320 899 2371 αἱ
923 2318 1109 2391 ψυχαί.
1154 2321 1386 2393 Θαρσεῖς
1429 2324 1486 2378 δέ
1511 2325 1821 2396 ἀλλοφύλων

226 2403 400 2456 πάλιν
432 2406 693 2476 ἐτύγχανε
732 2408 916 2481 χώρα⁸
952 2411 1032 2465 διὸ
1073 2413 1201 2484 περὶ
1237 2415 1545 2485 ἀλλοφύλων
1579 2419 1821 2473 ἀπίστων

228 2496 453 2568 εἴρηταί
480 2515 582 2551 που
603 2516 615 2529 ο
657 2519 675 2552 ι
702 2500 788 2555 Ἐν
818 2503 1086 2573 πνεύματι
1136 2504 1294 2579 βιαίῳ
1329 2510 1638 2582 συντρίψεις
1666 2512 1822 2567 πλοῖα

227 2589 490 2659 Θαρσεῖς.
519 2608 538 2641 ι
586 2590 722 2644 Ἀλλ’
746 2593 923 2648 ἐκεῖνο
961 2596 1060 2667 μὲν
1092 2599 1432 2671 συνετρίϐετο
1454 2618 1469 2632 ο
1501 2603 1735 2657 ἐνταῦθα
1765 2604 1821 2658 δέ

226 2677 299 2731 τὰ
335 2678 501 2732 τέκνα
533 2681 635 2751 τῆς
672 2682 909 2748 παλαιᾶς
954 2687 1305 2760 Ἰερουσαλὴμ
1329 2691 1397 2744 τὰ
1432 2691 1492 2758 ἐξ
1528 2694 1694 2747 ἐθνῶν
1726 2696 1821 2749 αύ-

226 2772 297 2841 τῇ
338 2773 751 2844 προσγενόμενα
779 2775 964 2840 αὐτοῖς
1005 2777 1209 2842 πλοίοις
1248 2783 1519 2854 μακρόθεν
1558 2785 1694 2855 πρὸς
1734 2787 1825 2840 αὑ-

226 2859 333 2931 τὴν
362 2860 484 2931 ⁴ἥξει
505 2878 518 2893 ’
550 2866 850 2931 τουτέστιν,
875 2869 1057 2932 αὐτοῖς
1086 2869 1333 2942 σώμασιν
1361 2876 1453 2928 ἐπὶ
1483 2876 1543 2928 τὸ
1577 2880 1821 2947 κρεῖττον

232 2952 645 3025 μεταϐληθεῖσι.
674 2956 900 3023 Ἥξουσι
943 2961 1122 3015 τοίνυν
1161 2965 1341 3029 αὐτοῖς
1370 2970 1480 3032 τοῖς
1506 2968 1748 3040 σώμασιν
1773 2973 1822 3024 οί

229 3046 626 3116 προλεχθέντες
662 3050 762 3114 τὰς
802 3056 922 3107 κατ’
956 3054 1156 3128 ἀρετὴν
1200 3056 1427 3130 πράξεις
1456 3061 1693 3135 ἄργυρον
1732 3066 1824 3118 καὶ

230 3135 436 3203 χρυσὸν
461 3137 867 3211 ὀνομαζομένας
891 3145 1239 3219 ἐπαγόμενοι.
1276 3151 1508 3222 Πράξεις
1527 3153 1581 3206 δὲ
1605 3149 1711 3207 οἶδε
1733 3153 1823 3207 τὸν

231 3224 434 3297 χρυσὸν
460 3231 555 3283 καὶ
585 3231 677 3284 τὸν
704 3232 944 3307 ἄργυρον
972 3237 999 3288 ὁ
1039 3239 1376 3305 Ἀπόστολος.

1927 2045 2452 2117 spectabant,.jure
2503 2050 2600 2116 ait,
2651 2069 2669 2102 ι
2710 2053 2793 2108 Me
2846 2054 3036 2111 insulae
3090 2070 3500 2127 exspectarunt.

1927 2132 2101 2189 Naves
2122 2134 2388 2202 Tharsis;
2424 2159 2443 2191 ι
2478 2139 2563 2195 his
2593 2143 2900 2198 snbindicat
2946 2160 3197 2216 corpora,
3220 2148 3274 2202 in
3306 2150 3501 2218 quibus

1927 2227 2224 2282 enatabant
2279 2232 2474 2285 anima:
2525 2233 2578 2286 in
2630 2235 2729 2289 hac
2767 2238 2979 2292 mortali
3026 2241 3136 2294 vita
3171 2242 3501 2299 constituta.

1929 2315 2152 2373 Tharsis
2192 2319 2320 2375 item
2380 2323 2804 2395 alienigenarum
2852 2332 3097 2400 gentium
3143 2333 3291 2403 regio
3340 2345 3502 2389 erat:

1933 2421 2103 2475 quare
2130 2410 2196 2463 de
2231 2411 2523 2467 incredulis
2554 2413 2871 2487 alienigenis
2905 2418 3099 2475 alicubi
3133 2422 3350 2487 dicitur,
3398 2441 3417 2474 ι
3446 2423 3502 2476 In

1928 2499 2118 2567 spiritu
2152 2502 2457 2557 vehementi
2490 2519 2738 2561 conteres
2767 2524 2933 2565 naves
2970 2510 3194 2567 Tharsis
3220 2514 3287 2567 ⁸ο.
3333 2532 3352 2565 ι
3395 2513 3503 2569 Sed

1930 2589 2059 2653 illud
2102 2592 2319 2660 quidem
2368 2598 2793 2653 conterebatur:
2826 2600 2915 2655 hic
2962 2618 3090 2658 vero
3137 2604 3232 2660 ﬁlii
3271 2609 3505 2680 antiqua?

1930 2680 2075 2734 illius
2104 2680 2424 2751 Jerusalem,
2456 2687 2547 2756 qui
2583 2704 2650 2742 ex
2700 2692 2951 2758 gentibus
2980 2696 3046 2747 ad
3077 2710 3197 2750 eam
3244 2701 3505 2756 accedent

1929 2772 2115 2841 procul
2158 2783 2207 2827 et
2238 2776 2304 2829 ad
2336 2776 2508 2845 ipsam
2541 2779 2810 2846 appellent
2834 2784 2972 2837 vecti
3009 2786 3259 2854 navibus,
3309 2791 3361 2843 id
3396 2805 3502 2861 esr,

1930 2868 2250 2936 corporibus
2297 2870 2351 2923 in
2384 2870 2577 2927 melius
2611 2876 2976 2931 commutatis.
3038 2878 3173 2933 Cum
3210 2882 3340 2949 ipsis
3373 2898 3505 2955 ergo

1929 2959 2247 3026 corporibus
2274 2962 2510 3027 prazdicti
2544 2964 2782 3033 venient,
2824 2981 2987 3036 opera
3016 2984 3137 3024 cum
3162 2973 3362 3029 virtute
3389 2976 3506 3029 edi-

1930 3059 2005 3116 ta,
2037 3066 2229 3105 aurum
2267 3061 2321 3105 et
2373 3064 2658 3123 argentum
2714 3058 2873 3123 dicta,
2928 3061 3273 3120 advehentes.
3326 3066 3501 3138 Opera

1932 3155 2058 3196 vero
2084 3158 2181 3212 pro
2206 3158 2339 3198 auro
2363 3153 2418 3199 et
2447 3156 2670 3216 argento
2694 3150 2891 3219 accipit
2914 3152 3219 3221 Apostolus.

308 3340 327 3372 ι
349 3323 463 3375 Καὶ
502 3324 942 3397 οίκοδομήσουσιν
966 3328 1271 3400 ἀλλογενεῖς
1298 3334 1367 3388 τὰ
1406 3334 1558 3409 τείχη
1587 3356 1701 3403 σου,
1733 3338 1824 3391 καὶ

2000 3345 2165 3401 Vens.
2201 3347 2285 3413 10,
2320 3348 2405 3402 Η.
2444 3367 2463 3401 ι
2498 3348 2565 3405 Ει
2590 3350 2936 3409 aediﬁcabant
2971 3354 3285 3426 alienigena:
3318 3374 3503 3415 muros

230 3412 280 3465 οί
313 3412 559 3483 βασιλεῖς
591 3416 771 3470 αὐτῶν
792 3421 1234 3492 παραστήσονται
1273 3443 1374 3480 σοι.
1404 3428 1502 3481 Διά
1529 3429 1636 3502 γὰρ
1656 3431 1826 3503 ὀργήν

235 3522 337 3575 μου
380 3505 631 3572 ἐπάταξα
653 3526 734 3573 σε,
781 3513 876 3564 καὶ
903 3512 990 3568 διὰ
1011 3514 1156 3568 ἔλεον
1183 3518 1451 3590 ἠγάπησά
1482 3538 1559 3573 σε.
1593 3523 1701 3575 Καὶ
1729 3524 1827 3575 ἀν-

230 3597 581 3668 οιχθήσονται
607 3601 663 3652 αἱ
686 3600 851 3655 πύλαι
876 3620 968 3656 σου
995 3604 1082 3659 διὰ
1111 3608 1329 3672 παντὸς,
1355 3609 1567 3681 ἡμέρας
1605 3612 1701 3666 καὶ
1741 3631 1828 3667 νυ-

232 3690 363 3753 κτὸς
395 3690 458 3743 οὐ
495 3690 923 3763 κλεισθήσονται,
966 3699 1282 3769 εἰσαγαγεῖν
1330 3701 1467 3773 πρὸς
1500 3702 1560 3755 σέ
1598 3702 1826 3775 δύναμιν

230 3780 428 3843 ἐθνῶν,
458 3782 553 3835 καὶ
590 3782 831 3853 βασιλεῖς
858 3788 1036 3842 αὐτῶν
1062 3791 1381 3861 ἀγομένους.
1415 3811 1433 3844 ›
1466 3794 1578 3848 Καὶ
1604 3796 1735 3849 αὐτὸ
1760 3797 1827 3851 δι’

232 3871 415 3944 ἔργων
453 3874 704 3929 ἐπιτελού
714 3895 872 3948 μενον
900 3880 1019 3951 ϐψει
1050 3882 1350 3955 ἐπιστήσας
1375 3886 1464 3941 τὸν
1495 3887 1640 3954 νοῦν,
1665 3890 1740 3954 ὡς
1767 3891 1829 3957 ἐξ

233 3964 544 4033 ἀλλογενῶν
574 3969 668 4020 καὶ
697 3969 1009 4039 ἀλλοφύλων
1038 3972 1208 4028 ἐθνῶν
1245 3976 1345 4046 τῆς
1381 3978 1705 4051 Ἐκκλησίας
1730 3982 1824 4036 τοῦ

233 4053 375 4108 Θεοῦ
423 4058 766 4126 προεστῶτες
800 4061 994 4132 ἄνδρες
1030 4064 1401 4133 διδασκαλίαις
1428 4074 1827 4144 περιφράττου-

236 4160 348 4209 σιν,
376 4144 565 4217 ὧσπερ
595 4148 704 4201 τισὶ
732 4152 1038 4222 περιϐόλοις
1067 4156 1161 4208 καὶ
1184 4156 1423 4226 τείχεσιν
1461 4161 1824 4233 ἀσφαλιζόμε-

235 4252 321 4293 vo:
356 4236 448 4289 τὸν
476 4237 576 4308 τῆς
617 4239 927 4307 θεοσεϐείας
960 4244 1139 4313 λόγον,
1176 4248 1257 4311 είς
1289 4249 1349 4301 τὸ
1394 4250 1467 4321 μὴ
1506 4254 1827 4324 παρεισδύε-

237 4329 363 4382 σθαι
397 4331 528 4393 τοὺς
557 4330 868 4404 ἀλλοτρίους
898 4336 997 4407 τῆς
1026 4336 1281 4402 πίστεως,
1314 4341 1448 4411 μηδέ
1478 4342 1662 4414 χώραν
1684 4344 1825 4415 ἒχειν

235 4420 534 4493 ἐπιϐουλῆς
562 4424 701 4477 κατὰ
722 4424 830 4478 τῶν
862 4427 961 4497 τῆς
985 4428 1242 4499 ἀληθείας
1263 4431 1571 4503 δογμάτων.
1606 4436 1669 4488 Οί
1694 4435 1825 4504 γοῦν

236 4514 349 4567 τῶν
386 4514 710 4585 Ῥωμαϊκῶν
750 4520 1046 4589 ταγμάτων
1079 4521 1362 4592 ἄρχοντες,
1400 4525 1495 4578 καὶ
1542 4526 1650 4579 τῶν
1698 4545 1828 4600 κρα-

1926 3448 2071 3506 tuos,
2106 3449 2161 3495 et
2196 3457 2352 3513 reges
2379 3458 2566 3498 eorum
2614 3446 2868 3502 astabunt
2924 3448 3041 3503 tibi.
3104 3449 3332 3519 Propter
3365 3452 3503 3507 iram

1926 3532 2070 3587 enim
2117 3548 2292 3588 meam
2337 3536 2575 3604 percussi
2612 3546 2686 3603 te,
2725 3547 2779 3592 et
2826 3550 3048 3609 propter
3076 3542 3503 3598 misericordiam

1928 3624 2088 3679 dilexi
2130 3634 2201 3679 te.
2238 3626 2304 3680 Et
2332 3628 2646 3697 aperientur
2695 3641 2864 3700 portae
2899 3643 3003 3687 tuae
3045 3648 3279 3703 semper,
3305 3636 3393 3692 die
3441 3650 3507 3691 ac

1928 3725 2085 3771 nocte
2114 3732 2218 3772 non
2246 3717 2589 3785 claudentur,
2626 3731 2687 3776 ut
2717 3723 2979 3778 inducant
3022 3726 3088 3777 ad
3128 3735 3179 3779 te
3208 3730 3503 3796 potentiam

1927 3808 2190 3878 gentium,
2226 3818 2280 3863 et
2319 3825 2473 3880 reges
2511 3828 2697 3867 earum
2741 3814 2929 3870 duces.
2967 3833 2986 3867 ι
3048 3816 3112 3870 Et
3144 3817 3249 3872 hoc
3288 3834 3347 3874 re
3380 3835 3505 3889 per-

1928 3907 2108 3952 actum
2150 3900 2353 3968 videas,
2384 3903 2429 3956 si
2454 3904 2638 3958 animo
2671 3906 2947 3969 attendas,
2991 3922 3056 3961 ex
3099 3909 3420 3980 alienigenis
3450 3923 3507 3966 et

1927 3990 2197 4046 extraneis
2244 3994 2498 4061 gentibus
2543 3999 2693 4050 viros
2760 3993 3019 4053 Ecclesiae
3072 3999 3164 4053 Dei
3225 4002 3507 4069 praefectos

1927 4082 2099 4150 ipsam
2115 4082 2356 4138 doctrina
2388 4085 2839 4153 circummunire,
2859 4091 2959 4159 pia:
2979 4090 3252 4159 religionis
3279 4095 3504 4147 verbum

1927 4174 2081 4243 quasi
2105 4185 2258 4244 septo
2296 4185 2350 4230 et
2383 4192 2541 4232 muro
2575 4186 2836 4245 tutantes,
2873 4196 2940 4236 ne
2988 4182 3149 4236 alieni
3187 4200 3215 4235 a
3249 4185 3352 4239 [ide
3386 4186 3507 4240 sub-

1928 4271 2139 4331 repant,
2159 4278 2294 4318 neve
2315 4263 2491 4318 locum
2518 4266 2755 4321 habeant
2790 4269 3015 4323 insidias
3040 4280 3230 4324 contra
3258 4272 3508 4329 veritatis

1926 4355 2179 4422 dogmata
2214 4356 2460 4424 parandi.
2527 4357 2893 4415 Romanorum
2934 4363 3134 4431 quippe
3166 4364 3504 4420 exercituum

1928 4445 2221 4515 principes,
2270 4462 2333 4501 ac
2376 4449 2761 4518 imperantium
2815 4467 3001 4521 regum
3048 4464 3225 4510 metus
3272 4457 3509 4511 maxime

1926 4539 2213 4593 conferunt
2264 4540 2330 4594 ad
2363 4540 2739 4610 depellendum
2782 4556 2898 4605 eos,
2958 4544 3050 4611 qui
3107 4545 3362 4602 Ecclesiae
3413 4550 3507 4606 Dei

235 4607 480 4660 τούντων
515 4607 778 4679 βασιλέων
823 4613 851 4664 ὁ
879 4612 1043 4681 φόϐος
1085 4614 1153 4666 τὰ
1194 4616 1404 4686 μεγάλα
1455 4619 1821 4689 συμϐάλλεται

1930 4628 2157 4684 insidias
2186 4607 2645 4687 suumn—Porta:
2702 4642 2885 4689 autem
2923 4637 3160 4693 civitatis
3209 4639 3323 4705 Dei,
3356 4655 3508 4710 qua:-

237 4699 379 4769 πρὸς
422 4700 732 4772 ἀνατροπὴν
758 4701 866 4754 τῶν
902 4704 1272 4759 ἐπιϐουλεύειν
1297 4710 1361 4779 τῇ
1403 4709 1696 4783 Ἐκκλησία
1729 4712 1821 4766 τοῦ

237 4790 376 4845 Θεοῦ
406 4793 782 4863 πειρωμένων,
810 4794 981 4849 Πύλαι
1012 4796 1069 4849 δέ
1096 4797 1197 4867 τῆς
1228 4799 1321 4853 τοῦ
1345 4800 1480 4853 Θεοῦ
1512 4802 1720 4867 πόλεως
1744 4804 1827 4857 τί-

236 4899 329 4945 νες
359 4882 427 4936 ἂν
453 4878 561 4937 εἶεν
586 4885 619 4955 ἢ
652 4887 707 4938 αἱ
742 4887 1098 4958 στοιχειώδεις
1122 4891 1216 4945 καὶ
1246 4892 1553 4947 είσακτικαὶ
1579 4894 1828 4951 διδασκα-

236 4973 382 5039 λίαι;
412 4974 511 5029 Διὰ
535 4978 729 5041 νυκτὸς
760 4980 853 5032 καὶ
877 4981 1114 5053 ἡμέρας,
1145 4985 1331 5056 φησὶν,
1365 4985 1635 5057 ὴνεῴχθαι
1660 4991 1825 5043 πᾶσιν

236 5064 550 5135 ἀνθρώποις
574 5070 709 5140 πρὸς
736 5071 795 5123 τὸ
823 5073 1032 5138 πάντας
1062 5075 1398 5146 εἰσδέχεσθαι
1419 5079 1547 5142 τοὺς
1575 5077 1634 5143 ἐξ
1662 5082 1826 5135 ἀπάν-

234 5173 344 5211 των
391 5156 500 5209 τῶν
545 5158 713 5214 ἐθνῶν
761 5162 1030 5218 θεοσεϐεῖν
1078 5167 1513 5239 προῃρημένους.
1556 5172 1825 5241 Δυνάμεις

238 5248 337 5317 μὲν
371 5244 464 5302 οὖν
491 5250 599 5304 τῶν
624 5252 792 5306 ἐθνῶν
818 5257 955 5310 εἰσιν
991 5260 1040 5311 οἱ
1078 5259 1365 5331 δυνάμενοι
1396 5261 1573 5331 λέγειν
1594 5280 1607 5292 ·
1644 5281 1661 5313 ι
1683 5264 1823 5317 Πάν-

233 5357 301 5392 τα
336 5341 509 5411 ίσχύω
543 5345 601 5397 ἐν
633 5344 710 5416 τῷ
746 5347 1127 5421 ἐνδυναμοῦντί
1165 5370 1232 5423 με
1254 5369 1268 5382 ’
1301 5372 1319 5405 ι
1370 5352 1608 5423 βασιλεῖς
1636 5354 1692 5407 δέ
1725 5355 1822 5408 αὐ-

234 5433 347 5485 τῶν
380 5434 430 5487 οἱ
458 5433 725 5507 ἐξαίρετοι
761 5440 856 5492 καὶ
882 5441 979 5511 τῆς
1004 5442 1328 5515 ἐπουρανίου
1357 5444 1633 5516 βασιλείας
1656 5446 1816 5510 ἄξιοι.

240 5523 385 5595 Ἤδη
410 5525 468 5578 δὲ
495 5529 586 5581 καί
608 5534 951 5600 σωματικοὺς
988 5535 1271 5605 Ῥωμαίων
1298 5538 1703 5610 αὐτοκράτορας
1726 5540 1820 5593 καὶ

244 5613 484 5683 βασιλεῖς
511 5616 652 5688 ὀρῶν
681 5637 764 5683 τις
811 5621 1204 5693 ὑποτρέχοντας
1233 5626 1332 5695 τῆς
1371 5627 1693 5698 Ἐκκλησίας
1725 5626 1818 5681 τοῦ

243 5705 379 5760 Θεοῦ
406 5707 505 5772 τὰς
520 5709 714 5775 πύλας,
741 5712 834 5767 καὶ¹
856 5712 964 5769 τῶν
980 5714 1111 5767 εῖσω
1136 5716 1317 5770 πυλῶν
1350 5720 1661 5792 μυστηρίων
1690 5738 1821 5774 κατ-

1928 4734 2052 4775 ιιιιηι
2084 4720 2427 4784 fuerint,nisi
2453 4722 2809 4781 elementares
2833 4726 2937 4781 illa:
2954 4737 3009 4782 et
3040 4728 3278 4785 initiaies
3302 4732 3475 4787 doctri
3505 4760 3509 4771 ι

1926 4811 2043 4865 nte?
2071 4810 2237 4867 Nocte
2256 4821 2310 4867 et
2334 4813 2443 4878 die,
2466 4815 2664 4884 inquit,
2693 4818 2944 4874 omnibus
2976 4821 3287 4878 hominibus
3306 4834 3507 4893 apertae

1926 4910 2075 4968 sunt,
2106 4913 2166 4957 ut
2217 4905 2491 4973 excipiant
2522 4920 2616 4961 eos
2670 4924 2739 4963 ex
2777 4912 3031 4967 omnibus
3082 4914 3353 4984 gentibus,
3411 4915 3504 4983 qui

1928 4994 2097 5049 Deum
2132 4996 2311 5052 coiere
2341 4997 2395 5051 in
2431 5002 2706 5069 proposito
2734 5002 2955 5059 habent.
2984 5004 3231 5061 Potentia
3265 5006 3504 5076 gentium

1928 5093 2056 5138 sunt
2091 5085 2125 5139 ii
2154 5086 2242 5154 qui
2273 5087 2453 5143 dicere
2482 5090 2687 5155 valent,
2717 5111 2734 5144 ι
2757 5092 2946 5149 Omnia
2979 5110 3194 5164 possum
3226 5096 3280 5149 in
3309 5111 3374 5149 eo
3412 5096 3503 5165 qui

1932 5189 2017 5227 me
2074 5177 2343 5230 confortat
2372 5177 2457 5232 ἐξ
2495 5196 2513 5230 ι
2560 5195 2713 5249 reges
2757 5198 2942 5237 earum
2980 5184 3014 5238 ii
3068 5195 3195 5239 sunt
3235 5186 3325 5254 qui
3374 5200 3504 5254 pra:-

1929 5264 2218 5320 stantiores
2271 5276 2325 5321 ct
2368 5269 2576 5325 caelesti
2624 5286 2791 5341 regno
2845 5273 2991 5343 digni
3044 5276 3331 5331 habentur.
3383 5276 3502 5335 Jam

1928 5372 2093 5436 vero,
2147 5375 2270 5415 cum
2334 5380 2593 5435 corporeo
2639 5381 2789 5420 more
2838 5376 3089 5436 acceptos
3135 5367 3502 5422 Romanorum

1926 5432 2280 5518 imperatores
2309 5432 2540 5509 vidimus
2568 5458 2636 5509 ad
2672 5455 2928 5511 ecclesias
2968 5457 3060 5511 Dei
3094 5468 3501 5523 concurrentes,

1927 5548 1981 5593 et
2018 5543 2395 5611 mysteriorum
2427 5560 2547 5614 quae
2587 5545 2725 5599 intra
2749 5544 2943 5613 ianuas
2972 5558 3305 5618 peraguntur
3334 5550 3503 5619 parti-

1928 5630 2094 5697 cipes,
2133 5636 2403 5702 quomodo
2462 5635 2701 5691 vaticinii
2742 5635 3025 5693 veritatem
3082 5655 3188 5695 non
3241 5640 3502 5697 conﬁtea-

1930 5724 2086 5775 mur?

246 5799 614 5872 αξιουμένους,
652 5800 771 5866 πῶς
806 5803 906 5855 οὑκ
936 5803 1189 5875 ἀλήθειαν
1230 5811 1568 5880 μαρτυρήσει
1604 5812 1682 5882 τῷ
1713 5811 2077 5883 θεσπίσματι;

224 5922 245 5954 ι
323 5894 401 5948 ³³1
449 5895 636 5952 Thess.
663 5913 734 5964 tv,
769 5895 854 5952 16.
930 5899 975 5930 ³⁸
996 5899 1309 5971 Psa|.x1.vn,
1342 5902 1395 5959 8.
1488 5909 1529 5938 ἰ
1563 5906 1791 5979 Philipp.
1826 5923 1896 5973 tv,
1928 5908 2009 5963 l5.
