3968 6572
479 460 585 517 495

1160 455 1435 511 EUSEBII
1474 454 1953 512 CESARIENSIS
1993 452 2142 511 OPP.
2184 453 2365 508 PARS
2405 452 2491 507 Ill.
2533 484 2599 492 -—
2640 451 3054 509 EXEGETICA.

3624 461 3735 518 496

551 578 712 634 Vens.
765 580 854 641 12,
890 578 971 630 l5.
1011 595 1027 627 ι
1057 575 1257 631 Gentes
1308 576 1453 631 enim
1509 586 1565 631 et
1620 592 1793 647 reges,
1829 579 1920 649 qui
1955 578 2029 632 lib

2230 595 2247 628 ι
2272 576 2352 628 Τὰ
2368 576 2476 647 γὰρ
2499 574 2625 647 ἔθνη
2641 576 2734 629 καὶ
2755 579 2801 629 οί
2822 576 3078 647 βασιλεῖς,
3096 575 3286 640 οἵτινες
3307 577 3367 629 ού
3393 575 3737 634 δουλεύσουσί

480 687 587 726 non
624 670 886 733 servient,
926 668 1200 738 peribunt,
1261 678 1315 721 et
1353 678 1541 738 gentes
1582 670 1833 723 vastitate
1874 678 2051 723 vasta-

476 765 696 816 buntur.
724 759 789 814 Et
815 760 987 828 gloria
1028 758 1223 814 Libani
1273 761 1338 814 ad
1380 771 1435 815 te
1467 760 1666 827 veniet,
1698 762 1749 814 in
1776 763 2051 831 cyparisso

471 862 525 907 et
550 853 677 921 pinu
706 861 761 907 et
787 852 949 906 cedro
974 850 1154 913 simul,
1185 852 1248 906 ad
1284 852 1691 921 glorificandum
1721 854 1894 909 locum
1924 868 2049 907 san-

471 956 616 999 ctum
643 960 842 999 meum.
887 964 904 995 ι
941 943 1075 997 Nam
1132 944 1357 999 salutari
1392 953 1446 999 et
1481 944 1841 1014 pulcherrima
1872 944 2047 999 servi-

472 1044 585 1090 tute
618 1035 824 1090 civitati
860 1035 951 1089 Dei
987 1035 1327 1091 serviendum
1358 1036 1735 1102 est,videlicet
1770 1036 2045 1101 Ecclesia,

467 1136 522 1180 et
555 1127 655 1195 pia:
688 1126 954 1197 religioni,
985 1141 1104 1195 qua:
1134 1126 1187 1180 in
1215 1140 1276 1181 ea
1308 1128 1527 1191 colitur,
1560 1127 1938 1196 pulcherrimae
1992 1136 2046 1184 et

470 1218 787 1272 celsissimae
814 1216 1005 1273 Libani
1036 1216 1257 1273 arbores
1306 1217 1638 1284 deferentur,
1673 1229 1731 1273 ut
1754 1220 1862 1275 illis
1892 1220 2042 1277 locus

467 1322 686 1367 sanctus
722 1327 875 1366 meus
905 1311 1079 1381 gloria
1116 1311 1401 1366 aliieiatur.
1422 1311 1580 1365 Tales
1603 1322 1782 1365 autem
1824 1312 2041 1379 fuerint,

466 1402 664 1456 eruditi
696 1402 794 1455 viri
828 1417 894 1457 ex
926 1402 1199 1470 gentibus,
1230 1402 1496 1472 sapientia
1535 1403 1715 1458 seculi
1746 1404 1904 1472 hujus
1940 1404 2043 1460 im-

464 1494 602 1560 buti,
640 1509 777 1562 quos
828 1494 881 1547 in
937 1492 1178 1547 Ecclesia
1216 1492 1309 1548 Dei
1342 1492 1618 1563 ﬂorentes,
1651 1511 1716 1551 ac
1773 1498 2043 1552 sermonis

464 1596 724 1655 apparatu
757 1586 925 1655 ipsam
957 1594 1213 1640 ornantes
1247 1587 1614 1655 conspicatus,
1664 1589 1980 1659 neutiquam
2011 1603 2042 1643 a

463 1692 593 1732 vero
626 1679 869 1743 aberres,
920 1679 966 1733 si
1006 1678 1152 1732 dicas
1196 1693 1289 1733 eos
1342 1678 1628 1749 allegorice
1686 1695 1857 1746 more,
1899 1680 2041 1751 ligna

460 1769 678 1834 Libani,
734 1774 1059 1841 cyparissos,
1093 1771 1250 1837 pinus
1293 1781 1349 1826 et
1384 1774 1576 1828 cedros
1616 1774 1799 1827 vocari
1837 1790 1852 1825 :
1888 1774 2041 1843 queis

460 1863 612 1918 locus
649 1874 871 1918 sanctus
900 1864 997 1919 Dei
1042 1880 1250 1919 necnon
1292 1865 1525 1935 vestigia
1565 1867 1758 1935 pedum
1788 1866 1923 1934 ejus,
1956 1867 2035 1919 vi-

454 1955 649 2010 delicet
677 1942 943 2024 Ecclesia,
967 1956 1319 2027 glorilicatur.

527 2220 689 2275 Vens.
727 2221 817 2275 M.
850 2237 870 2271 ι
913 2220 978 2274 Ει
1012 2220 1165 2274 ibunt
1208 2219 1276 2273 ad
1312 2228 1363 2274 te
1397 2218 1646 2274 timentes
1686 2218 1777 2272 lilii
1819 2233 2030 2283 eorum,

451 2314 545 2383 qui
590 2323 642 2367 te
674 2312 1119 2373 humiliaverunt,
1160 2319 1214 2364 et
1247 2310 1595 2365 irritaverunt
1624 2330 1635 2364 :
1664 2320 1717 2365 et
1751 2312 2033 2367 vocaberis

453 2405 652 2458 civitas
688 2403 844 2467 Sion,
887 2404 1061 2457 sancti
1099 2400 1288 2457 Israel.
1322 2422 1341 2455 ι
1387 2402 1452 2456 Et
1492 2418 1623 2457 sane
1653 2402 1850 2458 multos
1882 2404 2033 2458 novi-

452 2510 575 2551 mus
610 2510 676 2550 ex
710 2495 799 2559 iis,
829 2494 920 2563 qui
954 2494 1080 2549 olim
1117 2495 1169 2547 in
1198 2495 1497 2550 Ecclesiam
1531 2495 1843 2565 blaspliema
1867 2494 2030 2549 verba

452 2585 814 2655 protulerunt,
848 2588 1126 2656 ipsamque
1158 2588 1525 2653 irritaverunt,
1553 2588 1643 2658 qui
1674 2588 1786 2657 jam
1824 2595 2027 2640 mutata

452 2678 738 2745 sententia,
774 2678 941 2734 Deum
980 2679 1032 2733 iit
1066 2693 1129 2734 ea
1177 2681 1460 2735 adoratum
1490 2688 1776 2753 venerunt.

518 2861 680 2929 Vens.
721 2863 907 2918 15-17.
955 2881 976 2914 ι
1014 2863 1150 2930 Quia
1181 2861 1330 2916 fuiSti
1379 2858 1657 2923 derelicta,
1691 2868 1745 2912 et
1777 2856 1902 2912 odio
1932 2856 2028 2910 lia-

440 2954 579 3023 'bita,
613 2966 669 3010 et
697 2971 803 3011 non
840 2967 959 3010 erat
989 2957 1081 3024 qui
1130 2954 1510 3009 auxiliaretur.
1554 2951 1622 3004 Et
1652 2964 1847 3020 ponam
1892 2960 1942 3002 te
1971 2948 2025 3002 in

434 3047 865 3102 exsultationem
918 3046 1328 3115 sempiternam,
1364 3044 1417 3097 in
1457 3043 1695 3097 lmtitiam
1728 3040 2024 3112 generatio.

442 3142 604 3195 nibus
631 3138 1069 3210 generationum,
1097 3147 1152 3192 et
1190 3151 1352 3207 suges
1391 3136 1473 3191 lac
1498 3134 1770 3205 gentium,
1805 3142 1861 3187 et
1896 3131 2025 3186 divi-

2160 684 2259 731 σοι,
2288 666 2636 729 ἀπολοῦνται,
2674 668 2768 720 καὶ
2808 669 2876 721 τὰ
2898 668 3026 738 ἔθνη
3054 669 3258 740 ἐρημίᾳ
3294 671 3735 743 ἐρημωθήσεται.

2155 760 2263 811 Καὶ
2286 761 2318 830 ἠ
2344 759 2469 823 δόξα
2493 758 2587 812 τοῦ
2617 759 2850 813 Λιϐάνου
2880 761 3016 831 πρὸς
3050 761 3108 813 σὲ
3137 759 3256 831 ἥξει
3298 762 3356 813 ἐν
3388 765 3736 837 κυπαρίσσῳ,

2154 851 2247 905 καὶ
2278 849 2478 925 πεύκη,
2533 850 2629 905 καὶ
2683 850 2857 922 κέδρῳ
2908 852 3044 922 ἅμα,
3079 850 3295 916 δοξάσαι
3336 852 3428 906 τὸν
3452 854 3613 909 τόπον
3644 860 3739 911 τὸν

2152 942 2310 1011 ἅγιόν
2341 960 2462 1015 μου.
2507 961 2527 994 ι
2565 942 2857 996 Δουλεῦσαι
2890 944 2997 1015 γὰρ
3053 944 3133 997 δεῖ
3177 943 3274 1015 τὴν
3322 948 3586 1018 σωτήριον
3641 950 3738 1003 καὶ

2150 1032 2443 1103 καλλίστην
2496 1032 2740 1086 δουλείαν
2780 1036 2844 1104 τῇ
2878 1033 2971 1085 τοῦ
3010 1033 3144 1086 θεοῦ
3187 1035 3358 1101 πόλει,
3393 1035 3537 1103 λέγω
3573 1037 3629 1090 δὲ
3667 1041 3736 1108 τῇ

2163 1124 2478 1196 Ἐκκλησία,
2512 1125 2606 1177 καὶ
2646 1124 2725 1195 τῷ
2765 1127 2822 1178 ὲν
2846 1127 2981 1197 αὐτῇ
3010 1125 3250 1179 θεοσεϐεῖ
3277 1127 3632 1200 πολιτεύματι
3665 1130 3737 1183 τὰ

2148 1216 2410 1270 κάλλιστα
2437 1215 2529 1267 καὶ
2562 1215 2867 1285 ὑψηλότατα
2890 1214 2996 1268 τῶν
3029 1217 3086 1269 ὲν
3112 1215 3189 1286 τῷ
3214 1216 3431 1288 Λιϐάνῳ
3461 1219 3602 1287 φυτά
3642 1237 3736 1273 κο-

2149 1307 2490 1379 μισθήσεται,
2544 1309 2623 1371 είς
2671 1307 2731 1361 τὸ
2763 1308 2829 1360 δι’
2858 1307 3036 1360 αύτῶν
3081 1306 3404 1377 δοξασθῆναι
3441 1310 3531 1362 τὸν
3564 1311 3734 1364 τόπον

2144 1402 2234 1454 τὸν
2258 1401 2411 1469 ἅγιόν
2436 1417 2557 1471 μου.
2591 1399 2830 1453 Τοιοῦτοι
2861 1399 2905 1452 δ’
2934 1399 2999 1452 ἂν
3023 1395 3129 1453 εἷεν
3154 1400 3203 1452 οξ
3236 1399 3293 1465 ἐξ
3323 1399 3491 1454 ἐθνῶν
3518 1400 3733 1470 ἐλλόγι-

2146 1508 2235 1561 μοι
2270 1491 2462 1562 ἄνδρες
2494 1491 2587 1545 καὶ
2609 1491 2797 1559 σοφίας
2824 1490 2916 1544 τοῦ
2942 1489 3136 1554 αἰῶνος
3168 1491 3358 1544 τούτου
3390 1494 3733 1564 μετεσχηκό-

2142 1600 2233 1646 τες
2256 1600 2269 1612 ·
2303 1582 2395 1646 οὓς
2416 1585 2473 1636 ὲν
2508 1585 2573 1654 τῇ
2609 1582 2900 1654 Ἐκκλησία
2924 1582 3016 1635 τοῦ
3045 1581 3179 1635 Θεοῦ
3202 1583 3602 1655 διαπρέποντας
3634 1584 3735 1640 καὶ

2143 1674 2484 1745 κοσμοῦντας
2517 1675 2686 1747 αὐτὴν
2720 1678 2784 1746 τῇ
2819 1674 2912 1728 τοῦ
2934 1675 3092 1744 λόγου
3117 1679 3441 1748 παρασκευῇ
3465 1677 3734 1749 θεασάμε-

2142 1784 2231 1831 νος
2266 1767 2365 1819 οὐκ
2389 1766 2455 1820 ἂν
2485 1766 2753 1839 ἁμάρτοις
2776 1766 2973 1832 αὐτοὺς
2998 1761 3138 1822 εἶναι
3171 1768 3240 1822 τὰ
3272 1766 3402 1833 ξύλα
3435 1768 3529 1823 τοῦ
3566 1770 3734 1825 Λιϐά-

2144 1876 2234 1911 νου
2261 1899 2275 1921 ,
2308 1858 2646 1929 κυπάρισσον
2689 1859 2783 1911 καὶ
2813 1859 3022 1923 πεύκας
3056 1859 3151 1913 καὶ
3186 1860 3430 1933 κέδρους,
3474 1864 3616 1917 κατά
3649 1863 3731 1917 νό-

2064 1950 2106 2004 Β
2138 1968 2236 2021 μον
2278 1951 2606 2023 ἀλληγορίας
2640 1952 2839 2005 εἰπών’
2878 1952 2944 2005 δι’
2992 1945 3066 2006 ὧν
3114 1951 3394 2019 δοξάζεται
3437 1957 3465 2008 6
3496 1955 3664 2019 τόπος
3701 1958 3732 2009 ό

2138 2043 2291 2111 ἅγιος
2318 2042 2411 2095 τοῦ
2429 2042 2585 2110 Θεοῦ,
2618 2043 2711 2097 καὶ
2739 2044 2766 2096 6
2786 2043 2949 2108 τόπος
2974 2043 3081 2099 τῶν
3110 2044 3285 2099 ποδῶν
3310 2047 3494 2112 αὑτοῦ,
3522 2047 3729 2122 δηλαδὴ

2136 2138 2170 2207 ἡ
2204 2137 2519 2208 Ἐκκλησία.

2210 2246 2228 2278 ι
2266 2229 2376 2281 Kal
2412 2227 2768 2301 πορεύσονται
2800 2227 2936 2300 πρὸς
2979 2228 3039 2282 σὲ
3067 2227 3362 2291 δεδοικότες
3394 2228 3500 2282 ulol
3531 2245 3729 2282 ταπει-

2135 2320 2423 2374 νωσάντων
2475 2338 2554 2385 σε,
2596 2321 2692 2375 καὶ
2746 2320 3165 2391 παροξυνάντων
3212 2339 3293 2385 σε,
3345 2323 3437 2380 καὶ
3471 2321 3729 2397 κληθήσῃ

2134 2411 2287 2474 πόλις
2308 2411 2466 2477 Σιὼν,
2512 2410 2668 2480 ἁγίου
2711 2410 2949 2482 Ἰσραήλ.
2988 2428 3005 2462 ι
3036 2410 3147 2464 Καὶ
3184 2409 3357 2473 ἄλλως
3386 2410 3440 2463 δὲ
3475 2410 3582 2463 τῶν
3614 2411 3726 2464 πά-

2132 2500 2221 2554 λαι
2250 2501 2757 2574 βλασφημησάντων
2804 2499 2900 2572 τὴν
2951 2500 3296 2572 Ἐκκλησίαν,
3348 2500 3441 2554 καὶ
3482 2500 3727 2571 παροξυ-

2131 2592 2337 2647 νάντων
2381 2593 2571 2663 αὐτὴν,
2614 2591 2709 2645 καλ⁵
2749 2588 3073 2655 διωξάντων,
3109 2590 3339 2654 πολλοὺς
3375 2591 3531 2662 ἴσμεν
3560 2608 3725 2662 μετα-

2134 2683 2417 2748 ϐαλόντας,
2458 2685 2552 2737 καὶ
2587 2684 2678 2737 ἐπὶ
2716 2682 2776 2736 τὸ
2816 2683 3136 2754 προσκυνεῖν
3183 2682 3274 2736 τὸν
3314 2684 3371 2737 ἐν
3406 2683 3542 2755 αὐτῇ
3582 2682 3724 2738 Θεὸν

2134 2775 2457 2849 ἐληλυθότας
2467 2817 2479 2830 .

2208 2885 2225 2918 ι
2256 2866 2355 2919 Διά
2377 2867 2436 2919 τὸ
2458 2866 2781 2938 γεγενῆσθαί
2809 2885 2867 2920 σε
2890 2865 3479 2937 ἐγκαταλελειμμένην,
3504 2866 3599 2919 καὶ
3623 2881 3724 2937 με·

2132 2959 2458 3031 μισημένην,
2482 2960 2576 3012 καὶ
2613 2961 2710 3012 οὐκ
2728 2955 2796 3031 ῆν
2821 2962 2850 3012 6
2880 2958 3108 3030 βοηθῶν.
3136 2960 3246 3012 Καὶ
3278 2958 3427 3031 θήσω
3454 2975 3515 3011 σε
3545 2958 3722 3027 ἀγαλ-

2126 3044 2298 3116 λίαμα
2338 3044 2574 3111 αἰώνιον,
2615 3047 2950 3118 εὐφροσύνην
2982 3046 3183 3116 γενεῶν
3215 3049 3449 3117 γενεαῖς,
3486 3048 3581 3101 καὶ
3616 3048 3720 3119 θη-

2128 3134 2312 3199 λάσεις
2340 3136 2480 3205 γάλα
2519 3137 2709 3202 ἐθνῶν,
2752 3138 2846 3191 καὶ
2891 3137 3119 3191 πλοῦτον
3152 3137 3415 3209 βασιλέων
3448 3138 3712 3207 φάγεσαι.

444 3235 545 3287 tias
569 3248 753 3303 regum
787 3233 1057 3288 comedes.
1106 3229 1171 3284 Et
1222 3243 1544 3298 cognosces,
1591 3226 1716 3297 quia
1760 3240 1860 3293 ego
1901 3237 2020 3277 sum

2140 3224 2239 3277 Kal
2271 3225 2477 3298 γνώσῃ,
2517 3227 2598 3279 ὅτι
2644 3224 2752 3294 ἐγὼ
2787 3225 2990 3297 Κύριος
3031 3229 3058 3280 ό
3094 3226 3281 3290 σώζων
3310 3243 3390 3289 σε,
3434 3228 3527 3279 καὶ
3559 3225 3714 3290 ἐξαι-

442 3301 725 3390 Dominus,
750 3325 840 3395 qui
872 3324 1077 3379 salvum
1125 3332 1176 3377 te
1210 3321 1375 3383 facio,
1408 3329 1463 3375 et
1501 3320 1593 3388 qui
1635 3332 1767 3373 eruo
1799 3327 1849 3372 te
1878 3316 2019 3369 Deus

2140 3316 2382 3388 :oépsvcig
2405 3334 2463 3369 σε
2495 3317 2627 3381 Θεὸς
2673 3316 2911 3387 Ἰσραήλ.
2941 3318 3050 3371 Καὶ
3076 3318 3196 3371 ἀντὶ
3226 3316 3426 3387 χαλκοῦ
3467 3317 3598 3370 οῐσω
3626 3334 3713 3370 σοι

434 3418 627 3475 ’lsrael.
658 3420 725 3473 Et
754 3432 851 3487 pro
879 3431 986 3471 tere
1017 3413 1237 3468 ali‘eram
1302 3412 1395 3466 tibi
1457 3426 1646 3465 aurum
1684 3428 1699 3466 :
1731 3424 1829 3479 pro
1872 3408 2017 3462 ferro

440 3520 618 3564 autem
645 3508 863 3562 all‘eram
900 3507 991 3561 tibi
1030 3514 1333 3577 argentum,
1361 3518 1457 3572 pro
1490 3502 1649 3571 lignis
1672 3499 1893 3555 all‘eram
1918 3498 2015 3553 tibi

437 3616 531 3667 aes,
561 3611 615 3655 et
648 3616 746 3667 pro
770 3598 1038 3667 lapidibus
1077 3598 1301 3651 ferrum.
1326 3595 1392 3649 Et
1421 3594 1557 3649 dabo
1588 3592 1863 3663 principes
1895 3600 2016 3645 tuos

436 3695 491 3745 in
537 3707 688 3759 pace,
729 3700 783 3745 et
822 3691 1103 3758 episcopos
1151 3697 1271 3743 tuos
1314 3687 1367 3741 in
1406 3685 1637 3755 iustitia.
1674 3703 1693 3736 ι
1728 3684 1842 3739 Hoc
1884 3697 2014 3739 vero

435 3785 564 3852 quid
600 3784 786 3844 fuerit,
819 3782 921 3837 nisi
956 3798 1151 3837 novum
1199 3783 1511 3854 mysterium
1559 3777 1890 3850 evangelica:
1920 3778 2014 3831 do.

433 3877 643 3940 ctrime,
667 3885 720 3930 et
741 3873 1091 3929 elementaris
1113 3873 1201 3928 illa
1231 3874 1364 3928 Novi
1384 3872 1716 3928 Testamenti
1741 3871 2010 3937 doctrina,

433 3968 587 4036 cujus
616 3977 897 4022 consortes
926 3976 1051 4021 sunt
1080 3966 1112 4020 ii
1141 3967 1231 4036 qui
1265 3965 1316 4019 in
1347 3964 2008 4037 Christo‘regenerantur,

429 4058 522 4127 qui
559 4056 751 4125 seipsis
790 4057 1041 4110 meliores
1087 4055 1252 4110 l‘uturi
1301 4067 1447 4124 sunt,
1498 4071 1563 4111 ac
1607 4055 1698 4109 Dei
1728 4061 2011 4109 structurae

2120 3409 2362 3479 χρυσίον,
2389 3410 2483 3463 καὶ
2506 3409 2626 3462 ἀντὶ
2653 3409 2868 3481 σιδήρου
2898 3407 3031 3462 οίσω
3056 3427 3137 3463 σοι
3161 3408 3422 3480 ἀργύριον
3445 3425 3459 3439 ·
3496 3408 3619 3462 ἀντὶ
3654 3409 3713 3462 δὲ

2120 3499 2289 3564 ξύλων
2334 3502 2466 3554 οἴσω
2501 3518 2581 3554 σοι
2608 3501 2825 3572 χαλκὸν,
2863 3503 2984 3556 ἀντὶ
3024 3503 3079 3556 δὲ
3106 3502 3291 3569 λίθων,
3322 3503 3561 3573 σίδηρον.
3594 3502 3711 3556 Καὶ

2114 3591 2271 3644 δώσω
2303 3594 2428 3656 τοὺς
2460 3594 2728 3665 ἄρχοντάς
2760 3612 2851 3648 σου
2873 3597 2930 3648 ἐν
2956 3597 3173 3668 εἰρήνῃ,
3204 3596 3297 3647 καὶ
3323 3595 3447 3658 τοὺς
3478 3593 3709 3646 ἐπισκό-

2116 3700 2251 3747 πους
2286 3700 2379 3736 σου
2412 3686 2470 3736 ὲν
2500 3684 2834 3757 δικαιοσύνῃ.
2872 3706 2891 3738 ›
2934 3686 3104 3739 Τοῦτο
3131 3687 3187 3739 δὲ
3216 3686 3268 3738 τί
3293 3685 3409 3738 ποτ’
3442 3685 3507 3738 ἂν
3540 3683 3627 3755 εἴη
3656 3686 3707 3739 ει

2118 3774 2192 3846 μὴ
2247 3775 2307 3829 τὸ
2339 3776 2526 3830 καινὸν
2559 3778 2853 3848 μυστήριον
2896 3778 2998 3848 τῆς
3039 3778 3400 3848 εὐαγγελικῆς
3444 3777 3704 3831 διδασκα..

2113 3865 2252 3928 λίας,
2290 3866 2384 3918 καὶ
2423 3867 2457 3936 ή
2504 3866 2851 3939 στοιχειώδης
2879 3867 3197 3922 διδασκαλία
3225 3868 3325 3937 τῆς
3348 3868 3557 3938 Καινῆς
3581 3870 3704 3921 Διαο

2113 3962 2303 4033 θήκης,
2331 3958 2399 4035 ἧς
2434 3946 2750 4032 μετέχουσιν
2785 3965 2833 4016 οἱ
2874 3964 2934 4016 ὲν
2980 3963 3199 4035 Χριστῷ
3240 3960 3698 4033 ἀναγεννώμενοι,

2113 4052 2351 4123 βελτίους
2390 4054 2487 4124 μὲν
2531 4054 2741 4108 ἑαυτῶν
2782 4056 3133 4127 γενησόμενοι
3168 4056 3261 4109 καὶ
3290 4053 3699 4127 χρησιμώτεροι

427 4149 696 4209 utiliores.
736 4148 1192 4217 quemadmodum
1233 4158 1287 4204 et
1342 4148 1526 4217 primi,
1567 4149 1658 4217 qui
1690 4161 1787 4216 pro
1820 4159 1925 4199 mre
1954 4152 2008 4197 et

2142 4147 2172 4216 ῇ
2220 4144 2315 4198 τοῦ
2358 4144 2495 4198 Θεοῦ
2541 4146 2796 4217 οἰκοδομῇ
2833 4146 2975 4199 κατά
3001 4148 3127 4210 τοὺς
3165 4146 3435 4217 πρώτους,
3479 4147 3529 4198 οἳ
3571 4145 3698 4199 ἀντὶ

429 4236 573 4292 ferro
610 4254 801 4292 aurum
835 4248 889 4292 ct
921 4248 1201 4308 argentum
1251 4239 1303 4292 in
1354 4237 1829 4293 commutationem
1869 4232 2007 4286 obti-

424 4330 702 4383 nuerunt?

502 4465 661 4521 Vens.
696 4467 782 4521 18.
819 4487 841 4519 ‹
889 4468 953 4521 Ει
987 4484 1093 4523 non
1134 4468 1385 4521 audietur
1424 4466 1599 4520 adhuc
1633 4464 1894 4533 injustitia
1950 4463 2004 4517 in

2108 4237 2309 4307 χαλκοῦ
2339 4239 2431 4292 καὶ
2455 4239 2676 4311 σιδήρου
2705 4239 2908 4311 χρυσοῦ
2934 4257 2991 4293 τε
3020 4240 3112 4294 καί¹
3136 4239 3375 4312 ἀργύρου
3406 4238 3570 4310 τιμὴν
3597 4239 3695 4293 ἀν-

2106 4330 2568 4402 τικατηλλάξαντο
2586 4348 2601 4397 ;

2182 4485 2200 4518 ι
2238 4468 2349 4521 Καὶ
2389 4468 2491 4522 οὐκ
2515 4467 2912 4540 ἀκουσθήσεται
2948 4466 3029 4520 ἔτι
3057 4464 3241 4519 ἀδικία
3280 4466 3337 4518 ὲν
3369 4466 3434 4535 τῇ
3468 4465 3539 4534 γῇ
3568 4479 3687 4526 σου,

422 4570 573 4610 terra
614 4566 917 4626 tua,neque
944 4560 1218 4620 contritio,
1262 4571 1439 4627 neque
1471 4556 1688 4610 miseria
1726 4557 1777 4610 in
1805 4555 2002 4609 ﬁnibus

2140 4558 2225 4611 ὑδὲ
2249 4558 2583 4630 σύντριμμα,
2603 4558 2723 4611 οὐδὲ
2751 4556 3094 4628 ταλαιπωρία
3123 4557 3182 4609 ὲν
3213 4557 3326 4619 τοῖς
3357 4552 3525 4625 ὁρίοις
3556 4569 3651 4605 σου
3671 4568 3686 4583 ’

420 4650 573 4701 tuis:
605 4647 697 4702 sed
742 4648 1077 4702 vocabuntur
1111 4649 1363 4703 Salutare
1415 4647 1556 4702 muri
1595 4648 1693 4712 tui,
1727 4656 1783 4701 et
1824 4656 1997 4715 porta:

2140 4651 2237 4705 λλά
2270 4652 2601 4722 κληθήσεται
2630 4651 2903 4722 Σωτήρων
2934 4648 3006 4703 τὰ
3026 4648 3177 4719 τείχη
3206 4664 3323 4714 σου,
3358 4647 3452 4701 καὶ
3496 4647 3555 4697 αἱ
3585 4644 3691 4698 πύ-

426 4749 549 4801 tua},
589 4739 881 4807 sculptura.
918 4757 937 4791 ι
987 4739 1090 4796 Pro
1132 4741 1242 4803 illo,
1286 4757 1308 4791 ί
1355 4740 1628 4805 Salutare,
1674 4758 1693 4791 ι
1732 4739 1997 4794 Hebraica

2140 4761 2210 4807 αι,
2239 4742 2486 4814 γλύμμα.
2519 4760 2537 4793 ι
2578 4742 2722 4795 Ἀντὶ
2747 4741 2804 4795 δὲ
2829 4740 2947 4807 τοῦ,
2976 4760 2994 4794 ι
3024 4740 3322 4812 Σωτηρίου,
3352 4758 3371 4793 ι
3398 4740 3432 4811 ἡ
3470 4739 3679 4812 Ἐὄραῖο

424 4829 716 4899 scriptura,
757 4846 774 4879 ι
801 4827 985 4883 Jesum
1032 4848 1050 4881 ι
1087 4831 1325 4899 przefert,
1388 4830 1677 4901 ipsissimis
1709 4830 1997 4885 elementis

2140 4836 2171 4907 ὴ
2195 4835 2499 4903 ἀνάγνωσις
2525 4834 2615 4887 τὸν
2636 4853 2655 4886 ε
2681 4834 2889 4906 Ἰησοῦν
2910 4853 2928 4886 ι
2949 4833 3113 4887 αὐτόν
3134 4850 3193 4887 τε
3225 4833 3469 4903 περιέχει
3490 4834 3677 4897 αὐτοῖς

421 4933 477 4975 et
513 4920 942 4982 characteribus,
971 4921 1128 4990 queis
1168 4921 1281 4991 ipse
1313 4918 1568 4976 Salvator
1593 4920 1887 4984 scribitur;
1920 4922 1993 4974 ita

2140 4926 2385 4997 τοιχείοις
2403 4928 2497 4979 καὶ
2520 4926 2913 4998 χαρακτῆρσιν,
2938 4926 3072 4988 οἵοις
3104 4926 3133 4977 6
3158 4924 3345 4995 Σωτὴρ
3373 4924 3532 4994 ήμῶν
3554 4925 3685 4979 ἀνα-

420 5024 479 5070 ut
511 5013 629 5083 ipsa
660 5013 829 5069 virtus
861 5012 1163 5068 Salvatoris
1196 5013 1366 5068 nostri
1420 5011 1580 5078 Jesu,
1628 5029 1728 5083 pro
1760 5024 1915 5085 septo
1940 5024 1996 5072 et

2140 5019 2399 5091 ράφεταιο
2442 5018 2519 5082 ὡς
2545 5018 2645 5089 τὴν
2675 5016 2840 5071 αὐτοῦ
2863 5017 3089 5088 δύναμιν
3118 5016 3213 5069 τοῦ
3244 5016 3497 5086 Σωτῆρος
3526 5016 3685 5087 ήμῶν

417 5124 573 5166 muro
600 5109 759 5165 ﬁrmo
792 5109 859 5163 iis
893 5110 982 5179 qui
1023 5108 1133 5164 Deo
1159 5109 1303 5176 digni
1340 5110 1558 5177 fuerint,
1584 5111 1763 5165 futura
1795 5113 1887 5167 sit.
1982 5118 1997 5149 ³

2140 5110 2287 5182 [ησοῦ
2313 5112 2433 5164 ἀντὶ
2454 5109 2738 5180 περιϐόλου
2766 5110 2861 5163 καὶ
2885 5109 3097 5178 τείχους
3127 5106 3354 5179 στερῤοῦ
3379 5108 3491 5170 τοῖς
3509 5107 3681 5174 ἀξίοις

2054 5202 2067 5211 ’
2099 5202 2194 5255 τοῦ
2223 5200 2360 5254 Θεοῦ
2384 5200 2654 5269 γενέσθαι.

490 5336 654 5391 Vens.
692 5336 779 5391 l9.
814 5355 832 5387 ε
868 5334 933 5390 Et
968 5350 1072 5389 non
1103 5334 1207 5387 erit
1237 5331 1583 5403 tibiamplius
1615 5332 1697 5386 sol
1726 5332 1779 5386 in
1816 5329 1991 5383 lucem

2175 5355 2194 5387 ι
2231 5338 2343 5392 Καὶ
2372 5337 2472 5391 ούκ
2500 5336 2650 5391 ἔσται
2690 5336 2768 5390 ἔτι
2811 5353 2893 5389 σοι
2923 5337 2951 5389 6
2991 5335 3143 5407 ἥλιος
3176 5336 3256 5398 εἰς
3289 5333 3404 5404 φῶς
3440 5334 3677 5406 ἡμέρας,

414 5427 543 5491 diei,
577 5443 753 5495 neque
794 5437 948 5482 ortus
976 5426 1115 5482 luna:
1164 5424 1489 5480 illuminabit
1534 5433 1747 5480 noctem
1804 5433 1986 5476 tuam:

2140 5429 2219 5483 ὅδὲ
2252 5430 2482 5502 ἀνατολὴ
2540 5430 2766 5500 σελήνης
2818 5431 3009 5499 φωτιεῖ
3062 5445 3153 5480 σου
3194 5427 3293 5499 τὴν
3319 5426 3523 5479 νύκτα⁸
3567 5425 3677 5479 ἀλλ’

412 5519 507 5573 sed
556 5520 660 5573 erit
691 5518 783 5573 tibi
822 5519 1078 5574 Dominus
1108 5518 1198 5573 lux
1230 5518 1579 5587 sempiterna,
1604 5527 1658 5570 et
1690 5516 1852 5583 Deus,
1889 5513 1997 5585 glu-

2140 5538 2249 5574 ςται
2277 5538 2358 5573 σοι
2383 5521 2584 5592 Κύριος
2607 5520 2722 5590 φῶς
2751 5519 2987 5588 αἰώνιον,
3014 5519 3151 5573 καὶὸ
3175 5517 3472 5582 θεὸς,δόξα
3505 5534 3621 5571 σου.
3652 5532 3671 5568 ι

414 5609 493 5662 ria
524 5618 637 5664 tua.
678 5629 697 5662 ι
734 5611 840 5666 Sed
882 5611 1133 5666 columna
1173 5610 1419 5679 quaedam
1470 5608 1668 5663 divina:
1724 5606 1861 5662 lucis
1892 5608 1997 5662 erit

2140 5613 2271 5684 τήλη
2294 5612 2350 5666 δέ
2381 5630 2465 5673 τις
2493 5613 2645 5667 ἔσται
2671 5613 2786 5683 φῶς
2809 5612 3274 5685 ἀπαστράπτουσα
3300 5610 3463 5674 θεῖον,
3488 5609 3550 5662 τὸ
3584 5607 3674 5661 σῶ-

416 5703 792 5772 resplendens,
816 5703 1025 5759 scilicet
1049 5718 1247 5773 corpus
1274 5716 1579 5771 resurgens,
1613 5701 1757 5771 quod
1796 5700 1998 5755 dicitur

2140 5723 2173 5758 α
2198 5706 2298 5776 τῆς
2327 5706 2693 5771 ἀναστάσεως,
2721 5707 2780 5760 τὸ
2809 5707 3098 5779 λεγόμενον
3129 5706 3342 5776 ἱμάτιον
3375 5703 3667 5775 Σωτηρίου.

415 5796 796 5851 vestimentum
819 5793 1105 5850 Salutaris.
1137 5792 1254 5849 Non
1284 5793 1428 5849 enim
1453 5792 1590 5848 ultra
1622 5806 1823 5863 corpus
1846 5806 1995 5846 mor-

2140 5798 2288 5851 ύκέτι
2316 5798 2424 5870 γὰρ
2454 5797 2683 5853 θανάτου
2718 5799 2895 5870 σῶμα,
2922 5795 3033 5852 οἷον
3073 5798 3101 5849 ό
3136 5795 3347 5859 Παῦλος
3373 5794 3560 5865 ἐδήλου
3587 5792 3669 5845 λέ-

420 5891 488 5947 tis
519 5886 649 5958 erit,
675 5887 833 5959 quale
868 5886 1071 5945 Paulus
1104 5887 1412 5946 declarabat
1455 5884 1539 5943 bis
1566 5884 1771 5951 verbis,
1814 5903 1831 5937 ι
1860 5882 1991 5950 Quis

2140 5906 2204 5943 ων
2224 5907 2236 5920 ·
2276 5908 2293 5941 ι
2328 5889 2423 5953 Τίς
2454 5907 2520 5961 με
2552 5889 2775 5963 ῥύσεται
2812 5892 2876 5944 ὲκ
2906 5888 3001 5944 τοῦ
3033 5886 3279 5958 σώματος
3319 5882 3412 5939 τοῦ
3443 5882 3666 5940 θανάτου
