3968 6514
270 411 377 467 ιεη

1251 414 1745 471 COMMENTARIA
1784 417 1850 472 ΙΝ
1890 417 2146 473 ISAIAM.
2186 448 2253 456 —
2292 418 2444 476 CAP.
2485 420 2644 476 LX“.

3442 387 3545 478 λυδ

274 530 508 594 τούτους
548 550 566 581 ι
596 530 748 585 ἔσται
794 534 1014 587 κάκεῖνο
1053 537 1333 607 σωτήριον.
1368 537 1639 609 Σωτήριον
1666 540 1722 593 δὲ
1750 542 1836 612 ίμό

1979 556 2062 595 me
2090 542 2341 598 liberabit
2373 543 2438 597 de
2464 560 2694 613 corpore
2728 545 2917 600 mortis
2960 544 3115 612 hujus
3139 544 3220 597 “?
3255 564 3273 597 ν
3318 544 3411 599 sed
3443 548 3548 600 erit

267 639 389 674 τιον
436 623 507 692 τῇ
545 622 690 694 ψυχῇ
721 624 1095 696 περιθήσεται,
1136 628 1228 681 καὶ
1255 629 1457 699 χιτῶνα
1493 630 1860 703 εὐφροσύνης·

265 716 512 779 ἕκαστος
569 715 677 786 γὰρ
736 720 853 781 ταῖς
910 719 1104 772 ἐαυτοῦ
1165 721 1394 793 πράξεσι
1439 725 1557 787 ταῖς
1598 724 1737 778 κατά
1784 728 1865 780 δι-

263 807 580 878 καιοσύνην
612 810 1030 891 πεπραγμέναις
1078 813 1169 866 τὸν
1227 814 1421 867 ἐαυτοῦ
1466 815 1668 885 κόσμον
1715 815 1864 868 ἐνδύ-

262 914 457 953 σεται.

342 1009 362 1040 ι
408 993 491 1045 Οὐ
518 992 627 1064 γάρ
659 991 877 1046 δύσεταί
900 1011 980 1047 σοι
1000 997 1027 1048 6
1050 994 1200 1067 ἥλιός
1228 1015 1329 1064 σοι,
1361 1000 1453 1054 καὶ
1486 1002 1518 1071 ἡ
1556 1000 1751 1073 σελήνη
1781 1018 1863 1054 σοι

259 1077 369 1130 οὐκ
407 1078 694 1149 ἐκλείψειο
755 1080 908 1135 ἔσται
957 1084 1064 1155 γάρ
1112 1103 1193 1139 σοι
1237 1087 1441 1161 Κύριος
1477 1091 1591 1161 φῶς
1625 1090 1861 1157 αἰώνιον,

261 1168 363 1220 καὶ
401 1170 967 1245 ἀναπληρωθήσονται
1015 1176 1071 1228 al
1119 1179 1324 1251 ἡμέραι
1364 1181 1457 1234 τοῦ
1486 1182 1712 1246 πένθους
1746 1201 1859 1236 σου.

260 1259 381 1311 Καὶ
427 1260 457 1312 ὀ
500 1260 628 1325 λαός
664 1279 756 1315 σου
783 1264 891 1327 πᾶς
918 1263 1144 1332 δίκαιος,
1184 1268 1253 1321 δι’
1288 1269 1482 1335 αἰῶνος
1526 1271 1863 1345 κληρονομή-

262 1366 429 1403 σουσι
464 1351 566 1422 τὴν
596 1353 718 1423 γῆν,
770 1355 1057 1425 φυλάσσων
1104 1358 1163 1411 τὸ
1206 1360 1455 1433 φύτευμα
1499 1362 1635 1436 ἔργα
1666 1363 1862 1435 χειρῶν

260 1441 440 1494 αὐτοῦ
475 1445 557 1507 είς
580 1444 758 1511 δόξαν.
801 1446 858 1500 '0
887 1446 1161 1517 ὀλιγοστὸς
1193 1449 1346 1504 ἔσται
1373 1454 1454 1516 είς
1471 1454 1735 1523 χιλιάδας,
1766 1457 1861 1510 καὶ

257 1536 287 1586 6
318 1534 636 1605 ἐλάχιστος,
674 1538 753 1601 εἰς
782 1538 935 1603 ἔθνος
970 1540 1130 1610 μέγα.
1178 1541 1317 1612 Ἐγὼ
1344 1544 1546 1617 Κύριος
1578 1547 1717 1601 κατὰ
1743 1566 1862 1603 και-

261 1625 359 1695 ρὸν
384 1626 607 1691 συνάξω
640 1629 856 1694 αὐτούς.

784 1724 1087 1779 ΚΕΦΑΛᾹῘ
1090 1728 1182 1781 ΟΝ
1244 1726 1363 1781 ΞΑἏ

335 1824 356 1858 σ
404 1806 892 1882 Πνεῦμα’Κυρίου
924 1813 1010 1867 ἐπ’
1049 1817 1170 1888 ἐμὲ,
1217 1811 1278 1871 οὗ
1319 1818 1525 1873 εἵνεκεν
1556 1818 1737 1891 ἔχρισέ
1763 1838 1853 1892 με,

254 1895 726 1965 εὐαγγελίσασθαι.
758 1907 991 1973 πτωχοῖς
1014 1906 1321 1961 ἀπέσταλκέ
1355 1926 1535 1979 με.....
1575 1930 1593 1963 ι

793 1996 1194 2052 ΚΕΦΛΛΑΙΟΝ
1224 1999 1340 2054 EB’.

331 2096 353 2129 ι
400 2079 506 2134 Διὰ
543 2082 681 2141 Σιὼν
725 2086 784 2138 οὐ
821 2090 1189 2160 σιωπήσομαι,
1241 2093 1334 2145 καὶ
1367 2092 1456 2147 διὰ
1498 2094 1851 2169 Ἰερουσαλὴμ

252 2171 358 2224 οὐκ
390 2174 606 2243 ἀνήσω,
638 2176 741 2241 ἕως
767 2178 832 2232 ἂν
862 2179 1053 2255 ἐξέλθῃ
1080 2182 1156 2246 ὡς
1185 2184 1299 2253 φῶς
1333 2187 1365 2256 ἡ
1402 2186 1713 2259 δικαιοσύνη
1753 2191 1844 2242 αὐ-

250 2262 355 2333 τῆς
380 2280 396 2294 ο
464 2265 525 2319 τὸ
556 2267 612 2322 δὲ
658 2270 932 2344 Σωτήριόν
986 2292 1087 2346 μου
1122 2275 1196 2340 ὡς
1239 2276 1457 2349 λαμπὰς
1492 2281 1844 2353 καυθήσεται.

254 2354 371 2408 Καὶ
408 2357 634 2427 ὄψονται
661 2361 731 2416 τὰ
761 2364 888 2436 ἔθνη
917 2364 1013 2436 τὴν
1038 2366 1384 2443 δικαιοσύνην
1421 2389 1534 2439 σου,
1568 2374 1661 2427 καὶ
1692 2374 1845 2445 βασι-

251 2444 387 2512 λεῖς,
428 2450 529 2521 τὴν
565 2451 723 2516 δόξαν
761 2472 873 2509 σου.
907 2458 1015 2509 Kal
1038 2459 1253 2514 καλεσει
1284 2479 1341 2514 σε
1363 2463 1423 2516 τὸ
1445 2464 1612 2534 ὄνομα
1638 2444 1700 2519 τὸί
1722 2484 1845 2519 και-

251 2540 365 2605 νὺν,
429 2542 461 2593 ὃ
491 2544 521 2596 6
552 2543 756 2615 Κύριος
802 2548 1055 2618 όνομάσει
1095 2552 1245 2605 αὐτό.
1289 2555 1398 2608 Καὶ
1442 2555 1538 2628 ἔσῃ
1588 2559 1845 2627 στέφανος

251 2635 489 2698 κάλλους
521 2637 579 2689 ἐν
616 2639 758 2710 χειρὶ
796 2639 1026 2711 Κυρίου,
1074 2644 1169 2696 καὶ
1206 2643 1442 2717 διάδημα
1480 2647 1757 2717 βασιλείας
1787 2653 1843 2704 ἐν

250 2730 400 2799 χειρὶ
460 2728 599 2782 Θεοῦ
649 2748 762 2786 σου.
806 2751 825 2783 ι
874 2735 967 2787 Ὃν
1019 2736 1352 2808 ἀπολήψεται
1399 2740 1516 2792 τότε
1569 2741 1838 2809 λέγουσα·

256 2836 276 2868 ι
314 2820 425 2873 Τὸν
461 2821 626 2874 καλὸν
648 2822 959 2896 ἠγώνισμαι
988 2827 1196 2895 ἀγῶνα,
1223 2829 1314 2881 τὸν
1334 2830 1533 2902 δρόμον
1560 2834 1831 2893 τετέλεκα,

250 2911 350 2982 τὴν
379 2913 569 2966 πίστιν
598 2916 877 2987 τετήρηκα
900 2935 913 2948 ·
944 2918 1126 2974 λοιπὸν
1154 2924 1438 2978 ἀπόκειταί
1479 2944 1568 2997 μοι
1588 2929 1617 2981 6
1646 2928 1743 3000 τῆς
1765 2930 1841 2984 δι-

252 3004 552 3075 καιοσύνης
578 3007 857 3077 στέφανος.
900 3029 918 3062 ι
964 3012 1026 3065 Ἦ
1066 3013 1122 3067 δὲ
1158 3015 1315 3087 αὐτὴ,
1354 3017 1539 3090 νύμφη
1588 3038 1672 3085 τις
1704 3019 1837 3079 οὖσα

249 3095 341 3149 τοῦ
375 3098 613 3168 νυμφίου
637 3100 810 3169 Λόγου
841 3103 933 3156 καὶ
956 3103 1024 3157 τὰ
1047 3109 1175 3177 παρ’
1209 3109 1372 3162 αὐτοῦ
1396 3111 1687 3183 σπέρματα
1710 3116 1838 3171 ὐπο-

249 3187 544 3259 δεξαμένη,
583 3195 826 3263 καρποὺς
855 3195 1088 3267 ὡραίους
1123 3201 1216 3253 καὶ
1254 3202 1498 3268 εὐανθεῖς
1523 3205 1831 3265 ἀποδίδωσι.

250 3279 422 3333 Πάλιν
450 3280 507 3333 δὲ
542 3282 821 3338 κάνταῦθα
863 3286 923 3339 τὸ
961 3288 1208 3355 θεοσεϐὲς
1234 3292 1531 3365 πολίτευμα
1572 3297 1634 3350 τὸ
1666 3300 1832 3354 πάλαι

250 3372 510 3435 συνεστὸς
553 3374 705 3444 παρὰ
750 3375 1023 3444 Ἰουδαίοις
1069 3383 1240 3453 δηλοῖ.
1293 3386 1565 3457 Στέφανος
1608 3391 1716 3463 γάρ
1758 3393 1834 3458 ὼς

247 3461 470 3535 ἀληθῶς
515 3464 751 3535 Χριστοῦ
810 3470 1008 3536 πάντες
1042 3473 1091 3525 οί
1130 3473 1197 3526 δι’
1234 3475 1397 3530 αὐτοῦ
1444 3481 1833 3553 κατορθοῦντες

248 3554 599 3622 τυγχάνουσι,
645 3556 739 3608 καὶ
762 3557 996 3631 διάδημα
1020 3562 1293 3633 βασιλείας
1323 3568 1430 3620 εἰσὶ
1458 3571 1556 3640 τῆς
1585 3573 1753 3627 αὐτοῦ
1784 3578 1830 3629 οἱ

247 3647 359 3707 τοῖς
389 3645 533 3716 ὑπὲρ
568 3648 734 3700 αὐτοῦ
770 3650 1126 3724 ἐνηθληκότες
1170 3656 1396 3725 ἀγῶσιν,
1434 3662 1482 3713 οἱ
1510 3661 1655 3731 ἅγιοι
1689 3666 1831 3737 μάρ-

245 3751 432 3830 τυρες,
469 3736 563 3801 οὓς
589 3742 653 3830 τῇ
689 3742 882 3795 ἑαυτοῦ
912 3746 1054 3817 χειρὶ
1088 3749 1115 3799 6
1148 3748 1337 3821 Πατὴρ
1371 3751 1727 3826 ἐκλεξάμενος

247 3825 363 3898 Υίῷ
392 3829 723 3900 περιτίθησι,
760 3836 1040 3903 στεφανῶν
1077 3838 1237 3892 αὐτὸν
1270 3841 1364 3893 καὶ
1400 3825 1691 3916 διαδήματι
1736 3825 1832 3918 βαλ

246 3924 441 3995 σιλικῴ
470 3926 645 3996 τιμῶν
674 3926 733 3980 τὸ
768 3928 970 4000 πλῆθος
1000 3931 1108 3985 τῶν
1140 3933 1205 3986 δι’
1233 3934 1399 3989 αὐτοῦ
1431 3940 1524 3993 καὶ
1549 3941 1639 3994 ὐπ’
1662 3942 1827 3996 αὐτοῦ

246 4020 627 4091 σεσωσμένων.

315 4132 341 4165 ε
386 4114 494 4167 Καὶ
525 4116 741 4172 καλεσει
776 4137 834 4172 σε
860 4120 1030 4191 ὄνομα
1061 4122 1264 4189 καινὸν,
1292 4123 1320 4178 ὃ
1342 4126 1371 4178 6
1400 4127 1602 4199 Κύριος
1631 4126 1833 4203 ὀνομάέ

244 4220 322 4257 σει
355 4205 489 4257 αὐτό
508 4221 521 4235 ⁸
559 4226 577 4257 ι
614 4208 877 4277 τουτέστι,
908 4210 1050 4265 κατὰ
1076 4211 1137 4265 τὸ
1160 4212 1369 4286 θέλημα
1399 4217 1459 4270 τὸ
1481 4219 1612 4289 ἐμὸν
1631 4220 1827 4293 ὀνομα-

244 4295 527 4366 σθήσεται.

312 4406 333 4438 ι
372 4389 485 4442 Kal
523 4389 706 4444 οὐκέτι
751 4391 999 4469 κληθήσῃ
1024 4396 1514 4473 καταλελειμμένη,
1544 4403 1636 4456 καὶ
1672 4404 1705 4474 ἡ
1750 4405 1821 4475 γῆ

242 4495 339 4531 σου
371 4479 431 4531 οὐ
461 4478 791 4552 κληθήσεται
834 4484 912 4538 ἔτι
941 4486 1177 4560 ἕρημος·
1216 4491 1297 4544 σοὶ
1330 4492 1438 4564 γάρ
1469 4492 1819 4565 κληθήσεται,

1968 645 2021 689 et
2043 634 2168 689 illud
2199 635 2450 689 salutare.
2486 634 2730 691 Salutare
2752 653 2914 707 porro
2940 638 3322 693 vestimentum
3355 638 3546 691 anima:

1968 728 2425 797 circumponetur,
2460 736 2513 781 et
2548 728 2726 783 tunica
2754 729 3201 800 thitim:singuli
3237 730 3379 783 enim
3415 744 3545 799 ope-

1969 822 2120 876 ribus
2139 822 2255 875 suis
2293 836 2414 875 cum
2451 817 2661 888 justitia
2685 821 2845 877 editis
2870 831 3064 878 ornatu
3094 837 3192 877 suo
3228 820 3540 878 induantur.

2037 999 2201 1055 Vens.
2225 998 2416 1055 εο-εε.
2446 1019 2463 1052 ι
2491 998 2607 1057 Νοη
2639 1001 2782 1055 enim
2808 1002 3021 1057 occidet
3049 1002 3130 1057 sol
3170 1003 3287 1070 tibi,
3325 1012 3381 1059 et
3414 1003 3537 1057 luna

1964 1091 2062 1147 tibi
2121 1107 2228 1147 non
2287 1092 2681 1148 deﬁeiet:erit
2737 1094 2934 1162 quippe
2984 1092 3077 1147 tibi
3132 1093 3395 1147 Dominus
3444 1093 3534 1147 lux

1964 1184 2311 1255 sempiterna,
2346 1192 2400 1239 et
2452 1183 2819 1252 implebuntur
2863 1185 2978 1239 dies
3009 1184 3185 1240 luctus
3213 1184 3309 1240 tui.
3340 1185 3406 1239 Et
3438 1200 3534 1254 po-

1962 1277 2119 1347 pulus
2152 1284 2273 1332 tuus
2309 1276 2487 1333 omnis
2530 1276 2733 1346 justus,
2772 1277 2824 1331 in
2848 1276 3104 1332 saxulum
3136 1276 3537 1332 haereditabunt

1962 1374 2162 1421 terram
2204 1382 2219 1420 :
2260 1367 2567 1422 custodiens
2610 1366 2996 1437 plantationem
3051 1382 3213 1437 opera
3276 1383 3533 1423 manuum

1961 1456 2078 1526 ejus
2111 1457 2164 1511 in
2198 1456 2444 1527 gloriam.
2482 1457 2583 1523 Qui
2615 1473 2781 1527 parvo
2823 1473 3073 1523 numero,
3102 1457 3206 1512 erit
3245 1456 3300 1511 in
3328 1456 3529 1524 millia;

1959 1557 2013 1602 et
2033 1548 2123 1618 qui
2156 1548 2433 1614 minimus,
2470 1550 2521 1603 in
2554 1557 2767 1619 gentem
2801 1564 3068 1620 magnam.
3134 1548 3247 1619 Ego
3273 1548 3535 1604 Dominus

1960 1636 2014 1693 in
2047 1646 2288 1708 tempore
2325 1639 2663 1709 congregabo
2694 1655 2807 1694 eos.
2843 1660 2862 1693 ι

2536 1729 2765 1786 CAPUT
2800 1732 2934 1790 LXI.

2028 1822 2196 1878 Vens.
2232 1823 2283 1878 1.
2320 1844 2337 1876 ι
2380 1823 2611 1894 Spiritus
2651 1825 2865 1879 Domini
2918 1842 3079 1896 super
3136 1842 3243 1895 me,
3293 1843 3357 1883 eo
3389 1827 3531 1898 quod

1885 1897 1926 1951 Β
1960 1914 2177 1969 uuxerit
2209 1929 2331 1969 me:
2357 1917 2726 1988 evangelizare
2748 1918 3076 1986 pauperibus
3100 1919 3243 1974 misit
3267 1935 3465 1977 me.....
3504 1939 3525 1973 ι

2534 2010 2763 2067 CAPUT
2802 2010 2957 2067 LXII.

2028 2099 2190 2155 Vens.
2228 2102 2341 2155 1-5.
2384 2121 2402 2154 ‹
2432 2101 2659 2174 Propter
2684 2102 2810 2158 Sion
2847 2120 2951 2159 non
2984 2106 3191 2171 tacebo,
3220 2114 3272 2160 et
3309 2112 3529 2175 propter

1953 2191 2251 2248 Jerusalem
2296 2209 2405 2250 non
2441 2196 2938 2265 qniescam,‘donec
2974 2197 3285 2266 egrediatur
3320 2207 3379 2250 ut
3431 2197 3521 2249 lux

1947 2283 2159 2353 justitia
2219 2286 2669 2355 ejus:Salutare
2728 2300 2907 2344 autem
2976 2305 3156 2343 meum
3215 2298 3272 2344 ut
3324 2289 3545 2357 lampas.

1953 2380 2303 2435 accendetur.
2328 2381 2395 2435 Et
2426 2381 2688 2438 videbunt
2723 2392 2910 2453 gentes
2954 2380 3222 2450 justitiam
3275 2392 3442 2445 tuam,
3470 2391 3525 2435 et

1954 2485 2104 2539 reges
2151 2471 2376 2541 gloriam
2415 2482 2582 2529 tuam.
2630 2475 2695 2529 Et
2740 2474 2954 2529 vocabit
3008 2484 3061 2529 te
3112 2474 3329 2529 nomine
3362 2489 3525 2539 novo,

1951 2564 2091 2629 quod
2124 2561 2387 2619 Dominus
2434 2566 2760 2621 nominabit.
2793 2566 2861 2621 Et
2890 2567 3001 2623 eris
3036 2582 3236 2623 corona
3286 2565 3525 2635 pulchri-

1952 2654 2155 2710 tudinis
2191 2655 2243 2709 in
2273 2671 2435 2710 manu
2470 2658 2706 2724 Domini,
2729 2668 2782 2713 et
2805 2659 3059 2714 diadema
3091 2659 3241 2727 regni
3270 2657 3321 2710 in
3359 2672 3535 2710 manu

1947 2743 2046 2799 Dei
2109 2746 2253 2799 tui.»
2296 2746 2468 2813 Quam
2520 2758 2648 2804 tunc
2710 2752 2933 2821 recipiet
3001 2752 3185 2806 dicens
3225 2751 3520 2805 :tBonum

1947 2847 2229 2892 cvrtamen
2259 2841 2487 2907 certavi,
2518 2856 2735 2896 cursum
2772 2843 3168 2909 consummavi,
3212 2843 3369 2896 (idem
3399 2858 3519 2896 ser-

1946 2927 2111 2981 vavi:
2149 2929 2200 2982 in
2254 2929 2460 3000 reliquo
2512 2935 2747 3001 reposita
2797 2942 2879 2988 est
2931 2933 3064 2986 mihi
3112 2948 3316 2988 corona
3358 2932 3521 3000 justi-

1948 3018 2032 3073 tite
2054 3019 2120 3072 ”.
2149 3038 2169 3072 ι
2206 3020 2409 3076 Eadem
2444 3037 2596 3089 vero,
2621 3037 2741 3077 cum
2776 3026 2958 3094 sponsi
2988 3022 3147 3080 Verbi
3184 3039 3381 3094 sponsa
3426 3024 3519 3089 sit,

1944 3121 1999 3165 et
2028 3112 2148 3181 ejus
2186 3115 2395 3168 semina
2426 3115 2751 3184 susceperit.
2784 3117 3063 3186 speciosos
3093 3126 3147 3171 et
3172 3118 3298 3172 boni
3337 3117 3522 3172 odoris

1943 3201 2157 3259 fructus
2187 3206 2405 3261 emittit.
2444 3205 2542 3263 Hic
2577 3215 2758 3262 autem
2790 3224 2977 3264 rursus
3017 3209 3160 3278 piam
3195 3209 3510 3278 religionem

1940 3296 2068 3351 olim
2120 3300 2260 3368 apud
2303 3298 2522 3357 Judaeos
2555 3302 2828 3373 vigentem
2876 3303 3167 3373 signiﬁcat.
3219 3302 3353 3359 Nam
3385 3319 3514 3360 vere

1936 3385 2144 3442 Christi
2186 3403 2387 3444 corona
2420 3400 2548 3446 sunt
2577 3400 2846 3461 quotquot
2889 3409 2988 3464 per
3024 3409 3147 3448 eum
3178 3394 3315 3448 bona
3350 3409 3533 3464 opera,

1936 3479 2124 3545 edunt,
2155 3488 2211 3536 et
2254 3480 2507 3537 diadema
2552 3486 2706 3556 regni
2754 3486 2872 3557 ejus
2905 3496 3052 3551 sunt,
3082 3486 3174 3556 qui
3205 3489 3512 3541 certamina

1935 3568 2049 3636 ejus
2075 3585 2238 3625 causa
2261 3585 2641 3643 susceperunt,
2666 3577 2838 3631 sancti
2863 3586 3152 3648 martyres,
3179 3593 3317 3646 quos
3350 3593 3529 3632 manu-

1934 3673 2031 3713 sua
2068 3660 2228 3716 Pater
2261 3664 2527 3735 deligens,
2558 3676 2615 3721 ut
2639 3682 2895 3723 coronam
2917 3668 3056 3723 Filio
3083 3683 3180 3724 suo
3204 3669 3516 3739 circumpo-

1934 3751 2032 3817 nit,
2060 3762 2113 3808 et
2164 3755 2313 3824 regio
2357 3757 2667 3814 diademate
2708 3760 3110 3815 multitudinem
3151 3771 3383 3817 exornat
3412 3777 3509 3818 eo-

1932 3862 2073 3914 rum,
2106 3848 2201 3918 qui
2239 3864 2338 3919 per
2376 3852 2549 3922 ipsum
2591 3861 2649 3907 et
2685 3852 2754 3907 ab
2803 3854 2926 3925 ipso
2954 3853 3182 3910 salutem
3220 3864 3349 3910 sunt
3376 3870 3510 3911 con-

1930 3942 2097 3997 secuti

2009 4124 2114 4179 «Et
2138 4125 2355 4180 vocabit
2385 4133 2436 4180 te
2471 4139 2693 4182 nomine
2726 4144 2888 4193 novo,
2922 4132 3068 4200 quod
3114 4134 3377 4188 Dominus
3405 4148 3504 4189 no-

1929 4212 2185 4279 minabit;
2215 4232 2235 4266 ι
2268 4215 2321 4269 id
2350 4225 2453 4285 est,
2486 4218 2786 4275 secundum
2827 4220 3161 4279 voluntatem
3197 4238 3373 4279 meam
3408 4242 3506 4282 uo-

1927 4305 2240 4363 minabitur.

1996 4395 2159 4453 Vsns.
2194 4400 2247 4467 4,
2278 4400 2330 4455 5.
2373 4418 2391 4452 ι
2418 4401 2483 4455 Ει
2508 4416 2615 4458 non
2643 4403 2926 4462 vocaberis
2957 4405 3100 4462 ultra
3133 4406 3422 4475 derelicta,
3447 4419 3505 4467 et

1930 4499 2079 4548 terra
2123 4503 2212 4548 tua
2256 4512 2361 4551 non
2399 4497 2687 4552 vocabitur
2721 4498 2862 4554 ultra
2908 4501 3127 4557 deserta
3162 4520 3177 4557 :
3215 4503 3505 4560 vocaberis

241 4568 453 4641 θέλημα
483 4573 614 4643 ἐμόν
634 4592 647 4604 ·
676 4576 770 4627 καὶ
798 4577 832 4645 ἡ
858 4577 927 4648 γῆ
957 4595 1071 4647 σου,
1104 4582 1415 4654 οἰκουμένηο
1456 4584 1536 4637 ὅτι
1565 4585 1820 4660 εὐδόκησε

1948 4583 2066 4636 :nim
2114 4583 2363 4640 voluntas
2404 4599 2559 4652 mea;
2597 4596 2652 4641 et
2704 4596 2848 4642 terra
2873 4598 3021 4656 ,tua,
3069 4592 3339 4657 habitata,
3372 4593 3502 4661 quia

240 4662 446 4734 Κύριος
474 4666 533 4717 ὲν
554 4667 655 4729 σοὶ,
683 4668 776 4721 καὶ
804 4671 836 4740 ἡ
861 4670 934 4741 γῆ
968 4689 1061 4725 σου
1098 4677 1587 4748 συνοικισθήσεται.
1612 4680 1722 4733 Καὶ
1746 4681 1821 4747 ὡς

240 4756 502 4811 συνοικῶν
532 4760 811 4825 νεανίσκος
836 4764 1107 4837 παρθένῳ.
1147 4766 1288 4821 οὕτω
1326 4773 1739 4843 κατοικήσουσιν
1769 4775 1819 4825 οἱ

241 4846 343 4897 υἱοί
369 4864 482 4899 σου.
519 4850 629 4901 Kal
653 4850 800 4904 ἔσται
819 4852 877 4905 ὃν
901 4855 1100 4923 τρόπον
1133 4858 1565 4931 εὐφρανθήσεται
1587 4863 1819 4933 νυμφίος

238 4937 329 4988 ἐπὶ
357 4938 565 5010 νύμφη,
602 4940 774 5005 οὕτως
820 4944 1248 5017 εὐφρανθήσεται
1282 4949 1485 5021 Κύριος
1520 4953 1611 5005 ἐπὶ
1651 4955 1750 5007 σοί.
1794 4974 1813 5008 ι

248 5026 335 5079 Ἐν
362 5028 441 5098 τῷ
475 5030 644 5100 καινῷ
678 5032 832 5085 αἰῶνι
865 5036 963 5107 τῆς
984 5038 1219 5107 Χριστοῦ
1245 5040 1523 5111 βασιλείας
1551 5047 1815 5119 συστήσε-

236 5132 343 5178 ται,
380 5119 576 5189 μόνους
606 5122 803 5189 ἕξουσα
834 5127 1126 5202 οἰκήτορας
1163 5132 1288 5198 τοὺς
1328 5134 1436 5187 τῶν
1476 5139 1817 5207 ἐπαγγελιῶν

237 5209 323 5262 τοῦ
357 5210 493 5264 Θεοῦ
526 5214 1122 5289 καταξιωθησομένους,
1163 5226 1211 5279 οἳ
1238 5227 1330 5279 καὶ
1361 5230 1419 5281 ἐν
1453 5230 1691 5303 τοσαύτῃ
1723 5232 1817 5284 θυ-

235 5300 400 5372 μηδίᾳ
446 5303 541 5356 καὶ
574 5303 881 5380 εὐφροσύνῃ
914 5308 1203 5377 διάξουσιν,
1252 5314 1327 5377 ὡς
1368 5316 1512 5371 ἔοικε
1550 5320 1815 5390 νεανίσκῳ

234 5389 373 5459 ἁγίῳ
415 5392 569 5464 ἀνδρὶ
609 5396 817 5450 συνόντι
860 5402 1111 5474 παρθένῳ
1160 5406 1391 5479 καθαρᾷ,
1436 5410 1683 5481 οὐδαμῶς
1712 5389 1814 5481 μὲν

235 5484 403 5555 αὐτῆς
454 5486 552 5557 τὴν
608 5490 905 5562 παρθενίαν
960 5496 1267 5552 σπιλοῦντιο
1313 5504 1376 5573 τῇ
1416 5503 1471 5555 δὲ
1513 5503 1703 5574 ἁγνεία
1742 5509 1809 5579 τῇ

234 5577 533 5651 παρθενικῇ
570 5583 664 5634 καὶ
697 5587 760 5656 τῇ
797 5586 1013 5657 καθαρᾷ
1043 5590 1410 5666 συνδιατριϐᾔ,
1450 5597 1542 5650 καὶ
1575 5577 1811 5653 συνοικεῖ

237 5670 491 5740 χαίροντι.
518 5672 628 5726 Kal
655 5676 703 5727 οἱ
736 5676 831 5746 μὲν
855 5677 959 5729 υἱοί
990 5694 1082 5730 σου
1112 5678 1283 5746 οὕτως
1314 5685 1804 5758 εὐφρανθήσονται·

300 5853 345 5886 ²²
370 5856 526 5913 Rom.
568 5873 661 5927 vn,
690 5858 779 5914 21.
922 5862 966 5894 ’³
995 5862 1035 5919 ll
1071 5862 1209 5919 Tim.
1248 5881 1320 5930 tv,
1357 5868 1408 5922 7.

1927 4676 2255 4745 complacuit
2288 4676 2391 4732 sibi
2435 4677 2698 4732 Dominus
2720 4677 2775 4733 in
2808 4688 2878 4746 te,
2898 4692 2952 4737 et
2983 4691 3124 4737 terra
3155 4692 3245 4737 tua
3284 4683 3502 4738 inhabi~

1926 4770 2146 4823 labitur.
2192 4768 2258 4823 Et
2307 4770 2449 4824 sicut
2488 4771 2697 4826 habitat
2726 4771 2941 4841 juvenis
2987 4790 3109 4829 cum
3159 4776 3395 4847 virgine,
3424 4776 3503 4831 sic

1926 4860 2361 4916 habitabuntlilii
2397 4862 2495 4917 tui.
2530 4863 2596 4917 Et
2635 4864 2759 4929 erit,
2800 4867 3257 4935 quemadmodum
3288 4866 3501 4921 laxabi-

1924 4962 2011 5007 tur
2056 4967 2290 5022 sponsus
2337 4969 2501 5024 super
2554 4970 2773 5024 sponsa,
2804 4958 2884 5014 sic
2931 4957 3206 5013 lmtabitur
3238 4957 3503 5011 Dominus

1925 5043 1977 5099 in
2016 5055 2087 5100 te.
2115 5063 2134 5097 ι
2176 5043 2254 5098 Ea
2287 5045 2338 5099 in
2376 5061 2515 5100 novo
2545 5049 2744 5103 saeculo
2780 5049 2934 5118 regni
2968 5049 3172 5103 Christi
3200 5049 3497 5115 constitue:

1925 5145 2030 5203 tur,
2064 5151 2265 5205 eosque
2294 5146 2501 5191 tantum
2540 5138 2747 5193 incolas
2779 5140 3020 5209 habebit,
3049 5142 3140 5209 qui
3181 5140 3495 5209 promissio-

1923 5242 2049 5281 num
2101 5229 2193 5284 Dei
2235 5230 2438 5301 dignati
2480 5231 2722 5299 fuerint;
2765 5233 2857 5303 qui
2903 5235 2958 5288 in
3007 5242 3157 5289 tanto
3208 5235 3403 5306 gaudio
3442 5246 3497 5291 et

1923 5320 2107 5375 laetitia
2166 5323 2552 5391 versabuntur,
2596 5333 2655 5378 ut
2693 5324 2998 5393 comparari
3049 5326 3263 5395 possint
3307 5325 3496 5394 juveni

1922 5422 1977 5466 et
2005 5423 2191 5469 sancto
2220 5415 2337 5469 viro
2367 5430 2487 5469 cum
2519 5431 2649 5485 pura
2684 5416 2893 5488 virgine
2921 5419 3156 5488 degenti,
3195 5433 3294 5474 nec
3316 5429 3495 5475 tamen

1921 5503 2035 5573 ejus
2077 5521 2309 5576 unquam
2340 5509 2701 5580 virginitatem
2757 5512 3066 5576 temeranti,
3109 5510 3203 5567 sed
3239 5512 3292 5567 in
3330 5512 3497 5567 casti-

1923 5607 2030 5654 tate
2080 5602 2352 5670 virginali,
2388 5612 2443 5658 et
2472 5619 2601 5673 pura
2637 5606 3081 5673 conversatione,
3103 5623 3226 5663 cum
3261 5614 3374 5662 tota
3405 5606 3496 5663 do-

1921 5710 2007 5751 mo
2055 5693 2329 5763 gaudenti.
2377 5694 2439 5751 Et
2481 5696 2572 5751 ﬁlii
2615 5697 2832 5767 quidem
2867 5698 2942 5754 tui
2993 5698 3064 5755 ita
3121 5700 3489 5767 laetabuntur;
