3968 6516
489 372 597 454 £99

1161 386 1433 446 EUSEBH
1471 383 1948 443 CASSARIENSIS
1983 384 2132 441 OPP.
2178 382 2359 438 PARS
2394 379 2483 437 lIl.
2524 411 2593 422 —
2629 379 3040 438 EXEGETICA.

3632 372 3787 437 Μ.

491 515 609 582 Ipse
658 521 789 563 vero
838 504 1097 559 Dominus
1124 510 1229 567 est,
1261 501 1352 571 qui
1380 512 1430 557 te
1469 510 1711 556 sanctam
1737 499 2056 565 Ecclesiam,

2169 496 2330 560 αὐτὸς
2355 494 2411 548 δὲ
2438 495 2466 547 ὁ
2494 494 2698 563 Κύριος
2726 493 2826 565 τὴν
2859 490 3051 546 ἑαυτοῦ
3085 490 3300 563 νύμφην
3340 487 3774 556 ἁπολαϐὼν,““σὲ

490 599 749 671 perfectis
809 594 1067 650 membr-is
1128 602 1498 659 constantem,
1529 607 1596 647 ex
1648 593 1830 663 prisco
1875 604 2069 660 nempe

494 691 695 763 populo
724 696 778 743 et
814 688 918 743 hoc
958 700 1099 740 novo
1136 698 1203 740 ex
1245 685 1495 754 gentibus
1534 683 1774 749 coeunti,
1814 685 1865 737 in
1900 698 2066 753 spon-

490 803 605 842 sam
643 784 872 853 accepit.
916 781 1120 837 Deinde
1168 779 1467 835 Ecclesiam
1517 779 1689 848 ipsam
1722 778 2055 849 alloquitur:

488 875 660 944 llujus
709 874 803 929 filii
858 872 1153 929 secundum
1193 886 1411 926 carnem
1456 868 1674 925 fuerunt
1703 870 1866 923 divini
1897 869 2063 923 disci-

487 968 621 1039 puli,
652 967 745 1038 qui
790 979 1059 1021 summam
1107 977 1241 1033 erga
1287 964 1462 1033 ipsam
1511 961 1839 1017 charitatem
1874 974 2061 1014 serva-

488 1068 649 1127 runt;
702 1060 778 1113 ita
835 1065 897 1111 ut
951 1056 1039 1111 illa
1092 1056 1312 1112 dilectio
1355 1054 1550 1110 similis
1594 1053 1845 1109 videatur
1880 1052 1932 1107 ei
1960 1067 2064 1123 qua

485 1150 712 1205 ali'ectus
743 1158 827 1203 est
854 1148 1071 1218 juvenis
1094 1161 1215 1201 cum
1249 1144 1457 1214 virgine
1482 1143 1759 1199 habitans.
1789 1141 1882 1197 Sic
1915 1141 2065 1195 laeta-

485 1241 638 1296 bitur
696 1239 958 1294 Dominus
1010 1251 1179 1307 super
1217 1244 1293 1300 te,
1344 1233 1801 1303 quemadmodum
1836 1247 2064 1303 sponsus

485 1346 652 1401 super
689 1343 909 1398 sponsa.
947 1326 1160 1382 Etenim
1190 1326 1256 1380 de
1306 1325 1449 1381 caelo
1478 1324 1763 1380 descendit
1814 1325 2063 1394 unigeni-

488 1433 602 1477 tum
646 1421 740 1476 Dei
771 1417 1031 1484 Verbum,
1063 1427 1122 1473 ut
1153 1417 1491 1474 fructiferam
1524 1418 1839 1473 ostenderet
1873 1417 2062 1474 Eccle-

484 1515 646 1580 siam,
695 1526 855 1582 quam
908 1511 1021 1582 ipse
1068 1511 1172 1565 sibi
1224 1509 1490 1581 virginem
1550 1519 1757 1565 castam
1798 1510 2060 1576 admovit,

486 1621 593 1661 non
625 1606 916 1660 habentem
945 1604 1214 1659 maculam
1260 1618 1435 1672 neque
1471 1603 1723 1671 sordem,
1747 1602 1855 1657 imo
1886 1604 2061 1672 potius

490 1704 735 1751 sanctam
762 1704 817 1749 et
852 1693 1277 1750 itnmaculatam.
1326 1692 1410 1747 Ab
1444 1692 1534 1746 illo
1571 1692 1740 1761 igitur
1764 1692 2059 1762 evangelici

488 1786 728 1843 instituti
767 1786 974 1841 semina
1011 1784 1309 1853 accipiens,
1346 1784 1720 1851 spiritualibus
1771 1785 2058 1840 sacrificiis

484 1888 541 1934 ct
580 1880 785 1935 sanctis
816 1878 1072 1949 operibus
1095 1877 1388 1949 fulgentem
1416 1891 1670 1948 sponsam
1698 1876 1963 1947 exhibuit.

554 2056 719 2111 Vens.
755 2056 874 2113 6-8.
915 2056 1024 2111 «Et
1071 2071 1234 2126 super
1281 2066 1467 2111 muros
1526 2065 1675 2122 tuos,
1731 2055 2059 2123 Jerusalem,

481 2145 740 2203 constitui
770 2146 1021 2200 custodes
1051 2153 1160 2198 tota
1195 2144 1284 2199 die
1333 2157 1388 2198 et
1424 2156 1532 2200 tota
1574 2154 1755 2211 nocte,
1793 2147 1885 2216 qui
1921 2163 2060 2201 nun-

478 2252 644 2307 quam
688 2236 967 2302 tacebuut,
1009 2249 1279 2292 memores
1324 2234 1558 2293 Domini.
1622 2234 1739 2292 Non
1787 2245 1870 2291 est
1912 2236 2058 2291 enim

480 2328 641 2383 vobis
679 2327 895 2392 similis,
929 2327 974 2382 si
1011 2327 1274 2397 corrigat,
1311 2337 1366 2381 et
1389 2326 1555 2381 faciat
1586 2325 1893 2384 Jerusalem
1927 2342 2060 2398 gau-

478 2419 630 2475 dium
658 2418 711 2472 in
744 2428 903 2472 terra.
938 2414 1149 2471 Iuravit
1188 2416 1451 2472 Dominus
1484 2432 1582 2487 per
1622 2417 1850 2487 gloriam
1880 2434 2059 2483 suam,

480 2513 537 2560 et
568 2519 664 2575 per
692 2503 1065 2558 fortitudinem
1097 2504 1310 2559 brachii
1335 2505 1438 2560 sui.
1462 2524 1481 2557 ι
1510 2503 1648 2561 Olim
1684 2508 1883 2578 quippe
1909 2519 2058 2578 gesta

481 2604 611 2650 sunt
644 2594 771 2661 ista,
799 2607 921 2648 cum
970 2592 1206 2648 fructum
1239 2609 1396 2649 suum
1428 2595 1482 2648 in
1512 2595 1696 2651 cibum
1727 2596 1924 2652 darent
1958 2600 2059 2653 ini-

481 2686 640 2740 micis
694 2684 809 2751 Dei,
856 2686 908 2741 id
951 2694 1192 2758 agentes,
1235 2686 1289 2743 id
1339 2696 1616 2759 curantes,
1652 2698 1711 2744 ut
1760 2701 1911 2763 gesta
1961 2707 2058 2748 sua

481 2777 824 2833 daemonibus
870 2792 994 2833 esca
1054 2787 1257 2835 essent.
1309 2778 1428 2834 Jam
1474 2797 1606 2835 vero
1648 2781 1733 2847 iis,
1769 2784 1860 2853 qui
1921 2800 2059 2839 novo

480 2868 680 2924 saecqu
731 2869 971 2925 donandi
1008 2878 1062 2924 et
1090 2871 1356 2941 promissa
1393 2875 1672 2945 accepturi
1728 2884 1877 2944 sunt,
1906 2876 2056 2931 iura-

477 2969 664 3015 mento
687 2960 947 3016 Dominus
964 2961 1216 3027 aﬂirmat,
1236 2978 1296 3018 se
1323 2980 1426 3019 non
1446 2968 1677 3035 amplius
1710 2968 1944 3024 inimicis
1965 2954 2059 3024 da;

479 3062 660 3105 turum
691 3066 813 3108 esse
849 3053 1062 3109 fructus
1093 3068 1303 3119 eorum,
1346 3057 1442 3111 sed
1493 3058 1647 3126 ipsos
1686 3058 1753 3113 iis
1798 3059 2060 3116 fruituros

480 3156 626 3196 esse.
662 3140 798 3195 Nam
845 3158 968 3197 cum
1012 3144 1238 3213 probam
1277 3146 1440 3200 vitam
1490 3157 1647 3218 agant
1700 3162 1764 3203 ac
1806 3148 2058 3219 religiose

477 3242 796 3297 versentur,
836 3249 1050 3304 aequum
1090 3251 1221 3291 sane
1262 3247 1345 3292 est
1392 3248 1453 3293 ut
1496 3215 1733 3309 propriis
1788 3215 2056 3312 gaudeant
2084 3215 2127 3272 θ

479 3325 769 3382 fructibus.
809 3345 829 3379 ι
860 3328 919 3382 Si
945 3329 1085 3382 ultra
1121 3329 1324 3383 dedero
1356 3331 1600 3385 triticum
1645 3341 1818 3399 tuum,
1848 3343 1904 3388 et
1950 3334 2056 3388 ali-

480 3426 666 3473 menta
691 3427 781 3474 tua
809 3420 1045 3475 inimicis
1072 3421 1198 3487 tuis,
1222 3430 1278 3477 et
1305 3422 1353 3477 si
1383 3423 1523 3477 ultra
1548 3424 1740 3480 bibant
1766 3426 1866 3481 filii
1891 3426 2055 3483 alieni

479 3512 666 3566 vinum
699 3520 873 3579 tuum,
904 3512 958 3567 in
987 3527 1097 3584 quo
1126 3514 1383 3570 laborasti
1412 3529 1429 3569 :

554 3688 718 3745 Vens.
756 3690 810 3746 9.
860 3709 879 3743 r
906 3690 1012 3747 Sed
1052 3692 1145 3763 qui
1192 3693 1536 3765 collegerint,
1564 3698 1849 3752 comedent
1878 3714 1968 3765 ea,
2002 3710 2056 3756 et

477 3778 777 3835 laudabunt
808 3779 1122 3847 Dominum,
1148 3794 1203 3840 et
1231 3786 1326 3855 qui
1358 3790 1836 3859 congregaverint,
1869 3791 2056 3847 bibent

483 3872 625 3925 eain
661 3873 817 3927 atriis
849 3875 1056 3930 sanctis
1100 3876 1255 3931 meis.
1279 3895 1299 3930 ι
1337 3877 1464 3934 Haec
1486 3894 1617 3935 vero
1643 3881 1845 3937 fuerint
1872 3885 2054 3941 multa:

489 3963 594 4017 illa:
621 3966 934 4022 mansiones
964 3968 1107 4037 apud
1144 3970 1384 4027 Patrem.

554 4056 715 4114 Vens.
756 4058 844 4114 10.
886 4077 906 4112 ι
936 4060 1012 4116 Ite
1046 4078 1142 4131 per
1164 4074 1354 4133 portas
1381 4081 1549 4121 meas.
1576 4086 1596 4119 ›
1627 4067 1723 4124 His
1756 4084 1919 4139 porro
1951 4086 2049 4126 no-

474 4146 564 4204 bis
592 4150 1042 4208 considerandam
1074 4152 1235 4209 ol‘l’ert
1284 4156 1567 4212 caelestem
1607 4157 1702 4213 Dei
1748 4160 2050 4229 civitatem,

474 4236 699 4307 ejusque
736 4248 921 4309 portas
953 4255 967 4292 :
997 4257 1120 4311 qua:
1166 4244 1348 4298 omnia
1396 4244 1453 4297 in
1508 4244 1620 4310 illo,
1660 4247 1801 4315 quod
1837 4248 2055 4316 pollice-

475 4339 587 4397 tur,
618 4331 819 4386 scculo
857 4334 1039 4402 dignis
1066 4336 1394 4403 pandentur.
1429 4352 1493 4391 ac
1524 4338 1774 4394 dicetur:
1817 4339 1931 4395 rite
1957 4356 2053 4410 per

472 4428 664 4488 portas
697 4436 869 4489 meas,
893 4432 947 4477 et
978 4425 1118 4479 viam
1152 4424 1313 4481 facite
1347 4427 1543 4497 popqu
1568 4444 1710 4494 meo,
1739 4430 2052 4501 lapidesque

472 4512 541 4566 de
568 4513 651 4566 via
677 4512 942 4583 projicite.
974 4516 1191 4572 Elevate
1216 4519 1428 4588 signum
1466 4520 1517 4574 in
1553 4530 1761 4589 gentes.
1788 4541 1807 4573 ι
1834 4522 2049 4577 Nullum

474 4601 638 4663 enim.
668 4603 865 4673 inquit,
899 4605 1366 4674 impedimentum,
1398 4608 1576 4663 nullus
1604 4611 1743 4664 obex
1773 4611 1902 4676 erit,
1945 4627 2052 4666 non

471 4693 702 4758 invidia,
726 4710 829 4749 non
857 4697 1018 4762 livor,
1049 4714 1152 4754 non
1169 4709 1463 4767 praetextus
1489 4703 1784 4772 quispiam,
1815 4720 1918 4759 non
1944 4704 2055 4760 dte-

480 4799 627 4851 mon,
657 4802 763 4841 non
801 4788 1025 4857 spiritus
1074 4790 1363 4860 malignus.
1398 4809 1505 4849 non
1540 4796 1853 4851 adversaria
1901 4807 2055 4868 pote-

470 4888 585 4933 stas
621 4878 797 4933 oberit
849 4881 1043 4951 pepulo
1080 4898 1223 4950 meo,
1266 4886 1553 4954 quominus
1591 4888 1643 4943 in
1679 4905 1905 4961 regnum
1937 4906 2051 4947 cce-

474 4969 651 5024 lorum
698 4972 1055 5043 ingrediatur.
1089 4974 1216 5033 Haec
1247 4988 1428 5034 autem
1468 4981 1795 5050 quibusdam
1848 4983 2055 5055 angeli-

472 5061 556 5116 cis
589 5063 879 5120 virtutibus
914 5065 1184 5122 dicentur.

548 5242 713 5298 Vens.
740 5244 827 5311 Η,
856 5245 943 5302 ίὲ.
977 5266 996 5298 ‹
1020 5246 1159 5302 Ecce
1182 5248 1324 5302 enim
1351 5248 1609 5306 Dominus
1637 5253 1878 5308 auditum
1922 5253 2050 5310 fecit

474 5344 649 5399 usque
690 5334 756 5388 ad
796 5346 1102 5390 extremum
1137 5347 1314 5403 terrm,
1351 5339 1526 5395 Dicite
1560 5342 1682 5397 tiliae
1725 5342 1878 5407 Sion,
1915 5344 2051 5399 Ecce

475 5417 726 5477 Salvator
757 5425 849 5479 tibi
882 5427 1028 5481 venit
1052 5429 1255 5483 habens
1290 5433 1591 5486 mercedem
1632 5449 1810 5498 suam,
1836 5445 1889 5488 et
1916 5449 2051 5502 Opus

472 5522 795 5569 suum‘ante
830 5517 1023 5573 faciem
1069 5536 1243 5577 suam.
1285 5524 1346 5578 Et
1390 5525 1606 5580 vocabit
1637 5542 1760 5589 eum
1792 5528 2047 5597 pupulum

475 5614 750 5669 sanctum,
788 5611 1126 5681 redemptum
1183 5630 1212 5669 a
1266 5616 1517 5672 Domino.
1553 5618 1631 5673 Tu
1665 5629 1845 5673 autem
1884 5636 2046 5675 voca-

476 5688 623 5744 beris
658 5695 916 5761 requisita
946 5700 1164 5767 civitas,
1192 5714 1248 5758 et
1294 5721 1398 5760 non
1465 5708 1675 5762 relicta.
1706 5728 1722 5759 ι
1754 5707 1831 5763 Ne
1862 5710 2051 5764 existi-

476 5792 589 5838 met
641 5786 931 5854 ﬂuispiam,
971 5791 1063 5857 ait,
1117 5794 1229 5851 hzt'c
1271 5798 1336 5853 de
1386 5799 1612 5857 Judaico
1666 5802 1864 5872 populo
1900 5802 2045 5858 dici:

2166 588 2265 659 τὴν
2294 586 2456 657 ἁγίαν
2490 585 2834 657 Ἐκκλησίαν,
2890 587 2954 639 ὲκ
2985 583 3204 638 τελείων
3259 583 3432 654 μελῶν
3464 583 3773 637 συνεστῶ-

2168 696 2289 743 σαν,
2343 678 2407 731 ἐκ
2436 695 2495 730 τε
2544 676 2637 730 τοῦ
2679 676 2945 748 προτέρου
2986 674 3114 728 λαοῦ
3160 674 3380 729 καὶτοῦ
3404 675 3522 727 νέου
3562 675 3659 729 τοῦ
3692 672 3777 741 ἐξ

2165 771 2354 825 ἐθνῶν.
2381 765 2515 824 Εἶτα
2565 769 2659 823 καὶ
2698 768 2834 841 πρὸς
2866 768 2965 839 τὴν
3000 765 3323 839 Ἐκκλησίαν
3354 768 3588 819 ποιεῖται
3613 766 3776 830 τοὺς

2164 861 2354 930 λόγους
2372 878 2386 891 ’
2408 859 2609 930 ταύτης
2637 858 2923 928 γεγόνασιν
2956 857 3062 909 υἱοὶ
3097 854 3237 909 κατά
3260 854 3437 926 σάρκα
3465 856 3513 907 οἱ
3543 851 3777 908 θεσπέ-

2167 969 2269 1004 σιοι
2301 950 2557 1021 μαθηταὶ,
2580 949 2677 1021 τὴν
2697 948 2981 1018 είς.ἀκραν
3003 947 3175 1017 αὐτῆς
3199 944 3460 1010 σώζοντες
3482 944 3723 1015 ἀγάπην
3747 962 3769 976 ο

2165 1040 2304 1095 ῶστε
2362 1042 2537 1094 δοκεῖν
2592 1038 2689 1110 τὴν
2742 1037 3038 1109 γενομένην
3070 1035 3467 1107 φιλοστοργίαν,
3496 1032 3589 1090 οἷά
3637 1053 3779 1108 περ

2164 1133 2430 1204 νεανίσκῳ
2471 1131 2808 1203 συνῳκηκότι
2838 1129 3110 1201 παρθένῳ.
3148 1127 3332 1192 Οὕτως
3369 1128 3771 1201 εὐφρανθήσε-

2162 1242 2251 1277 ται
2284 1223 2491 1295 Κύριος
2514 1223 2608 1276 ἐπὶ
2636 1220 2739 1286 σοὶ,
2768 1219 3018 1292 καθάπερ
3044 1218 3235 1291 ἀμέλει
3272 1217 3365 1271 καὶ
3393 1218 3625 1288 νυμφίος
3655 1217 3774 1271 ἐπὶ

2164 1316 2372 1388 νύμφῃ.
2403 1313 2691 1383 Καθήκετο
2726 1313 2834 1385 γὰρ
2885 1311 2944 1378 ἐξ
2975 1310 3219 1380 οὐρανῶν
3261 1310 3289 1361 ὁ
3321 1309 3613 1380 μονογενὴς
3653 1306 3772 1362 τοῦ

2162 1407 2294 1461 Θεοῦ
2328 1407 2521 1475 Λόγος,
2555 1405 2621 1458 ἵν’
2652 1404 2925 1476 ἔγκαρπον
2972 1403 3228 1474 ἀποφήνῃ
3255 1400 3352 1472 τὴν
3394 1399 3771 1470 Ἐκκλησίαν,

2166 1499 2229 1570 ἣν
2252 1498 2412 1563 αὐτὸς
2438 1496 2616 1569 έαυτῷ
2647 1496 2959 1569 παρέστησε
2984 1493 3250 1566 παρθένον
3277 1494 3469 1565 ἁγνὴν,
3497 1493 3571 1564 μὴ
3593 1492 3772 1563 έχου-

2165 1608 2263 1645 σαν
2301 1590 2485 1644 σπίλον
2523 1589 2557 1661 ἣ
2595 1589 2808 1661 ῥυτίδα·
2855 1587 3017 1656 ἁγίαν
3044 1586 3101 1639 δὲ
3135 1585 3333 1657 μᾶλλον
3368 1586 3459 1639 καὶ
3487 1586 3762 1656 ἄμωμον.

2161 1681 2437 1753 Δεξαμένη
2475 1678 2655 1733 τοίνυν
2688 1680 2819 1750 παρ’
2857 1676 3019 1731 αὑτοῦ
3063 1677 3162 1746 τῆς
3198 1674 3560 1743 εύαγγελικῆς
3587 1674 3764 1728 πολιν

2160 1773 2310 1836 τείας
2353 1771 2425 1824 τὰ
2462 1770 2772 1841 σπέρματα,
2805 1768 3200 1838 πνευματικαῖς
3226 1764 3437 1828 θυσίαις
3469 1766 3564 1818 καὶ
3593 1765 3770 1833 ἀγιο-

2088 1868 2132 1923 Β
2166 1863 2402 1936 πρεπέσι
2430 1853 2817 1933 κατορθώμασι
2843 1858 2941 1931 τὴν
2986 1857 3204 1930 νύμφην
3229 1855 3616 1910 ὲκλάαπουσαν
3648 1858 3766 1911 ἀπ-

2159 1953 2409 2099 aitait
2443 2044 2538 2098 ἐπὶ
2568 2043 2677 2097 τῶν
2702 2041 2896 2112 τειχῶν
2924 2057 3039 2106 σου,
3073 2037 3445 2111 Ἰερουσαλὴμ,
3478 2039 3781 2110 κατέστηέ

2162 2156 2229 2192 σα
2255 2136 2502 2208 φύλακας
2538 2136 2664 2206 ὅλην
2702 2134 2800 2205 τὴν
2828 2133 3042 2205 ἡμέραν
3077 2131 3173 2186 καὶ
3197 2132 3324 2202 ὃλην
3349 2131 3447 2203 τὴν
3470 2130 3669 2197 νύκτα,
3701 2132 3763 2185 οἶ

2158 2232 2247 2286 διὰ
2271 2231 2458 2295 τέλους
2478 2229 2539 2283 οὐ
2573 2226 3030 2299 σιωπηθήσονται,
3060 2224 3487 2296 μιμνησκόμενοι
3511 2223 3758 2296 Κυρίου.

2163 2325 2277 2378 υύκ
2305 2324 2421 2377 ἔστι
2449 2323 2556 2392 γὰρ
2583 2321 2710 2391 ὑμῖν
2737 2319 2947 2390 ὅμοιος,
2976 2317 3070 2371 ὲάν
3094 2315 3382 2389 διορθώσῃ,
3418 2314 3511 2368 καὶ
3542 2315 3762 2386 ποιήσῃ

2172 2414 2528 2487 Ἰερουσαλὴμ
2558 2410 2845 2481 γαυρίαμα
2878 2408 2972 2462 ἐπὶ
3020 2410 3119 2479 τῆς
3161 2411 3283 2480 γῆς.
3313 2410 3515 2479 Ὤμοσε
3538 2406 3763 2479 Κύριος

2161 2507 2302 2561 κατὰ
2320 2507 2420 2579 τῆς
2445 2504 2603 2577 δόξης
2638 2501 2825 2567 αὑτοῦ,
2852 2504 2945 2555 καὶ
2973 2501 3113 2555 κατὰ
3143 2502 3242 2573 τῆς
3269 2500 3449 2571 ἰσχύος
3480 2499 3574 2553 τοῦ
3606 2500 3761 2572 βρα-

2160 2599 2337 2669 χίονος
2367 2594 2553 2649 αὐτοῦ.
2589 2612 2609 2646 ›
2650 2592 2825 2646 Πάλαι
2868 2594 2965 2665 μὲν
2995 2593 3104 2665 γὰρ
3134 2591 3305 2646 ταῦτα
3337 2591 3573 2660 ἐγένετο,
3604 2594 3758 2663 ὁπη-

2160 2692 2287 2745 νίκα
2313 2690 2404 2744 τδν
2422 2689 2630 2743 ἑαυτῶν
2658 2691 2866 2764 καρπὸν
2891 2688 3089 2762 βρῶμα
3111 2689 3370 2759 παρεῖχον
3389 2690 3501 2750 τοῖς
3528 2687 3757 2759 ἐχθροῖς

2159 2781 2251 2835 τοῦ
2291 2779 2449 2846 Θεοῦ,
2488 2778 2713 2833 τοιαῦτα
2759 2779 3084 2851 πράττοντες
3132 2778 3227 2830 καὶ
3263 2776 3614 2847 ἐνεργοῦντες
3670 2777 3757 2841 ὡς

2158 2872 2448 2944 δαιμονίων
2474 2871 2722 2941 γίνεσθαι
2740 2870 2946 2943 τροφὴν
2975 2869 3072 2933 τὰς
3098 2868 3304 2921 ἑαυτῶν
3334 2868 3557 2939 πράξεις
3581 2885 3594 2898 ·
3624 2870 3755 2924 νυνὶ

2158 2963 2216 3017 δὲ
2249 2966 2360 3027 τοῖς
2388 2962 2482 3016 τοῦ
2513 2962 2634 3016 νέου
2669 2961 2863 3024 αἰῶνος
2892 2958 3478 3029 καταξιωθησομένοις,
3510 2959 3606 3011 καὶ
3634 2959 3755 3012 τῶν

2161 3054 2587 3127 ἐπηγγελμένων
2628 3053 2991 3123 τευξομένοις,
3026 3052 3174 3124 ὅρκῳ
3211 3046 3436 3122 ὄμνυσιν
3476 3054 3505 3104 ό
3538 3050 3755 3124 Κύριος

2165 3149 2361 3221 μηκέτι
2389 3138 2579 3201 δώσεῖν
2609 3147 2825 3218 ἐχθροῖς
2850 3145 2978 3207 τοὺς
3005 3142 3250 3214 καρποὺς
3272 3141 3469 3207 αὐτῶν,
3505 3142 3619 3195 ἀλλ’
3647 3143 3755 3195 αὐ-

2162 3238 2289 3301 τοὺς
2321 3236 2499 3291 αὐτῶν
2532 3235 2843 3290 ἀπολαύειν.
2891 3232 3304 3305 Κατορθοῦντας
3352 3232 3463 3305 γὰρ
3500 3233 3596 3287 τὸν
3622 3238 3751 3287 κατ’

2164 3329 2363 3402 ἀρετὴν
2392 3329 2503 3399 βίον
2524 3329 2619 3382 καὶ¹
2647 3326 2912 3390 θεοσεϐῶς
2931 3325 3233 3394 διάγοντας,
3264 3324 3470 3379 δίκαιον
3506 3325 3613 3378 τῶν
3650 3327 3753 3379 οί-

2163 3420 2328 3474 κείων
2356 3419 2650 3475 ἀπολαύειν
2673 3418 2920 3490 καρπῶν.
2960 3437 2978 3471 r
3007 3419 3068 3471 Εί
3093 3416 3337 3471 ἐτιδώσω
3353 3418 3443 3471 τὸν
3460 3417 3605 3471 σῖτόν
3622 3434 3750 3487 σου,

2163 3514 2256 3567 καὶ
2290 3513 2356 3567 τὰ
2387 3512 2650 3585 βρώματά
2679 3529 2772 3565 σου
2793 3514 2905 3575 τοῖς
2928 3509 3143 3583 ἐχθροῖς
3170 3527 3285 3575 σου,
3303 3511 3397 3564 καὶ
3419 3510 3500 3563 έτι
3528 3510 3752 3567 πίονται

2164 3607 2271 3660 uio‘t
2291 3606 2561 3677 ἀλλότριοι
2619 3606 2711 3659 τὸν
2755 3600 2898 3658 οἶνόν
2940 3621 3059 3669 σου,
3106 3598 3258 3675 ὲφ’ᾦ
3290 3603 3632 3674 ἐμόχθησας·

2240 3698 2376 3753 Ἀλλ’
2420 3699 2471 3752 oi
2510 3696 2906 3766 συναγαγόντες
2946 3695 3210 3765 φάγονται
3244 3693 3404 3760 αὐτὰ,
3452 3694 3545 3747 καὶ
3599 3695 3751 3747 αἰνέ-

2162 3810 2313 3846 σουσι
2342 3790 2566 3864 Κύριον,
2612 3790 2708 3844 καὶ
2742 3791 2791 3842 oi
2837 3789 3233 3857 συναγαγόντες
3266 3787 3480 3840 πίονται
3507 3787 3646 3841 αὐτὰ
3684 3789 3748 3840 ἐν

2159 3884 2277 3947 ταῖς
2331 3881 2595 3937 ὲπαύλεσι
2630 3883 2749 3944 ταῖς
2793 3879 2975 3949 ἁγίαις
3029 3896 3153 3949 μου.
3188 3896 3207 3930 ι
3249 3874 3374 3931 Εἶεν
3406 3877 3449 3931 δ’
3480 3876 3545 3931 ἂν
3581 3870 3747 3931 αὗται

2159 3976 2217 4027 αί
2242 3974 2431 4028 πολλαὶ¹
2459 3972 2618 4045 μοναὶ
2643 3972 2699 4026 αἱ
2729 3971 2880 4044 παρά
2900 3970 2975 4042 τῷ
3001 3970 3195 4042 Πατρί.

2240 4085 2259 4118 ‹
2293 4064 2597 4138 Πορεύεσθε
2631 4063 2719 4117 διὰ
2744 4064 2852 4119 τῶν
2882 4062 3066 4115 πυλῶν
3098 4078 3220 4133 μου.
3263 4080 3283 4115 ι
3315 4062 3474 4117 Νοεῖν
3513 4061 3573 4116 δὲ
3610 4063 3750 4133 ἡμῖν

2160 4158 2391 4230 παρέχει
2422 4156 2511 4210 διὰ
2540 4154 2745 4210 τούτων
2782 4154 2880 4226 τὴν
2910 4153 3231 4224 ἐπουράνιον
3267 4154 3361 4208 τοῦ
3396 4154 3531 4208 Θεοῦ
3563 4154 3743 4219 πόλιν,

2160 4250 2255 4303 καὶ
2277 4250 2376 4313 τὰς
2407 4238 2575 4320 αὐτῆς
2607 4248 2781 4310 πύλας
2800 4263 2812 4276 ·
2844 4245 2879 4300 ἁ
2904 4245 2967 4317 δὴ
2990 4244 3166 4299 πάντα
3192 4246 3332 4300 κατὰ
3356 4245 3446 4299 τὸν
3467 4244 3738 4315 ἐπηγγελ-

2163 4342 2320 4413 μένον
2369 4340 2541 4396 αἰῶνα
2590 4340 3094 4411 ἀναπετασθήσεται
3137 4341 3250 4403 τοῖς
3284 4336 3455 4403 ἀξίοις
3511 4336 3604 4389 καὶ
3656 4336 3746 4389 λε-

2158 4430 2438 4505 χθήσεται·
2487 4452 2505 4485 ι
2534 4432 2835 4505 Πορεύεσθε
2866 4433 2951 4487 διά
2976 4432 3083 4485 τῶν
3116 4431 3298 4485 πυλῶν
3331 4448 3477 4502 μου,ι
3499 4431 3593 4483 καὶ
3623 4431 3745 4483 ὁδο-

2159 4526 2424 4598 ποιήσατε
2466 4525 2545 4595 τῷ
2584 4524 2699 4596 λαῷ
2735 4543 2857 4597 μου,
2899 4526 2991 4580 καὶ
3028 4526 3155 4588 τοὺς
3183 4524 3362 4588 λίθους
3394 4523 3460 4576 ἐκ
3487 4524 3587 4594 τῆς
3616 4523 3740 4576 ὀδοῦ

2157 4617 2497 4690 διαρῤίψατε.
2536 4616 2797 4689 Ἐξάρατε
2830 4616 3109 4688 σύσσημον
3134 4618 3213 4680 είς
3238 4615 3305 4669 τὰ
3327 4615 3475 4685 ἔθνη.
3508 4634 3526 4667 ι
3556 4615 3743 4686 Μηδὲν

2157 4710 2289 4780 γὰρ,
2320 4708 2504 4780 φησιν,
2540 4708 2691 4761 ἔσται
2721 4708 2971 4780 κώλυμα,
3007 4709 3140 4780 μηδὲ
3171 4707 3445 4779 ἐμπόδιον,
3487 4706 3622 4777 μηδέ
3654 4723 3741 4771 τις

2160 4800 2374 4869 φθόνος,
2411 4799 2545 4871 μηδὲ
2573 4799 2858 4870 βάσκανος,
2893 4800 2968 4871 μὴ
3007 4799 3281 4870 πρόφασίς
3317 4817 3397 4863 τε,
3457 4799 3591 4870 μηδὲ
3624 4799 3742 4851 δαί-

2162 4910 2301 4965 μων,
2342 4892 2417 4965 μὴ
2453 4892 2669 4963 πνεῦμα
2717 4892 2971 4964 πονηρὸν,
3014 4892 3087 4963 μὴ
3125 4892 3352 4963 δύναμις
3387 4891 3739 4961 ἀντικειμένη

2158 4985 2505 5039 διακωλυέτω
2530 4985 2618 5038 τὸν
2650 4984 2776 5039 λαὸν
2800 4983 2888 5037 τὸν
2921 4983 3051 5055 ἐμὸν
3086 4986 3166 5047 εἰς
3192 4984 3290 5055 τὴν
3320 4983 3597 5054 βασιλείαν
3628 4982 3739 5035 τῶν

2158 5077 2401 5148 οὐρανῶν
2453 5076 2697 5130 εἰσιέναι.
2743 5074 2930 5129 Ταῦτα
2958 5075 3015 5128 δὲ
3062 5075 3198 5147 πρός
3242 5093 3394 5140 τινας
3442 5074 3738 5144 ἀγγελικάς

2156 5168 2476 5240 λεχθήσεται
2504 5167 2780 5237 δυνάμεις.

2236 5278 2255 5312 ‹
2296 5260 2425 5314 Ἰδοὺ
2450 5258 2561 5332 γάρ
2592 5258 2797 5329 Κύριος
2829 5258 3084 5329 ἐποίησεν
3113 5256 3379 5313 ἀκουστὸν
3421 5258 3525 5322 ἓως
3576 5257 3737 5328 ἐσχά-

2157 5370 2251 5407 του
2280 5352 2379 5422 τῆς
2401 5352 2526 5421 γῆς·
2554 5351 2758 5406 Εἴπατε
2808 5354 2873 5423 τῇ
2919 5351 3147 5424 θυγατρὶ
3179 5351 3349 5404 Σιών·
3404 5350 3533 5405 Ἰδοὺ
3564 5352 3592 5403 ὁ
3629 5351 3738 5403 Σω-

2156 5443 2261 5516 τήρ
2292 5459 2373 5495 σοι
2406 5442 2780 5513 παραγέγονεν
2812 5442 2951 5511 ἔχων
2980 5442 3070 5495 τὸν
3095 5442 3288 5496 ἑαυτοῦ
3319 5442 3530 5513 μισθὸν,
3555 5442 3652 5497 καὶ
3676 5442 3736 5496 τὸ

2158 5532 2317 5604 ἔργον
2353 5530 2515 5585 αὑτοῦ
2552 5532 2658 5604 πρὸ
2688 5531 2977 5603 προσώπου
3013 5530 3199 5585 αὐτοῦ.
3236 5532 3347 5585 Καὶ
3379 5531 3598 5585 καλέσει
3636 5531 3730 5584 αύ-

2156 5627 2248 5679 τδν
2303 5626 2429 5678 λαὸν
2476 5626 2650 5693 ἆγιον,
2696 5623 3100 5697 λελυτρωμένον
3146 5624 3251 5678 ὑπὸ
3293 5626 3522 5696 Κυρίου.
3576 5626 3649 5679 Σὺ
3678 5624 3735 5679 δὲ

2158 5713 2404 5785 κληθήσῃ
2430 5710 2831 5783 ὲπιξητουμένη
2860 5713 3015 5777 πόλις
3058 5714 3151 5767 καὶ
3193 5714 3291 5768 οὐκ
3320 5715 3733 5786 ἐγκαταλελειμο

2162 5805 2315 5875 μένη.
2356 5823 2372 5855 ι
2405 5803 2495 5875 Μὴ
2522 5802 2628 5875 γὰρ
2654 5802 2917 5875 νομιζέτω
2943 5821 3043 5869 τις,
3086 5805 3268 5877 φησὶν,
3313 5807 3441 5878 περὶ
3473 5806 3563 5861 τοῦ
3604 5809 3731 5861 Ἰου-
