3968 6514
256 376 363 435 501

1244 381 1746 440 COMMENTARIA
1783 384 1852 441 IN
1890 385 2141 445 ISAIAM.
2183 421 2253 431 -—
2285 391 2434 448 CAP.
2476 392 2657 450 LXIII.

3433 402 3541 458 502

254 493 446 548 δαίων
479 492 609 550 λαοῦ
635 494 804 549 ταῦτα
826 495 1104 568 εἰρῆσθαι·
1133 500 1432 577 ἐπειδήπερ
1456 504 1632 558 πάντα
1654 506 1720 560 τὰ
1739 506 1860 578 ἐθνη

1970 511 2222 580 quoniam
2254 529 2442 571 omnes
2474 526 2661 587 gentes
2685 517 2897 589 signum
2926 518 3105 575 levare
3127 519 3305 588 jubet,
3344 529 3395 575 et
3418 537 3536 575 om-

253 585 319 639 τὸ
388 589 632 659 σημεῖον
671 589 921 661 αἴρεσθαι
959 594 1303 663 προστάττει,
1366 598 1462 650 καὶ
1508 597 1716 662 πάντας
1762 599 1866 663 ἐως

253 673 521 744 ἐσχάτου
580 675 681 747 τῆς
733 678 836 749 γῆς
903 680 1309 750 εὐαγγελίζεται
1366 686 1435 740 τὰ
1481 688 1863 759 προλεχθέντα.

254 764 464 820 Πάλαι
497 767 597 839 μὲν
626 764 720 823 οὖν
760 770 901 823 κατὰ
929 772 1027 843 τὴν
1052 773 1272 847 πρώτην
1300 778 1463 832 αὐτοῦ
1509 780 1809 851 παρουσίαν
1839 782 1868 833 6

254 855 445 921 αὐτὸς
496 854 567 931 ἦν
604 860 797 933 Σωτὴρ
837 862 906 915 δι’
954 859 1029 919 ὧν
1077 865 1278 938 ἔπραξε
1318 870 1409 923 καὶ
1436 870 1700 925 πέπονθεν
1727 873 1868 944 ὑπὲρ

252 949 355 1002 τοῦ
436 950 552 1007 τῶν
614 952 916 1025 ἀνθρώπων
974 957 1163 1025 γένους
1214 961 1313 1033 τὴν
1372 964 1523 1035 παρά
1572 964 1667 1017 τοῦ
1731 963 1866 1018 Θεοῦ

255 1042 562 1115 σωτηρίαν
585 1047 701 1109 τοῖς
725 1048 805 1111 εἰς
826 1047 987 1102 αὐτὸν
1018 1052 1330 1107 πιστεύουσι
1354 1056 1649 1127 προξενῶν,
1674 1057 1804 1129 παρ’
1824 1050 1869 1126 ᾧ

253 1135 362 1187 καὶ
398 1136 621 1208 Ἰησοῦς
642 1136 957 1211 ὠνομάσθη,
996 1143 1135 1196 κατά
1154 1144 1254 1217 τὴν
1276 1147 1369 1201 τοῦ
1399 1148 1627 1217 ἀγγέλου
1664 1166 1869 1220 μαρτυ-

258 1226 418 1297 ρίαν.

794 1326 1093 1383 ΚΕΦΑΛΑΙ
1100 1330 1191 1383 ΟΝ
1236 1328 1353 1386 ΞΡ.

337 1453 361 1488 ι
402 1436 513 1499 Τίς
547 1430 702 1503 οὗτος
744 1442 773 1494 6
808 1444 1245 1515 παραγενόμενος
1272 1445 1332 1512 ἐξ
1374 1445 1586 1518 Ἐδὼμ,
1618 1447 1868 1521 ἐρύθημα

252 1526 517 1599 ἱματίων
559 1531 625 1585 ἐκ
677 1532 879 1605 Βοσόρ;
916 1535 1087 1600 οὕτως
1129 1539 1327 1610 ὡραῖος
1374 1542 1432 1593 ἐν
1469 1542 1627 1614 στολῇ
1665 1543 1828 1597 αὑτοῦ
1851 1562 1865 1577 ·

257 1619 359 1690 βία
398 1621 550 1693 μετὰ
594 1624 796 1694 ἰσχύος.
844 1626 984 1696 Ἐγὼ
1028 1628 1347 1702 διαλέγομαι
1385 1632 1731 1705 δικαιοσύνην
1775 1636 1870 1689 καὶ

254 1710 459 1782 κρίσιν
489 1712 785 1785 Σωτηρίου.
820 1735 839 1767 ι
872 1717 1289 1789 Προσωποποιεί
1326 1723 1354 1775 6
1384 1721 1541 1791 λόγος
1570 1725 1868 1796 ἐρωτήσεις

251 1800 435 1854 τινῶν
473 1801 727 1874 ὁρώντων
755 1804 845 1858 τὸν
872 1804 1105 1878 Χριστὸν
1138 1810 1419 1882 πολεμικῷ
1452 1814 1692 1884 σχήματι
1736 1814 1870 1867 θεω-

256 1890 544 1962 ρούμενον
579 1895 672 1948 καὶ
695 1894 791 1967 τὴν
826 1898 1118 1970 περιϐολὴν
1148 1903 1465 1974 ᾑμαγμένον
1490 1921 1503 1934 ·
1527 1906 1577 1958 οἶ
1605 1906 1699 1959 καὶ
1729 1906 1864 1978 πρὸς

252 1980 538 2053 ἀλλήλους
564 1986 694 2053 φασὶ
718 1985 779 2039 τὸ
809 1985 956 2051 ξένον
976 1988 1068 2042 τοῦ
1096 1992 1376 2063 σχήματος
1399 1992 1858 2065 ἐκπληττόμενοι·

261 2088 282 2121 ι
326 2070 436 2135 Τίς
480 2065 635 2137 οὗτος
676 2076 704 2127 6
752 2077 1197 2149 παραγενόμενος
1237 2078 1298 2145 ἐξ
1360 2080 1557 2152 Ἐδὼμ,
1610 2082 1864 2154 ἐρύθημα

256 2160 513 2232 ἱματίων
546 2167 609 2218 ἐκ
641 2166 845 2239 Βοσὸρ;
895 2188 915 2220 ι
973 2169 1189 2242 Ἐπειδὴ
1234 2171 1343 2243 γὰρ
1379 2174 1413 2244 ή
1472 2170 1651 2243 Ἐδὼμ
1697 2174 1790 2227 καὶ
1830 2175 1863 2245 ἡ

255 2251 446 2326 Βοσδρ
476 2254 579 2325 τῆς
617 2256 724 2311 τῶν
753 2259 1064 2329 ἀλλοφύλων
1092 2260 1277 2334 χώρας
1306 2264 1401 2318 καὶ⁸
1433 2263 1520 2317 ἀεὶ
1557 2264 1667 2317 τῶν
1708 2264 1865 2317 πολε-

260 2343 410 2415 μίων
454 2347 553 2400 τοῦ
605 2347 821 2422 Ἰσραὴλ
848 2353 1225 2425 τυγχάνουσιν,
1266 2355 1489 2421 εἰκότως
1532 2356 1621 2411 διὰ
1662 2357 1864 2411 τούτων

256 2435 375 2490 τῶν
408 2436 695 2509 ὀνομάτων
720 2440 819 2505 τάς
850 2443 1232 2515 ἀντικειμένας
1260 2445 1522 2519 δυνάμεις
1544 2448 1862 2513 αἰνίττεται,

258 2527 362 2581 καὶ
401 2527 517 2583 τῶν
563 2531 949 2603 ἀνῃρημένων,
998 2538 1092 2591 καὶ
1124 2537 1367 2610 ιῖυσπερεί⁵
1398 2542 1863 2612 κατεσφαγμένων

258 2617 353 2672 τὸν
400 2620 704 2693 ἱματισμὸν
749 2626 915 2679 αὐτοῦ
964 2646 1096 2699 φησι
1146 2631 1512 2699 πεφοινίσθαι.
1561 2633 1775 2706 Σφόδρα
1807 2634 1863 2687 δὲ

260 2711 435 2766 αὐτὸν
467 2712 678 2769 ἀλλοῖον
705 2718 941 2789 ὁρῶντες
975 2722 1039 2774 ἐκ
1080 2723 1180 2793 τῆς
1210 2723 1350 2777 κατά
1382 2724 1491 2778 τῶν
1524 2726 1736 2780 ἀσεϐῶν
1780 2745 1863 2780 τι·

265 2805 511 2877 μωρίας,
540 2807 660 2862 οὐδὲ
694 2811 982 2882 γνωρίζειν
1014 2814 1251 2869 ἐοίκασιν
1290 2816 1474 2883 αὑτὸν,
1513 2819 1735 2891 φαιδρὸν
1768 2819 1863 2873 καὶ

262 2898 508 2970 γαληνὸν
547 2901 642 2955 καὶ
682 2903 890 2975 ¹ἥμερον
927 2906 1091 2959 αὑτὸν
1123 2908 1496 2977 ἐπιστάμενοι·
1533 2910 1614 2964 διὸ
1653 2911 1860 2966 πυνθά-

262 3006 454 3043 νονται
511 2990 795 3061 λέγοντες;
837 3013 856 3047 ι
894 2997 990 3061 Τίς
1022 2988 1177 3063 οὗτος
1241 3000 1269 3051 6
1312 3002 1755 3073 παραγενόμενος
1802 3004 1861 3073 ἐξ

276 3079 485 3151 Ἐδὼμ,
506 3081 757 3155 ἐρύθημα
775 3086 1002 3156 ἱματίων
1019 3088 1081 3141 ἐκ
1095 3088 1291 3160 Βοσόρ;
1318 3108 1440 3142 ›-ι
1463 3091 1856 3164 ’Υπερμαχῶνι

264 3168 401 3242 γὰρ,
434 3170 578 3225 κατὰ
610 3172 699 3225 τὸν
728 3174 1046 3248 Σύμμαχον,
1081 3178 1188 3232 τῶν
1216 3180 1417 3246 ἀδίκως
1444 3182 1546 3235 ὑπὸ
1578 3183 1685 3237 τῶν
1716 3185 1863 3240 ἀντι-

265 3262 545 3333 κειμένων
579 3264 861 3337 δυνάμεων
909 3272 1433 3345 καταπονουμένων,
1468 3276 1595 3339 τοὺς
1641 3275 1741 3347 μὲν
1786 3278 1864 3344 ὠς

265 3354 505 3427 ἐχθροὺς
541 3360 875 3431 μετήρχετο,
908 3363 1035 3427 τοὺς
1066 3363 1121 3418 δέ
1173 3364 1374 3431 ἔσωζεν
1418 3367 1719 3441 ἐλευθερῶν
1765 3372 1864 3444 τῆς

268 3446 377 3500 ὑπὸ
407 3450 520 3512 τοῖς
544 3450 760 3522 ἐχθροῖς
781 3452 1120 3520 δυναστείας.

252 3556 255 3561 ·
339 3556 362 3589 ι
400 3538 501 3592 Διά
532 3540 586 3592 τί
621 3558 713 3595 σου
757 3544 962 3617 ἐρυθρὰ
989 3546 1057 3600 τά
1101 3548 1310 3620 ἱμάτια,
1346 3551 1441 3604 καὶ
1483 3551 1553 3605 τὰ
1591 3552 1864 3625 ἐνδύματά

268 3648 366 3685 σου
399 3633 477 3697 ὡς
505 3634 613 3687 ἀπὸ
642 3636 880 3707 πατητοῦ
907 3638 1099 3709 ληνοῦ;
1134 3644 1353 3717 Πλήρης
1387 3645 1795 3718 πεπατημένης.
1836 3669 1857 3702 ι

269 3723 417 3795 Ὅρα
452 3723 508 3777 δὲ
542 3724 660 3789 πῶς
690 3726 902 3799 εἴρηται
935 3729 1094 3801 ληνὸν
1124 3735 1501 3805 πεπατηκέναι
1534 3737 1859 3808 μονώτατος.

264 3814 437 3885 Μόνῳ
468 3815 577 3887 γὰρ
605 3818 755 3889 αὐτῷ
780 3819 879 3891 τὴν
908 3821 1091 3887 κρίσιν
1114 3822 1345 3879 δέδωκεν
1370 3828 1398 3880 6
1432 3827 1644 3900 Πατὴρ,
1677 3830 1776 3899 τὴν
1804 3828 1862 3882 δέ

266 3908 379 3961 τῶν
417 3908 834 3982 ἁμαρτημάτων
864 3912 1128 3985 ἔκπραξιν
1155 3912 1316 3985 ληνὸν
1344 3916 1503 3971 εἴωθε
1538 3918 1721 3973 καλεῖν
1738 3936 1751 3949 ·
1779 3917 1863 3971 διὸ

267 4001 326 4052 ἐν
375 4002 489 4064 τοῖς
527 4001 757 4073 Θρήνοις
824 4004 1093 4076 Ἱερεμίας
1137 4006 1270 4078 φησί
1294 4023 1308 4037 ·
1347 4025 1380 4064 ι.
1408 4008 1582 4080 Ληνδν
1621 4009 1860 4082 ἐπάτησε

266 4088 478 4160 Κύριος
519 4092 773 4163 παρθένῳ
817 4092 1050 4166 θυγατρὶ
1102 4095 1306 4149 Ἰούδαο
1365 4098 1459 4151 ἐπὶ
1498 4098 1707 4164 τούτοις
1751 4100 1862 4169 ἐγὼ

266 4181 463 4235 κλαίω.
498 4200 517 4235 ι
552 4184 762 4255 Ὥσπερ
782 4184 838 4236 δὲ
866 4187 899 4255 ἡ
937 4186 1030 4239 ἐπὶ
1061 4186 1121 4239 τὸ
1152 4188 1284 4241 αὐτὸ
1306 4188 1416 4243 τῶν
1443 4191 1861 4262 ἁμαρτημάτων

267 4272 493 4345 εὐθύνη,
530 4275 625 4329 καί¹
656 4276 685 4329 6
713 4275 931 4347 ἔλεγχος
964 4278 1051 4331 ἐπ’
1079 4279 1282 4343 αὐτοῖς,
1316 4280 1351 4351 ἥ
1386 4297 1445 4333 τε
1481 4280 1741 4353 ἐκπραξις
1768 4283 1862 4337 καὶ

268 4365 301 4435 ή
335 4364 578 4437 τιμωρία
604 4366 765 4438 ληνὸς
791 4368 1140 4440 ὠνόμασται·
1174 4370 1316 4424 οὕτω
1354 4372 1447 4425 καὶ
1486 4372 1597 4425 τῶν
1639 4373 1859 4441 ἀγαθῶν

268 4457 502 4529 καρπῶν
542 4460 606 4510 ἐκ
638 4458 739 4529 τῆς
777 4460 991 4530 ἀγαθῆς
1032 4458 1279 4530 ἀμπέλου
1310 4463 1676 4535 τρυγωμένων
1708 4464 1860 4537 ληνοὶ

268 4547 535 4617 θεοφιλεῖς
584 4551 677 4604 καὶ
729 4550 847 4622 Θεῷ
890 4552 1120 4624 ἀρεσταὶ
1176 4551 1448 4622 γίνονται’
1496 4556 1583 4625 ἐφ’
1629 4535 1718 4620 αἷς
1763 4535 1859 4612 καὶ

272 4660 293 4693 ο
317 4640 619 4713 Ἐπιλήνιοι
662 4661 680 4693 ι
719 4642 876 4713 ὕμνοι
910 4645 1152 4715 εἴρηνται
1178 4645 1236 4699 ἐν
1266 4648 1378 4710 τοῖς
1402 4646 1671 4719 Ψαλμοῖς.
1702 4667 1721 4700 ι
1756 4650 1854 4703 Διά

265 4730 322 4783 τί
360 4748 455 4784 σου
499 4731 707 4804 ἐρυθρὰ
750 4732 819 4786 τὰ
853 4733 1065 4804 ἱμάτια,
1101 4736 1197 4788 καὶ
1239 4734 1310 4787 τά
1340 4735 1616 4809 ἐνδύματά
1650 4756 1743 4792 σου
1777 4739 1853 4803 ὡς

266 4821 376 4876 ἀπὸ
412 4823 653 4894 πατητοῦ
687 4824 884 4895 ληνοῦ;
916 4825 1137 4898 Πλήρης
1171 4829 1578 4901 πεπατημένης.
1624 4849 1642 4882 ›
1676 4830 1854 4885 Μολύ-

266 4931 347 4970 νει
381 4914 440 4968 δὲ
476 4914 547 4968 τὰ
590 4915 861 4986 ἐνδύματα
898 4917 1062 4971 αύτοῦ
1084 4959 1099 4984 ,
1136 4918 1325 4991 ὥσπερ
1358 4921 1564 4993 ἐρυθρὰ
1597 4924 1851 4991 γενέσθαι

265 5005 407 5059 αὐτά
431 5005 647 5074 λέγεται
671 5008 1091 5081 προσωποποιίᾳι
1114 5010 1389 5082 ἐμφατικῇ
1409 5027 1423 5041 ο
1451 5011 1601 5066 ὥσπε
1610 5031 1640 5086 ρ
1672 5014 1764 5068 καὶ
1788 5014 1851 5068 τὸ

266 5092 407 5167 αἷμα
438 5095 548 5149 τῶν
580 5096 812 5168 ἐχθρῶν,
848 5098 976 5169 περὶ
1005 5091 1065 5151 οὗ
1113 5115 1245 5169 φησι
1265 5116 1278 5130 ο
1332 5119 1351 5152 ι
1398 5102 1507 5156 Καὶ
1538 5105 1848 5176 κατήγαγον

264 5185 327 5237 τὸ
366 5179 506 5256 αἷμα
547 5185 728 5239 αὐτῶν
760 5187 841 5249 εἰς
859 5187 983 5257 γῆν.
1023 5203 1043 5239 ι
1071 5187 1145 5240 Οὐ
1173 5187 1280 5258 γὰρ
1311 5189 1374 5261 δὴ
1423 5191 1677 5262 αἰσθητὸν
1711 5189 1848 5266 αἷμα

265 5278 487 5350 νοητέον
528 5273 666 5330 εἶναι
704 5278 833 5349 περί¹
861 5278 960 5342 τὰς
989 5280 1370 5350 ἀντικειμένας
1395 5282 1676 5355 δυνάμεις.

342 5388 362 5421 ι
410 5370 522 5423 Καὶ
560 5371 669 5423 τῶν
700 5370 871 5424 ἐθνῶν
895 5372 995 5424 οὐκ
1029 5370 1174 5424 ἐστιν
1206 5372 1346 5445 ἀνὴρ
1384 5375 1501 5445 μετ’
1539 5376 1695 5447 ἐμοῦ.
1739 5382 1850 5433 Καὶ

264 5462 625 5533 κατεπάτησα
653 5462 849 5525 αὐτοὺς
877 5464 932 5515 ἐν
960 5461 1117 5532 θυμῷ
1150 5480 1272 5533 μου,
1300 5466 1394 5518 καὶ
1420 5467 1724 5521 κατέθλασα
1754 5472 1851 5523 αύ-

262 5554 392 5619 τοὺς
417 5554 493 5619 ὼς
511 5556 634 5625 γῆν,
660 5555 756 5609 καὶ
783 5556 1093 5626 κατήγαγον
1120 5556 1181 5609 τὸ
1214 5551 1352 5629 αἷμα
1369 5559 1547 5613 αὐτῶν
1566 5562 1645 5626 εἰς
1666 5563 1788 5633 γῆν.
1816 5584 1834 5615 ι

278 5645 498 5717 ,Επειδὴ
532 5646 639 5719 γὰρ
669 5647 887 5701 ἐδόκουν
919 5646 979 5700 τὸ
1010 5646 1271 5720 πρότερον
1303 5649 1666 5718 ἀνυπότακτοί
1701 5672 1841 5723 τινες

340 5824 386 5857 ³⁸
420 5823 687 5890 “flaretur,
729 5828 803 5889 15,
846 5826 915 5875 16.

1967 607 2128 662 nibus
2162 622 2337 678 usque
2373 609 2455 663 ad'
2491 618 2792 667 extremum
2827 620 2984 668 terra:
3020 614 3274 683 praedicta
3329 628 3511 669 annun

1971 698 2087 752 tiat.
2126 697 2267 754 Olim
2299 699 2515 769 quidem
2562 702 2621 756 in
2663 702 2838 771 primo
2865 719 2962 758 suo
3003 705 3238 759 adventu
3274 704 3388 773 ipse
3420 704 3542 758 Sal-

1968 799 2144 857 vator,
2172 807 2269 862 per
2312 808 2373 849 ea
2401 808 2522 863 quae
2550 809 2647 863 pro
2679 795 2916 851 humano
2941 812 3144 864 genere
3175 796 3306 851 fecit
3338 806 3391 851 et
3416 811 3540 866 per-

1967 899 2154 953 pessus
2184 895 2285 951 est,
2320 900 2438 940 eam
2475 903 2594 956 qua:
2620 904 2651 942 a
2682 888 2794 943 Deo
2824 898 2915 944 est
2962 890 3193 948 salutem
3231 890 3284 944 in
3320 904 3379 945 se
3421 904 3539 945 cre-

1968 975 2219 1032 dentibus
2248 977 2592 1043 conciliabat,
2615 980 2758 1033 unde
2787 978 2963 1037 Jesus.
2982 980 3286 1052 appellatus
3318 989 3423 1049 εει,
3462 995 3543 1036 εε-

1969 1066 2205 1121 cundum
2252 1067 2427 1139 angeli
2462 1068 2854 1124 testimonium.

2530 1333 2757 1391 CAPUT
2794 1332 2973 1391 LXIII.

2040 1422 2207 1479 Vens.
2236 1424 2287 1480 1.
2324 1444 2345 1478 ι
2375 1424 2507 1493 Quis
2533 1435 2616 1483 est
2641 1429 2745 1483 iste
2770 1429 2862 1499 qui
2890 1427 3040 1484 venit
3069 1428 3134 1484 de
3161 1428 3351 1494 Edom,
3381 1428 3557 1484 rubor,

1970 1518 2417 1575 vestimentorum
2452 1520 2522 1577 de
2545 1522 2747 1576 Bosor?
2771 1522 2851 1576 sic
2880 1520 3150 1578 formosus
3174 1523 3226 1577 in
3248 1522 3383 1579 stola
3412 1537 3531 1588 sua,

1970 1611 2230 1667 violentia
2280 1627 2401 1668 cum
2430 1614 2779 1670 fortitudine.
2807 1614 2923 1688 Ego
2948 1614 3144 1687 loquor
3178 1614 3449 1685 justitiam
3493 1625 3549 1671 et

1966 1703 2231 1775 judicium
2283 1704 2615 1762 Salutaris.»
2664 1704 3076 1778 lnterrogantes
3119 1708 3326 1764 inducit
3356 1722 3551 1778 perso-

1971 1811 2070 1852 nas
2101 1796 2362 1866 quasdam
2402 1796 2685 1853 Christum
2739 1797 2935 1853 bellico
2980 1799 3170 1854 habitu
3223 1807 3280 1854 et
3314 1807 3549 1854 cruento

1898 1868 1944 1929 Β
1973 1890 2172 1945 amictu
2218 1889 2462 1946 videntes
2492 1905 2505 1940 :
2532 1906 2654 1960 qua:
2701 1892 2968 1961 stupende
3022 1892 3219 1947 vestitu
3256 1892 3545 1963 perculsm,

1973 1983 2046 2039 ita
2075 1994 2261 2038 mutuo
2288 1982 2678 2054 colloquuntur
2711 2001 2724 2037 :
2766 2002 2783 2035 ι
2813 1983 2945 2050 Quis
2990 1993 3076 2041 est
3116 1985 3240 2053 iste,
3269 1986 3360 2056 Qui
3396 1986 3547 2041 venit

1973 2074 2038 2129 de
2074 2073 2265 2140 Edom,
2316 2075 2483 2131 rubor
2520 2075 2965 2130 vestimentorum
3006 2092 3073 2132 ex
3122 2076 3333 2133 Bosor?
3361 2097 3379 2129 ι
3409 2076 3545 2133 Nam

1972 2166 2097 2237 quia
2128 2165 2296 2222 Edom
2341 2176 2398 2222 et
2435 2166 2607 2222 Bosor
2630 2168 3059 2241 alienigenarum
3086 2170 3334 2241 regiones
3367 2179 3543 2238 erant,

1973 2259 2156 2316 lsraeli
2196 2275 2412 2331 semper
2454 2260 2690 2328 infeslte;
2728 2261 2815 2316 his
2858 2261 3172 2318 nominibus
3202 2262 3545 2317 adversaria:

1971 2360 2269 2420 potestates
2322 2361 2686 2422 congruenter
2742 2353 2987 2420 indicat,
3040 2369 3104 2410 ac
3160 2353 3546 2408 vestimentum

1973 2456 2129 2497 suum
2155 2458 2418 2498 emsorum
2450 2459 2515 2499 ac
2543 2444 2916 2515 jugulatorum
2949 2461 3143 2501 cruore
3172 2444 3323 2516 quasi
3352 2460 3545 2515 purpu-

1971 2545 2149 2589 ratum
2179 2548 2299 2590 esse
2330 2534 2483 2591 dicit.
2520 2536 2652 2590 Cum
2695 2546 2876 2593 autem
2920 2538 3095 2608 ipsum
3140 2553 3171 2593 a
3212 2548 3429 2609 sumpto
3480 2540 3549 2593 de

1970 2627 2151 2698 impiis
2185 2628 2449 2699 supplicio
2477 2628 2631 2684 valde
2669 2630 3009 2685 immutatum
3041 2639 3290 2696 cernant,
3326 2645 3394 2684 ne
3421 2630 3547 2699 qui-

1970 2720 2090 2774 dem
2108 2734 2268 2776 nosse
2294 2721 2564 2788 videntur,
2592 2734 2752 2790 quem
2781 2721 2982 2785 laetum,
3018 2720 3366 2791 tranquillum
3398 2736 3549 2777 mane

1970 2822 2291 2882 suetumque
2327 2827 2448 2869 esse
2485 2812 2734 2869 sciebant
2766 2829 2779 2864 :
2814 2813 3167 2884 quamobrem
3196 2812 3545 2870 sciscitantur

1968 2905 2055 2961 his
2082 2905 2261 2961 verbis
2288 2922 2301 2957 :
2328 2924 2347 2959 ι
2377 2905 2508 2973 Quis
2545 2913 2627 2961 est
2649 2906 2749 2961 iste
2777 2906 2868 2976 qui
2902 2906 3050 2961 venit
3077 2906 3142 2960 de
3166 2904 3358 2971 Edom,
3378 2905 3543 2960 rubor

1969 2997 2415 3054 vestimentorum
2440 3000 2506 3054 de
2542 2998 2756 3055 Bosori
2789 3017 2911 3051 )-¢
2938 2994 3290 3069 Propugnans
3319 3015 3338 3050 ι
3372 2996 3541 3062 εηίιη,
3570 3052 3573 3053 ν

1969 3091 2267 3145 secundum
2305 3092 2713 3162 Symmachum,
2741 3106 2837 3163 pro
2868 3091 2958 3156 iis,
2990 3090 3080 3161 qui
3115 3090 3182 3144 ab
3215 3087 3542 3143 adversariis

1968 3185 2326 3253 potestatibus
2373 3183 2774 3257 afﬂigehantur,
2831 3184 2951 3241 illos
2994 3183 3212 3254 quidem
3265 3192 3327 3237 ut
3357 3182 3545 3237 hostes

1966 3272 2277 3339 invadebat,
2313 3274 2415 3331 hos
2446 3284 2630 3330 autem
2671 3276 2845 3332 salute
2878 3275 3138 3343 donabat,
3176 3274 3244 3329 ab
3291 3272 3543 3329 inimico:

1965 3381 2084 3422 rum
2114 3367 2353 3439 potentia
2392 3376 2631 3440 ereptos.

2040 3525 2203 3583 Vens.
2235 3526 2289 3581 2.
2334 3545 2354 3580 ι
2376 3527 2555 3596 Quare
2587 3528 2755 3584 rubra
2790 3528 3116 3584 vestimenta
3143 3534 3253 3593 tua,
3293 3534 3348 3581 ει
3382 3524 3542 3580 indu-

1965 3629 2147 3675 menta
2184 3630 2271 3675 tua
2324 3626 2480 3691 quasi
2526 3640 2555 3677 a
2606 3623 2811 3679 calcato
2849 3622 3152 3679 torculari?
3184 3620 3386 3676 Plenus
3412 3636 3542 3675 con-

1963 3712 2197 3771 culcata.
2227 3734 2247 3768 ι
2273 3715 2408 3772 Vide
2449 3719 2718 3788 quomodo
2750 3718 2896 3773 solus
2927 3714 3168 3771 torcular
3192 3712 3548 3768 conculcasso

1963 3810 2193 3867 dicatur.
2238 3810 2348 3882 Ipsi
2401 3823 2642 3880 namque
2686 3810 2789 3865 soli
2834 3809 3097 3880 judicium
3147 3814 3297 3869 dedit
3331 3813 3539 3867 Pater:

1962 3914 2308 3973 peccatorum
2341 3918 2471 3959 vero
2500 3904 2760 3959 ultionem
2789 3905 3026 3959 torcular
3048 3906 3322 3976 appellare
3351 3906 3491 3961 solet
3523 3922 3540 3962 :

1962 4012 2135 4067 quare
2166 3997 2221 4051 in
2259 3996 2495 4052 Threnis
2526 3996 2600 4049 ait
2624 3994 2929 4053 Jeremias:
2964 4016 2983 4049 ι
3011 3997 3275 4053 Torcular
3310 3996 3542 4052 calcavit

1964 4088 2222 4144 Dominus
2244 4089 2440 4159 virgini
2475 4090 2598 4144 filia:
2622 4089 2759 4144 J‘uda
2790 4108 2803 4144 ε
2829 4107 2993 4161 super
3026 4091 3114 4145 his
3136 4105 3235 4161 ego
3254 4089 3406 4161 ploro
3431 4088 3497 4147 “.
3515 4107 3534 4141 ι

1961 4181 2430 4247 Quemadmodum
2484 4190 2664 4236 autem
2717 4181 3000 4237 confertim
3054 4182 3254 4236 habita:
3287 4190 3540 4252 peccato-

1962 4290 2078 4329 rum
2114 4288 2310 4345 pmnrc,
2349 4274 2677 4343 redargutio,
2700 4273 2834 4329 ultio
2885 4286 2940 4329 et
2971 4274 3292 4345 supplicium
3357 4283 3540 4331 torcu-

1960 4364 2043 4418 lar
2069 4375 2377 4432 vocantur;
2410 4364 2486 4419 ita
2516 4372 2571 4419 et
2601 4364 2866 4419 bonorum
2895 4364 3164 4419 fructuum
3195 4381 3260 4420 ex
3284 4366 3422 4420 bona
3456 4366 3538 4419 vi-

1961 4470 2061 4511 nea
2086 4456 2485 4526 decerptorum,
2518 4454 2627 4509 Deo
2654 4454 2907 4508 amabilia
2934 4464 2987 4508 et
3016 4454 3209 4523 placita
3240 4454 3537 4511 toreularia

1889 4584 1935 4640 υ
1959 4555 2223 4618 parantur
2249 4563 2263 4599 :
2290 4562 2392 4617 qua
2423 4547 2488 4601 de
2514 4560 2676 4604 causa
2710 4545 2892 4614 hymni
2923 4562 2941 4595 ι
2982 4546 3089 4599 Pro
3121 4547 3483 4603 torcularibus
3512 4566 3532 4600 ι

1958 4640 2213 4693 dicuntur
2260 4639 2313 4693 in
2364 4638 2616 4693 Psalmis.
2647 4656 2664 4689 ι
2696 4639 2875 4703 Quare
2906 4636 3069 4691 rubra
3110 4639 3452 4704 vestimenta,
3482 4647 3539 4693 et

1956 4731 2274 4788 indumenta
2328 4743 2415 4788 tna
2470 4734 2624 4803 quasi
2671 4748 2699 4787 a
2747 4732 2959 4789 calcato
3009 4732 3307 4787 torculari?
3339 4731 3537 4786 Plenus

1956 4824 2292 4881 conculcata.
2322 4844 2340 4878 ι
2387 4826 2730 4882 Vestimenta
2759 4841 2924 4896 porro
2948 4826 3212 4893 inquinat,
3250 4825 3322 4879 ita
3351 4835 3407 4877 ut
3434 4839 3528 4876 rn-

1954 4918 2087 4973 bore
2139 4918 2437 4990 tingantur,
2497 4935 2856 4991 prosopopma
2906 4936 3038 4978 usus
3094 4920 3412 4988 aptissima;
3472 4926 3530 4969 ut

1955 5010 2122 5064 etiam
2178 5022 2298 5065 cum
2334 5010 2401 5065 de
2454 5012 2719 5083 sanguine
2760 5014 3106 5071 inimicorum
3140 5016 3213 5069 ita
3244 5011 3523 5080 loquitur:

1959 5116 1980 5152 ι
2011 5099 2075 5153 Ει
2106 5099 2303 5157 deduxi
2344 5106 2663 5172 sanguinem
2707 5121 2901 5162 eorum
2936 5108 2987 5162 in
3036 5117 3254 5162 terram.
3286 5122 3305 5154 ι
3343 5101 3528 5170 Neque

1953 5192 2096 5247 enim
2142 5194 2195 5247 in
2242 5195 2571 5251 adversariis
2627 5199 2988 5267 potestatibus
3041 5195 3355 5267 sanguinem
3408 5208 3535 5248 esse

1952 5288 2297 5357 cogitandum
2323 5298 2427 5344 est.

2024 5380 2187 5437 Vens.
2218 5381 2271 5436 5.
2315 5402 2333 5435 ι
2362 5383 2429 5438 Et
2459 5383 2522 5438 de
2556 5383 2804 5448 gentibus
2839 5397 2945 5438 non
2979 5391 3061 5437 est
3096 5381 3178 5435 vir
3202 5380 3529 5441 mecnmJﬁt

1951 5472 2263 5529 coneulcavi
2308 5489 2403 5529 eos
2457 5475 2508 5529 in
2563 5474 2747 5529 furore
2790 5490 2926 5536 meo,
2958 5482 3011 5527 et
3051 5471 3288 5544 confregi
3337 5474 3433 5527 eos
3473 5473 3525 5525 in

1954 5574 2177 5630 terram,
2207 5574 2261 5621 et
2309 5566 2509 5621 deduxi
2548 5568 2866 5635 sanguinem
2922 5580 3108 5621 eorum
3148 5566 3199 5620 in
3246 5574 3465 5621 terram.
3502 5581 3522 5614 ι

1954 5658 2085 5715 Nam
2133 5659 2256 5730 quia
2312 5660 2459 5729 prius
2520 5674 2623 5714 non
2674 5658 2863 5715 domiti
2913 5674 3053 5727 esse,
3092 5672 3189 5714 nec
3237 5657 3525 5713 victoriam
