3968 6562
410 382 514 440 503

1073 377 1345 435 EUSEBII
1374 377 1860 436 CAESARIENSIS
1898 379 2049 437 OPP.
2092 378 2272 436 PARS
2321 379 2410 435 111.
2447 408 2516 420 -
2545 379 2952 437 EXEGETICA.

3539 386 3697 441 50$

410 506 706 563 concedere
739 503 1082 564 videbantur,
1120 499 1243 569 iure
1273 498 1516 554 devictos
1547 497 1668 552 illos
1710 513 1774 553 ac
1817 497 1961 567 deje-

2088 494 2206 552 ;ῐναι
2233 499 2326 552 καὶ
2365 498 2530 569 μηδὲν
2567 496 3023 570 παραχωροῦντες
3050 496 3147 566 τῆς
3183 498 3369 570 νίκης,
3398 499 3694 564 εἰκότως,-

409 609 526 655 ctos
559 595 926 656 subindicans,
961 591 1039 645 ait
1069 590 1121 643 in
1150 598 1353 644 terram
1388 589 1655 659 dejectam
1690 588 1858 645 fuisse
1892 590 1972 644 vi-

408 689 631 746 ctoriam
661 700 868 740 eorum.
908 700 926 732 ι
953 682 1021 735 Ει
1057 680 1301 751 confregi
1331 695 1427 736 eos
1452 681 1504 735 in
1534 689 1755 746 terram,
1788 689 1842 735 et
1873 682 1970 737 de-

406 782 533 835 duxi
565 777 881 848 sanguinem
917 788 1105 830 eorum
1138 774 1190 828 in
1220 770 1442 830 terram.
1472 792 1491 825 ι

476 957 639 1013 Vsus.
679 956 734 1010 4.
775 975 801 1007 ιν
819 955 944 1010 Dies
976 953 1119 1009 enim
1159 952 1533 1007 retributionis
1588 952 1737 1006 venit
1787 950 1884 1014 eis,
1920 960 1974 1005 et

401 1063 577 1104 annus
612 1046 1004 1117 redemptionis
1045 1046 1218 1099 adest.
1255 1063 1273 1096 ι
1315 1044 1589 1112 Siquidem
1620 1058 1725 1097 uno
1764 1043 1975 1097 eodem-

402 1151 507 1205 que
556 1146 798 1206 tempore
856 1149 984 1190 suos
1028 1134 1293 1199 redimet;
1325 1132 1445 1186 aliis
1500 1147 1629 1187 vero
1688 1134 1968 1195 retribuet,

403 1234 566 1295 prout
605 1226 745 1296 apud
789 1224 1013 1296 Moysen
1067 1223 1332 1293 scriptum
1384 1232 1511 1278 est:
1550 1242 1575 1275 ε»
1595 1224 1661 1277 Et
1713 1224 1976 1278 retribuet

401 1322 694 1376 vindictam
746 1321 1003 1386 inimicis,
1063 1329 1117 1376 et
1157 1321 1467 1375 odientibus
1520 1336 1581 1375 se
1614 1320 1916 1374 retribuet:
1949 1339 1969 1372 ι

403 1413 856 1483 quemadmodum
892 1412 997 1478 iis,
1021 1412 1111 1481 qui
1146 1413 1405 1481 pietatem
1432 1412 1735 1477 coluerunt,
1771 1411 1971 1466 Serva-

403 1516 494 1561 tor
524 1520 647 1560 cum
696 1504 945 1559 mercede
997 1519 1093 1559 sua
1127 1504 1345 1559 venisse
1396 1504 1619 1567 dicitur,
1653 1513 1709 1557 ut
1754 1503 1972 1573 prmmia

402 1598 688 1663 tribueret,
716 1605 770 1652 et
795 1595 979 1651 bravia
1010 1610 1257 1664 supernae
1286 1596 1581 1651 vocationis
1626 1596 1694 1649 iis
1741 1596 1831 1664 qui
1877 1611 1975 1666 pro

403 1690 603 1760 pietate
657 1688 1022 1754 certaverint;
1060 1688 1134 1742 ita
1187 1698 1241 1742 et
1297 1687 1477 1757 impiis
1542 1695 1597 1742 et
1641 1688 1973 1742 contrariam

402 1785 547 1837 viam
597 1781 835 1837 emensis
876 1781 990 1851 ipse
1022 1782 1183 1836 timor
1239 1780 1471 1843 accedit,
1507 1789 1563 1834 et
1590 1788 1813 1834 ventura
1842 1778 1975 1833 ultio

2072 593 2171 663 τὴν
2208 586 2377 664 ἧτταν
2411 592 2502 644 καὶ
2530 590 2628 661 τὴν
2660 591 2986 645 ταπείνωσιν
3020 589 3199 644 αὐτῶν
3226 591 3690 663 αίνιτττόμενος,

2074 684 2270 754 φάσκει
2303 684 2381 746 είς
2407 683 2511 753 γῆν
2539 682 2954 753 κατενηνοχέναι
2989 680 3049 734 τὸ
3076 683 3223 745 νῖκος
3252 682 3451 736 αὐτῶν.
3483 703 3502 736 ι
3535 686 3684 739 Καὶ

2072 775 2427 845 κατεπάτησα
2453 773 2650 837 αὐτοὺς
2680 774 2755 838 ὡς
2782 773 2914 843 γῆν,
2939 774 3037 827 καὶ
3066 775 3379 845 κατήγαγον
3406 776 3467 829 τὸ
3505 772 3679 848 αἷμα

2073 867 2251 921 αὐτῶν
2289 869 2368 931 είς
2400 866 2524 937 γῆν.
2569 887 2588 919 ι

2148 977 2169 1009 ι
2221 958 2431 1030 Ἡμέρα
2462 957 2571 1029 γὰρ
2616 958 3026 1022 ἀνταποδόσεως
3064 958 3299 1031 ἐπῆλθεν
3338 960 3522 1025 αὐτοῖς
3557 961 3682 1016 καὶ

2074 1052 2318 1117 ἐνιαυτὸς
2351 1052 2670 1123 λυτρώσεως
2703 1052 2956 1122 πάρεστι.
2996 1071 3015 1105 ι
3061 1052 3148 1106 Ἐν
3178 1053 3360 1124 ταυτῷ
3390 1054 3499 1126 γάρ
3523 1056 3678 1118 τοὺς

2078 1145 2177 1216 μὲν
2202 1144 2434 1209 οἰκείους
2482 1143 2833 1217 λυτρώσεται,
2870 1146 2981 1208 τοῖς
3012 1144 3067 1198 δέ
3091 1144 3479 1209 ἀνταποδώσει,
3510 1144 3680 1198 κατὰ

2073 1236 2134 1289 τὸ
2161 1236 2447 1307 είρημένον
2473 1236 2624 1308 παρά
2654 1236 2880 1307 Μωῦσῆ·
2912 1255 2930 1287 ι
2953 1236 3061 1289 Kal
3103 1235 3468 1289 ἀνταποδώσει
3495 1236 3677 1308 δίκην

2074 1331 2187 1393 τοῖς
2244 1328 2488 1401 ἐχθροῖς,
2546 1330 2639 1383 καὶ
2684 1332 2800 1393 τοῖς
2857 1326 3105 1400 μισοῦσιν
3176 1328 3567 1383 ἀνταποδώσει.
3639 1348 3669 1382 ι

2079 1423 2287 1495 Ὠσπερ
2327 1426 2439 1487 τοῖς
2474 1422 2851 1496 κατορθώσασι
2896 1424 2998 1496 τὴν
3043 1422 3350 1477 θεοσέϐειαν
3395 1424 3424 1475 6
3459 1423 3683 1495 Σωτὴρ

2076 1515 2291 1582 ἐλέγετο
2328 1514 2662 1585 ἐληλυθέναι,
2697 1514 2833 1587 ἔχων
2862 1515 2955 1569 τὸν
2983 1513 3175 1568 ἐαυτοῦ
3212 1514 3420 1584 μισθὸν,
3459 1514 3536 1578 ὡς
3585 1514 3681 1569 ἂν

2077 1605 2175 1669 τὰς
2200 1605 2431 1677 ἀμοιϐὰς
2458 1607 2640 1678 ἀποδῷ
2670 1609 2764 1661 καὶ
2787 1606 2857 1660 τὰ
2884 1606 3113 1679 βραδεῖα
3150 1609 3246 1676 τῆς
3273 1607 3383 1660 ἀνω
3408 1606 3677 1677 κλήσεως

2075 1699 2189 1763 τοῖς
2230 1698 2370 1771 ὑπὲρ
2405 1698 2685 1763 εὐσεϐείας
2720 1698 3143 1770 ἠγωνισμένοις·
3180 1697 3323 1750 οὕτω
3361 1700 3474 1761 τοῖς
3521 1699 3677 1752 ἀσε-

2080 1789 2198 1843 ϐέσι
2228 1790 2321 1844 καὶ
2352 1791 2451 1862 τὴν
2481 1790 2724 1844 ἐναντίαν
2746 1790 2862 1845 ὁδὸν
2888 1789 3271 1862 πορευομένοις
3294 1791 3321 1842 6
3352 1788 3511 1853 αὐτός
3538 1790 3675 1867 ἐστι

400 1873 732 1944 przedicitur.
790 1872 907 1926 «Et
956 1871 1224 1926 retribuet
1284 1870 1576 1925 vindictam
1636 1869 1891 1934 inimicis,
1923 1880 1977 1924 et

2088 1880 2242 1949 φόϐος
2282 1881 2376 1934 καὶ
2414 1880 2476 1933 τὸ
2512 1881 2883 1952 τιμωρητικὸν
2920 1879 3068 1950 ἥξειν
3102 1879 3434 1943 θεσπίζεται.
3484 1898 3503 1930 ι
3542 1878 3677 1930 Καὶ

401 1967 711 2022 odientibns
739 1981 797 2021 se
828 1964 1111 2021 retribuet.

471 2147 639 2202 νεεδ.
667 2146 733 2210 5,
756 2144 810 2199 6.
843 2163 861 2194 ι
888 2144 954 2199 Et
1002 2144 1212 2214 aspexi,
1244 2151 1299 2199 et
1348 2158 1453 2217 non
1485 2152 1603 2216 erat
1639 2145 1971 2201 auxiliator:

400 2245 456 2292 et
503 2236 868 2301 consideravi,
928 2245 984 2292 et
1042 2236 1218 2290 nullus
1269 2245 1408 2301 erat,
1436 2236 1528 2305 qui
1578 2236 1881 2305 adjuvaret.
1909 2238 1974 2291 Et

399 2328 543 2384 eruit
581 2342 677 2383 eos
712 2328 998 2382 brachium
1034 2342 1236 2395 meum,
1289 2338 1343 2382 et
1393 2326 1543 2384 l‘uror
1591 2344 1743 2384 meus
1778 2330 1970 2384 adfuit.

398 2419 468 2474 Et
499 2419 813 2475 conculcavi
837 2434 932 2475 eos
970 2420 1024 2474 in
1058 2422 1138 2475 ira
1163 2436 1303 2488 mea,
1337 2435 1392 2477 et
1432 2421 1628 2477 deduxi
1654 2426 1972 2491 sanguinem

402 2525 593 2567 eorum
625 2512 680 2565 in
712 2518 933 2565 terram.
967 2530 988 2563 ι
1027 2510 1136 2567 Cur
1162 2513 1278 2568 haec
1305 2513 1560 2568 dicantur
1586 2514 1970 2585 intelligemus,

400 2605 446 2658 si
474 2604 894 2673 perpendamus,
936 2606 1205 2673 quomodo
1245 2607 1362 2677 ipse
1404 2606 1553 2663 solus
1584 2622 1703 2663 sese
1743 2622 1974 2662 evacua-

398 2696 562 2762 verit,
611 2697 787 2752 forma
831 2698 972 2756 servi
1021 2704 1263 2768 accepta,
1327 2713 1389 2753 ac
1439 2713 1560 2755 sese
1608 2699 1977 2755 humiliaverit

399 2788 583 2843 laetus
626 2788 890 2844 obediens
930 2804 1104 2858 usque
1142 2789 1209 2844 ad
1250 2800 1503 2856 mortem,
1537 2801 1766 2846 mortem
1794 2800 1972 2845 autem

401 2879 601 2936 crucis.
652 2879 786 2935 Nam
842 2896 961 2950 qua:
994 2881 1173 2936 nullus
1228 2898 1465 2953 unquam
1521 2884 1824 2947 hominum,
1875 2898 1975 2939 nec

404 2973 743 3044 angelorum,
778 2988 881 3029 nec
913 2975 1218 3030 divinarum
1261 2978 1521 3032 virtutum
1546 2978 1825 3041 sustinuit,
1862 2978 1976 3046 ipse

400 3066 552 3122 solus
588 3081 687 3137 pro
739 3066 918 3121 salute
943 3076 1125 3122 nostra
1150 3068 1374 3124 exhibet
1404 3086 1419 3125 :
1455 3085 1519 3124 ac
1552 3070 1651 3140 ipsi
1680 3069 1778 3124 soli
1810 3069 1974 3124 Pater

401 3176 598 3217 nomen
626 3161 795 3224 dedit.
823 3163 968 3231 quod
1000 3171 1083 3218 est
1128 3177 1294 3232 super
1327 3179 1487 3219 omne
1517 3178 1735 3225 nomen,
1769 3178 1832 3219 ac
1860 3180 1975 3217 om-

2080 1969 2446 2024 ἀνταποδώσει
2491 1970 2644 2041 δίκην
2681 1974 2793 2035 τοῖς
2840 1970 3071 2042 ἐχθροῖς,
3118 1971 3212 2023 καὶ
3253 1972 3365 2033 τοῖς
3409 1968 3677 2041 μισοῦσιν

2080 2061 2467 2117 ἀνταποδώσει.
2508 2082 2524 2113 ο

2156 2172 2174 2205 ι
2216 2154 2327 2207 Kal
2377 2153 2670 2223 ἐπέϐλεψα,
2708 2155 2803 2207 καὶ
2845 2154 2945 2208 οὐκ
2985 2149 3053 2222 ἦν
3101 2152 3317 2224 βοηθός·
3360 2155 3454 2207 καὶ
3492 2170 3683 2224 προσ-

2081 2239 2297 2311 ενόησα,
2326 2240 2420 2293 κα)⁵
2446 2240 2620 2304 οὐδεὶς
2635 2241 3086 2313 ἀντελαμϐάνετο.
3126 2244 3234 2297 Kal
3260 2242 3529 2313 ἐρρύσατο
3560 2243 3675 2295 αὑ⁸

2080 2331 2205 2395 τοὺς
2234 2333 2262 2385 ὁ
2295 2330 2536 2404 βραχίων
2573 2328 2696 2403 μου,
2736 2335 2828 2388 καὶ
2873 2336 2901 2387 6
2935 2334 3104 2405 θυμός
3137 2352 3236 2405 μου
3279 2334 3503 2405 ἐπέστη.
3548 2334 3676 2387 Kal

2082 2421 2437 2493 κατεπάτησα
2471 2422 2667 2486 αὐτοὺς
2690 2426 2757 2495 τῇ
2789 2423 2925 2495 ὀργῇ
2966 2441 3089 2494 μου,
3125 2424 3219 2477 καὶ
3252 2424 3565 2495 κατήγαγον
3595 2423 3681 2476 τὸν

2082 2511 2221 2583 αἷμα
2245 2513 2423 2568 αὐτῶν
2451 2516 2531 2579 εἰς
2567 2518 2688 2587 γῆν.
2733 2534 2752 2567 ι
2789 2516 3072 2587 Νοήσομεν
3098 2514 3153 2567 δέ
3200 2514 3315 2579 πῶς
3346 2518 3374 2569 ό
3397 2514 3551 2583 λόγος
3576 2513 3672 2567 εἷ-

2082 2622 2265 2677 ρηται,
2300 2608 2692 2677 ἐπιστήσαντες
2722 2606 2839 2670 πῶς
2873 2608 3031 2678 μόνος
3059 2608 3220 2671 αὐτὸς
3243 2608 3505 2660 ἐκένωσεν
3530 2607 3675 2659 ἐαυ-

2079 2698 2171 2750 τδν
2207 2697 2419 2767 μορφὴν
2466 2696 2651 2749 δούλου
2696 2696 2910 2762 λαϐὼν,
2947 2696 3043 2749 καὶ
3072 2696 3434 2749 ἐταπείνωσεν
3469 2694 3669 2749 ἐαυτὸν

2082 2788 2321 2859 ὑπήκοος
2349 2788 2639 2859 γενόμενος
2671 2787 2832 2859 μέχρι
2870 2787 3120 2852 θανάτου,
3143 2786 3372 2841 θανάτου
3404 2785 3461 2837 δέ
3494 2800 3668 2845 σταυ-

2084 2883 2198 2954 ροῦ.
2235 2883 2303 2935 Ἀ
2328 2880 2436 2954 γὰρ
2461 2882 2634 2945 οὐδεὶς
2657 2880 2876 2934 πώποτε
2903 2880 3226 2952 ἀνθρώπων,
3243 2878 3364 2932 οὐδέ
3390 2877 3666 2946 ἀγγέλων,

2081 2975 2202 3029 οὐδέ
2228 2975 2337 3028 τῶν
2369 2974 2526 3028 θείων
2554 2975 2835 3045 δυνάμεων
2867 2972 3097 3043 ὑπέστη,
3139 2972 3296 3044 μόνος
3328 2970 3490 3032 αὐτὸς
3517 2968 3671 3040 ὑπὲρ

2081 3067 2181 3137 τῆς
2207 3066 2480 3137 ἡμετέρας
2503 3065 2878 3119 ἀναδείκνυται
2902 3065 3194 3134 σωτηρίας,
3225 3064 3317 3117 καὶ
3341 3062 3485 3133 μόνῳ
3509 3060 3669 3131 αὐτῷ

2080 3165 2109 3215 6
2140 3160 2329 3232 Πατὴρ
2362 3160 2652 3231 ἐχαρίσατο
2688 3160 2749 3212 τὸ
2775 3159 2947 3229 ὄνομα
2975 3159 3034 3211 τὸ
3063 3157 3204 3228 ὑπὲρ
3236 3158 3341 3209 πᾶν
3367 3156 3535 3225 ὄνομα
3567 3156 3669 3207 καὶ

400 3254 552 3308 nium
611 3251 715 3322 ipsi
764 3252 1029 3321 judicium
1089 3255 1325 3309 tradidit.
1371 3255 1468 3310 Ille
1510 3270 1660 3319 vero,
1694 3264 1913 3325 accepta
1945 3272 1973 3309 a

2088 3253 2177 3324 τὴν
2202 3253 2342 3305 κατά
2378 3254 2595 3306 πάντων
2628 3252 2807 3322 κρίσιν
2835 3251 3182 3322 ἐνεχείρισεν·
3211 3250 3239 3301 ὁ
3262 3249 3340 3313 δέ,
3372 3248 3469 3319 τὴν
3506 3247 3671 3320 παρά

400 3346 567 3401 Patre
614 3355 912 3415 potestate,
966 3346 1102 3402 alios
1141 3347 1358 3416 quidem
1409 3348 1577 3414 eruit,
1607 3363 1747 3417 quos
1800 3346 1976 3401 salute

402 3436 657 3504 donavit;
694 3438 942 3494 inimicos
992 3446 1176 3493 autem
1210 3447 1267 3492 et
1313 3440 1657 3496 adversarios
1690 3441 1743 3494 in
1796 3439 1974 3510 fugam

403 3530 589 3585 vertit.
1370 3530 1385 3553 ‘

474 3626 712 3688 Vens.7,
731 3624 785 3679 8.
816 3622 1228 3680 «Misericordiae
1258 3622 1468 3678 Domini
1494 3625 1811 3681 recordatus
1837 3640 1976 3689 sum,

404 3718 666 3772 virtutum
712 3716 923 3772 Domini
965 3716 1022 3770 in
1060 3717 1475 3784 omnibus,qua>.
1516 3716 1767 3771 retribuit
1800 3716 1975 3772 nobis.

409 3807 676 3863 Dominus
704 3806 871 3875 iudex
904 3806 1081 3860 bonus
1124 3804 1310 3860 domui
1342 3804 1531 3872 Israel,
1568 3806 1789 3860 adducit
1824 3807 1979 3861 nobis

406 3896 706 3955 secundum
742 3895 1176 3951 misericordiam
1212 3910 1387 3961 suam,
1415 3905 1469 3949 et
1498 3895 1794 3951 secundum
1841 3897 1978 3949 mul-

406 3990 692 4049 titudinem
735 3988 962 4057 iustitia:
1004 4004 1132 4043 suae.
1161 3988 1229 4042 Et
1259 3989 1396 4042 dixit
1430 4005 1441 4041 :
1469 3986 1585 4043 Non
1620 3990 1852 4058 populus
1885 4005 1979 4059 po-

404 4082 562 4154 pulus
617 4096 772 4137 mcns
827 4081 972 4136 :lilii
1024 4094 1365 4150 nequaquam
1426 4081 1847 4150 repudiaverim.
1914 4081 1982 4135 Et

405 4175 581 4230 factus
609 4184 693 4229 est
726 4174 858 4244 ipsis
915 4175 968 4227 in
1023 4174 1276 4228 salutem.
1301 4191 1318 4223 ι
1365 4171 1511 4235 Haec,
1568 4172 1767 4242 inquit,
1797 4173 1977 4227 omnia

404 4267 763 4331 recordabor,
782 4265 1209 4336 magnitudinem
1230 4262 1486 4318 bonitatis
1513 4276 1624 4337 suae
1648 4278 1936 4319 recensens
1961 4280 1974 4315 :

407 4360 547 4413 hanc
586 4376 715 4414 vero
748 4360 983 4413 maxime
1026 4357 1256 4427 gratiam
1292 4355 1551 4424 elargitus
1579 4365 1684 4421 est,
1721 4368 1780 4409 ut
1808 4372 1978 4425 popu-

408 4450 519 4503 lum
551 4449 691 4504 ﬁlios
722 4459 943 4504 vocaret
978 4464 1129 4513 suos,
1158 4450 1205 4502 si
1236 4458 1413 4501 tamen
1466 4446 1539 4499 illi
1566 4447 1795 4516 gratiam
1824 4463 1977 4503 suam

411 4558 519 4597 non
551 4541 976 4610 repudiaverim.

479 4632 642 4686 Vens.
679 4632 834 4686 9-16.
878 4630 993 4687 «Ex
1046 4630 1192 4685 omni
1241 4628 1583 4683 tribulatione
1641 4644 1828 4685 eorum
1873 4647 1980 4689 non

410 4723 652 4793 legatus,
698 4737 803 4777 non
853 4719 1112 4789 angelus,
1157 4720 1250 4774 sed
1303 4719 1416 4786 ipse
1447 4719 1673 4773 salvavit
1708 4735 1821 4783 eos,
1858 4722 1981 4790 quia

412 4812 669 4884 diligebat
709 4827 823 4877 eos,
848 4822 903 4865 et
930 4815 1190 4879 parcebat
1235 4812 1333 4865 eis.
1368 4812 1483 4880 Ipse
1520 4812 1749 4865 redemit
1783 4826 1899 4878 eos,
1930 4824 1985 4868 et

414 4906 673 4976 suscepit,
708 4914 763 4960 et
792 4904 1053 4958 exultavit
1097 4919 1192 4956 eos
1243 4904 1497 4955 omnibus
1550 4902 1739 4958 diebus
1776 4905 1980 4960 saeculi.

411 4998 515 5067 lpsi
546 5007 723 5051 autem
761 5012 865 5050 non
892 4995 1256 5056 crediderunt,
1294 5003 1348 5048 et
1377 4994 1842 5053 exacerbaverunt
1869 4999 1983 5068 spi-

414 5094 576 5145 ritum
613 5100 860 5146 sanctum
883 5086 1000 5156 ejus
1034 5102 1048 5137 :
1086 5095 1141 5141 et
1187 5100 1481 5140 conversus
1515 5099 1595 5140 est
1627 5089 1757 5157 ipsis
1790 5091 1843 5143 in
1886 5092 1985 5144 ini—

414 5186 673 5241 micitiam
700 5202 714 5237 :
738 5184 850 5253 ipse
874 5182 1195 5251 oppugnavit
1221 5182 1408 5235 cos.Et
1427 5184 1739 5237 recordatus
1766 5194 1848 5239 est
1874 5187 1991 5240 dic-

414 5295 535 5332 rum
569 5288 918 5331 aeternorum.
956 5274 1055 5329 Ubi
1083 5274 1277 5341 estqui
1323 5274 1511 5327 eduxit
1540 5274 1605 5328 de
1637 5276 1769 5328 mari
1816 5286 1991 5344 pasto-

414 5386 527 5425 rem
577 5368 799 5424 ovium?
831 5369 933 5424 Ulli
976 5377 1055 5421 est
1097 5367 1185 5436 qui
1233 5367 1411 5435 posuit
1456 5368 1506 5419 in
1565 5367 1695 5435 ipsis
1727 5367 1986 5435 Spiritum

414 5461 702 5516 sanctum?
736 5463 825 5529 qui
890 5460 1075 5514 eduxit
1130 5458 1353 5512 dextera
1406 5458 1653 5527 Moysen,
1708 5461 1987 5514 brachium

416 5554 597 5623 gloriae
624 5555 784 5620 ejus?
811 5552 1096 5607 Prwvaluit
1117 5569 1254 5621 aqua
1288 5568 1315 5605 a
1351 5552 1492 5605 facie
1516 5554 1654 5618 ejus,
1692 5564 1745 5605 ut
1791 5551 1994 5606 faceret

418 5646 515 5698 sibi
554 5660 747 5699 nomen
784 5644 1197 5712 sempiternum.
1248 5645 1412 5699 Duxit
1445 5661 1538 5700 eos
1574 5662 1669 5715 per
1713 5649 1988 5715 abyssum,

419 5747 673 5805 utinquam
732 5752 927 5803 equum
984 5753 1078 5804 per
1126 5737 1497 5803 solitudinem,
1542 5754 1715 5806 neque
1777 5740 1990 5792 labora-

423 5840 568 5894 runt,
600 5840 653 5885 et
692 5840 945 5898 tanquam
999 5829 1239 5899 iumenta
1277 5848 1372 5901 per
1425 5847 1654 5901 .ampuiu
1714 5832 1992 5889 dcsccudit

2080 3346 2293 3416 Πατρὸς
2334 3343 2514 3398 λαϐὼν
2540 3344 2811 3411 ἐξουσίαν,
2852 3346 2979 3408 τοὺς
3018 3345 3114 3415 μὲν
3149 3343 3392 3416 ἐρρύετο,
3420 3341 3513 3405 οὓς
3553 3359 3633 3395 σω

2079 3436 2273 3508 τηρίας
2316 3436 2490 3505 ἠξίου,
2528 3437 2655 3500 τοὺς
2687 3436 2745 3488 δέ
2791 3435 3081 3507 πολεμίους
3124 3437 3217 3488 καὶ
3255 3435 3382 3497 τοὺς
3433 3433 3667 3504 ἐχθροὺς

2080 3532 2139 3584 ἐτ
2149 3529 2400 3601 ροποῦτο.

2156 3642 2174 3674 ι
2221 3621 2324 3675 Τὸν
2355 3621 2500 3675 ἔλεον
2530 3622 2734 3693 Κυρίου
2769 3622 3065 3694 ἐμνήσθην,
3096 3620 3195 3684 τὰς
3224 3621 3425 3693 ἀρετὰς
3454 3618 3667 3691 Κυρίου

2080 3716 2137 3767 ἐν
2166 3715 2350 3777 πᾶσιν,
2379 3708 2460 3776 οἷς
2482 3715 2612 3790 ἡμῖν
2638 3714 3045 3768 ἀνταποδίδωσι.
3083 3714 3284 3786 Κύριος
3313 3712 3501 3783 κριτὴς
3526 3713 3668 3778 ἀγα-

2082 3808 2173 3872 θδς
2202 3806 2279 3877 τῷ
2304 3806 2439 3877 οἴκῳ
2479 3806 2717 3877 Ἰσραὴλ,
2746 3806 2941 3875 ἐπάγει
2966 3808 3097 3876 ἡμῖν
3130 3805 3272 3860 κατά
3300 3806 3360 3857 τὸ
3394 3803 3540 3865 ἕλεος
3566 3804 3665 3856 αὐ-

2080 3900 2196 3963 τοῦ,
2225 3899 2320 3953 καὶ
2350 3896 2493 3953 κατά
2518 3897 2580 3951 τὸ
2612 3897 2815 3968 πλῆθος
2842 3898 2942 3967 τῆς
2967 3896 3311 3967 δικαιοσύνης
3339 3895 3523 3949 αὐτοῦ.
3553 3895 3671 3948 Kal

2081 3987 2261 4045 εἶπεν*
2298 3990 2410 4061 Οὐχ
2436 3991 2465 4042 6
2498 3988 2624 4052 λαὸς
2650 3988 2777 4051 λαός
2806 4005 2926 4059 μου’
2950 3988 3117 4042 τέκνα
3140 3988 3201 4039 οὑ
3231 3987 3304 4058 μὴ
3334 3985 3663 4056 ἀθετήσωσι.

2081 4084 2189 4139 Kal
2231 4082 2446 4151 ἐγένετο
2491 4080 2675 4143 αὐτοῖς
2713 4082 2791 4143 εἰς
2826 4080 3120 4151 σωτηρίαν.
3167 4098 3187 4132 ι
3227 4078 3409 4131 Ταῦτα
3457 4078 3663 4141 τοίνυν,

2082 4175 2234 4248 φησὶ,
2273 4173 2449 4227 πάντα
2481 4173 2777 4243 ἀναμνήσω
2823 4171 2892 4225 τὰ
2939 4172 3120 4244 πλήθη
3158 4168 3665 4240 καταριθμούμενος

2081 4272 2180 4341 τῆς
2220 4267 2579 4339 ἀγαθωσύνης
2612 4267 2778 4321 αὐτοῦ
2800 4309 2814 4334 ,
2854 4268 2912 4320 ἐν
2962 4262 3044 4330 οἷς
3080 4267 3176 4320 καὶ
3213 4265 3371 4320 τοῦτο
3407 4266 3669 4337 μέγιστον

2082 4365 2394 4436 ἐδωρήσατο
2428 4363 2708 4435 χάρισμα,
2743 4360 3087 4426 καταξιώσας
3121 4361 3287 4414 τέκνα
3334 4360 3497 4413 αὑτοῦ
3540 4361 3661 4413 ὀνο-

2087 4458 2257 4529 μάσαι
2284 4457 2375 4510 τὸν
2402 4457 2552 4522 λαὸν,
2588 4458 2636 4509 εί
2670 4455 2745 4527 μὴ
2776 4455 3019 4509 ἀθετοῖεν
3045 4454 3143 4524 τὴν
3172 4453 3335 4507 αὐτοῦ
3374 4452 3553 4524 χάριν.

2166 4665 2184 4697 ι
2239 4645 2332 4697 Ἐκ
2360 4642 2540 4711 πάσης
2566 4640 2795 4710 θλίψεως
2823 4639 3001 4694 αὐτῶν
3030 4639 3090 4693 οῦ
3124 4637 3383 4709 πρέσϐυς,
3418 4635 3539 4689 οὑδέ
3567 4635 3668 4704 ἀγ-

2087 4735 2262 4805 γελος,
2297 4733 2408 4786 ἀλλ’
2443 4732 2603 4794 αὐτὸς
2639 4732 2843 4805 ἔσωσεν
2871 4730 3084 4794 αὐτοὺς,
3113 4728 3201 4782 διά
3229 4728 3289 4781 τὸ
3325 4729 3543 4797 ἀγαπᾷν
3571 4727 3669 4780 αὑ·-

2086 4827 2211 4889 τοὺς
2236 4824 2328 4877 καὶ
2350 4822 2625 4892 φείδεσθαι
2651 4820 2850 4875 αὐτῶν.
2883 4820 3056 4883 Αὐτὸς
3080 4818 3420 4891 ἐλυτρώσατο
3444 4819 3664 4880 αὐτοὺς,

2088 4918 2182 4971 καί
2210 4915 2468 4969 ἀνέλαϐεν
2496 4915 2714 4977 αὐτοὺς,
2751 4914 2845 4967 καὶ
2891 4911 3105 4982 ὕψωσεν
3132 4911 3328 4975 αὐτοὺς
3357 4911 3538 4974 πάσας
3569 4912 3668 4974 τάς

2090 5006 2301 5077 ἡμέρας
2331 5004 2425 5059 τοῦ
2460 5006 2670 5067 αἰῶνος.
2717 5004 2880 5057 Αὐτοὶ
2912 5003 2968 5056 δὲ
3011 5001 3333 5072 ἠπείθησαν,
3380 5001 3473 5055 καὶ
3522 5018 3666 5073 παρ-

2091 5096 2299 5163 ώξυναν
2322 5097 2383 5149 τὸ
2408 5095 2632 5167 Πνεῦμα
2646 5095 2706 5148 τὸ
2726 5095 2877 5162 ἆγιον
2902 5092 3085 5147 αὐτοῦ’
3111 5092 3206 5148 καὶ
3228 5092 3467 5164 ἐστράφη
3486 5092 3670 5155 αὐτοῖς

2092 5190 2171 5252 είς
2198 5188 2395 5259 ἔχθραν
2420 5205 2433 5217 °
2465 5187 2624 5251 αὐτὸς
2654 5186 2992 5255 ἐπολέμησεν
3025 5184 3239 5249 αὐτούς.
3272 5185 3381 5238 Kal
3423 5183 3667 5254 ἐμνήσθη

2094 5279 2316 5349 ήμερών
2342 5279 2593 5332 αἰωνίων.
2624 5277 2734 5330 Ποῦ
2768 5279 2796 5329 6
2821 5277 3157 5340 ἀναϐιϐάσας
3190 5278 3253 5329 ἐκ
3276 5276 3372 5347 τῆς
3395 5274 3670 5344 θαλάσσης

2092 5374 2185 5426 τὸν
2212 5373 2440 5443 ποιμένα
2468 5372 2577 5424 τῶν
2617 5370 2937 5443 προϐάτων;
2973 5369 3082 5423 Ποῦ
3117 5372 3262 5422 ἐστιν
3286 5370 3314 5421 6
3345 5367 3455 5430 θεὶς
3484 5368 3541 5419 ἐν
3574 5365 3672 5419 αὐ-

2093 5468 2202 5527 τοῖς
2227 5465 2286 5517 τὸ
2307 5462 2529 5534 Πνεῦμα
2551 5463 2787 5531 τδ,ἀγιον
2808 5479 2822 5529 ;
2846 5464 2874 5515 6
2893 5461 3117 5531 ἀγαγὼν
3137 5463 3202 5532 τῇ
3231 5460 3381 5530 δεξιᾷ
3404 5458 3667 5527 Μωῡσῆν,

2091 5560 2120 5610 6
2160 5556 2395 5628 βραχίων
2438 5557 2538 5625 τῆς
2570 5554 2724 5628 δόξης
2770 5555 2966 5622 alb-:66;
3004 5554 3346 5623 Κατίσχυσεν
3383 5550 3528 5622 ὕδωρ
3561 5550 3671 5603 ἀπὸ

2092 5648 2379 5720 προσώπου
2434 5648 2632 5709 αὐτοῦ,
2696 5649 2918 5717 ποιῆσαι
2975 5646 3152 5715 ἐαυτῷ
3204 5645 3374 5715 ὄνομα
3426 5642 3665 5696 αἰώνιον.

2094 5741 2335 5807 Ἤγαγεν
2383 5738 2579 5801 αὐτοὺς
2619 5739 2684 5790 δι’
2718 5738 2977 5801 ἀϐύσσου,
3006 5737 3080 5799 ὼς
3120 5737 3284 5789 ἵππον
3332 5736 3400 5788 δι’
3434 5734 3664 5804 ἐρήμου,

2092 5831 2181 5882 καὶ
2210 5828 2308 5881 οὐκ
2342 5828 2657 5903 ἐκοπίασαν,
2696 5830 2785 5881 καὶ
2816 5827 2889 5890 ὡς
2922 5828 3088 5897 κτήνη
3123 5825 3208 5879 διὰ
3242 5825 3421 5879 πεδίου
3462 5821 3671 5892 κατέϐη
