1984 3256
112 166 163 195 505

582 168 833 199 COMMENTARIA
852 172 886 201 IN
906 172 1035 203 ISAIAM.
1054 192 1088 197 ——
1106 176 1180 205 CAP.
1200 176 1292 206 LXIII.

1704 183 1756 212 506

111 227 233 261 Πνεῦμα
258 225 332 262 παρὰ
345 226 459 262 Κυρίου,
475 227 523 253 καὶ
541 227 684 263 ὡδήγησεν
697 229 806 262 αὐτοὺς.
824 231 907 258 Οὕτως

969 233 1087 269 Spiritus
1109 243 1124 263 a
1144 236 1268 271 Domino,
1288 241 1316 266 et
1330 238 1443 267 deduxit
1455 246 1513 268 eos.
1527 238 1573 267 Sic
1587 240 1689 269 duxisti
1705 250 1753 277 po-

111 275 221 308 ἦγαγες
247 273 293 300 τὸν
310 273 373 299 λαόν
394 281 452 305 σου,
468 273 581 309 ποιῆσαι
598 274 703 310 σεαυτῷ
723 276 809 312 ὄνομα
824 277 912 313 δόξης.

116 319 309 355 Ἐπίστρεψον
327 320 359 345 ὲκ
381 318 428 346 τοῦ
448 319 573 355 οὐρανοῦ,
599 321 647 348 καὶ
666 322 703 348 ῐδε
723 322 755 348 ὲκ
775 323 822 349 τοῦ
839 323 914 350 οἷκου

110 366 156 392 τοῦ
177 366 266 400 ἁγίου
284 375 340 394 σου.
358 366 413 393 Ποῦ
437 366 510 393 ἐστιν
528 368 543 394 ὁ
564 367 644 403 me;
662 377 709 395 σου
729 370 777 395 καὶ
796 370 813 405 ὴ
838 370 914 405 ἰσχύς

111 421 176 443 sou;
195 412 259 438 [Ιοῦ
279 414 335 438 ἐστι
349 412 379 438 τὸ
394 412 493 447 πλῆθος
506 413 552 439 τοῦ
575 414 666 445 ἐλέους
680 423 737 447 σου,
755 416 802 441 καὶ
813 416 914 451 οἰκτιρ-

110 457 170 491 μῶν
203 464 268 487 σου,
292 457 332 483 ὅτι
362 456 474 490 ἀνέσχου
500 458 595 493 ήμῶν;
623 459 658 485 Σὺ
691 459 744 495 γὰρ
772 459 797 486 εἴ
820 461 913 496 Πατὴρ

108 502 204 536 ἡμῶν,
224 503 268 529 ὅτι
291 502 415 537 Ἀϐραὰμ
431 503 479 529 οὐκ
492 503 561 537 ἔγνω
580 505 662 538 ἡμᾶς,
679 505 725 531 καὶ
741 506 850 541 Ἰσραὴλ
865 507 913 534 οὐκ

107 547 226 581 ἐπέγνω
243 549 325 583 ἡμᾶς.
346 548 425 574 Ἀλλὰ
439 549 482 580 σὺ,
499 548 593 583 Κύριε,
612 550 706 585 Πατὴρ
726 550 814 585 ἡμῶν,
834 552 913 586 ῥῦσαι

107 593 196 627 ἡμᾶς,
217 593 267 619 ἀπ’
285 593 371 628 ἀρχῆς
386 593 415 619 τὸ
429 594 513 629 ὄνομα
530 603 575 621 σου
590 596 631 629 ἐφ’
646 597 720 630 ἡμᾶς
733 597 801 623 ἐστι.
818 607 827 622 ι
844 598 912 633 Ἤδη

108 638 164 674 γὰρ
186 639 241 666 καὶ
256 639 349 666 ἄλλοτε
372 640 501 672 πολλάκις
526 641 742 676 ἁμαρτησάντων
766 644 844 678 ἡμῶν
866 645 913 670 ἀν-

108 685 207 720 ἐςχου·
223 685 272 711 καὶ
288 686 364 711 οὐδὲν
378 686 543 721 θαυμαστὸν,
555 688 646 723 ἐπειδὴ
658 689 728 722 ἅπαξ
743 690 913 725 κατηξίωςας

108 731 202 757 εἰπεῖν
217 739 225 746 ·
250 740 260 756 σ
290 731 319 757 'U
338 731 400 763 λαός
419 741 468 766 μου
487 732 580 765 τέκνα,
602 735 648 760 καὶ
668 736 682 761 ὁ
699 735 761 765 λαός
786 745 836 770 μου
862 735 913 762 υἱοί

107 776 190 801 εἰσιν.
213 784 224 800 ι
247 775 291 807 Ὠς
307 774 354 802 οὖν
370 777 460 812 πατὴρ
470 778 572 805 τέκνων
586 779 632 805 καὶ
644 780 775 815 πρότερον
787 780 911 815 ἀνέσχον,

108 822 157 847 καὶ
181 821 236 847 νῦν
254 821 336 848 πάλιν
352 823 483 857 ἀνέσχον·
502 824 532 850 οὐ
554 824 609 860 γὰρ
632 826 756 860 Ἀϐραὰμ
773 824 806 861 ἦν
822 827 912 862 πατὴρ

107 866 211 901 ἡμῶν,
232 868 258 893 εί
284 868 330 894 καὶ
352 869 534 896 διακονεῖσθαι
559 873 591 906 τῇ
619 871 689 897 κατὰ
718 872 806 907 σάρκα
834 873 912 907 ἡμῶν

109 912 185 946 ἔδοξε
202 913 321 947 γενέσει.
344 914 451 950 ’ΔληΟεῖ
467 916 495 941 δὲ
513 917 584 951 λόγῳ
602 918 633 943 σὺ
650 918 743 953 Πατὴρ
764 918 852 953 ἡμῶν,
870 917 913 945 οἷα
929 918 949 944 Β

108 960 209 994 πατὴρ
235 959 345 986 πάντων
363 962 525 996 πνευμάτων
548 963 694 998 ὑπάρχων,
713 964 758 990 καί
782 965 835 990 τῶν
852 966 911 991 κατ’

109 1005 208 1031 είκόνα
223 1007 417 1041 πεποιημένων
432 1008 534 1042 ψυχῶν.
550 1008 594 1034 Διὸ
607 1008 738 1043 ῥύσασθαι
753 1010 825 1044 ἡμᾶς
838 1010 911 1036 ἀντι-

109 1051 259 1086 ϐολοῦμεν·
282 1062 290 1077 ‹
303 1053 361 1078 “Λπ“
375 1053 461 1088 ἀρχῆς
475 1054 504 1079 τὸ
517 1054 602 1088 ὄνομά
615 1063 660 1080 σου
675 1056 715 1089 ἐφ’
730 1056 802 1090 ἡμᾶς
814 1056 880 1082 ἐστι.
899 1065 908 1081 ι

148 1107 158 1122 ι
181 1098 218 1124 Τί
233 1098 390 1134 ὲπλάνησας
405 1100 495 1134 ἡμᾶς,
515 1100 600 1135 Κύριε
612 1121 618 1132 ,
635 1101 688 1127 ἀπὸ
706 1102 754 1137 τῆς
768 1102 827 1128 ὀδοῦ
847 1111 909 1134 σου;

109 1144 289 1180 ὲσκλήρυνας
311 1146 361 1177 τὰς
382 1147 494 1181 καρδίας
515 1147 610 1181 ἡμῶν,
632 1147 679 1173 τοῦ
712 1149 749 1183 μὴ
770 1149 910 1182 φοϐεῖσθαί

111 1199 160 1224 es;
187 1192 372 1227 Ἐπίσ-τρεψον
389 1192 432 1218 διὰ
450 1192 511 1223 τοὺς
528 1193 637 1224 δούλους
654 1202 710 1225 σου,
727 1194 771 1220 διὰ
791 1195 839 1226 τὰς
861 1205 911 1229 φυ-

108 1236 159 1268 λὰς
173 1237 227 1272 τῆς
244 1237 427 1273 κληρονομίας
444 1248 499 1265 σου.
522 1249 530 1264 ι
556 1240 584 1265 '0
602 1241 744 1275 προφήτης
762 1242 848 1267 πάντα
865 1242 910 1267 ἐπὶ

108 1282 241 1309 τὺΨΘεδν
257 1284 388 1319 ἀναφέρει
401 1293 407 1299 ·
424 1285 472 1319 οὐχ
489 1285 525 1316 ὡς
540 1285 585 1311 τοῦ
601 1285 668 1311 Θεοῦ
685 1286 772 1312 αἰτίου
789 1288 854 1322 ἡμῖν
869 1296 910 1321 γι-

108 1328 228 1362 νομένου
243 1328 290 1354 τοῦ
309 1330 476 1365 ἁμαρτάνειν
487 1350 494 1360 .
510 1330 566 1357 ἀλλ’
579 1332 725 1362 ἐνδιδόντος
739 1333 785 1358 καὶ
802 1341 908 1367 συγχωο

111 1373 227 1409 ροῦντος
246 1375 339 1402 ἐκεῖνα
361 1376 490 1411 πράττειν
506 1376 522 1403 ἃ
540 1377 571 1402 ἄν
595 1386 636 1407 τις
662 1377 787 1412 αἱρῆταιι
805 1378 841 1409 ὡς
860 1378 909 1413 τὴν

111 1420 162 1454 μὲν
179 1421 273 1447 αἰτίαν
290 1421 361 1456 ἔχειν
377 1422 405 1454 ἐξ
420 1422 510 1457 ἡμῶν,
528 1423 577 1457 τὴν
597 1423 624 1448 δὲ
648 1424 786 1458 ἁναψορὰν
804 1425 848 1450 ἐπὶ
863 1424 908 1450 τὸν

109 1465 190 1492 Θεόν.
210 1476 219 1491 ί
244 1467 303 1492 Ἵνα
319 1468 415 1502 μικρὸν
433 1468 681 1503 κληρονομήςωμεν
698 1469 744 1495 τοῦ
765 1469 844 1504 ὄρους
862 1469 908 1496 τοῦ

110 1510 191 1544 ἁγίου
216 1520 283 1538 σου·
309 1513 400 1538 ιὼσεὶ
423 1514 659 1547 καταλειφθέντων
675 1515 776 1545 αὐτῶν,
801 1515 846 1541 καὶ
871 1516 907 1550 μὴ

110 1557 335 1592 ἀνατελλομένων
352 1558 396 1584 διὰ
411 1559 522 1595 πληγῶν
535 1560 588 1585 τῶν
603 1560 764 1586 κωλυουσῶν
782 1561 907 1595 ἁμαρτά-

111 1612 178 1631 νειν.

149 1659 160 1691 τ
202 1650 368 1686 Ἐγενόμεθα
389 1651 427 1682 ὡς
450 1651 479 1677 τὸ
506 1652 552 1677 ἀπ’
570 1652 656 1687 ἀρχῆς
680 1653 723 1678 ὅτε
748 1652 796 1679 οὐκ
820 1650 906 1688 ἦρξας

110 1695 204 1731 ἡμῶν,
226 1696 288 1722 οὐδὲ
302 1695 403 1732 ἐκλήθη
418 1696 449 1723 τὺ
462 1697 547 1733 ὄνομά
561 1706 609 1724 σου
627 1698 669 1732 ἐφ’
682 1698 765 1733 ἡμᾶς.
785 1707 794 1724 ι
814 1698 858 1730 Ὡς
874 1699 906 1725 ἐκ

112 1739 261 1777 προσώπου
276 1741 326 1768 τοῦ
337 1741 402 1768 λαοῦ
417 1742 503 1770 ταῦτά
514 1751 606 1779 φησιν.
623 1743 730 1779 Ὥσπερ
739 1743 794 1779 γὰρ
809 1743 907 1779 ἐσκλή-

114 1795 198 1822 ρυνας
211 1787 327 1815 πάντοτε
342 1787 391 1823 τὴν
403 1788 516 1824 καρδίαν
527 1788 575 1815 τοῦ
584 1788 694 1824 Φαραὼ,
707 1788 778 1815 οὕτω
790 1788 837 1815 καὶ
847 1788 904 1821 νῦν,

111 1833 208 1868 φησιν,
230 1833 304 1868 ἡμᾶς
320 1832 506 1868 ὲσκλήρυνας,
524 1833 649 1866 ἀναξίους
667 1830 737 1860 εἶναι
749 1833 845 1869 κρίνας
858 1832 905 1859 τοῦ

110 1878 196 1912 φόὸου
212 1886 274 1904 σου·
294 1877 363 1905 ἀλλὰ
379 1878 426 1906 καὶ
445 1878 600 1913 ὲπλάνησας
620 1879 694 1914 ἡμᾶς
711 1879 743 1905 σὺ
765 1878 856 1910 αὐτὸς,
882 1875 905 1905 ὧ

111 1924 211 1960 Κύριε,
227 1923 276 1950 τοῦ
292 1923 329 1959 μὴ
343 1924 477 1960 γνωρίσαι
493 1924 542 1959 τὴν
563 1924 622 1950 ὁδόν
637 1933 693 1951 σου.
710 1924 784 1960 Πλὴν
807 1924 864 1951 ἀλλ’
880 1925 905 1951 εί

110 1971 159 1997 καὶ
172 1971 256 2006 ἡμεῖς
270 1967 396 2002 τοιοῦτοι,
412 1970 444 1996 σὺ
467 1970 532 2004 γοῦν
555 1969 593 2002 ὡς
608 1970 684 2002 Θεὸς,
701 1970 746 1997 διὰ
764 1971 827 2001 τοὺς
844 1970 905 1997 δού-

110 2015 175 2048 λους
191 2024 239 2043 σου
257 2015 342 2050 (εἰκὸς
362 2015 417 2052 γὰρ
431 2014 500 2042 εἷναί
517 2024 593 2048 τινας
613 2016 643 2042 ἐν
655 2016 694 2051 τῷ
709 2016 806 2053 πλήθει
818 2015 906 2043 τοιού-

110 2062 218 2096 τους),
239 2061 413 2096 ὲπίστρεψον.
436 2061 492 2088 Καὶ
517 2061 611 2097 ἐπειδὴ
633 2061 733 2097 κλῆρός
752 2071 798 2089 σου
819 2071 904 2099 κατη-

111 2105 251 2142 ξιώθημεν
270 2105 463 2142 ὀνομάζεσθαι,
480 2106 638 2142 ἱκετεύομεν
648 2117 657 2133 ι
669 2107 846 2142 Ἐπιστρέψαι
861 2107 906 2134 διὰ

110 2153 176 2185 ’τοὺς
188 2152 299 2184 δούλους
312 2160 370 2184 σου,
385 2152 431 2178 καὶ
444 2151 488 2178 διὰ
501 2152 550 2183 τὰς
561 2152 648 2187 φυλὰς
661 2152 710 2187 τῆς
722 2152 906 2187 κληρονομίας

112 2207 170 2225 σου.
196 2207 207 2225 ι
229 2198 393 2233 Δυνηθῶμεν
407 2197 455 2224 καὶ
467 2198 547 2233 ἡμεῖς
560 2198 585 2224 οι
600 2197 703 2229 ἀνάξιοι
719 2199 820 2233 μικρᾶς
832 2206 905 2230 τινος

970 280 1063 315 pulum
1082 286 1167 315 tuum,
1184 287 1212 309 ut
1229 283 1336 311 faceres
1352 284 1402 312 tibi
1413 292 1510 313 nomen
1526 286 1628 321 gloria.
1640 287 1755 316 Conver-

969 332 1027 355 tere
1040 328 1074 356 de
1089 330 1170 361 cmlo,
1184 334 1211 356 et
1224 329 1286 358 vide
1306 330 1340 358 de
1355 332 1436 359 domo
1450 338 1542 360 sancta
1567 337 1622 361 tua.
1642 334 1692 363 Ubi
1713 342 1756 364 est

968 373 1043 401 zelus
1067 379 1129 401 tuus
1148 379 1175 401 et
1189 374 1321 403 fortitudo
1344 376 1408 403 tua?
1426 376 1477 404 Ubi
1490 383 1533 405 est
1547 378 1690 407 multitudo
1705 381 1756 408 mi-

968 420 1124 446 sericordiae
1141 425 1202 450 ture.
1220 425 1247 447 et
1265 421 1469 448 miserationum
1489 428 1606 455 tuarum.
1625 426 1753 459 quoniam

969 465 1121 492 sustinuisti
1135 466 1202 492 nos?
1213 466 1252 492 Tu
1278 467 1350 493 enim
1363 475 1393 494 es
1406 467 1486 495 Pater
1505 474 1608 500 noster,
1627 470 1754 503 quoniam

969 512 1105 539 Abraham
1124 519 1176 539 non
1196 512 1271 539 novit
1287 520 1345 546 nos,
1361 518 1387 540 et
1401 513 1483 540 lsracl
1501 522 1548 541 nos
1556 515 1705 549 ignoravit.
1720 516 1755 541 At

969 564 1007 591 ιιι,
1022 559 1144 590 Domine,
1159 558 1238 586 Pater
1254 564 1356 590 noster.
1373 560 1458 587 libera
1482 568 1542 592 nos,
1558 562 1591 587 ab
1615 562 1690 588 initio
1707 570 1754 588 no-

967 612 1028 632 men
1049 610 1123 631 tuum
1143 613 1225 639 Slipt‘l‘
1256 613 1306 633 I103
1335 612 1386 633 85L
1404 615 1413 632 ι
1431 605 1490 633 ³3111
1511 607 1582 633 enim
1609 616 1677 641 szepe
1704 617 1752 635 nos

968 657 1112 685 peccantes
1133 651 1266 683 tolerasti,
1291 652 1412 686 nihilque
1427 653 1535 685 mirum,
1551 655 1657 687 quando
1671 654 1754 680 semei

967 696 1057 723 dicere
1071 697 1199 731 dignatus
1216 704 1245 723 es
1259 705 1265 722 :
1282 706 1291 722 ι
1306 696 1423 731 Populus
1450 706 1525 725 meus
1545 699 1645 733 proles,
1667 705 1694 726 et
1709 708 1754 734 po-

966 744 1045 777 pulus
1059 751 1134 770 meus
1151 743 1208 770 ﬁlii.
1222 752 1232 769 ι
1249 743 1284 770 Ut
1300 748 1378 778 pater
1391 745 1480 780 itaque
1512 745 1580 772 filios
1595 745 1658 772 olim
1674 748 1753 772 susti-

968 790 1061 821 nuisti,
1085 795 1110 817 et
1127 790 1182 825 jam
1202 791 1406 819 sustinesznon
1424 793 1496 820 enim
1521 792 1657 819 Abraham
1678 798 1754 827 pater

967 841 1058 862 noster
1082 841 1152 868 erat,
1171 837 1221 864 etsi
1253 843 1345 864 nostro
1370 838 1516 865 secundum
1540 845 1650 866 carnem
1682 839 1753 865 ortui

966 881 1122 908 ministrare
1137 882 1210 909 visus
1224 882 1268 909 sit.
1283 882 1336 910 Sed
1354 891 1448 910 revera
1467 889 1493 910 tu
1511 884 1589 911 Pater
1606 891 1697 911 noster
1712 892 1752 918 es,

964 931 992 953 ut
1005 927 1050 960 qui
1070 928 1189 954 oumium
1209 929 1351 962 spirituum
1384 933 1411 955 et
1429 930 1581 955 animarum
1603 930 1635 956 ad
1654 930 1690 956 lui
1713 930 1751 956 si-

965 972 1143 1000 militudinem
1168 974 1299 1000 factarum
1317 979 1391 1008 pater
1410 975 1458 1001 sis.
1473 974 1561 1007 Quare
1575 983 1699 1009 rogamus
1714 980 1751 1007 te,

964 1026 1014 1046 nos
1031 1026 1110 1046 eruas
1128 1028 1134 1046 :
1154 1019 1209 1046 «Ab
1226 1020 1302 1046 initio
1317 1027 1412 1046 nomen
1433 1026 1505 1046 tuum
1518 1027 1598 1052 super
1615 1027 1664 1047 nos
1681 1025 1749 1047 est.»

998 1110 1079 1137 Vens.
1097 1111 1140 1143 l7,
1156 1110 1198 1138 18.
1218 1121 1226 1136 ι
1242 1111 1296 1138 Cur
1311 1118 1403 1138 errare
1420 1119 1468 1138 nos
1484 1111 1582 1144 fecisti.
1601 1111 1723 1144 Domine,
1735 1120 1750 1139 a

963 1157 1003 1183 via
1023 1157 1090 1183 tua?
1109 1157 1241 1184 lndurasti
1264 1160 1345 1184 corda
1362 1163 1465 1189 nostra,
1481 1163 1509 1185 ut
1524 1166 1576 1185 non
1594 1159 1751 1186 timeremus

963 1207 997 1229 te.
1016 1202 1180 1230 Convertere
1206 1208 1316 1238 propter
1331 1211 1424 1231 servos
1441 1208 1515 1235 tuos,
1531 1208 1558 1231 et
1573 1208 1682 1238 propter
1701 1205 1750 1231 tri-

962 1248 1011 1274 bus
1034 1248 1199 1276 haereditatis
1228 1254 1287 1276 tum.
1309 1259 1317 1275 ι
1342 1249 1437 1277 Omnia
1462 1250 1495 1277 ad
1516 1250 1599 1277 Deum
1621 1251 1751 1284 propheta

962 1294 1043 1321 refert
1057 1304 1064 1322 :
1082 1303 1134 1322 non
1149 1296 1218 1329 quod
1233 1295 1302 1322 Deus
1317 1296 1394 1322 nobis
1410 1296 1538 1330 peccandi
1558 1303 1639 1322 causa
1659 1295 1749 1327 fuerit,

961 1340 1007 1367 sed
1024 1342 1094 1374 quod
1111 1341 1265 1375 permiserit
1289 1345 1316 1367 ct
1339 1342 1504 1368 concesserit
1520 1342 1563 1368 illa
1582 1350 1671 1377 agone,
1689 1350 1751 1377 quze

961 1386 1048 1420 quivis
1062 1387 1191 1420 elegerit;
1212 1387 1247 1413 ita
1266 1391 1293 1413 ut
1309 1388 1414 1421 peccati
1430 1395 1512 1413 causa
1530 1395 1612 1421 penes
1633 1396 1680 1414 nos
1695 1389 1748 1415 sit:

960 1432 1006 1458 sed
1024 1437 1113 1459 tamen
1131 1432 1164 1459 ad
1188 1433 1271 1459 Deum
1289 1433 1432 1460 referatur.
1450 1442 1458 1457 ι
1482 1433 1516 1460 Ut
1539 1433 1671 1459 modicum
1689 1441 1750 1468 pos-

960 1479 1095 1504 sideamus
1109 1478 1208 1505 montis
1223 1479 1308 1505 sancti
1334 1479 1383 1505 tui.
1399 1488 1408 1504 ι
1426 1479 1508 1511 Quasi
1526 1479 1590 1514 ipsis
1603 1480 1749 1512 derelictis,

961 1530 1011 1549 nec
1029 1530 1171 1557 resurgere
1186 1523 1338 1550 valentibus
1357 1523 1391 1550 ob
1415 1523 1531 1551 inflictas
1557 1524 1648 1560 plagas
1660 1545 1668 1557 ,
1689 1533 1749 1560 qua:

962 1569 1035 1603 ipsos
1050 1576 1064 1595 a
1081 1569 1216 1603 peccando
1230 1569 1371 1597 arcebant.

993 1647 1074 1674 Vens.
1096 1647 1138 1674 19.
1162 1656 1171 1672 ‹
1191 1647 1265 1674 Facti
1295 1655 1387 1675 sumus
1411 1648 1483 1674 velut
1511 1649 1544 1674 ab
1571 1649 1657 1684 initio,
1686 1657 1746 1676 cum

957 1700 1011 1721 non
1038 1693 1218 1721 dominareris
1246 1694 1353 1726 nostri,
1383 1701 1469 1728 neque
1496 1694 1667 1721 invocaretur
1696 1702 1747 1722 no-

956 1747 1019 1767 men
1033 1745 1107 1767 tuum
1124 1747 1205 1775 super
1221 1748 1281 1767 nos.
1298 1749 1308 1766 ι
1341 1740 1423 1773 Quasi
1450 1747 1482 1768 ex
1506 1748 1623 1775 persona
1655 1740 1744 1776 populi

957 1785 1014 1812 haec
1027 1785 1133 1813 effatur.
1157 1786 1236 1814 Sicut
1257 1786 1341 1818 enim,
1363 1787 1411 1819 ait,
1434 1793 1482 1814 cor
1500 1786 1650 1814 Pharaonis
1673 1794 1747 1814 sem-

955 1839 1005 1867 per
1037 1831 1187 1864 indurasti,
1219 1832 1257 1859 ita
1285 1838 1356 1859 nunc
1382 1839 1490 1866 quoque
1522 1840 1571 1860 nos
1603 1832 1747 1865 iudurasti,

956 1877 1084 1913 indignos
1100 1877 1226 1913 judicans
1250 1877 1346 1906 timore
1371 1883 1435 1906 tuo:
1451 1878 1601 1914 quinetiam
1624 1885 1653 1907 tu
1678 1873 1746 1914 ipse,

956 1924 1079 1956 Domine,
1099 1931 1193 1951 errare
1209 1931 1258 1952 nos
1280 1924 1381 1957 fecisti,
1397 1929 1427 1952 ut
1447 1925 1519 1952 viam
1541 1930 1614 1953 tuam
1639 1926 1748 1961 ignora-

955 1978 1057 1998 remus.
1069 1970 1206 1998 Cteterum
1217 1970 1323 1998 etiamsi
1337 1978 1387 1998 nos
1402 1971 1470 1999 tales
1480 1971 1576 2003 simus,
1597 1976 1625 1998 tu
1642 1976 1745 2004 tamen,

956 2020 1049 2051 utpote
1066 2016 1148 2048 Deus,
1165 2020 1277 2050 propter
1301 2023 1396 2044 servos
1419 2020 1480 2043 tuos
1500 2016 1574 2051 (nam
1596 2016 1746 2044 vcrisimle

955 2066 997 2089 est
1012 2063 1038 2089 in
1054 2062 1131 2089 turba
1156 2062 1285 2096 quosdam
1301 2061 1455 2096 huiusmodi
1482 2061 1553 2097 esse)
1567 2066 1741 2089 convertere.

957 2107 990 2135 Et
1003 2108 1066 2142 quia
1083 2108 1156 2143 digni
1176 2107 1260 2135 habiti
1277 2114 1371 2135 sumus
1382 2107 1427 2142 qui
1444 2107 1589 2135 luet-editas
1604 2112 1648 2134 tua
1664 2114 1746 2134 voca-

956 2161 1058 2186 remur,
1072 2154 1132 2181 ideo
1145 2161 1300 2188 precamur,
1320 2161 1330 2179 l
1344 2152 1511 2181 Convertere
1529 2157 1640 2188 propter
1651 2160 1747 2181 servos

957 2204 1027 2233 tuos,
1040 2205 1068 2227 et
1095 2205 1205 2235 propter
1230 2200 1316 2227 tribus
1336 2199 1504 2227 hereditatis
1526 2204 1588 2227 tum.
1609 2209 1619 2226 ι
1644 2199 1677 2227 Et
1695 2207 1749 2227 nos

110 2245 219 2277 ἐλπίδος
242 2246 335 2280 τυχεῖν
359 2246 387 2271 ὲν
410 2244 450 2280 τῷ
474 2243 671 2280 ὲπηγγελμένῳ
695 2243 748 2270 ὑπὸ
774 2243 820 2270 σοῦ
847 2243 904 2279 ὅρει

961 2254 1064 2282 quoque
1077 2247 1215 2274 valeamus
1227 2265 1236 2279 ,
1253 2246 1320 2274 licet
1340 2245 1464 2281 indigni,
1488 2247 1622 2273 modicam
1647 2246 1744 2273 saltem

109 2292 197 2327 ἁγίῳ·
215 2287 247 2318 οὗ
268 2291 408 2323 παντελῶς
421 2290 468 2317 νῦν
492 2289 728 2325 ἐκπεπτώκαμεν
747 2290 862 2326 ἐπείπερ
880 2291 904 2317 oi

111 2338 268 2366 ὑπεναντίοι
285 2337 364 2374 ἡμῶν
384 2338 577 2372 κατεπάτησαν
593 2337 624 2363 τὸ
639 2336 760 2372 ἁγίασμά
776 2344 837 2363 σου·
855 2336 904 2363 καὶ

111 2385 183 2412 τοῦτ’
203 2384 326 2420 ἔπραξαν
343 2384 386 2411 διὰ
402 2384 432 2410 τὸ
447 2384 478 2410 σὲ
499 2383 707 2419 ἀποστραφῆναι
723 2383 807 2418 ἡμᾶς.
824 2383 902 2409 υῦτω

110 2430 177 2464 γοῦν
204 2430 431 2465 καταλειφθέντες
457 2429 555 2465 ἔρημοι
583 2430 633 2465 τῆς
663 2429 713 2464 σῆς
737 2428 900 2463 ἐπισκοπῆς,

110 2476 226 2503 τοιοῦτοι
240 2476 288 2502 νῦν
308 2476 402 2511 ἐσμεν,
419 2477 505 2502 ὁποῖοι
524 2475 571 2502 καὶ
590 2474 654 2511 πρίν
668 2483 697 2501 σε
715 2474 792 2510 ἡμῶν
812 2474 901 2510 ἄρξαι.

112 2523 159 2555 Ὠς
180 2523 233 2559 γὰρ
250 2521 284 2558 ἦν
305 2531 370 2549 ποτε
394 2523 505 2559 χρόνος,
523 2523 568 2549 ὅτε
586 2521 649 2548 οὗτε
669 2522 822 2556 προφήτας,
841 2520 903 2547 οὕτε

111 2569 214 2605 ἱερέας,
234 2568 296 2596 οὔτε
314 2568 443 2604 βασιλεῖς.
459 2568 520 2595 οὔτε
541 2577 566 2595 τι
580 2568 634 2595 τῶν
652 2568 705 2595 σῶν
728 2569 904 2603 χαρισμάτων

109 2615 232 2651 εἴχομεν·
251 2615 297 2641 τὸν
317 2614 397 2641 αὐτὸν
412 2615 511 2650 τρόπον
527 2615 574 2641 καὶ
589 2614 636 2641 νῦν
650 2615 690 2646 είς
712 2614 819 2649 ἐκείνην
840 2622 905 2641 κατ-

109 2661 229 2697 έστημεν
249 2662 297 2697 τὴν
317 2661 444 2697 ἐρημίαν.
467 2661 559 2688 Ταῦτα
580 2661 668 2688 πάντα
689 2660 776 2687 ἔοικεν
801 2660 902 2695 ἀναφέ-

110 2707 206 2744 ρεσθαι
223 2708 269 2734 ἐπὶ
290 2707 336 2734 τὸν
351 2708 445 2742 καιρὺν
463 2707 509 2734 τὸν
530 2707 597 2742 μετὰ
617 2707 667 2742 τὴν
682 2706 833 2741 παρουσίαν
856 2705 901 2732 τοῦ

109 2754 235 2789 Σωτῆρος
262 2753 356 2789 ἡμῶν·
376 2754 405 2780 ὲν
424 2749 446 2787 ᾧ
463 2752 602 2784 παντελῶς
618 2752 833 2788 κατελείφθησαν
855 2751 899 2778 διὰ

109 2799 142 2826 τὰ
163 2799 234 2826 κατὰ
249 2799 296 2825 τοῦ
310 2799 436 2835 Σωτῆρος
449 2798 527 2834 ἡμῶν
545 2798 713 2833 τολμηθέντα
727 2799 827 2830 αὐτοῖς.
843 2798 900 2824 Νῦν

109 2844 163 2880 γὰρ
174 2845 212 2876 ὡς
225 2844 331 2880 ἀληθῶς
344 2844 458 2871 τοιοῦτοι
471 2843 626 2878 γεγόνασιν,
644 2844 681 2875 ὡς
696 2843 726 2870 τὸ
738 2844 785 2871 ἀπ’
800 2844 897 2879 ἀρχῆς,

110 2890 153 2917 ὅτε
173 2891 222 2917 οὐκ
238 2889 321 2927 ἦρχεν
340 2890 429 2918 αὐτῶν
448 2892 462 2917 ὁ
481 2890 556 2924 Θεὸς,
575 2890 643 2917 ὥστε
655 2890 782 2918 δύνασθαι
798 2890 897 2925 λέγειν’

959 2302 1034 2329 spem
1052 2292 1181 2327 consequi
1199 2293 1225 2320 in
1242 2297 1333 2320 monte
1347 2296 1442 2320 sancto
1460 2297 1516 2326 tuo,
1540 2299 1620 2327 quem
1635 2292 1749 2327 pollice-

957 2341 996 2368 ris
1009 2349 1016 2367 ι
1030 2348 1063 2368 ex
1078 2348 1132 2375 quo
1145 2340 1199 2375 jam
1215 2346 1327 2374 prorsus
1339 2338 1490 2366 excidimus
1502 2347 1509 2371 ;
1522 2337 1584 2373 quia
1597 2337 1745 2366 adversarii

956 2386 1043 2414 nostri
1058 2386 1288 2413 conculcaverunt
1303 2384 1488 2412 sanctuarium
1504 2388 1589 2418 tuum,
1602 2384 1682 2419 idque
1704 2384 1745 2411 fe-

956 2437 1063 2465 cerunt,
1084 2432 1146 2466 quia
1170 2435 1311 2458 aversatus
1326 2438 1375 2459 nos
1391 2437 1431 2458 es.
1462 2430 1508 2458 Sic
1530 2430 1612 2465 igitur
1623 2429 1744 2458 derelicti

956 2483 984 2505 et
997 2477 1152 2505 visitatione
1170 2482 1215 2504 tua
1230 2476 1328 2512 privati
1341 2496 1349 2509 ,
1367 2477 1435 2504 tales
1448 2476 1504 2511 jam
1522 2483 1616 2503 sumus
1627 2495 1634 2507 ,
1651 2474 1748 2510 quales

956 2530 1066 2551 eramus
1082 2528 1226 2558 antequam
1242 2525 1393 2558 imperares
1410 2523 1498 2550 nobis.
1512 2521 1746 2555 Quemadmodum

956 2569 1028 2597 enim
1041 2574 1147 2604 tempus
1158 2569 1222 2597 olim
1238 2569 1297 2602 fuit,
1308 2577 1369 2596 cum
1384 2576 1470 2604 neque
1483 2568 1640 2603 prophetas,
1655 2573 1747 2600 neque

958 2617 1125 2648 sacerdotes,
1142 2623 1230 2650 neque
1242 2623 1330 2651 reges,
1347 2622 1435 2649 neque
1449 2615 1521 2642 aliud
1536 2613 1672 2648 quidpiam
1684 2621 1698 2639 a
1717 2617 1744 2639 te

957 2669 1056 2689 munus
1077 2661 1250 2694 haberemus,
1277 2661 1316 2688 sic
1330 2665 1358 2688 et
1375 2668 1446 2687 nunc
1460 2659 1583 2687 eamdem
1606 2659 1631 2685 iu
1646 2658 1742 2685 solitu-

956 2707 1045 2735 dinem
1058 2712 1084 2734 et
1099 2708 1283 2735 conditionem
1298 2706 1454 2733 recidimus.
1469 2705 1531 2732 Ηίεο
1544 2704 1633 2731 omnia
1646 2703 1742 2730 referri.

954 2753 1082 2780 videntur
1095 2753 1129 2779 ad
1145 2758 1260 2788 tempus,
1277 2753 1349 2787 quod
1366 2752 1511 2779 adventum
1529 2750 1680 2778 Salvatoris
1693 2756 1742 2776 no-

953 2799 1003 2826 stri
1017 2798 1191 2826 subsecutum
1205 2802 1247 2825 est
1260 2806 1268 2826 τ
1286 2806 1340 2833 quo
1352 2804 1463 2833 prorsus
1476 2796 1597 2825 derelicti
1611 2799 1673 2823 sum
1683 2816 1690 2828 ,
1706 2795 1745 2821 ob

952 2843 1055 2872 scelera
1069 2849 1162 2871 contra
1183 2844 1306 2871 eumdem
1325 2843 1493 2870 Salvatorem
1508 2842 1542 2870 ab
1557 2843 1623 2877 ipsis
1642 2848 1735 2876 perpe-

953 2895 1034 2919 trata.
1050 2891 1125 2920 Nunc
1145 2891 1216 2919 cnim
1239 2898 1333 2919 revera
1353 2890 1419 2919 tales
1435 2895 1508 2923 sunt,
1523 2889 1616 2926 quales
1632 2892 1710 2918 erant
1724 2895 1743 2914 δ
