3968 6572
486 401 589 459 507

1186 392 1454 450 EUSEBII
1496 392 1969 450 CIESARIENSIS
2008 391 2156 448 OPP.
2201 389 2379 447 PARS
2420 388 3010 447 lll.-—EXEGETICA.

3613 386 3788 444 5¹)8
3802 397 3807 399 ’

486 519 772 591 principio,
805 532 925 571 cum
953 515 1183 570 nondum
1213 514 1343 584 ipsis
1372 516 1510 570 Dens
1542 516 1908 569 dominaretur
1934 554 1950 578 ,
1984 524 2042 568 ιιι

2156 534 2166 565 ι
2211 514 2539 584 Ἐγενὸμεθα
2563 514 2639 576 ὡς
2662 512 2723 563 τὸ
2746 510 2840 563 ἀπ’
2867 508 3060 578 ἀρχῆς,
3094 523 3178 559 οτε
3202 522 3301 559 ουκ
3323 500 3493 577 ἧρξας
3526 503 3781 576 ἡμῶν,

486 613 668 669 dicere
702 610 913 664 valeant
948 626 962 662 :
995 625 1013 659 ι
1050 606 1198 661 Facti
1242 621 1425 662 sumus
1450 606 1594 659 velut
1625 606 1692 659 ab
1734 606 1886 660 initio
1920 620 2043 659 cum

486 720 591 759 non
623 700 976 757 dominareris
1019 699 1224 761 nostri,
1256 713 1426 767 neque
1471 698 1809 752 invocaretur
1853 711 2045 750 nomen

482 803 634 851 tuum
664 780 828 861 super
856 805 975 845 nos.
1011 808 1032 842 ι

1042 877 1267 935 CAPUT
1307 876 1487 931 LXIV.

551 973 713 1027 Vens.
747 970 798 1024 1.
836 988 855 1022 ι
899 970 955 1024 Si
997 969 1210 1039 aperias
1243 967 1441 1021 coelum
1466 1006 1481 1031 ,
1518 975 1722 1020 tremor
1749 966 2047 1036 apprehen-

480 1061 571 1117 det
601 1076 629 1114 a
670 1069 722 1116 te
772 1068 982 1114 montes
1005 1098 1019 1124 ,
1051 1067 1104 1112 et
1138 1058 1452 1125 liquescent.
1496 1074 1515 1107 ι
1552 1057 1836 1113 ,Οεειθι-ιιιη
1884 1056 2047 1125 probe

482 1154 731 1206 novimus
764 1159 818 1205 et
841 1163 1157 1218 persuasum
1190 1147 1481 1210 habemus,
1509 1147 1553 1201 si
1585 1146 1818 1201 volueris
1844 1147 2045 1201 caelum

482 1242 735 1308 aperire,
775 1248 960 1306 utpote
1023 1237 1162 1291 Deus
1212 1236 1583 1303 omnipotens,
1634 1246 1922 1290 tremorem
1974 1235 2044 1289 tui

483 1340 697 1385 montes
750 1330 1209 1399 apprehensnrum
1244 1342 1361 1382 esse
1381 1366 1396 1390 ,
1425 1325 1678 1380 videlicet
1709 1325 2047 1381 adversarius

482 1431 799 1492 potestates,
852 1436 968 1487 quae
1006 1428 1192 1473 contra
1234 1418 1594 1487 cognitionem
1637 1416 1711 1469 tui
1745 1416 2047 1485 eriguntur.

557 1514 712 1567 Vsus.
750 1512 804 1574 2,
838 1512 891 1565 5.
926 1530 943 1561 ι
984 1510 1136 1564 Sicut
1159 1524 1281 1563 cera
1328 1524 1357 1561 a
1404 1507 1544 1561 facie
1592 1508 1734 1576 ignis
1772 1507 2047 1575 liquescit,

483 1615 538 1661 et
565 1606 843 1659 comburet
879 1602 1016 1672 ignis
1049 1610 1165 1655 tuos
1194 1599 1552 1663 adversarios,
1609 1607 1663 1653 et
1708 1598 2047 1653 manifestum

486 1698 589 1750 erit
622 1708 812 1747 nomen
864 1702 1014 1746 tuum
1062 1690 1430 1745 adversariis:
1470 1705 1500 1743 a
1546 1689 1684 1744 facie
1730 1699 1818 1743 tua
1866 1697 2050 1759 gentes

487 1784 860 1838 turbabuntur.
891 1801 908 1833 ι
935 1783 1076 1837 Sane
1096 1801 1122 1835 ,ι
1152 1783 1314 1837 Deum
1333 1794 1489 1836 nemo
1513 1779 1645 1834 vidit
1667 1780 1961 1847 unquam“
1981 1796 1998 1846 ;
2022 1797 2041 1831 ι

2148 606 2266 659 οὐδὲ
2294 605 2493 677 ἐκλήθη
2524 603 2584 657 τὸ
2607 601 2777 674 ὄνομά
2807 599 3004 669 σουὲᾷ
3030 598 3193 669 ἡμᾶς.
3232 616 3250 649 ο

2656 867 2835 922 ΚΕΦΑ
2843 864 3048 919 AAION
3086 862 3201 917 EA".

2227 980 2247 1013 ι
2300 960 2421 1015 Ἐὰν
2442 959 2658 1031 ἀνοίξῃς
2687 959 2778 1012 τὸν
2816 956 3067 1029 οὐρανὸν,
3110 953 3309 1025 τρόμος
3326 951 3559 1023 ’λήψεται
3609 946 3783 1004 ἀπὸ

2153 1052 2247 1108 σοῦ
2281 1053 2403 1125 ὅρη,
2433 1052 2526 1105 καὶ
2569 1051 2918 1121 τακὴσονται.
2960 1066 2978 1099 ι
3024 1046 3175 1116 Πλὴν
3211 1044 3324 1098 ἀλλ’
3360 1042 3525 1113 ί¹σμεν
3557 1042 3779 1110 ἀκρι-

2151 1143 2261 1206 ϐῶς
2301 1144 2390 1195 καὶ
2430 1139 2790 1211 πεπείσμεθα,
2827 1139 2928 1203 ὅτι,
2970 1136 3062 1190 έάν
3104 1135 3333 1206 θελήσῃς
3385 1132 3594 1198 ἀνοῖξαι
3629 1132 3776 1183 τὸν

2150 1232 2375 1304 οὐρανὸν
2400 1232 2531 1296 Θεὸς
2559 1232 2632 1285 ὢν
2675 1230 2768 1284 καὶ
2810 1231 2984 1283 πάντα
3027 1227 3357 1297 δυνάμενος,
3393 1226 3596 1296 τρόμος
3629 1224 3780 1293 λή-

2149 1325 2309 1395 ψεται
2337 1322 2442 1377 ἀπὸ
2466 1323 2558 1376 σοῦ
2586 1322 2707 1395 ὅρη,
2730 1321 2825 1385 τὰς
2844 1318 3221 1390 ἀντικειμένας
3243 1316 3438 1388 δηλαδὴ
3460 1315 3775 1387 δυνάμεις

2151 1415 2251 1479 τὰς
2282 1415 2645 1487 ἐπαιρομένας
2674 1413 2814 1467 κατὰ
2844 1413 2944 1483 τῆς
2975 1408 3227 1480 γνώσεώς
3260 1426 3375 1462 σου.

2229 1523 2249 1557 ‹
2308 1504 2396 1567 Ὠς
2427 1503 2594 1575 κηρὸς
2630 1503 2736 1557 ἀπὸ
2782 1500 3071 1574 προσώπου
3118 1500 3288 1572 πυρὸς
3333 1500 3581 1571 τήκεται,
3631 1498 3770 1553 καὶ

2154 1595 2483 1649 κατακαύσει
2514 1594 2624 1667 πῦρ
2643 1595 2768 1657 τοὺς
2794 1592 3162 1657 ὑπεναντίους,
3191 1591 3286 1645 καὶ
3312 1591 3542 1663 φανερὸν
3566 1591 3769 1644 ἔσται

2152 1687 2213 1741 τὸ
2242 1686 2411 1758 ὄνομά
2442 1704 2535 1741 σου
2572 1689 2684 1750 τοῖς
2721 1685 3075 1750 ὑπεναντίοις.
3123 1684 3254 1739 Ἀπὸ
3298 1683 3592 1755 προσώπου
3632 1700 3765 1735 σου

2155 1776 2280 1849 ἔθνη
2301 1777 2752 1850 ταραχθὴσονται.
2788 1796 2806 1829 ι
2829 1778 2939 1831 Kal
2971 1777 3076 1848 μὴν
3101 1796 3119 1828 ι
3146 1776 3278 1829 Θεὸν
3306 1776 3477 1839 οὐδεὶς
3504 1774 3761 1847 ἑώρακε

485 1884 561 1941 et,
603 1894 620 1926 ι
657 1874 824 1929 Nemo
854 1876 1055 1929 videbit
1085 1874 1273 1929 faciem
1305 1887 1498 1939 meam,
1522 1880 1576 1926 et
1610 1872 1753 1926 vivet
1778 1872 1848 1926 ".
1888 1889 1907 1923 ι
1945 1870 2046 1925 Sed

2156 1870 2392 1935 πώποτε,
2434 1890 2452 1922 ι
2490 1872 2603 1935 καὶ,
2643 1888 2661 1923 ι
2707 1873 2893 1935 Οὐδεὶς
2926 1869 3114 1940 ὄψεταί
3155 1886 3255 1940 μου
3299 1868 3361 1921 τὸ
3402 1867 3759 1939 πρόσωπονῑ

485 1965 570 2019 bis
604 1965 817 2019 videtur
845 1966 1006 2020 Deum
1033 1965 1397 2028 subindicare,
1426 1964 1518 2032 qui
1549 1964 1600 2017 in
1634 1962 1852 2015 deserto
1880 1960 2048 2033 Moysi

483 2058 702 2113 oracula
743 2058 914 2120 dedit,
940 2066 995 2110 et
1025 2058 1113 2125 qui
1143 2057 1210 2109 ab
1250 2056 1395 2109 omni
1440 2054 1634 2124 populo
1660 2053 1807 2111 visus
1843 2063 1924 2108 est
1957 2069 2052 2122 per

485 2150 712 2218 gloriam
763 2149 1015 2203 omnibus
1050 2154 1418 2217 apparentem,
1454 2147 1519 2199 de
1561 2160 1669 2215 qua
1703 2147 1903 2201 dictum
1933 2153 2047 2200 est:

492 2258 511 2291 ι
544 2241 612 2296 Ει
639 2239 769 2295 vidit
794 2238 973 2294 omnis
1006 2238 1234 2310 populus
1263 2236 1488 2309 gloriam
1517 2236 1727 2292 Domini
1759 2238 1827 2291 "'.
1863 2255 1884 2289 ι

557 2411 719 2468 Vnus.
747 2411 863 2467 6-6.
908 2430 928 2465 ι
959 2412 1091 2467 Cum
1130 2412 1325 2469 feceris
1350 2412 1604 2483 gloriosa,
1637 2422 1840 2469 tremor
1866 2412 1940 2467 tui
1967 2414 2051 2467 in-

486 2503 646 2556 vadet
672 2513 902 2559 montes.
928 2504 972 2557 A
1000 2493 1195 2559 saéculo
1223 2520 1326 2558 non
1350 2504 1675 2569 audivimus,
1706 2521 1881 2575 neque
1906 2507 2046 2562 oculi

487 2593 656 2647 nostri
685 2593 933 2648 viderunt
956 2593 1143 2659 Deum,
1171 2604 1365 2664 preter
1402 2603 1475 2658 te,
1502 2604 1556 2649 et
1590 2610 1749 2665 opera
1780 2606 1901 2662 tua,
1932 2612 2050 2667 quae

488 2683 656 2738 facies
682 2686 1116 2753 exspectantibus
1146 2685 1592 2742 misericordiam.
1618 2687 1877 2743 Occurret
1904 2680 2046 2743 enim

488 2775 555 2829 iis
603 2774 693 2842 qui
742 2773 946 2828 faciunt
984 2774 1271 2843 justitiam,
1298 2785 1352 2831 et
1378 2777 1583 2832 viarum
1632 2786 1844 2831 tuarum
1871 2792 2048 2833 recor-

488 2865 780 2921 dabuntur.
811 2867 950 2922 Ecce
1000 2875 1052 2920 tu
1101 2867 1271 2922 iratus
1318 2882 1411 2933 es,
1447 2878 1503 2924 et
1544 2884 1646 2924 nos
1684 2869 2046 2939 peccavimus.

487 2954 692 3012 Idcirco
720 2957 1052 3023 erravimus,
1094 2968 1149 3013 et
1179 2958 1309 3013 facti
1360 2974 1545 3015 sumus
1589 2960 1745 3030 quasi
1789 2959 2048 3014 immundi

488 3060 675 3103 omnes
703 3063 839 3104 nos:
873 3058 1133 3120 tanquam
1170 3063 1381 3119 pannus
1423 3051 1662 3106 sedentis
1687 3050 1863 3106 omnis
1889 3050 2050 3120 justi-

489 3137 565 3190 tia
590 3148 794 3194 nostra.
830 3158 849 3191 ι
882 3139 1033 3207 Quod
1060 3141 1103 3196 si
1135 3155 1238 3208 qua
1271 3141 1408 3210 apud
1439 3156 1536 3195 nos
1581 3141 1807 3211 reperiri
1834 3150 2047 3211 putetur

2152 1966 2247 2019 καὶ
2273 1963 2492 2035 ζήσεται
2513 1981 2528 1994 ο
2569 1983 2588 2015 ι
2617 1962 2730 2016 ἀλλ’
2766 1962 2908 2016 ἔοικε
2935 1962 3023 2015 τὸν
3050 1960 3180 2014 Θεὸν
3207 1959 3293 2013 διὰ
3322 1959 3527 2012 τούτων
3553 1959 3760 2011 αἰνίτ-

2150 2056 2336 2111 τεσθαι
2358 2056 2448 2108 τὸν
2475 2055 2571 2108 καὶ
2597 2054 2687 2107 ἐπὶ
2709 2055 2806 2125 τῆς
2828 2055 3031 2125 ἐρήμου
3061 2050 3472 2124 χρηματίσαντα
3489 2050 3755 2119 Muniis-ﬁ,

2148 2146 2229 2217 τῷ
2263 2163 2321 2199 τε
2362 2146 2523 2199 παντὶ
2558 2144 2670 2214 λαῷ
2709 2143 3005 2215 ἑωραμένῳ
3044 2142 3135 2195 διὰ
3177 2140 3275 2212 τῆς
3318 2138 3762 2210 ἐμφαινομένης

2149 2241 2262 2302 τοῖς
2306 2239 2441 2291 πᾶσι
2468 2236 2624 2309 δόξης
2659 2236 2785 2309 περὶ
2812 2230 2881 2306 ἧς
2909 2234 3150 2305 εἴρηταιο
3186 2250 3204 2285 t
3230 2231 3340 2285 Kal
3382 2230 3530 2303 ἑώρα
3566 2232 3682 2293 πᾶς
3716 2232 3755 2283 ὁ

2149 2330 2277 2395 λαὸς
2307 2330 2404 2401 τὴν
2435 2330 2588 2394 δόξαν
2632 2328 2856 2401 Κυρίου.
2891 2345 2909 2379 ι

2227 2442 2247 2474 ι
2282 2423 2449 2476 Ὅταν
2483 2423 2641 2492 ποιῇς
2669 2420 2738 2473 τὰ
2770 2417 2976 2481 ἔνδοξα,
3002 2416 3204 2488 τρόμος
3234 2414 3461 2487 λήψεται
3491 2413 3600 2467 ἀπὸ
3632 2412 3750 2466 σοῦ

2148 2513 2271 2583 ὅρη.
2314 2510 2447 2564 Ἀπὸ
2486 2510 2576 2564 τοῦ
2603 2511 2795 2572 αἰῶνος
2815 2509 2915 2562 οὐκ
2942 2506 3275 2578 ἠκούσαμεν,
3311 2506 3431 2559 οὐδὲ
3457 2504 3750 2574 ὀφθαλμοὶ

2147 2603 2306 2676 ἡμῶν
2328 2598 2464 2656 εἶδον
2489 2602 2618 2655 Θεὸν
2661 2601 2800 2673 πλήν
2828 2618 2941 2666 σου,
2978 2600 3072 2654 καὶ
3105 2599 3174 2653 τὰ
3204 2598 3339 2670 ἔργα
3381 2614 3495 2661 σου,
3533 2597 3570 2649 ἂ.
3608 2614 3751 2649 ποι-

2149 2695 2303 2765 ήσεις
2335 2697 2446 2758 τοῖς
2476 2692 2834 2764 ὑπομένουσιν
2860 2692 3023 2746 ἔλεον.
3050 2691 3444 2760 Συναντήσεται
3476 2687 3588 2759 γὰρ
3614 2690 3745 2751 τοῖς

2147 2784 2359 2839 ποιοῦσι
2383 2785 2443 2838 τὸ
2466 2783 2692 2849 δίκαιον,
2726 2783 2819 2837 καὶ
2852 2783 2957 2837 τῶν
2997 2782 3131 2835 ὁδῶν
3176 2799 3267 2835 σου
3304 2781 3740 2851 μνησθήσονται.

2162 2876 2290 2930 Ἰδοὺ
2327 2876 2390 2930 σὺ
2415 2874 2711 2948 ὠργίσθης,
2749 2875 2842 2928 καὶ
2873 2874 3032 2945 ἡμεῖς
3063 2873 3397 2943 ἡμάρτομεν.
3430 2868 3531 2922 Διά
3568 2868 3744 2923 τοῦτο

2149 2967 2530 3041 ἐπλανήθημεν
2560 2969 2654 3023 καὶ
2703 2967 3035 3039 ἐγενήθημεν
3075 2964 3150 3029 ὡς
3182 2963 3478 3035 ἀκάθαρτοι
3524 2962 3740 3024 πάντες

2150 3058 2335 3127 ἡμεῖς·
2366 3057 2442 3121 ὡς
2485 3057 2649 3127 ῥάκος
2690 3055 3112 3126 ἀποκαθημένης
3148 3054 3298 3105 πᾶσα
3342 3054 3375 3123 ἡ
3411 3050 3735 3119 δικαιοσύνη

2149 3145 2325 3217 ἡμῶν.
2377 3164 2396 3198 ι
2432 3146 2496 3199 Εἰ
2524 3146 2581 3199 δὲ
2612 3145 2704 3199 καί
2729 3163 2811 3209 τις
2838 3147 2894 3199 ὲν
2934 3145 3064 3214 ἡμῖν
3092 3138 3347 3212 ἐνομίσθη
3375 3137 3734 3210 εὑρίσκεσθαι.

485 3226 694 3297 iustitia
729 3230 975 3299 actioque
1007 3230 1197 3299 proba,
1232 3245 1296 3286 ea
1343 3232 1591 3288 sordibus
1626 3234 1783 3303 plena
1807 3243 1862 3289 et
1890 3234 2046 3290 inde-

2156 3235 2457 3309 δικαιοσύνη
2491 3238 2584 3290 καὶ
2609 3236 2807 3309 πρᾶξις
2836 3234 3038 3301 δικαία,
3066 3232 3428 3306 ὲῤῥυπωμένη
3459 3232 3554 3285 καὶ
3586 3230 3734 3302 αὐτὴ

489 3335 614 3376 cora
650 3335 773 3376 esse
801 3321 1240 3391 deprehenditur.

566 3397 725 3467 Vens.
770 3413 923 3468 7-12.
957 3434 977 3465 σ
1009 3415 1076 3469 Et
1107 3415 1424 3473 deﬂuximus
1464 3415 1616 3486 quasi
1658 3416 1783 3472 folia
1834 3426 2050 3489 propter

490 3506 803 3578 iniquitates
839 3516 1083 3562 nostras:
1111 3508 1191 3563 sic
1222 3519 1417 3565 ventus
1452 3508 1658 3566 auferet
1705 3525 1835 3573 nos,
1860 3520 1914 3566 et
1942 3525 2048 3566 non

489 3611 574 3655 est
608 3601 696 3667 qui
736 3598 947 3655 invocet
993 3613 1187 3653 nomen
1234 3609 1419 3666 tuum,
1468 3616 1568 3656 nec
1600 3601 1691 3670 qui
1742 3602 2048 3658 recordatus

490 3691 860 3758 apprehendat
888 3700 979 3747 te:
1016 3689 1269 3761 quoniam
1309 3691 1550 3748 avertisti
1602 3692 1797 3748 faciem
1845 3702 1990 3747 tuam
2017 3709 2049 3749 a

490 3781 669 3845 nobis,
700 3791 755 3834 et
798 3782 1063 3838 tradidisti
1092 3799 1190 3839 nos
1220 3794 1444 3855 propter
1474 3783 1785 3856 iniquitates
1812 3794 2045 3843 nostras.

488 3869 739 3936 Etnunc,
772 3872 1014 3940 Domine,
1047 3874 1208 3930 Pater
1245 3886 1429 3932 noster
1462 3886 1542 3942 tu,
1569 3893 1668 3933 nos
1691 3893 1819 3935 vero
1852 3879 2046 3944 lutum,

488 3978 624 4032 opus
670 3979 921 4019 manuum
957 3974 1169 4022 tuarum
1216 3982 1425 4034 omnes,
1474 3984 1543 4024 ne
1592 3970 1845 4024 irascaris
1893 3970 2049 4025 nobis

488 4056 666 4120 valde,
718 4070 893 4125 neque
944 4058 997 4111 in
1048 4066 1291 4127 tempore
1348 4060 1658 4116 memineris
1694 4060 2039 4129 iniquitatum

491 4156 821 4201 nostrarum.
853 4147 917 4202 Et
952 4164 1095 4204 nunc
1124 4150 1357 4212 intuere,
1395 4151 1639 4218 Domine,
1670 4152 1922 4219 quoniam
1950 4166 2049 4221 po-

490 4237 647 4307 pnlus
675 4249 796 4292 tuus
837 4253 1026 4294 omnes
1057 4255 1174 4295 nos.
1207 4241 1410 4295 Civitas
1453 4242 1625 4297 sancti
1663 4241 1736 4296 tui
1782 4241 1922 4296 facta
1967 4250 2049 4297 est

492 4329 699 4383 deserta
730 4328 858 4383 Sion
895 4346 908 4382 :
945 4340 1003 4384 ut
1035 4330 1308 4385 desertum
1335 4332 1474 4386 facta
1504 4341 1588 4386 est
1612 4330 1935 4394 Jerusalem,
1993 4332 2045 4386 in

491 4419 927 4475 maledictionem
963 4425 1174 4485 domus,
1210 4431 1454 4475 sanctum
1488 4433 1755 4487 nostrum,
1797 4430 1851 4474 et
1878 4420 2045 4489 gloria

490 4509 577 4561 cui
605 4510 997 4565 benedixerunt
1023 4522 1205 4581 patres
1233 4511 1425 4574 nostri,
1452 4512 1575 4580 igne
1600 4511 1899 4575 combusta,
1930 4526 2047 4565 om—

491 4598 688 4665 niaque
719 4600 949 4668 gloriosa
976 4611 1159 4655 nostra
1190 4601 1561 4655 conciderunt.
1591 4603 1766 4671 Atque
1792 4602 1844 4655 in
1878 4602 2047 4655 omni-

490 4687 592 4743 bus
628 4688 745 4744 iStis
775 4690 1102 4759 sustinuisti,
1138 4690 1384 4757 Domine,
1414 4700 1471 4746 et
1520 4692 1753 4759 tacuisti,
1783 4701 1839 4748 et
1871 4690 2049 4748 humi-

492 4777 639 4832 liastl
671 4794 768 4833 nos
798 4780 1029 4834 valde.»

1048 4869 1277 4926 CAPUT
1310 4870 1474 4927 LXV.

562 4956 722 5014 Vens.
764 4960 874 5014 1-5.
915 4978 934 5012 ι
965 4962 1200 5033 Apparui
1233 4979 1336 5018 non
1369 4964 1682 5035 rogantibus
1704 4981 1786 5021 me
1814 4982 1829 5018 :
1858 4965 2046 5020 inven-

488 5056 576 5105 tus
601 5065 718 5105 sum
746 5051 815 5104 ab
840 5051 906 5107 iis
934 5054 1026 5123 qui
1072 5068 1158 5108 me
1206 5070 1311 5109 non
1345 5056 1675 5124 quaerebant.
1714 5057 1829 5111 Dixi
1865 5072 1879 5110 :
1909 5057 2046 5111 Ecce

489 5144 701 5207 adsum,
734 5144 878 5212 genti
929 5159 1051 5213 qua:
1105 5161 1209 5200 non
1269 5146 1545 5200 invocavit
1592 5161 1786 5201 nomen
1842 5162 2041 5203 meum.

490 5231 731 5299 Expandi
766 5248 956 5286 manus
996 5248 1144 5288 meas
1171 5242 1279 5288 tota
1315 5235 1398 5288 die
1424 5236 1489 5288 ad
1519 5236 1769 5304 populum
1799 5250 1903 5289 non
1942 5235 2043 5290 ob-

490 5327 901 5389 temperantem,
930 5330 979 5377 et
1027 5323 1511 5389 contradicentem,
1550 5324 1615 5378 iis
1635 5365 1649 5388 ,
1685 5323 1775 5393 qui
1804 5324 2046 5378 ambula-

489 5410 620 5464 bant
647 5411 698 5464 in
724 5412 807 5467 via
842 5429 944 5468 non
973 5414 1131 5481 bona,
1163 5415 1255 5468 sed
1280 5423 1400 5482 post
1420 5424 1638 5484 peccata
1664 5430 1782 5469 sna.
1813 5414 2046 5484 Populus

493 5497 601 5561 hic,
627 5500 719 5566 qni
745 5503 1033 5556 exacerbat
1068 5517 1175 5568 me,
1221 5502 1277 5556 in
1306 5512 1597 5570 conspectu
1634 5518 1752 5558 meo
1783 5518 1994 5572 semper
2026 5521 2041 5558 :

493 5585 593 5656 ipsi
626 5588 903 5646 immolant
933 5592 987 5647 in
1023 5592 1220 5658 hortis,
1249 5602 1306 5649 et.
1333 5593 1549 5648 adolent
1581 5594 1855 5650 incensum
1884 5610 2046 5665 super

572 5768 615 5798 ³³
638 5764 791 5823 Joan.
826 5784 863 5833 ι,
903 5769 987 5826 18.

2148 3328 2243 3384 καὶ
2263 3328 2455 3400 ἀτιμος
2484 3329 2821 3401 ὲλήλεγκται.

2222 3437 2242 3470 ‹
2273 3419 2383 3473 Kal
2406 3418 2743 3491 ὲξεῤῥύημεν
2763 3417 2839 3482 ὡς
2865 3417 3038 3487 φύλλα
3060 3416 3149 3470 διὰ
3168 3416 3266 3481 τὰς
3290 3415 3519 3487 ἀνομίας
3532 3414 3726 3485 ,ἡμῶνν

2145 3508 2320 3573 οὕτως
2357 3509 2556 3580 ἄνεμος
2588 3509 2723 3563 οἴσει
2755 3510 2930 3579 ἡμᾶς’
2968 3508 3061 3562 καὶ
3083 3496 3356 3561 οὐκέστιν
3382 3507 3411 3558 6
3435 3503 3732 3559 ἐπικαλού-

2149 3617 2311 3672 μενος
2337 3600 2401 3653 τὸ
2422 3599 2592 3671 ὖνομά
2612 3617 2726 3665 σου,
2747 3600 2841 3654 καὶ
2863 3603 2892 3654 6
2919 3599 3175 3671 μνησθεὶς
3197 3599 3575 3655 ἀντιλαϐέσθαι
3602 3614 3726 3653 σου,⁹

2144 3693 2226 3747 ὅτι
2256 3691 2602 3763 ἀπέστρεψας
2624 3691 2683 3745 τὸ
2709 3692 2992 3764 πρόσωπόν
3015 3707 3107 3744 σου
3135 3692 3228 3761 ἀφ’
3252 3690 3428 3762 ἡμῶν,
3463 3691 3555 3744 καὶ
3585 3706 3733 3761 παρο

2146 3783 2353 3849 ἔδωκας
2399 3784 2543 3854 ἡμᾶς
2568 3780 2677 3835 ,διὰ
2732 3782 2830 3846 τὰς
2879 3780 3150 3857 ἁμαρτίας
3206 3781 3383 3852 ἡμῶν.
3440 3780 3549 3833 Kal
3601 3779 3725 3843 νῦν,

2146 3877 2316 3946 Κύριε
2340 3915 2355 3940 ,
2382 3875 2571 3947 Πατὴρ
2610 3873 2767 3946 ἡμῶν
2805 3874 2891 3940 σὺ,
2923 3876 3085 3946 ἡμεῖς
3114 3872 3171 3927 δὲ
3213 3872 3401 3944 πηλὸς,
3442 3871 3578 3943 ἔργα
3609 3871 3724 3924 τῶν

2145 3969 2344 4039 χειρῶν
2376 3985 2468 4021 σου
2504 3968 2723 4032 πάντες,
2767 3968 2841 4039 μὴ
2874 3967 3091 4040 ὀργίζου
3123 3968 3255 4037 ἡμῖν
3290 3965 3515 4037 σφόδρα,
3554 3964 3627 4035 μὴ
3662 3966 3720 4018 ἐν

2145 4056 2323 4129 καιρῷ
2355 4056 2600 4129 μνησθῇς
2634 4056 2915 4128 ἁμαρτιῶν
2944 4055 3121 4125 ἡμῶν.
3150 4054 3261 4108 Kal
3284 4054 3376 4107 νῦν
3409 4052 3724 4122 ἐπίϐλεψον,

2145 4148 2226 4201 ὅτι
2248 4148 2376 4211 λαός
2403 4164 2493 4200 σου
2520 4146 2719 4211 πάντες
2752 4148 2932 4218 ἡμεῖς.
2969 4146 3130 4209 Πόλις
3155 4144 3251 4199 τοῦ
3286 4144 3436 4212 ἁγίου
3470 4160 3563 4196 σου
3600 4145 3725 4212 ὲγε-

2144 4241 2277 4312 νήθη
2306 4241 2509 4312 ἔρημος
2550 4239 2709 4306 Σιὼν,
2751 4241 2825 4303 ὡς
2849 4240 3049 4311 ἔρημος
3076 4238 3306 4309 ἐγενήθη
3345 4236 3720 4309 Ἰερουσαλὴμ,

2144 4334 2224 4395 είς
2263 4332 2504 4404 κατάραν
2531 4333 2559 4384 ὁ
2590 4327 2767 4395 οἶκος,
2814 4332 2874 4385 τὸ
2902 4331 3055 4399 ἀγιον
3094 4330 3271 4400 ἡμῶν,
3306 4330 3397 4383 xal
3430 4330 3461 4399 ἡ
3491 4327 3615 4391 δόξα
3650 4329 3721 4399 ἦν

2145 4423 2453 4494 ηὐλόγησαν
2495 4425 2543 4477 oi
2589 4423 2819 4495 πατέρες
2863 4422 3042 4494 ἡμῶν,
3071 4421 3299 4493 ἐγενήθη
3331 4419 3719 4491 πυρίκαυστος,

2148 4512 2243 4566 καὶ
2293 4512 2471 4567 πάντα
2509 4512 2692 4577 ἔνδοξα
2730 4513 2886 4583 ἡμῶν
2950 4511 3227 4565 συνέπεσε.
3288 4512 3396 4564 Kal
3440 4510 3533 4563 ἐπὶ
3582 4511 3718 4563 πᾶσι

2147 4602 2355 4665 τούτοις
2393 4602 2644 4672 ἀνέσχου,
2694 4602 2886 4673 Κύριε,
2936 4604 3028 4656 καὶ
3058 4602 3392 4675 έσιὼπησας,
3447 4602 3541 4656 καὶ
3591 4603 3720 4655 ὲτα-

2151 4692 2419 4755 πείνωσας
2457 4691 2605 4761 ἡμᾶς
2633 4689 2857 4761 σφόδρα.
2895 4708 2914 4741 ι

2640 4867 3034 4921 ΚΕΦΑΛΑΙΟΝ
3082 4867 3200 4921 EE’.

2228 4973 2247 5007 ι
2301 4956 2577 5028 Ἐμφανὴς
2607 4957 2871 5029 ἐγενήθην
2900 4961 3011 5021 τοῖς
3033 4959 3131 5028 ἐμὲ
3160 4956 3233 5029 μὴ
3264 4952 3599 5028 ἐπερωτῶσι,
3622 4958 3713 5010 εύ-

2154 5044 2316 5117 ρέθην
2360 5050 2471 5111 τοῖς
2511 5048 2610 5118 ἐμὲ
2647 5047 2722 5120 μὴ
2762 5047 3032 5118 ζητοῦσιν.
3078 5044 3250 5101 Εἷπα·
3311 5047 3440 5102 Ἰδού
3488 5051 3603 5119 ειμι
3636 5049 3713 5120 τῷ

2152 5136 2313 5200 ἔθνει,
2344 5137 2393 5190 οἳ
2419 5138 2517 5190 οὐκ
2549 5138 2811 5193 ὲκάλεσάν
2840 5156 2940 5209 μου
2963 5139 3021 5192 τὸ
3045 5139 3231 5210 ὄνομα.
3258 5138 3589 5204 Ἐξεπέτασα
3615 5140 3713 5203 τὰς

2150 5228 2338 5299 χεῖράς
2374 5246 2472 5298 μου
2510 5229 2637 5301 ὃλην
2664 5230 2763 5301 τὴν
2795 5231 3005 5301 ἡμέραν
3046 5231 3183 5301 πρὸς
3209 5230 3334 5284 λαὸν
3364 5230 3717 5291 ἀπειθοῦντα,

2148 5322 2242 5374 καὶ
2286 5321 2656 5390 ἀντιλέγοντα,
2699 5322 2825 5385 τοὺς
2859 5322 3255 5394 πορευομένους
3297 5322 3401 5392 ὁδῷ
3445 5323 3505 5375 οὐ
3548 5322 3709 5393 καλῇ,

2146 5410 2261 5463 ἀλλ’
2289 5411 2462 5465 ὀπίσω
2506 5411 2612 5465 τῶν
2660 5412 2941 5483 ἁμαρτιῶν
2992 5414 3187 5466 αὐτῶν.
3228 5414 3284 5465 Ὀ
3324 5412 3448 5475 λαὸς
3489 5407 3643 5474 οὗτος
3683 5416 3710 5466 6

2150 5503 2464 5574 παροξύνων
2504 5522 2569 5575 με
2600 5505 2838 5557 ἐναντίον
2868 5504 2999 5575 ἐμοῦ
3032 5503 3119 5557 διὰ
3143 5504 3340 5567 παντός
3363 5521 3379 5537 ⁶
3423 5505 3575 5561 αὐτοὶ
3620 5504 3710 5557 θυ-

2152 5593 2424 5658 σιάξουσιν
2474 5594 2531 5649 ἐν
2566 5596 2676 5658 τοῖς
2717 5595 2945 5665 κήποις,
2995 5594 3085 5648 καὶ
3136 5592 3400 5663 θυμιῶσιν
3451 5594 3542 5646 ἐπὶ
3592 5595 3711 5656 ταῖς

1101 5770 1147 5803 ⁸⁸
1175 5770 1346 5827 Exod.
1376 5787 1570 5840 χχχιιι,
1605 5769 1695 5829 20.
1773 5773 1814 5803 ⁸⁷
1848 5770 2003 5830 Νιιιη.
2033 5788 2139 5840 tm,
2182 5772 2263 5829 lt).
