3968 6512
194 366 314 423 509

1204 354 1703 415 COMMENTARIA
1738 351 1806 407 ιΝ
1840 348 2095 407 ISAIAM.
2131 380 2202 391 —
2238 346 2392 404 CAP.
2430 344 2591 402 LXV.

3410 339 3517 396 510

194 485 495 552 πλίνθοις
517 487 630 549 τοῖς
655 482 969 556 δαιμονίοις,
997 481 1033 537 ἃ
1059 482 1157 536 οὑκ
1182 481 1350 538 ἔστιν.
1390 500 1409 531 ι
1446 478 1516 533 Εί
1558 495 1643 541 τις
1692 475 1836 529 θέλει

1965 480 2141 526 ateres
2174 467 2475 533 daemoniis,
2500 479 2620 536 quae
2647 478 2752 519 non
2787 470 2937 519 sunt.
2962 480 2983 515 ι
3005 458 3063 517 Si
3090 458 3234 531 quis,
3258 456 3505 511 veritatis

193 579 539 652 φιλαλήθει
569 576 817 648 λογισμῷ
840 576 940 647 τὴν
968 576 1108 646 ἐμὴν
1137 576 1268 647 όρᾷν
1295 570 1724 644 φιλανθρωπίαν,
1755 568 1836 622 εῦ-

198 690 297 744 ροι
352 671 444 727 ἂν
482 670 749 742 φθάνοντά
785 687 849 740 με
883 670 1003 732 ταῖς
1052 668 1390 738 εὐεργεσίαις
1434 665 1527 718 καλ⁴
1560 665 1684 726 τοὺς
1735 680 1837 733 μα-

196 767 364 839 κρὰν
401 764 742 835 ἀφεστῶτας
769 762 869 832 τῆς
892 761 1032 832 ἐμῆς
1078 759 1352 829 γνώσεως.
1400 758 1608 812 Αὑτίκα
1637 754 1701 827 δὴ
1741 748 1835 808 οῦν

198 861 330 922 τοῖς
384 856 565 920 ἐκτὸς
606 854 964 927 μηδεπώποτε
993 851 1301 925 ἐρωτήσασί
1346 867 1411 920 με
1444 846 1661 919 ἐμφανῆ
1704 862 1834 898 κατ-

197 951 459 1019 έστησα
511 946 750 1020 ἐμαυτὸν
801 945 867 998 δι’
912 941 1352 1014 ὑπερϐάλλουσαν
1393 936 1833 1009 φιλανθρωπίαν·

203 1043 377 1098 ὥστε
422 1043 534 1115 ἤδη
589 1041 716 1105 τοὺς
758 1039 1065 1108 ἀλλογενεῖς
1097 1038 1190 1091 καὶ
1220 1032 1547 1103 ἀλλοφύλους
1575 1032 1671 1101 τὴν
1699 1029 1836 1100 ἐμὴν

200 1136 455 1205 γνῶσιν
483 1130 856 1204 ἀνειληφέναι,
890 1132 1091 1202 καίπερ
1116 1130 1280 1201 μηδὲν
1305 1129 1384 1189 είς
1416 1123 1571 1178 τοῦτο
1598 1120 1840 1192 συμϐαλ-

201 1228 535 1300 λομένους.
589 1225 752 1279 Ἀλλὰ
807 1224 901 1279 καὶ
945 1227 1059 1287 τοῖς
1092 1222 1166 1293 μὴ
1220 1220 1487 1291 ζητήσασι
1536 1216 1640 1286 τὴν
1700 1212 1839 1285 ἐμὴν

207 1320 409 1393 χᾶριν
448 1319 655 1390 ταύτης
685 1316 988 1389 μετέδωκα,
1027 1315 1236 1384 φθάσας
1264 1328 1322 1365 τε
1362 1310 1460 1373 τὰς
1494 1308 1697 1379 ἐτέρων
1730 1322 1839 1358 πα-

215 1412 586 1485 ρακλήσεις·
622 1410 750 1479 πρὶν
782 1408 876 1462 καὶ
921 1405 1209 1471 εὑξασθαι,
1259 1404 1386 1475 πρὶν
1436 1400 1528 1453 καὶ
1567 1396 1839 1452 ἱκετεῦσαι

211 1503 475 1569 αὐτοὺς,
501 1498 654 1555 εἷπον
675 1517 690 1532 ο
737 1500 869 1554 Ἰδοὺ
900 1499 1151 1570 πάρειμι.

302 1612 328 1645 ι
379 1593 486 1646 Ἐν
516 1594 629 1654 τοῖς
662 1592 908 1663 μνήμασι
940 1590 1031 1642 καὶ
1065 1590 1121 1640 ἐν
1143 1589 1253 1649 τοῖς
1288 1584 1572 1655 σπηλαίοις
1598 1579 1838 1651 κοιμῶν-

215 1703 319 1741 ται
354 1685 463 1739 διὰ
490 1684 716 1737 ἐνύπνια
753 1683 803 1735 οἱ
833 1681 1081 1743 ἔσθοντες
1116 1678 1283 1750 κρέας
1323 1677 1490 1739 ῦειον,
1524 1676 1617 1728 καὶ
1658 1671 1840 1740 ζωμὸν

219 1778 483 1844 θυσιῶν,
519 1774 914 1849 μεμολυμμένα
958 1774 1133 1826 πάντα
1180 1771 1248 1825 τά
1315 1768 1482 1840 σκεύη
1532 1767 1729 1820 αὐτῶν.
1774 1767 1836 1817 Oi
1876 1815 1916 1869 Β

218 1871 528 1941 λέγοντες,
557 1861 755 1938 Πόῤῥω
788 1866 883 1919 ἀπ’
913 1862 1070 1935 ἐμοῦ,
1103 1863 1177 1934 μὴ
1211 1862 1434 1931 ἐγγίσῃς
1468 1877 1578 1930 μοι,
1612 1859 1693 1911 ὅτι
1732 1873 1836 1909 κα-

221 1964 419 2037 θαρός
447 1958 589 2033 ἒίμι.
606 1954 772 2022 Οὗτος
794 1958 998 2021 καπνὸς
1024 1955 1117 2008 τοῦ
1150 1953 1321 2025 θυμοῦ
1343 1970 1460 2023 μου.
1479 1951 1596 2019 Πῦρ
1623 1949 1837 2001 καίεται

224 2059 295 2113 ἐν
330 2055 502 2126 αὑτῷ
558 2053 739 2116 πάσας
776 2051 877 2114 τὰς
931 2050 1162 2120 ἡμέρας.
1213 2046 1343 2099 Ἰδοὺ
1394 2045 1700 2114 γέγραπται
1750 2043 1837 2093 ἐν·-

222 2144 451 2202 ὠπιόν⁶
476 2161 599 2216 μου’
637 2142 711 2197 Οὑ
763 2141 1026 2210 σιωπήσω
1063 2140 1168 2201 ἕως
1207 2138 1272 2191 ἂν
1310 2134 1573 2188 ἀποδώσω
1621 2135 1699 2195 εἰς
1748 2131 1839 2184 τὸν

228 2238 459 2294 κόλπον
492 2236 671 2291 αὑτῶν
696 2233 794 2298 τὰς
823 2230 1098 2303 ἁμαρτίας
1127 2228 1306 2284 αὑτῶν
1326 2226 1419 2280 καὶ
1448 2226 1555 2278 τῶν
1588 2223 1838 2293 πατέρων

229 2332 458 2395 αὑτῶν,
506 2328 657 2398 λέγει
692 2326 918 2397 Κύριος.
968 2324 1030 2377 Οἳ
1062 2322 1362 2393 ἐθυμίασαν
1390 2319 1481 2371 ἐπὶ
1512 2317 1620 2371 τῶν
1670 2317 1838 2388 ὀρέων

232 2424 342 2478 καὶ
380 2421 615 2476 ἐπὶτῶν
646 2418 848 2491 βουνῶν
884 2416 1165 2471 ὠνείδισάν
1197 2432 1284 2486 με,
1319 2410 1581 2466 ἀποδώσω
1611 2409 1678 2461 τὰ
1703 2407 1838 2480 ἔργα

234 2516 436 2571 αὐτῶν
479 2515 561 2578 είς
604 2513 696 2565 τὸν
734 2510 932 2564 κόλπον
966 2508 1164 2563 αὑτῶν.
1198 2506 1385 2567 Οῦτως
1427 2504 1574 2571 λέγει
1612 2501 1834 2571 Κύριος·

238 2608 354 2663 Ὃν
385 2607 594 2679 τρόπον
628 2603 982 2676 εὑρεθήσεται
1024 2600 1052 2652 ὁ
1093 2599 1202 2672 ρὼξ
1258 2600 1313 2651 ἐν
1361 2596 1437 2667 τῷ
1495 2595 1698 2665 βότρυῇ
1745 2593 1839 2645 καὶ

238 2699 447 2771 ἐροῦσι
465 2716 479 2728 θ
507 2698 601 2767 Μὴ
626 2696 842 2769 λυμήνῃ
860 2694 1039 2757 αὑτὸν,
1060 2694 1139 2745 ὅτι
1167 2689 1383 2757 εὐλογία
1405 2688 1551 2741 ἐστὶν
1583 2689 1640 2739 ὲν
1669 2684 1835 2755 αὑτῷ·

241 2793 434 2856 οὕτως
463 2792 678 2861 ποιήσω
700 2789 885 2841 ’ἐνεκεν
911 2786 1003 2839 τοῦ
1043 2782 1381 2844 δουλεύοντάς
1411 2798 1520 2851 μοι.
1565 2799 1582 2829 ›
1623 2777 1760 2830 Ἀλλ’
1792 2777 1846 2828 εί

245 2885 360 2941 πού
396 2902 484 2948 τις
533 2882 683 2945 ἐντὸς
727 2880 905 2934 αὑτῶν
950 2875 1221 2947 εὑρεθείη,
1268 2874 1343 2937 ὼς
1390 2874 1446 2924 ἐν
1483 2870 1668 2941 βότρυῖ
1704 2866 1841 2940 ξηρᾷ

245 2977 423 3050 ὑγιὴς
470 2975 565 3029 καὶ
606 2972 917 3045 ἐρρωμένος
961 2968 1089 3039 pug,
1115 2969 1175 3020 οὑ
1201 2967 1537 3019 διαπεσεῖται
1562 2962 1691 3033 παρ’
1721 2962 1842 3031 ἐμοὶ

248 3069 335 3141 τῷ
368 3070 560 3139 κριτῇ,
592 3064 712 3118 οὑδέ
742 3061 1121 3116 συναπολεῖται
1165 3061 1276 3122 τοῖς
1312 3055 1720 3126 ἀπολλυμένοις,
1753 3052 1839 3105 διά

251 3116 331 3213 τῦ-
628 3116 792 3207 αὑτὸν
818 3152 1081 3219 εύλογίας.
1122 3116 1276 3201 Οὕτω
1299 3146 1355 3199 δέ
1388 3116 1538 3199 ἐσταί
1562 3146 1589 3197 ὁ
1622 3116 1732 3215 ρὼξ
1756 3137 1845 3196 οῦ-

1959 3124 2094 3195 apud
2128 3135 2215 3178 me
2242 3119 2347 3175 erit
2382 3118 2471 3172 hic
2511 3116 2722 3179 acinus,

1989 3216 2000 3230 .
2378 3220 2421 3230 _.
2452 3209 2678 3230 ,Αηημ
2715 3223 2722 3230 ,

255 3266 351 3313 τος
386 3248 570 3319 τίμιος
609 3244 737 3315 παρ’
771 3242 921 3313 ἐμοὶ,
952 3243 1061 3310 ὅσῳ
1100 3240 1192 3293 καὶ
1229 3237 1470 3298 σπάνιος.
1507 3235 1667 3288 Κατά
1692 3234 1849 3286 τοῦτο

254 3339 317 3394 δὲ
349 3340 417 3394 τὸ
448 3336 797 3410 παράδειγμα
818 3335 911 3387 καὶ
942 3334 1032 3385 ἐπὶ
1052 3330 1145 3383 τοῦ
1176 3327 1375 3390 παντὸς
1405 3326 1588 3388 ἔθνους
1620 3326 1849 3395 ποιήσω,

260 3433 427 3504 εἴπερ
475 3448 559 3494 τις
609 3427 857 3500 εὑρεθείη
895 3426 987 3477 καὶ
1032 3425 1088 3475 ἐν
1125 3420 1333 3483 τούτοις
1375 3417 1643 3488 σωτηρίας
1680 3415 1850 3481 ἄξιος.

343 3544 364 3576 ι
399 3522 606 3576 Τούτου
632 3520 817 3573 ἕνεκεν
852 3518 910 3569 οὑ
940 3517 1015 3587 μὴ
1045 3512 1294 3566 ἀπολέσω
1316 3511 1545 3575 πάντας,
1566 3509 1659 3561 καὶ
1682 3505 1854 3574 ἐξάξω

262 3615 326 3669 τὸ
355 3612 422 3679 ἐξ
464 3611 661 3666 Ἰακὼϐ
696 3610 917 3679 σπέρμα
951 3608 1043 3661 καὶ
1064 3606 1120 3671 ἐξ
1168 3604 1361 3657 Ἰούδα·
1401 3602 1495 3655 καὶ
1518 3598 1856 3670 κληρονομή-

266 3724 355 3760 σει
392 3705 454 3758 rb
499 3705 625 3776 ὅρος
667 3701 728 3755 τὸ
762 3699 915 3769 ἆγιόν
949 3714 1082 3769 μου·
1114 3696 1208 3750 καὶ
1260 3694 1759 3765 κληρονομήσουσιν
1806 3692 1855 3743 οί

266 3796 523 3852 ἐκλεκτοί
571 3812 672 3866 μου
722 3793 815 3846 καὶ
854 3793 903 3843 οἱ
936 3788 1113 3844 δοῦλοί
1156 3805 1279 3858 μου,
1308 3785 1403 3838 καὶ
1438 3784 1857 3853 κατοικήσουσιν

268 3892 412 3947 ἐκεῖ.
455 3909 474 3942 ι
513 3889 587 3942 Τὸ
624 3887 829 3957 ἀγαθὸν
879 3886 974 3938 καὶ
1022 3883 1245 3935 σπάνιον
1298 3880 1552 3949 σπέρμα,
1588 3874 1786 3945 δηλαδὴ
1830 3876 1859 3927 ὸ

268 3981 637 4044 ἀποστολικὺς
682 3979 837 4051 χορὸς
890 3976 985 4030 τοῦ
1039 3973 1276 4046 πλήθους
1322 3971 1429 4025 τῶν
1475 3968 1859 4039 ἀπολλυμένων

270 4073 613 4148 ἀφορισθείς.
647 4072 816 4125 Πάλιν
850 4068 1126 4124 κάνταῦθα
1178 4063 1467 4127 ἐκλεκτοὺς
1502 4062 1595 4115 καὶ
1645 4060 1861 4121 δούλους

270 4165 445 4224 αὑτοῦ
481 4167 608 4229 τοὺς
649 4163 979 4225 ἀποστόλους
1015 4158 1290 4231 σημαίνει,
1341 4157 1536 4218 οἵτινες
1575 4153 1650 4216 ὡς
1690 4152 1862 4224 ῥῶγες

273 4260 570 4333 εὕρηνται’
614 4256 707 4319 οὒς
733 4256 825 4309 καὶ
852 4253 1209 4323 ἐκλεξάμενος
1236 4248 1627 4320 περιφυλάττει
1661 4246 1723 4297 ἐκ
1756 4243 1865 4295 τῶν

276 4354 508 4423 ἐτέρων,
545 4350 639 4403 καὶ
675 4348 897 4420 σπέρμα
922 4347 1074 4414 ἅγιον
1105 4344 1198 4396 καὶ
1229 4340 1481 4395 ἐκλεκτὸν
1506 4338 1808 4408 ὠνόμασεν.

357 4460 377 4494 ι
409 4441 520 4494 Καὶ
549 4437 763 4492 ἔσονται
792 4440 849 4489 ἐν
869 4436 947 4506 τῷ
974 4433 1162 4506 δρυμῷ
1186 4430 1441 4493 ἐπαύλεις
1466 4428 1750 4499 ποιμνίων,
1772 4425 1866 4480 καὶ

277 4532 505 4607 φάραγξ
547 4529 725 4601 Ἀχὼρ
754 4530 833 4592 είς
853 4528 1157 4581 ἀνάπαυσιν
1186 4520 1474 4594 βουκολίων
1497 4519 1574 4589 τῷ
1590 4517 1705 4588 λαῷ
1738 4534 1859 4587 μου,

278 4627 333 4682 οἳ
391 4623 665 4697 ἐζήτησάν
702 4639 788 4693 με.
816 4639 834 4672 ι
879 4616 1095 4691 Δρυμὸν
1144 4617 1200 4669 δέ
1248 4613 1436 4668 εἴωθεν
1486 4614 1520 4683 ή
1566 4610 1757 4683 Γραφὴ
1803 4609 1865 4662 τὸ

280 4718 496 4789 πλῆθος
521 4718 628 4769 τῶν
655 4713 968 4784 ἀλλοφύλων
990 4712 1175 4764 καλεῖν
1204 4708 1297 4762 καὶ
1337 4704 1638 4774 ἀλλογενῶν
1662 4702 1830 4756 ἐθνῶν
1849 4718 1863 4731 ⁶

282 4813 345 4865 ἐν
370 4807 452 4875 οἷς
488 4808 743 4871 ἐπαύλεις
783 4805 1048 4875 ποιμνίων
1075 4801 1290 4855 ἔσεσθαι
1320 4799 1601 4862 θεσπίζει,
1644 4795 1741 4859 τὰς
1776 4797 1868 4848 ἐκ-

284 4902 518 4975 κλησίας
543 4900 651 4954 τῶν
679 4897 773 4952 τοῦ
821 4896 956 4949 Θεοῦ
986 4893 1271 4966 προϐάτων
1305 4891 1692 4961 αἰνιττόμενος.
1728 4887 1869 4949 Λαὸς

285 4997 345 5052 δὲ
364 4999 393 5050 ὁ
426 4993 733 5065 ἐκζητήσας
754 4990 914 5044 αὑτὸν
940 4990 968 5040 ὁ
1001 4987 1110 5060 ρὼξ
1136 4982 1204 5058 ἦν
1235 4985 1330 5039 καὶ
1362 4983 1422 5035 τὸ
1438 4981 1694 5053 ἀνωτέρω
1719 4981 1871 5052 εἷρηη

293 5087 454 5160 μένον
492 5064 713 5156 σπέρμα
754 5082 803 5134 οἱ
855 5080 1101 5134 ἐκλεκτοὶ
1140 5076 1349 5131 δοῦλον
1395 5074 1461 5126 δι’
1493 5064 1567 5125 ὧν
1620 5071 1872 5142 βουκόλια

293 5177 432 5250 βοῶν
475 5176 572 5231 καὶ
622 5174 848 5244 ποίμνια
889 5168 1260 5241 συστήσασθαι
1293 5167 1391 5219 οὑκ
1423 5167 1478 5217 ἐν
1522 5160 1600 5233 τῷ
1640 5161 1876 5233 Ἰσραὴλ,

291 5271 413 5326 οὑδὲ
434 5272 493 5324 ἐν
523 5272 588 5341 τῇ
632 5265 901 5320 Ἰουδαίων
925 5263 1100 5335 χώρᾳ,
1128 5260 1263 5315 ἀλλὰ
1294 5262 1351 5312 ἐν
1379 5257 1457 5327 τῷ
1485 5254 1675 5329 δρυμῷ
1702 5255 1795 5308 καὶ
1817 5254 1875 5306 ἐν

254 5424 258 5428 ὁ
293 5367 360 5435 τῇ
390 5361 646 5433 λεχθείσῃ
680 5360 925 5429 φάραγγι
971 5353 1149 5426 Ἀχὼρ
1173 5350 1524 5425 προφητεύει.

255 5457 263 5501 l
373 5473 391 5506 ι
437 5453 627 5523 Ὑμεῖς
675 5450 732 5503 δὲ
768 5451 817 5501 οἱ
851 5446 1309 5517 ἐγκαταλιπόντες
1347 5460 1434 5514 με,
1466 5442 1561 5494 καὶ
1595 5436 1880 5493 ἐπιλανθα-

296 5548 511 5619 νόμενοι
544 5546 605 5598 τὸ
640 5543 763 5615 ὅρος
797 5542 856 5595 τὸ
896 5540 1048 5609 ἅγιόν
1084 5555 1214 5610 μου,
1264 5535 1357 5589 καὶ
1394 5532 1770 5604 ἐτοιμάζοντες
1804 5528 1881 5599 τῷ

298 5638 561 5712 δαιμονίῳ
614 5635 935 5710 τράπεζαν.
989 5632 1085 5686 καὶ
1139 5628 1467 5700 πληροῦντες
1510 5629 1575 5697 τῇ
1616 5624 1754 5695 τύχῃ
1793 5623 1882 5675 κέ-

304 5750 510 5806 ρασμα.
551 5730 692 5799 Ἐγὼ
720 5724 1030 5800 παραδώσω
1060 5724 1205 5794 ὑμᾶς
1238 5724 1316 5785 εἰς
1344 5722 1647 5793 μάχαιρανο
1686 5717 1885 5778 πάντες

303 5828 359 5881 ἒν
392 5827 573 5897 σφαγῇ
596 5821 847 5876 πεσεῖσθε
871 5837 882 5849 °
922 5819 1003 5872 ὅτι
1040 5816 1271 5871 ἐκάλεσα
1304 5815 1467 5885 ὑμᾶς,
1513 5816 1605 5867 καὶ
1626 5812 1721 5882 οὐχ
1756 5811 1886 5879 ὑπη-

1940 563 2119 619 studio
2142 569 2343 627 motus,
2379 573 2555 613 meam
2586 573 2711 628 erga
2736 555 2985 611 homines
3012 550 3354 608 clementiam
3390 563 3519 618 per-

1939 654 2173 724 pendere
2213 651 2365 718 velit,
2392 653 2440 705 is
2467 649 2706 704 inveniet
2735 664 2820 703 me
2854 662 3065 718 semper
3100 646 3183 702 vel
3211 660 3327 711 eos,
3353 644 3443 713 qui
3481 656 3511 697 a

1938 745 2243 815 cognitione
2273 757 2393 797 mea
2424 740 2611 811 procul
2640 741 2829 796 remoti
2858 748 3038 804 erant,
3062 736 3340 792 beneﬁciis
3369 749 3513 802 prtu-

1938 838 2173 891 venisse.
2226 836 2293 890 Et
2340 849 2469 889 vero
2500 834 2795 898 extraneis,
2849 832 2942 900 qui
2978 846 3063 885 me
3117 842 3388 897 nunquam
3431 826 3516 879 in-

1942 933 2355 995 terrogaveram
2393 965 2409 990 ,
2466 922 2536 977 ob
2589 921 2697 976 vim
2759 921 2986 975 allectus
3045 918 3172 983 mei,
3226 914 3515 972 manifeste

1939 1017 2184 1085 apparui,
2224 1017 2293 1069 ita
2322 1024 2379 1069 ut
2414 1015 2528 1083 jam
2575 1014 2894 1083 alienigena:
2945 1020 3000 1065 et
3033 1008 3301 1081 peregrini
3338 1008 3516 1073 cogni-

1940 1111 2139 1164 tionem
2176 1108 2279 1161 mei
2332 1106 2567 1161 assecuti
2613 1106 2762 1173 sint;
2801 1104 2901 1160 etsi
2933 1102 3007 1158 illi
3038 1099 3237 1155 nullam
3292 1113 3515 1168 operam

1940 1217 2001 1256 ea
2032 1202 2084 1255 in
2120 1215 2177 1254 re
2205 1199 2472 1254 dederint.
2503 1198 2615 1252 lmo
2643 1197 2805 1251 etiam
2845 1195 2933 1260 iis,
2959 1195 3049 1263 qui
3082 1192 3309 1262 gratiam
3338 1205 3515 1245 meam

1941 1308 2049 1348 non
2107 1291 2447 1359 quaarebant,
2482 1304 2675 1358 preces
2710 1302 2902 1342 eorum
2955 1292 3287 1353 praeverteris
3342 1282 3513 1351 ipsam

1943 1380 2141 1437 tradidi
2176 1397 2189 1434 :
2228 1379 2543 1450 priusquam
2576 1385 2852 1449 rogarent,
2895 1374 3213 1446 priusquam
3244 1370 3514 1442 supplica-

1942 1481 2084 1535 rent,
2114 1471 2248 1535 dixi,
2273 1471 2413 1525 Ecce
2448 1471 2659 1524 adsum.

2015 1565 2174 1617 Vens.
2207 1562 2323 1617 4-8.
2347 1580 2364 1613 ι
2391 1563 2447 1615 In
2484 1562 2747 1631 sepulcris
2768 1569 2823 1615 et
2856 1560 2908 1615 in
2943 1558 3218 1631 speluncis
3242 1554 3519 1612 dormiunt

1944 1663 2161 1724 propter
2186 1653 2422 1717 somnia,
2464 1653 2552 1721 qui
2602 1652 2894 1706 comedunt
2931 1665 3148 1706 carnem
3197 1648 3431 1712 suillam,
3464 1654 3520 1700 et

1940 1748 2028 1816 jus
2072 1745 2392 1809 hosdarum,
2431 1743 2657 1813 profana
2700 1758 2825 1796 vasa
2854 1741 3036 1796 omnia
3082 1756 3289 1795 eorum.
3319 1738 3521 1805 Quidi-

1944 1849 2091 1903 cunt,
2127 1838 2310 1907 Longe
2344 1852 2374 1890 a
2407 1850 2510 1899 me,
2540 1850 2613 1888 ne
2635 1833 3037 1903 appropinques
3073 1830 3232 1898 mihi,
3261 1829 3517 1899 quoniam

1942 1932 2171 1986 mundus
2195 1945 2339 1984 sum.
2360 1928 2466 1983 Iste
2497 1936 2579 1983 est
2608 1926 2785 1979 fumus
2821 1925 3019 1979 furoris
3046 1921 3172 1977 mei.
3200 1921 3344 1992 Ignis
3367 1921 3520 1975 ardet

1942 2021 1993 2075 in
2027 2034 2091 2075 eo
2119 2020 2334 2074 cunctis
2354 2018 2562 2071 diebus.
2592 2016 2730 2070 Ecce
2747 2015 3005 2085 scriptum
3036 2024 3116 2067 est
3150 2013 3201 2066 in
3226 2022 3519 2080 conspectu

1941 2128 2062 2169 meo
2090 2129 2108 2165 ι
2142 2109 2255 2167 Non
2299 2111 2486 2166 tacebo
2549 2110 2723 2163 donec
2755 2107 2975 2163 reddam
3029 2106 3082 2160 in
3109 2106 3282 2160 sinum
3328 2118 3518 2157 eorum

1941 2214 2163 2275 peccata
2198 2205 2435 2273 ipsorum
2468 2210 2524 2257 et
2566 2208 2779 2271 patrum
2809 2213 3055 2261 suorum,
3084 2197 3212 2250 dicit
3239 2194 3518 2249 Dominus.

1941 2296 2042 2363 Qui
2071 2294 2425 2349 adoleverunt
2451 2293 2731 2347 incensum
2782 2304 2941 2359 supra
2991 2298 3203 2342 montes
3261 2296 3316 2340 et
3358 2300 3520 2356 supra

1941 2387 2105 2443 colles
2124 2383 2752 2457 exprobraveruntmihi,
2774 2380 3065 2445 retribuam
3086 2392 3244 2447 opera
3265 2392 3450 2431 eorum
3466 2377 3521 2432 in

1941 2479 2115 2534 sinum
2129 2492 2336 2533 eorum.
2355 2476 2445 2530 Sic
2457 2474 2886 2529 dicitDominus:
2903 2470 3360 2537 Quemadmodum
3375 2469 3527 2523 inve-

1943 2572 2119 2625 nietur
2137 2570 2321 2624 acinus
2337 2568 2387 2622 in
2420 2568 2595 2630 botro,
2613 2575 2666 2619 et
2680 2565 2858 2618 dicent
2878 2582 2890 2617 :
2913 2561 2989 2616 Ne
2999 2562 3191 2629 perdas
3208 2560 3377 2623 illum,
3398 2559 3524 2626 quia

1941 2661 2247 2717 benedictio
2274 2669 2356 2715 est
2384 2660 2438 2713 in
2462 2658 2552 2713 illo
2588 2674 2603 2721 ;
2634 2658 2712 2711 sic
2736 2655 2926 2709 faciam
2953 2664 3170 2723 propter
3194 2652 3521 2706 servientem

1944 2751 2097 2806 milii.
2132 2768 2150 2802 ι
2190 2749 2295 2804 Sed
2339 2749 2383 2803 si
2417 2747 2538 2817 quis
2598 2747 2740 2798 inter
2785 2759 2880 2798 eos
2920 2743 3246 2811 reperiatur,
3285 2741 3425 2794 sicut
3469 2738 3523 2792 in

1942 2846 2102 2900 botro
2127 2843 2299 2905 arida,
2320 2855 2487 2896 sanus
2513 2836 2837 2904 vividusque
2855 2835 3065 2896 acinus,
3092 2847 3194 2886 non
3214 2827 3525 2898 cadetapud

1944 2951 2029 2992 me
2060 2936 2318 3007 iudicem,
2371 2930 2553 3001 neque
2585 2945 2706 2985 cum
2750 2926 3106 2999 pereuntibus
3143 2922 3361 2993 peribit,
3398 2918 3525 2988 quia

1947 3027 2345 3085 benedictionis
2382 3023 2661 3094 particeps
2685 3030 2789 3076 est.
2814 3017 2988 3071 Tanto
3015 3023 3193 3069 autem
3237 3009 3527 3082 pretiosior

2768 3120 2973 3182 quanto
3022 3108 3221 3162 rarior.
3261 3106 3342 3159 Ad
3382 3103 3527 3157 hunc

1950 3216 2108 3287 plane
2124 3213 2339 3269 modum
2371 3220 2426 3266 et
2452 3209 2681 3264 formam
2712 3220 2832 3260 cum
2862 3212 3018 3270 gente
3047 3206 3159 3255 tota
3191 3211 3304 3253 rem
3345 3208 3523 3264 agam,

1951 3308 2001 3363 si
2033 3307 2155 3378 quis
2178 3318 2346 3375 penes
2374 3302 2496 3357 illos
2518 3298 2818 3370 reperiatur
2844 3294 3019 3350 salute
3041 3291 3249 3360 dignus.

2024 3487 2187 3543 Vens.
2215 3485 2268 3540 9.
2295 3501 2314 3535 ι
2343 3480 2467 3536 Ideo
2498 3494 2603 3534 non
2643 3474 2866 3547 perdam
2903 3485 3111 3535 omnes,
3138 3474 3194 3521 et
3215 3466 3439 3520 educam
3460 3459 3529 3514 de

1953 3580 2119 3636 Jacob
2142 3592 2347 3639 semen,
2368 3583 2422 3629 et
2447 3573 2512 3627 de
2531 3570 2666 3626 Juda
2690 3586 2704 3623 :
2725 3577 2778 3624 et
2814 3562 3112 3637 possidebit
3136 3567 3370 3613 montem
3396 3568 3531 3607 san-

1957 3683 2102 3728 ctum
2125 3684 2301 3724 meum
2326 3684 2341 3721 :
2370 3676 2423 3722 et
2444 3662 2840 3720 hmreditabunt
2858 3657 3014 3715 electi
3038 3654 3142 3710 mei
3163 3661 3217 3707 et
3239 3647 3379 3705 servi
3403 3643 3531 3708 mei,

1956 3774 2011 3818 et
2037 3759 2356 3818 habitabant
2388 3757 2483 3811 ibi.
2515 3773 2534 3807 ι
2555 3754 2759 3807 Bonum
2786 3760 2840 3804 et
2874 3760 3053 3801 rarum
3089 3756 3296 3802 semen,
3336 3733 3531 3789 videli-

1960 3865 2045 3911 cet
2086 3853 2416 3924 apostolicus
2446 3849 2681 3911 chorus,
2728 3858 2758 3896 a
2803 3837 3151 3912 pereuntium
3190 3826 3536 3887 multitudine

1961 3954 2357 4019 sequestratus.
2373 3941 2471 3995 llic
2495 3951 2708 3993 rursum
2735 3935 2937 3990 electos
2960 3940 3012 3985 et
3032 3941 3218 3985 servos
3245 3937 3373 3979 suos
3396 3933 3527 3989 apo-

1963 4011 2131 4098 stolos
2151 4046 2334 4102 vocat,
2368 4034 2459 4103 qui
2485 4032 2633 4085 velut
2656 4026 2796 4083 acini
2823 4022 3024 4093 reperti
3053 4025 3205 4081 sunt,
3236 4028 3373 4084 quos
3402 4011 3530 4065 item

1963 4136 2032 4189 ab
2054 4148 2112 4188 se
2133 4131 2335 4187 electos
2352 4143 2419 4181 ex
2447 4124 2569 4178 aliis
2591 4119 2848 4185 servavit,
2881 4124 2939 4171 et
2974 4124 3163 4168 semen
3199 4114 3445 4162 sanctum
3479 4107 3536 4155 et

1964 4228 2196 4283 electum
2237 4218 2471 4276 vocavit.

2037 4405 2205 4461 Vens.
2243 4402 2325 4457 lt).
2360 4417 2380 4451 ι
2421 4398 2491 4454 Et
2532 4401 2689 4466 erunt
2724 4392 2776 4447 in
2804 4387 2942 4444 saltu
2989 4381 3157 4440 caulze
3196 4388 3444 4448 gregum,
3482 4376 3537 4424 et

1900 4493 1944 4548 Ι)
1974 4500 2130 4555 vallis
2162 4496 2343 4551 Achor
2380 4495 2431 4547 in
2476 4488 2716 4558 requiem
2756 4489 3129 4538 armentorum
3168 4469 3366 4543 populo
3396 4478 3540 4528 meo,

1973 4596 2065 4667 qui
2091 4591 2417 4665 quaesierunt
2442 4598 2547 4638 me.
2580 4601 2597 4633 ι
2619 4579 2772 4635 Solet
2801 4575 3084 4642 Scriptura
3119 4565 3543 4632 alienigenarum

1975 4658 2032 4743 et
2060 4695 2441 4743 extranearum
2466 4674 2702 4749 gentium
2732 4665 3134 4725 multitudinem
3158 4658 3355 4715 saltum
3382 4664 3545 4749 voca:

1978 4796 2056 4845 re,
2093 4780 2146 4833 in
2177 4775 2374 4847 quibus
2413 4738 2599 4825 caulas
2632 4778 2853 4838 gregum
2902 4760 3019 4814 fore
3067 4752 3418 4809 vaticinatur,
3452 4738 3547 4796 Dei

1967 4873 2149 4935 ovium
2190 4866 2449 4925 ecclesias
2498 4859 2866 4917 subindicans.
2908 4848 3144 4919 Populus
3176 4858 3307 4899 vero
3334 4838 3426 4909 qui
3455 4848 3550 4888 cx-

1972 4964 2191 5042 quisivit
2215 4976 2361 5022 eum,
2391 4956 2580 5011 acinus
2599 4958 2739 5017 erat,
2780 4957 2835 5003 et
2860 4960 3043 5002 semen
3077 4937 3325 5009 superius
3347 4941 3553 4985 memo—

1976 5024 2153 5117 ratum
2178 5095 2194 5119 ,
2228 5052 2387 5107 electi
2438 5048 2556 5118 ejus
2595 5044 2780 5099 famuli
2810 5057 2825 5096 :
2860 5054 3091 5111 quorum
3141 5048 3304 5103 Opera
3365 5024 3554 5082 caulas

1976 5155 2138 5209 boum
2177 5155 2231 5201 et
2270 5142 2429 5196 ovilia
2467 5156 2572 5193 non
2599 5138 2653 5192 in
2692 5133 2911 5198 lsraele,
2942 5127 3186 5199 nequein
3219 5122 3424 5181 Iudaea,
3459 5116 3554 5172 sed

1982 5247 2035 5301 in
2062 5242 2199 5298 saltu
2244 5247 2298 5293 et
2344 5237 2395 5289 in
2443 5240 2740 5288 memorata
2776 5225 2917 5281 valle
2959 5221 3139 5277 Achor
3177 5210 3556 5271 constituenda

1982 5352 2103 5393 esse
2134 5329 2482 5403 praenuntiat.

2054 5399 2221 5484 Vsus.
2260 5424 2348 5490 11,
2384 5421 2473 5475 ιε.
2503 5437 2521 5470 ι
2554 5416 2661 5471 Vos
2689 5423 2894 5476 autem,
2923 5407 3014 5478 qui
3044 5399 3411 5471 dereliquistis
3451 5410 3555 5459 me,

1985 5533 2039 5579 et
2065 5519 2216 5577 obliti
2245 5488 2376 5572 estis
2392 5511 2589 5568 montis
2612 5507 2780 5563 sancti
2806 5503 2935 5566 mei,
2959 5499 3048 5569 qui
3074 5495 3276 5568 paratis
3299 5488 3561 5547 daemonio

1990 5630 2254 5678 mensam,
2290 5624 2344 5667 et
2372 5609 2462 5678 qui
2498 5603 2735 5675 impletis
2768 5602 2996 5655 fortuna:
3027 5594 3278 5648 libamen.
3302 5589 3414 5660 Ego
3454 5595 3563 5639 tra-

1995 5714 2115 5768 dam
2160 5722 2256 5762 vos
2305 5705 2357 5759 in
2395 5699 2630 5772 gladium
2677 5715 2689 5750 :
2732 5707 2921 5749 omnes
2965 5689 3016 5743 in
3065 5685 3209 5742 cattle
3253 5681 3559 5738 corruetis:

1996 5802 2249 5875 quoniam
2273 5795 2458 5854 vocavi
2485 5807 2597 5860 vos,
2630 5799 2681 5846 et
2705 5805 2808 5846 non
2844 5783 3167 5847 audivistis;
3201 5780 3407 5833 locutus
3424 5785 3563 5837 sum,
