3968 6532
495 393 590 449 5η

1166 389 1437 447 EUSEBII
1477 385 1954 448 CESARIENSIS
1990 391 2141 448 OPP.
2182 387 2362 444 PARS
2399 387 2488 443 Ill.
2527 417 2598 429 —
2630 384 3040 443 EXEGETICA.

3666 379 3812 438 51%

497 521 549 566 et
580 509 1002 581 GoittL-tttpsistis,
1022 518 1072 564 et
1096 509 1302 566 fecistis
1332 511 1526 565 malum
1545 511 1596 565 in
1612 523 1901 581 conspectu
1926 528 2060 576 meo,

2171 509 2400 563 κούσατε
2416 508 2549 579 (42)·
2566 508 2802 579 ἐλάλησα
2817 507 2910 561 καὶ
2930 504 3337 578 παρηκούσατε,
3353 504 3446 557 καὶ
3457 503 3617 576 έποιή
3631 521 3770 557 σατ
3799 526 3804 530 ·

495 616 548 661 et
573 621 692 674 qua;
737 604 983 658 nolebam
1016 602 1279 673 elegistis.
1320 623 1338 655 ι
1376 605 1641 670 Quoniam
1686 621 1784 673 ego
1822 606 1936 674 ipse
1974 606 2064 673 qui

494 713 586 752 vos
623 697 910 766 praesentia
951 710 1068 750 mea
1115 696 1305 764 dignos
1351 695 1511 749 habui
1539 738 1552 761 ,
1604 711 1702 750 vos
1737 695 1944 765 priores
1973 711 2067 764 per

492 790 872 858 memetipsum
917 789 1126 852 vocavi,
1178 803 1276 844 vos
1319 800 1499 844 autem
1548 803 1654 842 non
1695 789 2012 844 obedivistis
2049 805 2062 840 :

488 899 652 952 quam
686 883 817 937 item
843 881 1283 936 criminationem
1323 883 1473 951 prius
1503 877 1795 934 eil'erebam
1836 879 1918 934 his
1949 895 2069 932 ver-

490 977 593 1041 bis,
627 994 644 1027 ι
689 975 825 1042 Quia
857 976 1002 1040 veni,
1032 984 1089 1030 et
1127 991 1233 1029 non
1258 984 1376 1030 erat
1406 975 1599 1040 homo;
1625 973 1837 1041 vocavi,
1878 983 1932 1028 et
1961 989 2064 1027 non

487 1076 607 1123 erat
638 1070 728 1139 qui
773 1068 1009 1122 audiret.
1042 1087 1059 1119 ι
1094 1067 1330 1122 Rursum
1361 1067 1414 1122 in
1447 1067 1702 1137 populum
1741 1066 1877 1120 tales
1901 1079 2032 1119 accu
2053 1097 2065 1106 -

488 1159 728 1213 sationes
773 1159 1029 1224 instituit,
1065 1157 1265 1211 docens
1301 1171 1359 1212 se
1381 1194 1396 1220 ,
1438 1165 1620 1226 utpote
1651 1154 1845 1218 Deum,
1878 1155 1970 1222 qui
2001 1154 2068 1208 ad

481 1250 709 1317 justitia:
733 1250 987 1304 trutinam
1014 1249 1195 1303 omnia
1243 1248 1429 1313 faciat,
1466 1260 1743 1316 nunquam
1793 1244 2070 1314 neglectu-

488 1358 610 1397 rum
642 1357 736 1397 eos
775 1356 919 1406 esse,
958 1343 1050 1412 qui
1083 1341 1185 1396 sibi
1217 1340 1411 1411 quovis
1441 1339 1494 1394 in
1539 1339 1659 1394 loco
1708 1337 1971 1402 serviant,
2001 1352 2066 1391 ex

485 1452 817 1507 quacunque
859 1447 1019 1507 gente
1069 1435 1292 1491 fuerint.
1333 1433 1535 1490 Omnes
1570 1433 1805 1504 quippe,
1837 1433 1929 1502 qui
1965 1432 2066 1486 sibi

489 1529 700 1583 servire
741 1536 1074 1602 preponunt,
1110 1526 1283 1582 salute
1313 1526 1498 1579 donat.
1532 1524 1681 1594 Ipsos
1709 1524 1877 1596 igitur
1915 1524 2068 1578 exci-

487 1622 628 1692 piet,
660 1637 724 1676 ac
759 1621 826 1676 iis
865 1621 1141 1677 ccelestem
1185 1620 1363 1676 cibum
1399 1619 1790 1690 suppeditabit,
1829 1618 2068 1675 salutare

487 1727 685 1780 nempe
717 1712 976 1777 Verbum,
1013 1711 1156 1782 quod
1181 1710 1278 1776 ait,
1309 1728 1328 1762 ι
1372 1709 1484 1778 Ego
1513 1725 1632 1765 sum
1666 1709 1844 1779 panis,
1876 1708 1965 1778 qui
2000 1708 2068 1763 de

486 1802 628 1858 caelo
658 1803 912 1859 descendi
939 1804 1004 1857 ’⁸.
1037 1823 1056 1856 ι
1093 1803 1160 1858 Et
1214 1802 1269 1857 bi
1325 1803 1542 1872 quidem
1597 1811 1900 1856 memorato
1931 1817 2068 1869 pane

486 1896 798 1951 nutrientur
826 1904 881 1951 et
905 1896 1332 1959 saturabuntur;
1367 1910 1464 1950 vos
1498 1904 1702 1958 autem,
1752 1893 1948 1963 inquit,
1977 1895 2068 1963 qui

485 1989 718 2060 gratiam
745 2005 918 2044 meam
949 2004 1056 2045 non
1085 1988 1427 2058 suscepistis,
1467 1985 1809 2041 rationabilis
1835 1985 1942 2040 cibi
1971 2001 2067 2055 pe-

485 2081 643 2136 nuria
670 2082 925 2137 esurietis
952 2099 967 2137 :
997 2081 1236 2152 itemque
1265 2081 1355 2151 qui
1384 2080 1514 2134 mihi
1557 2078 1799 2134 serviunt
1841 2077 2067 2133 immor-

484 2173 612 2229 talis
671 2174 797 2228 vitae
851 2185 978 2244 potu
1029 2173 1406 2244 replebuntur,
1457 2171 1526 2226 de
1567 2186 1676 2241 quo
1721 2171 1927 2226 dictum
1958 2180 2063 2236 est,

489 2283 509 2317 ι
553 2265 875 2336 Quicunque
912 2266 1112 2321 biberit
1146 2281 1214 2320 ex
1254 2281 1394 2334 aqua
1437 2280 1600 2336 quam
1643 2278 1744 2331 ego
1785 2264 1923 2319 dabo
1972 2264 2061 2327 ei,

483 2356 581 2414 fiet
615 2358 669 2413 in
695 2373 760 2415 eo
787 2358 906 2414 fons
933 2374 1086 2430 aqua:
1112 2359 1361 2415 salientis
1387 2359 1442 2414 in
1468 2357 1633 2412 vitam
1662 2357 2005 2412 aeternam”.
2041 2379 2059 2409 ι

470 2516 478 2546 ³
554 2537 720 2594 Vens.
756 2539 939 2596 15-15.
965 2560 983 2590 ι
1015 2540 1308 2612 Propterea
1327 2540 1444 2596 haec
1468 2540 1600 2596 dicit
1627 2540 1908 2606 Dominus,
1929 2539 2067 2594 Ecce

483 2629 574 2699 qtti
606 2631 848 2686 serviunt
876 2632 1009 2686 mihi
1055 2634 1377 2699 comedent;
1407 2648 1505 2687 vos
1549 2643 1729 2688 autem
1758 2633 2013 2690 esurietis
2047 2649 2060 2684 :

482 2739 610 2780 ecce
626 2727 718 2796 qui
735 2727 978 2782 serviunt
997 2728 1130 2782 mihi
1148 2727 1357 2792 bibent,
1373 2741 1470 2783 vos
1487 2738 1665 2783 autem
1687 2727 1888 2783 sitietis
1907 2745 1922 2781 :
1938 2739 2066 2782 ecce

480 2819 573 2888 qui
615 2818 866 2874 seriiuut
896 2818 1027 2874 mihi
1065 2819 1413 2885 laetabuntur,
1436 2834 1533 2875 vos
1549 2829 1730 2875 autem
1766 2819 2065 2875 confunde-

480 2910 616 2964 tnini
649 2927 664 2963 :
704 2925 832 2966 ecce
855 2912 948 2981 qui
978 2912 1221 2968 serviunt
1243 2912 1374 2967 mihi
1401 2913 1752 2968 exsultabunt
1776 2913 1830 2966 in
1859 2911 2060 2976 laetitia,

479 3014 579 3055 vos
599 3009 782 3056 autem
806 3002 1113 3058 clamabitis
1139 3014 1362 3074 propter
1393 3003 1634 3058 dolorem
1665 3005 1848 3059 cordis
1873 3003 2060 3071 vestri,

478 3101 579 3147 eta
602 3094 930 3149 contritione
956 3095 1180 3165 spiritus
1202 3096 1374 3151 vestri
1405 3096 1699 3153 ululabilis.
1724 3097 2062 3168 Relinquetis

2166 600 2227 653 τὸ
2277 601 2511 672 πονηρὸν
2541 602 2781 655 ἐναντίον
2811 600 2970 672 ἐμοῦ,
3010 600 3103 652 καὶ
3135 599 3170 653 ἀ
3198 599 3297 652 οὐκ
3339 598 3654 669 ἐϐουλόμην
3691 599 3792 663 ἐξα

2167 691 2440 756 ελέξασθε.
2473 713 2490 744 ›
2512 693 2726 766 Ἐπειδὴ
2743 693 2904 756 αὐτὸς
2925 691 3033 762 ἐγὼ
3061 692 3160 763 τῆς
3191 690 3428 760 ἐμαυτοῦ
3452 691 3794 762 παρουσίας

2167 783 2516 851 καταξιώσας
2549 786 2696 848 ὑμᾶς
2733 785 2929 849 αὐτοὺς
2951 783 3197 856 πρώτους
3227 784 3372 854 ὑμᾶς
3412 783 3477 836 δι’
3512 781 3793 852 ὲμαυτο⁹

2168 877 2432 947 κέκληκα*
2472 878 2629 948 ὑμεῖς
2662 877 2718 931 δὲ
2743 879 2841 948 οὐχ
2865 875 3211 937 ὑπηκούσατε
3231 891 3242 905 ·
3273 876 3354 927 ὅτι
3382 874 3474 927 καὶ
3506 875 3612 945 πρὸ
3638 874 3769 927 τού

2167 988 2262 1024 του
2291 970 2540 1042 ᾐτιώμην
2573 972 2767 1041 λέγων’
2802 991 2818 1022 ι
2845 970 2988 1024 Διότι
3018 966 3200 1040 ἦλθον,
3232 969 3325 1022 καὶ
3349 963 3527 1039 οὐκῆν
3549 967 3660 1021 ἀνθ
3674 985 3791 1038 pm

2170 1081 2293 1128 ποςο
2328 1064 2586 1130 ἐκάλεσα,
2618 1064 2713 1118 καὶ
2735 1065 2834 1118 οὐκ
2855 1059 2922 1135 ἦν
2954 1065 2982 1117 ό
3010 1061 3320 1116 ὑπακούων.
3363 1082 3381 1114 ι
3420 1061 3589 1116 Πάλιν
3619 1060 3796 1132 πρὸς

2167 1153 2260 1207 τὸν
2300 1153 2428 1208 λαὸν
2469 1153 2566 1218 τὰς
2604 1153 2973 1225 προκειμένας
3006 1155 3240 1205 ποιεῖται
3279 1151 3642 1222 κατηγορίας,
3694 1149 3775 1201 δι-

2167 1245 2404 1310 δάσκων,
2458 1245 2534 1309 ὡς
2578 1244 2924 1316 δικαιοσύνης
2969 1243 3119 1314 ζυγῷ
3147 1244 3325 1298 πάντα
3355 1242 3636 1314 πράττων,
3696 1241 3796 1304 ὡς

2169 1333 2322 1397 Θεὸς,
2341 1333 2590 1405 οὐδαμῶς
2621 1333 2720 1404 μὲν
2743 1333 3050 1405 παρόψεται
3076 1334 3203 1396 τούς
3224 1334 3347 1386 ὅποι
3371 1332 3572 1402 δήποτε
3601 1330 3791 1400 αὐτῷ

2167 1425 2544 1490 δουλεύοντας,
2587 1424 2647 1492 ἐξ
2685 1426 2799 1480 οἵου
2833 1427 2877 1479 δ’
2908 1426 2974 1479 ἂν
3008 1409 3194 1489 ἔθνους
3227 1420 3355 1479 εἶεν.
3391 1425 3606 1488 Πάντας
3648 1424 3790 1496 γὰρ

2170 1518 2356 1583 ἁπλῶς
2384 1517 2636 1584 διασώζει
2659 1521 2787 1583 τοὺς
2829 1517 3096 1573 δουλεύειν
3135 1518 3284 1590 αὐτῷ
3314 1518 3786 1592 προῃρημένους.

2171 1609 2542 1682 Παραδέξεται
2572 1607 2686 1674 οὖν,
2724 1612 2820 1666 καὶ
2863 1611 3074 1676 τούτοις
3106 1611 3332 1684 παρέξει
3378 1611 3475 1684 τὴν
3517 1611 3786 1684 ἐπουράν

2169 1722 2281 1759 νιον
2313 1705 2542 1777 τροφὴν,
2576 1705 2670 1758 τὸν
2693 1705 2868 1774 Λόγον
2901 1704 2998 1759 τὸν
3039 1707 3305 1777 σωτήριον
3335 1705 3426 1758 τὸν
3461 1707 3784 1778 εἰρηκόταο

2175 1821 2194 1854 ι
2238 1801 2379 1871 Ἐγώ
2420 1803 2536 1872 εἰμι
2579 1801 2608 1853 ὁ
2650 1801 2814 1872 ἄρτος
2859 1803 2888 1855 ό
2931 1803 2995 1854 ὲκ
3032 1801 3126 1854 τοῦ
3155 1801 3385 1872 οὐρανοῦ
3415 1801 3695 1865 καταϐάς.
3753 1822 3780 1853 ι

2170 1882 2328 1945 Οὗτοι
2376 1891 2473 1963 μὲν
2520 1885 2611 1944 οῦν
2657 1890 2734 1962 τῷ
2779 1891 3021 1962 λεχθέντι
3055 1894 3204 1965 ἄρτῳ
3246 1893 3616 1965 τραφήσονται
3664 1892 3781 1945 καὶ

2169 1983 2662 2057 ὲμπλησθήσονταιο
2683 1985 2839 2056 ὑμεῖς
2858 1983 2934 2048 δὲ,
2955 1986 3106 2054 φησι,
3125 1985 3173 2036 οί
3199 1983 3273 2055 μὴ
3288 1985 3386 2057 τὴν
3403 1984 3541 2055 ἐμὴν
3561 1984 3780 2037 ὑποδε-

2169 2075 2394 2148 ξάμενοι
2421 2077 2604 2150 χάριν,
2633 2078 2810 2150 ἐνδείᾳ
2844 2077 3068 2148 λογικῆς
3091 2078 3297 2149 τροφῆς
3320 2077 3584 2148 λιμώξετε
3602 2093 3618 2108 ·
3663 2077 3777 2130 καὶ

2168 2170 2334 2223 πάλιν
2358 2172 2405 2224 οἱ
2441 2171 2540 2240 μὲν
2576 2171 2700 2241 ἐμοὶ
2728 2168 3069 2234 δουλεύοντες
3103 2169 3444 2240 πότουζωῆς
3477 2168 3771 2222 ἀθανάτου

2168 2263 2606 2335 πλησθήσονται,
2648 2263 2777 2334 περὶ
2818 2255 2878 2316 οὗ
2917 2262 3200 2316 λέλεκται”
3241 2281 3260 2314 ι
3300 2264 3397 2326 Ὃς
3428 2262 3494 2316 ἂν
3545 2261 3647 2333 πίῃ
3698 2263 3773 2314 ὲκ

2165 2357 2260 2410 τοῦ
2293 2357 2503 2420 ὓδατος,
2534 2347 2596 2410 οὐ
2643 2354 2754 2425 ἐγὼ
2786 2355 2942 2410 δώσω
2972 2355 3140 2428 αὐτῷ,
3170 2357 3456 2428 γενήσεται
3494 2358 3551 2409 ἐν
3601 2355 3774 2428 αὐτῷ

2166 2450 2316 2521 πηγὴ
2348 2448 2536 2512 ὕδατος
2566 2447 2856 2519 ἁλλομένου
2880 2449 2959 2510 είς
2991 2447 3134 2520 ζωὴν
3155 2448 3392 2503 αἰώνιον.
3416 2467 3434 2499 ι

2240 2561 2258 2592 ι
2313 2540 2413 2594 Διά
2457 2540 2614 2594 τοῦτο
2652 2540 2778 2594 τάδε
2826 2539 2973 2610 λέγει
3008 2540 3240 2612 Κύριοςο
3282 2541 3414 2595 Ἰδοὺ
3444 2542 3491 2593 οἱ
3523 2539 3762 2594 δουλεύ-

2162 2634 2313 2698 οντές
2349 2651 2440 2705 μοι
2481 2633 2777 2704 φάγονται,
2811 2635 2967 2704 ὑμεῖς
2991 2633 3046 2688 δὲ
3076 2634 3382 2688 πεινάσετε’
3422 2633 3529 2688 ἰδοὺ
3552 2634 3602 2687 οἱ
3626 2633 3763 2688 δου-

2161 2724 2408 2790 λεύοντες
2436 2744 2525 2798 μοι
2559 2727 2793 2789 πίονται,
2829 2727 2986 2796 ὑμεῖς
3024 2726 3081 2780 δὲ
3103 2726 3389 2798 διψήσετε·
3421 2727 3528 2780 ἰδοὺ
3555 2727 3604 2780 οἱ
3627 2727 3761 2780 δου-

2162 2814 2409 2880 λεύοντές
2431 2834 2519 2888 μοι
2540 2817 3023 2889 εὐφρανθήσονται,
3039 2818 3198 2889 ὑμεῖς
3222 2819 3278 2872 δὲ
3297 2818 3752 2892 αἰσχυνθήσεσθεο

2165 2906 2274 2960 ὶδού
2313 2909 2361 2960 οἱ
2389 2906 2730 2972 δουλεύοντές
2765 2927 2854 2980 μοι
2883 2909 3298 2977 ἀγαλλιάσονται
3332 2912 3389 2964 ἐν
3413 2911 3754 2984 εὐφροσύνῃ,

2161 3000 2322 3071 ὑμεῖς
2351 2999 2407 3054 δὲ
2432 2999 2762 3074 κεκράξεσθε
2786 3001 2873 3056 διὰ
2899 3015 2990 3056 τον
3021 3003 3181 3057 πόνον
3195 3005 3295 3074 τῆς
3313 3005 3541 3076 καρδίας
3567 3006 3749 3076 ὑμῶν,

2161 3092 2254 3144 καὶ
2285 3091 2394 3145 ἀπὸ
2436 3093 2729 3165 συντριϐῆς
2763 3093 3071 3164 πνεύματος
3100 3094 3253 3166 ὑμῶν
3291 3094 3589 3162 όλολύξετε.
3624 3097 3751 3150 Κα-

481 3184 626 3238 enim
664 3200 858 3240 nomen
891 3188 1216 3242 vestrumin
1261 3189 1609 3243 saturitatem
1654 3189 1843 3244 electis
1881 3189 2056 3257 meis;

2164 3181 2445 3252 ταλείψετε
2480 3183 2590 3256 γὰρ
2635 3183 2695 3236 τὸ
2737 3183 2907 3256 ὄνομα
2953 3183 3108 3256 ὑμῶν
3150 3187 3231 3247 εἰς
3286 3184 3606 3256 πλησμονὴν
3633 3187 3753 3249 τοῖς

478 3287 576 3326 vos
607 3283 788 3328 autem
844 3275 1138 3332 interficiet
1187 3276 1495 3334 Dominus:
1545 3279 1911 3335 servientibus
1958 3294 2056 3334 au-

478 3370 590 3417 tem
633 3364 765 3419 mihi
801 3367 1087 3421 vocabitur
1123 3382 1316 3424 nomen
1361 3385 1582 3424 novum.
1623 3389 1643 3423 ι
1684 3370 1840 3438 Quod
1879 3371 1922 3426 si
1955 3387 2056 3427 cu-

478 3451 624 3507 riose
665 3463 888 3524 agentes
915 3455 1161 3512 ediscere
1191 3458 1424 3527 cupiatis
1464 3461 1686 3529 quinam
1721 3460 1854 3515 mihi
1886 3460 2059 3515 servi-

478 3544 585 3598 turi
615 3545 745 3610 sint,
774 3555 830 3602 et
855 3549 996 3617 quod
1023 3549 1128 3605 illis
1148 3552 1222 3606 sit
1251 3565 1468 3616 nomen,
1501 3553 1696 3608 scitote
1723 3555 1890 3609 Deum
1925 3569 2060 3610 non-

478 3636 607 3690 dum
635 3638 874 3707 ipsorum
902 3655 1097 3694 nomen
1125 3640 1304 3710 palam
1346 3640 1542 3699 eerrrc
1573 3644 1734 3712 velle,
1768 3647 1861 3701 sed
1892 3645 1945 3700 id
1975 3661 2059 3701 so-

477 3725 754 3784 lummodo
802 3730 1138 3800 signiﬁcare,
1185 3734 1327 3803 quod
1381 3750 1561 3804 neque
1609 3736 1779 3791 Israel
1828 3738 2057 3794 vocandi

477 3818 607 3882 sint,
687 3835 864 3891 neque
931 3821 1144 3891 Jacob,
1199 3841 1374 3892 neque
1435 3825 1647 3894 Judaei,
1694 3844 1871 3900 neque
1952 3830 2058 3885 alio

475 3904 729 3975 quopiam
765 3908 1104 3977 {hominibus
1166 3924 1295 3969 noto
1341 3915 1623 3970 vocabulo.
1655 3915 1862 3973 Novum
1911 3921 2056 3974 enim

474 3999 745 4066 quoddam
767 4015 831 4054 ac
853 4003 1291 4060 recentissimum
1313 4022 1506 4062 nomen
1540 4009 1882 4078 imponetur;
1912 4011 2060 4067 illud-

473 4099 581 4154 que
606 4086 866 4154 insolens,
899 4105 963 4146 ac
1001 4107 1277 4163 nunquam
1319 4093 1455 4148 alias
1484 4096 1755 4162 auditum,
1788 4098 1933 4167 quod
1964 4098 2059 4154 be-

473 4176 756 4234 nedicetur
791 4181 844 4235 in
881 4191 1047 4249 terra,
1069 4194 1345 4241 accrescet
1370 4186 1520 4255 item,
1543 4198 1598 4244 et
1619 4188 2059 4260 multiplicabitur

471 4280 582 4334 prie
608 4271 754 4326 omni
795 4275 1064 4343 corporali
1112 4275 1506 4334 benedictione.
1549 4279 1684 4335 Nam
1717 4281 1762 4336 si
1811 4297 1915 4353 qua
1953 4283 2056 4337 alia

473 4361 732 4427 augendae
760 4365 1090 4420 multitudini
1115 4375 1238 4438 apta
1262 4368 1357 4423 Dei
1384 4370 1692 4427 benedictio
1722 4374 1901 4438 fuerit,
1919 4375 2059 4430 hanc

474 4445 603 4502 item
645 4466 1005 4524 consequetur
1046 4473 1240 4513 nomen
1273 4459 1445 4514 servis
1481 4462 1616 4516 meis
1653 4463 2054 4532 imponendum.

548 4541 714 4598 Vsus.
746 4545 834 4611 16,
881 4546 968 4603 17.
1009 4567 1027 4599 ι
1057 4548 1382 4606 Benediccnt
1427 4553 1571 4608 enim
1623 4553 1735 4609 Deo
1780 4571 1912 4611 vero
1952 4565 2050 4612 :et
2081 4557 2125 4614 ι)

469 4636 560 4704 qui
613 4633 802 4703 jurant
853 4637 908 4691 in
959 4647 1124 4705 terra,
1171 4641 1434 4708 jurabunt
1482 4659 1578 4714 per
1615 4644 1782 4700 Deum
1838 4662 2046 4704 verum.

468 4723 869 4781 ()bliviscentur
916 4729 1059 4784 enim
1120 4733 1483 4790 tribulationis
1548 4735 1769 4805 prima},
1835 4747 1890 4791 et.
1941 4753 2048 4793 non

441 4817 722 4882 ascendet
752 4816 806 4871 in
841 4835 940 4874 cor
971 4837 1181 4879 eorum.
1211 4825 1325 4879 Erit
1363 4827 1506 4882 enim
1539 4827 1736 4883 caelum
1766 4843 1960 4883 novum
1995 4841 2049 4884 et

467 4916 612 4963 terra
647 4924 810 4978 nova,
838 4927 938 4968 nec
971 4917 1402 4972 recordabuntur
1435 4921 1696 4989 priorum,
1729 4936 1830 4977 nec
1866 4923 2046 4978 veniet

464 5003 519 5058 in
551 5018 646 5057 cor
683 5019 891 5060 eorum.
919 5025 939 5058 ι
993 5005 1126 5061 Nam
1155 5009 1288 5064 alias
1315 5025 1437 5065 cum
1485 5022 1612 5066 tunc
1641 5013 1836 5068 caelum
1873 5015 2048 5085 suspi-

461 5103 687 5162 cerent,
740 5112 855 5152 rem
905 5111 1144 5154 creatam
1195 5101 1444 5158 colebant
1496 5119 1608 5173 prae
1655 5105 1944 5173 Creatore,
1993 5118 2050 5164 et

465 5194 668 5242 terram
709 5188 963 5246 similiter
986 5191 1150 5247 veluti
1181 5192 1348 5248 Deum
1379 5198 1800 5263 venerabantur,
1833 5214 2045 5255 necnon

461 5290 682 5336 exertos
720 5295 788 5336 ex
829 5281 916 5337 illa
948 5281 1160 5340 fructus
1207 5304 1221 5340 :
1272 5301 1418 5342 nunc
1447 5302 1576 5342 vero
1608 5288 1806 5342 omium
1850 5305 2043 5346 novum

461 5378 516 5422 ct
548 5380 748 5427 terram
781 5390 974 5430 novam
1007 5377 1273 5443 videntes,
1310 5393 1477 5448 Opera
1508 5394 1763 5434 manuum
1791 5381 1886 5437 Dei
1917 5397 2040 5439 esse

464 5457 724 5528 fatentur,
752 5480 859 5522 non
889 5477 1071 5524 autem
1098 5467 1230 5526 deos
1250 5484 1372 5525 esse
1401 5478 1593 5541 putant

570 5664 617 5695 "
645 5663 805 5723 Joan.
843 5685 918 5736 vr,
949 5671 1073 5744 41η
1119 5675 1163 5706 ¹⁹
1185 5673 1344 5732 Joan.
1376 5690 1449 5739 tv.
1484 5675 1572 5732 N.

555 5760 645 5829 42)
687 5761 784 5838 Hic
806 5773 858 5818 et
889 5767 940 5819 in
968 5769 1317 5838 sequentibus
1347 5769 1478 5825 locis
1519 5784 1703 5826 vocem
1740 5772 2035 5829 ὑπακούειν

466 5846 572 5885 non
602 5834 741 5887 male
793 5846 974 5892 vertas
1009 5834 1321 5896 respondere
1367 5839 1500 5896 Nam
1536 5841 1638 5898 boc
1672 5860 1770 5900 usu
1803 5845 2035 5916 plerum-

2161 3273 2439 3338 ἐκλεκτοῖς
2479 3292 2581 3345 μου
2601 3291 2612 3304 ³
2651 3274 2796 3345 ὑμᾶς
2824 3276 2880 3328 δὲ
2921 3275 3103 3330 ἀνελεῖ
3129 3273 3332 3347 Κύριος
3350 3291 3362 3303 ·
3396 3276 3509 3338 τοῖς
3537 3274 3596 3327 δὲ
3626 3274 3751 3328 δου-

2157 3364 2375 3418 λεύουσί
2399 3383 2488 3436 μοι
2502 3365 2833 3439 κληθήσεται
2849 3368 3020 3440 ὄνομα
3034 3367 3237 3421 καινόν.
3255 3387 3271 3419 ι
3296 3368 3356 3420 Et
3381 3367 3436 3420 δὲ
3456 3368 3749 3438 περιεργό-

2158 3475 2314 3530 τερον
2339 3457 2573 3512 ὲθέλοιτε
2600 3459 2790 3531 μαθεῖν
2808 3461 2952 3524 τίνες
2973 3456 3081 3514 εἷεν
3093 3462 3142 3514 οί
3159 3461 3439 3532 μέλλοντες
3450 3459 3746 3525 δουλεύειν,

2160 3551 2254 3605 καὶ
2298 3552 2350 3603 τί
2387 3553 2570 3617 αὐτοῖς
2609 3553 2812 3624 ὄνομα,
2856 3552 3154 3621 γινώσκετε
3177 3593 3191 3618 ,
3229 3553 3311 3606 δτι
3347 3550 3500 3606 οὐπω
3531 3553 3633 3624 μὲν
3665 3557 3749 3618 εἰς

2162 3645 2392 3715 φανερὸν
2417 3643 2654 3716 τοῦνομα
2675 3645 2851 3698 αὐτῶν
2871 3647 2900 3699 ό
2933 3645 3063 3708 Θεὸς
3087 3644 3336 3716 βούλεται
3358 3646 3586 3714 ἀγαγεῖν
3613 3663 3624 3675 '
3658 3665 3749 3700 το-

2164 3736 2352 3790 σοῦτον
2383 3737 2439 3791 δὲ
2463 3737 2623 3808 μόνον
2655 3737 2930 3809 σημαίνει,
2964 3737 3040 3802 ὡς
3065 3736 3187 3791 οὐτε
3224 3737 3437 3808 Ἰσραὴλ
3454 3736 3748 3809 κληθήσον-

2129 3847 2285 3918 ιται,
2326 3829 2450 3883 οὐτε
2489 3829 2702 3895 Ἰακὼϐ,
2756 3829 2880 3884 οὐτε
2923 3830 3185 3894 Ἰουδαῖοι,
3235 3830 3358 3884 οὐτε
3385 3829 3522 3892 ὅλως
3549 3847 3602 3882 τι
3633 3828 3746 3882 τῶν

2161 3923 2469 3995 ἀνθρώποις
2497 3923 2973 4002 συνεγνωσμένων.
3005 3923 3206 3978 Καινὸν
3235 3923 3344 3996 γάρ
3359 3941 3410 3976 τι
3427 3924 3520 3976 καὶ
3540 3921 3747 3977 νεώτα-

2157 4032 2249 4067 τον
2281 4015 2466 4079 αὐτοῖς
2493 4015 2872 4087 ὲπιτεθήσεται
2917 4015 3108 4087 ὄνομα,
3142 4015 3312 4080 ξένον,
3363 4015 3456 4069 καὶ
3483 4015 3744 4087 μηδεπώ-

2160 4125 2289 4161 ποτε
2317 4109 2602 4174 ἀκουσθέν,
2630 4109 2659 4163 ὂ
2678 4110 3100 4182 εὐλογηθήσεται
3137 4109 3230 4162 ἐπὶ
3259 4109 3358 4180 τῆς
3387 4108 3491 4180 γῆς
3517 4107 3742 4172 αὐξανό-

2163 4214 2342 4267 μενον,
2372 4198 2466 4251 καὶ
2488 4199 2891 4270 πληθυνόμενον
2918 4199 3057 4270 ὑπὲρ
3090 4199 3272 4253 πᾶσαν
3309 4197 3625 4269 σωματικὴν
3650 4199 3742 4252 εὐ-

2159 4289 2364 4359 λογίαν.
2394 4291 2456 4344 Εἰ
2479 4293 2588 4364 γάρ
2615 4309 2698 4355 τις
2719 4292 2811 4346 καὶ
2831 4291 2966 4361 ἄλλη
2996 4290 3231 4363 πλήθους
3252 4291 3507 4362 ποιητικὴ
3538 4292 3741 4361 τυγχὰ-

2158 4397 2237 4434 νει
2277 4381 2342 4434 ὲκ
2370 4382 2504 4436 Θεοῦ
2557 4382 2798 4451 εὐλογία,
2846 4381 3052 4454 ταύτης
3089 4381 3336 4448 τεύξεται
3369 4382 3430 4436 τὸ
3465 4382 3635 4454 ὄνομα
3680 4382 3743 4436 τὸ

2157 4469 2612 4542 ὲπιτεθησόμενον
2638 4474 2749 4534 τοῖς
2771 4471 3081 4525 δουλεύουσί
3117 4489 3208 4544 μοι

2229 4573 2248 4606 ι
2300 4556 2665 4630 Εὐλογήσουσι
2697 4562 2806 4631 γὰρ
2837 4561 2928 4614 τὸν
2958 4561 3092 4614 Θεὸν
3120 4561 3212 4615 τὸν
3241 4560 3523 4632 ἀληθινόν
3561 4563 3654 4616 καὶ
3683 4564 3735 4615 οἰ

2153 4649 2442 4720 ὀμνύοντες
2460 4651 2552 4702 ἐπὶ
2567 4651 2667 4721 τῆς
2687 4652 2792 4721 γῆς
2809 4653 3068 4724 όμοῦνται
3080 4653 3171 4708 τὸν
3195 4653 3324 4707 Θεὸν
3346 4654 3434 4706 τὸν
3459 4653 3731 4724 ἀληθινόν.

2166 4741 2543 4812 Ἑπιλήσονται
2574 4743 2684 4815 γὰρ
2719 4743 2816 4814 τὴν
2851 4744 3029 4815 θλίψιν
3074 4746 3173 4817 τὴν
3217 4744 3459 4817 πρώτην,
3496 4747 3589 4799 καὶ
3637 4746 3734 4798 οὐκ

2153 4833 2482 4905 ἀναϐήσεται
2528 4836 2710 4890 αὐτῶν
2763 4837 2856 4890 ἐπὶ
2907 4836 3004 4908 τὴν
3051 4838 3297 4908 καρδίαν.
3331 4839 3525 4890 Ἔσται
3569 4838 3677 4909 γὰρ
3707 4840 3734 4891 ό

2153 4924 2380 4994 οὐρανὸς
2411 4926 2596 4992 καινὸς
2629 4928 2721 4981 καὶ
2745 4930 2778 4998 ή
2816 4928 2890 4999 γῆ
2913 4929 3094 5000 καινὴ,
3128 4930 3221 4982 καὶ
3250 4931 3310 4983 οὐ
3345 4931 3419 5001 μὴ
3457 4930 3732 5001 μνησθῶσι

2152 5016 2260 5069 τῶν
2305 5017 2606 5091 προτέρων,
2650 5019 2758 5073 οὐδ’
2791 5021 2851 5074 οὐ
2902 5022 2977 5094 μὴ
3025 5021 3226 5093 ἐπέλθῃ
3277 5022 3456 5076 αὐτῶν
3498 5023 3591 5075 ἐπὶ
3635 5023 3732 5094 τὴν

2151 5110 2397 5181 καρδίαν.
2439 5130 2456 5162 ι
2499 5111 2712 5176 Ἀλλως
2748 5111 2847 5183 μὲν
2882 5113 2990 5185 γὰρ
3019 5113 3140 5166 τότε
3182 5114 3416 5185 ὁρῶντες
3448 5112 3538 5166 τὸν
3567 5115 3730 5185 οὐρα-

2149 5200 2258 5264 νὸν,
2291 5201 2540 5256 ἐσέϐοντο
2563 5205 2629 5274 τῇ
2664 5205 2836 5258 κτίσει
2875 5204 3027 5276 παρὰ
3065 5205 3154 5258 τὸν
3185 5206 3464 5271 κτίσαντα,
3501 5207 3596 5259 καὶ
3637 5205 3733 5276 τήν

2149 5291 2252 5361 γῆν
2275 5291 2476 5361 ὁμοίως
2511 5291 2840 5360 ὲθεοποίουν,
2870 5295 3110 5359 καὶτοὺς
3143 5299 3206 5350 ἐκ
3229 5297 3430 5369 ταύτης
3464 5298 3731 5369 βλαστῶνο

2149 5400 2248 5446 τας
2270 5383 2518 5454 καρπούς
2542 5401 2555 5414 ο
2604 5383 2698 5437 νῦν
2728 5384 2773 5438 δ’
2799 5386 2888 5439 ὅτε
2920 5387 3103 5440 καινὸν
3148 5387 3368 5456 ὅψοντες
3393 5389 3483 5441 τὸν
3505 5389 3730 5459 οὐρανὸν

2150 5476 2244 5528 καὶ
2295 5469 2391 5546 τὴν
2436 5477 2559 5546 γῆν,
2590 5475 2727 5548 ἔργα
2751 5477 2950 5550 χειρῶν
3003 5478 3138 5532 Θεοῦ
3181 5476 3318 5535 εἶναι
3354 5479 3727 5551 ὁμολογοῦσιν,

2149 5558 2331 5621 οὐκέτί
2359 5568 2415 5622 δὲ
2447 5568 2602 5633 θεοὺς
2629 5564 2768 5624 εἶναι
2800 5571 3130 5644 νομίζουσιν.

2145 5791 2249 5844 que
2277 5777 2394 5854 llaec
2432 5792 2535 5831 vox
2577 5779 2812 5854 occurrit
2841 5791 2950 5836 tum
2996 5783 3048 5838 in
3084 5781 3361 5854 Scriptura
3400 5796 3576 5849 sacra,
3618 5791 3725 5836 tum

2144 5850 2288 5918 apud
2324 5847 2457 5905 alios
2493 5849 2808 5920 scriptorcs.
