3968 6516
136 436 170 490 5

182 434 254 489 I3

1133 425 1637 483 COMMENTARIA
1675 425 1741 481 IN
1783 425 2039 481 lSAlAM.
2079 460 2147 468 —
2186 428 2336 484 CAP.
2379 426 2537 482 LXV.

3356 429 3460 484 5H

214 571 237 603 ε
296 552 484 606 Ἀλλ’
512 548 850 621 εὐφροσύνην
878 549 972 603 καὶ
1001 549 1317 617 ἀγαλλίασιν
1354 549 1677 621 εὑρήσουσιν
1723 550 1781 601 ὲν

1956 547 2117 603 \‘ens.
2150 549 2340 604 18-20.
2382 567 2398 599 ι
2432 548 2534 603 Sed
2569 548 2806 603 laetitiam
2839 557 2892 604 et
2927 548 3342 605 exsultationem
3376 551 3460 604 iu-

132 646 321 715 αὐτῇ.
368 646 514 699 ὐτι
548 644 656 697 ἰδοὺ
702 642 815 711 ἐγὼ
857 640 993 695 ποιῶ
1034 640 1346 712 ἀγαλλίαμα
1384 641 1776 712 Ἰερουσαλὴμ,

137 738 240 790 καὶ
268 736 387 789 τὸν
438 736 573 789 λαόν
609 752 709 807 μου
737 733 1077 805 εὐφροσύνην
1097 750 1109 761 ·
1140 734 1232 785 καὶ
1264 732 1663 803 ἀγαλλιάσομαι
1688 732 1781 784 ἐπὶ

148 828 587 900 Ἰερουσαλὴμ,
612 828 708 882 καὶ
723 827 1169 898 εὐφρανθήσομαι
1187 826 1281 879 ἐπὶ
1296 826 1373 895 τῷ
1391 825 1506 896 λαῷ
1531 842 1652 896 μου’
1687 826 1780 879 καὶ

144 920 361 972 οὐκέτι
398 921 488 990 μὴ
508 918 746 989 ἀκουσθῇ
778 920 834 971 ὲν
853 918 987 989 αὐτῇ
1013 916 1163 988 φωνὴ
1192 916 1468 988 κλαυθμοῦ
1485 917 1605 970 οὐδὲ
1630 917 1779 988 φωνὴ

146 1012 474 1082 κραυγῆς,
502 1010 610 1064 οὐδ’
631 1011 690 1063 οὐ
725 1010 799 1081 μὴ
815 1009 1038 1081 γένηται
1065 1008 1144 1062 ἔτι
1170 1011 1289 1063 ἐκεῖ
1309 1008 1486 1081 ἄωρος
1516 1009 1610 1061 καλ⁵
1648 1026 1781 1078 πρε-ξ

142 1103 415 1172 σὸύτης,
454 1102 514 1165 δς
537 1103 636 1154 οὐκ
676 1100 943 1172 ἐμπλήσει
967 1099 1056 1153 τὸν
1085 1099 1273 1171 χρόνον
1300 1098 1486 1153 αὐτοῦ.
1521 1118 1540 1151 ι
1574 1099 1782 1162 Πάντες

139 1196 261 1267 γὰρ
315 1196 446 1265 τῆς
486 1196 617 1267 παρ’
650 1196 773 1264 ἐμοὶ
823 1193 1173 1256 ἀναστάσεως
1201 1193 1453 1263 τυχόντες
1499 1192 1642 1246 κατά
1688 1191 1780 1245 τὸν

144 1289 369 1359 καιρὸν
411 1287 530 1340 τῶν
562 1285 903 1355 ἐπαγγελιῶν
931 1286 1012 1348 εἰς
1032 1284 1199 1355 ἄνδρα
1228 1284 1453 1348 τέλειον,
1472 1284 1551 1347 είς
1586 1282 1780 1354 μέτρον

143 1380 409 1451 ἡλικίας
462 1377 685 1450 ἥξουσι⁹
738 1377 833 1430 καὶ
892 1377 1095 1439 πάντες
1146 1375 1359 1428 ἔσονται
1419 1374 1642 1445 ἀκμαῖοι
1683 1372 1782 1437 τὰς

144 1472 481 1543 ψυχὰς,ὡς
519 1473 655 1542 μήτε
686 1471 862 1543 ἄωρον
889 1470 1082 1541 νήπιον
1116 1468 1211 1521 καὶ
1225 1466 1417 1537 ἀτελῆ,
1453 1468 1587 1537 μήτε
1615 1467 1782 1537 ὑπερ-

145 1564 471 1634 ϐεϐηκότα
520 1564 614 1616 καὶ
659 1561 1009 1633 γεγηρακότα
1057 1562 1113 1612 ἐν
1162 1560 1343 1623 αὐτοῖς
1394 1558 1777 1629 εὑρίσκεσθαιι

149 1658 391 1720 πάντες
431 1657 493 1709 δὲ
525 1655 807 1726 ὁμήλικες,
843 1654 919 1716 ὡς
950 1653 1015 1707 ἂν
1050 1652 1139 1721 ὑφ’
1170 1651 1265 1705 ἕνα
1300 1649 1489 1720 καιρὸν
1521 1649 1620 1719 τῆς
1649 1651 1780 1703 ἀνα-

150 1750 441 1811 στάσεως
462 1746 797 1816 τευξόμενοι,
816 1746 910 1797 καὶ
944 1746 1072 1814 μιᾶς
1088 1742 1505 1811 παλιγγενεσίας
1532 1740 1784 1813 μεθέξον-

239 1949 261 1979 σ
316 1929 536 1980 Ἔσται
568 1927 677 1997 γάρ
701 1928 729 1979 ὁ
751 1924 869 1987 νέος
894 1922 1085 1976 ἑκατὸν
1107 1920 1263 1984 ἐτῶν,
1288 1922 1317 1973 ό
1339 1920 1395 1972 δὲ
1428 1917 1783 1988 ἀποθνήσκων
1814 1910 1856 1964 Β

158 2020 526 2092 ἁμαρτωλὸς
556 2018 751 2072 ἑκατὸν
777 2016 935 2081 ἐτῶν,
971 2014 1064 2067 καὶ
1105 2011 1508 2082 ὲπικατάρατος
1538 2008 1712 2061 ἔσται.
1753 2028 1772 2059 ι

157 2115 238 2167 Τὸ
268 2114 405 2167 ἴσον
434 2112 535 2165 τοῦ
570 2111 761 2182 χρόνου
795 2109 895 2178 τῆς
922 2110 986 2161 ὲκ
1014 2106 1222 2177 νεκρῶν
1250 2103 1596 2165 ἀναστάσεως
1634 2118 1778 2171 παρ-

162 2209 446 2279 έστησεν.
489 2205 681 2257 Ἔσται
729 2196 822 2255 οὖν
860 2203 889 2253 ό
924 2196 1245 2270 ἁμαρτωλὸς
1275 2194 1369 2248 καὶ
1395 2193 1557 2255 αὐτὸς
1588 2191 1779 2246 ἑκατὸν

163 2299 338 2357 ἐτῶν,
396 2298 499 2350 καὶ
533 2294 936 2364 ὲπικατάρατος
988 2290 1141 2343 ἔσται
1173 2288 1431 2357 ἀκμαῖος,
1477 2285 1572 2338 καὶ
1603 2283 1678 2347 ὡς
1721 2285 1778 2335 ὲν

161 2389 353 2460 κακίᾳ
392 2387 627 2448 τέλειος,
662 2383 1022 2453 ἀποθνήσκων
1039 2382 1104 2450 τῇ
1136 2375 1329 2431 ἑαυτοῦ
1355 2373 1599 2447 ἁμαρτίᾳ
1623 2391 1637 2405 ⁸
1662 2375 1690 2427 ὃ
1718 2392 1776 2427 τε

168 2480 294 2543 νέος
329 2479 508 2532 πάλιν
534 2475 727 2530 ἑκατὸν
752 2474 908 2537 ἐτῶν,
931 2472 1027 2526 καὶ
1046 2470 1207 2533 αὐτὸς
1221 2468 1424 2532 τέλειος
1447 2470 1504 2521 ἐν
1532 2467 1777 2534 τελείοις,

162 2574 249 2634 εἰς
290 2571 587 2641 σωτηρίαν
626 2565 1203 2639 παραλαμϐανόμενος.

249 2686 268 2717 ι
303 2667 433 2720 Καὶ
460 2663 903 2733 οἰκοδομήσουσιν
928 2658 1124 2721 οἰκίας,
1159 2657 1254 2711 καὶ
1283 2656 1437 2710 αὐτοὶ
1466 2654 1779 2725 ἐνοικήσου-

168 2773 260 2809 σι·
307 2755 414 2808 καὶ
455 2750 960 2820 καταφυτεύσουσιν
996 2748 1346 2819 ἀμπελῶνας,
1385 2747 1479 2799 καὶ
1508 2743 1665 2797 αὐτοὶ
1687 2743 1781 2812 φά-

171 2864 374 2915 γονται
420 2845 493 2898 τά
546 2844 865 2913 γεννήματα
925 2841 1126 2895 αὐτῶν.
1175 2858 1195 2892 ›
1236 2840 1362 2902 Τοῖς
1410 2837 1518 2909 γάρ
1572 2834 1780 2889 ἑαυτῶν

168 2939 369 3011 ἔργοις
407 2936 508 2990 καὶ
531 2938 652 2998 ταῖς
676 2934 903 2996 οἰκείαις
926 2932 1191 3004 πράξεσιν
1220 2929 1536 3003 ποριοῦνται
1569 2931 1781 2993 ἑαυτοῖς

172 3032 275 3095 τὰς
318 3030 501 3101 μονὰς
533 3027 632 3090 τὰς
660 3024 813 3095 παρά
844 3024 922 3095 τῷ
962 3023 1170 3094 Πατρί’
1196 3022 1331 3077 άλλά
1369 3022 1497 3085 τοὺς
1534 3019 1781 3091 καρποὺς

173 3121 287 3175 τῶν
321 3121 515 3173 πόνων
542 3118 721 3173 αὐτῶν
755 3117 1019 3185 φάγονται
1037 3131 1048 3143 '
1085 3113 1272 3184 διόπερ
1300 3113 1337 3167 ἃ
1364 3112 1781 3183 γεωργήσαντες

178 3215 526 3285 συνήγαγον,
563 3210 736 3263 ταῦτα
767 3210 1081 3280 εὑρήσουσι,
1128 3207 1222 3259 καὶ
1258 3204 1318 3269 ἐξ
1359 3204 1536 3258 αὐτῶν
1565 3204 1779 3275 τραφή-

180 3321 348 3358 σοντα
358 3324 377 3357 ι
385 3346 403 3358 .

257 3416 277 3449 ι
321 3397 406 3450 Οὐ
458 3394 535 3465 μὴ
582 3392 1030 3463 οἰκοδομήσουσι,
1076 3390 1171 3445 καὶ
1211 3390 1359 3445 ἄλλοι
1407 3388 1777 3460 ὲνοικήσουσι,

179 3490 279 3545 καὶ
298 3491 365 3543 05
407 3488 484 3559 μὴ
516 3484 863 3555 φυτεύσουσι,
891 3484 983 3537 καὶ
1004 3484 1150 3538 ἄλλοι
1177 3484 1462 3553 φάγονται.
1492 3480 1648 3535 Κατὰ
1671 3478 1779 3549 γὰρ

183 3583 281 3647 τὰς
315 3582 541 3653 ἡμέρας
584 3578 679 3631 τοῦ
708 3576 864 3642 ξύλου
913 3577 1013 3648 τῆς
1042 3573 1188 3646 ζωῆς
1233 3575 1447 3629 ἔσονται
1478 3574 1534 3626 αἱ
1574 3571 1778 3643 ήμέραι

184 3675 280 3729 τοῦ
316 3673 458 3729 λαοῦ
504 3688 603 3743 μου
628 3688 641 3701 ο
678 3671 748 3723 τά
787 3669 897 3740 γὰρ
939 3667 1076 3739 ἔργα
1119 3667 1226 3720 τῶν
1259 3667 1437 3721 πόνων
1464 3663 1647 3718 αὐτῶν
1671 3679 1778 3715 πα-

186 3768 545 3822 λαιώσουσιν.
592 3782 611 3815 ι
658 3762 795 3816 Ἀλλ’
829 3761 909 3823 εἰς
951 3758 1176 3831 ἄπειρον
1217 3758 1392 3812 αἰῶνα
1432 3759 1489 3810 ὲν
1527 3754 1780 3824 ἀθανάτῳ

187 3861 401 3930 εὐζωϊᾳ
430 3855 710 3920 διάξουσι·
742 3853 821 3906 διὸ
846 3851 1125 3905 λέλεκται·
1171 3868 1189 3901 ι
1223 3849 1378 3902 Κατά
1398 3848 1505 3918 γὰρ
1528 3846 1625 3909 τὰς
1647 3846 1781 3917 ήμέ-
1823 3898 1855 3927 ⁸,

192 3970 293 4023 ρας
328 3946 431 4002 τοῦ
470 3946 627 4011 ξύλου
659 3945 759 4015 τῆς
800 3941 948 4012 ζωῆς
984 3941 1041 3993 αἰ
1083 3939 1290 4011 ήμέραι
1316 3936 1411 3990 τοῦ
1438 3934 1567 3990 λαοῦ
1597 3952 1717 4006 μου.
1754 3953 1773 3986 ι

190 4044 265 4097 Τὸ
299 4041 467 4110 ξύλον
496 4041 554 4093 δὲ
586 4039 800 4111 εἴρηται
842 4036 900 4089 ὲν
936 4033 1013 4105 τῷ
1055 4031 1367 4104 παραδείσῳ
1390 4028 1483 4083 τοῦ
1514 4027 1649 4081 Θεοῦ
1683 4044 1781 4079 πε-

194 4132 533 4202 φυτεῦσθαι·
580 4128 858 4181 δείκνυται
910 4121 1220 4195 τοιγαροῦν,
1269 4122 1352 4175 ὅτι
1396 4120 1498 4173 οὐκ
1550 4118 1653 4185 ἔξω
1685 4116 1778 4171 τοῦ

193 4226 332 4279 Θεοῦ
361 4225 416 4277 αἰ
439 4220 765 4290 ἐπαγγελίαι
799 4217 1145 4287 τυγχάνουσι.
1178 4215 1256 4267 Δι’
1284 4206 1359 4269 ὧν
1397 4212 1653 4267 ἁπάντων
1688 4229 1781 4264 σα-

194 4320 312 4387 φῶς
352 4318 542 4387 ἕτερον
569 4312 695 4366 λαὸν
732 4311 941 4378 εἰσάγει
980 4306 1158 4377 ἑαυτῷ
1195 4304 1349 4377 παρά
1380 4304 1474 4357 τοῦ
1513 4303 1779 4356 Ἰουδαίων

196 4412 408 4473 ἔθνους.
444 4400 604 4461 Οῦτοι
632 4407 744 4476 γάρ
770 4401 1261 4472 παλαιωθήσονται,
1295 4397 1416 4453 οὐδὲ
1448 4395 1655 4467 ἑτέροις
1684 4412 1781 4448 κα-

195 4504 549 4574 ταλείψουσι,
590 4498 877 4571 μέλλοντες
920 4490 1073 4557 αὖθις
1123 4489 1478 4562 μεθίστασθαι
1504 4487 1599 4541 τοῦ
1642 4487 1779 4557 βίου,

198 4601 326 4662 τοὺς
352 4593 563 4650 ἑαυτῶν
601 4592 796 4654 πόνους
817 4608 830 4620 ·
864 4589 981 4643 ἀλλ’
1010 4580 1158 4641 οὗτοι
1186 4583 1256 4638 τά
1288 4583 1426 4655 ἔργα
1468 4582 1575 4635 τῶν
1605 4581 1780 4635 πόνων
1812 4593 1857 4648 D

200 4690 381 4743 αὐτῶν
422 4689 503 4749 εἰς
550 4684 778 4745 ἑαυτοὺς
822 4678 1207 4751 ἀναλήψονται,
1265 4675 1360 4729 καὶ
1400 4675 1514 4737 τοῖς
1562 4671 1783 4735 οἰκείοις

203 4785 438 4857 καρποῖς
470 4777 919 4850 ὲντρυφήσουσιν.

279 4853 299 4929 ὲ
341 4875 407 4928 Οἱ
432 4869 677 4925 ἐκλεκτοί
707 4884 809 4939 μου
839 4866 899 4920 οὐ
945 4861 1300 4917 κοπιάσοὺσιν
1339 4860 1418 4921 εἰς
1459 4856 1635 4920 κενὸν,
1665 4853 1785 4908 οὐδὲ

202 4966 682 5037 τεκνοποιήσουσιν
710 4961 789 5022 είς
819 4957 1093 5027 κατάρανο
1123 4954 1205 5007 ὅτι
1231 4951 1453 5023 σπέρμα
1485 4948 1786 5017 εὐλογημέ-

204 5078 290 5115 νον
308 5060 417 5114 ὑπὸ
446 5055 584 5111 Θεοῦ
604 5057 739 5118 ἐστι,
771 5052 867 5106 καὶ
890 5049 960 5103 τὰ
979 5047 1175 5116 ἔκγονα
1197 5043 1378 5098 αὐτῶν
1405 5042 1521 5114 μετ’
1548 5040 1779 5109 αὐτῶν.»

205 5154 265 5206 Εἰ
288 5152 401 5224 γὰρ
424 5150 518 5205 καί
532 5164 677 5211 τινες
694 5146 901 5199 ἔσονται
927 5142 1071 5197 κατά
1098 5140 1189 5193 τὸν
1213 5136 1406 5207 καιρὸν
1424 5134 1532 5187 τῶν
1549 5135 1788 5199 ἐπαγγε-

205 5243 332 5296 λιῶν
364 5242 524 5296 κόποι
559 5239 821 5309 σωτήριοι
853 5236 948 5289 καὶ
995 5231 1194 5301 ἀγαθοὶ
1242 5229 1338 5283 καί¹
1370 5228 1539 5297 ήδεῖς,
1570 5223 1788 5287 ὁποίους

207 5332 427 5393 πάντως
465 5346 570 5382 που
613 5327 709 5381 καὶ
750 5328 785 5396 ή
832 5320 1096 5394 ἁγγελικὴ
1143 5319 1297 5385 τάξις
1336 5316 1630 5385 ὑπομένει·
1672 5311 1786 5365 ἀλλ’

207 5427 305 5479 οὐκ
335 5420 605 5484 ὲπικενῶς
636 5419 789 5472 ἔσται
826 5417 895 5470 τὰ
925 5416 1024 5486 τῆς
1057 5412 1321 5486 ἐργασίας
1345 5410 1527 5472 αὐτοῖς
1547 5425 1560 5438 ·
1596 5405 1787 5478 μισθὸς

208 5517 313 5589 γὰρ
351 5517 538 5579 αὐτοῖς
588 5511 813 5577 ὲπάξιος
850 5506 1297 5578 τεθήσαύρισται.
1345 5498 1700 5555 Τεκνοποιίαν
1731 5496 1789 5551 δὲ

209 5586 487 5678 νοήσωμεν
517 5602 626 5656 τῶν
668 5598 855 5670 ψυχῶν
886 5597 1013 5659 τοὺς
1054 5592 1348 5663 λογισμοὺς
1388 5590 1482 5645 καὶ
1529 5588 1629 5660 τῆς
1669 5586 1785 5638 δια-

210 5699 354 5762 νοίας
368 5697 497 5759 τοὺς
515 5693 784 5765 καρποὺς,
819 5689 911 5752 οὒς
934 5688 1175 5758 κατάρας
1211 5683 1427 5737 ἔσεσθαι
1449 5678 1784 5750 ἀλλοτρίους,

216 5791 459 5859 εὐλογίας
492 5788 550 5841 δὲ
583 5784 766 5850 ἀξίους
790 5780 1054 5845 θεσπίζει.
1089 5776 1275 5831 Ταῦτα
1303 5776 1397 5828 καὶ
1428 5775 1506 5835 είς
1521 5772 1610 5825 τὸν
1646 5786 1789 5839 παρ-

214 5883 337 5937 όντα
400 5882 513 5954 βίον
556 5872 996 5948 ἐκλαμϐάνεσθαι
1050 5868 1224 5942 οἶμαι,
1271 5866 1363 5921 τοῦ
1416 5865 1575 5933 λόγου
1627 5860 1787 5915 πάλιν

1805 3254 1849 3312 C

1880 642 2096 696 venient
2140 642 2193 694 in
2242 655 2326 694 ea.
2358 639 2621 706 Quoniam
2652 656 2779 696 ecce
2819 655 2919 712 ego
2961 641 3103 696 facio
3137 642 3459 697 exsultatio-

1882 746 2003 786 nem
2030 731 2349 797 Jerusalem,
2378 742 2430 785 et
2462 731 2713 800 populum
2747 747 2924 787 meum
2961 733 3201 787 lmtitiam
3231 751 3246 788 :
3282 742 3338 789 ct
3369 750 3462 788 ex-

1880 825 2090 881 sultabo
2122 838 2281 894 super
2326 822 2647 887 Jerusalem,
2692 833 2748 877 et
2782 824 3007 878 lzetabor
3049 841 3213 896 super
3262 826 3463 896 populo

1881 929 2038 969 meo:
2072 921 2125 967 et
2175 929 2278 967 non
2327 913 2469 966 ultra
2507 913 2753 967 audietur
2789 914 2841 966 in
2895 917 3010 982 ipsa
3046 931 3149 969 vox
3199 914 3377 981 ﬂetus,
3406 927 3461 972 et

1882 1021 1983 1059 vox
2030 1003 2315 1068 clamoris,
2357 1019 2529 1071 neque
2576 1004 2715 1057 ultra
2773 1005 2877 1058 erit
2924 1005 2997 1059 ibi
3033 1006 3355 1061 immaturus
3403 1016 3464 1063 et

1882 1109 2069 1155 senex,
2115 1094 2201 1162 qui
2256 1109 2360 1147 non
2396 1093 2620 1161 impleat
2662 1104 2872 1162 tempus
2907 1110 3085 1149 suum.
3111 1114 3129 1147 ι
3185 1095 3462 1169 Quotquot

1881 1184 2023 1237 enim
2072 1183 2521 1237 resurrectionem
2571 1200 2600 1238 a
2652 1201 2739 1240 me
2798 1184 2984 1240 datam
3035 1201 3459 1257 consequentur,

1883 1280 2127 1341 tempore
2157 1272 2597 1340 promissionum,
2647 1274 2702 1327 in
2750 1273 2923 1328 virum
2960 1276 3261 1345 perfectum
3305 1288 3360 1333 et
3406 1280 3458 1332 iu

1883 1378 2187 1416 mensuram
2219 1363 2391 1417 mtatis
2422 1364 2680 1441 venient:
2720 1373 2884 1434 atque
2926 1380 3119 1421 omnes
3153 1368 3333 1421 anima
3369 1384 3461 1423 ve-

1882 1455 1989 1527 geti
2035 1463 2209 1520 erunt,
2241 1456 2313 1510 ita
2346 1464 2401 1509 ut
2438 1472 2611 1527 neque
2648 1456 2972 1512 immaturus
3004 1468 3058 1513 et
3097 1474 3201 1513 non
3241 1462 3461 1516 adultus

1877 1546 2111 1615 juvenis,
2161 1561 2334 1615 neque
2373 1554 2532 1599 aetate
2564 1557 2852 1616 provectus
2882 1558 2975 1601 aut
3004 1562 3170 1603 senex
3200 1549 3272 1604 ibi
3311 1564 3463 1620 repe-

1883 1638 2084 1701 riatur,
2135 1638 2230 1692 sed
2288 1639 2436 1707 paris
2488 1638 2665 1692 :etatis
2710 1653 2923 1703 omnes,
2972 1648 3155 1709 utpote
3204 1640 3295 1710 qui
3351 1654 3461 1694 uno

1884 1729 2180 1797 eodemque
2214 1738 2454 1798 tempore
2494 1738 2814 1799 resurgant,
2859 1739 2913 1784 et
2955 1713 3463 1802 ejusdem;regene-

1884 1820 2114 1874 rationis
2148 1828 2430 1873 consortes
2458 1819 2589 1871 sint.

1963 1930 1981 1963 ι
2014 1910 2129 1964 Erit
2176 1910 2318 1965 enim
2369 1910 2584 1978 juvenis
2619 1918 2833 1965 centum
2879 1926 3166 1978 annorum,
3198 1912 3290 1982 qui
3330 1929 3458 1969 vero

1880 2001 2131 2062 moritur,
2168 2009 2417 2070 peccator
2455 2011 2671 2055 centum
2720 2017 2985 2057 annorum
3032 2014 3086 2058 et
3129 2003 3455 2059 maledictus

1881 2094 2002 2149 erit.
2032 2111 2051 2146 ι
2095 2091 2296 2149 ditatis
2337 2102 2392 2148 et
2428 2094 2687 2163 temporis
2718 2094 2769 2149 in
2802 2096 3203 2151 resurrectione
3231 2098 3461 2166 aequali»

1883 2195 2050 2242 tatem
2102 2188 2216 2242 fore
2263 2186 2520 2243 declarat.
2564 2188 2681 2243 Erit
2734 2189 2899 2261 igitur
2955 2200 3213 2260 peccator
3248 2204 3302 2250 et
3349 2195 3461 2265 ipse

1882 2290 2095 2335 centum
2144 2295 2446 2346 annorum,
2491 2289 2545 2335 et
2588 2280 2904 2337 maledictus
2950 2283 3090 2347 erit,
3138 2296 3360 2356 vegetus
3405 2296 3461 2341 et

1882 2372 2038 2441 quasi
2070 2372 2123 2425 in
2157 2372 2358 2427 malitia
2396 2372 2665 2442 perfectus
2700 2374 2938 2429 moriens
2988 2375 3039 2429 in
3078 2387 3298 2446 peccato
3336 2392 3456 2433 suo.

1880 2463 2103 2519 Juvenis
2142 2465 2267 2519 item
2322 2475 2537 2519 centum
2586 2481 2880 2531 annorum,
2921 2476 2977 2521 et
3025 2467 3139 2536 ipse
3182 2468 3463 2537 perfectus

1880 2557 2024 2611 inter
2050 2555 2342 2625 perfectos,
2367 2568 2423 2612 et
2447 2558 2501 2612 in
2532 2558 2762 2612 salutem
2793 2568 3118 2614 assumetur.

1950 2650 2115 2706 Vens.
2141 2639 2231 2704 21'.
2270 2669 2288 2702 ι
2316 2650 2385 2704 Ει
2416 2651 2764 2706 aediﬁcabunt
2795 2653 3007 2717 domos,
3053 2662 3106 2707 et
3152 2653 3253 2723 ipsi
3301 2653 3459 2708 inha-

1880 2742 2130 2797 bitabunt
2162 2760 2178 2797 :
2211 2752 2266 2797 et
2310 2742 2629 2813 plantabunt
2675 2743 2885 2809 vineas,
2932 2754 2988 2798 et
3028 2744 3128 2812 ipsi
3176 2745 3463 2799 comedent

1882 2834 2087 2888 fructus
2114 2848 2321 2887 earum.
2347 2852 2365 2885 ι
2400 2831 2533 2886 Nam
2577 2833 2692 2887 suis
2733 2834 2829 2902 ipsi
2879 2834 3136 2902 operibus
3177 2844 3231 2910 et
3266 2834 3461 2902 gestis,

1883 2925 2187 2981 mansiones
2218 2924 2338 2979 illas
2361 2939 2479 2996 qua:
2506 2925 2645 2993 apud
2676 2921 2891 2977 Patrem
2922 2933 3070 2988 sunt,
3116 2924 3218 2978 sibi
3259 2938 3457 2993 procu-

1882 3018 2080 3071 rabunt
2112 3035 2124 3071 :
2155 3015 2247 3071 sed
2280 3016 2443 3071 etiam
2492 3015 2705 3069 fructus
2735 3014 2980 3069 laborum
3029 3030 3246 3069 suorum
3279 3028 3461 3069 come--

1883 3109 2013 3163 dent
2038 3126 2052 3162 :
2081 3106 2336 3177 quoniam
2365 3121 2428 3161 ea
2456 3120 2573 3173 quae
2606 3115 2802 3161 terram
2839 3105 3081 3160 colentes
3105 3119 3258 3160 suam
3291 3106 3461 3161 colle-

1882 3205 2097 3273 gerunt,
2123 3212 2187 3252 ea
2220 3197 2515 3267 reperient.
2544 3195 2611 3251 iis
2642 3195 2877 3249 alentur.

1951 3379 2116 3434 Vens.
2140 3377 2232 3432 22.
2266 3395 2284 3428 ι
2311 3375 2662 3445 Nequaquam
2695 3373 3063 3437 teditlcabuut,
3086 3380 3142 3425 et
3174 3369 3265 3424 alii
3303 3369 3459 3424 iulia-

1881 3475 2162 3540 bitabunt;
2197 3484 2537 3541 nequaquam
2570 3467 2914 3539 plantabunt,
2947 3475 3001 3520 et
3031 3464 3119 3518 alii
3156 3463 3455 3518 comedent.

1881 3567 2015 3622 Nam
2060 3565 2354 3622 secundum
2400 3562 2519 3617 dies
2561 3561 2692 3633 ligni
2746 3560 2869 3615 vita:
2912 3568 3074 3613 erunt
3122 3557 3237 3610 dies
3276 3555 3461 3623 pepuli

1881 3661 2030 3715 mei:
2063 3673 2227 3729 opera
2274 3658 2417 3713 enim
2462 3656 2707 3711 laborum
2757 3653 2999 3722 ipsorum
3045 3657 3455 3703 veterascentu

1883 3752 1989 3807 Sed
2032 3767 2127 3822 per
2163 3750 2373 3805 inﬁnita
2410 3747 2607 3804 szecula
2652 3746 2707 3800 in
2748 3741 3041 3799 immortali
3087 3741 3176 3795 illa
3211 3747 3265 3794 et
3316 3738 3464 3793 felici

1882 3845 1990 3897 vita
2032 3844 2224 3913 degent
2255 3860 2271 3901 :
2300 3853 2470 3911 quare
2518 3840 2723 3895 dictum
2775 3845 2889 3901 est,
2946 3832 3121 3888 «Nam
3165 3832 3467 3887 secundum

1882 3936 1997 3991 dies
2044 3934 2172 4006 ligni
2227 3934 2352 3989 vitae
2404 3945 2564 3989 erunt
2607 3931 2725 3986 dies
2772 3928 2954 4001 p0puli
3012 3927 3180 3981 mei.»
3233 3923 3459 3995 Lignum

1883 4038 2061 4082 autem
2100 4026 2229 4081 illud
2279 4028 2329 4080 in
2365 4025 2614 4096 paradiso
2650 4022 2742 4075 Dei
2777 4021 3073 4090 plantatqu
3112 4017 3277 4070 fuisse
3326 4014 3460 4069 dici-

1885 4128 2004 4184 tur;
2039 4119 2221 4187 itaque
2258 4133 2362 4171 non
2410 4123 2564 4171 extra
2594 4112 2900 4183 paradisum
2933 4109 3023 4164 Dei
3075 4107 3285 4177 impleri
3335 4120 3458 4174 pro-

1884 4210 2049 4265 missa
2080 4211 2401 4264 declaratur.
2431 4206 2636 4274 Quibus
2664 4205 2916 4259 omnibus
2956 4202 3122 4255 alium
3164 4200 3267 4255 sibi
3303 4215 3331 4252 a
3362 4198 3459 4254 Ju-

1884 4299 2039 4354 daico
2073 4296 2327 4366 populum
2373 4294 2618 4350 asciscit.
2649 4293 2728 4347 llli
2759 4306 2992 4362 namque
3037 4291 3457 4352 inveterascent,

1884 4406 1985 4447 nec
2037 4391 2159 4445 aliis
2185 4432 2201 4457 ,
2245 4405 2310 4445 ex
2345 4390 2447 4445 bac
2491 4389 2603 4442 vita
2644 4384 3029 4450 transferendi,
3071 4381 3288 4437 labores
3336 4396 3462 4436 suos

1885 4483 2221 4553 relinquent;
2256 4481 2310 4536 hi
2359 4494 2489 4536 vero
2522 4479 2766 4534 laborum
2816 4490 3035 4531 suorum
3082 4484 3231 4544 gesta
3277 4489 3467 4529 secum

1886 4581 2183 4638 assument,
2215 4572 2561 4643 propriisque
2591 4568 2860 4624 fructibus
2893 4565 3227 4637 gaudebunt.

1958 4846 2121 4900 Vens.
2158 4841 2249 4897 ‘23.
2301 4859 2319 4892 ι
2362 4836 2530 4893 Electi
2583 4836 2685 4891 mei
2738 4850 2843 4890 non
2899 4832 3220 4888 laborabunt
3264 4831 3315 4885 in
3366 4844 3465 4882 va.-

1889 4953 2036 5002 num,
2070 4948 2241 5004 neque
2290 4931 2430 4985 ﬁlios
2478 4926 2813 4999 generabunt
2861 4925 2914 4979 in
2969 4923 3405 4978 maledictiouem
3438 4935 3457 4971 :

1888 5029 2011 5098 quia
2042 5041 2225 5082 semen
2272 5020 2613 5078 benedictum
2643 5034 2673 5072 a
2721 5019 2829 5073 Deo
2869 5025 2981 5081 est,
3011 5024 3065 5069 et
3102 5021 3325 5082 nepotes
3371 5023 3461 5061 co-

1890 5134 2008 5174 rum
2052 5132 2172 5172 cum
2203 5115 2344 5169 eis.»
2389 5111 2612 5167 Etiamsi
2654 5109 2800 5165 enim
2848 5105 3274 5178 promissionum
3324 5109 3464 5152 tem-

1888 5228 2042 5284 pore,
2090 5209 2307 5277 quidam
2360 5205 2661 5268 salutares,
2713 5202 2839 5256 boni
2906 5208 3207 5264 suavesque
3253 5192 3465 5245 labores

1889 5283 2016 5367 sint,
2043 5316 2177 5372 quos
2221 5298 2497 5369 angelicas
2524 5295 2661 5349 ordo
2705 5292 2959 5353 sustinet,
2991 5288 3084 5342 sed
3120 5300 3225 5339 non
3261 5283 3465 5336 frustra

1889 5396 2082 5452 cedent
2120 5392 2221 5447 illis
2265 5404 2470 5460 Opera:
2505 5401 2627 5440 nam
2662 5383 2927 5452 condigna
2966 5377 3100 5447 ipsis
3130 5387 3345 5430 merces
3382 5386 3464 5424 re-

1890 5489 2063 5560 posita
2108 5496 2212 5541 est.
2252 5482 2573 5539 Liberorum
2610 5489 2739 5530 vero
2778 5469 3211 5543 procreationem
3258 5462 3465 5518 intelli-

1893 5555 2080 5653 gamus
2106 5593 2225 5633 esse
2262 5575 2456 5629 anima:
2485 5567 2860 5639 cogitationes,
2894 5560 3202 5628 mentisque
3228 5555 3465 5617 fructus,

1893 5651 2027 5745 quos
2079 5688 2108 5725 a
2162 5666 2539 5723 maledictione
2609 5659 2851 5721 alienos,
2904 5651 3283 5709 benedictione
3332 5659 3468 5700 vero

1895 5740 2088 5835 dignos
2137 5761 2253 5816 fore
2300 5755 2646 5811 vaticinatur.
2694 5746 2823 5799 Haec
2872 5756 2931 5799 "e
2974 5740 3221 5812 prtesenti
3252 5747 3468 5807 quoque

1898 5828 2010 5912 viis
2054 5851 2224 5921 accipi
2266 5862 2425 5919 posse
2471 5840 2746 5903 existimo,
2797 5835 2870 5890 ita
2904 5844 2962 5891 ut
3005 5834 3090 5890 his
3139 5828 3469 5903 apostolicus
