  <div class='ocr_page' id='page_1' title='image "/cluster/home/n/w/nwhite01/storage/ocr_20150623/24/hvd.32044019207729/263.png"; bbox 0 0 3968 6512; ppageno 0'>
   <div class='ocr_carea' id='block_1_1' title="bbox 487 446 590 502">
    <p class='ocr_par' dir='ltr' id='par_1_1' title="bbox 487 446 590 502">
     <span class='ocr_line' id='line_1_1' title="bbox 487 446 590 502; baseline -0.029 -1"><span class='ocrx_word' id='word_1_1' title='bbox 487 446 590 502; x_wconf 79' lang='grc'><strong>515</strong></span> 
     </span>
    </p>
   </div>
   <div class='ocr_carea' id='block_1_2' title="bbox 1157 442 3052 502">
    <p class='ocr_par' dir='ltr' id='par_1_2' title="bbox 1157 442 3052 502">
     <span class='ocr_line' id='line_1_2' title="bbox 1157 442 3052 502; baseline 0 -3"><span class='ocrx_word' id='word_1_2' title='bbox 1157 443 1430 502; x_wconf 84' lang='lat' dir='ltr'><strong>EUSEBII</strong></span> <span class='ocrx_word' id='word_1_3' title='bbox 1469 443 1951 501; x_wconf 69' lang='lat' dir='ltr'><strong>CASSARIENSIS</strong></span> <span class='ocrx_word' id='word_1_4' title='bbox 1988 443 2140 500; x_wconf 81' lang='lat' dir='ltr'><strong>OPP.</strong></span> <span class='ocrx_word' id='word_1_5' title='bbox 2182 443 2360 499; x_wconf 73' lang='lat' dir='ltr'><strong>PARS</strong></span> <span class='ocrx_word' id='word_1_6' title='bbox 2397 442 2487 500; x_wconf 80' lang='lat' dir='ltr'><strong>lli.</strong></span> <span class='ocrx_word' id='word_1_7' title='bbox 2528 475 2597 485; x_wconf 93' lang='lat'><strong><em>—</em></strong></span> <span class='ocrx_word' id='word_1_8' title='bbox 2633 443 3052 500; x_wconf 77' lang='lat' dir='ltr'><strong>EXEGETICA.</strong></span> 
     </span>
    </p>
   </div>
   <div class='ocr_carea' id='block_1_3' title="bbox 3634 446 3779 503">
    <p class='ocr_par' dir='ltr' id='par_1_3' title="bbox 3634 446 3779 503">
     <span class='ocr_line' id='line_1_3' title="bbox 3634 446 3779 503; baseline -0.014 0"><span class='ocrx_word' id='word_1_9' title='bbox 3634 446 3779 503; x_wconf 78' lang='grc'><strong>516</strong></span> 
     </span>
    </p>
   </div>
   <div class='ocr_carea' id='block_1_4' title="bbox 487 555 2069 631">
    <p class='ocr_par' dir='ltr' id='par_1_4' title="bbox 487 561 2061 622">
     <span class='ocr_line' id='line_1_4' title="bbox 487 561 2061 622; baseline -0.005 0"><span class='ocrx_word' id='word_1_10' title='bbox 487 568 685 622; x_wconf 83' lang='lat' dir='ltr'><strong>chorus</strong></span> <span class='ocrx_word' id='word_1_11' title='bbox 724 563 1110 619; x_wconf 88' lang='lat' dir='ltr'><strong>subindicetur.</strong></span> <span class='ocrx_word' id='word_1_12' title='bbox 1150 579 1169 613; x_wconf 83' lang='lat' dir='ltr'><strong>t</strong></span> <span class='ocrx_word' id='word_1_13' title='bbox 1200 562 1324 616; x_wconf 90' lang='lat' dir='ltr'><strong>Ideo</strong></span> <span class='ocrx_word' id='word_1_14' title='bbox 1366 561 1521 617; x_wconf 90' lang='lat' dir='ltr'><strong>electi</strong></span> <span class='ocrx_word' id='word_1_15' title='bbox 1560 564 1665 618; x_wconf 86' lang='lat' dir='ltr'><strong>mei</strong></span> <span class='ocrx_word' id='word_1_16' title='bbox 1711 578 1814 617; x_wconf 92' lang='lat' dir='ltr'><strong>non</strong></span> <span class='ocrx_word' id='word_1_17' title='bbox 1847 562 2061 617; x_wconf 84' lang='lat' dir='ltr'><strong>labora-</strong></span> 
     </span>
    </p>
   </div>
   <div class='ocr_carea' id='block_1_5' title="bbox 2179 555 3780 631">
    <p class='ocr_par' dir='ltr' id='par_1_5' title="bbox 2179 555 3780 631">
     <span class='ocr_line' id='line_1_5' title="bbox 2179 555 3780 631; baseline 0.002 -21"><span class='ocrx_word' id='word_1_18' title='bbox 2179 558 2255 611; x_wconf 75' lang='grc' dir='ltr'><strong>τὸν</strong></span> <span class='ocrx_word' id='word_1_19' title='bbox 2284 558 2443 631; x_wconf 73' lang='grc' dir='ltr'><strong>χορὸν</strong></span> <span class='ocrx_word' id='word_1_20' title='bbox 2472 559 2564 613; x_wconf 88' lang='grc' dir='ltr'><strong>τὸν</strong></span> <span class='ocrx_word' id='word_1_21' title='bbox 2597 556 2950 613; x_wconf 76' lang='grc' dir='ltr'><strong>ἀποστολικὺν</strong></span> <span class='ocrx_word' id='word_1_22' title='bbox 2978 555 3364 627; x_wconf 75' lang='grc' dir='ltr'><strong>αἰνιττομένου.</strong></span> <span class='ocrx_word' id='word_1_23' title='bbox 3394 572 3415 608; x_wconf 69' lang='grc' dir='ltr'><strong>ι</strong></span> <span class='ocrx_word' id='word_1_24' title='bbox 3449 557 3548 612; x_wconf 87' lang='grc' dir='ltr'><strong>Διά</strong></span> <span class='ocrx_word' id='word_1_25' title='bbox 3580 560 3780 613; x_wconf 78' lang='grc' dir='ltr'><strong>τοῦτο</strong></span> 
     </span>
    </p>
   </div>
   <div class='ocr_carea' id='block_1_6' title="bbox 488 653 2057 723">
    <p class='ocr_par' dir='ltr' id='par_1_6' title="bbox 488 653 2057 723">
     <span class='ocr_line' id='line_1_6' title="bbox 488 653 2057 723; baseline -0.003 -11"><span class='ocrx_word' id='word_1_26' title='bbox 488 659 618 712; x_wconf 88' lang='lat' dir='ltr'><strong>bunt</strong></span> <span class='ocrx_word' id='word_1_27' title='bbox 647 657 700 711; x_wconf 94' lang='lat' dir='ltr'><strong>in</strong></span> <span class='ocrx_word' id='word_1_28' title='bbox 732 672 947 721; x_wconf 88' lang='lat' dir='ltr'><strong>vanum,</strong></span> <span class='ocrx_word' id='word_1_29' title='bbox 978 669 1153 723; x_wconf 90' lang='lat' dir='ltr'><strong>neque</strong></span> <span class='ocrx_word' id='word_1_30' title='bbox 1195 653 1334 708; x_wconf 85' lang='lat' dir='ltr'><strong>ﬁlios</strong></span> <span class='ocrx_word' id='word_1_31' title='bbox 1381 656 1745 723; x_wconf 75' lang='lat' dir='ltr'><strong>procreabant</strong></span> <span class='ocrx_word' id='word_1_32' title='bbox 1794 656 1848 710; x_wconf 91' lang='lat' dir='ltr'><strong>in</strong></span> <span class='ocrx_word' id='word_1_33' title='bbox 1887 655 2057 709; x_wconf 90' lang='lat' dir='ltr'><strong>male-</strong></span> 
     </span>
    </p>
   </div>
   <div class='ocr_carea' id='block_1_7' title="bbox 487 745 2062 816">
    <p class='ocr_par' dir='ltr' id='par_1_7' title="bbox 487 745 2062 816">
     <span class='ocr_line' id='line_1_7' title="bbox 487 745 2062 816; baseline -0.003 -13"><span class='ocrx_word' id='word_1_34' title='bbox 487 749 841 803; x_wconf 49' lang='lat' dir='ltr'><strong>dictionem»</strong></span> <span class='ocrx_word' id='word_1_35' title='bbox 890 746 1267 816; x_wconf 75' lang='lat' dir='ltr'><strong>Apostolorum</strong></span> <span class='ocrx_word' id='word_1_36' title='bbox 1338 746 1537 815; x_wconf 81' lang='lat' dir='ltr'><strong>quippe</strong></span> <span class='ocrx_word' id='word_1_37' title='bbox 1588 746 1819 812; x_wconf 87' lang='lat' dir='ltr'><strong>labores,</strong></span> <span class='ocrx_word' id='word_1_38' title='bbox 1866 756 1926 799; x_wconf 89' lang='lat' dir='ltr'><strong>ut</strong></span> <span class='ocrx_word' id='word_1_39' title='bbox 1973 745 2062 801; x_wconf 82' lang='lat' dir='ltr'><strong>vel</strong></span> 
     </span>
    </p>
   </div>
   <div class='ocr_carea' id='block_1_8' title="bbox 487 836 2061 910">
    <p class='ocr_par' dir='ltr' id='par_1_8' title="bbox 487 836 2061 910">
     <span class='ocr_line' id='line_1_8' title="bbox 487 836 2061 910; baseline -0.001 -15"><span class='ocrx_word' id='word_1_40' title='bbox 487 841 618 910; x_wconf 88' lang='lat' dir='ltr'><strong>ipsis</strong></span> <span class='ocrx_word' id='word_1_41' title='bbox 645 839 816 894; x_wconf 89' lang='lat' dir='ltr'><strong>oculis</strong></span> <span class='ocrx_word' id='word_1_42' title='bbox 856 839 1084 908; x_wconf 84' lang='lat' dir='ltr'><strong>patebit,</strong></span> <span class='ocrx_word' id='word_1_43' title='bbox 1117 853 1224 891; x_wconf 88' lang='lat' dir='ltr'><strong>non</strong></span> <span class='ocrx_word' id='word_1_44' title='bbox 1272 838 1324 891; x_wconf 90' lang='lat' dir='ltr'><strong>in</strong></span> <span class='ocrx_word' id='word_1_45' title='bbox 1358 854 1553 892; x_wconf 89' lang='lat' dir='ltr'><strong>vanum</strong></span> <span class='ocrx_word' id='word_1_46' title='bbox 1604 839 1842 908; x_wconf 86' lang='lat' dir='ltr'><strong>suscepti</strong></span> <span class='ocrx_word' id='word_1_47' title='bbox 1890 836 2061 904; x_wconf 81' lang='lat' dir='ltr'><strong>fuere,</strong></span> 
     </span>
    </p>
   </div>
   <div class='ocr_carea' id='block_1_9' title="bbox 486 930 2060 1002">
    <p class='ocr_par' dir='ltr' id='par_1_9' title="bbox 486 930 2060 1002">
     <span class='ocr_line' id='line_1_9' title="bbox 486 930 2060 1002; baseline -0.003 -15"><span class='ocrx_word' id='word_1_48' title='bbox 486 933 627 1002; x_wconf 87' lang='lat' dir='ltr'><strong>quod</strong></span> <span class='ocrx_word' id='word_1_49' title='bbox 657 942 913 1002; x_wconf 69' lang='lat' dir='ltr'><strong>arguatur</strong></span> <span class='ocrx_word' id='word_1_50' title='bbox 938 946 1003 984; x_wconf 81' lang='lat' dir='ltr'><strong>ex</strong></span> <span class='ocrx_word' id='word_1_51' title='bbox 1033 931 1267 985; x_wconf 84' lang='lat' dir='ltr'><strong>Ecclesia</strong></span> <span class='ocrx_word' id='word_1_52' title='bbox 1297 932 1363 985; x_wconf 89' lang='lat' dir='ltr'><strong>ab</strong></span> <span class='ocrx_word' id='word_1_53' title='bbox 1392 930 1525 999; x_wconf 89' lang='lat' dir='ltr'><strong>ipsis</strong></span> <span class='ocrx_word' id='word_1_54' title='bbox 1551 945 1648 999; x_wconf 88' lang='lat' dir='ltr'><strong>per</strong></span> <span class='ocrx_word' id='word_1_55' title='bbox 1673 939 1843 985; x_wconf 90' lang='lat' dir='ltr'><strong>totum</strong></span> <span class='ocrx_word' id='word_1_56' title='bbox 1873 930 2060 984; x_wconf 89' lang='lat' dir='ltr'><strong>orbem</strong></span> 
     </span>
    </p>
   </div>
   <div class='ocr_carea' id='block_1_10' title="bbox 486 1021 2065 1092">
    <p class='ocr_par' dir='ltr' id='par_1_10' title="bbox 486 1021 2065 1092">
     <span class='ocr_line' id='line_1_10' title="bbox 486 1021 2065 1092; baseline 0 -15"><span class='ocrx_word' id='word_1_57' title='bbox 486 1024 738 1089; x_wconf 80' lang='lat' dir='ltr'><strong>fundata;</strong></span> <span class='ocrx_word' id='word_1_58' title='bbox 774 1032 829 1077; x_wconf 90' lang='lat' dir='ltr'><strong>et</strong></span> <span class='ocrx_word' id='word_1_59' title='bbox 858 1022 952 1077; x_wconf 83' lang='lat' dir='ltr'><strong>lilii</strong></span> <span class='ocrx_word' id='word_1_60' title='bbox 984 1038 1171 1077; x_wconf 90' lang='lat' dir='ltr'><strong>eorum</strong></span> <span class='ocrx_word' id='word_1_61' title='bbox 1203 1037 1300 1091; x_wconf 93' lang='lat' dir='ltr'><strong>per</strong></span> <span class='ocrx_word' id='word_1_62' title='bbox 1333 1021 1607 1077; x_wconf 79' lang='lat' dir='ltr'><strong>lavacrum</strong></span> <span class='ocrx_word' id='word_1_63' title='bbox 1637 1022 2065 1092; x_wconf 76' lang='lat' dir='ltr'><strong>regenerationis</strong></span> 
     </span>
    </p>
   </div>
   <div class='ocr_carea' id='block_1_11' title="bbox 486 1114 1288 1171">
    <p class='ocr_par' dir='ltr' id='par_1_11' title="bbox 486 1114 1288 1171">
     <span class='ocr_line' id='line_1_11' title="bbox 486 1114 1288 1171; baseline -0.004 0"><span class='ocrx_word' id='word_1_64' title='bbox 486 1117 541 1171; x_wconf 87' lang='lat' dir='ltr'><strong>in</strong></span> <span class='ocrx_word' id='word_1_65' title='bbox 570 1114 784 1171; x_wconf 80' lang='lat' dir='ltr'><strong>Christo</strong></span> <span class='ocrx_word' id='word_1_66' title='bbox 809 1115 925 1169; x_wconf 85' lang='lat' dir='ltr'><strong>nati</strong></span> <span class='ocrx_word' id='word_1_67' title='bbox 950 1115 1288 1170; x_wconf 83' lang='lat' dir='ltr'><strong>videbuntur.</strong></span> 
     </span>
    </p>
   </div>
   <div class='ocr_carea' id='block_1_12' title="bbox 562 1288 2065 1361">
    <p class='ocr_par' dir='ltr' id='par_1_12' title="bbox 562 1288 2065 1361">
     <span class='ocr_line' id='line_1_12' title="bbox 562 1288 2065 1361; baseline 0.001 -18"><span class='ocrx_word' id='word_1_68' title='bbox 562 1288 724 1345; x_wconf 71' lang='lat' dir='ltr'><strong>Vens.</strong></span> <span class='ocrx_word' id='word_1_69' title='bbox 750 1289 841 1344; x_wconf 68' lang='grc'><strong>24.</strong></span> <span class='ocrx_word' id='word_1_70' title='bbox 880 1308 899 1342; x_wconf 75' lang='grc' dir='ltr'><strong>ι</strong></span> <span class='ocrx_word' id='word_1_71' title='bbox 930 1290 992 1344; x_wconf 86' lang='grc' dir='ltr'><strong>Ει</strong></span> <span class='ocrx_word' id='word_1_72' title='bbox 1027 1290 1131 1343; x_wconf 90' lang='lat' dir='ltr'><strong>erit</strong></span> <span class='ocrx_word' id='word_1_73' title='bbox 1167 1301 1455 1359; x_wconf 85' lang='lat' dir='ltr'><strong>antequam</strong></span> <span class='ocrx_word' id='word_1_74' title='bbox 1506 1288 1775 1355; x_wconf 84' lang='lat' dir='ltr'><strong>clament,</strong></span> <span class='ocrx_word' id='word_1_75' title='bbox 1822 1304 1923 1361; x_wconf 87' lang='lat' dir='ltr'><strong>ego</strong></span> <span class='ocrx_word' id='word_1_76' title='bbox 1966 1305 2065 1344; x_wconf 77' lang='lat' dir='ltr'><strong>e1-</strong></span> 
     </span>
    </p>
   </div>
   <div class='ocr_carea' id='block_1_13' title="bbox 488 1381 2065 1453">
    <p class='ocr_par' dir='ltr' id='par_1_13' title="bbox 488 1381 2065 1453">
     <span class='ocr_line' id='line_1_13' title="bbox 488 1381 2065 1453; baseline 0.001 -18"><span class='ocrx_word' id='word_1_77' title='bbox 488 1381 703 1436; x_wconf 90' lang='lat' dir='ltr'><strong>audiam</strong></span> <span class='ocrx_word' id='word_1_78' title='bbox 739 1396 873 1437; x_wconf 87' lang='lat' dir='ltr'><strong>eos:</strong></span> <span class='ocrx_word' id='word_1_79' title='bbox 906 1382 1081 1437; x_wconf 87' lang='lat' dir='ltr'><strong>adhuc</strong></span> <span class='ocrx_word' id='word_1_80' title='bbox 1124 1382 1226 1437; x_wconf 88' lang='lat' dir='ltr'><strong>illis</strong></span> <span class='ocrx_word' id='word_1_81' title='bbox 1274 1382 1621 1453; x_wconf 87' lang='lat' dir='ltr'><strong>loquentibus</strong></span> <span class='ocrx_word' id='word_1_82' title='bbox 1668 1382 1879 1449; x_wconf 83' lang='lat' dir='ltr'><strong>dicant,</strong></span> <span class='ocrx_word' id='word_1_83' title='bbox 1927 1381 2065 1449; x_wconf 83' lang='lat' dir='ltr'><strong>Quid</strong></span> 
     </span>
    </p>
   </div>
   <div class='ocr_carea' id='block_1_14' title="bbox 488 1472 2064 1543">
    <p class='ocr_par' dir='ltr' id='par_1_14' title="bbox 488 1472 2064 1543">
     <span class='ocr_line' id='line_1_14' title="bbox 488 1472 2064 1543; baseline -0.001 -15"><span class='ocrx_word' id='word_1_84' title='bbox 488 1473 647 1528; x_wconf 66' lang='lat' dir='ltr'><strong>est?»</strong></span> <span class='ocrx_word' id='word_1_85' title='bbox 700 1473 757 1527; x_wconf 93' lang='lat' dir='ltr'><strong>ld</strong></span> <span class='ocrx_word' id='word_1_86' title='bbox 799 1488 959 1543; x_wconf 89' lang='lat' dir='ltr'><strong>porro</strong></span> <span class='ocrx_word' id='word_1_87' title='bbox 1003 1474 1057 1527; x_wconf 94' lang='lat' dir='ltr'><strong>in</strong></span> <span class='ocrx_word' id='word_1_88' title='bbox 1102 1474 1325 1528; x_wconf 81' lang='lat' dir='ltr'><strong>Actibus</strong></span> <span class='ocrx_word' id='word_1_89' title='bbox 1371 1472 1737 1543; x_wconf 85' lang='lat' dir='ltr'><strong>apostolorum</strong></span> <span class='ocrx_word' id='word_1_90' title='bbox 1784 1473 2064 1543; x_wconf 81' lang='lat' dir='ltr'><strong>impletum</strong></span> 
     </span>
    </p>
   </div>
   <div class='ocr_carea' id='block_1_15' title="bbox 490 1564 2066 1635">
    <p class='ocr_par' dir='ltr' id='par_1_15' title="bbox 490 1564 2066 1635">
     <span class='ocr_line' id='line_1_15' title="bbox 490 1564 2066 1635; baseline -0.002 -14"><span class='ocrx_word' id='word_1_91' title='bbox 490 1567 892 1634; x_wconf 85' lang='lat' dir='ltr'><strong>deprehendas;</strong></span> <span class='ocrx_word' id='word_1_92' title='bbox 929 1582 1051 1620; x_wconf 93' lang='lat' dir='ltr'><strong>nam</strong></span> <span class='ocrx_word' id='word_1_93' title='bbox 1092 1566 1201 1620; x_wconf 89' lang='lat' dir='ltr'><strong>Deo</strong></span> <span class='ocrx_word' id='word_1_94' title='bbox 1234 1567 1365 1635; x_wconf 89' lang='lat' dir='ltr'><strong>ipsis</strong></span> <span class='ocrx_word' id='word_1_95' title='bbox 1410 1575 1646 1630; x_wconf 84' lang='lat' dir='ltr'><strong>astante,</strong></span> <span class='ocrx_word' id='word_1_96' title='bbox 1697 1564 1863 1618; x_wconf 86' lang='lat' dir='ltr'><strong>multa</strong></span> <span class='ocrx_word' id='word_1_97' title='bbox 1914 1564 2066 1634; x_wconf 83' lang='lat' dir='ltr'><strong>signa</strong></span> 
     </span>
    </p>
   </div>
   <div class='ocr_carea' id='block_1_16' title="bbox 490 1655 2066 1726">
    <p class='ocr_par' dir='ltr' id='par_1_16' title="bbox 490 1655 2066 1726">
     <span class='ocr_line' id='line_1_16' title="bbox 490 1655 2066 1726; baseline -0.001 -17"><span class='ocrx_word' id='word_1_98' title='bbox 490 1667 544 1709; x_wconf 88' lang='lat' dir='ltr'><strong>et</strong></span> <span class='ocrx_word' id='word_1_99' title='bbox 594 1657 832 1726; x_wconf 86' lang='lat' dir='ltr'><strong>prodigia</strong></span> <span class='ocrx_word' id='word_1_100' title='bbox 881 1657 1199 1711; x_wconf 87' lang='lat' dir='ltr'><strong>edebantur.</strong></span> <span class='ocrx_word' id='word_1_101' title='bbox 1247 1655 1520 1725; x_wconf 88' lang='lat' dir='ltr'><strong>Apostolis</strong></span> <span class='ocrx_word' id='word_1_102' title='bbox 1566 1670 1698 1710; x_wconf 81' lang='lat' dir='ltr'><strong>vero</strong></span> <span class='ocrx_word' id='word_1_103' title='bbox 1743 1655 1857 1709; x_wconf 83' lang='lat' dir='ltr'><strong>haec</strong></span> <span class='ocrx_word' id='word_1_104' title='bbox 1903 1670 2066 1724; x_wconf 87' lang='lat' dir='ltr'><strong>agen-</strong></span> 
     </span>
    </p>
   </div>
   <div class='ocr_carea' id='block_1_17' title="bbox 490 1746 2066 1819">
    <p class='ocr_par' dir='ltr' id='par_1_17' title="bbox 490 1746 2066 1819">
     <span class='ocr_line' id='line_1_17' title="bbox 490 1746 2066 1819; baseline 0.001 -19"><span class='ocrx_word' id='word_1_105' title='bbox 490 1746 660 1810; x_wconf 87' lang='lat' dir='ltr'><strong>tibus,</strong></span> <span class='ocrx_word' id='word_1_106' title='bbox 704 1748 832 1801; x_wconf 88' lang='lat' dir='ltr'><strong>hinc</strong></span> <span class='ocrx_word' id='word_1_107' title='bbox 867 1746 1295 1819; x_wconf 83' lang='lat' dir='ltr'><strong>alienigenarum</strong></span> <span class='ocrx_word' id='word_1_108' title='bbox 1330 1748 1574 1818; x_wconf 88' lang='lat' dir='ltr'><strong>gentium</strong></span> <span class='ocrx_word' id='word_1_109' title='bbox 1611 1747 1893 1803; x_wconf 84' lang='lat' dir='ltr'><strong>conversio</strong></span> <span class='ocrx_word' id='word_1_110' title='bbox 1935 1747 2066 1802; x_wconf 88' lang='lat' dir='ltr'><strong>sub-</strong></span> 
     </span>
    </p>
   </div>
   <div class='ocr_carea' id='block_1_18' title="bbox 491 1838 846 1906">
    <p class='ocr_par' dir='ltr' id='par_1_18' title="bbox 491 1838 846 1906">
     <span class='ocr_line' id='line_1_18' title="bbox 491 1838 846 1906; baseline 0.003 -14"><span class='ocrx_word' id='word_1_111' title='bbox 491 1838 846 1906; x_wconf 85' lang='lat' dir='ltr'><strong>sequebatur.</strong></span> 
     </span>
    </p>
   </div>
   <div class='ocr_carea' id='block_1_19' title="bbox 2164 646 3782 720">
    <p class='ocr_par' dir='ltr' id='par_1_19' title="bbox 2164 646 3782 720">
     <span class='ocr_line' id='line_1_19' title="bbox 2164 646 3782 720; baseline 0.001 -17"><span class='ocrx_word' id='word_1_112' title='bbox 2164 653 2212 703; x_wconf 80' lang='lat' dir='ltr'><strong>ol</strong></span> <span class='ocrx_word' id='word_1_113' title='bbox 2263 649 2505 703; x_wconf 81' lang='grc' dir='ltr'><strong>ἐκλεκτοί</strong></span> <span class='ocrx_word' id='word_1_114' title='bbox 2543 666 2642 720; x_wconf 88' lang='grc' dir='ltr'><strong>μου</strong></span> <span class='ocrx_word' id='word_1_115' title='bbox 2677 650 2737 702; x_wconf 82' lang='grc' dir='ltr'><strong>ού</strong></span> <span class='ocrx_word' id='word_1_116' title='bbox 2785 648 3136 702; x_wconf 83' lang='grc' dir='ltr'><strong>κοπιάσουσιν</strong></span> <span class='ocrx_word' id='word_1_117' title='bbox 3182 648 3262 710; x_wconf 81' lang='grc' dir='ltr'><strong>εἰς</strong></span> <span class='ocrx_word' id='word_1_118' title='bbox 3305 646 3457 701; x_wconf 84' lang='grc' dir='ltr'><strong>κενὸν</strong></span> <span class='ocrx_word' id='word_1_119' title='bbox 3500 650 3621 703; x_wconf 79' lang='grc' dir='ltr'><strong>ούδέ</strong></span> <span class='ocrx_word' id='word_1_120' title='bbox 3656 667 3782 705; x_wconf 78' lang='grc' dir='ltr'><strong>τε-</strong></span> 
     </span>
    </p>
   </div>
   <div class='ocr_carea' id='block_1_20' title="bbox 2165 736 3778 812">
    <p class='ocr_par' dir='ltr' id='par_1_20' title="bbox 2165 736 3778 812">
     <span class='ocr_line' id='line_1_20' title="bbox 2165 736 3778 812; baseline 0 -19"><span class='ocrx_word' id='word_1_121' title='bbox 2165 742 2579 812; x_wconf 82' lang='grc' dir='ltr'><strong>κνοποιήσουσιν</strong></span> <span class='ocrx_word' id='word_1_122' title='bbox 2602 742 2681 803; x_wconf 72' lang='grc' dir='ltr'><strong>εἰς</strong></span> <span class='ocrx_word' id='word_1_123' title='bbox 2715 738 2979 810; x_wconf 77' lang='grc' dir='ltr'><strong>κατάραν.</strong></span> <span class='ocrx_word' id='word_1_124' title='bbox 3018 756 3037 789; x_wconf 69' lang='grc' dir='ltr'><strong>ι</strong></span> <span class='ocrx_word' id='word_1_125' title='bbox 3082 738 3273 790; x_wconf 80' lang='grc' dir='ltr'><strong>Ἔσται</strong></span> <span class='ocrx_word' id='word_1_126' title='bbox 3312 736 3421 808; x_wconf 82' lang='grc' dir='ltr'><strong>γὰρ</strong></span> <span class='ocrx_word' id='word_1_127' title='bbox 3443 737 3778 811; x_wconf 75' lang='grc' dir='ltr'><strong>ὀφθαλμοῖς</strong></span> 
     </span>
    </p>
   </div>
   <div class='ocr_carea' id='block_1_21' title="bbox 2166 827 3780 903">
    <p class='ocr_par' dir='ltr' id='par_1_21' title="bbox 2166 827 3780 903">
     <span class='ocr_line' id='line_1_21' title="bbox 2166 827 3780 903; baseline 0.001 -20"><span class='ocrx_word' id='word_1_128' title='bbox 2166 830 2500 903; x_wconf 87' lang='grc' dir='ltr'><strong>παραλαϐεῖν</strong></span> <span class='ocrx_word' id='word_1_129' title='bbox 2549 829 2659 883; x_wconf 89' lang='grc' dir='ltr'><strong>τῶν</strong></span> <span class='ocrx_word' id='word_1_130' title='bbox 2712 830 3027 884; x_wconf 79' lang='grc' dir='ltr'><strong>ἀποστόλων</strong></span> <span class='ocrx_word' id='word_1_131' title='bbox 3071 829 3200 891; x_wconf 80' lang='grc' dir='ltr'><strong>τοὺς</strong></span> <span class='ocrx_word' id='word_1_132' title='bbox 3253 827 3473 894; x_wconf 84' lang='grc' dir='ltr'><strong>κόπους,</strong></span> <span class='ocrx_word' id='word_1_133' title='bbox 3529 832 3628 884; x_wconf 74' lang='grc' dir='ltr'><strong>οὐκ</strong></span> <span class='ocrx_word' id='word_1_134' title='bbox 3668 831 3780 897; x_wconf 74' lang='grc' dir='ltr'><strong>εις</strong></span> 
     </span>
    </p>
   </div>
   <div class='ocr_carea' id='block_1_22' title="bbox 2164 920 3781 997">
    <p class='ocr_par' dir='ltr' id='par_1_22' title="bbox 2164 920 3781 997">
     <span class='ocr_line' id='line_1_22' title="bbox 2164 920 3781 997; baseline -0.001 -19"><span class='ocrx_word' id='word_1_135' title='bbox 2164 926 2321 979; x_wconf 85' lang='grc' dir='ltr'><strong>κενὸν</strong></span> <span class='ocrx_word' id='word_1_136' title='bbox 2359 923 2756 994; x_wconf 79' lang='grc' dir='ltr'><strong>γεγενημένους</strong></span> <span class='ocrx_word' id='word_1_137' title='bbox 2797 923 2904 976; x_wconf 85' lang='grc' dir='ltr'><strong>ἀπὸ</strong></span> <span class='ocrx_word' id='word_1_138' title='bbox 2944 922 3046 992; x_wconf 85' lang='grc' dir='ltr'><strong>τῆς</strong></span> <span class='ocrx_word' id='word_1_139' title='bbox 3080 922 3173 975; x_wconf 83' lang='grc' dir='ltr'><strong>ὑπ’</strong></span> <span class='ocrx_word' id='word_1_140' title='bbox 3202 920 3378 974; x_wconf 82' lang='grc' dir='ltr'><strong>αὐτῶν</strong></span> <span class='ocrx_word' id='word_1_141' title='bbox 3409 922 3781 997; x_wconf 75' lang='grc' dir='ltr'><strong>ἱδρυνθείσης</strong></span> 
     </span>
    </p>
   </div>
   <div class='ocr_carea' id='block_1_23' title="bbox 2165 1013 3781 1089">
    <p class='ocr_par' dir='ltr' id='par_1_23' title="bbox 2165 1013 3781 1089">
     <span class='ocr_line' id='line_1_23' title="bbox 2165 1013 3781 1089; baseline 0 -18"><span class='ocrx_word' id='word_1_142' title='bbox 2165 1018 2288 1071; x_wconf 87' lang='grc' dir='ltr'><strong>καθ’</strong></span> <span class='ocrx_word' id='word_1_143' title='bbox 2317 1018 2443 1089; x_wconf 88' lang='grc' dir='ltr'><strong>ὅλης</strong></span> <span class='ocrx_word' id='word_1_144' title='bbox 2468 1016 2570 1087; x_wconf 87' lang='grc' dir='ltr'><strong>τῆς</strong></span> <span class='ocrx_word' id='word_1_145' title='bbox 2591 1016 2914 1087; x_wconf 74' lang='grc' dir='ltr'><strong>οἰκουμένης</strong></span> <span class='ocrx_word' id='word_1_146' title='bbox 2951 1013 3277 1085; x_wconf 75' lang='grc' dir='ltr'><strong>Ἐκκλησξας</strong></span> <span class='ocrx_word' id='word_1_147' title='bbox 3297 1030 3311 1045; x_wconf 89' lang='grc'><strong>·</strong></span> <span class='ocrx_word' id='word_1_148' title='bbox 3342 1016 3437 1068; x_wconf 76' lang='grc' dir='ltr'><strong>καὶ</strong></span> <span class='ocrx_word' id='word_1_149' title='bbox 3469 1015 3537 1069; x_wconf 86' lang='grc' dir='ltr'><strong>τά</strong></span> <span class='ocrx_word' id='word_1_150' title='bbox 3577 1018 3781 1071; x_wconf 79' lang='grc' dir='ltr'><strong>τέκνα.</strong></span> 
     </span>
    </p>
   </div>
   <div class='ocr_carea' id='block_1_24' title="bbox 2167 1104 3782 1180">
    <p class='ocr_par' dir='ltr' id='par_1_24' title="bbox 2167 1104 3782 1180">
     <span class='ocr_line' id='line_1_24' title="bbox 2167 1104 3782 1180; baseline 0.001 -17"><span class='ocrx_word' id='word_1_151' title='bbox 2167 1107 2346 1163; x_wconf 78' lang='grc' dir='ltr'><strong>αὐτῶν</strong></span> <span class='ocrx_word' id='word_1_152' title='bbox 2370 1112 2426 1161; x_wconf 88' lang='grc' dir='ltr'><strong>ἐν</strong></span> <span class='ocrx_word' id='word_1_153' title='bbox 2452 1107 2674 1180; x_wconf 78' lang='grc' dir='ltr'>Χριστῷ</span> <span class='ocrx_word' id='word_1_154' title='bbox 2699 1106 3027 1179; x_wconf 80' lang='grc' dir='ltr'><strong>γεννηθέντα</strong></span> <span class='ocrx_word' id='word_1_155' title='bbox 3048 1104 3133 1158; x_wconf 81' lang='grc' dir='ltr'><strong>διὰ</strong></span> <span class='ocrx_word' id='word_1_156' title='bbox 3150 1105 3248 1177; x_wconf 90' lang='grc' dir='ltr'><strong>τῆς</strong></span> <span class='ocrx_word' id='word_1_157' title='bbox 3274 1105 3368 1159; x_wconf 92' lang='grc' dir='ltr'><strong>τοῦ</strong></span> <span class='ocrx_word' id='word_1_158' title='bbox 3383 1106 3608 1179; x_wconf 86' lang='grc' dir='ltr'><strong>λουτροῦ</strong></span> <span class='ocrx_word' id='word_1_159' title='bbox 3642 1127 3782 1165; x_wconf 64' lang='grc' dir='ltr'><strong>παν-</strong></span> 
     </span>
    </p>
   </div>
   <div class='ocr_carea' id='block_1_25' title="bbox 2166 1199 2521 1271">
    <p class='ocr_par' dir='ltr' id='par_1_25' title="bbox 2166 1199 2521 1271">
     <span class='ocr_line' id='line_1_25' title="bbox 2166 1199 2521 1271; baseline 0.003 -17"><span class='ocrx_word' id='word_1_160' title='bbox 2166 1199 2521 1271; x_wconf 79' lang='grc' dir='ltr'><strong>λιγγενεσὶας.</strong></span> 
     </span>
    </p>
   </div>
   <div class='ocr_carea' id='block_1_26' title="bbox 2235 1289 3780 1364">
    <p class='ocr_par' dir='ltr' id='par_1_26' title="bbox 2235 1289 3780 1364">
     <span class='ocr_line' id='line_1_26' title="bbox 2235 1289 3780 1364; baseline 0.002 -19"><span class='ocrx_word' id='word_1_161' title='bbox 2235 1312 2260 1345; x_wconf 71' lang='lat'>1</span> <span class='ocrx_word' id='word_1_162' title='bbox 2284 1293 2395 1347; x_wconf 81' lang='lat' dir='ltr'><strong>Kal</strong></span> <span class='ocrx_word' id='word_1_163' title='bbox 2419 1291 2570 1345; x_wconf 82' lang='grc' dir='ltr'><strong>ἐσται</strong></span> <span class='ocrx_word' id='word_1_164' title='bbox 2601 1290 2729 1364; x_wconf 75' lang='grc' dir='ltr'><strong>πρὶν</strong></span> <span class='ocrx_word' id='word_1_165' title='bbox 2754 1289 2787 1361; x_wconf 80' lang='grc' dir='ltr'><strong>ἢ</strong></span> <span class='ocrx_word' id='word_1_166' title='bbox 2819 1290 3080 1363; x_wconf 81' lang='grc' dir='ltr'><strong>κεκράξαι</strong></span> <span class='ocrx_word' id='word_1_167' title='bbox 3118 1291 3336 1355; x_wconf 82' lang='grc' dir='ltr'><strong>αὐτοὺς,</strong></span> <span class='ocrx_word' id='word_1_168' title='bbox 3368 1290 3479 1361; x_wconf 87' lang='grc' dir='ltr'><strong>ἐγὼ</strong></span> <span class='ocrx_word' id='word_1_169' title='bbox 3508 1292 3780 1348; x_wconf 75' lang='grc' dir='ltr'><strong>ὑπακού-</strong></span> 
     </span>
    </p>
   </div>
   <div class='ocr_carea' id='block_1_27' title="bbox 2169 1383 3773 1457">
    <p class='ocr_par' dir='ltr' id='par_1_27' title="bbox 2169 1383 3773 1457">
     <span class='ocr_line' id='line_1_27' title="bbox 2169 1383 3773 1457; baseline 0.001 -17"><span class='ocrx_word' id='word_1_170' title='bbox 2169 1403 2333 1457; x_wconf 85' lang='grc' dir='ltr'><strong>σομαι</strong></span> <span class='ocrx_word' id='word_1_171' title='bbox 2358 1384 2536 1440; x_wconf 82' lang='grc' dir='ltr'><strong>αὐτῶν</strong></span> <span class='ocrx_word' id='word_1_172' title='bbox 2555 1402 2570 1415; x_wconf 85' lang='grc'>·</span> <span class='ocrx_word' id='word_1_173' title='bbox 2597 1384 2676 1437; x_wconf 82' lang='grc' dir='ltr'><strong>ἐτι</strong></span> <span class='ocrx_word' id='word_1_174' title='bbox 2707 1383 3007 1437; x_wconf 80' lang='grc' dir='ltr'><strong>λαλούντων</strong></span> <span class='ocrx_word' id='word_1_175' title='bbox 3035 1384 3210 1438; x_wconf 79' lang='grc' dir='ltr'><strong>αὐτῶν</strong></span> <span class='ocrx_word' id='word_1_176' title='bbox 3245 1384 3372 1455; x_wconf 86' lang='grc' dir='ltr'><strong>ἐρῶ·</strong></span> <span class='ocrx_word' id='word_1_177' title='bbox 3409 1386 3473 1438; x_wconf 89' lang='grc' dir='ltr'><strong>Τί</strong></span> <span class='ocrx_word' id='word_1_178' title='bbox 3504 1388 3654 1440; x_wconf 90' lang='grc' dir='ltr'><strong>ἐστιν</strong></span> <span class='ocrx_word' id='word_1_179' title='bbox 3679 1404 3698 1452; x_wconf 88' lang='grc'><strong>;</strong></span> <span class='ocrx_word' id='word_1_180' title='bbox 3745 1407 3773 1441; x_wconf 73' lang='grc' dir='ltr'><strong><em>ι</em></strong></span> 
     </span>
    </p>
   </div>
   <div class='ocr_carea' id='block_1_28' title="bbox 2172 1476 3777 1550">
    <p class='ocr_par' dir='ltr' id='par_1_28' title="bbox 2172 1476 3777 1550">
     <span class='ocr_line' id='line_1_28' title="bbox 2172 1476 3777 1550; baseline 0 -18"><span class='ocrx_word' id='word_1_181' title='bbox 2172 1479 2239 1532; x_wconf 80' lang='lat' dir='ltr'><strong>&quot;A</strong></span> <span class='ocrx_word' id='word_1_182' title='bbox 2269 1479 2331 1550; x_wconf 79' lang='grc' dir='ltr'><strong>δὴ</strong></span> <span class='ocrx_word' id='word_1_183' title='bbox 2369 1479 2463 1531; x_wconf 71' lang='grc' dir='ltr'><strong>καὶ</strong></span> <span class='ocrx_word' id='word_1_184' title='bbox 2496 1476 2798 1549; x_wconf 76' lang='grc' dir='ltr'><strong>ἐπληροῦτο</strong></span> <span class='ocrx_word' id='word_1_185' title='bbox 2837 1477 2929 1529; x_wconf 74' lang='grc' dir='ltr'><strong>ἐπὶ</strong></span> <span class='ocrx_word' id='word_1_186' title='bbox 2954 1476 3065 1529; x_wconf 86' lang='grc' dir='ltr'><strong>τῶν</strong></span> <span class='ocrx_word' id='word_1_187' title='bbox 3093 1476 3353 1549; x_wconf 80' lang='grc' dir='ltr'><strong>Πράξεων</strong></span> <span class='ocrx_word' id='word_1_188' title='bbox 3373 1477 3481 1530; x_wconf 88' lang='grc' dir='ltr'><strong>τῶν</strong></span> <span class='ocrx_word' id='word_1_189' title='bbox 3512 1479 3777 1532; x_wconf 83' lang='grc' dir='ltr'><strong>ἀποστό-</strong></span> 
     </span>
    </p>
   </div>
   <div class='ocr_carea' id='block_1_29' title="bbox 2168 1568 3776 1641">
    <p class='ocr_par' dir='ltr' id='par_1_29' title="bbox 2168 1568 3776 1641">
     <span class='ocr_line' id='line_1_29' title="bbox 2168 1568 3776 1641; baseline -0.001 -18"><span class='ocrx_word' id='word_1_190' title='bbox 2168 1570 2296 1623; x_wconf 77' lang='grc' dir='ltr'><strong>λων⁴</strong></span> <span class='ocrx_word' id='word_1_191' title='bbox 2338 1568 2508 1622; x_wconf 85' lang='grc' dir='ltr'><strong>πολλά</strong></span> <span class='ocrx_word' id='word_1_192' title='bbox 2548 1569 2655 1640; x_wconf 85' lang='grc' dir='ltr'><strong>γὰρ</strong></span> <span class='ocrx_word' id='word_1_193' title='bbox 2697 1570 2898 1638; x_wconf 83' lang='grc' dir='ltr'><strong>σημεῖα</strong></span> <span class='ocrx_word' id='word_1_194' title='bbox 2935 1568 3034 1621; x_wconf 67' lang='grc' dir='ltr'><strong>καὶ</strong></span> <span class='ocrx_word' id='word_1_195' title='bbox 3076 1569 3278 1639; x_wconf 86' lang='grc' dir='ltr'><strong>τέρατα</strong></span> <span class='ocrx_word' id='word_1_196' title='bbox 3308 1571 3606 1641; x_wconf 76' lang='grc' dir='ltr'><strong>ἐνηργεῖτο,</strong></span> <span class='ocrx_word' id='word_1_197' title='bbox 3656 1568 3776 1622; x_wconf 73' lang='grc' dir='ltr'><strong>τοῦ</strong></span> 
     </span>
    </p>
   </div>
   <div class='ocr_carea' id='block_1_30' title="bbox 2166 1653 3774 1732">
    <p class='ocr_par' dir='ltr' id='par_1_30' title="bbox 2166 1653 3774 1732">
     <span class='ocr_line' id='line_1_30' title="bbox 2166 1653 3774 1732; baseline 0 -18"><span class='ocrx_word' id='word_1_198' title='bbox 2166 1662 2301 1715; x_wconf 87' lang='grc' dir='ltr'><strong>Θεοῦ</strong></span> <span class='ocrx_word' id='word_1_199' title='bbox 2348 1662 2530 1725; x_wconf 81' lang='grc' dir='ltr'><strong>αὐτοῖς</strong></span> <span class='ocrx_word' id='word_1_200' title='bbox 2574 1659 2940 1731; x_wconf 87' lang='grc' dir='ltr'><strong>παρεστῶτος.</strong></span> <span class='ocrx_word' id='word_1_201' title='bbox 2975 1653 3075 1713; x_wconf 80' lang='grc' dir='ltr'><strong>Ὧν</strong></span> <span class='ocrx_word' id='word_1_202' title='bbox 3108 1660 3330 1715; x_wconf 89' lang='grc' dir='ltr'><strong>τοιαῦτα</strong></span> <span class='ocrx_word' id='word_1_203' title='bbox 3362 1660 3774 1732; x_wconf 80' lang='grc' dir='ltr'><strong>ἐνεργούντων,</strong></span> 
     </span>
    </p>
   </div>
   <div class='ocr_carea' id='block_1_31' title="bbox 2168 1750 3778 1823">
    <p class='ocr_par' dir='ltr' id='par_1_31' title="bbox 2168 1750 3778 1823">
     <span class='ocr_line' id='line_1_31' title="bbox 2168 1750 3778 1823; baseline 0.001 -17"><span class='ocrx_word' id='word_1_204' title='bbox 2168 1751 2475 1816; x_wconf 78' lang='grc' dir='ltr'><strong>ἀκολούθως</strong></span> <span class='ocrx_word' id='word_1_205' title='bbox 2527 1754 2560 1823; x_wconf 78' lang='grc' dir='ltr'>ἡ</span> <span class='ocrx_word' id='word_1_206' title='bbox 2611 1751 2719 1805; x_wconf 86' lang='grc' dir='ltr'><strong>τῶν</strong></span> <span class='ocrx_word' id='word_1_207' title='bbox 2783 1750 3094 1821; x_wconf 73' lang='grc' dir='ltr'><strong>ἀλλοφύλων</strong></span> <span class='ocrx_word' id='word_1_208' title='bbox 3150 1752 3317 1807; x_wconf 92' lang='grc' dir='ltr'><strong>ἐθνῶν</strong></span> <span class='ocrx_word' id='word_1_209' title='bbox 3377 1752 3587 1822; x_wconf 79' lang='grc' dir='ltr'><strong>ἐγίνετο</strong></span> <span class='ocrx_word' id='word_1_210' title='bbox 3630 1756 3778 1807; x_wconf 85' lang='grc' dir='ltr'><strong>ἐπι-</strong></span> 
     </span>
    </p>
   </div>
   <div class='ocr_carea' id='block_1_32' title="bbox 2173 1838 2625 1914">
    <p class='ocr_par' dir='ltr' id='par_1_32' title="bbox 2173 1838 2625 1914">
     <span class='ocr_line' id='line_1_32' title="bbox 2173 1838 2625 1914; baseline -0.007 0"><span class='ocrx_word' id='word_1_211' title='bbox 2173 1843 2399 1914; x_wconf 72' lang='grc' dir='ltr'><strong>στροφήι</strong></span> <span class='ocrx_word' id='word_1_212' title='bbox 2622 1838 2625 1843; x_wconf 78' lang='grc'><em>’</em></span> 
     </span>
    </p>
   </div>
   <div class='ocr_carea' id='block_1_33' title="bbox 559 1918 2069 2004">
    <p class='ocr_par' dir='ltr' id='par_1_33' title="bbox 559 1927 2062 2003">
     <span class='ocr_line' id='line_1_33' title="bbox 559 1927 2062 2003; baseline 0.001 -21"><span class='ocrx_word' id='word_1_213' title='bbox 559 1927 724 1983; x_wconf 75' lang='lat' dir='ltr'><strong>Vens.</strong></span> <span class='ocrx_word' id='word_1_214' title='bbox 749 1928 839 1986; x_wconf 75' lang='lat'><strong>25.</strong></span> <span class='ocrx_word' id='word_1_215' title='bbox 879 1949 898 1982; x_wconf 84' lang='lat' dir='ltr'><strong>t</strong></span> <span class='ocrx_word' id='word_1_216' title='bbox 929 1930 1078 1986; x_wconf 91' lang='lat' dir='ltr'><strong>Tunc</strong></span> <span class='ocrx_word' id='word_1_217' title='bbox 1126 1932 1235 2003; x_wconf 91' lang='lat' dir='ltr'><strong>lupi</strong></span> <span class='ocrx_word' id='word_1_218' title='bbox 1280 1943 1335 1988; x_wconf 91' lang='lat' dir='ltr'><strong>et</strong></span> <span class='ocrx_word' id='word_1_219' title='bbox 1371 1933 1493 2003; x_wconf 90' lang='lat' dir='ltr'><strong>agni</strong></span> <span class='ocrx_word' id='word_1_220' title='bbox 1543 1940 1836 2002; x_wconf 87' lang='lat' dir='ltr'><strong>pascentur</strong></span> <span class='ocrx_word' id='word_1_221' title='bbox 1879 1931 2062 1997; x_wconf 89' lang='lat' dir='ltr'><strong>simul,</strong></span> 
     </span>
    </p>
   </div>
   <div class='ocr_carea' id='block_1_34' title="bbox 2179 1918 3777 2004">
    <p class='ocr_par' dir='ltr' id='par_1_34' title="bbox 2246 1926 3777 2004">
     <span class='ocr_line' id='line_1_34' title="bbox 2246 1926 3777 2004; baseline 0.001 -18"><span class='ocrx_word' id='word_1_222' title='bbox 2246 1926 2281 1986; x_wconf 65' lang='grc' dir='ltr'><strong><em>τ</em></strong></span> <span class='ocrx_word' id='word_1_223' title='bbox 2310 1935 2443 1986; x_wconf 86' lang='grc' dir='ltr'><strong>Τότε</strong></span> <span class='ocrx_word' id='word_1_224' title='bbox 2483 1931 2635 1985; x_wconf 80' lang='grc' dir='ltr'><strong>λύκοι</strong></span> <span class='ocrx_word' id='word_1_225' title='bbox 2685 1932 2780 1986; x_wconf 72' lang='grc' dir='ltr'><strong>καὶ</strong></span> <span class='ocrx_word' id='word_1_226' title='bbox 2819 1930 2981 2002; x_wconf 78' lang='grc' dir='ltr'><strong>ἄρνες</strong></span> <span class='ocrx_word' id='word_1_227' title='bbox 3017 1931 3443 2004; x_wconf 80' lang='grc' dir='ltr'><strong>βοσκηθήσονται</strong></span> <span class='ocrx_word' id='word_1_228' title='bbox 3490 1933 3626 2003; x_wconf 76' lang='grc' dir='ltr'><strong>ἅμα,</strong></span> <span class='ocrx_word' id='word_1_229' title='bbox 3659 1933 3777 1987; x_wconf 71' lang='grc' dir='ltr'><strong>καὶ</strong></span> 
     </span>
    </p>
   </div>
   <div class='ocr_carea' id='block_1_35' title="bbox 488 2019 2069 2094">
    <p class='ocr_par' dir='ltr' id='par_1_35' title="bbox 488 2019 2069 2094">
     <span class='ocr_line' id='line_1_35' title="bbox 488 2019 2069 2094; baseline 0.004 -23"><span class='ocrx_word' id='word_1_230' title='bbox 488 2030 544 2072; x_wconf 91' lang='lat' dir='ltr'><strong>et</strong></span> <span class='ocrx_word' id='word_1_231' title='bbox 577 2019 660 2075; x_wconf 92' lang='lat' dir='ltr'><strong>leo</strong></span> <span class='ocrx_word' id='word_1_232' title='bbox 689 2031 745 2075; x_wconf 93' lang='lat' dir='ltr'><strong>ut</strong></span> <span class='ocrx_word' id='word_1_233' title='bbox 788 2023 885 2077; x_wconf 92' lang='lat' dir='ltr'><strong>bos</strong></span> <span class='ocrx_word' id='word_1_234' title='bbox 929 2026 1175 2079; x_wconf 83' lang='lat' dir='ltr'><strong>comedet</strong></span> <span class='ocrx_word' id='word_1_235' title='bbox 1218 2025 1419 2092; x_wconf 87' lang='lat' dir='ltr'><strong>paleas,</strong></span> <span class='ocrx_word' id='word_1_236' title='bbox 1461 2039 1685 2094; x_wconf 87' lang='lat' dir='ltr'><strong>serpens</strong></span> <span class='ocrx_word' id='word_1_237' title='bbox 1732 2034 1913 2078; x_wconf 79' lang='lat' dir='ltr'><strong>autem</strong></span> <span class='ocrx_word' id='word_1_238' title='bbox 1958 2033 2069 2078; x_wconf 91' lang='lat' dir='ltr'><strong>ter-</strong></span> 
     </span>
    </p>
   </div>
   <div class='ocr_carea' id='block_1_36' title="bbox 491 2113 2066 2187">
    <p class='ocr_par' dir='ltr' id='par_1_36' title="bbox 491 2113 2066 2187">
     <span class='ocr_line' id='line_1_36' title="bbox 491 2113 2066 2187; baseline 0.004 -23"><span class='ocrx_word' id='word_1_239' title='bbox 491 2128 607 2165; x_wconf 90' lang='lat' dir='ltr'><strong>ram</strong></span> <span class='ocrx_word' id='word_1_240' title='bbox 640 2113 793 2182; x_wconf 84' lang='lat' dir='ltr'><strong>quasi</strong></span> <span class='ocrx_word' id='word_1_241' title='bbox 828 2130 1044 2183; x_wconf 85' lang='lat' dir='ltr'><strong>panem.</strong></span> <span class='ocrx_word' id='word_1_242' title='bbox 1098 2114 1213 2170; x_wconf 88' lang='lat' dir='ltr'><strong>Non</strong></span> <span class='ocrx_word' id='word_1_243' title='bbox 1268 2119 1561 2181; x_wconf 87' lang='lat' dir='ltr'><strong>nocebunt,</strong></span> <span class='ocrx_word' id='word_1_244' title='bbox 1595 2133 1768 2187; x_wconf 87' lang='lat' dir='ltr'><strong>neque</strong></span> <span class='ocrx_word' id='word_1_245' title='bbox 1813 2119 2066 2172; x_wconf 80' lang='lat' dir='ltr'><strong>devasta-</strong></span> 
     </span>
    </p>
   </div>
   <div class='ocr_carea' id='block_1_37' title="bbox 490 2202 2066 2271">
    <p class='ocr_par' dir='ltr' id='par_1_37' title="bbox 490 2202 2066 2271">
     <span class='ocr_line' id='line_1_37' title="bbox 490 2202 2066 2271; baseline 0.004 -16"><span class='ocrx_word' id='word_1_246' title='bbox 490 2202 624 2256; x_wconf 87' lang='lat' dir='ltr'><strong>bunt</strong></span> <span class='ocrx_word' id='word_1_247' title='bbox 672 2205 725 2257; x_wconf 86' lang='lat' dir='ltr'><strong>in</strong></span> <span class='ocrx_word' id='word_1_248' title='bbox 763 2215 947 2259; x_wconf 90' lang='lat' dir='ltr'><strong>monte</strong></span> <span class='ocrx_word' id='word_1_249' title='bbox 993 2215 1181 2260; x_wconf 89' lang='lat' dir='ltr'><strong>sancto</strong></span> <span class='ocrx_word' id='word_1_250' title='bbox 1220 2222 1361 2271; x_wconf 92' lang='lat' dir='ltr'><strong>meo,</strong></span> <span class='ocrx_word' id='word_1_251' title='bbox 1396 2206 1529 2263; x_wconf 90' lang='lat' dir='ltr'><strong>dicit</strong></span> <span class='ocrx_word' id='word_1_252' title='bbox 1565 2207 1842 2263; x_wconf 90' lang='lat' dir='ltr'><strong>Dominus.</strong></span> <span class='ocrx_word' id='word_1_253' title='bbox 1868 2226 1886 2260; x_wconf 75' lang='grc' dir='ltr'><strong>ι</strong></span> <span class='ocrx_word' id='word_1_254' title='bbox 1933 2206 2066 2262; x_wconf 82' lang='lat' dir='ltr'><strong>Nam</strong></span> 
     </span>
    </p>
   </div>
   <div class='ocr_carea' id='block_1_38' title="bbox 482 2295 2071 2369">
    <p class='ocr_par' dir='ltr' id='par_1_38' title="bbox 482 2295 2071 2369">
     <span class='ocr_line' id='line_1_38' title="bbox 482 2295 2071 2369; baseline 0.004 -22"><span class='ocrx_word' id='word_1_255' title='bbox 482 2298 581 2364; x_wconf 91' lang='lat' dir='ltr'><strong>qui</strong></span> <span class='ocrx_word' id='word_1_256' title='bbox 613 2295 763 2363; x_wconf 89' lang='lat' dir='ltr'><strong>prius</strong></span> <span class='ocrx_word' id='word_1_257' title='bbox 787 2310 1017 2365; x_wconf 84' lang='lat' dir='ltr'><strong>rapaces</strong></span> <span class='ocrx_word' id='word_1_258' title='bbox 1042 2306 1097 2352; x_wconf 89' lang='lat' dir='ltr'><strong>et</strong></span> <span class='ocrx_word' id='word_1_259' title='bbox 1124 2297 1333 2352; x_wconf 80' lang='lat' dir='ltr'><strong>feroces</strong></span> <span class='ocrx_word' id='word_1_260' title='bbox 1361 2308 1536 2361; x_wconf 90' lang='lat' dir='ltr'><strong>erant,</strong></span> <span class='ocrx_word' id='word_1_261' title='bbox 1568 2300 1639 2352; x_wconf 86' lang='lat' dir='ltr'><strong>ita</strong></span> <span class='ocrx_word' id='word_1_262' title='bbox 1670 2309 1727 2353; x_wconf 91' lang='lat' dir='ltr'><strong>ut</strong></span> <span class='ocrx_word' id='word_1_263' title='bbox 1759 2298 1900 2369; x_wconf 89' lang='lat' dir='ltr'><strong>lupis</strong></span> <span class='ocrx_word' id='word_1_264' title='bbox 1927 2315 2071 2354; x_wconf 89' lang='lat' dir='ltr'><strong>com-</strong></span> 
     </span>
    </p>
   </div>
   <div class='ocr_carea' id='block_1_39' title="bbox 492 2388 2066 2459">
    <p class='ocr_par' dir='ltr' id='par_1_39' title="bbox 492 2388 2066 2459">
     <span class='ocr_line' id='line_1_39' title="bbox 492 2388 2066 2459; baseline 0.005 -21"><span class='ocrx_word' id='word_1_265' title='bbox 492 2388 667 2455; x_wconf 90' lang='lat' dir='ltr'><strong>parari</strong></span> <span class='ocrx_word' id='word_1_266' title='bbox 702 2398 954 2456; x_wconf 87' lang='lat' dir='ltr'><strong>possent,</strong></span> <span class='ocrx_word' id='word_1_267' title='bbox 992 2389 1045 2442; x_wconf 90' lang='lat' dir='ltr'><strong>in</strong></span> <span class='ocrx_word' id='word_1_268' title='bbox 1090 2398 1429 2444; x_wconf 88' lang='lat' dir='ltr'><strong>mansuetum</strong></span> <span class='ocrx_word' id='word_1_269' title='bbox 1471 2406 1677 2446; x_wconf 90' lang='lat' dir='ltr'><strong>morem</strong></span> <span class='ocrx_word' id='word_1_270' title='bbox 1721 2392 2066 2459; x_wconf 84' lang='lat' dir='ltr'><strong>commutati,</strong></span> 
     </span>
    </p>
   </div>
   <div class='ocr_carea' id='block_1_40' title="bbox 486 2479 2069 2552">
    <p class='ocr_par' dir='ltr' id='par_1_40' title="bbox 486 2479 2069 2552">
     <span class='ocr_line' id='line_1_40' title="bbox 486 2479 2069 2552; baseline 0.003 -19"><span class='ocrx_word' id='word_1_271' title='bbox 486 2493 619 2533; x_wconf 79' lang='lat' dir='ltr'><strong>cum</strong></span> <span class='ocrx_word' id='word_1_272' title='bbox 670 2480 823 2548; x_wconf 85' lang='lat' dir='ltr'><strong>agnis</strong></span> <span class='ocrx_word' id='word_1_273' title='bbox 867 2489 922 2535; x_wconf 93' lang='lat' dir='ltr'><strong>et</strong></span> <span class='ocrx_word' id='word_1_274' title='bbox 970 2479 1144 2536; x_wconf 89' lang='lat' dir='ltr'><strong>bobus</strong></span> <span class='ocrx_word' id='word_1_275' title='bbox 1188 2482 1450 2551; x_wconf 88' lang='lat' dir='ltr'><strong>gregatim</strong></span> <span class='ocrx_word' id='word_1_276' title='bbox 1494 2484 1814 2552; x_wconf 88' lang='lat' dir='ltr'><strong>agebantur,</strong></span> <span class='ocrx_word' id='word_1_277' title='bbox 1855 2492 1913 2537; x_wconf 87' lang='lat' dir='ltr'><strong>ut</strong></span> <span class='ocrx_word' id='word_1_278' title='bbox 1961 2499 2069 2539; x_wconf 91' lang='lat' dir='ltr'><strong>uno</strong></span> 
     </span>
    </p>
   </div>
   <div class='ocr_carea' id='block_1_41' title="bbox 486 2570 2071 2643">
    <p class='ocr_par' dir='ltr' id='par_1_41' title="bbox 486 2570 2071 2643">
     <span class='ocr_line' id='line_1_41' title="bbox 486 2570 2071 2643; baseline 0.003 -20"><span class='ocrx_word' id='word_1_279' title='bbox 486 2570 796 2638; x_wconf 85' lang='lat' dir='ltr'><strong>eodemque</strong></span> <span class='ocrx_word' id='word_1_280' title='bbox 840 2585 906 2625; x_wconf 85' lang='lat' dir='ltr'><strong>ex</strong></span> <span class='ocrx_word' id='word_1_281' title='bbox 964 2570 1163 2625; x_wconf 83' lang='lat' dir='ltr'><strong>divinis</strong></span> <span class='ocrx_word' id='word_1_282' title='bbox 1220 2571 1545 2628; x_wconf 92' lang='lat' dir='ltr'><strong>lectionibus</strong></span> <span class='ocrx_word' id='word_1_283' title='bbox 1586 2583 1843 2643; x_wconf 80' lang='lat' dir='ltr'><strong>excerpto</strong></span> <span class='ocrx_word' id='word_1_284' title='bbox 1900 2575 2071 2629; x_wconf 81' lang='lat' dir='ltr'><strong>ratio-</strong></span> 
     </span>
    </p>
   </div>
   <div class='ocr_carea' id='block_1_42' title="bbox 494 2662 2069 2733">
    <p class='ocr_par' dir='ltr' id='par_1_42' title="bbox 494 2662 2069 2733">
     <span class='ocr_line' id='line_1_42' title="bbox 494 2662 2069 2733; baseline 0.004 -19"><span class='ocrx_word' id='word_1_285' title='bbox 494 2662 660 2719; x_wconf 84' lang='lat' dir='ltr'><strong>nabili</strong></span> <span class='ocrx_word' id='word_1_286' title='bbox 697 2664 819 2718; x_wconf 84' lang='lat' dir='ltr'><strong>cibo</strong></span> <span class='ocrx_word' id='word_1_287' title='bbox 863 2674 1163 2719; x_wconf 89' lang='lat' dir='ltr'><strong>uterentur.</strong></span> <span class='ocrx_word' id='word_1_288' title='bbox 1205 2665 1307 2733; x_wconf 85' lang='lat' dir='ltr'><strong>Qui</strong></span> <span class='ocrx_word' id='word_1_289' title='bbox 1348 2674 1526 2719; x_wconf 90' lang='lat' dir='ltr'><strong>autem</strong></span> <span class='ocrx_word' id='word_1_290' title='bbox 1564 2665 1805 2721; x_wconf 94' lang='lat' dir='ltr'><strong>moribus</strong></span> <span class='ocrx_word' id='word_1_291' title='bbox 1858 2665 1992 2720; x_wconf 84' lang='lat' dir='ltr'><strong>nihil</strong></span> <span class='ocrx_word' id='word_1_292' title='bbox 2038 2682 2069 2721; x_wconf 89' lang='lat' dir='ltr'><strong>a</strong></span> 
     </span>
    </p>
   </div>
   <div class='ocr_carea' id='block_1_43' title="bbox 493 2755 2072 2825">
    <p class='ocr_par' dir='ltr' id='par_1_43' title="bbox 493 2755 2072 2825">
     <span class='ocr_line' id='line_1_43' title="bbox 493 2755 2072 2825; baseline 0.001 -17"><span class='ocrx_word' id='word_1_293' title='bbox 493 2755 741 2809; x_wconf 87' lang='lat' dir='ltr'><strong>leonibus</strong></span> <span class='ocrx_word' id='word_1_294' title='bbox 780 2757 1183 2825; x_wconf 86' lang='lat' dir='ltr'><strong>discrepabant,</strong></span> <span class='ocrx_word' id='word_1_295' title='bbox 1221 2757 1335 2825; x_wconf 87' lang='lat' dir='ltr'><strong>jam</strong></span> <span class='ocrx_word' id='word_1_296' title='bbox 1374 2771 1480 2811; x_wconf 91' lang='lat' dir='ltr'><strong>non</strong></span> <span class='ocrx_word' id='word_1_297' title='bbox 1515 2756 1653 2811; x_wconf 91' lang='lat' dir='ltr'><strong>ultra</strong></span> <span class='ocrx_word' id='word_1_298' title='bbox 1683 2756 1987 2812; x_wconf 82' lang='lat' dir='ltr'><strong>carnivoris</strong></span> <span class='ocrx_word' id='word_1_299' title='bbox 2016 2766 2072 2811; x_wconf 89' lang='lat' dir='ltr'><strong>et</strong></span> 
     </span>
    </p>
   </div>
   <div class='ocr_carea' id='block_1_44' title="bbox 488 2847 2069 2919">
    <p class='ocr_par' dir='ltr' id='par_1_44' title="bbox 488 2847 2069 2919">
     <span class='ocr_line' id='line_1_44' title="bbox 488 2847 2069 2919; baseline 0.002 -17"><span class='ocrx_word' id='word_1_300' title='bbox 488 2847 858 2915; x_wconf 81' lang='lat' dir='ltr'><strong>sanguinariis</strong></span> <span class='ocrx_word' id='word_1_301' title='bbox 931 2848 1059 2903; x_wconf 81' lang='lat' dir='ltr'><strong>feris</strong></span> <span class='ocrx_word' id='word_1_302' title='bbox 1110 2850 1350 2912; x_wconf 86' lang='lat' dir='ltr'><strong>similes.</strong></span> <span class='ocrx_word' id='word_1_303' title='bbox 1406 2850 1575 2904; x_wconf 83' lang='lat' dir='ltr'><strong>boum</strong></span> <span class='ocrx_word' id='word_1_304' title='bbox 1631 2849 1802 2903; x_wconf 88' lang='lat' dir='ltr'><strong>instar</strong></span> <span class='ocrx_word' id='word_1_305' title='bbox 1847 2858 1903 2905; x_wconf 91' lang='lat' dir='ltr'><strong>et</strong></span> <span class='ocrx_word' id='word_1_306' title='bbox 1968 2850 2069 2919; x_wconf 83' lang='lat' dir='ltr'><strong>ipsi</strong></span> 
     </span>
    </p>
   </div>
   <div class='ocr_carea' id='block_1_45' title="bbox 484 2938 2069 3011">
    <p class='ocr_par' dir='ltr' id='par_1_45' title="bbox 484 2938 2069 3011">
     <span class='ocr_line' id='line_1_45' title="bbox 484 2938 2069 3011; baseline 0.003 -19"><span class='ocrx_word' id='word_1_307' title='bbox 484 2938 687 2993; x_wconf 68' lang='lat' dir='ltr'><strong>divinae</strong></span> <span class='ocrx_word' id='word_1_308' title='bbox 722 2939 986 2994; x_wconf 72' lang='lat' dir='ltr'><strong>doctrinae</strong></span> <span class='ocrx_word' id='word_1_309' title='bbox 1023 2940 1249 2995; x_wconf 85' lang='lat' dir='ltr'><strong>herbam</strong></span> <span class='ocrx_word' id='word_1_310' title='bbox 1300 2941 1677 2996; x_wconf 88' lang='lat' dir='ltr'><strong>comedebant.</strong></span> <span class='ocrx_word' id='word_1_311' title='bbox 1716 2940 1782 2994; x_wconf 88' lang='lat' dir='ltr'><strong>Et</strong></span> <span class='ocrx_word' id='word_1_312' title='bbox 1822 2942 1914 3011; x_wconf 89' lang='lat' dir='ltr'><strong>qui</strong></span> <span class='ocrx_word' id='word_1_313' title='bbox 1941 2941 2069 2997; x_wconf 82' lang='lat' dir='ltr'><strong>olim</strong></span> 
     </span>
    </p>
   </div>
   <div class='ocr_carea' id='block_1_46' title="bbox 484 3029 2069 3101">
    <p class='ocr_par' dir='ltr' id='par_1_46' title="bbox 484 3029 2069 3101">
     <span class='ocr_line' id='line_1_46' title="bbox 484 3029 2069 3101; baseline -0.001 -16"><span class='ocrx_word' id='word_1_314' title='bbox 484 3038 798 3100; x_wconf 81' lang='lat' dir='ltr'><strong>serpentem</strong></span> <span class='ocrx_word' id='word_1_315' title='bbox 854 3029 1152 3096; x_wconf 80' lang='lat' dir='ltr'><strong>referebat,</strong></span> <span class='ocrx_word' id='word_1_316' title='bbox 1197 3041 1425 3098; x_wconf 82' lang='lat' dir='ltr'><strong>atroque</strong></span> <span class='ocrx_word' id='word_1_317' title='bbox 1467 3046 1677 3086; x_wconf 82' lang='lat' dir='ltr'><strong>veneno</strong></span> <span class='ocrx_word' id='word_1_318' title='bbox 1730 3032 1921 3101; x_wconf 86' lang='lat' dir='ltr'><strong>plenus</strong></span> <span class='ocrx_word' id='word_1_319' title='bbox 1963 3032 2069 3097; x_wconf 84' lang='lat' dir='ltr'><strong>vir,</strong></span> 
     </span>
    </p>
   </div>
   <div class='ocr_carea' id='block_1_47' title="bbox 491 3122 2062 3194">
    <p class='ocr_par' dir='ltr' id='par_1_47' title="bbox 491 3122 2062 3194">
     <span class='ocr_line' id='line_1_47' title="bbox 491 3122 2062 3194; baseline 0.001 -18"><span class='ocrx_word' id='word_1_320' title='bbox 491 3123 768 3191; x_wconf 76' lang='lat' dir='ltr'><strong>repudiata</strong></span> <span class='ocrx_word' id='word_1_321' title='bbox 806 3122 1028 3185; x_wconf 91' lang='lat' dir='ltr'><strong>malitia,</strong></span> <span class='ocrx_word' id='word_1_322' title='bbox 1064 3138 1253 3191; x_wconf 89' lang='lat' dir='ltr'><strong>panem</strong></span> <span class='ocrx_word' id='word_1_323' title='bbox 1278 3124 1566 3177; x_wconf 84' lang='lat' dir='ltr'><strong>comedet:</strong></span> <span class='ocrx_word' id='word_1_324' title='bbox 1599 3138 1697 3191; x_wconf 92' lang='lat' dir='ltr'><strong>pro</strong></span> <span class='ocrx_word' id='word_1_325' title='bbox 1726 3132 1869 3177; x_wconf 87' lang='lat' dir='ltr'><strong>terra</strong></span> <span class='ocrx_word' id='word_1_326' title='bbox 1897 3138 2062 3194; x_wconf 75' lang='lat' dir='ltr'><strong>quam</strong></span> 
     </span>
    </p>
   </div>
   <div class='ocr_carea' id='block_1_48' title="bbox 493 3212 2067 3279">
    <p class='ocr_par' dir='ltr' id='par_1_48' title="bbox 493 3212 2067 3279">
     <span class='ocr_line' id='line_1_48' title="bbox 493 3212 2067 3279; baseline 0.004 -15"><span class='ocrx_word' id='word_1_327' title='bbox 493 3213 642 3279; x_wconf 87' lang='lat' dir='ltr'><strong>prius</strong></span> <span class='ocrx_word' id='word_1_328' title='bbox 666 3214 883 3278; x_wconf 90' lang='lat' dir='ltr'><strong>edebat,</strong></span> <span class='ocrx_word' id='word_1_329' title='bbox 911 3214 1218 3268; x_wconf 87' lang='lat' dir='ltr'><strong>rationabili</strong></span> <span class='ocrx_word' id='word_1_330' title='bbox 1244 3223 1297 3269; x_wconf 92' lang='lat' dir='ltr'><strong>et</strong></span> <span class='ocrx_word' id='word_1_331' title='bbox 1329 3216 1565 3268; x_wconf 88' lang='lat' dir='ltr'><strong>humano</strong></span> <span class='ocrx_word' id='word_1_332' title='bbox 1597 3223 1757 3269; x_wconf 85' lang='lat' dir='ltr'><strong>utens</strong></span> <span class='ocrx_word' id='word_1_333' title='bbox 1783 3212 2067 3270; x_wconf 84' lang='lat' dir='ltr'><strong>alimento.</strong></span> 
     </span>
    </p>
   </div>
   <div class='ocr_carea' id='block_1_49' title="bbox 490 3303 2070 3375">
    <p class='ocr_par' dir='ltr' id='par_1_49' title="bbox 490 3303 2070 3375">
     <span class='ocr_line' id='line_1_49' title="bbox 490 3303 2070 3375; baseline -0.001 -13"><span class='ocrx_word' id='word_1_334' title='bbox 490 3303 677 3373; x_wconf 77' lang='lat' dir='ltr'><strong>Usque</strong></span> <span class='ocrx_word' id='word_1_335' title='bbox 709 3305 845 3360; x_wconf 89' lang='lat' dir='ltr'><strong>adeo</strong></span> <span class='ocrx_word' id='word_1_336' title='bbox 886 3315 1063 3360; x_wconf 91' lang='lat' dir='ltr'><strong>autem</strong></span> <span class='ocrx_word' id='word_1_337' title='bbox 1114 3306 1419 3375; x_wconf 85' lang='lat' dir='ltr'><strong>hujusmodi</strong></span> <span class='ocrx_word' id='word_1_338' title='bbox 1478 3305 1607 3362; x_wconf 71' lang='lat' dir='ltr'><strong>ferte</strong></span> <span class='ocrx_word' id='word_1_339' title='bbox 1652 3317 2070 3374; x_wconf 79' lang='lat' dir='ltr'><strong>mansuescent,</strong></span> 
     </span>
    </p>
   </div>
   <div class='ocr_carea' id='block_1_50' title="bbox 494 3398 2073 3470">
    <p class='ocr_par' dir='ltr' id='par_1_50' title="bbox 494 3398 2073 3470">
     <span class='ocr_line' id='line_1_50' title="bbox 494 3398 2073 3470; baseline 0.003 -18"><span class='ocrx_word' id='word_1_340' title='bbox 494 3408 551 3452; x_wconf 82' lang='lat' dir='ltr'><strong>ut</strong></span> <span class='ocrx_word' id='word_1_341' title='bbox 589 3398 859 3454; x_wconf 84' lang='lat' dir='ltr'><strong>neminem</strong></span> <span class='ocrx_word' id='word_1_342' title='bbox 904 3398 1101 3455; x_wconf 65' lang='lat' dir='ltr'><strong>lsedaut</strong></span> <span class='ocrx_word' id='word_1_343' title='bbox 1130 3400 1210 3454; x_wconf 69' lang='lat' dir='ltr'><strong>vel</strong></span> <span class='ocrx_word' id='word_1_344' title='bbox 1253 3400 1598 3470; x_wconf 85' lang='lat' dir='ltr'><strong>pessumdent</strong></span> <span class='ocrx_word' id='word_1_345' title='bbox 1634 3398 1689 3454; x_wconf 85' lang='lat' dir='ltr'><strong>in</strong></span> <span class='ocrx_word' id='word_1_346' title='bbox 1726 3413 1910 3456; x_wconf 85' lang='lat' dir='ltr'><strong>monte</strong></span> <span class='ocrx_word' id='word_1_347' title='bbox 1958 3400 2073 3456; x_wconf 88' lang='lat' dir='ltr'><strong>Dei.</strong></span> 
     </span>
    </p>
   </div>
   <div class='ocr_carea' id='block_1_51' title="bbox 1059 3558 1507 3616">
    <p class='ocr_par' dir='ltr' id='par_1_51' title="bbox 1059 3558 1507 3616">
     <span class='ocr_line' id='line_1_51' title="bbox 1059 3558 1507 3616; baseline 0.007 -4"><span class='ocrx_word' id='word_1_348' title='bbox 1059 3559 1288 3616; x_wconf 76' lang='lat' dir='ltr'><strong>CAPUT</strong></span> <span class='ocrx_word' id='word_1_349' title='bbox 1322 3558 1507 3616; x_wconf 78' lang='lat' dir='ltr'><strong>LXVI.</strong></span> 
     </span>
    </p>
   </div>
   <div class='ocr_carea' id='block_1_52' title="bbox 565 3672 2077 3742">
    <p class='ocr_par' dir='ltr' id='par_1_52' title="bbox 565 3672 2077 3742">
     <span class='ocr_line' id='line_1_52' title="bbox 565 3672 2077 3742; baseline 0.004 -14"><span class='ocrx_word' id='word_1_350' title='bbox 565 3674 729 3728; x_wconf 70' lang='lat' dir='ltr'><strong>Vens.</strong></span> <span class='ocrx_word' id='word_1_351' title='bbox 758 3674 873 3728; x_wconf 75' lang='grc'><strong>1-5.</strong></span> <span class='ocrx_word' id='word_1_352' title='bbox 908 3692 929 3725; x_wconf 83' lang='grc'><strong>‹</strong></span> <span class='ocrx_word' id='word_1_353' title='bbox 954 3672 1051 3729; x_wconf 85' lang='lat' dir='ltr'><strong>Sic</strong></span> <span class='ocrx_word' id='word_1_354' title='bbox 1101 3674 1231 3728; x_wconf 91' lang='lat' dir='ltr'><strong>dicit</strong></span> <span class='ocrx_word' id='word_1_355' title='bbox 1278 3675 1560 3742; x_wconf 90' lang='lat' dir='ltr'><strong>Dominus,</strong></span> <span class='ocrx_word' id='word_1_356' title='bbox 1596 3675 1804 3732; x_wconf 66' lang='lat' dir='ltr'><strong>Caelum</strong></span> <span class='ocrx_word' id='word_1_357' title='bbox 1851 3678 2077 3734; x_wconf 78' lang='lat' dir='ltr'><strong>thronus</strong></span> 
     </span>
    </p>
   </div>
   <div class='ocr_carea' id='block_1_53' title="bbox 490 3764 2074 3835">
    <p class='ocr_par' dir='ltr' id='par_1_53' title="bbox 490 3764 2074 3835">
     <span class='ocr_line' id='line_1_53' title="bbox 490 3764 2074 3835; baseline 0.003 -18"><span class='ocrx_word' id='word_1_358' title='bbox 490 3780 670 3831; x_wconf 84' lang='lat' dir='ltr'><strong>meus,</strong></span> <span class='ocrx_word' id='word_1_359' title='bbox 704 3774 759 3819; x_wconf 89' lang='lat' dir='ltr'><strong>et</strong></span> <span class='ocrx_word' id='word_1_360' title='bbox 801 3774 946 3820; x_wconf 89' lang='lat' dir='ltr'><strong>terra</strong></span> <span class='ocrx_word' id='word_1_361' title='bbox 992 3764 1286 3819; x_wconf 86' lang='lat' dir='ltr'><strong>scabellum</strong></span> <span class='ocrx_word' id='word_1_362' title='bbox 1322 3770 1515 3835; x_wconf 90' lang='lat' dir='ltr'><strong>pedum</strong></span> <span class='ocrx_word' id='word_1_363' title='bbox 1550 3783 1818 3825; x_wconf 91' lang='lat' dir='ltr'><strong>meorum.</strong></span> <span class='ocrx_word' id='word_1_364' title='bbox 1850 3769 2074 3835; x_wconf 77' lang='lat' dir='ltr'><strong>Qualem</strong></span> 
     </span>
    </p>
   </div>
   <div class='ocr_carea' id='block_1_54' title="bbox 496 3856 2070 3928">
    <p class='ocr_par' dir='ltr' id='par_1_54' title="bbox 496 3856 2070 3928">
     <span class='ocr_line' id='line_1_54' title="bbox 496 3856 2070 3928; baseline 0.001 -17"><span class='ocrx_word' id='word_1_365' title='bbox 496 3859 713 3913; x_wconf 92' lang='lat' dir='ltr'><strong>domum</strong></span> <span class='ocrx_word' id='word_1_366' title='bbox 765 3856 1108 3912; x_wconf 74' lang='lat' dir='ltr'><strong>aedilicabitis</strong></span> <span class='ocrx_word' id='word_1_367' title='bbox 1154 3857 1335 3911; x_wconf 85' lang='lat' dir='ltr'><strong>mihi?</strong></span> <span class='ocrx_word' id='word_1_368' title='bbox 1379 3868 1435 3912; x_wconf 91' lang='lat' dir='ltr'><strong>et</strong></span> <span class='ocrx_word' id='word_1_369' title='bbox 1480 3859 1603 3927; x_wconf 88' lang='lat' dir='ltr'><strong>quis</strong></span> <span class='ocrx_word' id='word_1_370' title='bbox 1659 3859 1810 3915; x_wconf 92' lang='lat' dir='ltr'><strong>locus</strong></span> <span class='ocrx_word' id='word_1_371' title='bbox 1858 3859 2070 3928; x_wconf 91' lang='lat' dir='ltr'><strong>requie-</strong></span> 
     </span>
    </p>
   </div>
   <div class='ocr_carea' id='block_1_55' title="bbox 498 3948 2079 4017">
    <p class='ocr_par' dir='ltr' id='par_1_55' title="bbox 498 3948 2079 4017">
     <span class='ocr_line' id='line_1_55' title="bbox 498 3948 2079 4017; baseline 0.003 -16"><span class='ocrx_word' id='word_1_372' title='bbox 498 3948 659 4002; x_wconf 91' lang='lat' dir='ltr'><strong>tionis</strong></span> <span class='ocrx_word' id='word_1_373' title='bbox 700 3949 866 4003; x_wconf 68' lang='lat' dir='ltr'><strong>mete?</strong></span> <span class='ocrx_word' id='word_1_374' title='bbox 893 3948 1015 4003; x_wconf 67' lang='lat' dir='ltr'><strong>llrec</strong></span> <span class='ocrx_word' id='word_1_375' title='bbox 1046 3948 1189 4003; x_wconf 90' lang='lat' dir='ltr'><strong>enim</strong></span> <span class='ocrx_word' id='word_1_376' title='bbox 1218 3948 1399 4003; x_wconf 89' lang='lat' dir='ltr'><strong>omnia</strong></span> <span class='ocrx_word' id='word_1_377' title='bbox 1437 3950 1565 4005; x_wconf 85' lang='lat' dir='ltr'><strong>fecit</strong></span> <span class='ocrx_word' id='word_1_378' title='bbox 1611 3966 1806 4005; x_wconf 84' lang='lat' dir='ltr'><strong>manus</strong></span> <span class='ocrx_word' id='word_1_379' title='bbox 1857 3966 1995 4017; x_wconf 90' lang='lat' dir='ltr'><strong>mea,</strong></span> <span class='ocrx_word' id='word_1_380' title='bbox 2025 3961 2079 4006; x_wconf 88' lang='lat' dir='ltr'><strong>et</strong></span> 
     </span>
    </p>
   </div>
   <div class='ocr_carea' id='block_1_56' title="bbox 490 4042 2077 4109">
    <p class='ocr_par' dir='ltr' id='par_1_56' title="bbox 490 4042 2077 4109">
     <span class='ocr_line' id='line_1_56' title="bbox 490 4042 2077 4109; baseline 0.001 -14"><span class='ocrx_word' id='word_1_381' title='bbox 490 4042 608 4095; x_wconf 64' lang='lat' dir='ltr'><strong>haec</strong></span> <span class='ocrx_word' id='word_1_382' title='bbox 651 4042 830 4095; x_wconf 87' lang='lat' dir='ltr'><strong>omnia</strong></span> <span class='ocrx_word' id='word_1_383' title='bbox 862 4058 977 4094; x_wconf 88' lang='lat' dir='ltr'><strong>mea</strong></span> <span class='ocrx_word' id='word_1_384' title='bbox 1025 4051 1182 4107; x_wconf 89' lang='lat' dir='ltr'><strong>sunt,</strong></span> <span class='ocrx_word' id='word_1_385' title='bbox 1232 4042 1363 4098; x_wconf 88' lang='lat' dir='ltr'><strong>dicit</strong></span> <span class='ocrx_word' id='word_1_386' title='bbox 1408 4044 1684 4098; x_wconf 90' lang='lat' dir='ltr'><strong>Dominus.</strong></span> <span class='ocrx_word' id='word_1_387' title='bbox 1728 4042 1897 4109; x_wconf 87' lang='lat' dir='ltr'><strong>Quetn</strong></span> <span class='ocrx_word' id='word_1_388' title='bbox 1944 4058 2077 4097; x_wconf 81' lang='lat' dir='ltr'><strong>vero</strong></span> 
     </span>
    </p>
   </div>
   <div class='ocr_carea' id='block_1_57' title="bbox 498 4134 2072 4204">
    <p class='ocr_par' dir='ltr' id='par_1_57' title="bbox 498 4134 2072 4204">
     <span class='ocr_line' id='line_1_57' title="bbox 498 4134 2072 4204; baseline 0 -17"><span class='ocrx_word' id='word_1_389' title='bbox 498 4134 807 4203; x_wconf 85' lang='lat' dir='ltr'><strong>respiciam,</strong></span> <span class='ocrx_word' id='word_1_390' title='bbox 838 4135 941 4188; x_wconf 92' lang='lat' dir='ltr'><strong>nisi</strong></span> <span class='ocrx_word' id='word_1_391' title='bbox 972 4136 1251 4199; x_wconf 85' lang='lat' dir='ltr'><strong>humilem,</strong></span> <span class='ocrx_word' id='word_1_392' title='bbox 1286 4146 1342 4191; x_wconf 88' lang='lat' dir='ltr'><strong>et</strong></span> <span class='ocrx_word' id='word_1_393' title='bbox 1375 4136 1640 4204; x_wconf 88' lang='lat' dir='ltr'><strong>quietum,</strong></span> <span class='ocrx_word' id='word_1_394' title='bbox 1668 4144 1716 4190; x_wconf 92' lang='lat' dir='ltr'><strong>et</strong></span> <span class='ocrx_word' id='word_1_395' title='bbox 1751 4144 2072 4189; x_wconf 85' lang='lat' dir='ltr'><strong>trementem</strong></span> 
     </span>
    </p>
   </div>
   <div class='ocr_carea' id='block_1_58' title="bbox 492 4225 2071 4298">
    <p class='ocr_par' dir='ltr' id='par_1_58' title="bbox 492 4225 2071 4298">
     <span class='ocr_line' id='line_1_58' title="bbox 492 4225 2071 4298; baseline 0.001 -20"><span class='ocrx_word' id='word_1_396' title='bbox 492 4241 775 4282; x_wconf 88' lang='lat' dir='ltr'><strong>sermones</strong></span> <span class='ocrx_word' id='word_1_397' title='bbox 804 4228 991 4282; x_wconf 82' lang='lat' dir='ltr'><strong>meos?</strong></span> <span class='ocrx_word' id='word_1_398' title='bbox 1022 4227 1246 4298; x_wconf 85' lang='lat' dir='ltr'><strong>Iniquus</strong></span> <span class='ocrx_word' id='word_1_399' title='bbox 1291 4237 1494 4290; x_wconf 89' lang='lat' dir='ltr'><strong>autem,</strong></span> <span class='ocrx_word' id='word_1_400' title='bbox 1526 4227 1621 4296; x_wconf 84' lang='lat' dir='ltr'><strong>qui</strong></span> <span class='ocrx_word' id='word_1_401' title='bbox 1669 4225 1911 4280; x_wconf 90' lang='lat' dir='ltr'><strong>immolat</strong></span> <span class='ocrx_word' id='word_1_402' title='bbox 1942 4225 2071 4279; x_wconf 83' lang='lat' dir='ltr'><strong>mihi</strong></span> 
     </span>
    </p>
   </div>
   <div class='ocr_carea' id='block_1_59' title="bbox 495 4315 2074 4388">
    <p class='ocr_par' dir='ltr' id='par_1_59' title="bbox 495 4315 2074 4388">
     <span class='ocr_line' id='line_1_59' title="bbox 495 4315 2074 4388; baseline 0 -19"><span class='ocrx_word' id='word_1_403' title='bbox 495 4315 743 4381; x_wconf 68' lang='lat' dir='ltr'><strong>vitulum,</strong></span> <span class='ocrx_word' id='word_1_404' title='bbox 785 4318 937 4386; x_wconf 87' lang='lat' dir='ltr'><strong>quasi</strong></span> <span class='ocrx_word' id='word_1_405' title='bbox 986 4320 1198 4374; x_wconf 87' lang='lat' dir='ltr'><strong>occidat</strong></span> <span class='ocrx_word' id='word_1_406' title='bbox 1244 4334 1475 4373; x_wconf 89' lang='lat' dir='ltr'><strong>canem:</strong></span> <span class='ocrx_word' id='word_1_407' title='bbox 1508 4320 1599 4388; x_wconf 90' lang='lat' dir='ltr'><strong>qui</strong></span> <span class='ocrx_word' id='word_1_408' title='bbox 1646 4332 1775 4372; x_wconf 86' lang='lat' dir='ltr'><strong>vero</strong></span> <span class='ocrx_word' id='word_1_409' title='bbox 1804 4315 1964 4369; x_wconf 74' lang='lat' dir='ltr'><strong>offert</strong></span> <span class='ocrx_word' id='word_1_410' title='bbox 1999 4316 2074 4370; x_wconf 88' lang='lat' dir='ltr'><strong>si-</strong></span> 
     </span>
    </p>
   </div>
   <div class='ocr_carea' id='block_1_60' title="bbox 494 4408 2069 4478">
    <p class='ocr_par' dir='ltr' id='par_1_60' title="bbox 494 4408 2069 4478">
     <span class='ocr_line' id='line_1_60' title="bbox 494 4408 2069 4478; baseline 0.001 -18"><span class='ocrx_word' id='word_1_411' title='bbox 494 4408 702 4474; x_wconf 86' lang='lat' dir='ltr'><strong>milam,</strong></span> <span class='ocrx_word' id='word_1_412' title='bbox 727 4411 879 4476; x_wconf 87' lang='lat' dir='ltr'><strong>quasi</strong></span> <span class='ocrx_word' id='word_1_413' title='bbox 909 4409 1124 4463; x_wconf 90' lang='lat' dir='ltr'><strong>suillum</strong></span> <span class='ocrx_word' id='word_1_414' title='bbox 1156 4411 1471 4478; x_wconf 84' lang='lat' dir='ltr'><strong>sanguinem</strong></span> <span class='ocrx_word' id='word_1_415' title='bbox 1498 4426 1515 4463; x_wconf 89' lang='lat'><strong>:</strong></span> <span class='ocrx_word' id='word_1_416' title='bbox 1548 4409 1639 4478; x_wconf 84' lang='lat' dir='ltr'><strong>qui</strong></span> <span class='ocrx_word' id='word_1_417' title='bbox 1670 4410 1762 4461; x_wconf 87' lang='lat' dir='ltr'><strong>dat</strong></span> <span class='ocrx_word' id='word_1_418' title='bbox 1788 4410 2069 4464; x_wconf 87' lang='lat' dir='ltr'><strong>incensum</strong></span> 
     </span>
    </p>
   </div>
   <div class='ocr_carea' id='block_1_61' title="bbox 494 4500 2073 4570">
    <p class='ocr_par' dir='ltr' id='par_1_61' title="bbox 494 4500 2073 4570">
     <span class='ocr_line' id='line_1_61' title="bbox 494 4500 2073 4570; baseline 0.001 -18"><span class='ocrx_word' id='word_1_419' title='bbox 494 4500 550 4552; x_wconf 82' lang='lat' dir='ltr'><strong>in</strong></span> <span class='ocrx_word' id='word_1_420' title='bbox 584 4501 919 4563; x_wconf 85' lang='lat' dir='ltr'><strong>memoriam,</strong></span> <span class='ocrx_word' id='word_1_421' title='bbox 965 4502 1117 4570; x_wconf 90' lang='lat' dir='ltr'><strong>quasi</strong></span> <span class='ocrx_word' id='word_1_422' title='bbox 1152 4501 1525 4570; x_wconf 85' lang='lat' dir='ltr'><strong>blasphemus.</strong></span> <span class='ocrx_word' id='word_1_423' title='bbox 1558 4500 1623 4553; x_wconf 89' lang='lat' dir='ltr'><strong>Et</strong></span> <span class='ocrx_word' id='word_1_424' title='bbox 1658 4500 1759 4569; x_wconf 92' lang='lat' dir='ltr'><strong>ipsi</strong></span> <span class='ocrx_word' id='word_1_425' title='bbox 1792 4501 2073 4570; x_wconf 87' lang='lat' dir='ltr'><strong>elegerunt</strong></span> 
     </span>
    </p>
   </div>
   <div class='ocr_carea' id='block_1_62' title="bbox 2170 2022 3775 2094">
    <p class='ocr_par' dir='ltr' id='par_1_62' title="bbox 2170 2022 3775 2094">
     <span class='ocr_line' id='line_1_62' title="bbox 2170 2022 3775 2094; baseline -0.001 -16"><span class='ocrx_word' id='word_1_426' title='bbox 2170 2026 2305 2078; x_wconf 84' lang='grc' dir='ltr'><strong>λέων</strong></span> <span class='ocrx_word' id='word_1_427' title='bbox 2340 2024 2415 2087; x_wconf 86' lang='grc' dir='ltr'><strong>ὼς</strong></span> <span class='ocrx_word' id='word_1_428' title='bbox 2446 2023 2570 2093; x_wconf 80' lang='grc' dir='ltr'><strong>βοῦς</strong></span> <span class='ocrx_word' id='word_1_429' title='bbox 2607 2024 2839 2092; x_wconf 84' lang='grc' dir='ltr'><strong>φάγεται</strong></span> <span class='ocrx_word' id='word_1_430' title='bbox 2861 2022 3059 2094; x_wconf 78' lang='grc' dir='ltr'><strong>ἄχυρα,</strong></span> <span class='ocrx_word' id='word_1_431' title='bbox 3093 2022 3216 2092; x_wconf 85' lang='grc' dir='ltr'><strong>ὄφις</strong></span> <span class='ocrx_word' id='word_1_432' title='bbox 3246 2023 3303 2076; x_wconf 84' lang='grc' dir='ltr'><strong>δὲ</strong></span> <span class='ocrx_word' id='word_1_433' title='bbox 3334 2023 3437 2093; x_wconf 87' lang='grc' dir='ltr'><strong>γῆν</strong></span> <span class='ocrx_word' id='word_1_434' title='bbox 3462 2024 3535 2086; x_wconf 84' lang='grc' dir='ltr'><strong>ὡς</strong></span> <span class='ocrx_word' id='word_1_435' title='bbox 3565 2025 3775 2094; x_wconf 82' lang='grc' dir='ltr'><strong>ἀρτον.</strong></span> 
     </span>
    </p>
   </div>
   <div class='ocr_carea' id='block_1_63' title="bbox 2171 2114 3775 2187">
    <p class='ocr_par' dir='ltr' id='par_1_63' title="bbox 2171 2114 3775 2187">
     <span class='ocr_line' id='line_1_63' title="bbox 2171 2114 3775 2187; baseline -0.001 -18"><span class='ocrx_word' id='word_1_436' title='bbox 2171 2117 2285 2169; x_wconf 80' lang='grc' dir='ltr'><strong>Οὐκ</strong></span> <span class='ocrx_word' id='word_1_437' title='bbox 2319 2115 2682 2187; x_wconf 77' lang='grc' dir='ltr'><strong>ἀδικήσουσιν,</strong></span> <span class='ocrx_word' id='word_1_438' title='bbox 2727 2114 2848 2167; x_wconf 80' lang='grc' dir='ltr'><strong>οὐδὲ</strong></span> <span class='ocrx_word' id='word_1_439' title='bbox 2878 2114 3241 2185; x_wconf 81' lang='grc' dir='ltr'><strong>λυμανοῦνται</strong></span> <span class='ocrx_word' id='word_1_440' title='bbox 3286 2114 3379 2167; x_wconf 75' lang='grc' dir='ltr'><strong>ἐπὶ</strong></span> <span class='ocrx_word' id='word_1_441' title='bbox 3421 2114 3500 2185; x_wconf 83' lang='grc' dir='ltr'><strong>τῷ</strong></span> <span class='ocrx_word' id='word_1_442' title='bbox 3530 2114 3652 2186; x_wconf 75' lang='grc' dir='ltr'><strong>ὄρει</strong></span> <span class='ocrx_word' id='word_1_443' title='bbox 3681 2115 3775 2186; x_wconf 80' lang='grc' dir='ltr'><strong>τῷ</strong></span> 
     </span>
    </p>
   </div>
   <div class='ocr_carea' id='block_1_64' title="bbox 2170 2204 3764 2278">
    <p class='ocr_par' dir='ltr' id='par_1_64' title="bbox 2170 2204 3764 2278">
     <span class='ocr_line' id='line_1_64' title="bbox 2170 2204 3764 2278; baseline 0 -18"><span class='ocrx_word' id='word_1_444' title='bbox 2170 2208 2311 2278; x_wconf 84' lang='grc' dir='ltr'><strong>ἁγίῳ</strong></span> <span class='ocrx_word' id='word_1_445' title='bbox 2343 2224 2465 2278; x_wconf 89' lang='grc' dir='ltr'><strong>μου,</strong></span> <span class='ocrx_word' id='word_1_446' title='bbox 2511 2204 2659 2273; x_wconf 81' lang='grc' dir='ltr'><strong>λέγει</strong></span> <span class='ocrx_word' id='word_1_447' title='bbox 2692 2207 2913 2277; x_wconf 88' lang='grc' dir='ltr'><strong>Κύριος.</strong></span> <span class='ocrx_word' id='word_1_448' title='bbox 2956 2225 2974 2256; x_wconf 74' lang='grc' dir='ltr'><strong>ι</strong></span> <span class='ocrx_word' id='word_1_449' title='bbox 3011 2208 3073 2259; x_wconf 70' lang='grc' dir='ltr'><strong>Οἱ</strong></span> <span class='ocrx_word' id='word_1_450' title='bbox 3120 2205 3228 2277; x_wconf 84' lang='grc' dir='ltr'><strong>γὰρ</strong></span> <span class='ocrx_word' id='word_1_451' title='bbox 3282 2206 3542 2278; x_wconf 87' lang='grc' dir='ltr'><strong>πρότερον</strong></span> <span class='ocrx_word' id='word_1_452' title='bbox 3573 2207 3764 2278; x_wconf 67' lang='grc' dir='ltr'><strong>ἅρπαι</strong></span> 
     </span>
    </p>
   </div>
   <div class='ocr_carea' id='block_1_65' title="bbox 2171 2296 3773 2370">
    <p class='ocr_par' dir='ltr' id='par_1_65' title="bbox 2171 2296 3773 2370">
     <span class='ocr_line' id='line_1_65' title="bbox 2171 2296 3773 2370; baseline 0 -19"><span class='ocrx_word' id='word_1_453' title='bbox 2171 2300 2348 2352; x_wconf 73' lang='grc' dir='ltr'><strong>κτικοὶ</strong></span> <span class='ocrx_word' id='word_1_454' title='bbox 2375 2300 2467 2352; x_wconf 82' lang='lat' dir='ltr'><strong>xal</strong></span> <span class='ocrx_word' id='word_1_455' title='bbox 2483 2296 2784 2370; x_wconf 87' lang='grc' dir='ltr'><strong>θηριώδεις,</strong></span> <span class='ocrx_word' id='word_1_456' title='bbox 2801 2298 2877 2361; x_wconf 82' lang='grc' dir='ltr'><strong>ὡς</strong></span> <span class='ocrx_word' id='word_1_457' title='bbox 2899 2296 3083 2361; x_wconf 86' lang='grc' dir='ltr'><strong>λύκοις</strong></span> <span class='ocrx_word' id='word_1_458' title='bbox 3099 2298 3560 2368; x_wconf 83' lang='grc' dir='ltr'><strong>παραϐάλλεσθαι,</strong></span> <span class='ocrx_word' id='word_1_459' title='bbox 3579 2316 3773 2369; x_wconf 84' lang='grc' dir='ltr'><strong>μετα-</strong></span> 
     </span>
    </p>
   </div>
   <div class='ocr_carea' id='block_1_66' title="bbox 2172 2389 3775 2462">
    <p class='ocr_par' dir='ltr' id='par_1_66' title="bbox 2172 2389 3775 2462">
     <span class='ocr_line' id='line_1_66' title="bbox 2172 2389 3775 2462; baseline -0.001 -19"><span class='ocrx_word' id='word_1_460' title='bbox 2172 2390 2487 2461; x_wconf 88' lang='grc' dir='ltr'><strong>ϐαλλόμενοι</strong></span> <span class='ocrx_word' id='word_1_461' title='bbox 2537 2390 2629 2443; x_wconf 78' lang='grc' dir='ltr'><strong>ἐπὶ</strong></span> <span class='ocrx_word' id='word_1_462' title='bbox 2678 2389 2738 2443; x_wconf 86' lang='grc' dir='ltr'><strong>τὸ</strong></span> <span class='ocrx_word' id='word_1_463' title='bbox 2776 2390 3007 2462; x_wconf 76' lang='grc' dir='ltr'><strong>ἥμερον,</strong></span> <span class='ocrx_word' id='word_1_464' title='bbox 3043 2391 3250 2460; x_wconf 82' lang='grc' dir='ltr'><strong>ἀρνίοις</strong></span> <span class='ocrx_word' id='word_1_465' title='bbox 3282 2391 3377 2443; x_wconf 73' lang='grc' dir='ltr'><strong>καὶ</strong></span> <span class='ocrx_word' id='word_1_466' title='bbox 3410 2390 3593 2460; x_wconf 70' lang='grc' dir='ltr'><strong>βουσὶν</strong></span> <span class='ocrx_word' id='word_1_467' title='bbox 3631 2407 3775 2444; x_wconf 70' lang='grc' dir='ltr'><strong>συν-</strong></span> 
     </span>
    </p>
   </div>
   <div class='ocr_carea' id='block_1_67' title="bbox 2171 2481 3772 2555">
    <p class='ocr_par' dir='ltr' id='par_1_67' title="bbox 2171 2481 3772 2555">
     <span class='ocr_line' id='line_1_67' title="bbox 2171 2481 3772 2555; baseline 0 -20"><span class='ocrx_word' id='word_1_468' title='bbox 2171 2481 2513 2555; x_wconf 76' lang='grc' dir='ltr'><strong>ηγελάζοντο,</strong></span> <span class='ocrx_word' id='word_1_469' title='bbox 2545 2481 2620 2544; x_wconf 83' lang='grc' dir='ltr'><strong>ὡς</strong></span> <span class='ocrx_word' id='word_1_470' title='bbox 2645 2482 2772 2552; x_wconf 79' lang='grc' dir='ltr'><strong>μιᾶς</strong></span> <span class='ocrx_word' id='word_1_471' title='bbox 2787 2482 2990 2553; x_wconf 74' lang='grc' dir='ltr'><strong>καὶτῆς</strong></span> <span class='ocrx_word' id='word_1_472' title='bbox 3008 2481 3177 2553; x_wconf 80' lang='grc' dir='ltr'><strong>αὐτῆς</strong></span> <span class='ocrx_word' id='word_1_473' title='bbox 3193 2482 3627 2553; x_wconf 86' lang='grc' dir='ltr'><strong>μεταλαμϐάνειν</strong></span> <span class='ocrx_word' id='word_1_474' title='bbox 3658 2483 3772 2552; x_wconf 83' lang='grc' dir='ltr'><strong>τῆς</strong></span> 
     </span>
    </p>
   </div>
   <div class='ocr_carea' id='block_1_68' title="bbox 2171 2572 3768 2644">
    <p class='ocr_par' dir='ltr' id='par_1_68' title="bbox 2171 2572 3768 2644">
     <span class='ocr_line' id='line_1_68' title="bbox 2171 2572 3768 2644; baseline -0.001 -15"><span class='ocrx_word' id='word_1_475' title='bbox 2171 2574 2279 2629; x_wconf 86' lang='grc' dir='ltr'><strong>ἀπὸ</strong></span> <span class='ocrx_word' id='word_1_476' title='bbox 2310 2573 2417 2627; x_wconf 90' lang='grc' dir='ltr'><strong>τῶν</strong></span> <span class='ocrx_word' id='word_1_477' title='bbox 2468 2572 2625 2625; x_wconf 78' lang='grc' dir='ltr'><strong>θείων</strong></span> <span class='ocrx_word' id='word_1_478' title='bbox 2669 2573 3114 2644; x_wconf 83' lang='grc' dir='ltr'><strong>ἀναγνωσμάτων</strong></span> <span class='ocrx_word' id='word_1_479' title='bbox 3157 2573 3380 2643; x_wconf 83' lang='grc' dir='ltr'><strong>λογικῆς</strong></span> <span class='ocrx_word' id='word_1_480' title='bbox 3422 2574 3652 2644; x_wconf 81' lang='grc' dir='ltr'><strong>τροφῆς.</strong></span> <span class='ocrx_word' id='word_1_481' title='bbox 3694 2575 3768 2627; x_wconf 75' lang='grc' dir='ltr'><strong>Οἱ</strong></span> 
     </span>
    </p>
   </div>
   <div class='ocr_carea' id='block_1_69' title="bbox 2170 2664 3770 2737">
    <p class='ocr_par' dir='ltr' id='par_1_69' title="bbox 2170 2664 3770 2737">
     <span class='ocr_line' id='line_1_69' title="bbox 2170 2664 3770 2737; baseline -0.002 -15"><span class='ocrx_word' id='word_1_482' title='bbox 2170 2667 2227 2723; x_wconf 83' lang='grc' dir='ltr'><strong>δὲ</strong></span> <span class='ocrx_word' id='word_1_483' title='bbox 2272 2668 2383 2730; x_wconf 88' lang='grc' dir='ltr'><strong>τοῖς</strong></span> <span class='ocrx_word' id='word_1_484' title='bbox 2424 2664 2648 2737; x_wconf 85' lang='grc' dir='ltr'><strong>τρόποις</strong></span> <span class='ocrx_word' id='word_1_485' title='bbox 2695 2665 2923 2719; x_wconf 83' lang='grc' dir='ltr'><strong>λεόντων</strong></span> <span class='ocrx_word' id='word_1_486' title='bbox 2965 2666 3115 2719; x_wconf 75' lang='grc' dir='ltr'><strong>οὐδὲν</strong></span> <span class='ocrx_word' id='word_1_487' title='bbox 3156 2666 3533 2735; x_wconf 84' lang='grc' dir='ltr'><strong>διαφέροντες,</strong></span> <span class='ocrx_word' id='word_1_488' title='bbox 3568 2666 3770 2719; x_wconf 76' lang='grc' dir='ltr'><strong>οὐκέτι</strong></span> 
     </span>
    </p>
   </div>
   <div class='ocr_carea' id='block_1_70' title="bbox 2174 2752 3750 2829">
    <p class='ocr_par' dir='ltr' id='par_1_70' title="bbox 2174 2752 3750 2829">
     <span class='ocr_line' id='line_1_70' title="bbox 2174 2752 3750 2829; baseline -0.003 -18"><span class='ocrx_word' id='word_1_489' title='bbox 2174 2756 2561 2829; x_wconf 83' lang='grc' dir='ltr'><strong>σαρκοφάγοις,</strong></span> <span class='ocrx_word' id='word_1_490' title='bbox 2595 2755 2719 2809; x_wconf 81' lang='grc' dir='ltr'><strong>οὐδὲ</strong></span> <span class='ocrx_word' id='word_1_491' title='bbox 2755 2753 3061 2827; x_wconf 61' lang='grc' dir='ltr'><strong>ὠμοϐόροις</strong></span> <span class='ocrx_word' id='word_1_492' title='bbox 3088 2754 3282 2825; x_wconf 80' lang='grc' dir='ltr'><strong>θηρσίν</strong></span> <span class='ocrx_word' id='word_1_493' title='bbox 3312 2754 3566 2817; x_wconf 86' lang='grc' dir='ltr'><strong>ἐοικότες,</strong></span> <span class='ocrx_word' id='word_1_494' title='bbox 3598 2752 3750 2825; x_wconf 53' lang='grc' dir='ltr'><strong>δίκη</strong></span> 
     </span>
    </p>
   </div>
   <div class='ocr_carea' id='block_1_71' title="bbox 2174 2845 3770 2919">
    <p class='ocr_par' dir='ltr' id='par_1_71' title="bbox 2174 2845 3770 2919">
     <span class='ocr_line' id='line_1_71' title="bbox 2174 2845 3770 2919; baseline -0.002 -17"><span class='ocrx_word' id='word_1_495' title='bbox 2174 2849 2313 2918; x_wconf 80' lang='grc' dir='ltr'><strong>βοῶν</strong></span> <span class='ocrx_word' id='word_1_496' title='bbox 2343 2850 2436 2902; x_wconf 71' lang='grc' dir='ltr'><strong>καὶ</strong></span> <span class='ocrx_word' id='word_1_497' title='bbox 2456 2849 2608 2901; x_wconf 78' lang='grc' dir='ltr'><strong>αὐτοὶ</strong></span> <span class='ocrx_word' id='word_1_498' title='bbox 2633 2847 2732 2919; x_wconf 83' lang='grc' dir='ltr'><strong>τὴν</strong></span> <span class='ocrx_word' id='word_1_499' title='bbox 2761 2847 2868 2900; x_wconf 85' lang='grc' dir='ltr'><strong>ἀπὸ</strong></span> <span class='ocrx_word' id='word_1_500' title='bbox 2893 2846 2993 2917; x_wconf 81' lang='grc' dir='ltr'><strong>τῆς</strong></span> <span class='ocrx_word' id='word_1_501' title='bbox 3021 2845 3206 2899; x_wconf 84' lang='grc' dir='ltr'><strong>ἐνθέου</strong></span> <span class='ocrx_word' id='word_1_502' title='bbox 3233 2845 3576 2910; x_wconf 77' lang='grc' dir='ltr'><strong>διδασκαλίας</strong></span> <span class='ocrx_word' id='word_1_503' title='bbox 3614 2846 3770 2902; x_wconf 80' lang='grc' dir='ltr'><strong>πόαν</strong></span> 
     </span>
    </p>
   </div>
   <div class='ocr_carea' id='block_1_72' title="bbox 2171 2935 3768 3013">
    <p class='ocr_par' dir='ltr' id='par_1_72' title="bbox 2171 2935 3768 3013">
     <span class='ocr_line' id='line_1_72' title="bbox 2171 2935 3768 3013; baseline -0.004 -19"><span class='ocrx_word' id='word_1_504' title='bbox 2171 2941 2380 3013; x_wconf 72' lang='grc' dir='ltr'><strong>ἡσθιον.</strong></span> <span class='ocrx_word' id='word_1_505' title='bbox 2438 2940 2548 2994; x_wconf 82' lang='lat' dir='ltr'><strong>Kal</strong></span> <span class='ocrx_word' id='word_1_506' title='bbox 2579 2941 2608 2991; x_wconf 94' lang='lat'><strong>6</strong></span> <span class='ocrx_word' id='word_1_507' title='bbox 2646 2938 2813 2992; x_wconf 89' lang='grc' dir='ltr'><strong>πάλαι</strong></span> <span class='ocrx_word' id='word_1_508' title='bbox 2836 2937 2905 3009; x_wconf 80' lang='grc' dir='ltr'><strong>δὴ</strong></span> <span class='ocrx_word' id='word_1_509' title='bbox 2942 2938 3206 3008; x_wconf 86' lang='grc' dir='ltr'><strong>πρότερον</strong></span> <span class='ocrx_word' id='word_1_510' title='bbox 3237 2936 3491 3007; x_wconf 86' lang='grc' dir='ltr'><strong>όφιώδης,</strong></span> <span class='ocrx_word' id='word_1_511' title='bbox 3522 2937 3617 2989; x_wconf 61' lang='grc' dir='ltr'><strong>καὶ⁵</strong></span> <span class='ocrx_word' id='word_1_512' title='bbox 3678 2935 3768 2992; x_wconf 59' lang='lat' dir='ltr'><strong>to;</strong></span> 
     </span>
    </p>
   </div>
   <div class='ocr_carea' id='block_1_73' title="bbox 2177 3028 3768 3106">
    <p class='ocr_par' dir='ltr' id='par_1_73' title="bbox 2177 3028 3768 3106">
     <span class='ocr_line' id='line_1_73' title="bbox 2177 3028 3768 3106; baseline -0.002 -19"><span class='ocrx_word' id='word_1_513' title='bbox 2177 3034 2372 3106; x_wconf 72' lang='grc' dir='ltr'><strong>μεστὸς</strong></span> <span class='ocrx_word' id='word_1_514' title='bbox 2422 3034 2580 3105; x_wconf 82' lang='grc' dir='ltr'><strong>ἀνὴρ,</strong></span> <span class='ocrx_word' id='word_1_515' title='bbox 2613 3031 2930 3094; x_wconf 84' lang='grc' dir='ltr'><strong>ἀποπτύσας</strong></span> <span class='ocrx_word' id='word_1_516' title='bbox 2970 3030 3070 3101; x_wconf 83' lang='grc' dir='ltr'><strong>τὴν</strong></span> <span class='ocrx_word' id='word_1_517' title='bbox 3114 3033 3173 3083; x_wconf 93' lang='grc' dir='ltr'><strong>ἐν</strong></span> <span class='ocrx_word' id='word_1_518' title='bbox 3222 3028 3370 3100; x_wconf 79' lang='grc' dir='ltr'><strong>αὐτῷ</strong></span> <span class='ocrx_word' id='word_1_519' title='bbox 3399 3028 3619 3092; x_wconf 83' lang='grc' dir='ltr'><strong>κακίαν,</strong></span> <span class='ocrx_word' id='word_1_520' title='bbox 3665 3028 3768 3084; x_wconf 75' lang='grc' dir='ltr'><strong>τὸν</strong></span> 
     </span>
    </p>
   </div>
   <div class='ocr_carea' id='block_1_74' title="bbox 2174 3120 3768 3198">
    <p class='ocr_par' dir='ltr' id='par_1_74' title="bbox 2174 3120 3768 3198">
     <span class='ocr_line' id='line_1_74' title="bbox 2174 3120 3768 3198; baseline -0.004 -18"><span class='ocrx_word' id='word_1_521' title='bbox 2174 3126 2337 3198; x_wconf 84' lang='grc' dir='ltr'><strong>ἀρτον</strong></span> <span class='ocrx_word' id='word_1_522' title='bbox 2359 3125 2611 3196; x_wconf 79' lang='grc' dir='ltr'><strong>φάγεται,</strong></span> <span class='ocrx_word' id='word_1_523' title='bbox 2641 3125 2814 3195; x_wconf 79' lang='grc' dir='ltr'><strong>τροφῇ</strong></span> <span class='ocrx_word' id='word_1_524' title='bbox 2838 3123 3030 3193; x_wconf 84' lang='grc' dir='ltr'><strong>λογικῇ</strong></span> <span class='ocrx_word' id='word_1_525' title='bbox 3064 3122 3158 3175; x_wconf 76' lang='grc' dir='ltr'><strong>καὶ</strong></span> <span class='ocrx_word' id='word_1_526' title='bbox 3196 3121 3512 3193; x_wconf 73' lang='grc' dir='ltr'><strong>ἀνθρωπίνῃ</strong></span> <span class='ocrx_word' id='word_1_527' title='bbox 3540 3120 3768 3192; x_wconf 80' lang='grc' dir='ltr'><strong>χρώμε-</strong></span> 
     </span>
    </p>
   </div>
   <div class='ocr_carea' id='block_1_75' title="bbox 2175 3211 3809 3290">
    <p class='ocr_par' dir='ltr' id='par_1_75' title="bbox 2175 3211 3809 3290">
     <span class='ocr_line' id='line_1_75' title="bbox 2175 3211 3809 3290; baseline 0.005 -18"><span class='ocrx_word' id='word_1_528' title='bbox 2175 3235 2284 3281; x_wconf 89' lang='grc' dir='ltr'><strong>νος,</strong></span> <span class='ocrx_word' id='word_1_529' title='bbox 2316 3217 2432 3271; x_wconf 84' lang='grc' dir='ltr'><strong>ἀνθ’</strong></span> <span class='ocrx_word' id='word_1_530' title='bbox 2456 3212 2525 3290; x_wconf 84' lang='grc' dir='ltr'><strong>ἦς</strong></span> <span class='ocrx_word' id='word_1_531' title='bbox 2550 3215 2705 3287; x_wconf 70' lang='grc' dir='ltr'><strong>ἤσθιε</strong></span> <span class='ocrx_word' id='word_1_532' title='bbox 2749 3214 3013 3287; x_wconf 84' lang='grc' dir='ltr'><strong>πρότερον</strong></span> <span class='ocrx_word' id='word_1_533' title='bbox 3049 3216 3173 3284; x_wconf 76' lang='grc' dir='ltr'><strong>γῆς·</strong></span> <span class='ocrx_word' id='word_1_534' title='bbox 3213 3211 3368 3266; x_wconf 75' lang='grc' dir='ltr'><strong>Οὕτω</strong></span> <span class='ocrx_word' id='word_1_535' title='bbox 3400 3212 3463 3265; x_wconf 75' lang='grc' dir='ltr'><strong>δὲ</strong></span> <span class='ocrx_word' id='word_1_536' title='bbox 3504 3213 3554 3265; x_wconf 68' lang='grc' dir='ltr'><strong>οἱ</strong></span> <span class='ocrx_word' id='word_1_537' title='bbox 3590 3211 3767 3283; x_wconf 73' lang='grc' dir='ltr'><strong>θῆρες</strong></span> <span class='ocrx_word' id='word_1_538' title='bbox 3802 3274 3809 3280; x_wconf 93' lang='grc'><strong>.</strong></span> 
     </span>
    </p>
   </div>
   <div class='ocr_carea' id='block_1_76' title="bbox 2177 3304 3764 3381">
    <p class='ocr_par' dir='ltr' id='par_1_76' title="bbox 2177 3304 3764 3381">
     <span class='ocr_line' id='line_1_76' title="bbox 2177 3304 3764 3381; baseline -0.002 -18"><span class='ocrx_word' id='word_1_539' title='bbox 2177 3304 2323 3364; x_wconf 78' lang='grc' dir='ltr'><strong>οῦτοι</strong></span> <span class='ocrx_word' id='word_1_540' title='bbox 2382 3308 2910 3381; x_wconf 81' lang='grc' dir='ltr'><strong>ἐξημερωθὴσονται,</strong></span> <span class='ocrx_word' id='word_1_541' title='bbox 2961 3307 3038 3370; x_wconf 85' lang='grc' dir='ltr'><strong>ὡς</strong></span> <span class='ocrx_word' id='word_1_542' title='bbox 3091 3306 3293 3377; x_wconf 84' lang='grc' dir='ltr'><strong>μηδένα</strong></span> <span class='ocrx_word' id='word_1_543' title='bbox 3346 3305 3571 3373; x_wconf 84' lang='grc' dir='ltr'><strong>ἀδικεῖν,</strong></span> <span class='ocrx_word' id='word_1_544' title='bbox 3620 3305 3764 3377; x_wconf 74' lang='grc' dir='ltr'><strong>μηδὲ</strong></span> 
     </span>
    </p>
   </div>
   <div class='ocr_carea' id='block_1_77' title="bbox 2176 3396 3350 3474">
    <p class='ocr_par' dir='ltr' id='par_1_77' title="bbox 2176 3396 3350 3474">
     <span class='ocr_line' id='line_1_77' title="bbox 2176 3396 3350 3474; baseline -0.004 -18"><span class='ocrx_word' id='word_1_545' title='bbox 2176 3400 2526 3474; x_wconf 74' lang='grc' dir='ltr'><strong>λυμαίνεσθαι</strong></span> <span class='ocrx_word' id='word_1_546' title='bbox 2552 3416 2705 3464; x_wconf 85' lang='grc' dir='ltr'><strong>τινας</strong></span> <span class='ocrx_word' id='word_1_547' title='bbox 2725 3401 2783 3454; x_wconf 92' lang='grc' dir='ltr'><strong>ἐν</strong></span> <span class='ocrx_word' id='word_1_548' title='bbox 2814 3398 2892 3470; x_wconf 82' lang='grc' dir='ltr'><strong>τῷ</strong></span> <span class='ocrx_word' id='word_1_549' title='bbox 2923 3398 3039 3469; x_wconf 75' lang='grc' dir='ltr'><strong>ὄρει</strong></span> <span class='ocrx_word' id='word_1_550' title='bbox 3076 3398 3171 3452; x_wconf 87' lang='grc' dir='ltr'><strong>τοῦ</strong></span> <span class='ocrx_word' id='word_1_551' title='bbox 3193 3396 3350 3452; x_wconf 84' lang='grc' dir='ltr'><strong>Θεοῦ.</strong></span> 
     </span>
    </p>
   </div>
   <div class='ocr_carea' id='block_1_78' title="bbox 2684 3554 3276 3625">
    <p class='ocr_par' dir='ltr' id='par_1_78' title="bbox 2684 3554 3276 3625">
     <span class='ocr_line' id='line_1_78' title="bbox 2684 3554 3276 3625; baseline -0.002 -13"><span class='ocrx_word' id='word_1_552' title='bbox 2684 3557 3079 3613; x_wconf 74' lang='grc' dir='ltr'><strong>κεφΑΑΑιυΝ</strong></span> <span class='ocrx_word' id='word_1_553' title='bbox 3138 3554 3276 3625; x_wconf 60' lang='lat' dir='ltr'><strong>squ</strong></span> 
     </span>
    </p>
   </div>
   <div class='ocr_carea' id='block_1_79' title="bbox 2252 3668 3762 3743">
    <p class='ocr_par' dir='ltr' id='par_1_79' title="bbox 2252 3668 3762 3743">
     <span class='ocr_line' id='line_1_79' title="bbox 2252 3668 3762 3743; baseline -0.001 -18"><span class='ocrx_word' id='word_1_554' title='bbox 2252 3690 2271 3725; x_wconf 77' lang='grc' dir='ltr'><strong>ι</strong></span> <span class='ocrx_word' id='word_1_555' title='bbox 2305 3671 2490 3735; x_wconf 81' lang='grc' dir='ltr'><strong>Οὕτως</strong></span> <span class='ocrx_word' id='word_1_556' title='bbox 2515 3671 2660 3741; x_wconf 84' lang='grc' dir='ltr'><strong>λέγει</strong></span> <span class='ocrx_word' id='word_1_557' title='bbox 2687 3670 2910 3743; x_wconf 84' lang='grc' dir='ltr'><strong>Κύριος·</strong></span> <span class='ocrx_word' id='word_1_558' title='bbox 2951 3672 3009 3725; x_wconf 88' lang='lat'><strong>&#39;0</strong></span> <span class='ocrx_word' id='word_1_559' title='bbox 3034 3671 3261 3743; x_wconf 78' lang='grc' dir='ltr'><strong>οὐρανός</strong></span> <span class='ocrx_word' id='word_1_560' title='bbox 3288 3687 3391 3741; x_wconf 84' lang='grc' dir='ltr'><strong>μου</strong></span> <span class='ocrx_word' id='word_1_561' title='bbox 3422 3668 3632 3742; x_wconf 85' lang='grc' dir='ltr'><strong>θρόνος,</strong></span> <span class='ocrx_word' id='word_1_562' title='bbox 3661 3671 3762 3725; x_wconf 77' lang='grc' dir='ltr'><strong>καὶ</strong></span> 
     </span>
    </p>
   </div>
   <div class='ocr_carea' id='block_1_80' title="bbox 2176 3754 3761 3835">
    <p class='ocr_par' dir='ltr' id='par_1_80' title="bbox 2176 3754 3761 3835">
     <span class='ocr_line' id='line_1_80' title="bbox 2176 3754 3761 3835; baseline 0 -19"><span class='ocrx_word' id='word_1_563' title='bbox 2176 3765 2210 3835; x_wconf 82' lang='grc' dir='ltr'>ἡ</span> <span class='ocrx_word' id='word_1_564' title='bbox 2243 3763 2317 3834; x_wconf 91' lang='grc' dir='ltr'><strong>γῆ</strong></span> <span class='ocrx_word' id='word_1_565' title='bbox 2350 3763 2637 3819; x_wconf 83' lang='grc' dir='ltr'><strong>ὑποπόδιον</strong></span> <span class='ocrx_word' id='word_1_566' title='bbox 2669 3762 2778 3816; x_wconf 91' lang='grc' dir='ltr'><strong>τῶν</strong></span> <span class='ocrx_word' id='word_1_567' title='bbox 2808 3762 2986 3816; x_wconf 85' lang='grc' dir='ltr'><strong>ποδῶν</strong></span> <span class='ocrx_word' id='word_1_568' title='bbox 3017 3780 3145 3833; x_wconf 78' lang='grc' dir='ltr'><strong>μου.</strong></span> <span class='ocrx_word' id='word_1_569' title='bbox 3182 3763 3339 3815; x_wconf 85' lang='grc' dir='ltr'><strong>Ποῖον</strong></span> <span class='ocrx_word' id='word_1_570' title='bbox 3370 3754 3517 3816; x_wconf 75' lang='grc' dir='ltr'><strong>οἷκον</strong></span> <span class='ocrx_word' id='word_1_571' title='bbox 3550 3761 3761 3816; x_wconf 79' lang='grc' dir='ltr'><strong>οἰκοδο-</strong></span> 
     </span>
    </p>
   </div>
   <div class='ocr_carea' id='block_1_81' title="bbox 2180 3852 3759 3929">
    <p class='ocr_par' dir='ltr' id='par_1_81' title="bbox 2180 3852 3759 3929">
     <span class='ocr_line' id='line_1_81' title="bbox 2180 3852 3759 3929; baseline -0.002 -19"><span class='ocrx_word' id='word_1_572' title='bbox 2180 3857 2382 3929; x_wconf 81' lang='grc' dir='ltr'><strong>μήσετέ</strong></span> <span class='ocrx_word' id='word_1_573' title='bbox 2416 3874 2503 3928; x_wconf 86' lang='grc' dir='ltr'><strong>μοι</strong></span> <span class='ocrx_word' id='word_1_574' title='bbox 2527 3874 2542 3921; x_wconf 90' lang='lat'><strong>;</strong></span> <span class='ocrx_word' id='word_1_575' title='bbox 2575 3858 2667 3909; x_wconf 76' lang='grc' dir='ltr'><strong>καὶ</strong></span> <span class='ocrx_word' id='word_1_576' title='bbox 2694 3858 2845 3919; x_wconf 86' lang='grc' dir='ltr'><strong>ποῖος</strong></span> <span class='ocrx_word' id='word_1_577' title='bbox 2866 3855 3029 3919; x_wconf 87' lang='grc' dir='ltr'><strong>τόπος</strong></span> <span class='ocrx_word' id='word_1_578' title='bbox 3054 3855 3155 3925; x_wconf 86' lang='grc' dir='ltr'><strong>τῆς</strong></span> <span class='ocrx_word' id='word_1_579' title='bbox 3185 3852 3583 3917; x_wconf 87' lang='grc' dir='ltr'><strong>καταπαύσεώς</strong></span> <span class='ocrx_word' id='word_1_580' title='bbox 3615 3870 3759 3923; x_wconf 85' lang='grc' dir='ltr'><strong>μου;</strong></span> 
     </span>
    </p>
   </div>
   <div class='ocr_carea' id='block_1_82' title="bbox 2178 3940 3762 4017">
    <p class='ocr_par' dir='ltr' id='par_1_82' title="bbox 2178 3940 3762 4017">
     <span class='ocr_line' id='line_1_82' title="bbox 2178 3940 3762 4017; baseline -0.004 -17"><span class='ocrx_word' id='word_1_581' title='bbox 2178 3948 2363 4000; x_wconf 78' lang='grc' dir='ltr'><strong>Πάντα</strong></span> <span class='ocrx_word' id='word_1_582' title='bbox 2404 3947 2512 4017; x_wconf 84' lang='grc' dir='ltr'><strong>γὰρ</strong></span> <span class='ocrx_word' id='word_1_583' title='bbox 2557 3944 2731 3999; x_wconf 88' lang='grc' dir='ltr'><strong>ταῦτα</strong></span> <span class='ocrx_word' id='word_1_584' title='bbox 2778 3943 3034 4015; x_wconf 81' lang='grc' dir='ltr'><strong>ἐποίησεν</strong></span> <span class='ocrx_word' id='word_1_585' title='bbox 3074 3945 3107 4014; x_wconf 82' lang='grc' dir='ltr'>ἡ</span> <span class='ocrx_word' id='word_1_586' title='bbox 3153 3944 3274 4014; x_wconf 84' lang='grc' dir='ltr'><strong>χείρ</strong></span> <span class='ocrx_word' id='word_1_587' title='bbox 3311 3960 3433 4013; x_wconf 86' lang='grc' dir='ltr'><strong>μου,</strong></span> <span class='ocrx_word' id='word_1_588' title='bbox 3479 3940 3572 3995; x_wconf 80' lang='grc' dir='ltr'><strong>καὶ</strong></span> <span class='ocrx_word' id='word_1_589' title='bbox 3611 3942 3762 3995; x_wconf 79' lang='grc' dir='ltr'><strong>ἐστιν</strong></span> 
     </span>
    </p>
   </div>
   <div class='ocr_carea' id='block_1_83' title="bbox 2176 4034 3762 4111">
    <p class='ocr_par' dir='ltr' id='par_1_83' title="bbox 2176 4034 3762 4111">
     <span class='ocr_line' id='line_1_83' title="bbox 2176 4034 3762 4111; baseline -0.003 -19"><span class='ocrx_word' id='word_1_590' title='bbox 2176 4040 2283 4111; x_wconf 77' lang='grc' dir='ltr'><strong>ἐμὰ</strong></span> <span class='ocrx_word' id='word_1_591' title='bbox 2320 4040 2498 4092; x_wconf 77' lang='grc' dir='ltr'><strong>πάντα</strong></span> <span class='ocrx_word' id='word_1_592' title='bbox 2538 4038 2734 4103; x_wconf 84' lang='grc' dir='ltr'><strong>ταῦτα,</strong></span> <span class='ocrx_word' id='word_1_593' title='bbox 2769 4037 2917 4107; x_wconf 90' lang='grc' dir='ltr'><strong>λέγει</strong></span> <span class='ocrx_word' id='word_1_594' title='bbox 2954 4036 3177 4108; x_wconf 82' lang='grc' dir='ltr'><strong>Κύριος.</strong></span> <span class='ocrx_word' id='word_1_595' title='bbox 3212 4038 3319 4089; x_wconf 83' lang='lat' dir='ltr'><strong>Kal</strong></span> <span class='ocrx_word' id='word_1_596' title='bbox 3357 4034 3448 4087; x_wconf 61' lang='grc' dir='ltr'><strong>ἐπὶ¹</strong></span> <span class='ocrx_word' id='word_1_597' title='bbox 3480 4034 3603 4087; x_wconf 80' lang='grc' dir='ltr'><strong>τίνα</strong></span> <span class='ocrx_word' id='word_1_598' title='bbox 3632 4035 3762 4088; x_wconf 79' lang='grc' dir='ltr'><strong>ἐπι-</strong></span> 
     </span>
    </p>
   </div>
   <div class='ocr_carea' id='block_1_84' title="bbox 2177 4123 3760 4200">
    <p class='ocr_par' dir='ltr' id='par_1_84' title="bbox 2177 4123 3760 4200">
     <span class='ocr_line' id='line_1_84' title="bbox 2177 4123 3760 4200; baseline -0.003 -18"><span class='ocrx_word' id='word_1_599' title='bbox 2177 4130 2377 4200; x_wconf 75' lang='grc' dir='ltr'><strong>ϐλέψω,</strong></span> <span class='ocrx_word' id='word_1_600' title='bbox 2408 4129 2523 4183; x_wconf 81' lang='grc' dir='ltr'><strong>ἀλλ’</strong></span> <span class='ocrx_word' id='word_1_601' title='bbox 2548 4130 2581 4200; x_wconf 81' lang='grc' dir='ltr'><strong>ἧ</strong></span> <span class='ocrx_word' id='word_1_602' title='bbox 2604 4129 2697 4182; x_wconf 75' lang='grc' dir='ltr'><strong>ἐπὶ</strong></span> <span class='ocrx_word' id='word_1_603' title='bbox 2716 4128 2809 4182; x_wconf 81' lang='grc' dir='ltr'><strong>τὸν</strong></span> <span class='ocrx_word' id='word_1_604' title='bbox 2836 4128 3089 4181; x_wconf 83' lang='grc' dir='ltr'><strong>ταπεινὸν</strong></span> <span class='ocrx_word' id='word_1_605' title='bbox 3121 4126 3215 4179; x_wconf 75' lang='grc' dir='ltr'><strong>καὶ</strong></span> <span class='ocrx_word' id='word_1_606' title='bbox 3244 4125 3487 4196; x_wconf 81' lang='grc' dir='ltr'><strong>ἡσύχιον,</strong></span> <span class='ocrx_word' id='word_1_607' title='bbox 3514 4123 3609 4178; x_wconf 74' lang='grc' dir='ltr'><strong>καὶ</strong></span> <span class='ocrx_word' id='word_1_608' title='bbox 3628 4125 3760 4194; x_wconf 82' lang='grc' dir='ltr'><strong>τρέ-</strong></span> 
     </span>
    </p>
   </div>
   <div class='ocr_carea' id='block_1_85' title="bbox 2179 4217 3760 4295">
    <p class='ocr_par' dir='ltr' id='par_1_85' title="bbox 2179 4217 3760 4295">
     <span class='ocr_line' id='line_1_85' title="bbox 2179 4217 3760 4295; baseline -0.004 -18"><span class='ocrx_word' id='word_1_609' title='bbox 2179 4241 2345 4295; x_wconf 85' lang='grc' dir='ltr'><strong>μοντα</strong></span> <span class='ocrx_word' id='word_1_610' title='bbox 2377 4224 2505 4287; x_wconf 80' lang='grc' dir='ltr'><strong>τοὺς</strong></span> <span class='ocrx_word' id='word_1_611' title='bbox 2536 4223 2728 4291; x_wconf 89' lang='grc' dir='ltr'><strong>λόγους</strong></span> <span class='ocrx_word' id='word_1_612' title='bbox 2774 4238 2907 4293; x_wconf 74' lang='grc' dir='ltr'><strong>μους</strong></span> <span class='ocrx_word' id='word_1_613' title='bbox 2967 4222 3024 4274; x_wconf 89' lang='grc' dir='ltr'>Ὁ</span> <span class='ocrx_word' id='word_1_614' title='bbox 3054 4220 3111 4273; x_wconf 85' lang='grc' dir='ltr'><strong>δέ</strong></span> <span class='ocrx_word' id='word_1_615' title='bbox 3157 4219 3357 4289; x_wconf 85' lang='grc' dir='ltr'><strong>ἀνομος</strong></span> <span class='ocrx_word' id='word_1_616' title='bbox 3398 4219 3427 4270; x_wconf 98' lang='lat'><strong>6</strong></span> <span class='ocrx_word' id='word_1_617' title='bbox 3475 4217 3617 4271; x_wconf 88' lang='grc' dir='ltr'><strong>θύων</strong></span> <span class='ocrx_word' id='word_1_618' title='bbox 3668 4234 3760 4288; x_wconf 78' lang='grc' dir='ltr'><strong>μοι</strong></span> 
     </span>
    </p>
   </div>
   <div class='ocr_carea' id='block_1_86' title="bbox 2179 4313 3760 4387">
    <p class='ocr_par' dir='ltr' id='par_1_86' title="bbox 2179 4313 3760 4387">
     <span class='ocr_line' id='line_1_86' title="bbox 2179 4313 3760 4387; baseline -0.001 -18"><span class='ocrx_word' id='word_1_619' title='bbox 2179 4316 2395 4387; x_wconf 80' lang='grc' dir='ltr'><strong>μόσχον,</strong></span> <span class='ocrx_word' id='word_1_620' title='bbox 2424 4315 2499 4380; x_wconf 83' lang='grc' dir='ltr'><strong>ῶς</strong></span> <span class='ocrx_word' id='word_1_621' title='bbox 2529 4317 2864 4371; x_wconf 76' lang='grc' dir='ltr'><strong>ἀποκτείνων</strong></span> <span class='ocrx_word' id='word_1_622' title='bbox 2888 4315 3026 4372; x_wconf 89' lang='grc' dir='ltr'><strong>κύνα</strong></span> <span class='ocrx_word' id='word_1_623' title='bbox 3046 4332 3060 4347; x_wconf 76' lang='grc' dir='ltr'><strong>ο</strong></span> <span class='ocrx_word' id='word_1_624' title='bbox 3083 4316 3113 4368; x_wconf 91' lang='lat'><strong>6</strong></span> <span class='ocrx_word' id='word_1_625' title='bbox 3139 4315 3195 4368; x_wconf 82' lang='grc' dir='ltr'><strong>δὲ</strong></span> <span class='ocrx_word' id='word_1_626' title='bbox 3220 4314 3509 4385; x_wconf 85' lang='grc' dir='ltr'><strong>ἀναφέρων</strong></span> <span class='ocrx_word' id='word_1_627' title='bbox 3539 4313 3760 4385; x_wconf 67' lang='grc' dir='ltr'><strong>σεμίδα-</strong></span> 
     </span>
    </p>
   </div>
   <div class='ocr_carea' id='block_1_87' title="bbox 2173 4402 3755 4479">
    <p class='ocr_par' dir='ltr' id='par_1_87' title="bbox 2173 4402 3755 4479">
     <span class='ocr_line' id='line_1_87' title="bbox 2173 4402 3755 4479; baseline -0.002 -19"><span class='ocrx_word' id='word_1_628' title='bbox 2173 4407 2276 4474; x_wconf 66' lang='grc' dir='ltr'><strong>λιν,</strong></span> <span class='ocrx_word' id='word_1_629' title='bbox 2311 4408 2386 4472; x_wconf 82' lang='grc' dir='ltr'><strong>ὡς</strong></span> <span class='ocrx_word' id='word_1_630' title='bbox 2418 4402 2554 4479; x_wconf 73' lang='grc' dir='ltr'><strong>αἷμα</strong></span> <span class='ocrx_word' id='word_1_631' title='bbox 2579 4408 2745 4461; x_wconf 74' lang='grc' dir='ltr'><strong>ὕειονο</strong></span> <span class='ocrx_word' id='word_1_632' title='bbox 2778 4412 2806 4462; x_wconf 88' lang='grc' dir='ltr'><strong>ό</strong></span> <span class='ocrx_word' id='word_1_633' title='bbox 2833 4409 3008 4472; x_wconf 72' lang='grc' dir='ltr'><strong>διδοὺς</strong></span> <span class='ocrx_word' id='word_1_634' title='bbox 3036 4406 3253 4461; x_wconf 78' lang='grc' dir='ltr'><strong>λίϐανον</strong></span> <span class='ocrx_word' id='word_1_635' title='bbox 3279 4407 3359 4469; x_wconf 73' lang='grc' dir='ltr'><strong>εἰς</strong></span> <span class='ocrx_word' id='word_1_636' title='bbox 3392 4406 3755 4477; x_wconf 74' lang='grc' dir='ltr'><strong>μνημόσυνον,</strong></span> 
     </span>
    </p>
   </div>
   <div class='ocr_carea' id='block_1_88' title="bbox 2174 4498 3760 4572">
    <p class='ocr_par' dir='ltr' id='par_1_88' title="bbox 2174 4498 3760 4572">
     <span class='ocr_line' id='line_1_88' title="bbox 2174 4498 3760 4572; baseline 0 -21"><span class='ocrx_word' id='word_1_637' title='bbox 2174 4500 2249 4560; x_wconf 79' lang='grc' dir='ltr'><strong>ὡς</strong></span> <span class='ocrx_word' id='word_1_638' title='bbox 2277 4500 2615 4572; x_wconf 81' lang='grc' dir='ltr'><strong>βλάσφημος.</strong></span> <span class='ocrx_word' id='word_1_639' title='bbox 2666 4501 2776 4554; x_wconf 77' lang='grc' dir='ltr'><strong>Καὶ</strong></span> <span class='ocrx_word' id='word_1_640' title='bbox 2808 4501 2963 4553; x_wconf 75' lang='grc' dir='ltr'><strong>αὐτοὶ</strong></span> <span class='ocrx_word' id='word_1_641' title='bbox 2996 4500 3307 4567; x_wconf 76' lang='grc' dir='ltr'><strong>ἐξελέξαντο</strong></span> <span class='ocrx_word' id='word_1_642' title='bbox 3336 4500 3436 4562; x_wconf 86' lang='grc' dir='ltr'><strong>τὰς</strong></span> <span class='ocrx_word' id='word_1_643' title='bbox 3464 4498 3617 4562; x_wconf 80' lang='grc' dir='ltr'><strong>ὁδοὺς</strong></span> <span class='ocrx_word' id='word_1_644' title='bbox 3663 4499 3760 4553; x_wconf 84' lang='grc' dir='ltr'><strong>αύ-</strong></span> 
     </span>
    </p>
   </div>
   <div class='ocr_carea' id='block_1_89' title="bbox 493 4586 2069 4661">
    <p class='ocr_par' dir='ltr' id='par_1_89' title="bbox 493 4590 2069 4661">
     <span class='ocr_line' id='line_1_89' title="bbox 493 4590 2069 4661; baseline 0.003 -18"><span class='ocrx_word' id='word_1_645' title='bbox 493 4590 613 4644; x_wconf 77' lang='lat' dir='ltr'><strong>vias</strong></span> <span class='ocrx_word' id='word_1_646' title='bbox 646 4604 791 4655; x_wconf 84' lang='lat' dir='ltr'><strong>suas,</strong></span> <span class='ocrx_word' id='word_1_647' title='bbox 825 4600 879 4644; x_wconf 89' lang='lat' dir='ltr'><strong>et</strong></span> <span class='ocrx_word' id='word_1_648' title='bbox 909 4590 1340 4646; x_wconf 89' lang='lat' dir='ltr'><strong>abominationes</strong></span> <span class='ocrx_word' id='word_1_649' title='bbox 1378 4593 1615 4661; x_wconf 84' lang='lat' dir='ltr'><strong>ipsorum</strong></span> <span class='ocrx_word' id='word_1_650' title='bbox 1658 4593 1839 4645; x_wconf 91' lang='lat' dir='ltr'><strong>anima</strong></span> <span class='ocrx_word' id='word_1_651' title='bbox 1884 4606 2069 4647; x_wconf 91' lang='lat' dir='ltr'><strong>eorum</strong></span> 
     </span>
    </p>
   </div>
   <div class='ocr_carea' id='block_1_90' title="bbox 2179 4586 3758 4661">
    <p class='ocr_par' dir='ltr' id='par_1_90' title="bbox 2179 4586 3758 4661">
     <span class='ocr_line' id='line_1_90' title="bbox 2179 4586 3758 4661; baseline -0.001 -19"><span class='ocrx_word' id='word_1_652' title='bbox 2179 4591 2303 4654; x_wconf 79' lang='grc' dir='ltr'><strong>τῶν,</strong></span> <span class='ocrx_word' id='word_1_653' title='bbox 2335 4592 2430 4645; x_wconf 78' lang='grc' dir='ltr'><strong>καὶ</strong></span> <span class='ocrx_word' id='word_1_654' title='bbox 2459 4591 2527 4645; x_wconf 86' lang='grc' dir='ltr'><strong>τά</strong></span> <span class='ocrx_word' id='word_1_655' title='bbox 2562 4590 2904 4661; x_wconf 88' lang='grc' dir='ltr'><strong>βδελύγματα</strong></span> <span class='ocrx_word' id='word_1_656' title='bbox 2942 4590 3121 4645; x_wconf 79' lang='grc' dir='ltr'><strong>αὐτῶν</strong></span> <span class='ocrx_word' id='word_1_657' title='bbox 3152 4592 3188 4661; x_wconf 80' lang='grc' dir='ltr'>ἡ</span> <span class='ocrx_word' id='word_1_658' title='bbox 3226 4588 3373 4660; x_wconf 77' lang='grc' dir='ltr'><strong>ψυχὴ</strong></span> <span class='ocrx_word' id='word_1_659' title='bbox 3415 4586 3593 4642; x_wconf 80' lang='grc' dir='ltr'><strong>αὐτῶν</strong></span> <span class='ocrx_word' id='word_1_660' title='bbox 3630 4587 3758 4657; x_wconf 75' lang='grc' dir='ltr'><strong>ἠθέ-</strong></span> 
     </span>
    </p>
   </div>
   <div class='ocr_carea' id='block_1_91' title="bbox 498 4681 2076 4753">
    <p class='ocr_par' dir='ltr' id='par_1_91' title="bbox 498 4681 2076 4753">
     <span class='ocr_line' id='line_1_91' title="bbox 498 4681 2076 4753; baseline 0.005 -22"><span class='ocrx_word' id='word_1_661' title='bbox 498 4681 727 4737; x_wconf 66' lang='lat' dir='ltr'><strong>voluit.)</strong></span> <span class='ocrx_word' id='word_1_662' title='bbox 768 4681 882 4735; x_wconf 86' lang='lat' dir='ltr'><strong>Non</strong></span> <span class='ocrx_word' id='word_1_663' title='bbox 910 4682 1057 4737; x_wconf 92' lang='lat' dir='ltr'><strong>enim</strong></span> <span class='ocrx_word' id='word_1_664' title='bbox 1095 4683 1232 4747; x_wconf 68' lang='lat' dir='ltr'><strong>haec,</strong></span> <span class='ocrx_word' id='word_1_665' title='bbox 1273 4683 1472 4753; x_wconf 91' lang='lat' dir='ltr'><strong>inquit,</strong></span> <span class='ocrx_word' id='word_1_666' title='bbox 1516 4682 1769 4739; x_wconf 78' lang='lat' dir='ltr'><strong>voluntas</strong></span> <span class='ocrx_word' id='word_1_667' title='bbox 1807 4699 1948 4749; x_wconf 90' lang='lat' dir='ltr'><strong>mea,</strong></span> <span class='ocrx_word' id='word_1_668' title='bbox 1982 4701 2076 4739; x_wconf 80' lang='lat' dir='ltr'><strong>ne-</strong></span> 
     </span>
    </p>
   </div>
   <div class='ocr_carea' id='block_1_92' title="bbox 496 4773 2075 4847">
    <p class='ocr_par' dir='ltr' id='par_1_92' title="bbox 496 4773 2075 4847">
     <span class='ocr_line' id='line_1_92' title="bbox 496 4773 2075 4847; baseline 0.005 -23"><span class='ocrx_word' id='word_1_669' title='bbox 496 4789 601 4841; x_wconf 87' lang='lat' dir='ltr'><strong>que</strong></span> <span class='ocrx_word' id='word_1_670' title='bbox 636 4788 767 4827; x_wconf 76' lang='lat' dir='ltr'><strong>mete</strong></span> <span class='ocrx_word' id='word_1_671' title='bbox 815 4773 1117 4841; x_wconf 75' lang='lat' dir='ltr'><strong>huiusmodi</strong></span> <span class='ocrx_word' id='word_1_672' title='bbox 1154 4777 1276 4841; x_wconf 65' lang='lat' dir='ltr'><strong>vim,</strong></span> <span class='ocrx_word' id='word_1_673' title='bbox 1308 4777 1402 4831; x_wconf 91' lang='lat' dir='ltr'><strong>sed</strong></span> <span class='ocrx_word' id='word_1_674' title='bbox 1446 4775 1513 4830; x_wconf 88' lang='lat' dir='ltr'><strong>ad</strong></span> <span class='ocrx_word' id='word_1_675' title='bbox 1558 4775 1789 4831; x_wconf 83' lang='lat' dir='ltr'><strong>lubitum</strong></span> <span class='ocrx_word' id='word_1_676' title='bbox 1823 4786 1878 4831; x_wconf 86' lang='lat' dir='ltr'><strong>et</strong></span> <span class='ocrx_word' id='word_1_677' title='bbox 1907 4777 2075 4847; x_wconf 83' lang='lat' dir='ltr'><strong>placi-</strong></span> 
     </span>
    </p>
   </div>
   <div class='ocr_carea' id='block_1_93' title="bbox 499 4874 996 4920">
    <p class='ocr_par' dir='ltr' id='par_1_93' title="bbox 499 4874 996 4920">
     <span class='ocr_line' id='line_1_93' title="bbox 499 4874 996 4920; baseline 0.006 -3"><span class='ocrx_word' id='word_1_678' title='bbox 499 4875 610 4917; x_wconf 89' lang='lat' dir='ltr'><strong>tum</strong></span> <span class='ocrx_word' id='word_1_679' title='bbox 638 4879 823 4919; x_wconf 85' lang='lat' dir='ltr'><strong>eorum</strong></span> <span class='ocrx_word' id='word_1_680' title='bbox 853 4874 996 4920; x_wconf 85' lang='lat' dir='ltr'><strong>sunt.</strong></span> 
     </span>
    </p>
   </div>
   <div class='ocr_carea' id='block_1_94' title="bbox 466 4954 2080 5029">
    <p class='ocr_par' dir='ltr' id='par_1_94' title="bbox 466 4954 2080 5029">
     <span class='ocr_line' id='line_1_94' title="bbox 466 4954 2080 5029; baseline 0.006 -21"><span class='ocrx_word' id='word_1_681' title='bbox 466 4955 471 5001; x_wconf 75' lang='grc' dir='ltr'><strong><em>ἴ</em></strong></span> <span class='ocrx_word' id='word_1_682' title='bbox 574 4954 813 5010; x_wconf 60' lang='grc' dir='ltr'><strong>νειιεμι.</strong></span> <span class='ocrx_word' id='word_1_683' title='bbox 856 4974 875 5007; x_wconf 86' lang='grc'>‹</span> <span class='ocrx_word' id='word_1_684' title='bbox 910 4956 975 5009; x_wconf 86' lang='grc' dir='ltr'><strong>Ει</strong></span> <span class='ocrx_word' id='word_1_685' title='bbox 1019 4972 1118 5026; x_wconf 75' lang='lat' dir='ltr'><strong>ego</strong></span> <span class='ocrx_word' id='word_1_686' title='bbox 1163 4958 1393 5029; x_wconf 84' lang='lat' dir='ltr'><strong>deligam</strong></span> <span class='ocrx_word' id='word_1_687' title='bbox 1441 4959 1723 5015; x_wconf 90' lang='lat' dir='ltr'><strong>illusiones</strong></span> <span class='ocrx_word' id='word_1_688' title='bbox 1767 4977 1978 5028; x_wconf 88' lang='lat' dir='ltr'><strong>eorum,</strong></span> <span class='ocrx_word' id='word_1_689' title='bbox 2024 4970 2080 5018; x_wconf 88' lang='lat' dir='ltr'><strong>et</strong></span> 
     </span>
    </p>
   </div>
   <div class='ocr_carea' id='block_1_95' title="bbox 497 5051 2070 5121">
    <p class='ocr_par' dir='ltr' id='par_1_95' title="bbox 497 5051 2070 5121">
     <span class='ocr_line' id='line_1_95' title="bbox 497 5051 2070 5121; baseline 0.002 -17"><span class='ocrx_word' id='word_1_690' title='bbox 497 5061 718 5117; x_wconf 88' lang='lat' dir='ltr'><strong>peccata</strong></span> <span class='ocrx_word' id='word_1_691' title='bbox 766 5051 1061 5103; x_wconf 88' lang='lat' dir='ltr'><strong>retribuam</strong></span> <span class='ocrx_word' id='word_1_692' title='bbox 1108 5051 1238 5105; x_wconf 84' lang='lat' dir='ltr'><strong>eis:</strong></span> <span class='ocrx_word' id='word_1_693' title='bbox 1285 5052 1409 5121; x_wconf 88' lang='lat' dir='ltr'><strong>quia</strong></span> <span class='ocrx_word' id='word_1_694' title='bbox 1450 5054 1639 5108; x_wconf 79' lang='lat' dir='ltr'><strong>vocavi</strong></span> <span class='ocrx_word' id='word_1_695' title='bbox 1703 5068 1835 5119; x_wconf 88' lang='lat' dir='ltr'><strong>eos,</strong></span> <span class='ocrx_word' id='word_1_696' title='bbox 1869 5064 1923 5108; x_wconf 89' lang='lat' dir='ltr'><strong>et</strong></span> <span class='ocrx_word' id='word_1_697' title='bbox 1965 5068 2070 5107; x_wconf 93' lang='lat' dir='ltr'><strong>non</strong></span> 
     </span>
    </p>
   </div>
   <div class='ocr_carea' id='block_1_96' title="bbox 494 5142 2075 5211">
    <p class='ocr_par' dir='ltr' id='par_1_96' title="bbox 494 5142 2075 5211">
     <span class='ocr_line' id='line_1_96' title="bbox 494 5142 2075 5211; baseline 0.003 -16"><span class='ocrx_word' id='word_1_698' title='bbox 494 5143 853 5195; x_wconf 82' lang='lat' dir='ltr'><strong>exaudierunt</strong></span> <span class='ocrx_word' id='word_1_699' title='bbox 880 5158 993 5209; x_wconf 83' lang='lat' dir='ltr'><strong>me;</strong></span> <span class='ocrx_word' id='word_1_700' title='bbox 1026 5142 1238 5198; x_wconf 89' lang='lat' dir='ltr'><strong>locutus</strong></span> <span class='ocrx_word' id='word_1_701' title='bbox 1268 5159 1410 5211; x_wconf 90' lang='lat' dir='ltr'><strong>sum,</strong></span> <span class='ocrx_word' id='word_1_702' title='bbox 1437 5155 1493 5200; x_wconf 88' lang='lat' dir='ltr'><strong>et</strong></span> <span class='ocrx_word' id='word_1_703' title='bbox 1520 5161 1625 5199; x_wconf 91' lang='lat' dir='ltr'><strong>uon</strong></span> <span class='ocrx_word' id='word_1_704' title='bbox 1658 5147 1947 5201; x_wconf 87' lang='lat' dir='ltr'><strong>audierunt</strong></span> <span class='ocrx_word' id='word_1_705' title='bbox 1973 5164 1986 5200; x_wconf 93' lang='lat'>:</span> <span class='ocrx_word' id='word_1_706' title='bbox 2018 5156 2075 5201; x_wconf 86' lang='lat' dir='ltr'><strong>et</strong></span> 
     </span>
    </p>
   </div>
   <div class='ocr_carea' id='block_1_97' title="bbox 497 5234 2069 5307">
    <p class='ocr_par' dir='ltr' id='par_1_97' title="bbox 497 5234 2069 5307">
     <span class='ocr_line' id='line_1_97' title="bbox 497 5234 2069 5307; baseline 0.001 -20"><span class='ocrx_word' id='word_1_707' title='bbox 497 5235 741 5288; x_wconf 79' lang='lat' dir='ltr'><strong>fecerunt</strong></span> <span class='ocrx_word' id='word_1_708' title='bbox 779 5234 978 5287; x_wconf 87' lang='lat' dir='ltr'><strong>malum</strong></span> <span class='ocrx_word' id='word_1_709' title='bbox 1011 5234 1063 5287; x_wconf 93' lang='lat' dir='ltr'><strong>in</strong></span> <span class='ocrx_word' id='word_1_710' title='bbox 1088 5247 1378 5305; x_wconf 85' lang='lat' dir='ltr'><strong>conspectu</strong></span> <span class='ocrx_word' id='word_1_711' title='bbox 1406 5253 1545 5301; x_wconf 90' lang='lat' dir='ltr'><strong>meo,</strong></span> <span class='ocrx_word' id='word_1_712' title='bbox 1570 5247 1627 5291; x_wconf 91' lang='lat' dir='ltr'><strong>et</strong></span> <span class='ocrx_word' id='word_1_713' title='bbox 1658 5252 1776 5307; x_wconf 66' lang='lat' dir='ltr'><strong>quae</strong></span> <span class='ocrx_word' id='word_1_714' title='bbox 1821 5238 2069 5291; x_wconf 89' lang='lat' dir='ltr'><strong>nolebam</strong></span> 
     </span>
    </p>
   </div>
   <div class='ocr_carea' id='block_1_98' title="bbox 494 5325 2071 5392">
    <p class='ocr_par' dir='ltr' id='par_1_98' title="bbox 494 5325 2071 5392">
     <span class='ocr_line' id='line_1_98' title="bbox 494 5325 2071 5392; baseline 0.002 -15"><span class='ocrx_word' id='word_1_715' title='bbox 494 5328 835 5392; x_wconf 65' lang='lat' dir='ltr'><strong>elegerunt.»</strong></span> <span class='ocrx_word' id='word_1_716' title='bbox 882 5325 1233 5390; x_wconf 89' lang='lat' dir='ltr'><strong>Quandonatn</strong></span> <span class='ocrx_word' id='word_1_717' title='bbox 1280 5335 1458 5380; x_wconf 90' lang='lat' dir='ltr'><strong>autem</strong></span> <span class='ocrx_word' id='word_1_718' title='bbox 1509 5336 1789 5381; x_wconf 85' lang='lat' dir='ltr'><strong>vocantem</strong></span> <span class='ocrx_word' id='word_1_719' title='bbox 1836 5342 1939 5379; x_wconf 91' lang='lat' dir='ltr'><strong>non</strong></span> <span class='ocrx_word' id='word_1_720' title='bbox 1986 5327 2071 5380; x_wconf 84' lang='lat' dir='ltr'><strong>in-</strong></span> 
     </span>
    </p>
   </div>
   <div class='ocr_carea' id='block_1_99' title="bbox 498 5416 2066 5487">
    <p class='ocr_par' dir='ltr' id='par_1_99' title="bbox 498 5416 2066 5487">
     <span class='ocr_line' id='line_1_99' title="bbox 498 5416 2066 5487; baseline 0.001 -19"><span class='ocrx_word' id='word_1_721' title='bbox 498 5418 856 5483; x_wconf 79' lang='lat' dir='ltr'><strong>tellcxerunt,</strong></span> <span class='ocrx_word' id='word_1_722' title='bbox 904 5419 1005 5472; x_wconf 89' lang='lat' dir='ltr'><strong>nisi</strong></span> <span class='ocrx_word' id='word_1_723' title='bbox 1052 5417 1268 5486; x_wconf 88' lang='lat' dir='ltr'><strong>quando</strong></span> <span class='ocrx_word' id='word_1_724' title='bbox 1299 5432 1535 5486; x_wconf 57' lang='lat' dir='ltr'><strong>praesens</strong></span> <span class='ocrx_word' id='word_1_725' title='bbox 1578 5418 1712 5487; x_wconf 89' lang='lat' dir='ltr'><strong>ipsis</strong></span> <span class='ocrx_word' id='word_1_726' title='bbox 1759 5416 2066 5482; x_wconf 86' lang='lat' dir='ltr'><strong>clamabat,</strong></span> 
     </span>
    </p>
   </div>
   <div class='ocr_carea' id='block_1_100' title="bbox 501 5508 2067 5583">
    <p class='ocr_par' dir='ltr' id='par_1_100' title="bbox 501 5508 2067 5583">
     <span class='ocr_line' id='line_1_100' title="bbox 501 5508 2067 5583; baseline 0.003 -23"><span class='ocrx_word' id='word_1_727' title='bbox 501 5528 518 5560; x_wconf 76' lang='grc' dir='ltr'><strong>ι</strong></span> <span class='ocrx_word' id='word_1_728' title='bbox 547 5508 734 5562; x_wconf 74' lang='lat' dir='ltr'><strong>Venite</strong></span> <span class='ocrx_word' id='word_1_729' title='bbox 758 5512 822 5562; x_wconf 92' lang='lat' dir='ltr'><strong>ad</strong></span> <span class='ocrx_word' id='word_1_730' title='bbox 854 5526 936 5565; x_wconf 90' lang='lat' dir='ltr'><strong>me</strong></span> <span class='ocrx_word' id='word_1_731' title='bbox 961 5526 1174 5583; x_wconf 77' lang='lat' dir='ltr'><strong>omnes,</strong></span> <span class='ocrx_word' id='word_1_732' title='bbox 1196 5511 1288 5579; x_wconf 91' lang='lat' dir='ltr'><strong>qui</strong></span> <span class='ocrx_word' id='word_1_733' title='bbox 1315 5510 1574 5566; x_wconf 86' lang='lat' dir='ltr'><strong>laboratis</strong></span> <span class='ocrx_word' id='word_1_734' title='bbox 1596 5518 1650 5566; x_wconf 89' lang='lat' dir='ltr'><strong>et</strong></span> <span class='ocrx_word' id='word_1_735' title='bbox 1677 5509 1889 5564; x_wconf 80' lang='lat' dir='ltr'><strong>onerati</strong></span> <span class='ocrx_word' id='word_1_736' title='bbox 1912 5509 2067 5577; x_wconf 89' lang='lat' dir='ltr'><strong>estis,</strong></span> 
     </span>
    </p>
   </div>
   <div class='ocr_carea' id='block_1_101' title="bbox 491 5603 1222 5671">
    <p class='ocr_par' dir='ltr' id='par_1_101' title="bbox 491 5603 1222 5671">
     <span class='ocr_line' id='line_1_101' title="bbox 491 5603 1222 5671; baseline 0 -16"><span class='ocrx_word' id='word_1_737' title='bbox 491 5611 547 5656; x_wconf 82' lang='lat' dir='ltr'><strong>et</strong></span> <span class='ocrx_word' id='word_1_738' title='bbox 573 5614 675 5671; x_wconf 82' lang='lat' dir='ltr'><strong>ego</strong></span> <span class='ocrx_word' id='word_1_739' title='bbox 707 5603 944 5657; x_wconf 83' lang='lat' dir='ltr'><strong>reliciant</strong></span> <span class='ocrx_word' id='word_1_740' title='bbox 975 5619 1072 5660; x_wconf 85' lang='lat' dir='ltr'><strong>vos</strong></span> <span class='ocrx_word' id='word_1_741' title='bbox 1095 5604 1172 5658; x_wconf 74' lang='grc' dir='ltr'><strong>ὀἳ</strong></span> <span class='ocrx_word' id='word_1_742' title='bbox 1204 5622 1222 5655; x_wconf 73' lang='grc' dir='ltr'><strong>ο</strong></span> 
     </span>
    </p>
   </div>
   <div class='ocr_carea' id='block_1_102' title="bbox 568 5692 2068 5767">
    <p class='ocr_par' dir='ltr' id='par_1_102' title="bbox 568 5692 2068 5767">
     <span class='ocr_line' id='line_1_102' title="bbox 568 5692 2068 5767; baseline 0.002 -20"><span class='ocrx_word' id='word_1_743' title='bbox 568 5692 733 5749; x_wconf 72' lang='lat' dir='ltr'><strong>Vsus.</strong></span> <span class='ocrx_word' id='word_1_744' title='bbox 758 5694 813 5751; x_wconf 83' lang='lat'><strong>5.</strong></span> <span class='ocrx_word' id='word_1_745' title='bbox 852 5713 873 5748; x_wconf 83' lang='lat' dir='ltr'><strong>t</strong></span> <span class='ocrx_word' id='word_1_746' title='bbox 901 5696 1097 5753; x_wconf 84' lang='lat' dir='ltr'><strong>Audite</strong></span> <span class='ocrx_word' id='word_1_747' title='bbox 1126 5699 1292 5752; x_wconf 81' lang='lat' dir='ltr'><strong>verba</strong></span> <span class='ocrx_word' id='word_1_748' title='bbox 1340 5695 1573 5763; x_wconf 88' lang='lat' dir='ltr'><strong>Domini,</strong></span> <span class='ocrx_word' id='word_1_749' title='bbox 1609 5694 1701 5767; x_wconf 92' lang='lat' dir='ltr'><strong>qui</strong></span> <span class='ocrx_word' id='word_1_750' title='bbox 1740 5692 1972 5750; x_wconf 89' lang='lat' dir='ltr'><strong>tremitis</strong></span> <span class='ocrx_word' id='word_1_751' title='bbox 2004 5695 2068 5750; x_wconf 88' lang='lat' dir='ltr'><strong>ad</strong></span> 
     </span>
    </p>
   </div>
   <div class='ocr_carea' id='block_1_103' title="bbox 566 5876 1060 5965">
    <p class='ocr_par' dir='ltr' id='par_1_103' title="bbox 566 5876 1060 5965">
     <span class='ocr_line' id='line_1_103' title="bbox 566 5876 1060 5965; baseline 0 -33"><span class='ocrx_word' id='word_1_752' title='bbox 566 5876 611 5965; x_wconf 54' lang='grc' dir='ltr'><strong>ς’</strong></span> <span class='ocrx_word' id='word_1_753' title='bbox 652 5876 838 5933; x_wconf 83' lang='lat' dir='ltr'><strong>Matth.</strong></span> <span class='ocrx_word' id='word_1_754' title='bbox 868 5892 941 5932; x_wconf 72' lang='grc' dir='ltr'><strong>ιι.</strong></span> <span class='ocrx_word' id='word_1_755' title='bbox 968 5876 1060 5932; x_wconf 72' lang='lat'><strong>28.</strong></span> 
     </span>
    </p>
   </div>
   <div class='ocr_carea' id='block_1_104' title="bbox 2174 4680 3757 4755">
    <p class='ocr_par' dir='ltr' id='par_1_104' title="bbox 2174 4680 3757 4755">
     <span class='ocr_line' id='line_1_104' title="bbox 2174 4680 3757 4755; baseline -0.001 -20"><span class='ocrx_word' id='word_1_756' title='bbox 2174 4682 2323 4753; x_wconf 84' lang='grc' dir='ltr'><strong>λησε.</strong></span> <span class='ocrx_word' id='word_1_757' title='bbox 2365 4702 2383 4734; x_wconf 70' lang='grc' dir='ltr'><strong>ι</strong></span> <span class='ocrx_word' id='word_1_758' title='bbox 2435 4683 2510 4736; x_wconf 81' lang='grc' dir='ltr'><strong>οὐ</strong></span> <span class='ocrx_word' id='word_1_759' title='bbox 2549 4682 2657 4755; x_wconf 83' lang='grc' dir='ltr'><strong>γὰρ</strong></span> <span class='ocrx_word' id='word_1_760' title='bbox 2700 4684 2811 4754; x_wconf 79' lang='grc' dir='ltr'><strong>ἐμὰ</strong></span> <span class='ocrx_word' id='word_1_761' title='bbox 2848 4682 3043 4749; x_wconf 86' lang='grc' dir='ltr'><strong>ταῦτα,</strong></span> <span class='ocrx_word' id='word_1_762' title='bbox 3095 4689 3248 4754; x_wconf 72' lang='grc' dir='ltr'><strong>φησι,</strong></span> <span class='ocrx_word' id='word_1_763' title='bbox 3297 4681 3597 4751; x_wconf 79' lang='grc' dir='ltr'><strong>θελήματα,</strong></span> <span class='ocrx_word' id='word_1_764' title='bbox 3632 4680 3757 4733; x_wconf 75' lang='grc' dir='ltr'><strong>οὐδὲ</strong></span> 
     </span>
    </p>
   </div>
   <div class='ocr_carea' id='block_1_105' title="bbox 2174 4768 3757 4847">
    <p class='ocr_par' dir='ltr' id='par_1_105' title="bbox 2174 4768 3757 4847">
     <span class='ocr_line' id='line_1_105' title="bbox 2174 4768 3757 4847; baseline 0 -20"><span class='ocrx_word' id='word_1_765' title='bbox 2174 4776 2298 4846; x_wconf 74' lang='grc' dir='ltr'><strong>ἐμοὶ</strong></span> <span class='ocrx_word' id='word_1_766' title='bbox 2334 4775 2389 4826; x_wconf 86' lang='lat' dir='ltr'><strong>al</strong></span> <span class='ocrx_word' id='word_1_767' title='bbox 2422 4774 2531 4827; x_wconf 75' lang='grc' dir='ltr'><strong>ὁδοὶ</strong></span> <span class='ocrx_word' id='word_1_768' title='bbox 2559 4768 2738 4841; x_wconf 75' lang='grc' dir='ltr'><strong>αὗται,</strong></span> <span class='ocrx_word' id='word_1_769' title='bbox 2768 4775 2905 4831; x_wconf 82' lang='grc' dir='ltr'><strong>ἀλλά</strong></span> <span class='ocrx_word' id='word_1_770' title='bbox 2928 4776 3027 4847; x_wconf 91' lang='grc' dir='ltr'><strong>τῆς</strong></span> <span class='ocrx_word' id='word_1_771' title='bbox 3053 4774 3231 4829; x_wconf 79' lang='grc' dir='ltr'><strong>αὐτῶν</strong></span> <span class='ocrx_word' id='word_1_772' title='bbox 3258 4772 3629 4845; x_wconf 86' lang='grc' dir='ltr'><strong>προαιρέσεως</strong></span> <span class='ocrx_word' id='word_1_773' title='bbox 3661 4790 3757 4827; x_wconf 78' lang='grc' dir='ltr'><strong>κα-</strong></span> 
     </span>
    </p>
   </div>
   <div class='ocr_carea' id='block_1_106' title="bbox 2174 4865 2437 4937">
    <p class='ocr_par' dir='ltr' id='par_1_106' title="bbox 2174 4865 2437 4937">
     <span class='ocr_line' id='line_1_106' title="bbox 2174 4865 2437 4937; baseline 0.015 -19"><span class='ocrx_word' id='word_1_774' title='bbox 2174 4865 2437 4937; x_wconf 88' lang='grc' dir='ltr'><strong>ταθύμια.</strong></span> 
     </span>
    </p>
   </div>
   <div class='ocr_carea' id='block_1_107' title="bbox 2254 4957 3755 5031">
    <p class='ocr_par' dir='ltr' id='par_1_107' title="bbox 2254 4957 3755 5031">
     <span class='ocr_line' id='line_1_107' title="bbox 2254 4957 3755 5031; baseline -0.001 -20"><span class='ocrx_word' id='word_1_775' title='bbox 2254 4977 2273 5010; x_wconf 73' lang='grc' dir='ltr'><strong>ι</strong></span> <span class='ocrx_word' id='word_1_776' title='bbox 2310 4960 2419 5013; x_wconf 81' lang='lat' dir='ltr'><strong>Kal</strong></span> <span class='ocrx_word' id='word_1_777' title='bbox 2471 4958 2581 5028; x_wconf 85' lang='grc' dir='ltr'><strong>ἐγὼ</strong></span> <span class='ocrx_word' id='word_1_778' title='bbox 2618 4960 2906 5031; x_wconf 80' lang='grc' dir='ltr'><strong>ἐκλέξομαι</strong></span> <span class='ocrx_word' id='word_1_779' title='bbox 2939 4959 3006 5013; x_wconf 89' lang='grc' dir='ltr'><strong>τά</strong></span> <span class='ocrx_word' id='word_1_780' title='bbox 3039 4958 3401 5030; x_wconf 78' lang='grc' dir='ltr'><strong>ἐμπαίγματα</strong></span> <span class='ocrx_word' id='word_1_781' title='bbox 3430 4957 3633 5023; x_wconf 78' lang='grc' dir='ltr'><strong>αὐτῶν,</strong></span> <span class='ocrx_word' id='word_1_782' title='bbox 3664 4958 3755 5011; x_wconf 74' lang='grc' dir='ltr'><strong>καὶ</strong></span> 
     </span>
    </p>
   </div>
   <div class='ocr_carea' id='block_1_108' title="bbox 2172 5046 3754 5120">
    <p class='ocr_par' dir='ltr' id='par_1_108' title="bbox 2172 5046 3754 5120">
     <span class='ocr_line' id='line_1_108' title="bbox 2172 5046 3754 5120; baseline 0 -20"><span class='ocrx_word' id='word_1_783' title='bbox 2172 5047 2273 5111; x_wconf 77' lang='grc' dir='ltr'><strong>τὰς</strong></span> <span class='ocrx_word' id='word_1_784' title='bbox 2315 5048 2591 5120; x_wconf 82' lang='grc' dir='ltr'><strong>ἁμαρτίας</strong></span> <span class='ocrx_word' id='word_1_785' title='bbox 2633 5047 2999 5101; x_wconf 83' lang='grc' dir='ltr'><strong>ἀνταποδώσω</strong></span> <span class='ocrx_word' id='word_1_786' title='bbox 3034 5048 3219 5110; x_wconf 82' lang='grc' dir='ltr'><strong>αὐτοῖς</strong></span> <span class='ocrx_word' id='word_1_787' title='bbox 3264 5049 3347 5101; x_wconf 86' lang='grc' dir='ltr'><strong>ὃτι</strong></span> <span class='ocrx_word' id='word_1_788' title='bbox 3385 5046 3618 5100; x_wconf 80' lang='grc' dir='ltr'><strong>ἐκάλεσα</strong></span> <span class='ocrx_word' id='word_1_789' title='bbox 3662 5046 3754 5100; x_wconf 84' lang='grc' dir='ltr'><strong>αύ-</strong></span> 
     </span>
    </p>
   </div>
   <div class='ocr_carea' id='block_1_109' title="bbox 2174 5138 3753 5211">
    <p class='ocr_par' dir='ltr' id='par_1_109' title="bbox 2174 5138 3753 5211">
     <span class='ocr_line' id='line_1_109' title="bbox 2174 5138 3753 5211; baseline -0.002 -18"><span class='ocrx_word' id='word_1_790' title='bbox 2174 5140 2319 5203; x_wconf 74' lang='grc' dir='ltr'><strong>τοὺς,</strong></span> <span class='ocrx_word' id='word_1_791' title='bbox 2377 5141 2470 5193; x_wconf 84' lang='grc' dir='ltr'><strong>καὶ</strong></span> <span class='ocrx_word' id='word_1_792' title='bbox 2514 5142 2613 5210; x_wconf 79' lang='grc' dir='ltr'><strong>οὐχ</strong></span> <span class='ocrx_word' id='word_1_793' title='bbox 2652 5140 2967 5211; x_wconf 85' lang='grc' dir='ltr'><strong>ὐπήκουσάν</strong></span> <span class='ocrx_word' id='word_1_794' title='bbox 3022 5155 3159 5211; x_wconf 88' lang='grc' dir='ltr'><strong>μου·</strong></span> <span class='ocrx_word' id='word_1_795' title='bbox 3217 5140 3473 5209; x_wconf 86' lang='grc' dir='ltr'><strong>ἐλάλησα,</strong></span> <span class='ocrx_word' id='word_1_796' title='bbox 3520 5139 3615 5191; x_wconf 76' lang='grc' dir='ltr'><strong>καὶ</strong></span> <span class='ocrx_word' id='word_1_797' title='bbox 3658 5138 3753 5190; x_wconf 77' lang='grc' dir='ltr'><strong>οὐκ</strong></span> 
     </span>
    </p>
   </div>
   <div class='ocr_carea' id='block_1_110' title="bbox 2175 5230 3752 5305">
    <p class='ocr_par' dir='ltr' id='par_1_110' title="bbox 2175 5230 3752 5305">
     <span class='ocr_line' id='line_1_110' title="bbox 2175 5230 3752 5305; baseline -0.002 -20"><span class='ocrx_word' id='word_1_798' title='bbox 2175 5234 2433 5304; x_wconf 73' lang='grc' dir='ltr'><strong>ἥκουσαν·</strong></span> <span class='ocrx_word' id='word_1_799' title='bbox 2483 5234 2575 5286; x_wconf 77' lang='grc' dir='ltr'><strong>καὶ</strong></span> <span class='ocrx_word' id='word_1_800' title='bbox 2624 5233 2884 5303; x_wconf 77' lang='grc' dir='ltr'><strong>ἐποίησαν</strong></span> <span class='ocrx_word' id='word_1_801' title='bbox 2932 5233 2997 5286; x_wconf 83' lang='grc' dir='ltr'><strong>τὺ</strong></span> <span class='ocrx_word' id='word_1_802' title='bbox 3044 5233 3277 5305; x_wconf 74' lang='grc' dir='ltr'><strong>πονηρὸν</strong></span> <span class='ocrx_word' id='word_1_803' title='bbox 3311 5232 3554 5287; x_wconf 76' lang='grc' dir='ltr'><strong>ἐναντίον</strong></span> <span class='ocrx_word' id='word_1_804' title='bbox 3599 5230 3752 5301; x_wconf 85' lang='grc' dir='ltr'><strong>ἐμοῦ,</strong></span> 
     </span>
    </p>
   </div>
   <div class='ocr_carea' id='block_1_111' title="bbox 2175 5323 3752 5395">
    <p class='ocr_par' dir='ltr' id='par_1_111' title="bbox 2175 5323 3752 5395">
     <span class='ocr_line' id='line_1_111' title="bbox 2175 5323 3752 5395; baseline 0 -16"><span class='ocrx_word' id='word_1_805' title='bbox 2175 5328 2267 5379; x_wconf 77' lang='grc' dir='ltr'><strong>καὶ</strong></span> <span class='ocrx_word' id='word_1_806' title='bbox 2289 5325 2323 5379; x_wconf 79' lang='lat'><em>6.</em></span> <span class='ocrx_word' id='word_1_807' title='bbox 2354 5329 2454 5377; x_wconf 79' lang='grc' dir='ltr'><strong>οὐκ</strong></span> <span class='ocrx_word' id='word_1_808' title='bbox 2482 5324 2779 5395; x_wconf 82' lang='grc' dir='ltr'><strong>ἐϐουλόμην</strong></span> <span class='ocrx_word' id='word_1_809' title='bbox 2802 5326 3135 5392; x_wconf 78' lang='grc' dir='ltr'><strong>ἐξελέξαντο.</strong></span> <span class='ocrx_word' id='word_1_810' title='bbox 3170 5347 3188 5378; x_wconf 73' lang='grc' dir='ltr'><strong>ι</strong></span> <span class='ocrx_word' id='word_1_811' title='bbox 3220 5328 3357 5379; x_wconf 73' lang='grc' dir='ltr'><strong>Πότε</strong></span> <span class='ocrx_word' id='word_1_812' title='bbox 3384 5326 3441 5379; x_wconf 81' lang='grc' dir='ltr'><strong>δέ</strong></span> <span class='ocrx_word' id='word_1_813' title='bbox 3466 5323 3752 5379; x_wconf 67' lang='grc' dir='ltr'><strong>καλοῦντος</strong></span> 
     </span>
    </p>
   </div>
   <div class='ocr_carea' id='block_1_112' title="bbox 2178 5416 3749 5490">
    <p class='ocr_par' dir='ltr' id='par_1_112' title="bbox 2178 5416 3749 5490">
     <span class='ocr_line' id='line_1_112' title="bbox 2178 5416 3749 5490; baseline -0.001 -18"><span class='ocrx_word' id='word_1_814' title='bbox 2178 5418 2375 5480; x_wconf 75' lang='grc' dir='ltr'><strong>αὐτοὺς</strong></span> <span class='ocrx_word' id='word_1_815' title='bbox 2429 5417 2490 5469; x_wconf 84' lang='grc' dir='ltr'><strong>οὐ</strong></span> <span class='ocrx_word' id='word_1_816' title='bbox 2526 5418 2788 5487; x_wconf 79' lang='grc' dir='ltr'><strong>συνῆκαν,</strong></span> <span class='ocrx_word' id='word_1_817' title='bbox 2838 5418 2870 5489; x_wconf 82' lang='grc' dir='ltr'>ἢ</span> <span class='ocrx_word' id='word_1_818' title='bbox 2906 5418 2995 5472; x_wconf 82' lang='grc' dir='ltr'><strong>ὅτε</strong></span> <span class='ocrx_word' id='word_1_819' title='bbox 3046 5421 3230 5483; x_wconf 74' lang='grc' dir='ltr'><strong>αὐτοῖς</strong></span> <span class='ocrx_word' id='word_1_820' title='bbox 3263 5418 3563 5490; x_wconf 79' lang='grc' dir='ltr'><strong>συντρίϐων</strong></span> <span class='ocrx_word' id='word_1_821' title='bbox 3603 5416 3749 5470; x_wconf 80' lang='grc' dir='ltr'><strong>ἐϐόα·</strong></span> 
     </span>
    </p>
   </div>
   <div class='ocr_carea' id='block_1_113' title="bbox 2184 5508 3751 5581">
    <p class='ocr_par' dir='ltr' id='par_1_113' title="bbox 2184 5508 3751 5581">
     <span class='ocr_line' id='line_1_113' title="bbox 2184 5508 3751 5581; baseline -0.001 -20"><span class='ocrx_word' id='word_1_822' title='bbox 2184 5529 2203 5561; x_wconf 76' lang='grc' dir='ltr'><strong>ι</strong></span> <span class='ocrx_word' id='word_1_823' title='bbox 2239 5509 2401 5562; x_wconf 88' lang='grc' dir='ltr'><strong>Δεῦτε</strong></span> <span class='ocrx_word' id='word_1_824' title='bbox 2437 5508 2573 5581; x_wconf 69' lang='grc' dir='ltr'><strong>πρὸς</strong></span> <span class='ocrx_word' id='word_1_825' title='bbox 2608 5508 2697 5580; x_wconf 84' lang='grc' dir='ltr'><strong>μὲ,</strong></span> <span class='ocrx_word' id='word_1_826' title='bbox 2730 5510 2932 5574; x_wconf 85' lang='grc' dir='ltr'><strong>πάντες</strong></span> <span class='ocrx_word' id='word_1_827' title='bbox 2963 5513 3011 5564; x_wconf 81' lang='grc' dir='ltr'><strong>οἱ</strong></span> <span class='ocrx_word' id='word_1_828' title='bbox 3045 5511 3341 5575; x_wconf 84' lang='grc' dir='ltr'><strong>κοπιῶντες</strong></span> <span class='ocrx_word' id='word_1_829' title='bbox 3374 5510 3468 5564; x_wconf 71' lang='grc' dir='ltr'><strong>καὶ</strong></span> <span class='ocrx_word' id='word_1_830' title='bbox 3502 5524 3751 5579; x_wconf 79' lang='grc' dir='ltr'><strong>πεφορτι-</strong></span> 
     </span>
    </p>
   </div>
   <div class='ocr_carea' id='block_1_114' title="bbox 2180 5599 3170 5673">
    <p class='ocr_par' dir='ltr' id='par_1_114' title="bbox 2180 5599 3170 5673">
     <span class='ocr_line' id='line_1_114' title="bbox 2180 5599 3170 5673; baseline -0.001 -17"><span class='ocrx_word' id='word_1_831' title='bbox 2180 5603 2388 5673; x_wconf 83' lang='grc' dir='ltr'><strong>σμένοι,</strong></span> <span class='ocrx_word' id='word_1_832' title='bbox 2420 5599 2574 5669; x_wconf 86' lang='grc' dir='ltr'><strong>κάγὼ</strong></span> <span class='ocrx_word' id='word_1_833' title='bbox 2606 5602 2907 5657; x_wconf 83' lang='grc' dir='ltr'><strong>ἀναπαύσω</strong></span> <span class='ocrx_word' id='word_1_834' title='bbox 2933 5604 3112 5673; x_wconf 78' lang='grc' dir='ltr'><strong>ύμᾶςς</strong></span> <span class='ocrx_word' id='word_1_835' title='bbox 3151 5621 3170 5655; x_wconf 68' lang='grc' dir='ltr'><strong>ο</strong></span> 
     </span>
    </p>
   </div>
   <div class='ocr_carea' id='block_1_115' title="bbox 2254 5688 3749 5769">
    <p class='ocr_par' dir='ltr' id='par_1_115' title="bbox 2254 5688 3749 5769">
     <span class='ocr_line' id='line_1_115' title="bbox 2254 5688 3749 5769; baseline -0.001 -21"><span class='ocrx_word' id='word_1_836' title='bbox 2254 5715 2273 5748; x_wconf 69' lang='grc' dir='ltr'><strong>ι</strong></span> <span class='ocrx_word' id='word_1_837' title='bbox 2320 5694 2610 5750; x_wconf 81' lang='grc' dir='ltr'><strong>’Λκούσατε</strong></span> <span class='ocrx_word' id='word_1_838' title='bbox 2637 5697 2858 5769; x_wconf 76' lang='grc' dir='ltr'><strong>ῥήματα</strong></span> <span class='ocrx_word' id='word_1_839' title='bbox 2890 5696 3095 5768; x_wconf 77' lang='grc' dir='ltr'><strong>Κυρίου</strong></span> <span class='ocrx_word' id='word_1_840' title='bbox 3156 5695 3204 5749; x_wconf 74' lang='grc' dir='ltr'><strong>οἱ</strong></span> <span class='ocrx_word' id='word_1_841' title='bbox 3225 5694 3519 5766; x_wconf 82' lang='grc' dir='ltr'><strong>τρέμοντες</strong></span> <span class='ocrx_word' id='word_1_842' title='bbox 3551 5691 3645 5747; x_wconf 78' lang='grc' dir='ltr'><strong>τὸν</strong></span> <span class='ocrx_word' id='word_1_843' title='bbox 3670 5688 3749 5745; x_wconf 72' lang='grc' dir='ltr'><strong>λό-</strong></span> 
     </span>
    </p>
   </div>
  </div>
