3968 6512
181 426 286 484 51³

1126 426 1634 482 COMMENTAR‘IA
1672 426 1739 482 IN
1779 412 2145 484 ts.tt.tttt.'—
2181 431 2333 487 CAP.
2376 432 2560 489 va1.

3354 434 3456 491 518

180 568 276 620 γον
308 550 522 604 αὐτοῦ.
548 551 771 617 Εἴπατε,
797 548 1014 619 ἀδελφοί
1037 549 1214 621 ἡμῶν,
1238 554 1350 614 τοῖς
1377 551 1623 622 μισοῦσιν
1647 552 1785 623 ὑμᾶς

1894 567 2200 607 sermonem
2229 552 2366 622 ejus.
2399 553 2589 617 Dicite,
2615 552 2812 610 fratres
2840 553 3036 621 nostri,
3060 552 3364 610 odientihus
3402 561 3459 609 et

182 642 276 695 καὶ
324 641 811 713 βδελυσσομένοις,
846 642 933 694 ἵνα
968 642 1029 695 τὸ
1068 642 1237 713 ὄνομα
1288 644 1494 714 Κυρίου
1527 643 1779 715 δοξασθῇ,

178 737 271 789 καὶ
302 735 467 807 ὀφθῇ
492 738 549 789 ἐν
574 738 638 806 τῇ
660 736 965 808 εὐφροσύνῃ
993 736 1191 803 αὐτῶν,
1226 737 1318 789 καὶ
1346 738 1541 790 ἐκεῖνοι
1562 739 1783 808 αἰσχυν-

180 824 485 895 θήσονται.
536 844 556 877 ι
594 823 963 892 Εὐαγγελικὸν
994 826 1173 889 αὐτοῖς
1207 826 1537 897 παραδίδωσι
1571 827 1783 899 παράγ-

179 918 369 987 γελμα
405 918 569 971 οὐδὲν
592 918 844 988 διαφέρον
879 918 995 983 τοῦ,
1032 936 1052 972 ι
1108 920 1379 987 Ἀγαπᾶτε
1402 920 1529 983 τοὺς
1555 919 1783 990 ἐχθροὺς

178 1008 363 1078 ὑμῶν,
404 1008 596 1071 καλῶς
623 1011 828 1061 ποιεῖτε
859 1010 985 1072 τοὺς
1031 1008 1321 1079 μισοῦντας
1354 1010 1519 1080 ὑμᾶς,
1553 1010 1783 1082 προσεύ-

180 1101 347 1171 χεσθε
383 1103 538 1174 ὑπὲρ
566 1102 674 1158 τῶν
708 1101 1124 1175 ἐπηρεαζόντων
1151 1104 1296 1174 ὑμᾶς
1333 1104 1428 1157 καὶ
1457 1103 1779 1168 διωκόντων,

181 1195 266 1246 ἵνα
296 1194 551 1265 γένησθε
581 1196 689 1247 uiol-
714 1195 805 1248 τοῦ
833 1195 1043 1267 Πατρὺς
1074 1195 1226 1267 ὑμῶν
1246 1194 1338 1249 τοῦ
1367 1198 1425 1250 ἐν
1455 1198 1722 1266 οὐρανοῖς.
1756 1215 1776 1248 ι

181 1284 347 1339 Οὕτω
380 1287 487 1339 καὶ
522 1287 555 1357 ἡ
588 1287 893 1357 προφητεία
927 1286 1360 1358 παρακελεύεται
1394 1288 1489 1341 καὶ
1519 1287 1777 1342 διδάσκει.

252 1394 276 1428 σ
319 1376 498 1448 Φωνὴ
532 1378 785 1449 κραυγῆς
818 1378 883 1431 ἐκ
910 1377 1137 1442 πόλεως,
1168 1379 1318 1451 φωνὴ
1352 1379 1417 1431 ἐκ
1445 1377 1595 1441 ναοῦ,
1631 1377 1781 1448 φωνὴ

180 1468 405 1539 Κυρίου
444 1469 899 1533 άνταποδιδόντος
930 1469 1284 1523 ἀνταπόδοσιν
1318 1473 1428 1533 τοῖς
1476 1468 1783 1539 ἀντικειμέη

180 1576 319 1624 νοις.
340 1579 386 1612 τι
418 1560 493 1613 Εἰ
536 1559 643 1632 γὰρ
675 1560 844 1615 ταῦτα
876 1561 1187 1632 πράττοιτο,
1232 1561 1384 1631 ὑμῶν
1420 1561 1517 1632 μὲν
1548 1561 1691 1615 κατὰ
1722 1560 1783 1613 τὸ

180 1652 338 1716 τέλος
367 1651 488 1706 τῶν
514 1653 756 1722 άμοιϐῶν
780 1653 1084 1724 εὐφροσύνη
1111 1653 1331 1723 ἔκδηλος
1361 1653 1509 1706 ἔσται
1540 1656 1653 1717 τοῖς
1680 1655 1784 1707 πᾶ-

182 1761 287 1797 σιν·
329 1747 545 1799 ἐκεῖνοι
576 1744 632 1797 δὲ
672 1745 1230 1815 καταισχυνθήσονται
1259 1745 1319 1797 τὸ
1353 1746 1615 1818 ὑμέτερον
1653 1743 1781 1797 θεα-

184 1837 426 1909 σάμενοι
473 1836 647 1901 τέλος,
684 1836 779 1890 καί¹
822 1834 920 1906 τὴν
968 1835 1175 1889 ἐαυτῶν
1205 1835 1478 1889 ἀπώλειαν
1520 1834 1659 1889 κατὰ
1691 1835 1780 1888 τὸν

1885 644 2329 700 abominantibus
2376 658 2487 709 vos,
2531 654 2587 699 ut
2617 661 2811 701 nomen
2846 645 3057 701 Domini
3102 645 3455 716 gloriﬁcetur,

1882 745 1936 791 et
1978 737 2225 790 videatur
2249 734 2303 789 in
2340 734 2520 789 laetitia
2548 749 2757 799 eorum,
2787 745 2843 790 et
2874 737 2948 790 illi
2980 735 3400 792 confundentnr.
3430 756 3450 789 ι

1883 826 2257 897 Evangelicum
2293 825 2423 894 ipsis
2456 835 2779 895 pmceptum
2827 827 3019 888 tradit,
3064 827 3199 881 nihil
3245 827 3456 880 discre-

1881 933 2015 988 pans
2042 917 2108 971 ab
2141 930 2228 981 eo,
2267 933 2285 968 ι
2319 914 2533 985 Diligite
2571 916 2821 970 inimicos
2858 928 3105 984 vestros,
3151 917 3456 972 benefacite

1881 1010 1970 1075 iis,
2002 1009 2094 1080 qui
2127 1000 2357 1064 oderunt
2386 1023 2500 1072 vos,
2529 1018 2682 1062 orate
2722 1024 2818 1077 pro
2863 1006 3220 1077 aﬂligentibus
3256 1022 3309 1066 et
3338 1025 3457 1079 per-

1882 1099 2230 1170 sequentibus
2264 1113 2396 1163 vos;
2439 1110 2497 1151 ut
2539 1099 2658 1152 sitis
2696 1097 2786 1150 lilii
2822 1095 2999 1151 Patris
3036 1099 3221 1163 vestri,
3253 1098 3342 1166 qui
3374 1106 3458 1151 est

1882 1196 1936 1247 in
1967 1192 2117 1247 caelis
2141 1192 2207 1246 ³¹.
2237 1210 2256 1243 ι
2298 1191 2496 1246 Eadem
2528 1205 2751 1260 prorsus
2784 1192 3027 1262 praecipit
3053 1200 3106 1246 et
3140 1191 3294 1246 docet
3327 1206 3455 1258 pro-

1880 1282 2085 1353 pheda.

1954 1372 2115 1428 Vrsas.
2143 1372 2194 1427 6.
2233 1390 2251 1425 ι
2284 1370 2399 1428 Vox
2442 1370 2694 1427 clamoris
2732 1384 2799 1425 ex
2843 1371 3081 1434 civitate,
3124 1384 3227 1424 vox
3259 1383 3289 1423 e
3322 1377 3458 1423 tem-

1883 1464 1989 1535 plo,
2018 1479 2117 1518 vox
2150 1460 2360 1517 Domini
2393 1462 2740 1515 retribuentis
2771 1459 3179 1515 retributionem
3210 1458 3460 1511 adversa~

1888 1556 2036 1611 riis.»
2071 1553 2203 1608 Nam
2230 1555 2272 1609 si
2312 1554 2424 1608 lucc
2455 1562 2703 1621 agantur,
2736 1552 2913 1605 laetitia
2944 1561 3143 1614 vestra,
3170 1548 3459 1603 accedente

1882 1645 2226 1714 praemiorum
2263 1651 2525 1711 tempore,
2568 1642 2821 1695 omnibus
2873 1640 3157 1694 manifesta
3199 1639 3341 1692 erit:
3382 1638 3457 1692 illi

1883 1748 2011 1787 vero
2080 1731 2240 1785 linem
2306 1741 2543 1785 vestrum
2605 1731 2899 1799 conspicati
2956 1729 3349 1783 conlundentur
3402 1738 3460 1784 et

1884 1841 2037 1880 suam
2083 1822 2271 1892 judicii
2327 1822 2492 1877 divini
2554 1832 2796 1892 tempore
2855 1823 3147 1891 perniciem
3202 1822 3461 1892 cperibus

158 1930 281 2001 τῆς
312 1929 727 2000 δικαιοκρισίας
754 1929 947 1999 καιρὸν
972 1928 1065 1981 τοῦ
1097 1927 1231 1980 Θεοῦ
1261 1927 1443 1999 ἔργοις
1473 1926 1782 1999 μαθησόμ-

1893 1918 2143 1971 ediscent.
2174 1933 2192 1965 ι
2240 1912 2349 1967 Vox
2403 1913 2654 1968 clamoris
2712 1927 2776 1967 ex
2812 1914 3049 1975 civitate,
3110 1926 3211 1965 vox
3251 1927 3281 1966 e
3314 1921 3455 1965 tem—

185 2042 299 2093 νοι.Ἰ
343 2042 367 2076 ε
411 2023 575 2094 Φωνὴ
609 2023 856 2094 κραυγῆς
899 2023 964 2075 ἐκ
997 2022 1224 2085 πόλεως,
1277 2021 1428 2091 φωνὴ
1475 2023 1539 2074 ἐκ
1570 2019 1720 2085 ναοῦ,
1756 2037 1776 2071 ι

183 2117 242 2169 αἱ
288 2116 399 2187 μὲν
431 2112 498 2180 ἐξ
522 2114 690 2183 αὐτῆς
718 2115 816 2183 τῆς
844 2114 1051 2177 πόλεως
1085 2113 1192 2167 τῶν
1223 2112 1520 2182 οἰκητόρων
1553 2109 1784 2164 ἐκϐοῶν-

184 2226 320 2273 των,
350 2208 516 2263 αίιδὲ
560 2207 621 2271 ἐξ
657 2205 821 2261 αὐτοῦ
848 2204 942 2259 τοῦ
974 2206 1124 2272 ναοῦ,
1166 2205 1273 2259 τῶν
1320 2205 1508 2277 ἱερέων
1538 2206 1631 2259 καὶ
1675 2204 1781 2258 τῶν

184 2301 399 2356 λοιπῶν
428 2300 760 2371 λειτουργῶν
789 2298 1255 2368 ἀποκλαιομένων.

260 2411 283 2446 ι
317 2393 473 2465 Πρὶν
503 2390 602 2463 τὴν
642 2390 937 2445 ὠδίνουσαν
961 2392 1163 2455 τεκεῖν,
1190 2388 1324 2459 πρὶν
1353 2387 1525 2441 ἐλθεῖν
1554 2386 1645 2441 τὸν
1679 2386 1781 2439 πό-

187 2502 278 2540 νον
330 2486 456 2541 τῶν
500 2485 728 2549 ὠδίνων,
780 2484 1030 2555 ἐξέφυγε,
1078 2484 1170 2537 καὶ
1216 2483 1399 2535 ἔτεκεν
1449 2481 1633 2553 ἄρσεν.
1686 2480 1783 2544 Τίς

188 2578 400 2648 ἢκουσε
454 2574 698 2641 τοιοῦτος
726 2575 833 2629 καὶ
879 2575 957 2639 τίς
995 2572 1236 2645 ἑώρακεν
1282 2572 1487 2637 οῦτως;
1529 2572 1593 2624 Εἰ
1627 2568 1782 2623 ὥδινε

190 2669 261 2737 γῆ
291 2668 358 2719 ἐν
403 2666 594 2737 ἡμέρᾳ
629 2666 746 2736 μιᾷ,
781 2666 813 2735 ἢ
866 2664 959 2717 καὶ
991 2663 1181 2735 ἐτέχθη
1216 2662 1367 2727 ἔθνος
1408 2661 1661 2727 εἰσάπαξ,
1698 2660 1781 2713 ὅτι

176 2757 353 2812 -ῶδινε
386 2758 488 2813 καὶ
519 2757 674 2810 ἔτεκε
706 2755 846 2809 Σιὼν
874 2756 941 2809 τὰ
970 2756 1158 2809 παιδία
1190 2755 1397 2825 αὐτῆς;
1443 2773 1461 2804 ι
1500 2753 1573 2805 Τὸ
1602 2752 1784 2805 θεοσε-

180 2852 288 2917 -6ὲς
329 2851 665 2921 πολίτευμα,
700 2850 791 2903 καὶ
820 2851 852 2919 ή
887 2849 1044 2920 καινὴ
1076 2848 1168 2900 καὶ
1195 2847 1289 2899 νέα
1325 2845 1481 2908 Σιὼν,
1520 2843 1719 2915 δηλαδὴ
1748 2843 1781 2913 ἡ

204 2941 516 3013 Ἐκκλησία
555 2939 650 2994 τοῦ
696 2938 853 3002 Θεοῦ,
888 2941 920 3008 ἠ
959 2938 1025 2990 δι’
1069 2935 1222 3008 ὐμῶν
1257 2933 1652 3005 συστησομένη,
1696 2947 1784 2984 το·-

199 3032 397 3086 σοῦτον
430 3030 643 3102 ἀθρόως
674 3031 924 3099 γεννήσει
957 3026 1161 3097 πλῆθος
1188 3025 1357 3080 ἐθνῶν
1396 3024 1488 3077 καὶ
1512 3022 1676 3088 λαῶν,
1708 3023 1783 3087 ὠς

198 3125 550 3195 ἐκπλαγῆναι
574 3123 664 3176 τὸν
691 3121 978 3175 ἀκούοντα.
1007 3113 1108 3172 Οἷα
1130 3118 1238 3190 γάρ
1258 3135 1341 3180 τις
1369 3116 1623 3186 ἐγκύμων
1646 3113 1783 3186 γυνὴ

199 3218 343 3277 κατὰ
394 3214 635 3287 γαστρὸς
685 3214 901 3285 ἔχουσα,
943 3211 1211 3283 μηδεμιᾶς
1253 3209 1438 3273 ὠδῖνος
1488 3224 1782 3281 προσγενο-
1809 3245 1853 3303 C

202 3311 397 3381 μένης,
446 3306 711 3376 αἰφνίδιον
751 3306 1060 3375 γεννήσειε,
1108 3303 1203 3357 καὶ
1246 3300 1404 3355 τοῦτο
1458 3302 1641 3372 ἄρσεν·
1691 3300 1780 3354 τὸν

200 3402 365 3455 αὐτὸν
395 3400 600 3472 τρόπον
634 3397 787 3468 καίή
822 3395 917 3449 νέα
955 3394 1093 3447 Σιὼν
1138 3393 1266 3449 λαὸν
1312 3392 1495 3446 καινὸν
1530 3393 1623 3445 καὶ
1665 3392 1783 3445 ὅλον

202 3494 356 3559 ἔθνος
385 3490 621 3557 εἰσάπαξ
652 3488 861 3561 ἀθρόως
889 3487 1132 3553 τέξεται·
1165 3486 1241 3548 ὡς
1269 3481 1406 3538 εἶναι
1434 3481 1498 3537 τὸ
1537 3484 1644 3537 πᾶν
1674 3501 1779 3536 πα-

207 3586 586 3656 ραδοξότατον,
618 3575 729 3635 οἷον
757 3577 1100 3632 οὐδεπώποτε
1130 3575 1396 3646 ἠκούσθη.
1438 3575 1509 3628 Τὸ
1546 3575 1643 3645 μὲν
1676 3573 1784 3645 γάρ

213 3673 489 3729 Ἰουδαίων
528 3671 700 3735 ἔθνος,
742 3670 836 3723 κα)⁸
869 3667 1029 3731 αὐτὸς
1066 3668 1095 3720 ό
1158 3666 1394 3738 Ἰσραὴλ,
1444 3666 1543 3717 οὐκ
1575 3664 1785 3736 ἀθρόως

202 3768 492 3841 παρέστη·
524 3763 659 3819 ἀλλὰ
697 3761 910 3832 πρῶτος
945 3760 1041 3829 μὲν
1076 3753 1144 3829 ἦν
1170 3757 1349 3810 αὐτῶν
1387 3759 1415 3811 ό
1463 3756 1779 3828 προπάτωρ·

202 3859 401 3913 τούτου
434 3857 495 3911 δὲ
537 3855 793 3925 γεγόνασι
828 3853 1015 3915 παῖδες
1050 3850 1134 3921 ιβ’·
1170 3847 1266 3903 εἴτ’
1298 3848 1355 3916 ἐξ
1392 3849 1511 3913 ἐνὸς
1556 3849 1785 3903 ἑκάστου

203 3952 309 4005 υἰοί
352 3968 415 4005 τι
450 3949 547 4003 καὶ
576 3946 892 4017 θυγατέρες·
939 3937 1014 3998 ὧν
1058 3942 1163 3996 υἰοί
1207 3959 1266 3994 τε
1310 3941 1404 3995 καὶ
1450 3940 1660 4008 ἔκγονοι
1692 3937 1787 3991 καὶ

203 4044 470 4113 ἀπόγονοι
499 4040 830 4109 ὑπέστησαν·
868 4036 1008 4090 οῦτω
1039 4051 1098 4087 τε
1131 4032 1271 4087 κατὰ
1300 4032 1398 4102 τὴν
1443 4030 1548 4083 τῶν
1586 4028 1786 4098 γονέων

203 4133 461 4205 διαδοχὴν
488 4132 546 4183 ἐν
578 4129 782 4183 πλείοσι
806 4126 1019 4197 χρόνοις
1048 4123 1143 4177 καὶ
1190 4124 1247 4175 ὲν
1277 4119 1549 4191 διαφόροις
1577 4122 1787 4188 γενεαῖς

207 4226 447 4294 συνέστη
468 4223 532 4276 τὸ
563 4223 671 4275 πᾶν
696 4218 873 4274 αὐτῶν
901 4217 1069 4280 ἔθνος.

206 4336 209 4339 ‘
280 4337 304 4373 ι
356 4314 503 4384 Ἐγὼ
530 4314 586 4367 δὲ
619 4312 793 4366 ἔδωκα
822 4310 921 4381 τὴν
959 4304 1282 4379 προσδοκίαν
1310 4304 1535 4375 ταύτην,
1570 4300 1663 4355 καὶ
1690 4300 1790 4353 οὐκ

210 4410 491 4483 ἐμνήσθης
524 4422 645 4477 μου,
681 4400 800 4456 εἰπε
832 4403 1053 4472 Κύριος.
1088 4398 1201 4451 Οὐκ
1234 4395 1341 4449 ίδοὺ
1375 4393 1485 4463 ἐγὼ
1516 4392 1789 4463 γεννῶσαν

207 4506 303 4557 καὶ
334 4500 563 4571 στείραν
596 4495 845 4567 ἐποίησα,
879 4489 1028 4546 εἶπεν
1053 4493 1081 4544 ό
1117 4488 1249 4553 Θεός
1282 4503 1410 4552 σου;
1450 4506 1467 4538 ι
1512 4486 1667 4539 Κατὰ
1698 4484 1786 4538 τὸν

1882 2009 2034 2077 ιι10.ι
2080 2004 2248 2060 Voces
2292 2004 2504 2073 quidem
2537 2003 2655 2056 alia:
2692 2004 2887 2058 civium
2927 2003 3342 2057 exclatnantium
3388 2016 3457 2055 ex

1882 2100 2135 2161 civitate,
2207 2096 2324 2150 alim
2396 2110 2461 2148 ex
2523 2094 2721 2162 templo
2800 2095 3044 2157 emissze,
3116 2094 3454 2147 sacerdotum

1883 2199 2316 2258 czeterorumque
2406 2186 2778 2241 ministrorum
2855 2184 3181 2255 lugentium,
3261 2182 3458 2237 futura:

1884 2293 2029 2337 SUIII.

1956 2375 2117 2428 Vens.
2145 2372 2200 2438 7,
2227 2370 2281 2427 8.
2319 2388 2338 2422 ι
2372 2370 2676 2439 Antequam
2716 2369 3027 2440 parturiens
3063 2367 3271 2439 pariat,
3307 2376 3459 2422 ante-

1883 2484 2043 2537 quam
2091 2466 2307 2522 veniant
2355 2464 2568 2519 dolores
2615 2475 2833 2534 partus,
2878 2462 3103 2531 eﬂ‘ugit,
3152 2472 3206 2516 et
3249 2460 3459 2529 peperit

1885 2558 2201 2613 masculum.
2231 2554 2365 2621 Quis
2409 2555 2614 2609 audivit
2654 2555 2796 2609 tale?
2836 2563 2890 2609 et
2920 2556 3044 2624 quis
3078 2554 3209 2607 vidit
3250 2552 3461 2607 simile?

1882 2649 2020 2704 Num
2062 2650 2351 2720 parturivi:
2398 2658 2542 2704 terra
2586 2649 2672 2702 die
2704 2662 2831 2711 una,
2875 2662 3000 2699 num
3047 2654 3170 2698 nata
3212 2656 3293 2698 est
3329 2658 3460 2713 gens

1883 2741 2071 2806 simul,
2128 2742 2253 2811 quia
2315 2740 2602 2809 parturivit
2646 2752 2701 2793 et
2757 2737 2966 2807 peperit
3018 2736 3147 2792 Sion
3204 2736 3460 2805 parvulos

1883 2834 2043 2888 suos?
2062 2853 2078 2885 ι
2116 2833 2209 2886 Pia
2246 2831 2454 2901 religio,
2481 2843 2535 2884 et
2564 2844 2703 2882 nova
2730 2840 3027 2895 recensque
3056 2824 3209 2887 Sion,
3242 2825 3457 2879 scilicet

1884 2924 2123 2979 Ecclesia
2170 2922 2292 2989 Dei,
2339 2936 2435 2993 per
2480 2935 2574 2974 vos
2622 2917 3023 2983 constituenda,
3072 2925 3276 2970 tantam
3326 2930 3459 2968 con-

1885 3019 2063 3073 lertim
2093 3019 2336 3087 gentium
2365 3025 2420 3070 et
2458 3012 2774 3084 populorum
2817 3007 3220 3063 multitudinem
3258 3006 3456 3075 pariet,

1885 3124 1945 3169 nt
1975 3113 2067 3184 qui
2099 3110 2330 3166 audierit
2358 3107 2726 3178 obstupescat.
2757 3104 2971 3159 Atenim
3001 3102 3458 3173 quemadmodum

1884 3207 1931 3261 si
1970 3205 2164 3260 mulier
2207 3202 2449 3272 quaedam
2488 3210 2704 3255 uterum
2758 3206 2978 3268 gestans
3030 3209 3092 3249 ac
3145 3208 3452 3264 praegnans,

1886 3298 2003 3353 sine
2034 3296 2142 3351 ullo
2176 3295 2361 3350 dolore
2416 3300 2639 3363 repente
2691 3287 2989 3343 masculum
3044 3287 3257 3355 pariat;
3293 3287 3370 3339 sic
3405 3293 3462 3338 et

1886 3402 2024 3443 nova
2059 3385 2187 3441 Sion
2224 3384 2479 3455 populum
2528 3395 2763 3444 novum,
2809 3388 2864 3434 et
2904 3379 3211 3433 universam
3245 3388 3462 3447 gentem

1886 3479 2048 3535 semel
2074 3487 2128 3533 et
2157 3474 2441 3532 confertim
2476 3474 2684 3544 pariet;
2725 3472 2799 3525 ita
2830 3480 2891 3524 ιιι
2921 3469 3187 3538 stupenda
3224 3484 3309 3522 res
3344 3476 3459 3521 tota

1885 3569 1975 3632 sit,
2016 3566 2191 3637 qualis
2230 3566 2410 3621 audlta
2452 3576 2725 3632 nunquam
2758 3559 2880 3615 fuit.
2924 3556 3233 3613 Iudaeorum
3263 3559 3463 3626 quippe

1888 3660 2033 3714 natio
2058 3667 2113 3713 et
2152 3658 2265 3725 ipse
2301 3653 2465 3710 Israel
2512 3668 2619 3708 non
2668 3650 2956 3706 confertim
3010 3649 3303 3718 productus
3331 3656 3459 3701 est:

1888 3766 2010 3805 nam
2059 3750 2208 3820 prior
2245 3738 2461 3817 quidem
2514 3745 2615 3800 fuit
2663 3759 2851 3800 eorum
2903 3741 3259 3811 progenitor:
3302 3739 3463 3807 hujus

1887 3856 2015 3895 vero
2047 3839 2329 3895 duodecim
2374 3836 2531 3891 fucre
2561 3835 2655 3890 lilii
2696 3853 2711 3891 :
2756 3835 2883 3888 hinc
2916 3847 2985 3887 ex
3024 3831 3251 3902 singulis
3283 3830 3375 3883 lilii
3411 3838 3466 3883 et

1888 3932 2032 3999 filiae,
2059 3931 2255 4001 quibus
2288 3930 2413 3983 item
2448 3927 2543 3982 lilii
2583 3935 2637 3981 et
2683 3933 2910 3996 nepotes
2942 3932 2995 3978 et
3027 3923 3320 3991 abnepotes
3356 3921 3464 3974 orti

1888 4034 2033 4088 surt,
2075 4034 2237 4093 atque
2273 4022 2345 4075 ita
2380 4035 2475 4090 per
2505 4029 2786 4089 parentum
2817 4014 3241 4075 successionem,
3273 4010 3461 4065 multis

1889 4129 2149 4169 annorum
2199 4111 2510 4173 curriculis,
2553 4116 2607 4163 et
2642 4106 2809 4160 variis
2856 4101 3292 4175 generationibus
3342 4101 3464 4153 uni-

1889 4218 2100 4259 versum
2130 4217 2296 4273 genus
2324 4214 2511 4256 eorum
2541 4197 2805 4252 constitit.

1961 4295 2126 4349 Vens.
2155 4295 2210 4349 9.
2255 4310 2274 4345 ι
2304 4292 2418 4361 Ego
2454 4303 2584 4344 vero
2619 4287 2740 4341 dedi
2790 4284 3250 4355 exspectationem
3297 4282 3459 4345 hanc,

1890 4400 1943 4448 et
1981 4405 2087 4444 non
2125 4384 2441 4442 recordatus
2481 4395 2539 4436 es
2580 4379 2719 4445 mei,
2763 4378 2904 4433 dixit
2947 4377 3226 4431 Dominus.
3278 4372 3466 4428 Nonne

1890 4498 1989 4555 ego
2018 4482 2325 4552 gignentem
2366 4484 2421 4529 et
2453 4472 2691 4528 sterilem
2724 4472 2859 4535 feci,
2890 4470 3023 4524 dixit
3067 4470 3207 4523 Deus
3255 4466 3416 4521 tuus?
3440 4485 3460 4519 ι

210 4594 372 4649 αὐτὸν
394 4564 684 4662 δὲ’·ιρόπον
715 4564 862 4658 εῦροι
898 4585 961 4639 ἄν
989 4602 1072 4647 τις
1104 4583 1196 4636 καὶ⁹
1222 4580 1289 4634 τὰ
1312 4579 1473 4633 λοιπὰ
1506 4578 1630 4649 ἔθνη
1666 4576 1785 4647 χρό-

1893 4576 2091 4631 Eodem
2128 4583 2350 4644 prorsus
2391 4566 2548 4621 modo
2578 4564 2712 4618 alias
2744 4578 2960 4634 quoque
3003 4571 3193 4630 gentes
3240 4573 3466 4613 numero

210 4703 323 4749 νοις
355 4685 440 4747 εἰς
488 4681 688 4751 πλῆθος
724 4677 1110 4732 ἐπιδεδωκότα·
1160 4676 1189 4727 ό
1233 4674 1290 4727 δὲ
1327 4673 1425 4743 τῆς
1466 4671 1790 4741 Ἐκκλησίας

210 4777 307 4830 τοῦ
334 4774 473 4830 Θεοῦ
506 4774 632 4836 λαὸς
665 4770 729 4825 ae
740 4772 875 4841 ρόως
898 4770 986 4837 ὑφ’
1016 4768 1111 4821 ἕνα
1138 4767 1328 4839 καιρὸν
1357 4766 1450 4819 καὶ
1478 4764 1664 4837 ῶσπερ
1688 4762 1793 4816 ὐπὸ

219 4869 344 4939 μίαν
387 4865 603 4937 ἡμέραν
639 4863 876 4932 ἐπλήρου
919 4860 988 4913 τὰ
1034 4860 1259 4913 πλεῖστα
1305 4858 1446 4929 μέρη
1474 4857 1575 4927 τῆς
1610 4858 1791 4908 οἰκου-

218 4962 418 5031 μένης·
455 4956 485 5010 ὂ
527 4956 591 5027 δὴ
624 4952 830 5021 ξενίζον
874 4954 1101 5024 πρᾶγμα
1134 4953 1229 5004 καὶ
1268 4950 1544 5021 θαύματος
1590 4946 1791 5010 παντὸς

216 5051 478 5104 ἐπέκεινα
526 5048 770 5117 ὑπάρχον
808 5043 931 5098 οὐτε
978 5043 1251 5114 ὀφθαλμὸς
1294 5041 1505 5114 ἑώρακε
1550 5038 1791 5104 πώποτε,

216 5142 340 5196 οὐτε
372 5137 466 5203 οὖς
495 5140 628 5209 ἡκου
636 5154 714 5190 σε.

290 5254 313 5287 ι
346 5230 718 5303 Εὐφράνθητι,
766 5228 1137 5300 Ἰερουσαλὴμ,
1172 5226 1266 5281 καί
1296 5224 1705 5296 πανηγυρίσατε
1737 5222 1794 5275 ἐν

214 5327 381 5396 αὐτῇ,
413 5323 616 5385 πάντες
636 5322 683 5373 οἱ
705 5319 1022 5387 ἀγαπῶντες
1054 5319 1239 5387 αὐτὴν.
1272 5316 1489 5387 Χάρητε
1511 5314 1628 5384 ἅμα
1657 5313 1793 5383 αὐτῇ

218 5418 367 5491 χαρᾷ
394 5414 596 5476 πάντες
637 5413 752 5465 ὅσοι
780 5411 1023 5463 πενθεῖτε
1060 5410 1144 5462 ἐπ’
1172 5409 1330 5478 αὐτῇ,
1367 5408 1453 5459 ἵνα
1498 5406 1793 5475 θηλάσητε,

219 5510 316 5563 καὶ
361 5504 713 5576 ὲμπλησθῆτε
756 5503 863 5557 ἀπὸ
906 5500 1108 5572 μαστοῦ
1158 5499 1554 5572 παρακλήσεως
1602 5496 1790 5565 αὐτῆς,

223 5602 311 5655 ἵνα
343 5596 743 5667 ἐκθηλάσαντες
786 5596 1101 5665 τρυφήσητε
1135 5592 1243 5646 ἀπὸ
1281 5591 1485 5644 εἰσόδου
1510 5589 1667 5659 δόξης
1692 5589 1790 5641 αὐ-

220 5692 355 5762 τῆς,
383 5709 403 5743 ι
437 5686 671 5757 Χαίρετε
702 5689 797 5741 καὶ
828 5684 1176 5755 ἀγαλλιᾶσθε,
1208 5684 1283 5747 ὼς
1320 5682 1599 5754 μέλλοντες
1632 5678 1795 5750 ἐμπί-
1858 5762 1859 5765 η

297 5876 342 5910 ³¹
381 5873 571 5930 Matth.
602 5888 656 5937 v,
679 5868 768 5925 44.

1897 4683 1959 4722 ac
1999 4662 2343 4721 multitudine
2372 4673 2495 4714 cum
2540 4666 2779 4724 tempore
2824 4663 3013 4707 auctas
3054 4651 3326 4721 reperias;
3368 4648 3463 4703 Dei

1897 4768 2077 4813 autem
2128 4752 2384 4809 Ecclesia:
2431 4748 2688 4821 populus,
2736 4745 3019 4801 confertim
3064 4756 3280 4811 unoque
3324 4750 3464 4794 tem-

1896 4867 2055 4924 pore,
2101 4860 2153 4904 et
2209 4846 2361 4917 quasi
2410 4860 2513 4897 una
2567 4843 2690 4907 die,
2727 4840 3016 4894 maximam
3061 4835 3210 4891 orbis
3256 4844 3465 4904 partem

1897 4920 2157 5015 implevit.
2194 4940 2368 5007 Quam
2410 4950 2524 4992 rem
2569 4948 2701 4989 sane
2742 4920 3058 5003 stupendatn
3119 4927 3467 4994 omniumque

1897 5031 2389 5094 mirabilissimam,
2444 5041 2542 5081 nec
2572 5023 2760 5080 oculus
2802 5034 3039 5092 unquam
3079 5018 3321 5080 viderat,
3366 5027 3467 5068 nec

1895 5127 2039 5182 auris
2067 5124 2331 5179 audierat.

1966 5216 2131 5272 Vens.
2157 5214 2246 5279 10,
2283 5213 2368 5270 ll.
2409 5230 2427 5263 ι
2457 5210 2682 5275 Laetare,
2709 5203 3027 5271 Jerusalem,
3059 5208 3113 5255 et
3141 5204 3465 5253 conventum

1894 5307 2055 5363 facile
2095 5306 2148 5359 in
2177 5318 2266 5369 ea,
2310 5315 2500 5357 omnes
2525 5299 2615 5368 qui
2647 5294 2867 5364 diligitis
2894 5305 3037 5347 eam.
3075 5286 3316 5342 Gaudete
3343 5298 3464 5338 cum

1896 5415 1957 5455 ea
1988 5398 2182 5468 gaudio
2211 5409 2399 5449 omnes
2428 5398 2692 5462 quotquot
2723 5384 2921 5455 lugetis
2963 5394 3125 5447 super
3160 5392 3249 5443 ea,
3280 5386 3337 5430 ut
3375 5390 3467 5429 su-

1899 5467 2060 5562 galis,
2091 5498 2144 5543 et
2182 5483 2513 5557 impleamini
2561 5482 2629 5535 ab
2681 5478 2846 5531 ubere
2892 5469 3275 5528 consolationis
3314 5467 3464 5536 ejus;

1899 5558 1959 5637 ut
1997 5591 2279 5650 postquam
2318 5574 2597 5637 snxeritis,
2628 5566 2967 5625 delectemini
3000 5564 3068 5619 ab
3102 5562 3321 5618 introitu
3355 5558 3468 5628 glo-

1902 5648 2155 5747 ria—ejus.
2184 5692 2202 5727 ι
2242 5669 2485 5727 Gaudete
2521 5675 2576 5721 et
2611 5660 2896 5727 exsultate,
2925 5668 3107 5728 utpote
3134 5670 3200 5712 eo
3226 5648 3467 5717 fruituri,
