3968 6508
511 453 614 508 519

1181 448 1447 504 EUSEBII
1485 446 1955 505 CESARIENSIS
1993 446 2142 502 OPP.
2182 444 2361 499 PARS
2402 443 2491 497 III.
2532 472 2603 483 ——
2636 438 3055 495 ‘EXEGETICA.
3670 437 3811 491 520

509 568 599 635 qui
639 566 819 621 statim
850 580 1062 636 unoque
1104 574 1349 635 tempore
1378 565 1675 620 masculum
1720 565 1975 635 p0pulum
2015 564 2068 618 ib

2193 562 2427 615 πλασθαι
2457 558 2552 613 τοῦ
2593 562 2650 612 ὲν
2684 559 2818 628 αὐτῇ
2858 557 3070 629 ἀθρόως
3116 557 3477 627 γεννήσαντος
3520 555 3648 609 λαὸν
3708 555 3806 625 τῷ

511 660 619 712 Deo
644 660 857 728 genuit,
897 674 959 713 ac
1001 668 1187 727 utpote
1222 658 1460 727 replendi
1505 657 1665 719 lacte,
1694 657 1759 711 ad
1794 656 2076 711 infantium

508 750 676 819 ipsius
704 749 1017 803 alimentum
1047 758 1253 819 parato,
1283 748 1425 818 quod
1469 763 1601 803 sane
1625 748 1711 803 lac
1739 750 2075 817 rationabile,

507 850 739 910 tterqtte
780 856 847 894 ex
899 842 1062 895 ubere
1102 840 1430 907 eﬂ'undetur,
1460 858 1526 896 ex
1570 842 1750 897 Veteri
1792 857 1985 911 nempe
2025 852 2078 895 et

508 932 657 985 Novo
711 932 1078 987 Testamento.
1132 932 1209 985 Ex
1260 935 1523 989 ambobus
1567 936 1714 991 enim
1770 934 2079 1004 hujusmodi

507 1021 779 1083 uberibus,
808 1022 872 1074 de
898 1022 1095 1090 quibus
1123 1023 1323 1076 dicitur
1349 1026 1403 1077 in
1448 1024 1672 1079 Cautico
1703 1025 1769 1088 ³¹,
1811 1044 1829 1075 ι
1860 1023 2079 1079 Meliora

503 1121 625 1165 sunt
656 1114 819 1164 ubera
849 1119 936 1163 tua
977 1111 1119 1175 vino,
1172 1128 1191 1161 ι
1226 1113 1537 1169 rationabili
1561 1121 1616 1169 et
1640 1114 1758 1169 sine
1784 1113 1911 1168 dolo
1939 1114 2079 1170 lacte

504 1202 755 1271 puerulos
808 1202 1089 1271 irrigabit,
1137 1204 1322 1275 sicque
1374 1205 1648 1275 perfectos
1697 1206 1963 1275 producet
1993 1208 2079 1262 vi-

506 1308 619 1347 ['08.

575 1385 851 1441 Vens.12.
898 1386 1074 1452 «Quia
1117 1386 1234 1441 haec
1278 1386 1412 1440 dicit
1458 1388 1752 1455 Dominus,
1798 1390 1935 1445 Ecce
1980 1407 2081 1462 ego

496 1477 716 1532 declino
748 1478 815 1530 ad
845 1491 937 1531 eos
966 1480 1117 1545 quasi
1158 1479 1346 1533 ﬂuvios
1396 1480 1566 1549 pacis,
1598 1491 1651 1535 et
1684 1484 1835 1551 quasi
1873 1494 2083 1537 torren-

503 1579 604 1635 tes,
638 1569 904 1623 inundans
936 1570 1158 1637 gloriam
1203 1574 1462 1639 gentium.
1494 1572 1710 1627 Parvuli
1740 1589 1945 1629 'eorum
1988 1577 2081 1630 hu-

502 1663 664 1718 meris
703 1666 1087 1732 portabuutur,
1115 1672 1169 1717 et
1198 1680 1360 1732 super
1394 1681 1564 1733 genua
1600 1666 2072 1725 consolabuntur»

501 1754 859 1811 Consolatorii
919 1757 1103 1824 itaque
1153 1765 1208 1809 et
1262 1756 1327 1809 ad
1382 1756 1662 1812 leniendos
1721 1759 2079 1827 simpliciores

498 1849 706 1901 animos
753 1849 1062 1903 concinnati
1099 1865 1396 1912 sermones,
1426 1850 1506 1904 lac
1536 1861 1837 1920 opportune
1881 1867 2080 1906 vocan-

2185 652 2306 723 θεῷ
2320 653 2545 724 ἄρρενα,
2569 650 2662 703 καὶ
2684 649 2951 717 γάλακτος
2979 646 3376 719 ἐκπληροῦσθαι
3403 647 3480 710 είς
3498 647 3806 717 ἐκτροφὴν

2185 746 2292 799 τῶν
2319 745 2487 815 αὐτῆς
2514 744 2741 814 νηπίων.
2792 744 2857 795 Ὃ
2888 741 2951 812 δὴ
2986 739 3199 809 λογικὸν
3230 739 3369 808 γάλα
3402 740 3510 792 ἀπὸ
3540 739 3648 791 τῶν
3682 739 3801 792 δύο

2186 838 2364 910 θηλῶν
2406 836 2573 907 αὐτῆς
2602 835 2807 906 ῥεύσει,
2855 834 3094 897 Παλαιᾶς
3123 831 3320 902 δηλαδὴ
3360 833 3454 886 καὶ
3476 832 3621 895 Νέας
3645 834 3804 885 Δια-

2188 930 2379 1003 θήκης.
2420 929 2511 994 Ἐξ
2548 928 2874 1000 ἀμφοτέρων
2907 927 3017 998 γάρ
3048 926 3252 980 τούτων
3296 926 3404 979 τῶν
3436 926 3636 995 ἑαυτῆς
3674 942 3801 994 μα-

2188 1025 2317 1088 ζῶν,
2348 1024 2475 1094 περὶ
2504 1017 2577 1077 ὧν
2610 1024 2822 1094 εἴρηται
2848 1022 2942 1075 καὶ
2981 1023 3038 1073 ἐν
3065 1020 3143 1090 τῷ
3174 1020 3432 1091 Ι’ᾼσματι,
3454 1020 3534 1073 ὅτι
3562 1038 3585 1070 ι
3611 1021 3803 1086 ’Λγα-

2190 1114 2272 1168 θο“ι
2300 1116 2347 1168 oi
2383 1115 2577 1185 μαστοί
2606 1131 2697 1167 σου
2733 1113 2872 1183 ὑπὲρ
2908 1112 3071 1175 οἶνον,
3109 1130 3127 1163 ι
3164 1114 3277 1174 τοῖς
3312 1109 3515 1179 ἐαυτῆς
3556 1107 3802 1179 νηπίοις

2187 1207 2497 1278 ἐπάρδουσα
2537 1226 2555 1257 ι
2591 1206 2652 1259 τὸ
2691 1205 2906 1275 λογικὸν
2944 1205 3041 1258 καὶ⁵
3085 1203 3269 1258 ἄδολον
3315 1202 3477 1272 γάλα,
3512 1220 3531 1254 ι
3571 1201 3801 1273 ἄνδρας

2186 1300 2448 1371 προσάξει
2482 1299 2740 1362 τελείους.

2263 1409 2281 1441 ι
2314 1391 2434 1443 Ὅτι
2465 1390 2589 1444 τάδε
2634 1390 2781 1459 λέγει
2822 1389 3058 1460 Κύριος·
3114 1388 3246 1441 Ἰδοὺ
3286 1386 3395 1456 ἐγὼ
3422 1388 3658 1441 ἐκκλίνω
3691 1388 3789 1452 εἰς

2185 1482 2383 1545 αὐτοὺς
2423 1483 2497 1546 ὡς
2538 1484 2816 1553 ποταμοὺς
2856 1483 3102 1554 είρήνης,
3152 1482 3245 1534 καὶ
3295 1480 3370 1543 ὡς
3408 1480 3793 1553 χειμάρρους,

2186 1572 2494 1637 ἐπικλύζων
2523 1573 2681 1639 δόξαν
2718 1574 2910 1628 ἐθνῶν.
2948 1574 3029 1626 Τὰ
3056 1573 3243 1626 παιδία
3280 1572 3460 1626 αὐτῶν
3486 1572 3573 1626 ἐπ’
3598 1572 3793 1643 ὤμων

2186 1667 2531 1739 ἀρθήσονται,
2566 1668 2660 1721 καὶ
2688 1666 2780 1719 ἐπὶ
2805 1666 3045 1735 γονάτων
3072 1664 3605 1736 παρακληθήσονται.
3650 1684 3675 1718 ι
3714 1668 3792 1719 υἱ

2182 1758 2314 1827 γοῦν
2342 1759 2489 1827 λόγοι
2519 1760 2567 1811 οἱ
2612 1758 3011 1829 παρακλητικοὶ
3053 1760 3146 1812 καὶ
3181 1756 3629 1828 παραμυθητικοὶ
3661 1756 3799 1844 τῷν

2185 1850 2546 1922 ἀτελεστέρων
2570 1849 2756 1920 ψυχῶν
2783 1850 2923 1917 γάλα
2967 1850 3171 1920 κυρίως
3198 1848 3615 1918 ὠνομάσθησαν,
3649 1835 3769 1900 σιῖεν

502 1952 631 1994 tur:
660 1956 784 1994 nam
817 1942 1021 1996 snlidus
1057 1941 1210 1995 cibus
1252 1940 1304 1992 in
1343 1918 1973 2010 mysticis'dogmatibus
2002 1943 2074 1996 in-

2186 1918 2311 2014 ρεες
2340 1918 2546 2014 τροιρῆς
2572 1918 2630 1996 ἐν
2649 1918 2892 2012 δόγμασι
2925 1918 3207 2012 μυστικοῖς
3230 1940 3549 2010 νοουμένης,
3580 1940 3681 1992 καὶ
3714 1940 3782 1992 ὲν

500 2029 780 2101 telligitur,
824 2041 880 2084 et
930 2033 983 2084 in
1036 2027 1537 2099 speculationibus,
1589 2046 1709 2099 qua:
1775 2031 1827 2085 in
1884 2032 2080 2087 divinis

500 2123 797 2191 Scripturis
831 2122 1084 2191 repositae
1115 2129 1260 2175 sunt.

574 2212 733 2269 Vens.
762 2212 848 2267 15.
888 2232 906 2263 ι
936 2212 1212 2278 Quomodo
1241 2212 1287 2267 si
1325 2229 1486 2283 quem
1518 2222 1694 2267 mater
1737 2212 2072 2279 consoletur,

495 2306 573 2359 ita
600 2315 654 2360 et
685 2322 784 2375 ego
813 2305 1134 2360 consolabor
1162 2322 1282 2371 vos,
1313 2317 1366 2360 et
1389 2308 1439 2360 in
1466 2306 1800 2361 Hierusalem
1830 2307 2079 2362 consula-

496 2398 711 2453 bimini.
740 2417 760 2451 ι
804 2397 900 2451 Hic
954 2414 1166 2452 rursum
1213 2400 1438 2469 gloriam
1492 2399 1757 2469 gentium,
1809 2399 2080 2468 prtedictaa

500 2502 652 2541 nova:
693 2486 842 2540 Sioni
879 2488 1370 2559 llierosolymmque
1409 2490 1707 2551 ascribens,
1740 2503 1925 2557 pacem
1956 2504 2081 2557 gen-

499 2580 643 2634 tibus
678 2580 1019 2636 tribuendam
1067 2582 1349 2636 inundauti
1390 2568 1595 2636 ﬂmnini
1641 2592 1947 2651 comparat.
1983 2579 2078 2636 His

498 2681 678 2725 autent
710 2672 1194 2741 pollicitationibus
1226 2673 1483 2742 superius
1528 2687 1744 2741 quoque
1792 2683 1876 2727 est
1926 2686 2075 2737 usus,

496 2765 810 2834 signiﬁcans
836 2779 950 2829 eos,
980 2767 1069 2834 qui
1099 2766 1277 2820 adhuc
1305 2767 1356 2819 in
1388 2764 1628 2819 Ecclesia
1661 2765 1899 2820 infantes
1927 2775 2072 2831 sunt,

496 2864 681 2924 utpote
713 2858 803 2924 qui
842 2856 981 2908 lacte
1030 2856 1358 2917 nutriantur,
1401 2854 1706 2909 nutricibus
1753 2855 2075 2925 quibusdam

494 2948 786 3017 gestandos
834 2961 984 3011 esse;
1043 2948 1158 2999 sive
1206 2961 1237 2999 a
1286 2945 1518 2999 sinceris
1571 2945 1832 3000 Ecclesiae
1887 2946 2077 3000 docto-

496 3039 645 3091 ribus
674 3048 729 3091 et
763 3038 1049 3105 praefectis,
1098 3038 1337 3105 itemque
1378 3052 1407 3088 a
1445 3037 1642 3089 divinis
1672 3047 1725 3089 et
1760 3036 2075 3091 caelestibus

495 3130 722 3198 angelis.
748 3129 847 3194 Qui
882 3131 1044 3200 igitur
1077 3129 1408 3182 valentiores
1435 3138 1581 3191 sunt,
1614 3128 1946 3182 inﬁrmiores
1980 3129 2075 3181 liu-

495 3218 664 3273 meris
703 3219 1012 3287 gestabuut,
1045 3227 1099 3271 et
1129 3217 1195 3270 ad
1225 3232 1403 3286 genua
1435 3216 1899 3270 consolabuntur:
1933 3231 1997 3270 ac
2029 3215 2071 3269 si

488 3320 676 3365 mater
704 3309 827 3363 liliis
856 3308 1187 3374 blandiatur,
1215 3317 1269 3361 et
1300 3322 1401 3377 ego
1437 3308 1549 3376 ipse
1578 3306 1856 3372 Dominus,
1893 3316 2076 3376 utpote

496 3418 685 3458 eorum
728 3401 970 3456 omnium
1018 3399 1203 3466 Pater,
1254 3399 1669 3455 imbecilliorum
1705 3400 2077 3455 consolatores

498 3493 841 3550 consolabor.

592 3673 759 3729 Vsus.
800 3673 885 3728 M.
941 3689 962 3724 ι
1000 3672 1068 3726 Ει
1115 3670 1390 3737 videbitis,
1443 3681 1498 3727 et
1546 3672 1800 3744 gaudebit
1854 3687 1948 3729 cor
1980 3690 2077 3730 ve-

484 3778 693 3833 strum,
726 3775 780 3821 et
819 3779 945 3822 ossa
991 3775 1173 3819 vestra
1221 3764 1378 3835 quasi
1410 3763 1575 3819 herba
1610 3765 2012 3834 germinabunt.
2049 3784 2068 3818 ι

496 3863 599 3918 llic
624 3862 1041 3933 promissionum
1068 3860 1191 3914 ﬁnis
1214 3861 1336 3924 erit,
1364 3875 1574 3930 nempe,
1597 3859 1862 3915 Videbitis
1885 3862 2071 3916 Deum.

486 3955 860 4022 Quamobrem
902 3952 1152 4007 Salvator
1218 3953 1317 4007 hos
1366 3952 1556 4008 beatos
1604 3954 1933 4022 praedicabat
1992 3954 2075 4011 bis

494 4047 696 4112 verbis,
738 4064 757 4098 ‹
790 4045 948 4101 Beati
990 4046 1191 4099 mundo
1224 4046 1406 4111 corde,
1443 4047 1703 4116 quoniam
1757 4046 1857 4116 ipsi
1906 4047 2071 4101 Deum

496 4139 753 4194 videbunt
785 4139 853 4193 ⁸⁸.
892 4157 911 4191 ο
948 4169 1019 4179 -
1054 4156 1073 4189 ι
1108 4138 1177 4193 Et
1230 4150 1590 4209 cognoscetnr
1628 4152 1821 4193 manus
1862 4138 2073 4193 Domini

497 4232 816 4287 timentibus
858 4246 1004 4297 eum,
1032 4240 1088 4285 et
1125 4231 1420 4285 minabitur
1450 4230 1765 4285 incredulis.
1800 4248 1821 4283 ι

569 4324 733 4379 Vatis.
781 4324 869 4379 15.
907 4341 925 4375 ι
956 4324 1094 4379 Ecce
1135 4324 1279 4379 enim
1308 4322 1571 4377 Dominus
1604 4324 1753 4391 quasi
1796 4322 1935 4391 ignis
1982 4337 2075 4377 ve-

494 4417 632 4480 niet,
664 4424 719 4470 et
750 4415 905 4485 quasi
943 4424 1237 4484 tempestas
1272 4430 1469 4469 currus
1510 4414 1649 4482 ejus,
1685 4423 1744 4468 ut
1779 4416 1971 4468 reddat
2018 4415 2071 4468 in

494 4510 685 4563 furore
716 4507 995 4572 ultionem,
1025 4516 1082 4560 et
1107 4507 1535 4575 increpationem
1566 4520 1719 4558 suam
1766 4505 1820 4559 in
1854 4505 2071 4559 ﬂamma

2184 2034 2498 2105 θεωρήμασι
2542 2035 2657 2097 τοῖς
2693 2034 2752 2087 ἐν
2796 2035 2915 2096 ταῖς
2962 2032 3133 2097 θείαις
3172 2033 3418 2102 Γραφαίς
3460 2032 3783 2102 ἀποκειμέη

2180 2141 2312 2187 νοις.

2258 2234 2276 2266 ι
2331 2216 2415 2280 Ὠς
2460 2218 2513 2269 εἴ
2556 2233 2679 2269 τινα
2735 2216 2916 2287 μήτηρ
2961 2214 3357 2287 παρακαλέσει,
3407 2213 3550 2267 οῦτω
3602 2214 3782 2283 κάγὼ

2180 2308 2549 2379 παρακαλέσω
2597 2308 2761 2378 ὑμᾶς,
2798 2308 2890 2360 καὶ
2920 2309 2977 2361 ἐν
3022 2306 3378 2379 Ἰερουσαλὴμ
3407 2306 3783 2377 παρακληθή-

2183 2397 2361 2449 σεσθε.
2403 2416 2421 2448 ι
2459 2398 2625 2451 Πάλιν
2662 2396 2943 2451 κάνταῦθα
2972 2398 3077 2450 τῶν
3100 2398 3269 2451 ἐθνῶν
3292 2398 3451 2461 δόξαν
3483 2398 3781 2452 συνάπτων

2177 2492 2244 2559 τῇ
2285 2488 2645 2561 προλεχθείσῃ
2688 2490 2784 2559 νέᾳ
2813 2489 2951 2541 Σιὼν
2995 2490 3088 2543 καὶ
3133 2492 3198 2561 τῇ
3260 2489 3635 2560 Ἰερουσαλὴμ,
3666 2490 3776 2559 τὴν

2178 2581 2545 2652 δοθησομένην
2582 2586 2693 2645 τοῖς
2736 2582 2946 2635 ἔθνεσιν
2986 2584 3208 2654 εἰρήνην
3241 2581 3471 2652 ποταμῷ
3496 2580 3780 2634 κατακλύ-

2180 2674 2324 2738 ζοντι
2368 2675 2722 2747 παραϐάλλει.
2756 2676 2867 2728 Καὶ
2897 2674 3154 2744 ἀνωτέρω
3182 2674 3237 2727 δὲ
3281 2676 3402 2736 ταῖς
3424 2674 3615 2742 αὐταῖς
3646 2673 3775 2726 ἐκέ-

2178 2784 2348 2837 χρητο
2378 2766 2752 2835 ἐπαγγελίαις,
2800 2766 3079 2838 σημαίνων
3118 2766 3193 2829 ὡς
3241 2766 3367 2827 τοὺς
3404 2764 3484 2817 ἐτι
3530 2765 3769 2835 νηπίους

2175 2859 2274 2930 τῆς
2307 2858 2651 2929 Ἐκκλησίας,
2683 2859 2777 2913 ἄτε
2810 2858 2875 2930 δὴ
2899 2857 3131 2927 γάλακτι
3169 2856 3557 2927 τρεφομένους,
3608 2855 3767 2924 τιθηο

2178 2950 2258 3003 νοί
2287 2968 2433 3014 τινες
2473 2950 2966 3016 ύποῦαστάξουσιν.
2990 2950 3116 3020 ’ἦτοι
3159 2948 3466 3003 διδάσκαλοι
3494 2947 3589 2999 καὶ
3631 2964 3773 3017 προ-

2177 3045 2409 3108 εστῶτες
2434 3046 2644 3117 γνήσιοι
2666 3046 2763 3115 τῆς
2797 3044 3121 3115 Ἐκκλησίας
3141 3041 3235 3095 τοῦ
3258 3040 3516 3113 Χριστοῦ,
3551 3041 3602 3091 οί
3630 3038 3770 3093 θεῖοί

2174 3153 2233 3189 τε
2281 3137 2375 3190 καὶ
2424 3136 2665 3207 οὐράνιοι
2714 3137 2957 3205 ἄγγελοι.
3009 3137 3071 3187 Οἱ
3124 3135 3222 3204 μὲν
3273 3129 3365 3186 οὖν
3397 3131 3767 3203 δυνατώτεροι

2178 3229 2304 3292 τοὺς
2350 3228 2771 3300 ἀσθενεστέρους
2811 3229 2896 3281 ἐπ’
2940 3226 3107 3297 ὤμων
3138 3224 3487 3296 βαστάξουσυ,
3526 3222 3623 3280 2-⁸..ιί
3669 3224 3768 3277 ἐπὶ

2180 3321 2420 3389 γονάτων
2466 3320 2961 3391 παρακαλέσουσιν,
3011 3318 3199 3388 ὥσπερ
3246 3317 3299 3369 εί
3338 3334 3421 3380 τις
3464 3315 3657 3387 μήτηρ
3696 3316 3766 3370 τὰ

2178 3412 2379 3481 ἑαυτῆς
2422 3410 2778 3483 παρακαλέσῃ
2828 3410 3015 3472 τέκνα,
3068 3408 3224 3476 κάγὼ
3257 3406 3419 3470 αὐτὸς
3453 3408 3483 3459 ὁ
3532 3405 3764 3475 Κύριος,

2176 3503 2271 3557 ἅτε
2298 3504 2361 3575 δὴ
2391 3504 2607 3557 πάντων
2636 3502 2814 3555 αὐτῶν
2843 3501 3102 3572 ὑπάρχων
3132 3499 3344 3570 Πατὴρ,
3393 3496 3767 3567 παρακαλέσει)

2174 3597 2300 3659 τοὺς
2324 3596 2431 3648 τῶν
2460 3596 2859 3667 ὑποδεεστέρων
2888 3594 3330 3667 παρακλήτορας.

2252 3706 2271 3741 ι
2305 3690 2413 3742 Καὶ
2438 3689 2655 3759 ὄψεσθε,
2695 3688 2795 3742 καὶ
2825 3689 3127 3759 χαρήσεται
3163 3690 3194 3757 ή
3226 3688 3421 3760 καρδία
3451 3688 3627 3760 ὑμῶν,
3666 3685 3761 3739 καὶ

2174 3782 2308 3834 ὀστᾶ
2354 3780 2506 3851 ὑμῶν
2534 3779 2609 3842 ὡς
2643 3779 2838 3851 βοτάνη
2879 3779 3147 3833 ἀνατελεῖ.
3198 3797 3217 3829 ι
3268 3780 3376 3831 Καὶ
3419 3778 3582 3832 ⁴τοῦτο
3609 3778 3763 3840 τέλος

2174 3872 2327 3925 ἔσται
2351 3872 2462 3925 τῶν
2489 3870 2852 3939 ἐπαγγελιῶν,
2882 3870 2967 3933 τὸ,
3003 3869 3234 3939 Ὄψεσθε
3258 3869 3347 3922 τὸν
3376 3868 3529 3923 Θεὸν.
3563 3868 3656 3921 Διὸ
3670 3867 3762 3920 καὶ

2172 3967 2201 4018 ὁ
2226 3964 2415 4035 Σωτὴρ
2430 3964 2652 4027 τούτους
2668 3962 2969 4034 ἐμακάριζε
2987 3963 3162 4029 λέγων
3179 3980 3192 3992 ·
3214 3980 3231 4013 ι
3258 3962 3535 4032 Μακάριοι
3552 3963 3601 4013 οί
3626 3960 3758 4013 καθα

2172 4057 2297 4127 αροὶ
2328 4058 2393 4126 τῇ
2422 4055 2638 4127 καρδίᾳ,
2674 4057 2749 4108 ὅτι
2783 4054 2933 4107 αὐτοὶ
2960 4054 3050 4107 τὸν
3079 4053 3213 4107 Θεὸν
3242 4053 3622 4122 ὄψονταιη-ι
3646 4053 3757 4105 Καὶ

2173 4146 2546 4217 γνωσθήσεται
2574 4148 2607 4215 ἡ
2638 4145 2757 4218 χεὶρ
2786 4145 2988 4216 Κυρίου
3019 4146 3133 4207 τοῖς
3167 4143 3520 4215 φοϐουμένοις
3562 4142 3749 4207 αὑτὸν,

2170 4240 2269 4292 καὶ
2295 4238 2580 4309 ἀπειλήσει
2620 4242 2732 4302 τοῖς
2764 4235 3102 4292 ἀπειθοῦσιν.
3140 4255 3160 4289 ι
3182 4252 3195 4263 '

2249 4348 2270 4383 ι
2308 4330 2436 4384 Ἰδοὺ
2473 4330 2580 4403 γὰρ
2606 4330 2811 4403 Κύριος
2839 4329 2915 4393 ὡς
2943 4329 3054 4399 πῦρ
3091 4327 3234 4400 ἥξει,
3272 4328 3367 4382 καὶ
3394 4327 3472 4391 ὡς
3499 4326 3755 4395 καταιγὶς

2170 4422 2241 4477 τὰ
2304 4423 2525 4495 ἅρματα
2574 4421 2777 4485 αὐτοῦ,
2826 4420 3114 4475 ἀποδοῦναι
3161 4421 3220 4472 ἐν
3273 4418 3428 4489 θυμῷ
3473 4418 3755 4488 ἐκδίκησιν

2173 4513 2361 4579 αὑτοῦ,
2398 4513 2492 4567 καὶ
2523 4511 3003 4582 ἀποσκορακισμδν
3031 4510 3196 4563 αὑτοῦ
3227 4512 3284 4562 ἐν
3318 4509 3477 4578 φλογὶ
3510 4510 3707 4579 πυρός.
3729 4528 3749 4561 ι

498 4601 661 4669 ignis.
704 4619 723 4652 ι
760 4598 877 4654 Jam
920 4600 1233 4655 memoratis
1286 4598 1597 4654 hominibus
1641 4614 1761 4668 quae
1816 4603 2065 4670 superius

2186 4608 2295 4670 Γοῖς
2329 4606 2427 4675 μὲν
2463 4604 2777 4674 δηλωθεῖσιν
2810 4603 3203 4671 ἐπαγγέλλεται
3231 4601 3298 4654 τὰ
3317 4600 3744 4673 προλελεγμένα·

498 4694 640 4747 dicta
672 4702 800 4747 sunt
826 4691 1152 4762 pollicetur;
1189 4692 1256 4746 iis
1284 4706 1434 4757 vero,
1469 4691 1561 4761 qui
1603 4693 1935 4746 contrariam
1986 4695 2068 4749 in-

498 4788 611 4842 iere
643 4787 817 4848 viam,
854 4785 1250 4840 comminatur:
1296 4800 1361 4839 ac
1411 4794 1806 4854 consequenter
1841 4787 2071 4840 commi-

492 4877 738 4932 natiouis
763 4877 1029 4931 rationem
1059 4877 1279 4942 edocet,
1330 4880 1631 4933 secundum
1667 4885 1723 4931 et
1772 4876 2067 4948 gloriosum

490 4968 806 5026 Servatoris
829 4968 1118 5022 adventum
1150 4968 1460 5033 declarans,
1493 4968 1710 5038 quando
1741 4970 1920 5025 veniet
1945 4985 2067 5024 cum

497 5064 669 5131 gloria
700 5061 899 5127 Patris,
928 5070 982 5115 et
1030 5076 1153 5115 cum
1199 5062 1405 5131 angelis
1438 5062 1572 5129 suis,
1616 5060 1874 5130 judicare
1918 5063 2068 5117 vivos

494 5165 552 5208 et
584 5163 848 5207 anI‘lUOS.

570 5244 738 5299 Vsus.
783 5244 869 5298 16.
922 5261 941 5295 ι
988 5240 1045 5297 In
1088 5243 1211 5314 igne
1248 5244 1393 5299 enim
1462 5244 1677 5300 Domini
1737 5244 2075 5317 iudicabitur

489 5336 678 5390 omnis
710 5346 885 5401 terra,
918 5345 974 5390 et
1014 5337 1066 5389 in
1103 5336 1281 5405 gladio
1326 5335 1443 5404 ejus
1484 5318 1662 5392 omnis
1701 5351 1878 5391 caro:
1919 5337 2071 5391 multi

496 5428 771 5483 vulnerati
794 5438 955 5483 erunt.
983 5428 1289 5483 agDomino.
1331 5447 1351 5481 ι
1392 5428 1656 5483 Furorem
1686 5428 1806 5496 ejus
1838 5441 1961 5482 esse
1991 5426 2073 5481 ul-

490 5521 668 5575 trices
698 5531 993 5589 potestates
1030 5522 1258 5591 intelligi
1306 5521 1494 5587 solet;
1543 5528 1597 5576 et
1641 5519 2065 5597 increpationgm

488 5625 656 5668 suam
693 5612 747 5666 in
778 5612 990 5669 ﬂamma
1024 5614 1164 5685 ignis
1199 5624 1387 5670 contra
1430 5612 1650 5668 eosdem
1703 5610 1902 5665 mittet.
1942 5608 2068 5664 Gla-

491 5710 648 5763 dium
672 5723 802 5763 vero
832 5724 1094 5780 corporeo
1141 5724 1291 5765 more
1341 5708 1607 5775 nominat,
1652 5716 1709 5764 et
1754 5702 2064 5761 vulneratos

576 5887 618 5918 ³¹
659 5884 818 5941 Cant.
852 5900 885 5949 ι,
921 5884 969 5937 1.
1045 5885 1088 5917 ³³
1112 5884 1296 5941 Matth.
1333 5899 1382 5951 v,
1416 5884 1469 5937 8.

2174 4701 2288 4761 τοῖς
2314 4698 2371 4750 δέ
2406 4697 2505 4766 τὴν
2538 4695 2785 4749 ἐναντίαν
2824 4694 3250 4766 πεπορευμένοις
3285 4694 3401 4746 ὁδὸν
3455 4693 3751 4763 ἠπείλησεν

2174 4788 2435 4859 ἀπειλήν·
2486 4775 2581 4839 καί
2630 4784 2933 4849 ἀκολούθως
2976 4786 3213 4838 διδάσκει
3244 4784 3334 4837 τὸν
3374 4786 3473 4856 τῆς
3522 4783 3751 4854 ἀπειλῆς
3836 4806 3846 4817 ο

2174 4879 2393 4950 τρόπον,
2465 4878 2734 4948 παριστὰς
2793 4877 2892 4949 τὴν
2943 4875 3198 4945 δευτέραν
3259 4875 3353 4928 καὶ
3401 4872 3611 4937 ἔνδοξον
3654 4875 3747 4927 τοῦ

2176 4972 2427 5042 Σωτῆρος
2479 4971 2803 5041 παρουσίαν,
2849 4970 2937 5022 ὅτε
2965 4968 3084 5038 ἥξει
3146 4967 3283 5039 μετὰ
3321 4968 3419 5038 τῆς
3449 4966 3609 5036 δόξης
3653 4966 3748 5019 τοῦ

2175 5062 2390 5134 Πατρὸς
2416 5061 2509 5116 καὶ
2543 5060 2681 5133 μετά
2703 5061 2810 5115 τῶν
2834 5059 3078 5129 ἀγγέλων
3109 5058 3294 5122 αὐτοῦ,
3326 5059 3507 5129 κρῖναι
3542 5056 3749 5123 ζῶντας

2170 5156 2267 5211 καὶ
2294 5154 2539 5226 νεκρούς.

2248 5265 2266 5298 ε
2321 5247 2409 5298 Ἑν
2440 5245 2549 5317 γὰρ
2577 5243 2655 5315 τῷ
2679 5244 2810 5317 πυρὶ
2836 5244 3041 5315 Κυρίου
3067 5241 3387 5314 κριθήσεται
3413 5241 3563 5293 πᾶσα
3583 5241 3616 5309 ἠ
3652 5238 3744 5307 γῆν

2168 5338 2266 5393 καὶ
2297 5339 2356 5390 ἐν
2396 5340 2463 5407 τῇ
2492 5337 2735 5409 ῥομφαίᾳ
2770 5336 2935 5391 αὑτοῦ
2965 5338 3114 5389 πᾶσα
3147 5336 3312 5405 σάρξ·
3362 5333 3543 5386 πολλοὶ
3585 5348 3747 5401 τραυ-

2174 5430 2366 5501 ματίαι
2407 5428 2619 5482 ἔσονται
2649 5429 2755 5481 ὑπὸ
2802 5428 3029 5502 Κυρίου.
3092 5446 3110 5479 ι
3162 5425 3342 5496 Θυμὸς
3381 5425 3437 5477 δὲ
3481 5422 3647 5476 αὑτοῦ
3692 5423 3743 5475 αἱ

2170 5521 2492 5575 κολαστικαὶ
2524 5520 2618 5573 καὶ
2652 5520 3017 5592 τιμωρητικαὶ
3062 5518 3319 5588 δυνάμεις
3344 5514 3564 5569 εἰώθασι
3594 5512 3743 5584 νομί-

2170 5611 2378 5677 ξεσθαι,
2413 5611 2507 5666 καὶ
2543 5611 2633 5665 τὸν
2665 5611 3146 5683 άποσκορακισμὸν
3170 5608 3335 5662 αὐτοῦ
3366 5611 3423 5661 ἐν
3457 5607 3593 5677 πυρὶ
3616 5603 3742 5673 φλοαι

2168 5703 2263 5774 γδς
2293 5704 2433 5760 κατά
2464 5702 2571 5759 τῶν
2601 5703 2780 5759 αὐτῶν
2813 5705 3032 5777 ἀφήσει.
3074 5702 3375 5774 Ῥομφαίαν
3406 5700 3462 5753 δὲ
3489 5697 3739 5771 ὀνομάζει
