3968 6512
222 363 336 420 5ΞΙ
1171 365 1667 420 COMMENTARM
1711 366 1774 422 IN
1822 367 1830 420 l

1941 365 2076 423 IAM.
2119 399 2184 408 ——
2223 367 2374 422 CAP.
2416 367 2598 425 LXVI.

225 478 748 550 σωματικιέπερον,
778 479 872 532 καὶ
897 479 1240 549 τραυματίας
1278 480 1555 544 ὡσαύτως.
1593 482 1744 534 Ἐπεὶ
1773 482 1830 552 μὶ

1952 479 2225 534 similiter.
2263 479 2397 547 Quta
2448 481 2549 545 illi,
2600 487 2784 547 utpote
2829 480 3020 547 Judaei,
3064 500 3169 539 non
3218 485 3322 540 alio
3353 463 3515 540 modo

222 567 436 632 ἄλλως
488 563 555 640 ἦν
585 569 822 633 ἀκούειν,
860 570 1144 633 Ἰουδαίους
1173 570 1329 634 ὄντας
1362 571 1454 624 καὶ
1505 573 1579 642 μὴ
1611 573 1753 634 οἴους
1786 588 1830 623 τε

1951 571 2251 642 intelligere
2280 581 2554 641 poterant,
2587 582 2647 626 ut
2681 573 2772 640 qui
2816 589 2920 628 non
2953 576 3195 632 valerent
3223 579 3514 634 verborum

224 660 703 730 παρακολουθεῖν
743 663 808 731 τῇ
851 659 959 712 τῶν
1000 659 1171 728 λόγων
1204 661 1431 732 διανοίᾳ.
1492 662 1554 714 '0
1604 661 1700 732 μὲν
1753 658 1830 714 οὗι

1949 674 2180 719 mentem
2228 665 2508 734 subsequi.
2547 665 2834 734 Apostolus
2865 676 3012 722 certe
3048 669 3176 723 dicti
3227 672 3371 740 quod
3404 681 3517 724 tra—

235 749 606 812 Ἀπόσ-τολος
643 750 734 802 τὸν
760 748 868 802 τῶν
910 752 1285 821 προκειμένων
1315 751 1443 805 νοῦν
1481 752 1734 822 διασαφεῖ
1757 752 1830 805 λέ-

1947 765 2418 810 ctamus-sensnm
2454 758 2630 826 aperit
2665 757 2748 810 his
2773 757 2970 822 verbis,
3007 777 3026 810 ι
3077 759 3385 816 Secundum
3420 777 3517 816 au-

223 856 353 906 γων
379 858 395 869 ο
439 859 464 892 ‹
495 841 650 894 Κατά
675 841 732 894 δέ
757 842 856 912 τὴν
890 841 1228 913 σκληρότητά
1248 861 1340 896 σου
1359 844 1450 896 καὶ
1477 845 1830 915 ἀμετανόητοε.

1949 856 2053 900 tem
2105 849 2358 902 duritiem
2404 857 2552 902 tuam
2604 858 2663 904 et
2715 849 3060 918 impmnitens
3109 867 3204 906 cor
3250 853 3515 907 thesauri-

222 932 496 1001 καρδεαν
533 931 880 1004 θησαυρίζεις
909 933 1118 1003 σεαυτῷ
1165 933 1332 1006 ὀργὴν
1373 937 1430 988 ἐν
1461 935 1644 1007 ἡμέρᾳ
1674 937 1830 1008 ὀργῆς

1947 954 2039 994 zas
2066 939 2161 994 tibi
2191 941 2328 994 iram
2361 941 2414 994 in
2443 941 2530 995 die
2568 940 2662 995 ira;
2687 951 2743 994 et
2774 941 3142 1008 revelationis,
3171 953 3225 998 et
3247 944 3378 1011 justi
3419 935 3510 1014 ju-

224 1019 333 1071 κα¹ι
371 1019 811 1090 ἀποκαλύψεως,
849 1023 944 1076 καὶ
973 1023 1369 1095 δικαιοκρισίας
1415 1025 1572 1090 Θεοῦ,
1609 1027 1668 1091 ὃς
1710 1029 1830 1081 ἀπο-

1945 1031 2070 1085 dicii
2119 1032 2234 1096 Dei,
2285 1033 2377 1101 qui
2432 1031 2622 1087 reddet
2675 1032 2970 1102 unicuique
3011 1034 3306 1090 secundum
3345 1052 3509 1107 opera

219 1107 416 1161 δώσει
459 1110 677 1182 ἑκάστῳ
715 1111 856 1165 κατά
888 1112 956 1165 τὰ
982 1112 1117 1184 ἔργα
1147 1114 1334 1168 αὑτοῦ.
1375 1135 1394 1167 ι
1943 1141 2037 1180 sua
2067 1124 2134 1180 “.
2171 1145 2189 1178 ι

3413 376 3516 429 522

309 1217 338 1252 ε
380 1202 456 1254 Οἱ
502 1203 847 1274 ἁγνιζόμενοι
883 1205 977 1258 καὶ
1008 1205 1426 1278 καθαριξόμενοι
1468 1211 1547 1272 εἰς
1579 1211 1703 1273 τοὺς
1737 1213 1839 1282 κή-

225 1309 414 1355 πους,
454 1296 554 1346 καὶ
597 1295 655 1346 ἐν
691 1298 818 1359 τοῖς.
841 1296 1134 1367 προθύροις
1177 1298 1424 1363 ἔσθοντες
1461 1301 1628 1373 κρέας
1675 1301 1838 1367 ὕειον,

224 1388 334 1441 καὶ
367 1387 448 1441 τὰ
479 1388 824 1458 βδελύγματα
858 1390 951 1443 καὶ
981 1390 1072 1443 τὸν
1103 1390 1230 1462 μῦν,
1261 1392 1354 1444 ἐπὶ
1387 1393 1446 1446 τὸ
1475 1395 1606 1447 αὐτὸ
1633 1395 1842 1448 ἀναλω-

224 1479 546 1550 θήσονται.
591 1500 609 1531 ι
651 1482 740 1545 Ὡς
770 1482 964 1552 μηκέτι
996 1482 1139 1536 κατά
1163 1484 1252 1537 τὸν
1279 1485 1442 1554 νόμον
1467 1485 1527 1538 ὃν
1554 1487 1839 1557 παρέδωκε

225 1571 507 1641 Μωῦσῆς
527 1572 990 1644 καθαριζομένους
1022 1575 1200 1647 σποδῴ
1223 1576 1506 1647 δαμάλεως
1535 1580 1628 1632 καὶ
1656 1583 1840 1650 περιρ-

228 1667 426 1736 ραντη
441 1667 580 1737 ρίοις
606 1667 826 1738 ἡμερῶν
853 1668 991 1721 ἐπττά
1015 1669 1110 1720 καὶ
1135 1671 1254 1732 ταῖς
1280 1669 1369 1724 διά
1413 1669 1614 1724 θυσιῶν
1637 1671 1841 1744 καθάρ-

229 1777 412 1813 σεσιν
435 1777 450 1790 ·
470 1760 594 1813 ἀντὶ
618 1759 678 1813 δέ
704 1760 927 1824 τούτων,
956 1763 1013 1816 ἐν
1041 1763 1221 1826 αὐτοῖς
1241 1765 1745 1835 περινοστήσαντες,
1777 1765 1838 1818 τὸ

2015 1217 2182 1272 Vens.
2216 1219 2304 1273 l7.
2336 1239 2354 1270 ι
2386 1219 2487 1286 Qui
2517 1221 2936 1278 sanctiﬁcantur
2957 1234 3014 1279 et
3051 1224 3407 1293 puriﬁcantur
3452 1224 3505 1277 in

1944 1311 2136 1376 hortis,
2160 1320 2214 1366 et
2237 1311 2289 1366 in
2311 1299 2586 1368 liminibus
2605 1316 2947 1373 comedentes
2970 1332 3188 1372 carnem
3211 1317 3506 1386 porcinam,

1941 1412 1994 1456 et
2028 1402 2457 1459 abominationes
2502 1415 2557 1460 et
2600 1421 2830 1471 murem,
2867 1409 3026 1462 simul
3053 1397 3459 1462 consumantur.
3483 1425 3506 1461 >

1943 1495 2015 1548 Ita
2052 1503 2112 1550 ut
2149 1511 2255 1550 non
2292 1495 2523 1552 alterius
2553 1500 2849 1552 secundum
2881 1499 3074 1570 legem,
3101 1513 3263 1569 quam
3290 1498 3510 1553 tradidit
3609 1533 3613 1537 ~

1943 1584 2186 1656 Moyses.
2209 1588 2396 1642 cinere
2433 1588 2614 1643 vitula:
2639 1598 2694 1643 et
2729 1591 3129 1656 aspersionibus
3169 1591 3377 1646 dierum
3425 1606 3512 1647 se-

1940 1683 2106 1744 ptem,
2139 1677 2601 1734 sacriﬁciorumve
2624 1681 3031 1748 purgationibus
3072 1682 3504 1736 mundarentur:

1941 1767 2034 1821 sed
2073 1768 2264 1821 horum
2297 1769 2438 1832 vice,
2477 1781 2762 1841 postquam
2814 1771 2865 1824 in
2913 1771 2997 1826 his
3027 1774 3228 1841 versati
3264 1771 3505 1837 fuerant,

226 1851 305 1903 δι’
358 1851 570 1914 ὓδατος
617 1851 910 1921 καθάρσιον
960 1854 1225 1924 ἀπαρκεῖν
1271 1855 1453 1917 αὐτοῖς
1486 1855 1680 1926 ᾠοντο,
1727 1861 1830 1920 τοῖς

1941 1858 2318 1926 purgationem
2371 1839 2706 1928 periaquam
2752 1860 3003 1917 sumsere
3051 1839 3170 1918 sibi,
3204 1863 3505 1932 putabant,

225 1933 394 1999 δῖατά
427 1962 584 2008 τινας
616 1947 824 2016 κήπους
867 1945 1050 1998 ὕδασιν
1099 1945 1478 2009 ἀπολούεσθαι,
1511 1947 1603 2000 καὶ
1642 1950 1835 2018 μηκέτι

231 2037 491 2106 μηδενὸς
510 2035 718 2090 δεῖσθαι
750 2037 857 2089 τῶν
880 2033 1404 2108 νενομοθετημένων.
1446 2039 1516 2092 Ἢ
1543 2040 1638 2092 καὶ
1663 2039 1835 2104 ἄλλως

231 2128 394 2198 μετᾶ
429 2129 638 2201 μιαράς
669 2128 766 2188 καὶ
799 2128 1140 2201 ἀκαθάρτους
1180 2130 1426 2200 πράξεις,
1455 2130 1746 2201 ἀθεμίτους
1775 2149 1834 2185 τε

231 2223 652 2294 αἰσχρουργίας
696 2220 946 2292 ἐνόμιζον
987 2221 1162 2292 ψιλοῖς
1209 2221 1365 2275 ὕδασι
1396 2221 1711 2295 καθαρίζειν
1737 2224 1835 2288 τὰς

231 2315 467 2368 ἑαυτῶν
498 2313 696 2384 ψυχάς.

321 2513 346 2545 ‹
380 2492 560 2562 Κάγὼ
592 2492 662 2547 τά
689 2493 824 2565 ἔργα
855 2495 1058 2559 αὐτῶν,
1091 2498 1186 2549 καὶ
1228 2497 1316 2550 τὸν
1349 2497 1604 2569 λογισμὸν
1634 2497 1829 2550 αὐτῶν.

233 2585 428 2657 Ἐρχο
436 2604 534 2657 μαι
559 2589 880 2654 συναγαγεῖν
902 2589 1075 2641 πάντα
1094 2588 1162 2641 τὰ
1182 2587 1308 2659 ἔθνη
1336 2589 1546 2651 καὶτὰς
1560 2588 1832 2656 γλώσσας,

236 2678 342 2730 καὶ
359 2678 557 2748 ἥξουσι
575 2679 670 2730 καὶ
691 2676 910 2747 ὖψονται
938 2680 1036 2750 τὴν
1052 2679 1206 2744 δόξαν
1237 2697 1357 2751 μου.
1373 2701 1390 2731 ι
1421 2679 1758 2751 Σαιρέστερον
1778 2680 1833 2732 δὲ

236 2769 270 2822 ὁ
311 2770 517 2843 Σωτὴρ
549 2771 608 2822 ἐν
638 2773 748 2835 τοῖς
780 2771 1130 2841 Εὐαγγελίοις
1168 2772 1405 2826 διδάσκει
1432 2771 1604 2825 ταῦτα
1628 2770 1828 2839 λέγων⁶

246 2878 268 2912 ι
302 2862 481 2916 Ὅταν
511 2862 568 2915 δέ
599 2861 726 2934 ἔλθῃ
753 2863 782 2916 ὃ
809 2862 937 2925 Υἱὸς
960 2861 1054 2915 τοῦ
1086 2863 1370 2934 ἀνθρώπου
1403 2863 1460 2915 ὲν
1489 2865 1554 2933 τῇ
1579 2862 1705 2933 δόξῃ
1739 2863 1830 2914 τοῦ

235 2955 472 3028 Ila-spe;
498 2956 686 3018 αὐτοῦ,
718 2957 810 3010 καὶ
846 2956 1046 3018 πάντες
1069 2956 1119 3008 οἱ
1164 2956 1308 3024 ἅγιοι
1336 2954 1556 3023 ἄγγελοι
1589 2955 1704 3025 μετ’
1734 2954 1832 3006 αὑ-

239 3044 340 3097 τοῦ
359 3063 373 3075 ο
412 3045 509 3098 καὶ
535 3043 818 3109 συνάξουσι
844 3045 1019 3098 πάντα
1050 3045 1118 3098 τὰ
1151 3043 1277 3115 ἔθνη
1303 3043 1610 3116 ἔμπροσθεν
1642 3043 1828 3107 αὑτοῦ,

1939 1950 2298 2018 quorumdam
2342 1952 2622 2006 hortorum
2648 1953 2804 2021 aquis
2838 1969 2896 2008 se
2921 1953 3065 2007 ablui
3107 1963 3161 2008 et
3188 1953 3506 2016 emaculari,

1940 2054 2040 2095 nec
2075 2039 2213 2094 ultra
2248 2055 2436 2096 eorum
2479 2058 2597 2112 quae
2628 2045 2682 2098 in
2731 2044 2851 2112 lege
2881 2045 3269 2114 prtecipiuntur
3303 2044 3410 2098 ullo
3449 2059 3508 2097 sc

1938 2145 2073 2199 opus
2106 2130 2328 2191 habere.
2354 2133 2756 2190 existimantes.
2787 2135 2918 2188 Nam
2960 2137 3096 2190 alias
3126 2145 3240 2204 post
3271 2134 3509 2190 admissa.

1941 2221 2116 2290 turpia
2161 2221 2442 2286 facinora,
2489 2233 2544 2277 et
2589 2234 2708 2294 p0st
2763 2226 2977 2280 illicitas
3019 2237 3310 2294 turpesque
3335 2228 3507 2279 actio-

1940 2328 2062 2378 nes,
2097 2312 2333 2383 simpliei
2378 2330 2516 2385 aqua
2560 2316 2773 2372 animas
2819 2319 3063 2372 mandari
3106 2333 3234 2372 suas
3278 2318 3508 2372 arbitra-

1935 2402 2153 2458 bantur.

2013 2492 2171 2548 Vsas.
2203 2494 2289 2550 18.
2335 2514 2354 2547 ι
2392 2495 2459 2550 Ει
2481 2511 2583 2567 ego
2607 2511 2771 2567 opera
2798 2513 3007 2561 eorum,
3034 2506 3088 2553 et
3119 2481 3503 2566 cogitationem

1936 2598 2122 2638 eorum
2161 2584 2362 2659 [novi].
2405 2588 2470 2642 Et
2499 2591 2655 2644 venio
2689 2599 2748 2643 ut
2779 2604 3105 2659 congregem
3143 2603 3332 2643 oumes
3371 2606 3502 2660 gen-

1940 2685 2021 2730 tes
2063 2685 2119 2730 et
2165 2677 2415 2746 linguas:
2478 2687 2533 2732 et
2585 2678 2806 2733 venient
2861 2689 2914 2732 et
2968 2678 3230 2730 videbunt
3279 2679 3502 2747 gloriam

1936 2782 2131 2821 meam.
2176 2786 2194 2818 ι
2229 2766 2353 2822 Πιεο
2388 2768 2588 2823 clarius
2627 2770 2886 2823 Servator
2917 2769 2969 2822 in
3009 2770 3316 2836 Evangeliis
3349 2773 3505 2823 doc-et

1934 2858 2022 2912 his
2065 2859 2277 2912 verbis:
2310 2877 2328 2909 ι
2357 2859 2490 2914 Cum
2522 2859 2731 2914 venerit
2763 2858 2931 2912 Filius
2967 2860 3199 2914 hominis
3249 2852 3300 2914 in
3335 2859 3501 2929 gloria

1935 2948 2117 3006 Patris
2145 2952 2250 3014 sui,
2282 2959 2336 3004 et
2366 2965 2554 3005 omnes
2578 2950 2755 3005 sancti
2783 2950 2956 3020 angeli
2990 2966 3111 3004 cum
3138 2966 3239 3010 eo:
3278 2960 3330 3005 et
3375 2966 3506 3004 con-

1934 3043 2235 3112 gregabunt
2270 3056 2459 3097 omnes
2489 3050 2675 3112 gentes
2707 3041 2762 3095 in
2805 3051 3096 3111 conspectu
3137 3043 3288 3112 ejus,
3329 3051 3382 3095 et
3418 3056 3505 3094 st:-

242 3137 340 3188 καὶ
373 3138 596 3207 ἀφοριεῖ
628 3137 845 3201 αὐτοὺς,
880 3137 938 3189 ὃν
968 3137 1166 3210 τρόπον
1197 3137 1442 3208 ἀφορίζει
1468 3139 1496 3190 ό
1521 3135 1723 3208 ποιμὴν
1761 3136 1828 3190 τά

1941 3134 2180 3204 gregahit
2207 3148 2321 3198 eos,
2354 3134 2803 3203 quemadmodum
2853 3142 3102 3202 segregat
3138 3144 3322 3201 pastor
3365 3145 3495 3185 oves

243 3227 504 3300 πρόϐατα
533 3227 640 3280 ἀπὸ
664 3227 772 3281 τῶν
807 3229 1030 3299 ἐρίφων,
1074 3248 1090 3279 ι
1129 3228 1224 3281 καὶ⁴
1254 3227 1322 3281 τά
1353 3227 1497 3297 ἐξῆς.
1522 3229 1642 3281 ’Καὶ
1672 3227 1829 3280 τοῦτο

239 3319 305 3371 δι’
331 3319 501 3372 πάλιν
525 3322 636 3382 τοῖς
661 3319 870 3374 ἔθνεσιν
893 3320 1306 3388 ἐπαγγέλλεται,
1341 3319 1402 3372 τὸ
1431 3318 1827 3390 καταξιωθῆναι

239 3408 552 3462 θεάσασθαι
583 3409 683 3480 τὴν
706 3407 864 3475 δόξαν
896 3410 1076 3463 αὑτοῦ.

325 3521 344 3552 ι
387 3503 497 3554 Καὶ
523 3501 832 3570 καταλείψω
861 3502 945 3555 ἐπ’
989 3503 1168 3556 αὐτῶν
1215 3507 1459 3576 σημεῖον,
1500 3502 1596 3557 καὶ
1631 3503 1829 3570 ἐξαπο-

244 3593 427 3646 στελῶ
457 3593 515 3659 ὲξ
546 3593 724 3646 αὐτῶν
759 3595 1130 3665 σεσωσμένους
1158 3598 1236 3660 εἰς
1267 3596 1336 3650 τά
1373 3596 1523 3668 ἔθνη,
1566 3598 1644 3660 εἰς
1679 3596 1828 3667 Θαρ-

245 3683 388 3743 σεῖς,
417 3681 513 3732 καὶ
543 3680 698 3744 me,
727 3682 820 3734 καὶ
851 3683 1007 3746 Λοὺδ,
1042 3685 1142 3736 καὶ
1168 3685 1370 3755 Μοσὸχ,
1406 3685 1500 3738 καὶ
1528 3687 1606 3748 είς
1637 3685 1824 3746 Θοϐὲλ,

242 3774 344 3825 καὶ
371 3773 450 3834 είς
463 3771 816 3843 τὴνἙλλάδα,
848 3773 941 3826 καὶ
962 3775 1041 3838 είς
1068 3774 1164 3838 τὰς
1191 3777 1386 3847 νήσους
1409 3775 1508 3840 τὰς
1538 3777 1724 3848 πόρρω
1741 3795 1753 3806 ·
1777 3777 1828 3828 οἳ

243 3864 350 3917 οὐκ
377 3864 650 3933 ἀκηκόασί
682 3883 781 3935 μου
819 3866 879 3919 τι
907 3867 1096 3937 ὄνομα,
1127 3866 1248 3920 οὔτε
1280 3868 1556 3939 ἑωράκασι
1604 3885 1704 3937 μου
1731 3868 1830 3940 τὴν

242 3955 429 4020 δόξαν.
463 3957 572 4010 Καὶ
605 3956 962 4026 ἀναγγελοῧσι
991 3959 1089 4029 τὴν
1117 3959 1272 4024 δόξαν
1307 3977 1408 4030 μου
1449 3960 1506 4013 ἐν
1534 3962 1662 4022 τοῖς,
1683 3959 1829 4013 ἔθνε-

249 4062 323 4100 σι.
363 4065 380 4097 ι
428 4048 536 4100 Καὶ
568 4049 627 4099 ἐν
665 4052 774 4111 τοῖς
801 4049 1108 4120 ἔμπροσθεν
1138 4049 1376 4118 ἐλέγετο,
1422 4052 1506 4106 ὅτι
1559 4071 1580 4102 ι
1613 4046 1708 4116 Οἷς
1729 4052 1829 4106 οὐκ

245 4136 532 4207 ἀνηγγέλη
575 4138 700 4208 περί
742 4138 906 4191 αὑτοῦ
952 4137 1191 4207 ὅψονται,
1226 4140 1276 4192 οἲ
1316 4139 1417 4193 οὐκ
1475 4141 1764 4211 ἀκηκόασι.
1805 4159 1822 4190 ι

248 4231 365 4284 Καὶ
390 4229 572 4282 πάλινο
612 4249 630 4281 ι
653 4232 931 4302 Ἐμφανὴς
956 4233 1222 4304 ἐγενόμην
1250 4236 1361 4296 τοῖς
1390 4233 1491 4304 ἐμὲ
1520 4233 1593 4304 μὴ
1619 4235 1829 4305 ἐπερω-

244 4323 441 4388 τῶσιν,
472 4323 699 4396 εὑρέθην
713 4326 824 4388 τοῖς
852 4324 952 4395 ἐμὲ
984 4323 1058 4396 μὴ
1091 4324 1460 4396 ἐπιζητοῦσιν
1505 4321 1654 4377 εἶπα·
1699 4326 1826 4379 Ἰδού

250 4416 391 4486 εἰμι,
421 4418 534 4478 τοῖς
570 4415 643 4487 μὴ
689 4415 1134 4488 ἐπικαλουμένοις
1174 4416 1235 4470 τὸ
1265 4417 1437 4488 δνομά
1483 4435 1606 4488 μου.
1643 4439 1661 4470 ι
1695 4420 1829 4472 Τού-

1934 3226 2001 3278 ab
2036 3224 2218 3289 haedis,
2259 3243 2278 3276 ι
2306 3232 2361 3279 et
2387 3232 2601 3278 cetera.
2636 3223 2700 3276 Et
2731 3224 2834 3276 hoc
2867 3222 3062 3275 iterum
3095 3223 3352 3290 gentibus
3383 3223 3492 3290 pol-

1933 3315 2155 3382 licetur,
2188 3315 2330 3386 quod
2365 3329 2560 3384 nempe
2593 3313 2832 3368 futurum
2878 3315 2950 3367 sit
2981 3323 3038 3368 ut
3074 3315 3299 3383 gloriam
3333 3314 3500 3382 ipsius

1934 3407 2117 3464 videre
2159 3408 2330 3476 digna:
2364 3407 2682 3460 habeantur.

2001 3499 2166 3556 νεεδ.
2209 3497 2296 3553 l9.
2331 3516 2349 3550 ι
2383 3496 2452 3550 Ει
2488 3496 2788 3566 relinquam
2820 3511 2983 3564 super
3025 3510 3119 3550 eos
3159 3496 3409 3565 signum:
3445 3503 3503 3550 et

1931 3592 2177 3646 emittam
2210 3605 2276 3646 ex
2326 3588 2433 3644 illis
2471 3603 2566 3643 eos
2592 3589 2682 3656 qui
2721 3587 2911 3642 salvati
2958 3587 3168 3642 fuerint
3195 3588 3260 3641 ad
3291 3597 3499 3658 gentes,

1933 3683 1986 3737 in
2019 3683 2261 3748 Tharsis,
2309 3691 2360 3736 et
2390 3679 2565 3746 Pbud,
2604 3689 2659 3733 et
2701 3679 2842 3746 Lud,
2887 3680 3038 3740 et_in
3080 3679 3322 3756 quoch,
3358 3688 3412 3732 et
3445 3679 3498 3732 in

1933 3772 2155 3838 Tltohel,
2188 3783 2242 3828 et
2273 3773 2326 3827 in
2366 3771 2652 3834 Graeciam,
2681 3781 2734 3825 et
2763 3771 2817 3824 iu
2851 3770 3056 3824 insulas
3091 3780 3361 3835 remotas;
3403 3771 3495 3837 qui

1935 3881 2037 3921 non
2071 3867 2356 3920 audierunt
2397 3879 2590 3919 nomen
2640 3879 2868 3927 meum.
2895 3878 3068 3931 neque
3106 3864 3358 3917 viderunt
3385 3863 3501 3932 glo-
3548 3851 3558 3868 ’

1931 3960 2068 4012 riam
2096 3973 2290 4013 meam.
2321 3957 2388 4012 Et
2413 3955 2814 4011 annuntiabunt
2837 3953 3061 4024 gloriam
3086 3968 3262 4008 meam
3288 3953 3343 4007 in
3370 3968 3500 4022 gen-

1933 4051 2096 4106 tibus.
2141 4069 2160 4102 »
2192 4047 2454 4119 Superius
2479 4063 2696 4118 quoque
2728 4046 3031 4111 dicebatur,
3070 4060 3090 4096 ι
3123 4044 3161 4097 li
3189 4044 3383 4113 quibus
3409 4059 3501 4097 an-

1929 4141 2240 4195 nuntiatutn
2285 4155 2390 4194 non
2425 4150 2510 4193 est
2553 4138 2621 4193 de
2669 4137 2779 4196 illo.
2809 4135 3109 4199 videbunt,
3151 4142 3206 4188 et
3250 4133 3341 4202 qui
3392 4147 3499 4187 non

1931 4232 2235 4292 audierunt,
2278 4229 2617 4299 intelligent:
2664 4245 2682 4279 ι
2718 4235 2773 4281 et
2806 4227 3026 4288 iterum,
3069 4243 3089 4275 ‹
3129 4223 3366 4294 Apparui
3409 4224 3496 4289 iis,

1930 4323 2020 4392 qui
2067 4335 2153 4376 me
2188 4335 2293 4374 non
2332 4316 2780 4388 interrogabant;
2825 4308 3078 4370 iuventus
3122 4311 3499 4390 sumiabﬁiis.

1929 4415 2020 4484 qui
2057 4428 2144 4468 tne
2169 4427 2273 4466 non
2305 4409 2659 4480 qurerebant:
2694 4407 2831 4470 dixi,
2881 4406 3016 4462 Ecce
3051 4405 3259 4467 adsum.
3308 4403 3375 4457 iis
3405 4402 3499 4471 qui

248 4485 363 4560 των
391 4507 592 4575 ἀδελφά
633 4485 886 4577 τυγχάνει
931 4485 1000 4563 τὰ
1042 4485 1432 4580 προειρημένα,
1477 4485 1542 4562 δι’
1583 4503 1658 4562 ὧν
1703 4511 1829 4573 τοὺς

1941 4523 2038 4560 non
2081 4504 2407 4558 invocabant
2459 4516 2651 4556 nomen
2702 4516 2901 4554 meum.
2937 4517 2956 4549 ι
3003 4497 3097 4552 His
3133 4497 3328 4549 adﬁnia
3354 4485 3497 4550 'sunt

251 4599 449 4653 ἑαυτοῦ
481 4600 808 4664 ἀποστόλους
841 4601 1231 4669 ἐπαγγέλλεται
1259 4600 1607 4654 ἀποστέλλειν
1642 4601 1735 4653 ἐπὶ
1762 4599 1828 4653 τά

249 4692 509 4764 ἀλλότρια
535 4681 630 4745 τοῦ
683 4693 898 4764 Ἰσραὴλ
923 4692 1050 4762 ἔθνη
1086 4693 1152 4746 τὰ
1190 4691 1527 4762 πορρωτάτω
1554 4693 1652 4762 τῆς
1699 4691 1825 4745 Ἰου-

247 4784 427 4848 δαίας.

328 4895 348 4928 ι
386 4877 496 4929 Καὶ
527 4875 712 4940 ἄξουσι
744 4876 867 4938 τοὺς
899 4873 1157 4942 ἀδελφοὺς
1188 4874 1339 4944 ὑμῶν
1371 4874 1438 4926 ἐκ
1465 4873 1683 4926 πάντων
1714 4871 1822 4925 τῶν

250 4967 443 5031 ἐθνῶν,
473 4965 646 5037 δῶρον
685 4966 890 5036 Κυρίῳ.
926 4985 944 5017 ι
981 4965 1232 5029 Ἀξουσιν
1255 4965 1472 5028 αὐτοὺς,
1513 4963 1665 5026 τέλος
1695 4964 1826 5030 ἀγα-

251 5057 342 5112 ἷδὸν
386 5059 569 5120 αὐτοῖς
602 5056 758 5110 τοῦτο
802 5057 1321 5128 παραχωρήσαντες,
1367 5056 1453 5108 ὅτε
1499 5057 1594 5108 καὶ
1628 5053 1826 5123 ἀναλη-

251 5151 550 5222 φθήσονται
601 5148 800 5218 ὁμοίως
844 5147 922 5217 τῷ
977 5145 1132 5218 Ἠλία
1172 5147 1258 5215 ἐφ’
1309 5148 1514 5218 ἅρματι
1552 5144 1827 5214 ἀγγελικῷ

247 5242 555 5312 ὀχούμενοι,
590 5239 764 5308 φωτὸς
811 5239 1124 5311 ἐπουρανίου
1161 5237 1692 5310 περιαστράπτοντος
1725 5237 1824 5288 αὐ-

247 5335 392 5396 τούς.
428 5353 446 5383 ι
483 5333 620 5386 Μεθ’
651 5333 830 5384 ἵππων
856 5333 950 5385 καὶ
969 5332 1232 5402 ἁρμάτων
1257 5332 1314 5382 ἐν
1333 5330 1643 5400 λαμπήναις
1678 5329 1828 5399 suis-

246 5444 370 5486 νων,
405 5425 544 5496 μετά
569 5423 822 5478 σκιαδίων
848 5427 927 5486 είς
947 5425 1044 5495 τὴν
1069 5425 1231 5492 ἁγίαν
1256 5421 1410 5475 πόλιν
1448 5421 1822 5494 Ἰερουσαλὴμ,

248 5514 366 5570 εἷπε
407 5517 631 5587 Κύριος.
674 5536 692 5568 ›
736 5517 968 5586 Νοήσεις
1002 5515 1061 5568 δὲ
1093 5518 1219 5578 τοὺς
1251 5515 1450 5578 ἵππους
1483 5514 1579 5569 καὶ
1620 5511 1692 5566 τὰ
1727 5513 1826 5584 ἆρ-

251 5624 394 5678 ματα
425 5607 708 5675 ἀηελικά,
749 5605 1045 5674 ἐπιστήσας
1079 5605 1173 5656 τοῦ
1209 5605 1478 5675 Ζαχαρίου
1505 5607 1568 5673 τῇ
1615 5619 1823 5674 πρσφη-

317 5792 362 5822 ³⁵
391 5789 546 5844 Rom.
585 5805 646 5850 tt,
777 5836 781 5840 .

569 5887 838 5946 Ριτιιοι.
873 5887 988 5944 Gtt.
1032 5885 1264 5946 XXIV.

1934 4598 2210 4668 pra-missa
2244 4597 2433 4657 verba,
2466 4592 2619 4662 queis
2651 4590 2922 4660 apostolos
2953 4603 3080 4642 suos
3120 4587 3188 4640 ad
3214 4599 3502 4640 extraneas

1933 4689 2110 4743 lsraeli
2149 4696 2355 4758 gentes,
2389 4694 2442 4740 et
2470 4703 2498 4737 a
2530 4681 2714 4741 Judaea
2755 4681 3168 4744 remotissimas,
3203 4679 3498 4732 missurum

1931 4797 1990 4835 se
2026 4779 2331 4848 pollicetur.

2003 4873 2163 4926 Vsus.
2194 4870 2283 4924 9.0.
2317 4888 2335 4919 ι
2370 4869 2436 4922 Et
2466 4867 2733 4920 adducent
2775 4863 2969 4918 fratres
2996 4872 3207 4916 vestros
3238 4875 3303 4913 ex
3331 4857 3499 4912 omni-

1931 4964 2029 5017 bus
2055 4963 2323 5034 gentibus,
2359 4961 2558 5013 donum
2605 4957 2852 5011 Domino.
2883 4974 2901 5006 ι
2933 4955 3216 5008 Adduceut
3241 4965 3334 5005 eos
3357 4949 3499 5001 hunc

1925 5055 2059 5121 ipsis
2097 5055 2292 5106 bonum
2318 5051 2476 5104 linem
2508 5057 2880 5117 procurantes,
2906 5045 3120 5113 quando
3135 5046 3495 5096 assumentur.

1927 5142 2151 5215 perinde
2179 5152 2345 5212 atque
2380 5139 2561 5195 Ilelias
2599 5155 2763 5192 curru
2803 5136 3052 5214 angelico
3095 5131 3258 5193 vecti,
3287 5127 3495 5182 cmlesti

1928 5235 2131 5288 lumine
2162 5233 2290 5302 ipsis
2330 5231 2800 5298 circumlulgente.
2841 5245 2862 5279 ι
2909 5226 3043 5281 Cum
3091 5221 3246 5290 equis
3275 5229 3330 5270 et
3371 5230 3494 5270 enr-

1929 5327 2096 5386 ribus,
2132 5324 2184 5377 in
2233 5322 2498 5392 lampenis
2537 5324 2845 5382 titulorum,
2886 5333 3008 5372 cum
3064 5309 3398 5368 umbraculis
3441 5311 3494 5363 in

1929 5416 2201 5471 civitatem
2258 5423 2503 5468 sanctam
2551 5411 2891 5475 Jerusalem,
2953 5406 3090 5460 dixit
3144 5402 3422 5458 Dominus.
3469 5418 3492 5454 ι

1932 5510 2113 5576 Equos
2154 5517 2208 5562 et
2247 5507 2526 5577 angelicas
2563 5505 2760 5559 rhedas
2794 5500 3081 5571 intelliges,
3133 5497 3177 5552 si
3219 5492 3498 5547 Zacharia-

1930 5600 2229 5670 pmphctia:
2253 5599 2492 5652 auitnum
2530 5595 2791 5666 applices,
2821 5592 2909 5647 ubi
2948 5606 3121 5661 equos
3147 5587 3382 5652 veloces,
3405 5599 3498 5638 va-

1903 5735 1930 5766 υ
1974 5767 1986 5780 ι

3104 5866 3170 5925 1Ἱ
