3968 6546
485 431 593 488 523

1162 437 1431 493 EUSEBII
1471 438 1949 495 CESARIENSIS
1988 440 2134 495 OI’P.
2177 439 2355 494 PARS
2389 440 2479 495 lil.
2521 473 2590 483 —
2629 441 3036 500 EXEGETICA.

3643 449 3762 505 53.5

487 560 600 616 rios
624 569 681 616 et
711 559 882 626 albos,
919 575 984 615 ac
1011 576 1217 617 currus
1264 564 1478 633 aliquos
1509 563 1852 630 describens,
1891 581 2048 636 auge‘

2159 565 2298 635 τεία,
2342 566 2471 635 παρ’
2504 557 2548 632 ᾧ
2581 565 2780 628 ἰππους
2805 565 3015 636 ψαροὺς
3054 566 3147 619 καὶ
3180 567 3454 632 ποικίλους
3486 569 3581 623 καὶ
3622 568 3761 623 λευ-

486 651 620 708 licas
653 653 880 708 virtutes
915 653 1318 708 subiudiczibat.
1369 654 1661 725 Lampente
1689 667 1866 710 autem
1900 657 2070 712 mulo-

486 760 605 799 rum
641 744 893 800 videnlur
923 746 1236 816 signiﬁcare
1266 761 1502 816 corpora
1537 749 1906 819 resurgentia,
1947 749 2066 818 qui-

483 835 586 890 bus
635 845 803 896 vecta:
851 836 1045 891 anima:
1107 838 1159 890 in
1225 839 1504 892 cmlestem
1575 839 1852 895 civitatem
1915 856 2067 894 assu-

486 938 728 983 mrutur.
760 929 803 982 E
846 944 905 983 re
937 938 1114 983 autem
1158 930 1358 984 dicitur
1402 930 1689 1001 lampenaz,
1726 932 1842 989 sive
1892 932 2067 1004 fulgo-

487 1035 597 1084 rcs,
623 1021 693 1076 ob
727 1021 1023 1092 fulgentem
1061 1023 1190 1093 ipsis
1221 1023 1470 1092 gloriam.

558 1201 724 1258 Vsus.
752 1203 846 1258 21.
884 1222 903 1255 ι
943 1202 1013 1260 Ut
1052 1203 1286 1260 oﬂ'erant
1316 1205 1410 1260 ﬁlii
1458 1206 1626 1262 Israel
1650 1208 1900 1265 victimas
1939 1227 2066 1267 suas

486 1296 616 1348 mihi
657 1310 778 1350 cum
823 1297 1082 1365 psalmis:
1147 1307 1202 1352 et
1263 1314 1328 1353 ex
1378 1297 1458 1354 eis
1499 1315 1709 1356 sumam
1755 1305 2066 1359 sacerdotes

483 1397 537 1439 et
573 1385 818 1452 chitas,
873 1389 1009 1443 dixit
1045 1390 1322 1448 Dominus.
1362 1410 1380 1444 ι
1430 1391 1496 1448 Ut
1540 1393 1724 1463 itaque
1769 1399 2063 1451 secundum

483 1493 800 1548 corpoream
836 1479 1008 1550 legem
1062 1481 1116 1535 in
1167 1490 1386 1537 terrena
1439 1481 1743 1540 Jerusalem
1795 1487 1909 1542 hanc
1940 1503 2064 1558 age-

484 1567 616 1622 bant
650 1570 743 1639 qui
790 1571 992 1625 cultum
1047 1573 1472 1643 persolvebant;
1523 1577 1715 1632 eodem
1773 1579 1937 1633 modo
1977 1593 2063 1634 se-

479 1662 716 1716 cundum
751 1671 1028 1718 terrenum
1060 1664 1190 1719 illud
1218 1667 1548 1738 exemplum,
1578 1670 1667 1739 qui
1697 1669 1752 1724 in
1783 1671 2061 1726 caelestem

480 1750 876 1824 .lerosolymam
907 1759 1220 1819 ascenderit,
1253 1775 1378 1814 cum
1415 1762 1650 1830 propriis
1676 1760 1945 1818 fructibus
1972 1779 2062 1818 ve-

2170 657 2298 719 κους
2328 657 2421 709 καὶ
2450 657 2674 728 ἅρματά
2709 675 2830 710 τινα
2859 658 3160 729 διαγράψας
3188 661 3216 710 ὁ
3242 659 3420 728 λόγος,
3447 662 3759 731 άγγελικὰς

2168 749 2410 819 ᾐνίττετο
2441 748 2717 819 δυνάμεις.
2760 752 3056 822 Λαμπῆναι
3098 751 3154 803 δέ
3192 752 3430 822 ἡμιόνων
3459 754 3758 824 σημαίνειν

2167 840 2375 894 ἐοίκασι
2397 841 2466 893 τὰ
2491 840 2590 910 τῆς
2618 842 2966 906 ἀναστάσεως
2994 841 3243 914 σώματα,
3271 839 3352 908 οἷς
3378 845 3758 916 ἐποχούμεναι

2167 934 2222 986 αἱ
2255 932 2424 1003 ψυχαὶ
2462 935 2542 997 εἰς
2583 932 2680 1003 τὴν
2712 935 3030 1005 ἐπουράνιον
3073 935 3539 1008 ἁναληφθήσονται
3568 937 3752 992 πόλιν.

2166 1021 2240 1078 Εὖ
2271 1026 2327 1078 δέ
2353 1026 2566 1098 εἴρηται
2591 1025 2869 1096 λαμπῆναι
2898 1026 2986 1080 διὰ
3012 1028 3111 1100 τὴν
3149 1028 3534 1099 ἐκλάμπουσαν
3560 1032 3755 1098 aia-eoi;

2165 1118 2345 1182 δόξαν.

2239 1229 2257 1261 ι
2303 1210 2390 1273 Ὠς
2418 1210 2808 1278 ἁνενέγκαισαν
2836 1213 2883 1264 οἱ
2909 1212 3015 1265 υἱοὶ
3054 1211 3266 1284 Ἰσραὴλ
3297 1213 3394 1278 τὰς
3420 1213 3616 1279 Θυσίας
3646 1216 3755 1268 αὐ-

2164 1303 2272 1355 τῶν
2326 1303 2449 1374 ἐμοὶ
2497 1303 2636 1374 μετὰ
2678 1302 2944 1374 ψαλμῶνο
2990 1306 3084 1358 καὶ
3130 1306 3226 1359 ἀπ’
3271 1306 3449 1359 αὐτῶν
3495 1308 3751 1378 λήψομαι

2168 1395 2332 1465 ἱερεῖς
2360 1396 2454 1448 καὶ
2481 1396 2734 1461 Λευίτας,
2768 1391 2890 1450 εἷπε
2922 1397 3143 1468 Κύριος.
3186 1416 3204 1449 ι
3241 1398 3452 1469 ’Ὠσπερ
3478 1393 3572 1452 οὖν
3618 1401 3749 1454 τότε

2165 1489 2305 1541 κατὰ
2331 1487 2424 1564 τὸν
2453 1488 2762 1559 σωματικὸν
2801 1489 2962 1559 νόμον
3003 1490 3097 1542 ἐπί
3135 1490 3235 1560 τῆς
3267 1492 3510 1560 ἐπιγείου
3549 1493 3752 1567 Ἱερσυι

2166 1579 2345 1649 σαλὴμ
2369 1579 2518 1633 ταῦτ’
2549 1579 2813 1651 ἔπραττον
2842 1583 2890 1634 οἱ
2922 1582 3020 1653 τὴν
3054 1581 3311 1654 λατρείαν
3341 1584 3744 1648 ἐπιτελοῦντες*

2162 1673 2252 1725 τὸν
2281 1673 2439 1725 αὐτὸν
2461 1671 2660 1742 τρόπον
2689 1672 2828 1725 κατά
2861 1673 2922 1725 τὺ
2948 1674 3040 1726 ἐπὶ
3073 1674 3180 1744 γῆς
3206 1675 3554 1747 παράδειγμα
3582 1679 3630 1730 οἱ
3660 1680 3749 1741 εἰς

2161 1765 2260 1836 τὴν
2291 1765 2538 1834 οὐράνιον
2586 1764 2943 1836 Ἰερουσαλὴμ
2986 1767 3228 1830 ἀνιόντες
3267 1767 3455 1837 ἥξουσι
3503 1771 3622 1840 μετ’
3663 1771 3750 1823 οξ-

485 1846 654 1911 nient,
689 1861 825 1915 quos
851 1848 1050 1914 singuli
1081 1865 1149 1904 ex
1199 1850 1501 1907 fructiicris
1538 1851 1826 1910 virtutibus
1872 1869 1931 1911 ut
1967 1863 2048 1912 do-

2162 1856 2326 1909 κείων
2368 1857 2617 1930 καρπῶν,
2649 1850 2724 1910 ὧν
2772 1857 3000 1918 ἕκαστος
3041 1859 3097 1909 ἐν
3137 1856 3280 1928 ψυχῇ
3317 1857 3748 1930 μετακομίςεται

483 1953 612 1991 num
640 1948 697 1992 et
723 1955 918 1995 munus
963 1943 1014 1996 in
1057 1944 1239 1997 anima
1280 1945 1539 2000 referent.

558 2047 722 2102 Vsus.
749 2047 842 2106 ‘29..
885 2067 904 2103 ι
943 2050 1096 2106 Sicut
1137 2052 1282 2107 enim
1315 2052 1514 2108 ccelum
1564 2069 1762 2110 novum
1811 2066 1865 2110 et
1911 2067 2056 2113 terra

481 2156 640 2206 nova,
675 2157 797 2210 quac
819 2156 920 2210 ego
942 2141 1112 2206 facio,
1147 2155 1465 2212 permanent
1495 2145 1547 2199 in
1579 2155 1873 2215 conspectu
1914 2163 2056 2216 meo,

481 2232 614 2288 dicit
649 2231 908 2288 Dominus
943 2251 957 2302 ;
993 2234 1072 2288 sic
1099 2235 1266 2289 stabit
1293 2251 1478 2291 semen
1511 2247 1750 2293 vestrum
1776 2249 1831 2294 et
1860 2255 2057 2296 nomen

480 2333 745 2380 vestrum.
780 2343 798 2378 ι
829 2323 966 2380 Nam
995 2327 1040 2381 si
1075 2341 1275 2382 novum
1303 2328 1524 2396 caelum,
1557 2341 1612 2384 et
1639 2345 1776 2384 nova
1805 2340 1974 2397 terra,
2003 2341 2058 2386 et

478 2413 779 2471 Jerusalem
831 2432 969 2473 nova
1019 2427 1143 2483 est;
1196 2430 1597 2491 consequenter
1637 2425 1951 2480 sacerdotes
2001 2435 2057 2480 et

480 2503 682 2560 Levita
712 2507 837 2562 novi
881 2518 1062 2573 erunt,
1105 2524 1276 2580 quare
1302 2512 1550 2581 superius
1585 2513 1800 2568 dicebat
1829 2531 1845 2569 :
1881 2532 1900 2566 ι
1939 2513 2053 2570 Non

483 2598 911 2655 recordabuntur
937 2601 1204 2670 priorum,
1236 2611 1292 2657 et
1323 2618 1430 2657 non
1465 2605 1725 2661 ascendet
1768 2606 1820 2662 in
1849 2621 1945 2663 cor
1971 2623 2057 2663 eo-

480 2705 627 2746 rum.
659 2709 679 2744 ι
714 2691 896 2747 Prima
928 2692 1111 2762 itaque
1139 2708 1247 2747 non
1279 2696 1653 2764 permanentia
1691 2708 1885 2765 erant,
1928 2714 2057 2769 qua-

476 2791 701 2853 propter
727 2783 931 2838 dictum
957 2793 1060 2848 est,
1097 2799 1117 2834 ι
1146 2783 1354 2839 Caelum
1381 2795 1439 2841 et
1482 2795 1624 2841 terra
1653 2790 1992 2857 transibunt;
2029 2810 2048 2844 ι

476 2888 544 2928 ac
583 2888 835 2941 rursum,
886 2893 906 2928 ι
953 2874 1254 2930 Plicabitur
1298 2875 1494 2941 coelum
1533 2888 1592 2933 ut
1632 2878 1792 2945 liber,
1842 2891 1898 2935 et
1930 2895 2054 2936 cor-

475 2967 731 3037 ruptione
766 2978 1150 3038 corrumpetur
1195 2979 1361 3027 terra.
1414 2987 1435 3022 ›
1467 2969 1658 3025 Futuri
1696 2986 1825 3028 vero
1864 2973 2050 3028 saeculi

476 3058 735 3126 primitiae
777 3059 1068 3126 Christus;
1098 3060 1293 3116 deinde
1319 3061 1413 3132 qui
1445 3062 1651 3118 Christi
1697 3073 1826 3119 sunt
1854 3064 1908 3120 in
1955 3065 2054 3120 ad-

477 3159 644 3206 ventu
685 3151 824 3221 ejus.
1663 3149 1666 3152 ’

2163 1948 2348 2021 δώρων
2377 1949 2476 2020 τῆς
2497 1948 2606 2002 τῶν
2630 1947 2841 2020 ἀρετῶν
2870 1951 2934 2002 ἐκ
2961 1951 3356 2022 καρποφορίας.

2237 2057 2256 2088 ι
2298 2040 2394 2090 Ὃν
2421 2037 2620 2110 τρόπον
2649 2039 2757 2112 γὰρ
2778 2041 2806 2092 ό
2831 2037 3058 2108 οὐρανὸς
3093 2039 3276 2102 καινὸς
3307 2039 3401 2092 καὶ
3435 2040 3470 2111 η
3511 2039 3581 2110 γῆ
3611 2055 3744 2093 και-

2158 2129 2247 2201 νὴ,
2283 2129 2319 2184 ἃ.
2346 2128 2458 2198 ἐγὼ
2487 2128 2653 2193 ποιῶ,
2696 2130 2846 2201 μένει
2870 2129 3097 2184 ἐνώπιον
3136 2129 3293 2202 ἐμοῦ,
3322 2130 3469 2199 λέγει
3490 2130 3697 2202 Κύριος
3726 2148 3742 2163 ·

2157 2221 2301 2274 οὕτω
2323 2222 2574 2293 στήσεται
2596 2221 2657 2274 τὸ
2691 2221 2910 2292 σπέρμα
2931 2222 3084 2292 ὑμῶν
3112 2223 3206 2276 καὶ
3235 2221 3296 2274 τὸ
3323 2222 3494 2292 ὄνομα
3523 2222 3702 2292 ὑμῶν.
3719 2243 3739 2274 ι

2160 2316 2223 2368 Ei
2247 2314 2354 2386 γὰρ
2375 2315 2602 2386 οὐρανὸς
2628 2314 2812 2376 καινός
2848 2315 2964 2367 ἐστι
2992 2315 3088 2369 καὶ
3119 2316 3155 2386 ἠ
3182 2315 3255 2385 γῆ
3281 2314 3462 2382 καινὴ,
3505 2314 3599 2368 καὶ
3641 2316 3746 2368 Ἰεο

2159 2407 2441 2478 ρουσαλὴμ
2473 2407 2651 2479 καινὴ,
2702 2408 2992 2462 ἀκόλουθον
3022 2408 3090 2461 ἂν
3133 2406 3218 2478 εἴη
3273 2408 3366 2461 καὶ
3413 2407 3538 2470 τοὺς
3571 2407 3744 2476 ἱερεῖς

2157 2500 2254 2553 καὶ
2279 2500 2513 2562 Λευίτας
2545 2500 2762 2564 καινοὺς
2788 2499 3003 2553 ἔσεσθαι
3027 2515 3040 2530 ·
3072 2499 3151 2554 διὸ
3179 2501 3274 2554 καὶ
3306 2501 3363 2552 ἐν
3387 2502 3497 2562 τοίς
3525 2499 3744 2570 ἔμπροο

2159 2591 2282 2646 σθεν
2315 2591 2465 2662 ἔλεγε
2491 2609 2504 2623 ο
2549 2611 2566 2644 ι
2615 2594 2688 2646 Ού
2729 2591 3009 2663 μνησθῶσι
3049 2591 3157 2646 τῶν
3180 2593 3481 2663 προτέρων,
3513 2592 3609 2645 καὶ
3633 2593 3743 2646 οὐκ

2155 2685 2483 2757 ἀναϐήσεται
2536 2685 2714 2740 αὐτῶν
2753 2685 2846 2738 ἐπὶ
2877 2686 2976 2757 τὴν
3010 2685 3255 2757 καρδίαν.
3291 2703 3310 2736 ι
3347 2684 3429 2737 Τά
3487 2684 3586 2755 μὲν
3642 2681 3741 2739 οῦν

2156 2777 2351 2848 πρῶτα
2373 2777 2433 2831 ού
2465 2776 2693 2849 μένοντα
2715 2772 2819 2848 ἦν·
2857 2776 2938 2830 διὸ
2992 2776 3206 2845 ἐλέγετο
3230 2793 3244 2806 ·
3282 2795 3300 2827 ι
3341 2776 3581 2846 Οὐρανὸς
3641 2777 3742 2830 καὶ
3781 2807 3788 2818 ι

2154 2869 2190 2940 ἢ
2217 2869 2287 2940 γῆ
2311 2868 2735 2940 παρελεύσονται
2759 2885 2772 2898 ·
2814 2887 2832 2919 ι
2869 2868 2964 2922 καὶ
2995 2867 3188 2920 πάλιν·
3220 2885 3239 2917 ι
3274 2866 3621 2938 Εἱλιγήσεται
3647 2867 3741 2920 ού-

2156 2960 2318 3032 ρανδς
2340 2959 2416 3024 ῶς
2442 2959 2664 3030 βιϐλίον,
2699 2959 2796 3014 καὶ
2821 2959 2999 3032 «φθορᾷ
3030 2958 3365 3030 φθαρήσεται
3388 2961 3422 3030 ἡ
3455 2959 3548 3030 γῆ.
3576 2978 3595 3010 ι
3625 2958 3737 3012 Τοῦ

2153 3052 2211 3106 δὲ
2244 3051 2524 3122 μέλλοντος
2551 3051 2746 3114 αἰῶνος
2777 3051 2996 3122 ἀπαρχὴ
3031 3048 3267 3122 Χριστός
3288 3066 3302 3080 ·
3336 3048 3525 3103 ἔπειτα
3553 3050 3606 3102 οί
3637 3051 3738 3104 τοῦ

2152 3142 2389 3215 Χριστοῦ
2417 3144 2474 3195 ἐν
2510 3146 2574 3214 τῇ
2602 3143 2874 3215 παρουσίᾳ
2899 3141 3088 3196 αὐτοῦ.

549 3241 714 3297 Vens.
743 3243 836 3297 2'5.
874 3259 894 3294 ι
933 3242 998 3297 Et
1023 3243 1129 3298 erit
1165 3243 1368 3299 mensis
1413 3257 1482 3300 ex
1518 3259 1724 3312 mense,
1764 3256 1821 3302 et
1855 3247 2048 3305 sabba-

2228 3251 2248 3286 ι
2281 3233 2390 3287 Καὶ
2412 3232 2563 3287 ἔσται
2589 3233 2696 3304 μὴν
2731 3234 2794 3286 ἐκ
2823 3233 3012 3304 μηνὸς,
3045 3231 3140 3286 καὶ
3172 3231 3438 3287 σάϐϐατον
3489 3232 3554 3284 ἐκ
3601 3231 3734 3285 σαϐ-

479 3343 592 3388 tum
635 3349 699 3388 ex
738 3334 985 3394 sabbato.
1021 3333 1215 3390 Veniet
1240 3337 1422 3412 omnis
1453 3351 1584 3393 caro
1615 3337 1683 3393 ad
1715 3339 2048 3394 adorandum

2155 3323 2338 3378 ϐάτου.
2365 3323 2522 3388 Ἥξει
2565 3324 2716 3377 πᾶσα
2746 3322 2884 3395 σάρξ
2935 3322 3030 3376 τοῦ
3087 3324 3461 3396 προσκυνῆσαι
3500 3321 3735 3377 ἐνώπιον

478 3427 530 3480 in
574 3436 869 3496 conspectu
915 3443 1036 3484 meo
1081 3430 1132 3484 in
1177 3413 1502 3492 Jerusalem,
1541 3431 1671 3486 dicit
1711 3428 1995 3484 Dominus.
2023 3449 2043 3484 ι

478 3516 776 3571 Sabbatam
843 3525 1024 3571 autem
1074 3517 1276 3573 Christi
1327 3517 1668 3582 intelligendi
1720 3532 1871 3572 more
1921 3532 2053 3572 con-

473 3615 733 3675 gruenter
772 3607 1012 3676 accipias
1054 3624 1154 3677 pro
1188 3608 1634 3663 solemnitatibus
1693 3607 1745 3662 in
1789 3607 1927 3664 coelo
1961 3623 2052 3663 ce-

475 3695 721 3762 lebratis,
769 3707 825 3753 et
871 3713 969 3769 pro
1008 3700 1152 3754 veris
1197 3699 1308 3756 illic
1359 3700 1602 3756 sabbatis
1646 3699 1700 3755 in
1749 3699 2047 3767 mensibus,

474 3799 534 3842 ut
571 3789 645 3844 ibi
689 3805 786 3845 usu
818 3791 1070 3855 veniunt,
1109 3792 1471 3848 celebrandis.
1527 3791 1602 3847 De
1638 3791 1834 3863 quibus
1878 3793 2048 3862 proli-

474 3893 576 3935 xus
619 3890 674 3937 et
712 3882 983 3954 explicato
1015 3882 1246 3939 dillicilis
1283 3897 1465 3939 sermo
1489 3883 1858 3940 instituendus
1881 3893 2046 3950 esset,

472 3974 566 4044 qui
605 3973 769 4046 longo
806 3975 918 4031 otio
949 3985 1002 4031 et
1032 3977 1254 4048 proprio
1278 3986 1599 4048 argumento
1635 3991 1772 4049 opus
1801 3976 2044 4033 haberet.

474 4065 710 4122 Carnem
749 4067 930 4120 autem
969 4081 1183 4122 omnem
1241 4075 1402 4122 vocat
1457 4078 1646 4122 omnes
1695 4073 1921 4139 gentes;
1972 4067 2045 4122 ita

471 4157 614 4211 enim
663 4157 914 4227 superius
963 4158 1270 4223 dicebatur,
1315 4176 1335 4211 ι
1385 4155 1603 4215 Videbit
1654 4168 1834 4214 autem
1869 4160 2045 4214 omnis

470 4264 604 4305 caro
635 4249 886 4305 Salutare
918 4249 1011 4305 Dei
1037 4265 1052 4310 ;
1083 4258 1133 4304 et
1167 4249 1329 4316 alibi,
1370 4267 1389 4301 t
1422 4247 1706 4305 Eﬂundam
1739 4251 1805 4305 de
1839 4248 2044 4320 Spiritu

471 4354 593 4395 meo
621 4353 783 4411 super
815 4354 1027 4395 omnem
1057 4355 1298 4403 carnem,
1351 4350 1405 4396 et
1433 4341 1840 4411 prophetabunt
1867 4341 1918 4395 in
1949 4339 2041 4395 Je-

469 4431 730 4486 rusalem.
795 4449 814 4483 ι
865 4429 1152 4485 Coelestem
1218 4431 1421 4487 indicat
1466 4431 1897 4504 Jerosolymam,
1948 4433 2041 4490 ubi

471 4519 773 4574 Salvatoris
812 4519 982 4573 nostri
1021 4534 1243 4589 regnum
1283 4523 1564 4576 consistet.

2151 3415 2286 3488 ἐμοῦ
2321 3417 2380 3471 ἐν
2417 3415 2782 3488 Ἰερουσαλὴμ,
2816 3411 2937 3468 εἷπε
2959 3415 3183 3488 Κύριος.
3218 3435 3237 3467 ι
3264 3415 3337 3468 Τὸ
3378 3415 3436 3469 δέ
3461 3416 3737 3482 σάϐϐατον

2149 3506 2386 3580 Χριστοῦ
2415 3507 2705 3561 ἀκόλουθόν
2736 3508 2852 3560 ἐστι
2896 3507 3037 3560 κατὰ
3086 3507 3322 3560 διάνοιαν
3365 3505 3734 3577 ἐκλαμϐάνειν

2148 3598 2249 3662 τὰς
2281 3600 2338 3652 ἐν
2367 3598 2584 3670 οὐρανῷ
2616 3597 2809 3672 ἑορτὰς
2831 3598 2927 3652 καὶ
2958 3597 3028 3652 τὰ
3072 3598 3250 3652 ἐκεῖσε
3309 3597 3552 3652 σάϐϐατα
3597 3598 3733 3670 άλη-

2153 3689 2274 3744 θινά
2306 3692 2398 3744 ἐπὶ
2428 3691 2554 3754 τοὺς
2585 3691 2757 3762 μῆνας
2776 3691 2901 3754 τοὺς
2929 3692 3062 3745 ἐκεῖ.
3097 3689 3234 3762 Περὶ
3276 3683 3351 3742 ὧν
3386 3688 3552 3752 πολὺς
3581 3689 3610 3741 δ
3644 3689 3732 3743 λό-

2151 3797 2246 3850 γος
2278 3782 2372 3836 καὶ
2400 3781 2848 3854 δυσερμήνευτος,
2873 3781 3065 3853 σχολῆς
3085 3799 3145 3836 τε
3178 3783 3391 3852 μακρᾶς
3407 3781 3501 3834 καὶ
3523 3780 3727 3846 οἰκείας

2149 3873 2457 3937 ὑποθέσεως
2481 3873 2751 3944 δεόμενος.
2783 3873 2970 3944 Σάρκα
2993 3873 3050 3926 δὲ
3077 3875 3255 3926 πᾶσαν
3281 3872 3427 3941 λέγει
3455 3872 3633 3926 πάντα
3659 3873 3728 3927 τὰ

2148 3965 2272 4037 ἔθνη
2306 3964 2492 4018 τοῦτον
2546 3964 2826 4035 ὀνομάζων
2865 3963 2957 4018 τὸν
2999 3964 3229 4035 τρόπον·
3266 3963 3406 4017 οὕτω
3437 3962 3570 4032 γοῦν
3608 3963 3727 4017 ἐλέ-

2145 4073 2274 4125 γετο
2311 4057 2406 4111 καὶ
2449 4055 2538 4110 διὰ
2569 4057 2678 4111 τῶν
2727 4054 3033 4128 ἔμπροσθεν
3058 4072 3072 4086 ο
3130 4075 3149 4108 ι
3191 4055 3418 4126 Ὄψεται
3465 4054 3523 4107 δέ
3576 4057 3728 4109 πᾶσα

2147 4149 2284 4222 σάρξ
2327 4149 2390 4203 τὸ
2423 4151 2698 4221 Σωτήριον
2726 4149 2818 4202 τοῦ
2845 4147 2979 4202 Θεοῦ
2999 4165 3012 4179 ⁸
3049 4166 3069 4200 ι
3100 4149 3194 4202 καὶ
3223 4147 3454 4219 ἀλλαχοῦ
3475 4165 3489 4178 ·
3531 4166 3551 4198 ι
3598 4147 3723 4201 Ἐκ-

2145 4241 2254 4312 χεῶ
2286 4241 2394 4295 ἀπὸ
2425 4240 2518 4295 τοῦ
2545 4240 2861 4312 Πνεύματός
2901 4257 3000 4311 μου
3030 4241 3121 4294 ἐπὶ
3165 4243 3345 4300 πᾶσαν
3383 4241 3583 4313 σάρκα,
3633 4243 3727 4295 καὶ

2145 4333 2612 4407 προφητεύσουσιν
2655 4335 2714 4388 ἐν
2771 4333 3148 4404 Ἰερουσαλήμ.
3182 4352 3202 4386 ι
3238 4334 3348 4405 Τὴν
3402 4334 3725 4404 ἐπουράνιον

2145 4429 2399 4500 σημαίνει
2436 4427 2812 4500 Ἰερουσαλὴμ,
2838 4425 2968 4481 ἔνθα
2990 4427 3314 4497 συστήσεται
3336 4428 3371 4497 ἡ
3411 4425 3504 4479 τοῦ
3539 4425 3728 4496 Σωτῆ-

2145 4536 2236 4591 ρος
2257 4521 2413 4591 ἡμῶν
2441 4520 2707 4591 βασιλεία.

541 4611 708 4666 Vens.
743 4611 836 4666 2i.
878 4627 898 4661 ι
945 4609 1012 4665 Ει
1043 4611 1272 4666 exibunt
1300 4621 1356 4667 et
1393 4611 1648 4667 videbunt
1681 4613 1919 4668 membra
1946 4614 2044 4668 lio-

2217 4631 2235 4664 ι
2291 4613 2401 4666 Καὶ
2451 4611 2822 4678 ἐξελεύσονται
2883 4614 2976 4668 καὶ
3027 4613 3249 4678 δψονται
3297 4612 3368 4666 τά
3407 4611 3555 4678 κῶλα
3608 4610 3724 4664 τῶν

469 4705 694 4769 utinum,
731 4703 822 4773 qui
859 4704 1198 4772 pricvaricati
1247 4714 1373 4759 sunt
1414 4704 1467 4758 in
1504 4718 1610 4759 me.
1639 4702 1851 4760 Vermis
1888 4706 2033 4760 enim

465 4811 654 4852 eorum
681 4810 788 4849 non
821 4795 1102 4862 morietur,
1132 4804 1187 4850 et
1213 4795 1354 4866 ignis
1379 4809 1562 4849 eorum
1591 4782 1697 4850 non
1724 4797 2037 4867 exstingue-

467 4897 578 4953 tur,
615 4896 672 4943 et
704 4897 866 4941 erunt
896 4887 948 4940 in
974 4896 1322 4955 conspectum
1359 4887 1505 4941 omni
1533 4887 1707 4942 carni.
1742 4909 1762 4941 ι
1793 4887 2024 4954 Quinam

465 4979 520 5034 hi
551 4987 733 5034 essent
759 4976 918 5032 initio
947 4975 1245 5046 prophetia:
1266 4977 1404 5030 dixit
1437 4976 1522 5031 his
1551 4976 1765 5033 verbis:
1806 4997 1824 5030 ι
1867 4976 2033 5034 Filios

463 5075 660 5144 genui,
706 5082 762 5128 et
807 5071 1088 5127 exaltavi:
1124 5071 1224 5137 ipsi
1273 5081 1454 5125 autem
1498 5081 1820 5140 spreverunt
1865 5086 1970 5126 me.
2008 5091 2027 5124 ι

464 5164 562 5218 llis
587 5178 717 5233 ergo
755 5161 1064 5218 subindicat
1096 5161 1217 5216 illos
1256 5176 1322 5216 ex
1347 5159 1568 5227 ludatis,
1601 5161 1691 5232 qui
1727 5161 2024 5218 salutarem

462 5255 694 5322 gratiam
736 5253 1115 5324 repudiarunt.
1155 5252 1310 5307 llunc
1360 5253 1649 5322 impiorum
1701 5267 1822 5308 esse
1873 5255 2032 5310 linem

461 5346 650 5400 deﬁnit
681 5346 930 5401 Salvator
965 5354 1150 5402 noster
1197 5346 1249 5400 iu
1293 5344 1618 5417 Evangeliis,
1651 5359 1747 5400 eos
1782 5347 1872 5416 qui
1903 5362 1932 5400 a
1962 5346 2035 5402 si-

462 5439 648 5494 nistris
679 5439 796 5508 ejus
845 5438 1070 5494 stabunt
1117 5439 1197 5493 sic
1243 5436 1562 5507 alloquens:
1597 5455 1615 5489 ι
1664 5437 1933 5493 Discedite
1976 5439 2028 5493 in

459 5530 639 5599 ignem
664 5542 951 5597 attcrnum,
971 5543 1216 5602 paratum
1242 5531 1458 5587 diabolo
1475 5531 1746 5601 etangclis
1769 5530 1886 5602 ejus
1904 5532 1968 5584 ³⁸.
2005 5551 2022 5584 ι

459 5621 928 5686 Quemadmodum
958 5623 1125 5693 igitur
1156 5623 1228 5679 ibi
1262 5633 1499 5678 aeternus
1530 5623 1731 5677 dicitur
1759 5622 1915 5694 ignis,
1948 5625 2028 5679 sic

459 5720 511 5766 ct
540 5713 641 5767 hoc
667 5712 788 5768 loco
824 5732 842 5765 ι
869 5714 1326 5788 ἱιιειειὶηειιὶυἱίίε
1351 5715 1570 5780 dicitur,
1601 5730 1703 5770 una
1736 5714 2028 5785 eademque

525 5893 571 5926 "
591 5890 777 5950 ﬂattlt.
813 5907 937 5956 xxv,
966 5892 1052 5949 il.

2143 4702 2447 4775 ἀνθρώπων
2497 4703 2607 4758 τῶν
2667 4705 3129 4778 παραϐεϐηκότων
3183 4707 3241 4758 ἐν
3314 4703 3454 4775 ἐμοί.
3497 4704 3557 4756 ’0
3609 4704 3725 4775 γὰρ

2145 4794 2359 4865 σκώληξ
2387 4794 2566 4848 αὐτῶν
2595 4796 2655 4848 ού
2682 4796 3012 4868 τελευτήσει,
3040 4797 3131 4850 καὶ
3175 4796 3236 4849 τὸ
3284 4795 3394 4867 πῦρ
3434 4793 3612 4848 αὐτῶν
3656 4794 3722 4847 οὑ

2143 4886 2522 4957 σϐεσθήσεται,
2553 4888 2648 4940 καὶ⁸
2696 4887 2908 4940 ἔσονται
2953 4888 3034 4951 είς
3072 4888 3263 4958 ὅρασιν
3289 4885 3438 4959 πάσῃ
3465 4884 3649 4956 σαρκί.
3695 4902 3715 4934 ι

2142 4973 2297 5036 Τίνες
2317 4973 2374 5025 δὲ
2400 4969 2540 5044 ἦσαν
2572 4968 2737 5039 οὗτοι,
2763 4977 2820 5028 ἐν
2844 4976 2985 5046 ἀρχῇ
3022 4974 3124 5046 τῆς
3157 4974 3490 5047 προφητείας
3528 4973 3718 5043 ἐδήλου

2139 5068 2312 5139 λέγων
2335 5086 2348 5100 ο
2385 5089 2403 5122 ι
2439 5070 2598 5134 Υίοὺς
2639 5071 2920 5142 ἐγέννησα,
2964 5072 3057 5123 καὶ
3099 5069 3322 5140 ὕψωσα·
3368 5067 3521 5122 αὐτοὶ
3551 5067 3605 5120 δέ
3648 5082 3719 5137 με

2134 5162 2424 5232 ἠθέτησαν.
2464 5183 2481 5213 ι
2525 5161 2770 5232 ᾘνίξατο
2795 5163 2970 5216 τοίνυν
3013 5163 3140 5225 τοὺς
3190 5163 3257 5215 ἐκ
3312 5158 3407 5213 τοῦ
3448 5159 3718 5214 Ἰουδαίων

2135 5254 2320 5319 ἔθνους
2350 5255 2448 5326 τὴν
2469 5256 2733 5327 σωτήριον
2757 5255 3128 5328 ἀθετήσαντας
3151 5255 3332 5326 χάριν.
3374 5253 3438 5306 ’³0
3469 5252 3532 5323 δὴ
3563 5250 3717 5317 τέλος

2134 5345 2246 5399 τῶν
2270 5346 2484 5400 ἀσεϐῶν
2513 5345 2752 5417 ὁρίζεται
2783 5347 2877 5400 καὶ
2903 5347 2932 5398 ὁ
2961 5347 3153 5418 Σωτὴρ
3179 5346 3336 5416 ἡμῶν
3375 5348 3434 5399 ἐν
3465 5343 3713 5413 Εὐάγγε-

2134 5437 2271 5502 λίοις
2293 5437 2462 5491 εἰπὼν
2485 5442 2598 5502 τοῖς
2625 5440 2704 5501 είς
2730 5439 2799 5492 τά
2827 5437 3092 5510 ἀριστερά
3117 5436 3283 5491 αὑτοῦ
3321 5437 3670 5509 στησομένοις
3693 5449 3709 5467 ·

2142 5549 2160 5581 ι
2198 5529 2502 5600 Πορεύεσθε
2525 5531 2604 5593 εἰς
2636 5530 2698 5584 τὸ
2733 5530 2852 5604 πῦρ
2870 5531 2931 5584 τὺ
2952 5528 3190 5593 αἰώνιον,
3225 5529 3285 5584 τὸ
3312 5528 3710 5601 ἡτοιμασμένον

2135 5621 2212 5691 τῷ
2236 5620 2467 5692 διαϐόλῳ
2514 5622 2609 5675 καὶ
2645 5627 2757 5687 τοῖς
2802 5625 3054 5693 ἀγγέλοις
3093 5621 3276 5676 αὐτοῦ.
3322 5640 3342 5674 ι
3376 5622 3586 5692 ’Ὥσπερ
3616 5615 3706 5673 οὖν

2133 5712 2496 5786 ἐκεῖναίὼνιον
2525 5715 2738 5788 εἴρηται
2777 5717 2906 5788 πῦρ,
2953 5715 3094 5772 οὕτω
3141 5715 3232 5768 καὶ
3286 5711 3516 5768 ἐνταῦθα
3549 5710 3709 5767 ἄσϐε-
