3968 6540
467 448 572 505 527
692 518 695 521 δ
1146 439 1410 495 ausae“
1448 437 1921 494 cassannmsrs
1959 435 2032 495 οι

2155 436 2334 491 PARS
2375 436 2461 491 Ill.
2504 471 2570 478 —
2603 436 3011 493 EXEGETICA.

3613 442 3739 499 528

468 567 673 618 sionem
725 562 959 615 arbitror
1004 558 1068 614 de
1115 561 1353 614 secundo
1389 560 1588 615 Christi
1625 560 1856 614 adventu
1908 559 2032 613 scri-

2152 558 2272 610 σθαι
2302 559 2429 629 περὶ
2462 559 2561 629 τῆς
2606 559 2863 631 δευτέρας
2910 558 3147 629 ἀφίξεως
3180 560 3270 613 τοῦ
3306 560 3540 632 Χριστοῦ
3583 563 3741 633 γράο

468 653 626 708 hcndi
660 653 812 707 haec:
847 650 910 704 In
937 650 1114 719 jussu,
1146 651 1196 703 in
1231 667 1349 703 voce
1376 651 1699 720 archangeli,
1738 660 1785 704 et
1818 651 1875 704 in
1915 650 2037 705 tuba

464 744 564 800 Dei
620 741 890 798 descendet
944 742 1008 796 de
1038 741 1165 796 caelo
1188 741 1265 807 ⁸⁸,
1311 752 1365 796 et
1410 742 1635 811 reliqua.
1682 743 1851 798 Porro
1899 744 2037 796 idem

466 836 735 906 apostolus
778 846 1082 889 extremum
1129 851 1341 907 quoque
1386 835 1706 889 Antichristi
1743 836 2036 889 adventum

463 927 576 981 sive
622 927 999 997 perditionem,
1053 937 1348 996 posteaque
1393 926 1683 995 gloriosam
1732 926 2038 981 Servatoris

464 1021 632 1075 nostri
692 1021 1063 1089 prmsentiam,
1107 1028 1474 1074 consentanee
1516 1019 1772 1073 vaticinio
1816 1020 2036 1074 exhibet

464 1113 649 1168 dicens
686 1135 699 1168 :
736 1110 900 1166 Nemo
940 1128 1029 1165 vos
1077 1109 1187 1164 ulla
1231 1112 1383 1163 ntodo
1430 1110 1692 1179 decipiat;
1745 1111 1846 1163 nisi
1902 1120 2037 1164 certe

460 1205 608 1272 prius
659 1205 886 1258 evenerit
932 1203 1230 1271 apostasia,
1274 1212 1321 1256 et
1369 1201 1631 1256 revelatus
1675 1200 1831 1270 fuerit
1882 1202 2034 1254 homo

459 1297 659 1364 peccati
698 1312 787 1350 seu
820 1295 1129 1363 perditionis
1170 1294 1337 1363 ﬁlius,
1380 1294 1470 1363 qui
1512 1293 1820 1346 adversatur
1855 1301 1903 1345 et
1942 1308 2033 1346 eat--

461 1387 665 1439 tollitur
712 1403 872 1454 supra
916 1402 1066 1440 omne
1112 1386 1251 1454 quod
1299 1385 1495 1436 dicitur
1548 1383 1720 1447 Deus,
1767 1392 1858 1436 aut
1897 1383 2036 1452 quod

461 1477 692 1529 colitur:
728 1479 801 1530 ita
836 1486 888 1529 ut
934 1478 989 1529 in
1032 1476 1222 1543 templo
1267 1474 1371 1530 Dei
1409 1477 1622 1541 sedeat,
1672 1484 1938 1528 ostentans
1982 1491 2036 1529 se

460 1578 713 1636 tanquam
759 1569 824 1622 sit
878 1566 1042 1620 Deus.
1108 1565 1297 1621 Nonne
1361 1568 1671 1620 meministis
1723 1583 1803 1620 me
1862 1568 2034 1620 adhuc

458 1660 600 1724 apud
634 1676 720 1713 vos
764 1669 1053 1713 versantem
1081 1659 1190 1713 lucc
1234 1662 1404 1715 dicere
1424 1661 1512 1712 ³⁸⁸2
1539 1668 1592 1713 et
1624 1660 1845 1728 reliqua.
1910 1658 2034 1713 Haec

462 1749 723 1804 mirificus
768 1750 842 1803 ait
879 1750 1168 1818 Apostolus
1217 1751 1269 1805 in
1302 1766 1400 1805 sua
1444 1752 1507 1806 de
1542 1752 1647 1805 line
1690 1752 1906 1806 humani
1941 1766 2034 1821 ge-

460 1843 607 1896 neris
644 1842 921 1905 oratione;
962 1842 1199 1897 Dauielis
1226 1844 1507 1913 prophetm
1542 1843 1797 1897 vaticinia
1825 1843 1891 1897 de
1921 1842 2033 1895 An-

2147 667 2315 719 φοντα
2345 650 2552 703 τοιάδε’
2583 651 2713 704 ’Ὁτι
2745 653 2929 718 αὐτὸς
2958 655 2991 706 ό
3009 654 3222 719 Κύριος
3241 653 3311 706 ἐν
3334 654 3735 723 κελεύσματι,

2138 742 2208 795 ἐν
2226 741 2396 811 φωνῇ
2415 742 2791 812 ἀρχαγγέλου
2824 744 2920 797 καὶ
2944 744 3013 797 ἐν
3042 739 3327 815 σάλπιγγι
3366 746 3511 798 Θεοῦ
3550 763 3740 799 κατα-

2141 834 2384 900 ϐήσεται
2405 835 2505 888 ἀπ’
2539 836 2822 903 οὐρανοῦ,
2854 837 2948 889 καὶ
2977 836 3044 888 τὰ
3068 836 3213 906 ἑξῆς.
3244 836 3301 889 ’0
3324 836 3368 889 δ’
3403 838 3566 901 αὐτὸς
3586 838 3739 891 ἁπό-

2141 925 2325 988 στολος
2356 926 2447 977 καὶ
2474 926 2571 997 τὴν
2605 926 2841 997 ὑστάτην
2873 926 2968 978 τοῦ
3016 926 3384 996 Ἀντιχρίστου
3418 928 3602 997 ἄφιξιν
3619 930 3733 1000 τὴν

2138 1019 2233 1071 καὶ
2264 1017 2557 1083 ἀπώλειαν,
2592 1020 2688 1073 καὶ
2722 1021 2813 1072 ἐπὶ
2837 1019 3009 1091 ταύτῃ
3035 1019 3135 1090 τὴν
3154 1020 3245 1073 τοῦ
3279 1021 3531 1092 Σωτῆρος
3559 1023 3592 1090 ὴ
3603 1022 3732 1091 μῶν

2137 1109 2344 1175 ἔνδοξον
2370 1111 2669 1179 παρουσίαν
2696 1108 3001 1174 ἀκολούθως
3016 1114 3082 1182 τῇ
3098 1108 3402 1181 προφητείᾳ
3420 1110 3733 1180 παρίστησι

2136 1203 2327 1273 λέγων·
2364 1207 2423 1257 Μ
2428 1202 2555 1270 ήτις
2584 1201 2738 1272 ὑμᾶς
2766 1202 3123 1272 ἐξαπατήσῃ
3155 1204 3302 1257 κατὰ
3330 1201 3565 1271 μηδένα
3594 1203 3735 1270 τρό-

2137 1310 2281 1349 πον’
2319 1295 2408 1348 ὅτι
2431 1295 2539 1349 ἐὰν
2555 1294 2642 1365 μὴ
2668 1296 2815 1364 ἔλθῃ
2855 1296 2893 1363 ἡ
2928 1296 3275 1350 ἀποστασία
3318 1296 3572 1364 πρῶτον,
3616 1294 3731 1349 καὶ

2136 1388 2538 1457 ἀποκαλυφθῇ
2576 1391 2608 1441 ό
2645 1387 2949 1455 ἅνθρωπος
2998 1387 3110 1456 τῆς
3151 1388 3457 1457 ἁμαρτίας,
3511 1390 3544 1440 ὁ
3590 1388 3732 1452 υίὸς

2136 1481 2248 1548 τῆς
2280 1481 2599 1546 ἀπωλείας,
2628 1484 2661 1535 ό
2695 1480 3104 1550 ἀντικείμενος
3134 1478 3231 1532 καὶ
3253 1480 3729 1547 ὑπεραιρόμενος

2135 1572 2232 1624 ἐπὶ
2273 1573 2470 1628 πάντα
2497 1574 2792 1643 λεγόμενα
2824 1571 2971 1625 Θεὸν
3010 1571 3048 1639 ἣ
3082 1572 3380 1640 σέϐασμα,
3424 1570 3580 1623 ὥστε
3620 1572 3735 1623 αὺ-

2135 1667 2241 1719 τὸν
2258 1667 2345 1730 είς
2374 1664 2480 1717 τὸν
2514 1662 2666 1718 ναὸν
2696 1664 2799 1718 τοῦ
2815 1663 2963 1717 Θεοῦ
2986 1665 3248 1727 καθίσαι,
3278 1661 3730 1716 ἀποδεικνύντα

2134 1756 2350 1811 ἑαυτὸν
2370 1755 2459 1809 ὅτι
2483 1755 2615 1809 ἔστι
2641 1757 2778 1820 Θεός
2800 1772 2814 1786 ο
2849 1756 2921 1807 οὐ
2942 1754 3348 1823 μνημονεύετε
3380 1752 3468 1805 ὅτι
3513 1753 3604 1806 ἔτι
3633 1750 3732 1805 ὢν

2133 1849 2283 1917 πρὸς
2310 1846 2467 1918 ὑμᾶς
2512 1847 2700 1901 ταῦτα
2743 1848 2957 1917 ἔλεγον
3005 1846 3147 1915 ὑμῖν
3172 1862 3190 1908 ;
3220 1846 3315 1900 καὶ
3335 1846 3403 1900 τὰ
3440 1844 3585 1916 ἑξῆς.
3615 1845 3731 1897 Το-

459 1933 730 2001 tichristo,
770 1944 824 1988 et
875 1935 939 1988 de
979 1933 1227 2004 .glorioso
1270 1933 1578 1989 Servatoris
1621 1935 1792 1989 nostri
1838 1948 2028 2005 regno,

2136 1939 2305 1993 σαῦτα
2323 1941 2350 1991 ὁ
2379 1938 2680 2009 θαυμάσιος
2704 1935 3024 2001 Ἀπόστολος
3041 1938 3097 1989 ὲν
3122 1939 3234 1999 τοῖς
3251 1937 3377 2007 περὶ
3408 1934 3728 1999 συντελείας

456 2024 617 2081 ﬁdem
649 2036 922 2082 astruens.

527 2303 582 2357 6.
627 2303 758 2357 Dan.
784 2316 861 2368 ιιι,
884 2301 976 2355 26.
1012 2301 1279 2356 Delabitur
1310 2304 1509 2358 unctio.
1554 2302 1793 2359 Eusebii.
1823 2303 2028 2359 Vanam

450 2397 562 2467 jam
609 2406 664 2452 et
704 2407 899 2467 praeter
933 2397 1102 2467 legem
1150 2396 1458 2452 unctionem
1509 2408 1853 2467 coarguens:
1890 2398 2032 2466 quod

456 2490 598 2544 idem
626 2490 693 2545 de
723 2489 1005 2545 sacriﬁciis
1030 2498 1085 2545 et
1114 2490 1179 2544 de
1211 2490 1417 2545 fmdcre
1448 2488 1652 2543 factum
1698 2489 1864 2543 dices.
1905 2488 2030 2544 Htec

455 2582 600 2637 enim
638 2592 787 2638 recte
835 2582 1180 2654 legitimeque
1215 2582 1613 2651 peragebantur
1646 2591 1775 2636 ante
1828 2580 2032 2635 Serva-

457 2675 589 2730 toris
628 2675 796 2730 nostri
841 2676 1173 2745 passionem,
1204 2675 1328 2743 quia
1374 2674 1543 2728 virtus
1574 2673 1749 2728 adhuc
1789 2673 2032 2729 caelestis

456 2769 575 2824 loca
606 2779 794 2824 sancta
838 2769 1137 2824 obsidebat.
1180 2766 1380 2822 Verum
1419 2766 1606 2822 eadem
1657 2764 2031 2821 mox‘sublata

454 2860 696 2926 luerunt,
740 2866 962 2931 propter
1014 2862 1140 2916 illud
1172 2860 1489 2932 perfectum
1545 2857 1763 2930 Deoque
1811 2860 2028 2931 dignum

455 2953 814 3017 sacriﬁcium,
870 2968 976 3023 quo
1029 2955 1320 3024 semetipse
1363 2952 1557 3009 obtulit
1626 2966 1723 3023 pro
1789 2950 2027 3019 peccatis

454 3049 683 3103 nostris.
710 3049 803 3103 Est
833 3051 978 3103 enim
1012 3049 1057 3104 is
1083 3049 1269 3119 Agnus
1304 3046 1421 3112 Dei,
1458 3047 1548 3117 qui
1580 3046 1718 3099 tollit
1748 3052 2029 3114 peccatum

455 3138 665 3201 mundi,
687 3137 857 3192 hostia
880 3138 1134 3191 nimirum
1163 3152 1260 3208 pro
1284 3136 1495 3192 cunctis
1522 3134 1849 3190 hominibus.
1871 3132 2031 3187 Novis

455 3229 754 3299 mysteriis,
803 3244 940 3284 novo
984 3228 1189 3284 fmdere
1236 3228 1400 3293 inito,
1440 3228 1719 3298 antiquum
1772 3224 2024 3280 exolevit.

2132 2031 2226 2084 τοῦ
2260 2030 2375 2101 βίου
2398 2029 2641 2101 διεξῆλθε
2657 2028 2856 2097 λόγοις,
2892 2028 2961 2081 τὰ
2992 2027 3080 2081 διὰ
3102 2026 3198 2080 τοῦ
3222 2027 3497 2099 προφήτου
3520 2027 3726 2096 Δανιὴλ

2132 2123 2260 2193 περὶ
2279 2119 2371 2174 τοῦ
2430 2121 2815 2191 Ἀντιχρίστου,
2868 2120 3093 2190 καὶτῆς
3139 2118 3234 2173 τοῦ
3269 2118 3519 2190 Σωτῆρος
3561 2119 3728 2189 ἡμῶν

2132 2213 2342 2278 ἐνδόξου
2378 2212 2654 2282 βασιλείας
2678 2211 3079 2283 τεθεσπισμένα
3108 2211 3486 2281 πιστούμενος.

2204 2313 2277 2371 ς’.
2344 2304 2947 2374 Ἐξολοθρευθήσεται
2996 2304 3243 2373 χρίσμα.
3302 2303 3589 2357 Εὐσεδίου.
3643 2302 3725 2356 Τὸ

2131 2398 2352 2468 ἄκριτον
2395 2398 2488 2450 καὶ
2525 2394 2843 2467 παράνομον
2884 2395 3063 2447 αὐτῶν
3112 2393 3498 2447 διαϐάλλουσα·
3544 2392 3727 2455 οὕτως

2129 2489 2185 2541 δὲ
2209 2489 2303 2542 καὶ
2337 2490 2431 2542 ἐπὶ
2458 2491 2557 2559 τῆς
2591 2488 2785 2552 θυσίας
2806 2487 2902 2542 καὶ
2926 2490 3024 2559 τῆς
3053 2487 3288 2558 σπουδῆς
3311 2485 3724 2558 συμϐεϐηκέναι

2131 2581 2351 2652 φήσεις
2391 2580 2564 2651 ὀρθῶς
2606 2582 2703 2651 μὲν
2746 2579 2841 2633 καὶ
2873 2579 3013 2633 κατὰ
3049 2580 3213 2651 νόμον
3242 2579 3347 2651 πρὸ
3389 2578 3481 2631 τοῦ
3509 2576 3724 2639 πάθους

2130 2673 2222 2727 τοῦ
2254 2673 2506 2744 Σωτῆρος
2531 2673 2690 2744 ἡμῶν
2712 2673 3139 2744 ἐπιτελουμένης
3154 2673 3242 2726 διὰ
3259 2672 3357 2741 τὴν
3379 2673 3458 2736 είς
3487 2671 3566 2723 ἔτι
3595 2669 3721 2722 τότε

2131 2763 2199 2816 τὰ
2241 2763 2349 2817 τῶν
2390 2763 2559 2832 ἁγίων
2599 2763 2780 2817 τόπων
2810 2762 3095 2835 ἐφορῶσαν
3135 2761 3397 2833 δύναμιν·
3430 2777 3722 2833 περιαιρε-

2133 2853 2319 2923 θείσης
2340 2852 2397 2906 δὲ
2420 2852 2618 2907 αὐτίκα
2651 2852 2787 2924 μετὰ
2812 2852 2910 2923 τὴν
2940 2850 3107 2905 αὐτοῦ
3131 2850 3342 2903 τέλειαν
3368 2850 3466 2902 καὶ
3483 2849 3719 2919 θεοπρε-

2132 2946 2206 3017 πῆ
2241 2944 2449 3010 θυσίαν,
2475 2946 2541 3017 ῆν
2570 2944 2942 3017 προσήνεγκεν
2970 2943 3132 3006 αὐτὸς
3173 2940 3363 2995 ἑαυτὸν
3410 2940 3553 3011 ὑπὲρ
3606 2940 3720 2993 τῶν

2132 3036 2413 3109 ἁμαρτιῶν
2450 3036 2639 3107 ἡμῶν·
2691 3036 2853 3099 αὑτός
2886 3052 2945 3089 τε
2976 3034 3051 3089 ὢν
3080 3036 3110 3087 ὁ
3161 3033 3355 3105 Ἀμνδς
3378 3031 3471 3087 τοῦ
3510 3031 3649 3085 Θεοῦ
3686 3034 3720 3085 δ

2132 3127 2303 3199 αἴρων
2334 3126 2433 3199 τὴν
2465 3128 2738 3199 ἁμαρτίαν
2760 3127 2852 3181 τοῦ
2881 3128 3082 3198 κόσμου
3102 3127 3184 3190 είς
3207 3124 3396 3179 θυσίαν
3427 3125 3591 3178 πᾶσιν
3615 3124 3717 3177 ἁν-

2133 3220 2397 3293 θρώποις’
2424 3220 2564 3274 κατὰ
2592 3221 2659 3275 τὰ
2684 3221 2844 3274 καινὰ
2880 3222 3156 3293 μυστήρια
3184 3219 3284 3290 τῆς
3316 3217 3507 3287 καινῆς
3525 3217 3716 3289 διαθή-

456 3319 629 3375 Simul
671 3334 735 3374 ac
781 3321 922 3373 enim
970 3319 1250 3373 oraculum
1291 3319 1418 3373 illud
1462 3320 1791 3387 completum
1823 3327 1925 3382 est,
1959 3315 2025 3370 Et

2136 3332 2232 3387 κης
2260 3313 2677 3385 παραδοθείσης,
2708 3313 2777 3367 τὰ
2815 3314 2914 3384 τῆς
2954 3312 3190 3375 παλαιᾶς
3226 3310 3544 3382 περιῄρετω
3573 3309 3715 3380 ὁμοῦ

455 3410 724 3465 roborabit
757 3408 926 3479 [rudus
970 3409 1153 3464 multis
1186 3409 1519 3463 hebdomada
1565 3424 1702 3474 una,
1748 3408 2029 3477 antiquum

458 3501 647 3557 [tedas
667 3503 846 3557 desiit.

2131 3404 2240 3477 γὰρ
2260 3405 2320 3457 τὸ
2350 3403 2686 3475 πληροῦσθαι
2724 3405 2785 3457 τὸ
2813 3404 3022 3473 φάσκον
3068 3403 3267 3471 λόγιον,
3298 3401 3409 3456 Kal
3444 3398 3717 3469 δυναμώ-

2133 3511 2230 3550 σει
2245 3495 2544 3565 διαθήκην
2574 3495 2825 3563 πολλοῖς
2842 3495 3096 3566 ἑϐδομὰς
3112 3497 3241 3565 μία,
3269 3494 3340 3548 τὰ
3356 3495 3454 3565 τῆς
3477 3493 3716 3557 παλαιᾶς

2130 3589 2393 3661 διαθήκης
2420 3589 2732 3661 περιῄρετο.

3377 3766 3687 3783 -⁴

536 3852 1063 3932 Οδίρηωςϐγωοῳ,
1097 3869 1246 3932 cura
1270 3854 1326 3912 J.
1363 3854 1434 3932 ᾼ.
1465 3851 1746 3932 Crameri
1776 3867 1948 3914 anno
2000 3852 2155 3915 18bit
2195 3854 2433 3917 Oxonii
2487 3853 2697 3924 editta,
2758 3853 2882 3915 sub
2910 3852 3169 3915 Eusebii
3225 3853 3487 3915 nomine
3537 3851 3712 3932 frag-

457 3938 668 3991 menta
702 3930 854 3991 satis
885 3929 1088 4008 ampla
1124 3930 1192 3991 in
1225 3930 1587 4008 Matthmum
1621 3938 1681 3991 et
1717 3931 1782 3992 in
1817 3935 2127 3993 Joannem
2165 3934 2494 3995 exhibent.
2548 3933 2695 3993 Haec
2729 3933 3116 3994 verbotenus
3167 3932 3477 3993 derivavit
3502 3929 3710 3991 colle-

457 4016 700 4088 ctorex
737 4007 1000 4088 Eusebii
1031 4007 1494 4083 Qutestionibus
1536 4008 1909 4087 euangelicis
1966 4027 2162 4088 supra
2206 4012 2423 4073 editis.
2479 4010 2620 4070 Alia
2657 4011 2925 4086 insuper
2974 4010 3138 4071 bene
3189 4009 3390 4088 multa
3434 4026 3580 4087 qum
3624 4011 3703 4070 ad

456 4087 718 4149 eosdem
748 4085 1175 4166 evangelistas
1211 4097 1273 4149 et
1306 4085 1708 4167 ad‘Marcum'
1734 4085 2070 4167 spectant;
2103 4097 2340 4151 catena;
2388 4089 2649 4167 Nicetes,
2705 4085 3122 4160 PoSsinianm,
3148 4085 3577 4167 'Corderia’nte
3615 4087 3711 4167 in-

463 4173 650 4248 serta,
680 4164 980 4245 leguntur
1012 4174 1144 4248 tum
1169 4184 1360 4246 supra
1393 4164 1951 4248 iu_Supplemento
1982 4166 2407 4242 Quaestionum
2441 4166 2523 4227 ad
2548 4167 2928 4247 Stephanum
2953 4209 2971 4242 ,
3017 4173 3151 4229 tum
3187 4167 3255 4227 in
3288 4166 3586 4248 sequenti
3625 4166 3707 4226 ad

469 4243 697 4305 Lucam
731 4243 1204 4307 commentario.
1246 4243 1427 4307 Ευιτ.
1461 4243 1656 4306 Pun.

2462 4392 2648 4407 _

1230 4556 1991 4687 EUSEBIUS
2079 4560 2240 4684 IN
2279 4478 2905 4689 .LUCAM.

879 4791 1105 4861 (Augelo
1137 4790 1264 4859 ΜΑι,
1294 4789 1619 4845 Bibliotheca
1649 4808 1778 4846 nova
1812 4791 2032 4847 Patrum

2136 4810 2221 4849 tm.
2260 4793 2348 4858 IV,
2384 4812 2507 4867 pag.
2539 4797 2659 4852 159.
2699 4798 2882 4851 Roma:
2912 4797 3071 4863 1847,
3107 4798 3158 4851 in
3183 4796 3281 4867 4⁸.)

2035 4955 2103 4967 -ο

1775 5129 2398 5222 MONITUM.

531 5327 697 5392 Quem
730 5326 785 5381 in
816 5325 1243 5397 subsequentibus
1272 5323 1481 5394 paginis
1513 5322 1708 5378 edituri
1734 5338 1917 5375 sumus
1974 5318 2189 5375 Eusebii
2238 5323 2693 5388 commentarium,
2742 5323 3031 5393 vel'potius
3080 5324 3197 5395 ejus
3238 5334 3412 5395 partes
3436 5325 3508 5377 ad
3550 5313 3737 5378 ἐμαί

459 5416 826 5489 Evangelium,
858 5435 923 5473 ea:
951 5402 1182 5490 quatuor
1225 5419 1544 5486 sumpsimus
1571 5417 1901 5471 bibliothecte
1942 5414 2212 5471 Vaticana:
2244 5417 2537 5476 codicibus.
2570 5418 2809 5474 'Primus
2838 5429 2936 5483 est,
2968 5436 3119 5491 quem
3157 5420 3493 5489 designamus
3526 5420 3704 5473 littera

459 5515 524 5579 Α,
553 5528 775 5583 magnus
805 5512 896 5566 ille
928 5524 1132 5568 catena:
1164 5512 1384 5567 Patrum
1418 5511 1727 5568 Grecorum
1757 5514 1815 5566 in
1845 5509 2045 5566 Lucam
2072 5513 2258 5577 codex,
2290 5525 2509 5567 auctore
2556 5513 2744 5570 Niceta
2775 5514 3059 5571 Serrarum
3095 5516 3355 5584 episcopo,
3402 5514 3557 5583 cujus
3607 5530 3698 5568 nos

462 5622 658 5663 catena
685 5616 885 5675 partem
915 5610 1223 5663 mediocrem
1245 5609 1363 5677 jam
1390 5608 1654 5662 edidimus
1690 5616 1833 5662 tanta
1866 5621 1923 5661 ιι
1954 5605 2158 5675 Script.
2198 5616 2331 5673 vet.,
2363 5618 2575 5678 excepto
2606 5606 2852 5676 Eusebio,
2893 5624 3047 5679 quem
3078 5610 3358 5677 separatim
3412 5614 3540 5661 dare
3585 5624 3704 5661 con-

459 5703 827 5768 stitueramus;
852 5714 1061 5772 excepto
1090 5704 1211 5758 item
1241 5688 1464 5773 Cyrillo,
1494 5713 1544 5757 et
1569 5701 1690 5757 aliis
1722 5703 1945 5773 aliquot,
1982 5703 2046 5759 de
2074 5702 2261 5773 quibus
2289 5701 2419 5756 alibi
2443 5702 2599 5756 verba
2633 5702 2872 5771 fecimus.
2900 5683 3177 5758 Secundus
3206 5713 3280 5758 est
3319 5703 3483 5757 codex
3505 5704 3705 5773 priscus

530 5878 576 5912 ³⁸
606 5881 622 5934 l
654 5877 845 5935 Thess.
878 5895 945 5949 ιν,
983 5852 1068 5937 l6.
1158 5881 1200 5916 ³⁹
1239 5879 1282 5935 ιι
1323 5879 1515 5941 Thess.
1544 5897 1605 5952 ll,
1638 5882 1693 5939 5.
