3968 6514
211 389 331 444 5’29
1454 374 1960 435 COMMENTARIA
1997 372 2063 427 IN
2105 370 2358 427 LUCAM.
3429 364 3533 421 550

219 507 580 560 Palatinus
614 503 754 566 Yat.,
788 520 820 556 a
848 500 995 555 nobis
1029 500 1308 553 denotatus
1337 497 1512 551 littera
1544 496 1611 562 Β,
1639 496 1729 564 qui
1762 495 1962 564 pariter
1992 502 2236 547 catenam
2263 488 2415 542 habet
2439 488 2506 542 ad
2539 474 2758 552 Lucam,
2791 485 2854 539 ab
2884 482 2981 537 illa
3008 480 3213 538 Niceta:
3243 483 3532 537 diversam.

217 602 471 657 Tertius
517 611 606 656 est
644 599 867 654 Macarii
895 594 1305 667 Chrysocephali
1334 595 1499 649 codex
1528 591 1576 645 E
1618 590 1738 648 Vat.
1774 592 1899 644 item
1932 589 2191 651 ineditus,
2222 588 2393 641 uarios
2432 584 2545 654 ejus
2588 584 2645 638 in
2676 582 2875 637 Lucam
2919 588 3180 636 tractatus
3232 580 3533 643 continens,

216 712 291 749 ea:
338 694 664 756 Patribus,
727 700 857 763 quos
906 693 1042 745 inter
1098 698 1175 744 est
1203 690 1358 743 etiam
1412 687 1700 754 Eusebius,
1734 687 1803 740 ad
1845 685 2077 739 litteram
2140 681 2547 750 nominatimque
2593 679 3005 733 consarcinatos.
3055 675 3289 741 Quartus
3319 675 3537 745 denique

218 792 420 845 codex
461 790 873 844 Ottobom’anus
913 786 1034 842 Vat.
1070 803 1216 853 wque
1246 795 1491 839 catenam
1521 784 1590 838 ad
1626 782 1824 836 Lucam
1860 781 2156 845 continens,
2189 791 2341 846 quem
2366 775 2601 829 codicem
2631 786 2949 843 postremum
2994 789 3112 827 cum
3145 772 3536 840 inspiceremus,

216 897 451 958 prwter
504 885 631 940 alia
658 902 781 938 cum
813 885 1083 948 prmdictis
1117 882 1383 937 codicibus
1411 879 1779 950 congruentia,
1809 893 1941 932 nova
1971 875 2145 929 adhuc
2199 871 2418 927 Eusebii
2468 872 2770 941 fragmenta
2805 869 2948 923 nacti
2992 884 3193 922 sumus.
3232 865 3388 920 Hunc
3422 866 3536 918 dis-

220 986 575 1054 tinguimus
608 991 731 1036 nota
766 980 827 1035 L.
852 980 980 1034 lam
1006 996 1124 1034 vero
1158 987 1358 1042 catenw
1389 975 1612 1029 Patrum
1645 974 1700 1027 in
1732 971 1957 1038 Lucam,
1984 981 2178 1039 praeter
2224 978 2461 1023 nostram
2493 964 2735 1020 Gracam
2765 980 2925 1031 quam
2953 962 3209 1029 diximus,
3262 962 3382 1015 duce
3422 957 3532 1013 La-

224 1082 357 1133 tino
399 1088 642 1132 tantum
693 1091 932 1131 sermone
971 1064 1124 1128 edita:
1167 1071 1463 1135 exstabant,
1520 1068 1625 1122 divi
1678 1066 1933 1121 nimirum
1987 1062 2198 1117 Thoma:
2234 1059 2542 1131 Aquinatis,
2577 1068 2624 1111 et
2645 1054 2977 1110 Balthasaris
3009 1052 3281 1119 Corderii;
3315 1068 3539 1123 quarum

220 1177 399 1245 prior
437 1177 663 1239 rarius,
711 1173 879 1227 altera
923 1169 1185 1240 copiosius
1230 1166 1514 1222 Eusebium
1562 1165 1700 1218 inter
1729 1171 1946 1216 cwteros
1979 1159 2167 1213 Patres
2200 1158 2451 1241 recitant.‘
2500 1151 2868 1207 Verumtamen
2910 1147 3129 1204 Graecus
3161 1147 3332 1227 adhuc
3364 1155 3538 1199 textus

224 1283 396 1327 totus
443 1271 707 1334 latebat;
740 1279 789 1322 et
821 1267 987 1321 multa
1019 1266 1231 1333 insuper
1261 1281 1323 1318 ne
1351 1262 1538 1316 Latine
1568 1261 1773 1331 quidem
1809 1257 2019 1327 cognita
2045 1261 2219 1309 erant.
2248 1250 2420 1306 Porro
2439 1230 2510 1304 'in
2545 1244 2733 1302 Graeca
2782 1256 2990 1307 catena,
3038 1257 3198 1313 quam
3248 1238 3542 1306 nuperrime

223 1370 317 1421 vir
370 1366 457 1420 cl.
509 1364 574 1423 J.
614 1329 993 1419 A.'Cramerus
1036 1329 1238 1415 Oxouii
1267 1359 1457 1424 edidit,
1497 1329 1757 1427 quamque
1799 1368 1892 1423 ego
1929 1352 2014 1405 his
2049 1348 2231 1404 diebus
2257 1362 2323 1402 ea:
2344 1343 2540 1416 Anglia
2572 1342 2775 1411 accepi,
2820 1338 3024 1393 nullum
3060 1350 3275 1399 prorsus
3323 1329 3543 1385 Eusebii

225 1459 483 1513 verbum
525 1458 796 1513 recitatur.

664 1555 3505 1611 ____________________________.——-

247 1586 662 1620 .———_'-—-v

977 1680 1781 1880 ΕΥΣΕΒΙΟΥ
1858 1726 2927 1869 ΚΑΙΣΑΡΕΙΑΣ

884 1994 1053 2081 ΕΙΣ
1126 1991 1275 2076 ΤΟ
1349 1982 1652 2073 ΚΑΤΑ
1722 1980 1884 2069 ΛΟ

1996 1978 2183 2062 {AN
2257 1966 2983 2061 EYAI‘I‘EAION.

1881 2172 1951 2184 -

866 2414 869 2509 γ
1098 2344 1675 2507 EUSEBlI
1729 2326 2703 2458 CASSARIENSIS

720 2586 1570 2685 COMMENTABII
1649 2582 1771 2672 IN
1851 2576 2190 2669 LUCIE
2262 2562 3051 2665 EVANGELIUM

1090 2777 1431 2851 QUANTUM
1472 2770 1833 2833 SUPEREST
1870 2769 1937 2825 ΙΝ
1973 2761 2331 2824 CODlClBUS
2374 2755 2757 2815 VA'l'lCANlS.

1868 2935 1940 2949 —

281 3102 386 3155 ἐν
438 3099 575 3163 ταῖς
632 3094 879 3165 ἡμέραις
936 3089 1188 3165 ξῌρῴδου
1236 3086 1355 3151 ,τοῦ
1412 3084 1718 3151 ,βασιλέως
1773 3081 1879 3149 τῆς

2229 3078 2274 3110 ⁸⁸
2319 3074 2386 3130 In
2426 3073 2606 3127 diebus
2657 3068 2881 3123 Herodis
2910 3065 3118 3119 Iudam
3149 3064 3301 3133 regis.

937 3160 1241 3225 Ἰουδαία-ς.

290 3259 298 3266 ·
358 3240 431 3292 'H
468 3237 579 3308 γὰρ
628 3234 723 3287 τοῦ
768 3232 936 3286 Ἰούδα
978 3230 1118 3302 φυλὴ
1157 3220 1364 3284 ἄνωθεν
1418 3225 1487 3301 ἦν
1529 3224 1750 3300 ἀρχικὴ,
1782 3224 1874 3277 καὶ¹

275 3335 478 3404 ἠγεῖτο
508 3330 724 3383 πάντων
768 3326 871 3389 ἕως
902 3320 1041 3395 ἦσαν
1089 3323 1396 3394 αὐτόνομοι,
1429 3322 1571 3376 κατὰ
1605 3323 1702 3393 τὴν
1750 3337 1877 3392 προ-

278 3424 542 3496 φητείαν.
595 3418 776 3474 τΗσαν
831 3417 888 3471 δὲ
945 3414 1109 3487 μέχρι
1150 3414 1260 3467 τῶν
1314 3413 1624 3483 Αὐγούστου
1668 3412 1874 3484 χρόνων

278 3518 569 3588 ἐλεύθεροι
597 3514 689 3568 καὶ
710 3510 1016 3581 αὐτόνομοι,
1050 3506 1171 3562 καθ’
1202 3508 1284 3573 ὃν,
1321 3506 1559 3592 Χριστοῦ
1594 3507 1873 3576 φανέντος,

279 3612 343 3666 τὸ
370 3613 531 3672 ἔθνος
558 3608 701 3662 ἅπαν
722 3604 1071 3659 δεδούλωται·
1106 3604 1195 3657 ὅτε
1219 3602 1312 3657 καὶ
1344 3601 1558 3674 πρῶτος
1581 3599 1876 3668 ἀλλόφυλος

281 3706 472 3759 αὐτῶν
502 3702 749 3774 Ἡρώδης
778 3701 1044 3771 ἡγήσατο,
1070 3700 1164 3751 καὶ
1198 3697 1448 3768 βασιλεὺς
1498 3695 1823 3763 Αὔγουστος,
1846 3694 1876 3746 ὁ

284 3800 383 3852 καὶ
408 3794 714 3867 τὴνάρχὴν
740 3794 1051 3864 ἐγχειρίσας
1084 3790 1233 3860 αὑτῷ
1266 3789 1518 3859 μετὰτῆς
1551 3788 1874 3857 συγκλήτου,

284 3890 385 3961 τῆς
411 3885 742 3956 οἰκουμένης
776 3881 889 3955 εἶχε
918 3885 987 3937 τὰ
1034 3884 1310 3953 σκῆπτρα.
1345 3877 1453 3934 Ἦν
1478 3881 1534 3933 δὲ
1573 3883 1601 3933 ὁ
1638 3879 1879 3951 Ἡρώδης

286 3979 347 4045 ἐξ
412 3976 770 4047 Ἀντιπάτρου
828 3971 1088 4043 γεγονὼς,
1139 3973 1199 4024 τὸ
1249 3972 1406 4039 γένος
1460 3970 1875 4033 Ἀσκαλωνίτου,

291 4070 602 4142 ίεροδούλου
620 4067 974 4129 Ἀπόλλωνος,
1003 4067 1096 4118 καὶ
1125 4065 1410 4136 Κυπρίνης
1439 4063 1551 4133 (44)
1581 4063 1642 4128 ἐξ
1679 4063 1877 4135 Ἀῥρἀ

290 4162 404 4216 ϐων
434 4161 660 4232 μητρός.
698 4151 867 4222 Οὗτος
913 4158 1041 4229 γὰρ,
1067 4158 1160 4209 τὸν
1196 4159 1260 4210 ὲκ
1284 4156 1536 4227 διαδοχῆς
1561 4156 1669 4208 τῶν
1691 4156 1878 4226 ἀρχιε-

294 4256 438 4327 ρέων
460 4254 687 4331 ὕστατον
720 4250 1343 4321 ὴγησάμενον’ἴ’ρκανὺν
1365 4247 1587 4309 ἀνελὼν,
1618 4247 1879 4300 Ἰουδαίων

295 4350 687 4423 ἀναγορεύεται
741 4343 1011 4415 βασιλεύς.
1067 4340 1268 4393 Τούτου
1319 4338 1413 4391 καὶ
1454 4336 1548 4389 νῦν
1594 4338 1623 4389 ὁ
1668 4336 1880 4397 Λουκᾶς

2053 3241 2275 3297 Scilicet
2305 3237 2458 3293 .ludse
2484 3234 2661 3290 tribus
2687 3230 2815 3288 olim
2868 3228 3302 3299 principabatur,
3348 3223 3556 3292 totique

1983 3333 2125 3404 genti
2167 3329 2497 3399 imperabat,
2543 3327 2718 3381 donec
2772 3320 2941 3377 Judaei
2999 3318 3081 3374 sui
3126 3316 3269 3388 juris
3315 3314 3555 3377 fuerunt,

1983 3427 2279 3481 secundum
2312 3417 2654 3491 prophetiam
2675 3416 2744 3469 δι.
2774 3414 3013 3469 Fuerant
3041 3410 3260 3480 quidem
3306 3408 3361 3463 hi
3400 3406 3558 3462 liberi

1984 3517 2326 3588 propriisque
2374 3510 2585 3582 legibus
2609 3515 2827 3563 utentes
2862 3518 3034 3573 usque
3067 3501 3133 3555 ad
3164 3500 3392 3570 Augusti
3425 3506 3559 3551 aeta-

1985 3623 2116 3673 tem,
2169 3623 2277 3679 quo
2346 3618 2611 3675 tempore,
2660 3608 2960 3670 apparente
3001 3594 3246 3658 Christo,
3303 3593 3556 3646 universa

1982 3718 2116 3774 gens
2144 3703 2196 3756 in
2227 3700 2505 3755 servitium
2540 3695 2761 3751 redacta
2785 3692 2901 3763 jam
2926 3700 3064 3753 erat,
3092 3697 3147 3742 et
3180 3686 3392 3757 primus
3423 3682 3559 3737 alie-

1986 3795 2178 3864 nigena
2252 3789 2634 3845 dominabatur
2694 3786 2941 3842 Herodes
2991 3801 3007 3848 ;
3072 3783 3370 3849 imperator
3432 3790 3562 3830 vero

1986 3893 2284 3955 Augustus,
2317 3883 2406 3951 qui
2435 3892 2490 3937 et
2520 3882 2594 3936 illi
2631 3896 2701 3933 ex
2743 3887 2967 3934 senatus
3011 3872 3260 3929 consulto
3288 3867 3561 3939 principa-

1988 3988 2098 4030 tum
2156 3976 2440 4033 detulerat.
2498 3973 2739 4026 universi
2782 3968 2932 4023 orbis
2988 3974 3263 4035 sceptrum
3316 3960 3559 4016 tenebat.

1988 4070 2117 4124 Erat
2147 4078 2326 4121 autem
2364 4065 2604 4119 Herodes
2640 4060 2916 4130 Antipatri
2964 4050 3353 4111 Ascalonensis
3395 4048 3564 4110 ﬁlius,

1988 4160 2254 4229 Apollinis
2283 4156 2589 4212 ministerio
2617 4151 2840 4217 addicti,
2874 4158 3051 4203 matre
3088 4145 3325 4217 Cyprina
3356 4141 3561 4195 Arabe.

1989 4252 2087 4307 Hic
2118 4252 2285 4313 enim,
2316 4244 2677 4303 sacerdotalis
2711 4240 3081 4297 successionis
3110 4247 3386 4307 postremo
3416 4233 3567 4303 priu-

1989 4344 2109 4413 cipe
2156 4341 2405 4411 llyrcano
2452 4335 2651 4397 occiso,
2700 4329 3014 4385 Judzeorum
3073 4312 3421 4381 renuntiatus
3472 4335 3567 4373 rex

302 4415 599 4514 usuuqzat,
626 4439 715 4490 ἵνα
752 4435 1023 4506 δείξῃ,δτι
1063 4430 1279 4502 ἀληθῶς
1329 4425 1493 4499 ἦλθεν
1543 4429 1573 4479 ὁ
1624 4426 1881 4498 Χριστὸς,

1996 4437 2107 4490 I‘uit.
2148 4433 2316 4501 Hujus
2360 4444 2505 4485 nunc
2554 4426 2803 4481 meminit
2864 4424 3060 4484 Lucas,
3115 4427 3175 4472 ut
3226 4415 3570 4469 demonstret

298 4532 631 4586 ἐκλιπόντων
654 4528 763 4581 τῶν
803 4528 954 4599 παρὰ
991 4528 1101 4588 τοῖς
1142 4520 1415 4584 Ἰουδαίοις
1446 4520 1722 4591 ἀρχόντων
1747 4519 1887 4573 κατὰ

296 4623 397 4694 τὴν
433 4620 787 4691 προφητείαν.
878 4663 881 4667 ‹

298 4714 409 4769 Καὶ
462 4709 593 4767 εἷπε
643 4708 942 4779 Ζαχαρίας
986 4705 1139 4773 πρὸς
1177 4704 1285 4779 te;
1326 4703 1604 4775 ἇγγ-ελονο
1634 4700 1797 4755 Κατὰ
1827 4700 1886 4751 τί

823 4775 1127 4847 γνώσομαι
1154 4776 1366 4837 coite;

372 4876 530 4931 Ποῖον
555 4873 781 4944 σημεῖον
806 4867 1071 4931 δεικνύεις
1109 4885 1217 4938 μοι,
1238 4867 1391 4937 φησὶ,
1428 4867 1516 4919 ἵνα
1543 4862 1748 4917 πεισθῶ
1773 4865 1879 4925 τοῖς
1926 4870 1939 4883 ³

304 4967 409 5022 ὑπὸ
467 4965 562 5019 σοῦ
618 4962 1095 5036 προφητευθεῖστν,
1162 4960 1237 5024 ὡς
1297 4959 1546 5030 μέλλουσι
1599 4955 1884 5026 γίνεσθαι;

305 5058 495 5127 Σχεδὸν
523 5056 633 5128 γὰρ
668 5054 819 5125 παρὰ
845 5054 1006 5123 φύσιν
1040 5053 1158 5105 ἐστὶ
1186 5052 1245 5106 τὸ
1267 5049 1454 5121 λεχθέν
1474 5067 1487 5080 ’
1525 5052 1573 5102 οἱ
1607 5048 1713 5122 γὰρ
1757 5065 1888 5119 προ-

306 5148 600 5218 ϐεϐηκότες
627 5148 686 5199 οὐ
711 5145 1103 5215 γονοποιοῦσιν.
1122 5144 1268 5198 Ἔδει
1290 5143 1345 5196 δὲ
1364 5144 1438 5213 μὴ
1464 5142 1598 5214 πρὸς
1628 5142 1688 5195 τὸ
1712 5141 1885 5213 γῆρας

308 5240 516 5311 ἀφορᾷν
548 5240 609 5292 τὸ
654 5237 848 5292 ἑαυτοῦ
893 5239 988 5292 καὶ
1017 5237 1297 5307 γυναικὸς,
1332 5235 1471 5291 ἀλλὰ
1496 5236 1635 5307 πρὸς
1670 5236 1767 5305 τὴν
1795 5233 1889 5287 δύ-

309 5348 469 5402 ναμιν
492 5331 587 5383 τοῦ
632 5329 1105 5403 ἐπαγγελλομένου
1159 5328 1315 5381 Θεοῦ,
1365 5327 1526 5381 Ἀλλὰ
1558 5328 1627 5380 τὰ
1680 5326 1893 5397 μεγάλα

309 5417 608 5488 δυσέφικτα
637 5422 749 5482 τοῖς
799 5417 1128 5490 ἀνθρώποις,
1179 5419 1274 5471 καὶ
1327 5416 1688 5487 συγγινώσκει
1728 5417 1889 5480 Θεός·

311 5515 403 5567 καὶ
431 5514 540 5584 γὰρ
588 5513 696 5565 οὐδ’
725 5514 886 5577 αὐτὸς
922 5512 1171 5584 Ἀϐραὰμ.
1221 5514 1297 5576 ὡς
1341 5513 1508 5583 ἐχρῆν
1556 5512 1892 5580 ἐπίστευσεν,

308 5605 446 5660 ἀλλὰ
470 5606 538 5659 τὰ
564 5606 753 5678 πρῶτα
772 5607 863 5665 καὶ
886 5605 1110 5673 ἐγέλασε
1139 5607 1232 5659 καὶ
1254 5602 1423 5659 εἷπενσ
1444 5624 1466 5657 ια
1483 5606 1544 5658 Εἰ
1570 5605 1648 5677 τῷ
1673 5607 1897 5661 ἑκατον-

379 5728 428 5762 δο
456 5727 588 5781 Luc.
631 5744 672 5789 t.
701 5728 755 5783 5.
835 5726 877 5756 ⁵¹
904 5724 1038 5780 Gen.
1071 5743 1216 5793 sus,
1249 5726 1328 5781 ιο.
1377 5727 1451 5771 ."
1475 5727 1606 5784 Luc.
1647 5745 1685 5796 ι,
1748 5729 1831 5787 18.

393 5818 505 5890 (Η)
539 5820 673 5875 Cod.
709 5818 769 5885 I‘I,
796 5818 1090 5889 Κυπρίδνις.

1996 4543 2121 4582 vere
2180 4524 2392 4578 venisse
2454 4522 2771 4581 Christum,
2849 4512 3193 4571 cessantibus
3257 4507 3569 4561 .ludaaorunt

1994 4618 2232 4689 propriis
2258 4616 2621 4686 principibus,
2658 4618 2818 4681 prout
2851 4606 3172 4678 prmdictum
3202 4602 3402 4657 fuerat.

2066 4712 2113 4743 “
2140 4709 2209 4764 Et
2242 4710 2383 4763 dixit
2419 4706 2607 4777 angelo
2643 4702 2962 4764 Zacharias,
2989 4697 3129 4752 unde
3157 4697 3255 4749 hoc
3290 4690 3495 4748 sciam.‘

2071 4871 2353 4939 Quodnam
2383 4866 2516 4921 mihi
2553 4865 2767 4935 signum
2798 4862 3062 4924 ostendis,
3098 4872 3206 4927 quo
3238 4856 3409 4909 fretus
3448 4865 3571 4904 cre—

1992 4966 2114 5019 dam
2167 4960 2433 5015 vaticinia
2487 4968 2606 5022 tuo,
2671 4965 2925 5025 tanquam
2982 4951 3088 5006 ﬁde
3134 4964 3240 5003 non
3294 4940 3571 4999 carituro?

1994 5054 2127 5113 Nam
2157 5052 2302 5123 quod
2337 5052 2422 5106 ais
2451 5090 2467 5116 ,
2502 5058 2702 5120 praeter
2732 5056 2981 5102 naluram
3034 5040 3418 5113 propemodum
3455 5044 3569 5098 est;

1995 5162 2155 5202 senes
2180 5146 2326 5211 enim
2363 5144 2781 5213 haudquaquam
2828 5146 3145 5211 procreant.
3195 5132 3359 5202 Atqui
3406 5143 3573 5198 opor-

2000 5240 2145 5296 tebat
2174 5238 2497 5294 Zachariam
2534 5237 2677 5290 haud
2711 5236 2778 5289 de
2812 5249 2910 5288 suo
2940 5241 2995 5287 et
3026 5229 3215 5285 uxoris
3265 5224 3437 5288 senio,
3476 5222 3572 5275 sed

1996 5333 2063 5389 de
2092 5332 2463 5403 promittentis
2514 5330 2607 5385 Dei
2650 5328 2891 5397 potentia
2942 5325 3200 5396 cogitare.
3249 5321 3570 5389 Quanquam

1997 5442 2086 5481 res
2121 5442 2344 5497 magnus
2373 5440 2515 5495 aegre
2544 5424 2643 5479 sibi
2662 5422 2916 5478 homines
2946 5416 3306 5489 persuadent:
3345 5412 3573 5479 ideoque

2001 5519 2144 5573 Deus
2172 5517 2507 5589 indulgentia
2542 5516 2730 5571 utitur.
2765 5512 2902 5569 Nam
2951 5527 3020 5568 ne
3066 5508 3409 5566 Abrahamus
3451 5503 3575 5575 qui-

2004 5612 2124 5667 dem
2161 5619 2327 5683 prout
2368 5626 2505 5680 opus
2532 5617 2649 5667 erat
2679 5607 2935 5676 credidit,
2986 5608 3084 5664 sed
3129 5606 3287 5662 initio
3327 5601 3575 5660 risitdi-
