3968 6508
451 374 549 434 531

1156 375 1428 434 EUSEBII
1464 376 1938 434 CAESARIENSIS
1974 376 2125 432 OPP.
2165 376 2346 431 PARS
2383 376 2472 432 Ill.
2511 407 2579 417 —
2616 375 3030 431 EXECETIIIA.

3601 377 3710 431 55?.

447 504 579 547 cens
603 506 619 545 :
662 507 680 540 ι
712 488 847 543 Num
867 489 1181 545 centenario
1198 491 1313 545 viro
1333 491 1474 546 [ilius
1490 500 1741 545 nascetur
1757 489 1839 544 "3
1859 510 1878 543 ›
1896 489 2010 543 Tun

2133 489 2313 541 ταέτει
2358 494 2647 560 γενήσεται
2689 490 2801 553 υἱός
2828 505 2842 555 ;
2893 507 2912 539 ›
2944 488 3037 541 καὶ
3072 489 3106 560 ἡ
3139 489 3324 561 Σάρρα
3348 490 3404 542 δὲ
3431 487 3709 558 γελάσασα

448 598 579 639 vero
632 592 687 637 et
745 582 885 638 Sara
940 593 1164 653 propter
1215 582 1393 638 risum
1442 583 1770 652 reprehensa
1818 581 1920 635 fuit
1949 581 2015 633 δ”.

450 678 609 734 Modo
641 687 822 732 autem
852 677 1033 731 verbis
1061 674 1317 743 obiurgat
1343 675 1503 739 Deus,
1534 674 1691 728 modo
1722 673 1855 742 ipsis
1885 686 2018 739 ope-

2124 578 2381 649 ἐμέμφθη
2429 581 2577 634 τότε.
2631 580 2768 633 Ποτέ
2820 581 2916 651 μὲν
2968 578 3075 649 γὰρ
3129 578 3271 650 λόγῳ
3307 578 3451 649 μόνῳ
3494 580 3523 632 6
3572 578 3709 642 Θεὸς

2126 668 2425 739 μέμφεται,
2456 668 2584 723 ποτὲ
2635 670 2692 723 δὲ
2734 671 2823 724 καὶ
2874 670 3017 740 ἔργῳ
3068 670 3312 739 ἐπιτιμᾷ.
3361 667 3563 720 Τούτου
3610 664 3709 721 οῦν

446 770 599 827 ribus
667 771 869 842 arguit.
948 768 1161 823 Idcirco
1221 767 1548 822 Zachariam
1608 781 1823 837 quoque
1876 765 2010 817 facta

2121 761 2281 833 χάριν
2317 762 2412 817 καὶ
2434 761 2511 832 τῷ
2544 762 2790 833 Ζαχαρία
2818 762 2882 815 δι’
2913 762 3073 832 ἔργον
3121 762 3442 830 ἐπετίμησε,
3480 762 3575 815 καὶ
3623 762 3711 825 εἰς

445 865 567 935 ipso
612 864 905 934 increpuit,
952 862 1077 916 dum
1116 862 1339 916 surdum
1388 870 1711 929 mutumque
1742 856 2015 912 reddidit:

2121 853 2415 924 κωφότητα
2450 854 2542 906 καὶ⁵
2586 854 2827 921 ἀφωνίαν
2874 855 3035 906 αὐτὸν
3079 852 3435 923 περιέστησεν
3461 869 3475 881 ·
3531 851 3709 922 ἐχρῆν

444 958 572 1026 quia
605 956 864 1011 nimirum
894 955 1227 1025 oportuisset
1267 968 1391 1008 eum
1441 952 1722 1023 prioribus
1754 947 2010 1015 exemplis

2120 945 2229 1016 γὰρ
2292 947 2452 1000 αὑτὸν
2500 945 2589 999 διὰ
2645 946 2752 1000 τῶν
2821 946 3100 1018 προτέρων
3169 944 3538 1006 παιδεύεσθαι,
3606 944 3707 997 καὶ

438 1050 551 1119 jam
595 1058 771 1106 semet
823 1047 1149 1112 erudivisse,
1200 1056 1255 1101 et
1290 1061 1427 1116 quas
1459 1045 1604 1115 passi
1642 1042 1854 1103 fuerant
1905 1055 2021 1097 nta-

2118 1038 2217 1109 τὴν
2261 1040 2397 1110 πρὸς
2451 1040 2577 1102 τοὺς
2638 1039 2881 1111 πατέρας
2938 1038 3143 1110 μέμψιν
3208 1036 3492 1095 παίδευσιν
3560 1036 3705 1091 ίδίαν

441 1142 591 1214 iores
622 1142 725 1210 [sui
764 1140 1192 1210 obiurgationes,
1249 1153 1345 1194 eas
1392 1136 1461 1192 ad
1510 1135 1856 1206 disciplinam
1896 1149 2010 1203 pro-

2121 1130 2472 1202 ποιήσασθαι.

448 1238 621 1308 priam
655 1234 1013 1291 convertisse.

936 1325 985 1357 ”
1008 1324 1121 1394 Ego
1145 1339 1259 1376 sum
1288 1319 1521 1377 Gabriel.

512 1418 653 1486 Quid
683 1432 813 1489 ergo
842 1416 1067 1486 angelus
1092 1417 1138 1472 ei
1188 1412 1515 1486 reSpondet?
1566 1409 1791 1481 Angelo,
1819 1407 2016 1479 inquit,

442 1508 663 1577 diﬁidis,
694 1511 786 1580 qui
822 1510 935 1565 Deo
958 1508 1147 1564 astat?
1178 1508 1390 1578 ipsique
1418 1505 1653 1561 mittenti
1684 1519 1789 1557 non
1818 1504 2017 1567 credis,

445 1606 537 1659 sed
568 1604 645 1659 rei
687 1618 972 1659 summam
996 1602 1361 1658 dillicultatem
1394 1599 1650 1671 spectas?
1676 1596 1762 1654 οι)
1789 1598 1891 1653 hoc
1919 1598 2019 1667 igi-

449 1708 538 1753 tur
580 1696 920 1753 incredulum
980 1697 1213 1751 verbum
1262 1710 1398 1752 uoce
1452 1692 1798 1764 spoliaberis,
1840 1691 2016 1762 quoad

445 1808 534 1848 res
568 1792 682 1860 ipsa
716 1790 1002 1845 evenerit:
1036 1804 1230 1859 nempe
1267 1798 1330 1843 ut
1360 1797 1507 1842 tuam
1537 1800 1734 1844 noscas
1763 1784 2013 1845 incredu-

440 1885 649 1940 litatem
685 1883 886 1955 Deique
911 1882 1071 1938 simul
1108 1881 1427 1952 potentiam.

438 2039 484 2073 “
508 2039 664 2095 Dabit
693 2040 773 2093 illi
804 2038 1061 2094 Dominus
1085 2038 1224 2093 Deus
1244 2039 1419 2093 sedem
1444 2036 1661 2091 Davidis
1688 2035 1855 2105 patris
1878 2035 2013 2104 ejus.

509 2195 789 2250 Tltronum
837 2194 973 2249 dicit
1002 2193 1189 2248 Davidi
1239 2192 1565 2254 nuntiatum,
1617 2205 1791 2260 neque
1834 2200 2013 2245 tamen

437 2289 643 2342 datum.
668 2285 839 2343 Semel
884 2288 1055 2351 enim,
1087 2286 1184 2351 ait,
1197 2286 1376 2354 juravi
1398 2287 1451 2339 in
1480 2296 1662 2340 sancto
1685 2286 1880 2349 meo,si
1912 2284 2016 2337 Da—

436 2380 549 2433 cidi
600 2379 831 2434 mentiar
870 2393 891 2431 :
944 2395 1117 2432 semen
1153 2378 1269 2448 ejus
1322 2386 1495 2431 manet
1532 2380 1586 2430 in
1615 2386 1875 2429 wteruum
1904 2390 1923 2429 .'
1963 2386 2011 2429 et

436 2472 655 2526 thronus
688 2471 802 2541 ejus
835 2472 969 2525 sicut
999 2468 1081 2523 sol
1108 2471 1162 2525 in
1195 2479 1477 2548 conspectu
1515 2486 1650 2523 meo.
1682 2469 1748 2523 Et
1777 2484 1967 2523 rursus
1996 2486 2009 2520 :

433 2565 625 2619 Juravi
658 2563 852 2619 Davidi
884 2580 1030 2619 serra
1077 2580 1210 2626 meo,
1237 2561 1409 2633 Usque
1435 2563 1492 2616 in
1520 2574 1773 2617 (sternam
1802 2577 2011 2631 prama-

436 2659 565 2713 rabo
609 2675 788 2713 semen
820 2668 991 2721 tuum,
1023 2667 1070 2711 et
1103 2657 1380 2724 trdiﬁcabo
1435 2657 1492 2710 in
1530 2657 1920 2727 generationem
1961 2664 2010 2709 et

436 2753 828 2820 generationem
867 2752 1119 2805 thronum
1150 2759 1301 2804 tutan
1324 2749 1391 2804 ⁸⁷.
1419 2751 1596 2819 Atque
1622 2748 1737 2804 haec
1766 2748 1909 2803 haud
1944 2747 2012 2802 de

432 2860 632 2900 carnea
679 2846 849 2914 stirpe
894 2843 1051 2909 dicit,
1095 2857 1273 2913 neque
1315 2843 1382 2899 de
1429 2841 1627 2899 visibili
1661 2843 1881 2909 throno,
1916 2842 2011 2897 sed

434 2940 503 2992 de
537 2937 629 2993 illo
656 2953 819 3007 quem
856 2936 1083 3008 angelus
1112 2948 1385 2994 memorat
1414 2950 1537 2991 cum
1564 2934 1731 2991 Maria
1760 2935 2007 3006 loquens,

436 3029 530 3099 qui
560 3029 695 3084 nihil
732 3028 1028 3100 temporale
1059 3029 1246 3096 habet,
1279 3031 1381 3101 qui
1409 3028 1548 3085 lucis
1582 3029 1759 3085 instar
1793 3029 1845 3084 in
1877 3030 2010 3085 orbe

432 3124 691 3177 universo
719 3121 1009 3193 splendet,
1041 3122 1243 3192 quique
1284 3121 1498 3177 animas
1539 3120 1861 3191 spiritaliter
1887 3120 2010 3175 lllu-

2622 1312 2768 1382 Ἐγώ
2797 1314 2911 1377 εἶμι
2940 1310 3219 1379 Γαϐριὴλ.

2191 1400 2255 1452 Τί
2281 1394 2372 1452 οὖν
2404 1416 2533 1467 φησι
2558 1400 2691 1469 πρὸς
2729 1401 2887 1453 αὑτὸν
2915 1402 2943 1452 6
2985 1400 3249 1468 ἄγγελοςς
3293 1400 3552 1471 Ἀγγέλῳ,
3596 1418 3705 1473 φη-

2122 1489 2226 1552 σιν,
2261 1490 2529 1551 ἀπιστεῖς,
2569 1489 2627 1552 ὃς
2652 1490 2960 1559 παρέστηκε
2990 1489 3146 1560 θεῷ;
3181 1490 3276 1542 καὶ
3316 1492 3374 1543 οὐ
3424 1490 3705 1554 πιστεύεις

2118 1580 2195 1653 τῷ
2228 1581 2627 1644 ἀποστείλαντι,
2659 1581 2792 1635 ἀλλὰ
2816 1583 2949 1653 πρὸς
2969 1582 3066 1653 τὴν
3089 1581 3181 1635 τοῦ
3213 1584 3537 1655 πράγματος
3574 1584 3703 1637 ἀδυ-

2120 1676 2320 1747 ναμίαν
2381 1674 2633 1745 βλέπεις;
2678 1675 2887 1728 Οὐκοῦν
2939 1675 3027 1729 διὰ
3069 1675 3167 1747 τὴν
3212 1676 3438 1729 ἄπιστον
3494 1676 3702 1748 ταύτην

2123 1768 2305 1841 φωνὴν
2350 1767 2695 1842 ἀφαιρεθήσῃ
2745 1767 2846 1838 τῆς
2876 1768 3061 1837 φωνῆς
3092 1768 3198 1833 ἓως
3233 1768 3327 1822 τοῦ
3373 1769 3701 1841 πράγματος

2047 1850 2090 1905 Β
2121 1859 2520 1930 πληρωθέντος,
2549 1860 2710 1928 γνοὺς
2742 1860 2837 1912 καὶ
2879 1859 2938 1912 τὸ
2968 1859 3059 1913 σὸν
3088 1860 3315 1914 ἄπιστον
3363 1861 3455 1912 καὶ
3499 1860 3561 1912 τὸ
3601 1858 3698 1913 τοῦ

2119 1949 2254 2005 Θεοῦ
2285 1949 2526 2003 δυνατόν.

2120 2043 2301 2097 Δώσει
2331 2040 2488 2107 αὐτῷ
2518 2040 2732 2109 Κύριος
2762 2044 2793 2093 o'
2819 2041 2962 2105 Θεὸς
2993 2042 3207 2108 θρόνον
3232 2040 3413 2094 Δαυῒδ
3444 2041 3547 2095 τοῦ
3586 2058 3700 2094 πα-

2714 2111 2852 2178 τρὸς
2887 2110 3092 2165 αὐτοῦ.

2185 2204 2387 2277 Θρόνον
2417 2202 2563 2273 λέγει
2596 2202 2687 2256 τὸν
2732 2202 3135 2271 ἐπαγγελθέντα
3163 2200 3242 2272 τῷ
3268 2200 3451 2265 Δαυῒδ,
3486 2203 3548 2255 οὐ
3588 2202 3698 2272 μὴν

2116 2299 2209 2359 καὶ
2241 2295 2495 2355 δοθένταέ
2521 2293 2709 2359 Ἂπαξ
2732 2294 2864 2364 γὰρ,
2893 2294 3046 2364 φησι,
3080 2292 3286 2361 ὤμοσα
3312 2294 3382 2346 ἐν
3425 2290 3504 2358 τῷ
3549 2294 3699 2362 ἁγίῳ

2108 2408 2251 2461 μου,
2280 2392 2333 2442 εὶ
2356 2386 2432 2453 τῷ
2453 2386 2634 2443 Δαυτὸ
2657 2388 2958 2455 ψεύσομαι
2978 2402 2990 2414 ’
3035 2384 3102 2437 τὸ
3133 2382 3371 2452 σπέρμα
3391 2382 3577 2436 αὑτοῦ
3609 2386 3698 2448 εις

2114 2482 2223 2535 τὸν
2251 2479 2435 2534 αἰῶνα
2457 2480 2645 2549 μένει,
2679 2478 2779 2531 καὶ
2824 2481 2856 2531 ό
2890 2478 3103 2544 θρόνος
3141 2475 3326 2530 αὐτοῦ
3355 2476 3435 2538 ὡς
3462 2479 3494 2529 ό
3522 2475 3699 2542 ἣλιος

2113 2573 2390 2627 ἐναντίον
2415 2590 2534 2643 μου
2555 2589 2568 2601 ·
2602 2571 2695 2625 καὶ
2726 2569 2890 2624 πάλιν
2907 2585 2923 2599 ·
2946 2570 3175 2637 Ὤμοσα
3193 2567 3374 2621 Δαυῒδ
3395 2566 3472 2633 τῷ
3496 2566 3699 2631 δούλῳ

2107 2680 2229 2733 μου
2251 2681 2264 2693 ·
2298 2663 2446 2728 Ἕως
2475 2660 2579 2715 τοῦ
2607 2659 2822 2726 αἰῶνος
2846 2656 3143 2727 ἑτοιμάσω
3184 2658 3250 2711 τὸ
3294 2656 3528 2727 σπέρμα
3552 2674 3693 2719 σου,

2111 2754 2209 2808 καί
2242 2754 2615 2824 οἰκοδομήσω
2640 2755 2728 2819 εὶς
2748 2750 2965 2821 γενεὰν
2990 2751 3086 2803 καὶ
3111 2750 3323 2819 γενεὰν
3348 2748 3456 2803 τὸν
3478 2752 3699 2817 θρόνον

2111 2862 2247 2901 σου.
2279 2846 2460 2900 Ταῦτα
2480 2847 2536 2899 δὲ
2567 2846 2627 2899 οὐ
2677 2846 2805 2917 περὶ
2851 2842 3115 2916 σαρκικοῦ
3174 2842 3483 2913 σπέρματός
3536 2859 3695 2911 φησι,

2110 2941 2230 2995 οὐδὲ
2259 2941 2386 3013 περὶ
2422 2938 2683 3011 αἰσθητοῦ
2706 2938 2919 3009 θρόνου,
2953 2938 3087 2991 ἀλλά
3115 2936 3243 3009 περ)⁸
3269 2929 3332 2989 οὗ
3371 2952 3504 3006 φησι
3539 2935 3634 2988 καὶ
3667 2938 3698 2987 6

2110 3033 2341 3102 ἄγγελος
2383 3033 2519 3103 πρὸς
2576 3033 2675 3100 τὴν
2723 3031 3020 3103 Παρθένον,
3051 3029 3142 3082 τὸν
3187 3028 3351 3100 μηδὲν
3409 3027 3697 3097 ἐπίκαιρον

2109 3126 2321 3196 ἔχοντα,
2356 3124 2448 3175 τὸν
2476 3123 2597 3176 καθ’
2630 3123 2757 3193 ὅλης
2808 3124 2907 3190 τῆς
2958 3122 3283 3192 οἰκουμένης
3335 3120 3512 3189 φωτὸς
3536 3118 3696 3190 δίκην

432 3224 576 3269 stral
621 3214 809 3270 divino
860 3215 1195 3285 magisterio.
1234 3211 1411 3269 Porro
1442 3211 1633 3271 Jacobi
1682 3216 1901 3268 domum
1946 3225 2010 3266 ne

2120 3216 2487 3287 ὲκλάμποντα,
2544 3216 2638 3269 καὶ
2688 3215 2868 3285 ψυχὰς
2916 3213 3115 3285 νοερῶς
3166 3210 3572 3280 καταυγάζοντα
3606 3210 3697 3264 διὰ

434 3307 702 3379 intelligas
747 3305 1030 3363 Iudaicum
1074 3307 1451 3362 tantummodo
1486 3306 1763 3378 populum,
1798 3306 1890 3361 sed
1915 3319 2008 3360 eos

431 3417 626 3457 munes
654 3401 741 3472 qui
774 3399 1088 3456 Servatoris
1123 3400 1412 3457 vocatione
1450 3416 1517 3456 ex
1554 3400 1826 3455 universis
1873 3412 2007 3470 gen-

434 3496 584 3549 tibus
613 3494 813 3549 divinte
838 3493 1151 3563 adoptionis
1178 3494 1538 3565 praerogativa
1570 3494 1864 3549 donantur.
1886 3491 2009 3548 Jam

432 3585 528 3640 Dei
560 3585 791 3656 popilius
813 3586 974 3640 modo
999 3586 1173 3643 )acob
1200 3585 1403 3643 dicitur
1426 3586 1593 3643 modo
1624 3586 1789 3642 lsrael
1815 3606 1829 3641 :
1865 3588 2007 3641 idem

430 3678 639 3749 quippe
664 3678 749 3732 vir
772 3676 877 3733 luit
918 3677 1085 3733 Israel
1117 3688 1174 3734 et
1215 3676 1407 3737 Jacob.
1449 3678 1517 3734 Et
1539 3689 1733 3735 natura
1766 3680 2007 3748 quidem,

430 3765 602 3821 Iacob
647 3779 766 3821 erat
800 3767 1012 3838 priscus
1052 3767 1146 3822 ille
1194 3766 1446 3837 pepulus,
1488 3769 1615 3838 quia
1657 3768 1913 3824 nimirum
1942 3786 2006 3824 ex

428 3858 620 3915 Jacobi
656 3858 922 3930 sanguiue
946 3859 1220 3923 originem
1263 3859 1542 3925 ducebat;
1590 3860 1882 3929 adoptione
1914 3878 2012 3916 au-

432 3961 562 4015 tem,
594 3948 765 4007 Jacob
802 3961 889 4006 est
937 3966 1112 4006 novus
1152 3950 1382 4025 populus
1426 3962 1649 4023 propter
1678 3953 1892 4007 virtutis
1918 3969 2007 4008 coo

431 4043 781 4113 gnationem:
813 4043 1081 4099 successit
1111 4043 1258 4097 enim
1286 4043 1461 4097 veleri
1494 4058 1686 4099 novus.
1724 4044 1913 4113 Itaque
1952 4044 2005 4097 in

432 4144 709 4200 posterum
739 4147 905 4203 super
936 4135 1039 4188 hoc
1068 4133 1267 4202 populo
1294 4134 1668 4189 dominabitur
1703 4134 1794 4191 ille
1823 4150 1917 4190 rex
1952 4136 2006 4189 in

431 4222 654 4287 szecula,
687 4223 740 4278 id
791 4233 874 4278 est
931 4234 1215 4293 perpetuo.
1263 4224 1366 4291 Qui
1411 4226 1630 4295 quidem
1669 4226 1900 4297 populus
1939 4241 2003 4281 ex

2108 3309 2211 3379 τῆς
2233 3308 2415 3362 ἐνθέου
2441 3306 2807 3371 διδασκαλίας.
2837 3303 2997 3360 Οἶκον
3021 3306 3078 3360 δὲ
3095 3303 3308 3367 Ἰακὼϐ,
3342 3302 3416 3374 μὴ
3438 3303 3527 3356 τὸν
3562 3304 3698 3356 ἰου-

2110 3397 2273 3451 δαίων
2295 3396 2422 3451 λαὸν
2446 3396 2633 3467 νόμιζε
2693 3396 2874 3467 μόνον,
2924 3394 3061 3449 ἀλλὰ
3092 3394 3299 3457 πάντας
3331 3394 3455 3459 τοὺς
3486 3391 3575 3446 διὰ
3594 3392 3695 3462 τῆς

2111 3490 2357 3561 κλήσεως
2379 3488 2473 3542 τοῦ
2497 3488 2750 3560 Σωτῆρος
2786 3487 2847 3552 ἐξ
2877 3486 3259 3542 ἁπάντωντῶν
3288 3484 3458 3539 ἐθνῶν
3486 3487 3564 3548 εἰς
3595 3484 3695 3554 τὴν

2109 3585 2219 3639 τῶν
2266 3586 2439 3655 ἁγίων
2488 3583 2761 3637 υἱοθεσίαν
2810 3582 3273 3653 είσποιουμένους.
3321 3581 3378 3634 't)
3422 3578 3548 3643 λαὸς
3597 3578 3694 3631 τοῦ

2110 3677 2245 3731 Θεοῦ
2276 3678 2405 3731 ποτὲ
2441 3678 2540 3749 μὲν
2587 3674 2779 3731 Ἰακὼϐ
2810 3674 3073 3739 καλεῖται,
3107 3674 3237 3727 ποτέ
3274 3672 3329 3726 δέ
3368 3670 3607 3743 Ἰσραήλ·
3663 3671 3696 3723 6

2115 3773 2279 3835 αὐτὸς
2297 3771 2406 3843 γὰρ
2442 3766 2511 3841 ἦν
2561 3770 2657 3823 καὶ
2699 3767 2915 3840 Ἰσραὴλ
2965 3767 3060 3821 καὶ
3116 3765 3345 3821 Ἰακώϐ·
3393 3766 3485 3818 καὶ
3532 3763 3692 3833 φύσει

2114 3866 2213 3936 μὲν
2250 3862 2445 3917 Ἰακὼό
2476 3857 2544 3933 ἧν
2572 3863 2601 3914 6
2642 3860 2868 3923 παλαιὸς
2892 3859 3041 3922 λαὸς,
3091 3858 3166 3922 ὡς
3212 3857 3271 3922 ἐξ
3315 3856 3508 3911 Ἰακὼὸ
3552 3856 3694 3909 κατὰ

2109 3958 2206 4029 τὴν
2222 3956 2277 4023 ἐξ
2305 3957 2535 4025 αἵματος
2570 3954 2888 4022 συγγένειαν
2910 3970 2923 3983 ·
2952 3952 3100 4006 θέσει
3119 3952 3198 4015 δὲ,
3227 3952 3256 4003 6
3271 3950 3387 4013 νέος
3412 3949 3535 4013 λαὸς
3550 3948 3692 4001 κατὰ

2108 4050 2207 4121 τὴν
2250 4048 2309 4112 ἐξ
2339 4047 2539 4117 ἀρετῆς
2573 4046 2889 4115 συγγένειαν
2912 4062 2926 4075 ·
2984 4042 3309 4114 ἀντεισήχθη
3356 4041 3463 4112 γὰρ
3499 4042 3527 4093 6
3575 4041 3693 4103 νέος

2108 4141 2201 4194 τοῦ
2235 4138 2487 4194 παλαιοῦ.
2517 4139 2715 4192 Λοιπὸν
2748 4133 2842 4191 οὖν
2879 4137 2972 4190 ἐπὶ
3010 4134 3198 4188 τοῦτον
3236 4133 3327 4185 τὸν
3352 4132 3477 4184 λαὸν
3537 4129 3689 4199 βασι-

2109 4232 2288 4285 λεύσει
2311 4234 2391 4296 είς
2408 4232 2501 4284 τὸν
2525 4230 2715 4293 αἰῶνα,
2745 4230 2912 4300 ἤγουν
2935 4226 3043 4289 ἀεὶ,
3072 4226 3137 4280 ἐκ
3165 4242 3223 4278 τε
3247 4223 3355 4276 τῶν
3390 4222 3566 4293 ἔργων
3593 4221 3686 4273 καὶ

427 4313 689 4382 operlbus
746 4316 1204 4387 sermonibusque
1265 4317 1545 4373 Christum
1603 4328 1887 4389 agnoscet,
1953 4329 2010 4374 et

2120 4325 2217 4379 τῶν
2240 4325 2411 4392 λόγων
2437 4323 2729 4393 ἐπιγνόντα
2759 4323 2939 4382 αὐτὸν,
2979 4321 3075 4375 καὶ
3124 4312 3385 4379 ἑκουσίως
3430 4316 3691 4368 ὑποτετα-

432 4403 558 4457 ιιιιὶε
592 4415 790 4474 sponte
831 4423 1038 4461 morem
1078 4420 1252 4478 geret.
1303 4407 1558 4464 Profecto
1614 4410 1863 4465 Christus
1912 4427 2007 4465 rex

428 4496 531 4549 fuit
576 4507 847 4565 quatenus
900 4500 1083 4565 Deus;
1112 4502 1187 4553 ait
1221 4499 1367 4553 enim
1392 4517 1406 4552 :
1436 4498 1669 4569 Regnum
1705 4519 1875 4556 meum
1902 4520 2005 4556 non

425 4594 507 4641 est
532 4587 596 4639 de
624 4587 725 4641 hoc
754 4592 951 4642 mundo
979 4590 1045 4643 “.
1080 4590 1194 4643 luto
1228 4604 1323 4645 rex
1356 4606 1571 4660 quoque
1598 4592 1699 4646 luit
1738 4604 2005 4661 quatenus

428 4679 597 4734 homo
623 4699 637 4733 :
666 4695 777 4748 prae
798 4695 859 4734 se
895 4680 1042 4735 enim
1071 4680 1197 4734 tulit
1228 4680 1432 4751 regalia
1464 4697 1653 4752 opera,
1688 4699 1883 4754 nempe
1927 4685 2007 4739 le-

428 4768 771 4835 gislatiouem
812 4785 949 4840 erga
1005 4771 1255 4826 homines
1288 4772 1393 4827 sibi
1436 4773 1705 4840 subditos,
1738 4777 2009 4845 guberna-

2111 4414 2313 4484 γμένον
2340 4413 2519 4483 αὐτῷ·
2549 4414 2578 4465 6
2606 4412 2715 4484 γὰρ
2744 4411 2977 4482 Χριστὸς
2998 4406 3067 4481 ἦν
3103 4408 3200 4479 μὲν
3217 4404 3468 4477 βασιλεὺς
3492 4406 3585 4457 καὶ
3614 4402 3689 4465 ὡς

2109 4506 2239 4569 Θεός
2255 4523 2269 4535 ·
2322 4505 2699 4569 Ἠβασιλείαο
2722 4503 2851 4573 γὰρ,
2881 4502 3015 4573 φησι
3027 4520 3068 4563 ι,
3091 4503 3128 4569 ἠ
3149 4500 3262 4569 ἐμὴ
3295 4500 3404 4551 οὐκ
3428 4496 3597 4550 ἔστιν
3622 4496 3689 4547 ἐκ

2109 4598 2217 4653 τοῦ
2237 4601 2470 4668 κόσμου
2486 4599 2701 4651 τούτου
2728 4615 2741 4627 ’
2767 4592 2835 4667 ἦν
2872 4596 2928 4649 δέ
2975 4594 3069 4647 καὶ
3108 4593 3183 4656 ὡς
3222 4590 3541 4662 ἄνθρωπος’
3578 4585 3687 4656 εἶχε

2108 4692 2216 4763 γὰρ
2247 4691 2382 4761 ἔργα
2420 4689 2679 4761 βασιλέως
2710 4689 2770 4742 τὸ
2796 4685 3103 4757 νομοθετεῖν
3147 4686 3259 4746 τοῖς
3297 4681 3558 4753 ὑπηκόοις
3602 4680 3690 4732 αὺ-

2109 4784 2225 4849 τοῦ,
2244 4783 2305 4837 τὸ
2344 4782 2648 4854 ῥυθμίζειν,
2679 4782 2739 4834 τὸ
2767 4779 3070 4851 περιέπειν,
3110 4777 3171 4828 τὸ
3186 4772 3688 4846 ὑπεραποθνήσγλιν

431 4863 630 4915 tionem
659 4863 973 4917 corumdem
995 4872 1049 4917 et
1080 4879 1265 4919 curam
1287 4903 1304 4929 ,
1340 4864 1595 4935 necisque
1628 4883 1727 4937 pro
1754 4867 1822 4922 iis
1848 4868 2009 4922 obita:

2120 4878 2291 4932 αὐτῶν
2314 4895 2325 4907 ⁸
2345 4851 2398 4931 Ἵά
2428 4851 2662 4948 μάλιστα
2687 4871 3151 4945 χαρακτηρίζουσι
3196 4870 3287 4921 τὸν
3332 4866 3504 4938 ἀληθῆ
3540 4864 3689 4936 βασι-

426 4953 725 5020 ntcritum;
757 4956 848 5025 qui
889 4970 1082 5027 reapse
1138 4957 1283 5027 regis
1334 4958 1687 5015 characteres
1746 4962 2006 5030 praecipui

412 5056 572 5103 ‘suuL

675 5142 726 5175 "
753 5141 984 5211 Spiritus
1007 5154 1220 5199 sanctus
1252 5146 1577 5212 superveniet
1601 5147 1657 5197 in
1688 5155 1757 5199 te.

500 5233 642 5289 Deus
667 5246 772 5297 est,
801 5235 996 5305 inquit,
1035 5238 1126 5305 qui
1180 5247 1465 5307 operatur,
1499 5252 1564 5291 ne
1595 5238 1884 5307 ambigas;
1917 5240 2005 5294 ille

427 5324 663 5389 scilicet,
699 5329 790 5398 qui
823 5331 984 5384 etiam
1017 5331 1246 5385 senilem
1293 5338 1710 5398 emortuatnque
1754 5341 2005 5386 naturam

344 5448 349 5452 ι
426 5419 765 5483 corroborat,
795 5420 908 5476 imo
930 5422 974 5476 si
999 5422 1127 5476 velit
1158 5424 1398 5479 innovat.

595 5509 644 5541 ⁸⁸
672 5510 816 5564 Dixit
844 5511 1021 5566 Maria
1040 5527 1058 5564 :
1086 5512 1220 5567 Ecce
1254 5514 1446 5568 ancilla
1476 5516 1710 5584 Domini,
1736 5526 1843 5572 etc.

500 5601 713 5657 Ancilla
756 5604 969 5661 Domini
1004 5621 1162 5671 sum;
1196 5605 1375 5661 tabula
1400 5609 1629 5677 pictoria
1657 5625 1813 5676 sum;
1843 5610 2002 5681 quid-

500 5736 982 5812 "Ge_n.xvu,_i7.
1057 5738 1270 5812 “Gen.
1304 5738 1579 5812 xt'ut,_l0.
1654 5742 1701 5775 "
1765 5742 1893 5801 Luc.
1944 5747 2107 5812 1,19.
2189 5749 2232 5779 "
2259 5746 2390 5804 ibid.
2420 5746 2511 5801 5‘2.

456 5823 611 5874 ιιιιι,
639 5808 726 5862 56.
805 5812 848 5841 δι’
874 5808 1005 5866 Luc.
1046 5826 1086 5879 ι,
1118 5811 1204 5867 55.
1281 5813 1325 5844 ³⁸
1380 5810 1508 5867 ibid.
1537 5812 1625 5866 58.

2111 4971 2229 5024 λέα.

2338 5154 2577 5222 Πνεῦμα
2607 5153 2780 5221 ἅγιον
2810 5149 3198 5204 ἐπελεύσεται
3227 5146 3324 5198 ἐπὶ
3359 5144 3452 5197 σέ.

2185 5248 2337 5311 Θεὸς,
2365 5248 2549 5317 φησιν,
2572 5246 2599 5297 6
2629 5243 2888 5314 ἐνεργῶν,
2916 5242 2991 5313 μὴ
3031 5236 3333 5311 ἀμφίϐαλλε
3354 5252 3367 5264 ’
3404 5237 3431 5287 6
3472 5233 3566 5286 καὶ
3594 5230 3689 5302 τὴν

2116 5340 2275 5411 φύσιν
2316 5341 2688 5410 γεγηρακυῖαν
2720 5337 2815 5389 καὶ
2856 5334 3185 5389 ἀσθενοῦσαν
3212 5327 3567 5401 ἐπιρῤωννὺς,
3598 5322 3689 5377 καὶ

2114 5433 2274 5501 φύσιν
2302 5429 2663 5501 καινοτομῶν,
2681 5430 2768 5481 ὅτε
2809 5426 3073 5497 βούλεται.

2205 5520 2352 5577 Eia-rs
2385 5520 2651 5591 Μαριάμ)
2690 5520 2835 5575 Ἰδοὺ
2873 5520 2910 5586 ἡ
2933 5520 3122 5584 δούλη
3164 5514 3411 5582 Κυρίου,
3441 5530 3496 5566 κ.
3521 5528 3573 5563 τ.
3606 5527 3650 5560 Α.

2180 5615 2353 5686 Δούλη
2398 5614 2514 5685 εἰμὶ
2550 5613 2785 5684 Κυρίου*
2856 5610 3018 5675 πίναξ
3069 5610 3183 5680 εἰμὶ
3234 5605 3616 5678 γραφθεμενος·
3660 5598 3687 5652 ὃ

2590 5745 2629 5777 ⁵⁷
2668 5744 2808 5801 Psal.
2858 5758 3084 5809 essm,
3118 5741 3188 5797 56
3226 5754 3342 5810 seq.
3428 5736 3471 5769 “
3500 5732 3661 5790 Joan.
