3968 6512
473 371 573 400 νοις

471 378 574 425 51.7.";
1142 378 1402 445 EUSEBII
1445 383 1915 445 C.£S.-\l'tlliNSlS
1956 392 2105 448 OPP.
2147 397 2326 456 PARS
2364 403 2453 460 ΙΙΙ.
2493 436 2564 445 ——
2602 409 3012 468 EXEGETICA.

3599 424 3724 478 356

471 488 659 550 titmlo,
705 495 758 540 et
797 498 1006 556 quarta,
1057 479 1278 562 alituque
1331 494 1605 567 deinceps.
1668 499 1853 558 Licere
1891 505 1993 560 cuii

471 580 686 602 ,l..-...l.-n
716 594 837 602 --⁴--
889 581 1001 602 .I.__.,
1045 585 1106 602 -I!
1242 587 1254 602 I
1527 593 1555 602 ι.
1619 595 1630 602 .
1747 599 1756 602 -

2096 534 2106 567 ι
2137 509 2282 581 αὐτῷ
2313 520 2666 587 μακαρισμοὶ,
2687 522 2780 574 καὶ
2801 521 3046 594 τέταρτοι
3074 525 3168 578 καὶ
3192 528 3386 599 ἐφεξῆς
3417 530 3546 602 (46).
3583 535 3721 602 Ἐξ-

442 580 692 632 «lucebat
713 581 1008 636 secundum
1040 585 1255 654 aliquod
1294 604 1357 642 ex
1394 593 1662 659 praedictis
1709 599 1834 651 vita:
1871 615 2032 664 geuu-

462 670 610 723 ribus
643 673 908 739 promissa
957 673 1094 729 bona
1145 676 1431 747 censequi;
1487 684 1555 738 ita
1614 696 1672 740 ut
1719 702 1940 752 possent
1975 693 2026 746 iu

463 757 553 812 Dei
588 775 772 830 regno,
801 765 843 817 si
873 767 1050 820 minus
1076 783 1198 822 cum
1243 769 1458 826 Christo
1491 791 1717 846 regnare
1765 796 1918 848 aeque
1964 800 2030 836 ae

461 865 720 920 pauperes
747 855 962 922 spiritu,
999 868 1054 911 at
1089 872 1234 914 certe
1266 867 1524 930 recreari,
1570 884 1634 922 eo
1662 872 1804 938 quod
1834 876 2025 928 morti-

460 940 570 992 fera
596 956 690 994 sua
724 956 939 1012 peccata
971 947 1305 1018 deﬂeverint,
1341 971 1405 1010 ac
1443 961 1768 1027 pceuiteutia:
1804 975 1858 1019 et
1893 981 2023 1020 ceu-

457 1029 674 1087 fessioni
727 1051 996 1107 caseoque
1026 1045 1150 1098 vita:
1195 1060 1366 1102 semet
1417 1051 1737 1109 addixeriut.
1779 1057 1871 1112 Vel
1903 1075 2026 1129 pro-

454 1123 617 1178 missa
647 1137 789 1182 terra
817 1133 1000 1198 potiri,
1045 1148 1099 1190 et
1137 1138 1469 1197 habitatores
1497 1144 1751 1214 civesque
1779 1164 2024 1218 supernae

454 1213 547 1268 Dei
576 1217 808 1274 civitatis
850 1223 984 1290 fieri,
1019 1228 1143 1295 quia
1177 1229 1330 1285 mites
1371 1246 1430 1286 se
1475 1213 1858 1308 patientesque
1881 1256 2020 1310 prae-

451 1298 685 1356 buerint.
724 1303 813 1360 Vel
837 1310 958 1376 quia
987 1316 1311 1370 esuriveriut
1342 1319 1393 1372 in
1441 1298 1689 1389 praesenti
1730 1298 1837 1382 vita
1860 1298 2021 1398 justi-

423 1392 427 1396 ί
455 1389 579 1445 tiam
611 1403 771 1464 atque
795 1398 1085 1469 sitiverint,
1119 1421 1287 1476 eaque
1313 1411 1501 1466 satiari
1534 1413 1584 1467 in
1608 1414 1791 1474 futuro
1821 1422 2020 1478 smculo

371 1539 375 1542 _
449 1485 792 1552 Optaverim;
846 1490 918 1545 ita
952 1493 1268 1552 defmcatam
1311 1515 1375 1555 ac
1406 1503 1816 1565 substantialem
1845 1515 2016 1568 virtu-

449 1579 556 1625 tetu
585 1576 884 1646 obtineant,
913 1593 965 1638 et
991 1584 1387 1656 hypostaticam
1423 1596 1596 1664 ipsam
1625 1601 1726 1655 Dei.
1747 1603 2013 1672 justitiam

447 1668 1070 1748 aspiciautpipsamque
1114 1682 1206 1736 Dei
1251 1687 1606 1761 sapientiam,
1644 1706 1900 1774 asternam
1937 1702 2016 1754 vi-

447 1766 578 1825 tam,
620 1775 674 1816 et
700 1766 998 1822 animarum
1059 1773 1260 1831 lumen.
1311 1779 1440 1846 Qua:
1496 1786 1680 1840 omnia
1717 1769 2010 1846 secundum

442 1851 799 1911 inhaerentem
835 1859 1088 1917 virtutem
1121 1865 1175 1920 in
1216 1870 1490 1940 unigenito
1544 1876 1634 1930 Dei
1686 1876 1866 1936 Verbo
1895 1900 2014 1940 esse
2045 1851 2086 1904 Β

441 1942 830 2010 intelliguntur.
890 1948 1042 2016 Quod
1106 1956 1150 2008 si
1203 1957 1400 2030 alioqui
1488 1967 1728 2020 nonnulli
1795 1971 2009 2038 benigni

437 2032 714 2093 fueriutet
735 2041 1170 2114 eleemosyuarii,
1203 2052 1738 2128 misericordiamque
1767 2075 1838 2119 "ac
1879 2067 2012 2122 libe-

438 2127 708 2184 ralitatem
761 2147 886 2202 erga
938 2139 1210 2208 proxitttos
1265 2142 1779 2218 demoustraveriut,
1840 2160 2006 2212 bene-

435 2219 678 2274 ﬁciorum
713 2239 931 2279 suorum
982 2229 1153 2284 vicem
1203 2236 1572 2306 experientur,
1631 2244 2005 2301 misericordia

433 2309 827 2384 clementiaque
855 2318 944 2372 Dei
979 2319 1228 2377 fruendo.
1278 2325 1427 2382 Alius
1472 2340 1554 2384 est
1601 2335 1878 2391 beatorum
1921 2356 2006 2393 sc.-

433 2394 667 2453 cundum
691 2405 1101 2471 promissionem
1132 2411 1286 2474 ordo,
1312 2414 1399 2482 qui
1428 2417 1609 2482 corde,
1649 2421 1698 2474 id
1722 2431 1804 2474 cst
1827 2434 2005 2478 mente

430 2490 551 2557 puri
613 2504 776 2558 sunt;
832 2496 1069 2568 itemque
1121 2502 1260 2558 alius
1319 2507 1692 2574 pacificorum.
1760 2512 1999 2578 Quorum

377 2613 380 2615 λ
431 2581 644 2648 priores
675 2586 888 2652 quidem
921 2592 1176 2657 puritatis
1203 2609 1314 2648 sua
1338 2599 1640 2654 mercedem
1677 2605 1998 2672 percipient,

427 2671 522 2724 Dei
562 2673 845 2740 visionem,
886 2679 1008 2745 quia
1037 2684 1278 2750 purgatis
1304 2701 1426 2740 eum
1455 2687 1649 2744 animae
1679 2693 1852 2746 oculis
1874 2708 1998 2750 sunt

425 2762 625 2831 visuri;
654 2765 807 2822 alteri
837 2783 962 2823 vero
989 2773 1079 2825 lilii
1102 2774 1191 2828 Dei
1225 2776 1372 2846 fient,
1401 2791 1688 2848 propterea
1720 2788 1863 2853 quod
1901 2803 1999 2856 par

425 2869 561 2924 opus
595 2856 844 2922 fecerint.
878 2872 1044 2933 atque
1072 2864 1167 2920 Dei
1201 2867 1390 2935 Filius,
1429 2863 1540 2941 qui'
1573 2878 1753 2930 omnia
1814 2895 1910 2947 per
1937 2897 1996 2934 se

422 2944 595 3012 ipsum
631 2951 937 3019 pacilicavit
971 2954 1083 3011 sive
1118 2973 1234 3028 qua:
1274 2960 1326 3014 in
1355 2962 1507 3017 cmlis
1546 2976 1691 3029 sunt,
1733 2968 1848 3022 sive
1877 2984 1996 3038 qute

423 3037 476 3089 iu
519 3046 685 3092 terra.
722 3039 1103 3101 Verumtamen
1156 3049 1210 3103 hi
1252 3066 1438 3108 omnes
1476 3068 1574 3124 pro
1618 3071 1836 3112 suorum
1866 3037 1996 3130 ope-

2133 601 2268 652 εῖναι
2297 601 2404 673 γὰρ
2424 605 2668 660 ἐδίδασκε
2693 609 2814 662 καθ’
2839 611 2932 664 ἕνα
2955 613 3074 666 τινὰ
3105 614 3302 682 τρόπον
3331 619 3438 672 τῶν
3459 639 3720 678 κατωνο-

2134 693 2425 762 μασμένων
2456 695 2587 765 βίων
2615 701 3011 773 καταξιωθῆναι
3037 705 3140 759 τῶν
3159 709 3580 781 ἐπηγγελμένων
3611 734 3719 785 φι-

2129 782 2462 856 λοτιμεῖσθαι
2479 807 2492 820 ·
2517 789 2644 844 ὥστ’
2665 789 2802 848 εἶναι
2831 795 3070 864 δυνατὸν,
3096 801 3156 854 ἐν
3179 805 3241 871 τῇ
3266 803 3358 856 τοῦ
3386 805 3519 859 Θεοῦ
3543 807 3716 877 βασι-

2128 874 2245 948 λείᾳ
2297 879 2636 950 γενομένους,
2678 887 2727 937 εί
2765 887 2857 939 καὶ
2903 888 2975 960 μὴ
3015 890 3435 961 συμϐασιλεύσαι
3477 874 3710 970 Χριστῷ

2127 968 2268 1022 κατὰ
2317 971 2440 1035 τοὺς
2480 978 2726 1045 πτωχοὺς
2759 979 2834 1050 τῷ
2865 980 3152 1052 πνεύματι,
3195 983 3328 1039 ἀλλὰ
3355 987 3485 1056 γοῦν
3521 1008 3710 1063 παρα-

2126 1057 2388 1129 κληθῆναι
2431 1062 2515 1131 ἐφ’
2563 1059 2644 1128 οἷς
2695 1066 2762 1119 τὰ
2814 1069 2946 1139 πρὸς
3000 1071 3224 1128 θάνατον
3281 1057 3706 1150 ἁμαρτήσαντες

2125 1150 2449 1222 ἐπένθησαν,
2483 1158 2739 1228 μετανοίᾳ
2790 1160 2879 1212 καὶ
2907 1161 3286 1235 ἐξομολογήσει
3316 1167 3428 1237 (47)
3467 1170 3571 1222 κα).¹
3594 1170 3704 1242 βίῳ

2126 1243 2360 1317 σώφρονι
2389 1249 2611 1314 ἑαυτοὺς
2627 1252 3007 1318 ἐπιδεδωκότες
3029 1272 3042 1286 ’
3084 1256 3116 1327 ἦ
3147 1259 3247 1328 τῆς
3268 1260 3702 1335 ¹ἐπηγγελμένης

2123 1336 2228 1406 γῆς
2268 1343 2472 1410 τυχεῖν,
2512 1343 2802 1415 οίκήτορᾶς
2829 1361 2888 1398 τε
2941 1346 3034 1400 καὶ
3074 1349 3296 1413 πολίτας
3329 1353 3428 1422 τῆς
3452 1355 3563 1430 ἄνω
3597 1355 3700 1409 τοῦ

2121 1429 2254 1483 Θεοῦ
2286 1432 2491 1496 πόλεως
2518 1435 2788 1502 γενέσθαι,
2819 1437 3026 1509 πράους
3059 1441 3151 1493 καὶ
3174 1429 3529 1509 ἀνεξικάκους
3550 1449 3698 1501 ἀπο-

2118 1519 2453 1591 δειχθέντας·
2502 1525 2534 1595 ἢ
2571 1527 2927 1597 πεινήσαντας
2975 1530 3036 1582 ἐν
3069 1531 3147 1600 τῷ
3181 1534 3404 1604 παρόντι
3443 1536 3564 1606 βίῳ,
3599 1539 3698 1591 καὶ

2116 1613 2447 1684 διψήσαντας
2482 1617 2583 1688 τῆς
2608 1619 2951 1690 δικαιοσύνης
2973 1626 3152 1692 τυχεῖν
3187 1625 3378 1695 αὐτῆς,
3407 1630 3502 1680 καὶ
3531 1646 3697 1700 κορε-

2119 1707 2308 1777 σθῆναι
2355 1711 2496 1763 κατὰ
2534 1711 2626 1764 τὸν
2673 1714 3076 1787 ἐπηγγελμένον
3117 1717 3306 1781 αἰῶνα,
3349 1719 3486 1773 ἐπὰν
3518 1722 3694 1792 αὐτῆς

2116 1801 2360 1872 καθαρᾶς
2405 1803 2504 1874 τῆς
2547 1805 2832 1873 ούοςιώδους
2871 1809 3074 1880 ἀρετῆς
3113 1810 3454 1865 ἀπολαύωσιν
3472 1855 3492 1878 ,.
3518 1815 3692 1885 αὐτὴν

2115 1894 2478 1966 ύποστατικὴν
2511 1897 2742 1964 ὁρῶντες
2772 1901 2870 1971 τὴν
2905 1899 3000 1954 τοῦ
3038 1901 3172 1955 Θεοῦ
3200 1902 3561 1974 δικαιοσύνην,
3590 1909 3690 1960 καὶ

2112 1984 2282 2056 αὐτὴν
2308 1987 2406 2057 τὴν
2439 1987 2628 2054 σοφίαν
2667 1989 2761 2042 τοῦ
2802 1989 2958 2054 Θεοῦ,
2999 1992 3092 2044 καὶ
3120 1993 3217 2063 τὴν
3255 1992 3399 2066 ζωὴν
3426 1995 3524 2065 τὴν
3553 1995 3691 2050 αἰώ-

2110 2091 2239 2138 νιον,
2271 2077 2364 2128 καὶ
2383 2077 2443 2129 τὸ
2467 2077 2652 2148 ψυχῶν
2684 2082 3006 2148 φωτιστικόν
3027 2100 3040 2112 ⁵
3091 2083 3127 2137 ἃ
3155 2083 3218 2156 δὴ
3254 2086 3428 2139 πάντα
3455 2088 3690 2141 ἐπινοεῖ-

2107 2183 2195 2218 ται
2236 2165 2375 2219 κατὰ
2414 2167 2514 2231 τὰς
2561 2171 2971 2241 ἑνυπαρχούσας
3001 2173 3256 2245 δυνάμεις
3297 2176 3376 2246 τῷ
3410 2185 3689 2248 μονογενεῖ

2105 2255 2200 2309 τοῦ
2238 2257 2372 2311 Θεοῦ
2401 2259 2577 2330 Λόγῳ.
2612 2261 2674 2312 Ei
2706 2260 2763 2313 δέ
2801 2261 2974 2326 ἄλλως
3009 2264 3154 2328 τινὲς
3189 2267 3554 2340 φιλάνθρωποι
3590 2274 3686 2324 καὶ

2106 2347 2396 2420 ἐλεήμονες
2442 2354 2728 2420 γεγόνασι,
2783 2356 2843 2409 τὸ
2893 2359 3174 2427 συμπαθὲς
3226 2362 3320 2414 καὶ
3369 2363 3684 2415 κοινωνικὸν

2105 2441 2241 2510 πρὸς
2263 2443 2390 2506 τοὺς
2411 2442 2578 2507 πέλας
2603 2445 3052 2517 ἐπιδεικνύμενοι,
3078 2451 3270 2504 ταύτὸν
3301 2453 3574 2506 πείσονται
3596 2447 3681 2518 οἷς

2103 2531 2353 2602 ἔδρασαν,
2384 2534 2505 2586 κατ’
2539 2534 2686 2588 ἔλεον
2721 2534 2855 2588 Θεοῦ
2884 2540 2977 2592 καὶ
3006 2540 3410 2612 φιλανθρωπίαν
3435 2541 3659 2613 ἐλεηθέν

2102 2640 2212 2686 τες.
2244 2623 2407 2688 Ἀλλο
2435 2625 2492 2678 δὲ
2525 2625 2709 2696 τάγμα
2743 2628 2938 2696 γένοιτ’
2969 2628 3035 2684 ἂν
3065 2631 3172 2684 τῶν
3203 2633 3343 2685 κατὰ
3375 2633 3471 2704 τὴν
3503 2636 3678 2702 ἐπαγ-

2100 2711 2286 2779 γελίαν
2332 2717 2638 2786 μακαρίων,
2682 2719 2742 2771 τὸ
2767 2718 2874 2772 τῶν
2899 2721 2997 2791 τὴν
3028 2723 3254 2793 καρδίαν
3287 2725 3531 2778 τουτέστι
3575 2728 3677 2797 τὴν

2097 2801 2331 2855 διάνοιαν
2369 2807 2791 2877 κεκαθαρμένων
2811 2825 2826 2838 ·
2858 2811 2952 2862 καὶ
2978 2811 3106 2864 ἄλλο
3131 2812 3294 2867 πάλιν
3317 2813 3426 2866 τῶν
3460 2816 3667 2887 εἰρηνοο

2098 2893 2266 2947 ποιῶν
2293 2910 2306 2925 ο
2343 2889 2420 2949 ὧν
2438 2898 2488 2948 οἱ
2515 2899 2613 2968 μὲν
2640 2901 2892 2972 πρότεροι
2918 2903 3084 2974 γέρας
3107 2903 3361 2976 λήψονται
3385 2907 3482 2978 τῆς
3509 2909 3680 2963 καθα-

2101 2986 2340 3056 ρότητος,
2373 2987 2472 3058 τὴν
2500 2989 2593 3042 τοῦ
2624 2991 2760 3044 Θεοῦ
2778 2991 2924 3060 θέαν,
2956 2993 3051 3048 ἅτε
3077 2996 3132 3048 δὲ
3159 2997 3459 3069 ὀφθαλμοῖς
3493 2999 3673 3071 ψυχῆς

2097 3074 2528 3146 κεκαθαρμένοις
2577 3080 2736 3134 αὐτὸν
2779 3082 3059 3154 ὀψόμενοι·
3104 3086 3154 3139 oi
3183 3087 3239 3140 δὲ
3291 3089 3531 3160 δεύτεροι
3565 3091 3675 3143 υἱοὶ

421 3144 539 3183 rum
606 3133 921 3190 diversitate
973 3137 1201 3193 diversis
1267 3142 1319 3196 in
1393 3149 1660 3214 promisso
1729 3151 1990 3206 caelorum

421 3235 586 3250 ιιιὶηηΛ
634 3224 914 3250 ηΛοῗη-ιι....
963 3229 1254 3250 I-_-.__!I,,-
1345 3233 1387 3250 ιν
1698 3241 1710 3250 ι

2311 3133 2360 3146 ..
2507 3133 2524 3142 -
2693 3133 2723 3134 η
2787 3133 2832 3152 η
2857 3133 3029 3154 τυ--
3109 3133 3153 3139 --
3187 3133 3239 3140 τ-
3294 3133 3531 3160 --η-ι.-.
3569 3133 3666 3143 π-.

2097 3165 2232 3218 Θεοῦ
2264 3167 2602 3238 γενήσονται,
2631 3171 2707 3234 ὡς
2731 3171 2796 3224 ἂν
2824 3171 2982 3243 ἔργον
3003 3175 3188 3246 ὅμοιον
3213 3178 3632 3250 κατωρθωκότες
3651 3196 3666 3210 ⁸

420 3235 586 3288 regno
634 3224 914 3291 potientur
963 3229 1280 3289 honoribus.
1341 3233 1476 3290 Nam
1531 3241 1827 3310 regnabuut
1867 3259 1991 3299 cum

417 3310 510 3362 Dei
535 3312 675 3368 Filio
692 3315 850 3382 primi
891 3319 982 3387 qui
1018 3321 1277 3377 nominati
1308 3337 1435 3378 sunt
1477 3343 1741 3398 pauperes
1773 3334 1986 3401 spiritu.

411 3398 546 3480 Post
579 3403 696 3460 illos
722 3416 899 3461 autem
948 3413 1190 3480 secundi,
1237 3413 1401 3471 fortes
1448 3417 1538 3472 Dei
1601 3398 1894 3493 martyres,
1923 3426 1990 3478 de

415 3475 611 3559 quibus
652 3508 834 3566 postea
871 3499 1038 3554 dicit:
1093 3502 1239 3557 Beati
1286 3510 1380 3577 qui
1427 3514 1839 3577 persecutionem
1889 3533 1987 3584 pa-

416 3581 622 3633 tiuntur
662 3594 874 3651 prapter
907 3585 1196 3662 justitiam.
1223 3591 1316 3647 liis
1368 3597 1512 3650 enim
1553 3599 1731 3654 verbis
1771 3617 1866 3656 eos
1895 3606 1985 3673 qui

412 3683 511 3735 pro
539 3684 704 3740 regno
734 3673 1060 3731 decertaturi
1107 3693 1283 3745 erant,
1318 3691 1574 3754 tauquam
1626 3690 1840 3747 nobiles
1893 3693 1982 3747 Dei

410 3759 614 3814 milites
657 3763 870 3819 dicebat
893 3767 1116 3836 beatos;
1167 3775 1476 3829 necessario
1529 3777 1614 3844 his
1644 3795 1879 3850 quoque,
1929 3796 1985 3838 ut

408 3847 837 3909 heatilicatorum
869 3869 1027 3912 antea
1069 3874 1362 3930 pauperum
1396 3847 1678 3934 fratribus,
1717 3847 1983 3929 mercedis

407 3936 530 3994 loco
557 3941 816 3998 caelorum
843 3962 1063 4016 regnum
1091 3954 1432 4022 promittens.
1457 3957 1624 4014 Multo
1660 3974 1837 4018 autem
1857 3981 1978 4021 cum

403 4027 600 4082 ordine
645 4040 699 4084 et
749 4047 1116 4094 cousentauee
1189 4043 1273 4097 his
1328 4051 1701 4107 communicat
1755 4068 1978 4122 regnum

404 4133 560 4173 suum
597 4131 715 4190 post
753 4139 1017 4196 pauperes
1066 4131 1280 4201 spiritu.
1311 4135 1537 4207 Oportet
1564 4142 1709 4197 enim
1746 4147 1976 4214 prinuuu

401 4209 587 4266 vivere
619 4213 730 4268 Deo
762 4227 946 4286 gratos
977 4228 1088 4275 toto
1114 4223 1236 4278 vitze
1280 4235 1543 4299 tempore,
1578 4247 1868 4303 pauperem
1912 4255 1976 4294 ac

407 4309 840 4381 philosOphicum
877 4331 1080 4372 morem
1121 4330 1364 4380 tenentes
1397 4345 1412 4380 :
1440 4329 1634 4386 deinde
1661 4333 1740 4388 sic
1762 4335 1826 4388 ad
1851 4351 1976 4406 gra-

405 4408 518 4453 tutu
547 4401 660 4456 Deo
689 4405 850 4460 [luem
880 4411 1216 4484 pertingere.
1238 4413 1422 4486 itaque
1463 4421 1670 4489 priores
1713 4424 1784 4479 illi
1829 4401 1977 4482 sittu-

2094 3250 2203 3310 οἷον
2231 3259 2323 3310 καὶ
2360 3261 2388 3311 ὁ
2423 3259 2516 3313 τοῦ
2538 3260 2669 3315 Θεοῦ
2701 3263 2827 3328 Υἱὸς
2851 3268 3267 3338 εἰρηνοποιήσας
3302 3269 3369 3322 τὰ
3393 3271 3568 3324 πάντα
3600 3270 3668 3323 δι’

2094 3347 2309 3416 ἑαυτοῦ,
2335 3349 2405 3402 τά
2443 3368 2501 3404 τε
2552 3353 2610 3404 ἐν
2653 3355 2864 3426 ούρανῷ
2897 3359 2989 3411 καὶ
3014 3357 3084 3411 τὰ
3116 3359 3210 3411 ἐπὶ
3245 3360 3344 3430 τῆς
3363 3361 3484 3431 γῆς.
3531 3360 3668 3413 Ἀλλ’

2091 3428 2235 3490 οὗτοι
2263 3439 2359 3509 μὲν
2393 3442 2485 3494 ἐπὶ
2519 3441 2794 3515 διαφόροις
2832 3448 3216 3521 κατορθώμασι
3252 3428 3519 3524 διαφόρων
3547 3453 3671 3506 τεύ-

2095 3521 2270 3585 ξονται
2294 3527 2466 3596 τιμῶν
2497 3531 2556 3582 ἐν
2573 3534 2637 3602 τῇ
2669 3537 3084 3610 κατηγγελμένῃ
3119 3540 3228 3592 τῶν
3251 3521 3494 3611 οὐρανῶν
3524 3541 3672 3612 βασι-

2091 3614 2230 3686 λείᾳ.
2267 3619 2335 3670 Oi'
2361 3636 2424 3687 γε
2456 3621 2560 3692 μὴν
2588 3623 2737 3695 αύτῷ
2770 3627 3290 3697 συμῦασιλεύσοντες
3318 3632 3394 3703 τῷ
3431 3635 3544 3706 Υἱῷ
3572 3637 3666 3690 τοῦ

2089 3705 2224 3760 Θεοῦ
2259 3710 2465 3780 πρῶτοι
2519 3713 2617 3783 μὲν
2665 3710 2806 3784 ἦσαν
2860 3719 2908 3769 oi
2957 3718 3284 3789 δὴλωθέντες
3329 3705 3533 3794 πτωχοὶ
3585 3727 3664 3796 τῷ

2088 3800 2390 3871 πνεύματι·
2436 3803 2676 3876 δεύτεροι
2713 3807 2769 3860 δὲ
2803 3809 2919 3878 μετ’
2946 3810 3188 3876 ἐκείνους
3223 3813 3272 3864 οί
3299 3817 3532 3881 γενναῖοι
3571 3815 3664 3870 τοῦ

2085 3878 2229 3944 Θεοῦ
2253 3894 2547 3966 μάρτυρες,
2580 3899 2707 3968 περὶ
2739 3892 2814 3952 ὧν
2855 3899 2984 3972 egi;
3011 3901 3254 3956 ἐδίδασκε
3293 3878 3496 3972 λέγων·
3525 3909 3665 3959 Μα-

2087 3984 2276 4053 κάριοι
2313 3989 2367 4040 οἱ
2402 3987 2780 4060 δεδιωγμένοι
2832 3992 3040 4047 ἕνεκεν
3091 3994 3514 4064 δικαιοσύνηςο
3571 3997 3661 4051 διὰ

2083 4073 2289 4127 τούτων
2344 4077 2453 4148 γὰρ
2497 4079 2623 4143 τοὺς
2656 4080 2949 4151 μέλλοντας
3013 4084 3513 4155 ὑπεραγωνίζεσθαι
3559 4087 3660 4158 τῆς

2084 4163 2358 4234 βασιλείας
2384 4168 2460 4232 ὠς
2489 4170 2726 4239 εὐγενεῖς
2755 4173 2890 4228 Θεοῦ
2931 4175 3265 4248 στρατιώτας
3291 4178 3622 4250 ἐμακάριζεν
3640 4197 3656 4211 ο

2081 4257 2395 4325 ἀναγκαίως
2431 4262 2524 4313 καὶ
2562 4263 2747 4327 αὐτοῖς
2778 4265 2854 4330 ὡς
2885 4267 3132 4336 ἀδελφοῖς
3154 4267 3261 4321 τῶν
3293 4285 3655 4339 προμεμακα-

2081 4344 2351 4421 ρισμένων
2378 4353 2863 4428 πτωχῶνβραεῖεῖα
2891 4359 2997 4411 τῶν
3023 4359 3270 4414 ἐπάθλων
3301 4360 3400 4432 τὴν
3426 4361 3534 4413 τῶν
3564 4363 3656 4414 οῦ-

2080 4437 2258 4506 ρανῶν
2291 4439 2565 4509 βασιλείαν
2590 4445 3032 4516 ὑπισχνούμενος.
3071 4447 3231 4512 Τάξει
3282 4449 3338 4502 δὲ
3371 4450 3533 4522 πολλῇ
3562 4451 3656 4504 καὶ

397 4504 542 4544 mam
584 4494 706 4549 vita:
749 4512 1116 4568 paupertatem
1153 4518 1447 4573 sectantes,
1491 4521 1605 4567 toto
1650 4517 1827 4572 relatis
1867 4534 1977 4575 sua:

399 4591 645 4614 οΔιιὶηΛ-ιι
670 4603 767 4614 ..-Α
802 4593 1012 4614 Α.ε..¹--ιξΑ
1238 4601 1270 4612 ιο
1352 4602 1366 4614 ι
1738 4607 1768 4614 .-
1959 4613 1965 4614 ,

2291 4494 2302 4509 ι
2603 4494 3032 4516 ’ν”νΛ---ι--νννν-
3079 4494 3231 4512 --”“δ“·
3285 4494 3338 4502 ν’
3375 4494 3533 4522 ·’*’”·;ο
3564 4494 3647 4504 ’“’·“

2096 4528 2371 4602 ίικολουθίᾳ
2390 4532 2600 4598 τούτοις
2635 4538 2906 4606 μετεδίδου
2927 4541 3023 4611 τῆς
3052 4542 3218 4595 αὑτοῦ
3253 4541 3527 4612 βασιλείας
3551 4562 3647 4614 με·

399 4591 645 4653 tempore
670 4603 769 4657 pro
802 4593 1016 4650 virtutis
1066 4601 1302 4666 prmmiis
1335 4602 1705 4660 decertarunt.
1736 4607 1969 4666 Secundi

395 4691 546 4740 vero,
597 4691 818 4749 propter
869 4685 1233 4744 testimonium
1297 4694 1362 4747 de
1416 4695 1655 4764 Christo,
1707 4703 1967 4772 exagitati

394 4766 634 4834 fuerunt,
662 4777 978 4843 Oppugnati,
1021 4781 1146 4834 odio
1193 4783 1385 4848 habiti,
1420 4786 1570 4843 falsis
1610 4795 1968 4848 accusationi-

395 4862 492 4915 bus
515 4863 850 4920 calumuiose
879 4871 1126 4936 appetiti,
1171 4873 1372 4928 nullam
1415 4878 1578 4932 aliam
1621 4881 1690 4935 ob
1744 4898 1963 4939 cauSam

392 4967 554 5015 quam
586 4953 655 5008 ob
689 4953 886 5012 Christi
921 4959 1342 5020 confessionem.
1391 4968 1499 5023 Sed
1541 4974 1684 5027 enim
1721 4978 1963 5031 esurien-

390 5054 472 5096 tes
494 5047 708 5114 quidem
745 5050 1029 5119 etﬂeutes,
1065 5065 1121 5110 et
1159 5056 1365 5113 Christi
1407 5077 1570 5117 causa
1618 5072 1964 5126 contumeliis

386 5135 614 5192 affectos
653 5145 792 5210 apud
829 5143 1024 5199 Lucam
1069 5164 1284 5220 quoque
1314 5152 1612 5210 videbimus
1637 5158 1774 5230 (48);
1806 5164 1961 5217 mites

459 5369 570 5463 (liti)
598 5372 707 5463 l'loc
735 5393 946 5448 quoque
969 5383 1114 5463 apud
1158 5382 1492 5454 hlattlneum,
1522 5391 1613 5457 qui
1648 5403 1771 5448 octo
1806 5397 1958 5463 ponit

384 5437 764 5523 lica-titudiues,
799 5437 922 5502 cultu
968 5437 1140 5507 Lucas
1187 5467 1420 5523 quatuor
1473 5437 1676 5515 {autum
1735 5437 1959 5521 sciibat.

383 5506 441 5560 in
465 5508 726 5587 _b_l_attha-o
752 5506 946 5587 itaque
972 5506 1176 5577 versari
1197 5506 1428 5580 Videtur
1459 5530 1741 5586 Eusebius.

414 5581 976 5659 ⁸(47)Αιιίιιιοιίνὶεηρξ
1021 5597 1399 5662 paenitentiam
1449 5581 1953 5661 ttott‘siu-e‘confes-

381 5662 550 5704 Stulte.
1134 5697 1138 5702 ο

454 5721 565 5793 (48)
605 5723 759 5807 Vides
792 5743 979 5812 rursus
1017 5731 1304 5814 Eusebium
1336 5739 1385 5814 in
1429 5739 1736 5798 Mattlimum
1769 5746 1945 5814 potius

381 5801 730 5850 commentari
762 5813 922 5868 quam
960 5803 1010 5856 iu
1044 5803 1264 5876 Lucam,
1318 5809 1380 5862 ad
1411 5827 1567 5880 quem
1619 5801 1795 5870 tamen
1847 5801 1939 5872 Ni?

2077 4617 2149 4672 τὰ
2177 4621 2302 4684 τοὺς
2337 4625 2584 4694 πτωχοὺς
2605 4627 2684 4696 τῷ
2711 4629 3006 4700 πνεύματι·
3055 4631 3242 4703 βιῶναι
3279 4635 3387 4706 γὰρ
3415 4635 3494 4688 δεῖ
3525 4641 3654 4706 προ-

2074 4725 2232 4780 τερον
2256 4710 2515 4780 θεοφιλῶς
2537 4716 2630 4770 τὸν
2661 4719 2835 4773 πάντα
2868 4723 3056 4795 χρόνον
3089 4727 3188 4794 τῆς
3214 4725 3359 4796 ζωῆς
3395 4728 3451 4778 ὲν
3483 4728 3653 4797 ἀκτή·-

2076 4820 2197 4872 μονι
2229 4805 2321 4858 καὶ
2348 4806 2622 4880 φιλοσόφῳ
2656 4814 2841 4884 τρόπῳ
2873 4815 3299 4881 διατελέσαντας,
3351 4812 3450 4870 εἷθ’
3480 4818 3651 4883 οῦτως

2073 4893 2165 4944 ἐπὶ
2201 4893 2263 4947 τὸ
2300 4895 2541 4967 θεοφιλὲς
2574 4900 2727 4965 τέλος
2751 4904 2942 4959 ἐλθεῖν.
2973 4908 3037 4958 Oi
3067 4907 3165 4977 μὲν
3191 4903 3285 4962 οὖν
3317 4908 3521 4979 πρῶτοι
3552 4909 3649 4980 τὴν

2071 4982 2246 5054 ἄκραν
2287 4986 2569 5059 ἀκτήμονα
2619 4995 2952 5066 μετήρχοντο
2989 4997 3212 5069 ἀγωγὴν
3250 5000 3344 5052 τοῦ
3393 4999 3532 5070 βίου,
3560 5001 3648 5055 διὰ

2071 5076 2251 5148 πάσης
2286 5080 2467 5134 αὐτῶν
2522 5083 2624 5152 τῆς
2658 5085 2802 5156 ζωῆς
2849 5091 2961 5151 τοῖς
2989 5089 3091 5159 τῆς
3118 5091 3318 5162 ἀρετῆς
3349 5091 3530 5156 ἄθλοις
3562 5094 3648 5147 ἐν-

2067 5169 2453 5242 αγωνιζόμενοι
2473 5191 2488 5204 ο
2517 5177 2567 5228 οἱ
2586 5176 2643 5228 δὲ
2669 5178 2910 5252 δεύτεροι
2933 5181 3032 5250 τῆς
3053 5184 3133 5245 είς
3156 5183 3316 5236 αὐτὸν
3340 5185 3646 5256 μαρτυρίας

2069 5415 2223 5477 celas
2244 5404 2458 5477 Eusebii
2492 5409 2591 5464 bas
2621 5407 3004 5470 meditatidnes
3029 5420 3211 5474 traxit.
3261 5418 3373 5474 Nisi
3410 5419 3644 5477 fortasse

2061 5472 2332 5559 liusebius
2378 5481 2680 5546 generatim
2719 5486 2784 5537 ad
2832 5472 3519 5559 tetraevaugelium,quasi
3550 5472 3642 5557 τιέξ

2061 5545 2429 5628 harmoniam,
2473 5565 2906 5628 commentatus
2931 5558 3051 5610 fuit.
3106 5545 3212 5612 Ᾰιιι
3250 5545 3348 5628 υἰἐί
3384 5545 3643 5628 Ide-utque

2057 5627 2349 5697 sumuntur
2385 5618 2500 5698 haec
2530 5629 2584 5675 et
2613 5623 2713 5676 alia
2750 5640 2817 5680 ex
2868 5627 3217 5698 Theophania
3253 5627 3488 5684 fortasse
3533 5618 3641 5698 pte-

2051 5685 2238 5764 uiore;
2286 5687 2540 5764 iu__cujus
2579 5705 2728 5750 certe
2769 5709 2963 5764 quarto
3019 5685 3160 5750 libro
3212 5700 3370 5753 modo
3421 5715 3486 5754 ex
3533 5685 3637 5755 hoc

2039 5756 2200 5812 modo
2219 5769 2283 5811 ex
2315 5755 2420 5815 alio
2450 5755 2935 5833 evangelista'facit
2957 5775 3208 5838 excerpta
3242 5768 3526 5828 Eusebius.
