  <div class='ocr_page' id='page_1' title='image "/cluster/home/n/w/nwhite01/storage/ocr_20150623/24/hvd.32044019207729/275.png"; bbox 0 0 3968 6510; ppageno 0'>
   <div class='ocr_carea' id='block_1_1' title="bbox 452 408 563 469">
    <p class='ocr_par' dir='ltr' id='par_1_1' title="bbox 452 408 563 469">
     <span class='ocr_line' id='line_1_1' title="bbox 452 408 563 469; baseline -0.045 0"><span class='ocrx_word' id='word_1_1' title='bbox 452 408 563 469; x_wconf 70' lang='lat'><strong>539</strong></span> 
     </span>
    </p>
   </div>
   <div class='ocr_carea' id='block_1_2' title="bbox 1136 406 3023 469">
    <p class='ocr_par' dir='ltr' id='par_1_2' title="bbox 1136 406 3023 469">
     <span class='ocr_line' id='line_1_2' title="bbox 1136 406 3023 469; baseline 0.003 -7"><span class='ocrx_word' id='word_1_2' title='bbox 1136 406 1405 463; x_wconf 64' lang='lat' dir='ltr'><strong>l&#39;iL’Sl-IBll</strong></span> <span class='ocrx_word' id='word_1_3' title='bbox 1444 407 1927 466; x_wconf 61' lang='lat' dir='ltr'><strong>CAESARIENSlS</strong></span> <span class='ocrx_word' id='word_1_4' title='bbox 1966 411 2118 468; x_wconf 81' lang='grc' dir='ltr'><strong>ΟΡΡ.</strong></span> <span class='ocrx_word' id='word_1_5' title='bbox 2161 411 2339 467; x_wconf 79' lang='lat' dir='ltr'><strong>PARS</strong></span> <span class='ocrx_word' id='word_1_6' title='bbox 2378 411 2464 468; x_wconf 88' lang='lat' dir='ltr'><strong>lll.</strong></span> <span class='ocrx_word' id='word_1_7' title='bbox 2504 442 2575 453; x_wconf 92' lang='lat'><strong>—--</strong></span> <span class='ocrx_word' id='word_1_8' title='bbox 2614 412 3023 469; x_wconf 61' lang='lat' dir='ltr'><strong>RKEGETICA.</strong></span> 
     </span>
    </p>
   </div>
   <div class='ocr_carea' id='block_1_3' title="bbox 3599 416 3707 471">
    <p class='ocr_par' dir='ltr' id='par_1_3' title="bbox 3599 416 3707 471">
     <span class='ocr_line' id='line_1_3' title="bbox 3599 416 3707 471; baseline 0.019 -2"><span class='ocrx_word' id='word_1_9' title='bbox 3599 416 3707 471; x_wconf 69' lang='lat'><strong>540</strong></span> 
     </span>
    </p>
   </div>
   <div class='ocr_carea' id='block_1_4' title="bbox 458 524 2049 603">
    <p class='ocr_par' dir='ltr' id='par_1_4' title="bbox 458 524 2039 595">
     <span class='ocr_line' id='line_1_4' title="bbox 458 524 2039 595; baseline 0.002 -16"><span class='ocrx_word' id='word_1_10' title='bbox 458 536 574 579; x_wconf 87' lang='lat' dir='ltr'><strong>tur.</strong></span> <span class='ocrx_word' id='word_1_11' title='bbox 602 524 721 578; x_wconf 84' lang='lat' dir='ltr'><strong>Pari</strong></span> <span class='ocrx_word' id='word_1_12' title='bbox 757 532 933 581; x_wconf 79' lang='lat' dir='ltr'><strong>autem</strong></span> <span class='ocrx_word' id='word_1_13' title='bbox 957 538 1077 578; x_wconf 89' lang='lat' dir='ltr'><strong>eum</strong></span> <span class='ocrx_word' id='word_1_14' title='bbox 1125 526 1404 595; x_wconf 73' lang='lat' dir='ltr'><strong>prophetis</strong></span> <span class='ocrx_word' id='word_1_15' title='bbox 1429 528 1633 582; x_wconf 92' lang='lat' dir='ltr'><strong>honore</strong></span> <span class='ocrx_word' id='word_1_16' title='bbox 1677 530 1777 582; x_wconf 76' lang='lat' dir='ltr'><strong>frui</strong></span> <span class='ocrx_word' id='word_1_17' title='bbox 1810 530 2039 585; x_wconf 79' lang='lat' dir='ltr'><strong>allirma-</strong></span> 
     </span>
    </p>
   </div>
   <div class='ocr_carea' id='block_1_5' title="bbox 2161 524 3718 603">
    <p class='ocr_par' dir='ltr' id='par_1_5' title="bbox 2161 530 3718 603">
     <span class='ocr_line' id='line_1_5' title="bbox 2161 530 3718 603; baseline 0.003 -18"><span class='ocrx_word' id='word_1_18' title='bbox 2161 532 2431 601; x_wconf 66' lang='grc' dir='ltr'>ενόματος</span> <span class='ocrx_word' id='word_1_19' title='bbox 2460 534 2566 587; x_wconf 83' lang='grc' dir='ltr'><strong>τοῦ</strong></span> <span class='ocrx_word' id='word_1_20' title='bbox 2594 533 2851 603; x_wconf 82' lang='grc' dir='ltr'><strong>Χριστοῦ</strong></span> <span class='ocrx_word' id='word_1_21' title='bbox 2869 534 3076 601; x_wconf 60' lang='grc' dir='ltr'>ἀτιμίας</span> <span class='ocrx_word' id='word_1_22' title='bbox 3092 530 3195 599; x_wconf 59' lang='lat' dir='ltr'><strong>(fit?</strong></span> <span class='ocrx_word' id='word_1_23' title='bbox 3208 545 3267 587; x_wconf 70' lang='lat' dir='ltr'><strong>at;</strong></span> <span class='ocrx_word' id='word_1_24' title='bbox 3291 531 3420 603; x_wconf 72' lang='grc' dir='ltr'>(ὅθ).</span> <span class='ocrx_word' id='word_1_25' title='bbox 3448 533 3718 590; x_wconf 71' lang='grc' dir='ltr'>Καὶτυῦτ⁹</span> 
     </span>
    </p>
   </div>
   <div class='ocr_carea' id='block_1_6' title="bbox 461 616 2049 698">
    <p class='ocr_par' dir='ltr' id='par_1_6' title="bbox 461 616 2033 691">
     <span class='ocr_line' id='line_1_6' title="bbox 461 616 2033 691; baseline 0.003 -22"><span class='ocrx_word' id='word_1_26' title='bbox 461 627 613 671; x_wconf 66' lang='lat' dir='ltr'><strong>verat</strong></span> <span class='ocrx_word' id='word_1_27' title='bbox 654 619 839 671; x_wconf 88' lang='lat' dir='ltr'><strong>dicens</strong></span> <span class='ocrx_word' id='word_1_28' title='bbox 873 616 1010 685; x_wconf 87' lang='lat' dir='ltr'><strong>apud</strong></span> <span class='ocrx_word' id='word_1_29' title='bbox 1060 617 1366 673; x_wconf 63' lang='lat' dir='ltr'><strong>Malthmum</strong></span> <span class='ocrx_word' id='word_1_30' title='bbox 1414 641 1426 674; x_wconf 90' lang='lat'><strong>:</strong></span> <span class='ocrx_word' id='word_1_31' title='bbox 1468 617 1559 674; x_wconf 83' lang='lat' dir='ltr'><strong>Sic</strong></span> <span class='ocrx_word' id='word_1_32' title='bbox 1592 622 1730 675; x_wconf 85' lang='lat' dir='ltr'><strong>enim</strong></span> <span class='ocrx_word' id='word_1_33' title='bbox 1781 623 2033 691; x_wconf 73' lang='lat' dir='ltr'><strong>persecuti</strong></span> 
     </span>
    </p>
   </div>
   <div class='ocr_carea' id='block_1_7' title="bbox 2161 616 3720 698">
    <p class='ocr_par' dir='ltr' id='par_1_7' title="bbox 2169 623 3720 698">
     <span class='ocr_line' id='line_1_7' title="bbox 2169 623 3720 698; baseline 0.003 -24"><span class='ocrx_word' id='word_1_34' title='bbox 2169 640 2422 695; x_wconf 86' lang='grc' dir='ltr'>πραττον,</span> <span class='ocrx_word' id='word_1_35' title='bbox 2470 625 2635 678; x_wconf 78' lang='grc' dir='ltr'>αὐτοῦ</span> <span class='ocrx_word' id='word_1_36' title='bbox 2684 624 3045 697; x_wconf 81' lang='grc' dir='ltr'><strong>παράγγελμα</strong></span> <span class='ocrx_word' id='word_1_37' title='bbox 3104 623 3455 695; x_wconf 77' lang='grc' dir='ltr'><strong>πληροῦντες,</strong></span> <span class='ocrx_word' id='word_1_38' title='bbox 3523 628 3720 698; x_wconf 80' lang='grc' dir='ltr'>ἐπειδὴ</span> 
     </span>
    </p>
   </div>
   <div class='ocr_carea' id='block_1_8' title="bbox 458 710 2032 780">
    <p class='ocr_par' dir='ltr' id='par_1_8' title="bbox 458 710 2032 780">
     <span class='ocr_line' id='line_1_8' title="bbox 458 710 2032 780; baseline 0.004 -19"><span class='ocrx_word' id='word_1_39' title='bbox 458 719 579 761; x_wconf 78' lang='lat' dir='ltr'><strong>sunt</strong></span> <span class='ocrx_word' id='word_1_40' title='bbox 604 726 689 761; x_wconf 85' lang='lat' dir='ltr'><strong>eos</strong></span> <span class='ocrx_word' id='word_1_41' title='bbox 711 710 802 774; x_wconf 88' lang='lat' dir='ltr'><strong>qui</strong></span> <span class='ocrx_word' id='word_1_42' title='bbox 830 725 916 762; x_wconf 78' lang='lat' dir='ltr'><strong>vos</strong></span> <span class='ocrx_word' id='word_1_43' title='bbox 953 720 1329 778; x_wconf 67' lang='lat' dir='ltr'><strong>pra&#39;cesserunt</strong></span> <span class='ocrx_word' id='word_1_44' title='bbox 1362 710 1408 742; x_wconf 77' lang='grc'><strong>⁵⁸</strong></span> <span class='ocrx_word' id='word_1_45' title='bbox 1440 728 1455 764; x_wconf 91' lang='lat'><strong>:</strong></span> <span class='ocrx_word' id='word_1_46' title='bbox 1496 721 1751 780; x_wconf 89' lang='lat' dir='ltr'><strong>tanquam</strong></span> <span class='ocrx_word' id='word_1_47' title='bbox 1784 714 2032 768; x_wconf 78' lang='lat' dir='ltr'><strong>videlicet</strong></span> 
     </span>
    </p>
   </div>
   <div class='ocr_carea' id='block_1_9' title="bbox 459 798 2034 871">
    <p class='ocr_par' dir='ltr' id='par_1_9' title="bbox 459 798 2034 871">
     <span class='ocr_line' id='line_1_9' title="bbox 459 798 2034 871; baseline 0.001 -21"><span class='ocrx_word' id='word_1_48' title='bbox 459 808 512 850; x_wconf 84' lang='lat' dir='ltr'><strong>et</strong></span> <span class='ocrx_word' id='word_1_49' title='bbox 532 798 627 867; x_wconf 84' lang='lat' dir='ltr'><strong>ipsi</strong></span> <span class='ocrx_word' id='word_1_50' title='bbox 655 808 839 852; x_wconf 78' lang='lat' dir='ltr'><strong>essent</strong></span> <span class='ocrx_word' id='word_1_51' title='bbox 884 798 1179 869; x_wconf 69' lang='lat' dir='ltr'><strong>prophetae,</strong></span> <span class='ocrx_word' id='word_1_52' title='bbox 1226 803 1469 855; x_wconf 89' lang='lat' dir='ltr'><strong>minores</strong></span> <span class='ocrx_word' id='word_1_53' title='bbox 1517 803 1732 870; x_wconf 81' lang='lat' dir='ltr'><strong>quidem</strong></span> <span class='ocrx_word' id='word_1_54' title='bbox 1768 811 2034 871; x_wconf 72' lang='lat' dir='ltr'><strong>tempore,</strong></span> 
     </span>
    </p>
   </div>
   <div class='ocr_carea' id='block_1_10' title="bbox 459 890 2038 962">
    <p class='ocr_par' dir='ltr' id='par_1_10' title="bbox 459 890 2038 962">
     <span class='ocr_line' id='line_1_10' title="bbox 459 890 2038 962; baseline 0.005 -20"><span class='ocrx_word' id='word_1_55' title='bbox 459 891 552 944; x_wconf 79' lang='lat' dir='ltr'><strong>sed</strong></span> <span class='ocrx_word' id='word_1_56' title='bbox 588 890 942 944; x_wconf 74' lang='lat' dir='ltr'><strong>similitudine</strong></span> <span class='ocrx_word' id='word_1_57' title='bbox 996 892 1266 960; x_wconf 78' lang='lat' dir='ltr'><strong>passionis</strong></span> <span class='ocrx_word' id='word_1_58' title='bbox 1316 895 1605 962; x_wconf 72' lang='lat' dir='ltr'><strong>exmqnati.</strong></span> <span class='ocrx_word' id='word_1_59' title='bbox 1651 893 1784 948; x_wconf 81' lang='lat' dir='ltr'><strong>Nam</strong></span> <span class='ocrx_word' id='word_1_60' title='bbox 1831 904 1886 949; x_wconf 92' lang='lat' dir='ltr'><strong>et</strong></span> <span class='ocrx_word' id='word_1_61' title='bbox 1920 895 2038 950; x_wconf 89' lang='lat' dir='ltr'><strong>illo-</strong></span> 
     </span>
    </p>
   </div>
   <div class='ocr_carea' id='block_1_11' title="bbox 458 983 2038 1055">
    <p class='ocr_par' dir='ltr' id='par_1_11' title="bbox 458 983 2038 1055">
     <span class='ocr_line' id='line_1_11' title="bbox 458 983 2038 1055; baseline 0.003 -18"><span class='ocrx_word' id='word_1_62' title='bbox 458 999 578 1037; x_wconf 87' lang='lat' dir='ltr'><strong>rum</strong></span> <span class='ocrx_word' id='word_1_63' title='bbox 618 983 755 1038; x_wconf 88' lang='lat' dir='ltr'><strong>alius</strong></span> <span class='ocrx_word' id='word_1_64' title='bbox 790 985 1004 1052; x_wconf 83' lang='lat' dir='ltr'><strong>quidem</strong></span> <span class='ocrx_word' id='word_1_65' title='bbox 1054 986 1231 1055; x_wconf 81' lang='lat' dir='ltr'><strong>gladio</strong></span> <span class='ocrx_word' id='word_1_66' title='bbox 1284 986 1384 1040; x_wconf 80' lang='lat' dir='ltr'><strong>fuit</strong></span> <span class='ocrx_word' id='word_1_67' title='bbox 1423 987 1758 1048; x_wconf 78' lang='lat' dir='ltr'><strong>interfectus,</strong></span> <span class='ocrx_word' id='word_1_68' title='bbox 1796 987 1935 1043; x_wconf 88' lang='lat' dir='ltr'><strong>alius</strong></span> <span class='ocrx_word' id='word_1_69' title='bbox 1962 988 2038 1042; x_wconf 84' lang='lat' dir='ltr'><strong>la-</strong></span> 
     </span>
    </p>
   </div>
   <div class='ocr_carea' id='block_1_12' title="bbox 460 1075 2034 1148">
    <p class='ocr_par' dir='ltr' id='par_1_12' title="bbox 460 1075 2034 1148">
     <span class='ocr_line' id='line_1_12' title="bbox 460 1075 2034 1148; baseline 0.003 -20"><span class='ocrx_word' id='word_1_70' title='bbox 460 1076 697 1146; x_wconf 80' lang='lat' dir='ltr'><strong>pidibus,</strong></span> <span class='ocrx_word' id='word_1_71' title='bbox 731 1075 868 1130; x_wconf 86' lang='lat' dir='ltr'><strong>alius</strong></span> <span class='ocrx_word' id='word_1_72' title='bbox 921 1077 1169 1131; x_wconf 83' lang='lat' dir='ltr'><strong>leonibus</strong></span> <span class='ocrx_word' id='word_1_73' title='bbox 1208 1077 1473 1145; x_wconf 86' lang='lat' dir='ltr'><strong>objectns,</strong></span> <span class='ocrx_word' id='word_1_74' title='bbox 1532 1077 1672 1132; x_wconf 88' lang='lat' dir='ltr'><strong>alius</strong></span> <span class='ocrx_word' id='word_1_75' title='bbox 1722 1079 1774 1132; x_wconf 90' lang='lat' dir='ltr'><strong>in</strong></span> <span class='ocrx_word' id='word_1_76' title='bbox 1827 1090 2034 1148; x_wconf 85' lang='lat' dir='ltr'><strong>putrem</strong></span> 
     </span>
    </p>
   </div>
   <div class='ocr_carea' id='block_1_13' title="bbox 460 1168 2037 1241">
    <p class='ocr_par' dir='ltr' id='par_1_13' title="bbox 460 1168 2037 1241">
     <span class='ocr_line' id='line_1_13' title="bbox 460 1168 2037 1241; baseline 0.001 -19"><span class='ocrx_word' id='word_1_77' title='bbox 460 1168 635 1223; x_wconf 89' lang='lat' dir='ltr'><strong>lacum</strong></span> <span class='ocrx_word' id='word_1_78' title='bbox 666 1170 954 1233; x_wconf 86' lang='lat' dir='ltr'><strong>demissus,</strong></span> <span class='ocrx_word' id='word_1_79' title='bbox 985 1168 1123 1223; x_wconf 83' lang='lat' dir='ltr'><strong>alius</strong></span> <span class='ocrx_word' id='word_1_80' title='bbox 1168 1185 1318 1224; x_wconf 89' lang='lat' dir='ltr'><strong>serra</strong></span> <span class='ocrx_word' id='word_1_81' title='bbox 1352 1170 1529 1225; x_wconf 87' lang='lat' dir='ltr'><strong>medio</strong></span> <span class='ocrx_word' id='word_1_82' title='bbox 1576 1186 1808 1241; x_wconf 88' lang='lat' dir='ltr'><strong>corpore</strong></span> <span class='ocrx_word' id='word_1_83' title='bbox 1835 1181 2037 1236; x_wconf 80' lang='lat' dir='ltr'><strong>sectus,</strong></span> 
     </span>
    </p>
   </div>
   <div class='ocr_carea' id='block_1_14' title="bbox 459 1259 2041 1330">
    <p class='ocr_par' dir='ltr' id='par_1_14' title="bbox 459 1259 2041 1330">
     <span class='ocr_line' id='line_1_14' title="bbox 459 1259 2041 1330; baseline 0.005 -18"><span class='ocrx_word' id='word_1_84' title='bbox 459 1261 549 1315; x_wconf 82' lang='lat' dir='ltr'><strong>alii</strong></span> <span class='ocrx_word' id='word_1_85' title='bbox 598 1263 751 1330; x_wconf 82' lang='lat' dir='ltr'><strong>ignea</strong></span> <span class='ocrx_word' id='word_1_86' title='bbox 800 1259 1023 1318; x_wconf 78' lang='lat' dir='ltr'><strong>fornace</strong></span> <span class='ocrx_word' id='word_1_87' title='bbox 1058 1264 1322 1319; x_wconf 91' lang='lat' dir='ltr'><strong>conclusi.</strong></span> <span class='ocrx_word' id='word_1_88' title='bbox 1368 1262 1496 1317; x_wconf 74' lang='lat' dir='ltr'><strong>ltleo</strong></span> <span class='ocrx_word' id='word_1_89' title='bbox 1536 1263 1655 1319; x_wconf 83' lang='lat' dir='ltr'><strong>forti</strong></span> <span class='ocrx_word' id='word_1_90' title='bbox 1698 1264 1879 1318; x_wconf 88' lang='lat' dir='ltr'><strong>animo</strong></span> <span class='ocrx_word' id='word_1_91' title='bbox 1921 1280 2041 1320; x_wconf 87' lang='lat' dir='ltr'><strong>esse</strong></span> 
     </span>
    </p>
   </div>
   <div class='ocr_carea' id='block_1_15' title="bbox 460 1352 2041 1423">
    <p class='ocr_par' dir='ltr' id='par_1_15' title="bbox 460 1352 2041 1423">
     <span class='ocr_line' id='line_1_15' title="bbox 460 1352 2041 1423; baseline 0.001 -19"><span class='ocrx_word' id='word_1_92' title='bbox 460 1354 719 1409; x_wconf 76' lang='lat' dir='ltr'><strong>Servator</strong></span> <span class='ocrx_word' id='word_1_93' title='bbox 750 1354 802 1409; x_wconf 92' lang='lat' dir='ltr'><strong>in</strong></span> <span class='ocrx_word' id='word_1_94' title='bbox 845 1355 1184 1410; x_wconf 89' lang='lat' dir='ltr'><strong>cruciatuum</strong></span> <span class='ocrx_word' id='word_1_95' title='bbox 1224 1354 1573 1423; x_wconf 88' lang='lat' dir='ltr'><strong>perpessione</strong></span> <span class='ocrx_word' id='word_1_96' title='bbox 1607 1352 1834 1423; x_wconf 86' lang='lat' dir='ltr'><strong>jubebat</strong></span> <span class='ocrx_word' id='word_1_97' title='bbox 1881 1353 2041 1407; x_wconf 77' lang='lat' dir='ltr'><strong>latui-</strong></span> 
     </span>
    </p>
   </div>
   <div class='ocr_carea' id='block_1_16' title="bbox 461 1442 2039 1514">
    <p class='ocr_par' dir='ltr' id='par_1_16' title="bbox 461 1442 2039 1514">
     <span class='ocr_line' id='line_1_16' title="bbox 461 1442 2039 1514; baseline 0.001 -18"><span class='ocrx_word' id='word_1_98' title='bbox 461 1442 626 1497; x_wconf 85' lang='lat' dir='ltr'><strong>liares</strong></span> <span class='ocrx_word' id='word_1_99' title='bbox 669 1458 816 1508; x_wconf 88' lang='lat' dir='ltr'><strong>suos,</strong></span> <span class='ocrx_word' id='word_1_100' title='bbox 865 1445 1155 1499; x_wconf 74' lang='lat' dir='ltr'><strong>identidem</strong></span> <span class='ocrx_word' id='word_1_101' title='bbox 1197 1443 1641 1498; x_wconf 74' lang='lat' dir='ltr'><strong>admonel‘aciens</strong></span> <span class='ocrx_word' id='word_1_102' title='bbox 1699 1455 1899 1514; x_wconf 89' lang='lat' dir='ltr'><strong>quanta</strong></span> <span class='ocrx_word' id='word_1_103' title='bbox 1946 1445 2039 1499; x_wconf 88' lang='lat' dir='ltr'><strong>Dei</strong></span> 
     </span>
    </p>
   </div>
   <div class='ocr_carea' id='block_1_17' title="bbox 462 1536 2043 1607">
    <p class='ocr_par' dir='ltr' id='par_1_17' title="bbox 462 1536 2043 1607">
     <span class='ocr_line' id='line_1_17' title="bbox 462 1536 2043 1607; baseline 0.002 -18"><span class='ocrx_word' id='word_1_104' title='bbox 462 1538 738 1606; x_wconf 61' lang='lat' dir='ltr'><strong>prophetae.</strong></span> <span class='ocrx_word' id='word_1_105' title='bbox 792 1537 1182 1607; x_wconf 89' lang='lat' dir='ltr'><strong>pertulissent,</strong></span> <span class='ocrx_word' id='word_1_106' title='bbox 1240 1548 1297 1591; x_wconf 90' lang='lat' dir='ltr'><strong>ut</strong></span> <span class='ocrx_word' id='word_1_107' title='bbox 1356 1536 1573 1591; x_wconf 89' lang='lat' dir='ltr'><strong>illorum</strong></span> <span class='ocrx_word' id='word_1_108' title='bbox 1628 1536 2043 1605; x_wconf 74' lang='lat' dir='ltr'><strong>comparatione</strong></span> 
     </span>
    </p>
   </div>
   <div class='ocr_carea' id='block_1_18' title="bbox 462 1625 2043 1698">
    <p class='ocr_par' dir='ltr' id='par_1_18' title="bbox 462 1625 2043 1698">
     <span class='ocr_line' id='line_1_18' title="bbox 462 1625 2043 1698; baseline 0.001 -19"><span class='ocrx_word' id='word_1_109' title='bbox 462 1643 643 1697; x_wconf 78' lang='lat' dir='ltr'><strong>parem</strong></span> <span class='ocrx_word' id='word_1_110' title='bbox 670 1628 874 1684; x_wconf 82' lang='lat' dir='ltr'><strong>eisdem</strong></span> <span class='ocrx_word' id='word_1_111' title='bbox 906 1629 1005 1698; x_wconf 92' lang='lat' dir='ltr'><strong>ipsi</strong></span> <span class='ocrx_word' id='word_1_112' title='bbox 1041 1644 1257 1698; x_wconf 81' lang='lat' dir='ltr'><strong>quoque</strong></span> <span class='ocrx_word' id='word_1_113' title='bbox 1306 1643 1459 1697; x_wconf 88' lang='lat' dir='ltr'><strong>spem</strong></span> <span class='ocrx_word' id='word_1_114' title='bbox 1498 1628 1869 1697; x_wconf 86' lang='lat' dir='ltr'><strong>conciperent.</strong></span> <span class='ocrx_word' id='word_1_115' title='bbox 1911 1625 2043 1680; x_wconf 84' lang='lat' dir='ltr'><strong>Cum</strong></span> 
     </span>
    </p>
   </div>
   <div class='ocr_carea' id='block_1_19' title="bbox 460 1720 2043 1790">
    <p class='ocr_par' dir='ltr' id='par_1_19' title="bbox 460 1720 2043 1790">
     <span class='ocr_line' id='line_1_19' title="bbox 460 1720 2043 1790; baseline 0.002 -19"><span class='ocrx_word' id='word_1_116' title='bbox 460 1722 623 1783; x_wconf 87' lang='lat' dir='ltr'><strong>enim,</strong></span> <span class='ocrx_word' id='word_1_117' title='bbox 650 1720 842 1790; x_wconf 85' lang='lat' dir='ltr'><strong>inquit,</strong></span> <span class='ocrx_word' id='word_1_118' title='bbox 868 1722 1008 1775; x_wconf 81' lang='lat' dir='ltr'><strong>vobis</strong></span> <span class='ocrx_word' id='word_1_119' title='bbox 1030 1722 1349 1775; x_wconf 83' lang='lat' dir='ltr'><strong>calumniam</strong></span> <span class='ocrx_word' id='word_1_120' title='bbox 1376 1721 1597 1789; x_wconf 73' lang='lat' dir='ltr'><strong>facient,</strong></span> <span class='ocrx_word' id='word_1_121' title='bbox 1624 1720 1889 1790; x_wconf 81' lang='lat' dir='ltr'><strong>gaudete;</strong></span> <span class='ocrx_word' id='word_1_122' title='bbox 1922 1736 2043 1774; x_wconf 87' lang='lat' dir='ltr'><strong>nant</strong></span> 
     </span>
    </p>
   </div>
   <div class='ocr_carea' id='block_1_20' title="bbox 462 1812 1335 1881">
    <p class='ocr_par' dir='ltr' id='par_1_20' title="bbox 462 1812 1335 1881">
     <span class='ocr_line' id='line_1_20' title="bbox 462 1812 1335 1881; baseline 0.003 -18"><span class='ocrx_word' id='word_1_123' title='bbox 462 1822 509 1863; x_wconf 83' lang='lat' dir='ltr'><strong>et</strong></span> <span class='ocrx_word' id='word_1_124' title='bbox 534 1812 799 1881; x_wconf 80' lang='lat' dir='ltr'><strong>prapliettc</strong></span> <span class='ocrx_word' id='word_1_125' title='bbox 822 1815 960 1867; x_wconf 85' lang='lat' dir='ltr'><strong>idem</strong></span> <span class='ocrx_word' id='word_1_126' title='bbox 985 1818 1335 1878; x_wconf 83' lang='lat' dir='ltr'><strong>pertulerunt.</strong></span> 
     </span>
    </p>
   </div>
   <div class='ocr_carea' id='block_1_21' title="bbox 2140 714 3723 789">
    <p class='ocr_par' dir='ltr' id='par_1_21' title="bbox 2140 714 3723 789">
     <span class='ocr_line' id='line_1_21' title="bbox 2140 714 3723 789; baseline 0.003 -23"><span class='ocrx_word' id='word_1_127' title='bbox 2140 715 2351 786; x_wconf 81' lang='grc' dir='ltr'><strong>χαίρειν</strong></span> <span class='ocrx_word' id='word_1_128' title='bbox 2379 714 2656 770; x_wconf 83' lang='grc' dir='ltr'>ἐδίδασκεν</span> <span class='ocrx_word' id='word_1_129' title='bbox 2692 716 2831 786; x_wconf 84' lang='grc' dir='ltr'>ὑπὲρ</span> <span class='ocrx_word' id='word_1_130' title='bbox 2863 716 3028 770; x_wconf 83' lang='grc' dir='ltr'>αὐτοῦ</span> <span class='ocrx_word' id='word_1_131' title='bbox 3057 715 3382 785; x_wconf 81' lang='grc' dir='ltr'><strong>πάσχοντας.</strong></span> <span class='ocrx_word' id='word_1_132' title='bbox 3421 718 3723 789; x_wconf 77' lang='grc' dir='ltr'><strong>’ἰσοτίμους</strong></span> 
     </span>
    </p>
   </div>
   <div class='ocr_carea' id='block_1_22' title="bbox 2138 806 3724 878">
    <p class='ocr_par' dir='ltr' id='par_1_22' title="bbox 2138 806 3724 878">
     <span class='ocr_line' id='line_1_22' title="bbox 2138 806 3724 878; baseline 0.004 -20"><span class='ocrx_word' id='word_1_133' title='bbox 2138 806 2182 858; x_wconf 82' lang='grc' dir='ltr'>δ’</span> <span class='ocrx_word' id='word_1_134' title='bbox 2209 807 2405 870; x_wconf 73' lang='grc' dir='ltr'>αὐτοὺς</span> <span class='ocrx_word' id='word_1_135' title='bbox 2429 810 2539 871; x_wconf 84' lang='grc' dir='ltr'>τοῖς</span> <span class='ocrx_word' id='word_1_136' title='bbox 2566 809 2870 878; x_wconf 76' lang='grc' dir='ltr'>προφήταις</span> <span class='ocrx_word' id='word_1_137' title='bbox 2899 808 3182 876; x_wconf 81' lang='grc' dir='ltr'>ἀπέφαινε,</span> <span class='ocrx_word' id='word_1_138' title='bbox 3206 807 3376 877; x_wconf 85' lang='grc' dir='ltr'>λέγων</span> <span class='ocrx_word' id='word_1_139' title='bbox 3397 809 3538 862; x_wconf 85' lang='grc' dir='ltr'>κατὰ</span> <span class='ocrx_word' id='word_1_140' title='bbox 3565 812 3724 864; x_wconf 83' lang='grc' dir='ltr'>Ματ-</span> 
     </span>
    </p>
   </div>
   <div class='ocr_carea' id='block_1_23' title="bbox 2142 896 3723 970">
    <p class='ocr_par' dir='ltr' id='par_1_23' title="bbox 2142 896 3723 970">
     <span class='ocr_line' id='line_1_23' title="bbox 2142 896 3723 970; baseline 0.003 -20"><span class='ocrx_word' id='word_1_141' title='bbox 2142 896 2288 951; x_wconf 85' lang='grc' dir='ltr'>θαῖον</span> <span class='ocrx_word' id='word_1_142' title='bbox 2323 898 2433 969; x_wconf 79' lang='grc'><strong>(51)</strong></span> <span class='ocrx_word' id='word_1_143' title='bbox 2456 915 2471 929; x_wconf 72' lang='grc'>⁸</span> <span class='ocrx_word' id='word_1_144' title='bbox 2509 898 2671 953; x_wconf 80' lang='grc' dir='ltr'>Οὕτω</span> <span class='ocrx_word' id='word_1_145' title='bbox 2701 902 2809 969; x_wconf 73' lang='grc' dir='ltr'>γὰρ</span> <span class='ocrx_word' id='word_1_146' title='bbox 2840 899 3093 965; x_wconf 80' lang='grc' dir='ltr'>ἐδίωξαν</span> <span class='ocrx_word' id='word_1_147' title='bbox 3106 900 3244 966; x_wconf 84' lang='grc' dir='ltr'>τοὺς</span> <span class='ocrx_word' id='word_1_148' title='bbox 3270 900 3382 968; x_wconf 85' lang='grc' dir='ltr'>πρὸ</span> <span class='ocrx_word' id='word_1_149' title='bbox 3411 900 3607 970; x_wconf 78' lang='grc' dir='ltr'>ὑμῶν’</span> <span class='ocrx_word' id='word_1_150' title='bbox 3642 902 3723 966; x_wconf 81' lang='grc' dir='ltr'>ὡς</span> 
     </span>
    </p>
   </div>
   <div class='ocr_carea' id='block_1_24' title="bbox 2141 990 3722 1063">
    <p class='ocr_par' dir='ltr' id='par_1_24' title="bbox 2141 990 3722 1063">
     <span class='ocr_line' id='line_1_24' title="bbox 2141 990 3722 1063; baseline 0.002 -21"><span class='ocrx_word' id='word_1_151' title='bbox 2141 990 2236 1043; x_wconf 77' lang='grc' dir='ltr'><strong>καὶ</strong></span> <span class='ocrx_word' id='word_1_152' title='bbox 2260 990 2462 1044; x_wconf 81' lang='grc' dir='ltr'>τούτων</span> <span class='ocrx_word' id='word_1_153' title='bbox 2492 991 2591 1062; x_wconf 80' lang='grc' dir='ltr'><strong>μὲν</strong></span> <span class='ocrx_word' id='word_1_154' title='bbox 2622 991 2789 1045; x_wconf 72' lang='grc' dir='ltr'>ὅντων</span> <span class='ocrx_word' id='word_1_155' title='bbox 2812 992 3124 1063; x_wconf 82' lang='grc' dir='ltr'>προφητῶν,</span> <span class='ocrx_word' id='word_1_156' title='bbox 3155 992 3485 1063; x_wconf 73' lang='grc' dir='ltr'>λειπομένων</span> <span class='ocrx_word' id='word_1_157' title='bbox 3512 992 3571 1046; x_wconf 84' lang='grc' dir='ltr'>δὲ</span> <span class='ocrx_word' id='word_1_158' title='bbox 3590 994 3722 1063; x_wconf 77' lang='grc' dir='ltr'>χρό-</span> 
     </span>
    </p>
   </div>
   <div class='ocr_carea' id='block_1_25' title="bbox 2141 1081 3722 1155">
    <p class='ocr_par' dir='ltr' id='par_1_25' title="bbox 2141 1081 3722 1155">
     <span class='ocr_line' id='line_1_25' title="bbox 2141 1081 3722 1155; baseline 0.004 -22"><span class='ocrx_word' id='word_1_159' title='bbox 2141 1099 2236 1151; x_wconf 84' lang='grc' dir='ltr'>νῳ,</span> <span class='ocrx_word' id='word_1_160' title='bbox 2274 1081 2637 1152; x_wconf 78' lang='grc' dir='ltr'>ἐξισουμένων</span> <span class='ocrx_word' id='word_1_161' title='bbox 2678 1100 2741 1151; x_wconf 87' lang='grc' dir='ltr'><strong>γε</strong></span> <span class='ocrx_word' id='word_1_162' title='bbox 2789 1083 2893 1154; x_wconf 84' lang='grc' dir='ltr'>μὴν</span> <span class='ocrx_word' id='word_1_163' title='bbox 2939 1083 3166 1146; x_wconf 77' lang='grc' dir='ltr'>ἐκείνοις</span> <span class='ocrx_word' id='word_1_164' title='bbox 3206 1083 3293 1137; x_wconf 75' lang='grc' dir='ltr'><strong>διὰ</strong></span> <span class='ocrx_word' id='word_1_165' title='bbox 3332 1083 3426 1154; x_wconf 75' lang='grc' dir='ltr'><strong>τὴν</strong></span> <span class='ocrx_word' id='word_1_166' title='bbox 3454 1086 3722 1155; x_wconf 84' lang='grc' dir='ltr'>ὁμοιοπά-</span> 
     </span>
    </p>
   </div>
   <div class='ocr_carea' id='block_1_26' title="bbox 2142 1170 3724 1246">
    <p class='ocr_par' dir='ltr' id='par_1_26' title="bbox 2142 1170 3724 1246">
     <span class='ocr_line' id='line_1_26' title="bbox 2142 1170 3724 1246; baseline 0.005 -24"><span class='ocrx_word' id='word_1_167' title='bbox 2142 1170 2313 1223; x_wconf 86' lang='grc' dir='ltr'>θειαν.</span> <span class='ocrx_word' id='word_1_168' title='bbox 2351 1172 2503 1224; x_wconf 74' lang='grc' dir='ltr'>Ἐπεὶ</span> <span class='ocrx_word' id='word_1_169' title='bbox 2524 1173 2790 1226; x_wconf 82' lang='grc' dir='ltr'>κάκείνων</span> <span class='ocrx_word' id='word_1_170' title='bbox 2816 1175 2844 1226; x_wconf 84' lang='grc' dir='ltr'>ὁ</span> <span class='ocrx_word' id='word_1_171' title='bbox 2876 1174 2976 1244; x_wconf 80' lang='grc' dir='ltr'>μέν</span> <span class='ocrx_word' id='word_1_172' title='bbox 3008 1191 3092 1239; x_wconf 90' lang='grc' dir='ltr'><strong>τις</strong></span> <span class='ocrx_word' id='word_1_173' title='bbox 3123 1176 3374 1246; x_wconf 79' lang='grc' dir='ltr'>ἀνῃρεῖτο</span> <span class='ocrx_word' id='word_1_174' title='bbox 3403 1174 3565 1244; x_wconf 69' lang='grc' dir='ltr'>ξίφει,</span> <span class='ocrx_word' id='word_1_175' title='bbox 3603 1177 3633 1229; x_wconf 79' lang='grc' dir='ltr'><strong>ὁ</strong></span> <span class='ocrx_word' id='word_1_176' title='bbox 3663 1176 3724 1230; x_wconf 77' lang='grc' dir='ltr'>δὲ</span> 
     </span>
    </p>
   </div>
   <div class='ocr_carea' id='block_1_27' title="bbox 2141 1261 3728 1340">
    <p class='ocr_par' dir='ltr' id='par_1_27' title="bbox 2141 1261 3728 1340">
     <span class='ocr_line' id='line_1_27' title="bbox 2141 1261 3728 1340; baseline 0.004 -27"><span class='ocrx_word' id='word_1_177' title='bbox 2141 1261 2330 1327; x_wconf 80' lang='grc' dir='ltr'>λίθοις,</span> <span class='ocrx_word' id='word_1_178' title='bbox 2359 1264 2387 1315; x_wconf 87' lang='grc' dir='ltr'><strong>ὁ</strong></span> <span class='ocrx_word' id='word_1_179' title='bbox 2417 1263 2474 1317; x_wconf 85' lang='grc' dir='ltr'>δὲ</span> <span class='ocrx_word' id='word_1_180' title='bbox 2509 1263 2689 1317; x_wconf 86' lang='grc' dir='ltr'>λέουσι</span> <span class='ocrx_word' id='word_1_181' title='bbox 2717 1265 3105 1337; x_wconf 86' lang='grc' dir='ltr'>παρεϐάλλετο,</span> <span class='ocrx_word' id='word_1_182' title='bbox 3145 1268 3173 1319; x_wconf 85' lang='grc' dir='ltr'>ὁ</span> <span class='ocrx_word' id='word_1_183' title='bbox 3196 1265 3253 1318; x_wconf 77' lang='grc' dir='ltr'>δὲ</span> <span class='ocrx_word' id='word_1_184' title='bbox 3280 1267 3337 1318; x_wconf 81' lang='grc' dir='ltr'>ὲν</span> <span class='ocrx_word' id='word_1_185' title='bbox 3370 1266 3556 1339; x_wconf 83' lang='grc' dir='ltr'>λάκκῳ</span> <span class='ocrx_word' id='word_1_186' title='bbox 3594 1267 3728 1340; x_wconf 81' lang='grc' dir='ltr'>βορ-</span> 
     </span>
    </p>
   </div>
   <div class='ocr_carea' id='block_1_28' title="bbox 2144 1353 3726 1429">
    <p class='ocr_par' dir='ltr' id='par_1_28' title="bbox 2144 1353 3726 1429">
     <span class='ocr_line' id='line_1_28' title="bbox 2144 1353 3726 1429; baseline 0.004 -23"><span class='ocrx_word' id='word_1_187' title='bbox 2144 1353 2304 1425; x_wconf 82' lang='grc' dir='ltr'>ϐόρου</span> <span class='ocrx_word' id='word_1_188' title='bbox 2357 1354 2638 1409; x_wconf 66' lang='grc' dir='ltr'>ἐϐάλλετοθ</span> <span class='ocrx_word' id='word_1_189' title='bbox 2693 1357 2788 1410; x_wconf 77' lang='grc' dir='ltr'>καὶ</span> <span class='ocrx_word' id='word_1_190' title='bbox 2835 1356 2990 1420; x_wconf 74' lang='grc' dir='ltr'>ἄλλος</span> <span class='ocrx_word' id='word_1_191' title='bbox 3035 1356 3212 1429; x_wconf 85' lang='grc' dir='ltr'>πρίονι</span> <span class='ocrx_word' id='word_1_192' title='bbox 3258 1358 3320 1411; x_wconf 84' lang='grc' dir='ltr'><strong>τὸ</strong></span> <span class='ocrx_word' id='word_1_193' title='bbox 3388 1357 3548 1429; x_wconf 88' lang='grc' dir='ltr'>σῶμα</span> <span class='ocrx_word' id='word_1_194' title='bbox 3587 1377 3726 1413; x_wconf 85' lang='grc' dir='ltr'>κατ-</span> 
     </span>
    </p>
   </div>
   <div class='ocr_carea' id='block_1_29' title="bbox 2144 1445 3737 1522">
    <p class='ocr_par' dir='ltr' id='par_1_29' title="bbox 2144 1445 3737 1522">
     <span class='ocr_line' id='line_1_29' title="bbox 2144 1445 3737 1522; baseline 0.004 -24"><span class='ocrx_word' id='word_1_195' title='bbox 2144 1447 2402 1515; x_wconf 82' lang='grc' dir='ltr'>ετέμνετο</span> <span class='ocrx_word' id='word_1_196' title='bbox 2420 1464 2435 1476; x_wconf 71' lang='grc' dir='ltr'><strong>ο</strong></span> <span class='ocrx_word' id='word_1_197' title='bbox 2453 1447 2504 1500; x_wconf 80' lang='grc' dir='ltr'>οἱ</span> <span class='ocrx_word' id='word_1_198' title='bbox 2528 1445 2571 1499; x_wconf 79' lang='grc' dir='ltr'>δ’</span> <span class='ocrx_word' id='word_1_199' title='bbox 2598 1448 2655 1500; x_wconf 82' lang='grc' dir='ltr'>ὲν</span> <span class='ocrx_word' id='word_1_200' title='bbox 2683 1448 2852 1519; x_wconf 80' lang='grc' dir='ltr'>πυρὸς</span> <span class='ocrx_word' id='word_1_201' title='bbox 2891 1448 3104 1518; x_wconf 81' lang='grc' dir='ltr'>καμίνῳ</span> <span class='ocrx_word' id='word_1_202' title='bbox 3134 1447 3515 1503; x_wconf 81' lang='grc' dir='ltr'>συνεκλείοντο.</span> <span class='ocrx_word' id='word_1_203' title='bbox 3539 1450 3632 1502; x_wconf 84' lang='grc' dir='ltr'>Διὸ</span> <span class='ocrx_word' id='word_1_204' title='bbox 3658 1450 3737 1522; x_wconf 70' lang='grc' dir='ltr'>δὴ</span> 
     </span>
    </p>
   </div>
   <div class='ocr_carea' id='block_1_30' title="bbox 2145 1537 3727 1612">
    <p class='ocr_par' dir='ltr' id='par_1_30' title="bbox 2145 1537 3727 1612">
     <span class='ocr_line' id='line_1_30' title="bbox 2145 1537 3727 1612; baseline 0.003 -22"><span class='ocrx_word' id='word_1_205' title='bbox 2145 1537 2368 1610; x_wconf 75' lang='grc' dir='ltr'>θαρρεῖν</span> <span class='ocrx_word' id='word_1_206' title='bbox 2393 1540 2421 1591; x_wconf 85' lang='grc' dir='ltr'>ὁ</span> <span class='ocrx_word' id='word_1_207' title='bbox 2444 1537 2631 1609; x_wconf 83' lang='grc' dir='ltr'>Σωτὴρ</span> <span class='ocrx_word' id='word_1_208' title='bbox 2656 1540 2713 1591; x_wconf 80' lang='grc' dir='ltr'>ὲν</span> <span class='ocrx_word' id='word_1_209' title='bbox 2747 1542 2811 1609; x_wconf 81' lang='grc' dir='ltr'>τῇ</span> <span class='ocrx_word' id='word_1_210' title='bbox 2843 1539 2951 1592; x_wconf 86' lang='grc' dir='ltr'><strong>τῶν</strong></span> <span class='ocrx_word' id='word_1_211' title='bbox 2982 1538 3169 1593; x_wconf 87' lang='grc' dir='ltr'>δεινῶν</span> <span class='ocrx_word' id='word_1_212' title='bbox 3194 1541 3438 1612; x_wconf 75' lang='grc' dir='ltr'>ὑπομονῇ</span> <span class='ocrx_word' id='word_1_213' title='bbox 3465 1544 3579 1605; x_wconf 82' lang='grc' dir='ltr'>τοῖς</span> <span class='ocrx_word' id='word_1_214' title='bbox 3602 1542 3727 1594; x_wconf 81' lang='grc' dir='ltr'>κατ’</span> 
     </span>
    </p>
   </div>
   <div class='ocr_carea' id='block_1_31' title="bbox 2145 1628 3728 1702">
    <p class='ocr_par' dir='ltr' id='par_1_31' title="bbox 2145 1628 3728 1702">
     <span class='ocr_line' id='line_1_31' title="bbox 2145 1628 3728 1702; baseline 0.002 -19"><span class='ocrx_word' id='word_1_215' title='bbox 2145 1628 2310 1683; x_wconf 73' lang='grc' dir='ltr'>αὑτοῦ</span> <span class='ocrx_word' id='word_1_216' title='bbox 2333 1628 2728 1698; x_wconf 77' lang='grc' dir='ltr'>παρεκελεύετο</span> <span class='ocrx_word' id='word_1_217' title='bbox 2750 1629 3065 1700; x_wconf 80' lang='grc' dir='ltr'>γνωρίμοις,</span> <span class='ocrx_word' id='word_1_218' title='bbox 3096 1629 3237 1683; x_wconf 80' lang='grc' dir='ltr'>κατὰ</span> <span class='ocrx_word' id='word_1_219' title='bbox 3267 1631 3453 1702; x_wconf 70' lang='grc' dir='ltr'>καιρὸν</span> <span class='ocrx_word' id='word_1_220' title='bbox 3482 1632 3728 1702; x_wconf 79' lang='grc' dir='ltr'>ὑπομνή-</span> 
     </span>
    </p>
   </div>
   <div class='ocr_carea' id='block_1_32' title="bbox 2147 1715 3737 1791">
    <p class='ocr_par' dir='ltr' id='par_1_32' title="bbox 2147 1715 3737 1791">
     <span class='ocr_line' id='line_1_32' title="bbox 2147 1715 3737 1791; baseline 0.001 -19"><span class='ocrx_word' id='word_1_221' title='bbox 2147 1737 2247 1783; x_wconf 87' lang='grc' dir='ltr'><strong>σας</strong></span> <span class='ocrx_word' id='word_1_222' title='bbox 2277 1715 2351 1774; x_wconf 83' lang='grc' dir='ltr'>ὧν</span> <span class='ocrx_word' id='word_1_223' title='bbox 2383 1724 2432 1774; x_wconf 78' lang='grc' dir='ltr'>οἱ</span> <span class='ocrx_word' id='word_1_224' title='bbox 2464 1721 2558 1775; x_wconf 90' lang='grc' dir='ltr'><strong>τοῦ</strong></span> <span class='ocrx_word' id='word_1_225' title='bbox 2595 1720 2729 1774; x_wconf 89' lang='grc' dir='ltr'>Θεοῦ</span> <span class='ocrx_word' id='word_1_226' title='bbox 2765 1721 3039 1791; x_wconf 73' lang='grc' dir='ltr'>προφῆται</span> <span class='ocrx_word' id='word_1_227' title='bbox 3073 1721 3372 1776; x_wconf 84' lang='grc' dir='ltr'>πεπόνθασι</span> <span class='ocrx_word' id='word_1_228' title='bbox 3397 1740 3409 1751; x_wconf 77' lang='grc'><strong><em>⁸</em></strong></span> <span class='ocrx_word' id='word_1_229' title='bbox 3456 1724 3603 1787; x_wconf 82' lang='grc' dir='ltr'>ὅπως</span> <span class='ocrx_word' id='word_1_230' title='bbox 3636 1722 3737 1775; x_wconf 67' lang='grc' dir='ltr'><strong>διὰ</strong></span> 
     </span>
    </p>
   </div>
   <div class='ocr_carea' id='block_1_33' title="bbox 2146 1810 3730 1885">
    <p class='ocr_par' dir='ltr' id='par_1_33' title="bbox 2146 1810 3730 1885">
     <span class='ocr_line' id='line_1_33' title="bbox 2146 1810 3730 1885; baseline 0.001 -22"><span class='ocrx_word' id='word_1_231' title='bbox 2146 1811 2247 1881; x_wconf 84' lang='grc' dir='ltr'>τῆς</span> <span class='ocrx_word' id='word_1_232' title='bbox 2273 1811 2496 1865; x_wconf 76' lang='grc' dir='ltr'>ἐκείνων</span> <span class='ocrx_word' id='word_1_233' title='bbox 2522 1810 2874 1881; x_wconf 82' lang='grc' dir='ltr'>παραθέσεως</span> <span class='ocrx_word' id='word_1_234' title='bbox 2894 1812 2986 1864; x_wconf 70' lang='grc' dir='ltr'><strong>καὶ</strong></span> <span class='ocrx_word' id='word_1_235' title='bbox 3002 1811 3156 1865; x_wconf 76' lang='grc' dir='ltr'>αὐτοὶ</span> <span class='ocrx_word' id='word_1_236' title='bbox 3175 1812 3272 1876; x_wconf 80' lang='grc' dir='ltr'>τὰς</span> <span class='ocrx_word' id='word_1_237' title='bbox 3295 1811 3463 1875; x_wconf 75' lang='grc' dir='ltr'>αὑτὰς</span> <span class='ocrx_word' id='word_1_238' title='bbox 3483 1813 3730 1885; x_wconf 72' lang='grc' dir='ltr'>ὑπογρά-</span> 
     </span>
    </p>
   </div>
   <div class='ocr_carea' id='block_1_34' title="bbox 460 1902 3730 1978">
    <p class='ocr_par' dir='ltr' id='par_1_34' title="bbox 460 1902 3730 1978">
     <span class='ocr_line' id='line_1_34' title="bbox 460 1902 3730 1978; baseline 0.001 -23"><span class='ocrx_word' id='word_1_239' title='bbox 460 1902 614 1971; x_wconf 61' lang='grc' dir='ltr'>ᾁοιεν</span> <span class='ocrx_word' id='word_1_240' title='bbox 647 1904 830 1968; x_wconf 79' lang='grc' dir='ltr'>αὐτοῖς</span> <span class='ocrx_word' id='word_1_241' title='bbox 878 1904 1133 1969; x_wconf 62' lang='grc' dir='ltr'><strong>ἐλπίδας⁸</strong></span> <span class='ocrx_word' id='word_1_242' title='bbox 1204 1908 1380 1959; x_wconf 74' lang='grc' dir='ltr'>Ὅταν</span> <span class='ocrx_word' id='word_1_243' title='bbox 1421 1905 1549 1978; x_wconf 83' lang='grc' dir='ltr'>γὰρ,</span> <span class='ocrx_word' id='word_1_244' title='bbox 1598 1920 1753 1977; x_wconf 73' lang='grc' dir='ltr'>φησι,</span> <span class='ocrx_word' id='word_1_245' title='bbox 1811 1904 2361 1974; x_wconf 68' lang='grc' dir='ltr'>συκοφαντήσωσιν</span> <span class='ocrx_word' id='word_1_246' title='bbox 2406 1903 2582 1975; x_wconf 82' lang='grc' dir='ltr'>ὑμᾶς,</span> <span class='ocrx_word' id='word_1_247' title='bbox 2622 1902 2871 1973; x_wconf 75' lang='grc' dir='ltr'>χάρητεο</span> <span class='ocrx_word' id='word_1_248' title='bbox 2896 1904 3101 1975; x_wconf 81' lang='grc' dir='ltr'>ἐπειδὴ</span> <span class='ocrx_word' id='word_1_249' title='bbox 3136 1905 3234 1958; x_wconf 78' lang='grc' dir='ltr'><strong>καί</strong></span> <span class='ocrx_word' id='word_1_250' title='bbox 3259 1908 3313 1958; x_wconf 81' lang='grc' dir='ltr'><strong>οί</strong></span> <span class='ocrx_word' id='word_1_251' title='bbox 3338 1904 3636 1974; x_wconf 63' lang='grc' dir='ltr'>προφῆται</span> <span class='ocrx_word' id='word_1_252' title='bbox 3660 1905 3730 1958; x_wconf 84' lang='grc' dir='ltr'>τὸ</span> 
     </span>
    </p>
   </div>
   <div class='ocr_carea' id='block_1_35' title="bbox 460 1994 1016 2064">
    <p class='ocr_par' dir='ltr' id='par_1_35' title="bbox 460 1994 1016 2064">
     <span class='ocr_line' id='line_1_35' title="bbox 460 1994 1016 2064; baseline 0.011 -19"><span class='ocrx_word' id='word_1_253' title='bbox 460 1996 538 2047; x_wconf 72' lang='grc' dir='ltr'><strong>(τὺ</strong></span> <span class='ocrx_word' id='word_1_254' title='bbox 548 1994 612 2047; x_wconf 87' lang='grc' dir='ltr'>τὸ</span> <span class='ocrx_word' id='word_1_255' title='bbox 634 1996 1016 2064; x_wconf 81' lang='grc' dir='ltr'>ὑπέστησαν.</span> 
     </span>
    </p>
   </div>
   <div class='ocr_carea' id='block_1_36' title="bbox 460 2084 2049 2163">
    <p class='ocr_par' dir='ltr' id='par_1_36' title="bbox 460 2090 2042 2163">
     <span class='ocr_line' id='line_1_36' title="bbox 460 2090 2042 2163; baseline 0.001 -18"><span class='ocrx_word' id='word_1_256' title='bbox 460 2090 509 2123; x_wconf 77' lang='grc'><strong>⁸³</strong></span> <span class='ocrx_word' id='word_1_257' title='bbox 546 2091 613 2145; x_wconf 79' lang='lat' dir='ltr'><strong>Et</strong></span> <span class='ocrx_word' id='word_1_258' title='bbox 647 2094 812 2146; x_wconf 84' lang='lat' dir='ltr'><strong>omnis</strong></span> <span class='ocrx_word' id='word_1_259' title='bbox 848 2095 1071 2162; x_wconf 80' lang='lat' dir='ltr'><strong>populus</strong></span> <span class='ocrx_word' id='word_1_260' title='bbox 1116 2094 1355 2160; x_wconf 82' lang='lat' dir='ltr'><strong>audiens,</strong></span> <span class='ocrx_word' id='word_1_261' title='bbox 1415 2106 1461 2147; x_wconf 87' lang='lat' dir='ltr'><strong>et</strong></span> <span class='ocrx_word' id='word_1_262' title='bbox 1494 2096 1758 2162; x_wconf 71' lang='lat' dir='ltr'><strong>publicani</strong></span> <span class='ocrx_word' id='word_1_263' title='bbox 1777 2094 2042 2163; x_wconf 76' lang='lat' dir='ltr'><strong>justi/ica-</strong></span> 
     </span>
    </p>
   </div>
   <div class='ocr_carea' id='block_1_37' title="bbox 2161 2084 3733 2163">
    <p class='ocr_par' dir='ltr' id='par_1_37' title="bbox 2161 2084 3733 2163">
     <span class='ocr_line' id='line_1_37' title="bbox 2161 2084 3733 2163; baseline -0.004 -18"><span class='ocrx_word' id='word_1_264' title='bbox 2161 2090 2256 2145; x_wconf 77' lang='grc' dir='ltr'><strong>Καὶ</strong></span> <span class='ocrx_word' id='word_1_265' title='bbox 2299 2085 2423 2163; x_wconf 32' lang='grc' dir='ltr'>πᾶς,</span> <span class='ocrx_word' id='word_1_266' title='bbox 2451 2090 2484 2140; x_wconf 83' lang='grc' dir='ltr'><em>ὀ</em></span> <span class='ocrx_word' id='word_1_267' title='bbox 2503 2084 2653 2163; x_wconf 49' lang='lat' dir='ltr'><strong>dada</strong></span> <span class='ocrx_word' id='word_1_268' title='bbox 2670 2086 2958 2163; x_wconf 55' lang='grc' dir='ltr'>ἀκούσας,</span> <span class='ocrx_word' id='word_1_269' title='bbox 2980 2086 3084 2163; x_wconf 53' lang='grc' dir='ltr'>καὶ</span> <span class='ocrx_word' id='word_1_270' title='bbox 3113 2089 3165 2140; x_wconf 72' lang='grc' dir='ltr'>οἱ</span> <span class='ocrx_word' id='word_1_271' title='bbox 3185 2084 3434 2163; x_wconf 41' lang='grc' dir='ltr'>τεξῷναι</span> <span class='ocrx_word' id='word_1_272' title='bbox 3459 2086 3700 2163; x_wconf 65' lang='lat' dir='ltr'><strong>semth</strong></span> <span class='ocrx_word' id='word_1_273' title='bbox 3716 2116 3733 2126; x_wconf 88' lang='lat'><strong>-</strong></span> 
     </span>
    </p>
   </div>
   <div class='ocr_carea' id='block_1_38' title="bbox 536 2164 2046 2229">
    <p class='ocr_par' dir='ltr' id='par_1_38' title="bbox 536 2164 2046 2229">
     <span class='ocr_line' id='line_1_38' title="bbox 536 2164 2046 2229; baseline 0.001 -16"><span class='ocrx_word' id='word_1_274' title='bbox 536 2175 717 2215; x_wconf 81' lang='lat' dir='ltr'><strong>i-erunt</strong></span> <span class='ocrx_word' id='word_1_275' title='bbox 758 2164 943 2222; x_wconf 87' lang='lat' dir='ltr'><strong>Deum.</strong></span> <span class='ocrx_word' id='word_1_276' title='bbox 976 2164 1230 2229; x_wconf 78' lang='lat' dir='ltr'><strong>buptiznti</strong></span> <span class='ocrx_word' id='word_1_277' title='bbox 1277 2168 1530 2225; x_wconf 76' lang='lat' dir='ltr'><strong>baptismo</strong></span> <span class='ocrx_word' id='word_1_278' title='bbox 1565 2166 1808 2218; x_wconf 81' lang='lat' dir='ltr'><strong>Joannis.</strong></span> <span class='ocrx_word' id='word_1_279' title='bbox 1857 2165 2046 2217; x_wconf 81' lang='lat' dir='ltr'><strong>Phari-</strong></span> 
     </span>
    </p>
   </div>
   <div class='ocr_carea' id='block_1_39' title="bbox 536 2234 2046 2304">
    <p class='ocr_par' dir='ltr' id='par_1_39' title="bbox 536 2234 2046 2304">
     <span class='ocr_line' id='line_1_39' title="bbox 536 2234 2046 2304; baseline 0.001 -19"><span class='ocrx_word' id='word_1_280' title='bbox 536 2235 630 2304; x_wconf 66' lang='lat' dir='ltr'><strong>srvi</strong></span> <span class='ocrx_word' id='word_1_281' title='bbox 664 2243 837 2285; x_wconf 82' lang='lat' dir='ltr'><strong>autem</strong></span> <span class='ocrx_word' id='word_1_282' title='bbox 870 2245 917 2286; x_wconf 89' lang='lat' dir='ltr'><strong>et</strong></span> <span class='ocrx_word' id='word_1_283' title='bbox 949 2234 1077 2302; x_wconf 83' lang='lat' dir='ltr'><strong>legis</strong></span> <span class='ocrx_word' id='word_1_284' title='bbox 1121 2236 1271 2297; x_wconf 79' lang='lat' dir='ltr'><strong>periti</strong></span> <span class='ocrx_word' id='word_1_285' title='bbox 1303 2235 1576 2288; x_wconf 77' lang='lat' dir='ltr'><strong>consilium</strong></span> <span class='ocrx_word' id='word_1_286' title='bbox 1611 2234 1708 2288; x_wconf 87' lang='lat' dir='ltr'><strong>Dei</strong></span> <span class='ocrx_word' id='word_1_287' title='bbox 1743 2242 2046 2304; x_wconf 78' lang='lat' dir='ltr'><strong>spreverunt</strong></span> 
     </span>
    </p>
   </div>
   <div class='ocr_carea' id='block_1_40' title="bbox 536 2302 1569 2374">
    <p class='ocr_par' dir='ltr' id='par_1_40' title="bbox 536 2302 1569 2374">
     <span class='ocr_line' id='line_1_40' title="bbox 536 2302 1569 2374; baseline 0.006 -21"><span class='ocrx_word' id='word_1_288' title='bbox 536 2302 589 2355; x_wconf 88' lang='lat' dir='ltr'><strong>iu</strong></span> <span class='ocrx_word' id='word_1_289' title='bbox 620 2307 947 2373; x_wconf 77' lang='lat' dir='ltr'><strong>semetipsos,</strong></span> <span class='ocrx_word' id='word_1_290' title='bbox 976 2321 1077 2357; x_wconf 86' lang='lat' dir='ltr'><strong>non</strong></span> <span class='ocrx_word' id='word_1_291' title='bbox 1109 2307 1361 2374; x_wconf 76' lang='lat' dir='ltr'><strong>baptizatt&#39;</strong></span> <span class='ocrx_word' id='word_1_292' title='bbox 1395 2306 1459 2358; x_wconf 88' lang='lat' dir='ltr'><strong>ab</strong></span> <span class='ocrx_word' id='word_1_293' title='bbox 1488 2322 1569 2359; x_wconf 90' lang='lat' dir='ltr'><strong>eo.</strong></span> 
     </span>
    </p>
   </div>
   <div class='ocr_carea' id='block_1_41' title="bbox 539 2461 2047 2533">
    <p class='ocr_par' dir='ltr' id='par_1_41' title="bbox 539 2461 2047 2533">
     <span class='ocr_line' id='line_1_41' title="bbox 539 2461 2047 2533; baseline 0.003 -18"><span class='ocrx_word' id='word_1_294' title='bbox 539 2461 646 2517; x_wconf 89' lang='lat' dir='ltr'><strong>llos</strong></span> <span class='ocrx_word' id='word_1_295' title='bbox 682 2462 872 2517; x_wconf 83' lang='lat' dir='ltr'><strong>ainhos</strong></span> <span class='ocrx_word' id='word_1_296' title='bbox 905 2462 1163 2517; x_wconf 88' lang='lat' dir='ltr'><strong>iunuebat</strong></span> <span class='ocrx_word' id='word_1_297' title='bbox 1199 2464 1363 2518; x_wconf 88' lang='lat' dir='ltr'><strong>etiam</strong></span> <span class='ocrx_word' id='word_1_298' title='bbox 1396 2479 1520 2519; x_wconf 90' lang='lat' dir='ltr'><strong>cum</strong></span> <span class='ocrx_word' id='word_1_299' title='bbox 1558 2464 1764 2521; x_wconf 86' lang='lat' dir='ltr'><strong>diceret</strong></span> <span class='ocrx_word' id='word_1_300' title='bbox 1799 2465 1851 2519; x_wconf 93' lang='lat' dir='ltr'><strong>in</strong></span> <span class='ocrx_word' id='word_1_301' title='bbox 1890 2481 2047 2533; x_wconf 86' lang='lat' dir='ltr'><strong>para-</strong></span> 
     </span>
    </p>
   </div>
   <div class='ocr_carea' id='block_1_42' title="bbox 460 2555 2046 2629">
    <p class='ocr_par' dir='ltr' id='par_1_42' title="bbox 460 2555 2046 2629">
     <span class='ocr_line' id='line_1_42' title="bbox 460 2555 2046 2629; baseline -0.001 -17"><span class='ocrx_word' id='word_1_302' title='bbox 460 2555 608 2623; x_wconf 73' lang='lat' dir='ltr'><strong>bola,</strong></span> <span class='ocrx_word' id='word_1_303' title='bbox 665 2555 802 2621; x_wconf 83' lang='lat' dir='ltr'><strong>Quid</strong></span> <span class='ocrx_word' id='word_1_304' title='bbox 847 2556 988 2611; x_wconf 82' lang='lat' dir='ltr'><strong>vobis</strong></span> <span class='ocrx_word' id='word_1_305' title='bbox 1041 2558 1284 2615; x_wconf 75' lang='lat' dir='ltr'><strong>ridetur?</strong></span> <span class='ocrx_word' id='word_1_306' title='bbox 1340 2557 1511 2612; x_wconf 79' lang='lat' dir='ltr'><strong>Ilomo</strong></span> <span class='ocrx_word' id='word_1_307' title='bbox 1562 2558 1778 2629; x_wconf 83' lang='lat' dir='ltr'><strong>quidam</strong></span> <span class='ocrx_word' id='word_1_308' title='bbox 1828 2558 2046 2611; x_wconf 76' lang='lat' dir='ltr'><strong>habebat</strong></span> 
     </span>
    </p>
   </div>
   <div class='ocr_carea' id='block_1_43' title="bbox 464 2647 2045 2719">
    <p class='ocr_par' dir='ltr' id='par_1_43' title="bbox 464 2647 2045 2719">
     <span class='ocr_line' id='line_1_43' title="bbox 464 2647 2045 2719; baseline 0.001 -17"><span class='ocrx_word' id='word_1_309' title='bbox 464 2652 597 2702; x_wconf 69' lang='lat' dir='ltr'><strong>iuos</strong></span> <span class='ocrx_word' id='word_1_310' title='bbox 623 2649 789 2718; x_wconf 79' lang='lat' dir='ltr'><strong>filios,</strong></span> <span class='ocrx_word' id='word_1_311' title='bbox 825 2662 870 2703; x_wconf 81' lang='lat' dir='ltr'><strong>et</strong></span> <span class='ocrx_word' id='word_1_312' title='bbox 898 2652 1144 2708; x_wconf 75' lang='lat' dir='ltr'><strong>accedens</strong></span> <span class='ocrx_word' id='word_1_313' title='bbox 1173 2652 1242 2703; x_wconf 86' lang='lat' dir='ltr'><strong>ad</strong></span> <span class='ocrx_word' id='word_1_314' title='bbox 1272 2653 1493 2719; x_wconf 85' lang='lat' dir='ltr'><strong>primum</strong></span> <span class='ocrx_word' id='word_1_315' title='bbox 1526 2651 1661 2703; x_wconf 74' lang='lat' dir='ltr'><strong>dixit</strong></span> <span class='ocrx_word' id='word_1_316' title='bbox 1692 2662 1710 2702; x_wconf 85' lang='lat'><strong>.&#39;</strong></span> <span class='ocrx_word' id='word_1_317' title='bbox 1736 2647 1867 2712; x_wconf 77' lang='lat' dir='ltr'><strong>Fili,</strong></span> <span class='ocrx_word' id='word_1_318' title='bbox 1899 2654 2045 2715; x_wconf 77' lang='lat' dir='ltr'><strong>vade,</strong></span> 
     </span>
    </p>
   </div>
   <div class='ocr_carea' id='block_1_44' title="bbox 466 2741 2045 2811">
    <p class='ocr_par' dir='ltr' id='par_1_44' title="bbox 466 2741 2045 2811">
     <span class='ocr_line' id='line_1_44' title="bbox 466 2741 2045 2811; baseline 0.001 -16"><span class='ocrx_word' id='word_1_319' title='bbox 466 2759 685 2807; x_wconf 71' lang='lat' dir='ltr'><strong>onerare</strong></span> <span class='ocrx_word' id='word_1_320' title='bbox 717 2744 873 2797; x_wconf 83' lang='lat' dir='ltr'><strong>hodie</strong></span> <span class='ocrx_word' id='word_1_321' title='bbox 918 2744 973 2797; x_wconf 86' lang='lat' dir='ltr'><strong>in</strong></span> <span class='ocrx_word' id='word_1_322' title='bbox 1004 2744 1150 2797; x_wconf 80' lang='lat' dir='ltr'><strong>vinea</strong></span> <span class='ocrx_word' id='word_1_323' title='bbox 1193 2760 1329 2796; x_wconf 81' lang='lat' dir='ltr'><strong>mea.</strong></span> <span class='ocrx_word' id='word_1_324' title='bbox 1374 2741 1474 2797; x_wconf 86' lang='lat' dir='ltr'><strong>Ille</strong></span> <span class='ocrx_word' id='word_1_325' title='bbox 1505 2754 1676 2796; x_wconf 87' lang='lat' dir='ltr'><strong>autem</strong></span> <span class='ocrx_word' id='word_1_326' title='bbox 1708 2743 2045 2811; x_wconf 83' lang='lat' dir='ltr'><strong>respondens,</strong></span> 
     </span>
    </p>
   </div>
   <div class='ocr_carea' id='block_1_45' title="bbox 464 2833 2050 2904">
    <p class='ocr_par' dir='ltr' id='par_1_45' title="bbox 464 2833 2050 2904">
     <span class='ocr_line' id='line_1_45' title="bbox 464 2833 2050 2904; baseline 0.003 -18"><span class='ocrx_word' id='word_1_327' title='bbox 464 2837 582 2888; x_wconf 84' lang='lat' dir='ltr'><strong>ait:</strong></span> <span class='ocrx_word' id='word_1_328' title='bbox 614 2833 777 2889; x_wconf 81' lang='lat' dir='ltr'><strong>Nolo.</strong></span> <span class='ocrx_word' id='word_1_329' title='bbox 806 2833 1001 2889; x_wconf 80' lang='lat' dir='ltr'><strong>Postea</strong></span> <span class='ocrx_word' id='word_1_330' title='bbox 1040 2854 1157 2890; x_wconf 80' lang='lat' dir='ltr'><strong>vero</strong></span> <span class='ocrx_word' id='word_1_331' title='bbox 1182 2836 1482 2904; x_wconf 79' lang='lat' dir='ltr'><strong>ptenitentia</strong></span> <span class='ocrx_word' id='word_1_332' title='bbox 1514 2846 1685 2889; x_wconf 87' lang='lat' dir='ltr'><strong>motus</strong></span> <span class='ocrx_word' id='word_1_333' title='bbox 1710 2836 1859 2889; x_wconf 84' lang='lat' dir='ltr'><strong>abiit.</strong></span> <span class='ocrx_word' id='word_1_334' title='bbox 1899 2837 2050 2891; x_wconf 79' lang='lat' dir='ltr'><strong>Arce-</strong></span> 
     </span>
    </p>
   </div>
   <div class='ocr_carea' id='block_1_46' title="bbox 466 2928 2051 2988">
    <p class='ocr_par' dir='ltr' id='par_1_46' title="bbox 466 2928 2051 2988">
     <span class='ocr_line' id='line_1_46' title="bbox 466 2928 2051 2988; baseline 0.003 -11"><span class='ocrx_word' id='word_1_335' title='bbox 466 2928 596 2980; x_wconf 86' lang='lat' dir='ltr'><strong>dcns</strong></span> <span class='ocrx_word' id='word_1_336' title='bbox 634 2938 808 2980; x_wconf 80' lang='lat' dir='ltr'><strong>autem</strong></span> <span class='ocrx_word' id='word_1_337' title='bbox 865 2928 932 2980; x_wconf 88' lang='lat' dir='ltr'><strong>ad</strong></span> <span class='ocrx_word' id='word_1_338' title='bbox 968 2930 1215 2988; x_wconf 86' lang='lat' dir='ltr'><strong>alterum,</strong></span> <span class='ocrx_word' id='word_1_339' title='bbox 1249 2929 1385 2981; x_wconf 79' lang='lat' dir='ltr'><strong>dixit</strong></span> <span class='ocrx_word' id='word_1_340' title='bbox 1425 2930 1688 2982; x_wconf 81' lang='lat' dir='ltr'><strong>similiter.</strong></span> <span class='ocrx_word' id='word_1_341' title='bbox 1738 2930 1801 2982; x_wconf 79' lang='lat' dir='ltr'><strong>At</strong></span> <span class='ocrx_word' id='word_1_342' title='bbox 1844 2928 1931 2981; x_wconf 89' lang='lat' dir='ltr'><strong>ille</strong></span> <span class='ocrx_word' id='word_1_343' title='bbox 1969 2945 2051 2981; x_wconf 82' lang='lat' dir='ltr'><strong>re-</strong></span> 
     </span>
    </p>
   </div>
   <div class='ocr_carea' id='block_1_47' title="bbox 464 3017 2045 3089">
    <p class='ocr_par' dir='ltr' id='par_1_47' title="bbox 464 3017 2045 3089">
     <span class='ocr_line' id='line_1_47' title="bbox 464 3017 2045 3089; baseline 0.001 -19"><span class='ocrx_word' id='word_1_344' title='bbox 464 3017 722 3079; x_wconf 74' lang='lat' dir='ltr'><strong>spondens</strong></span> <span class='ocrx_word' id='word_1_345' title='bbox 750 3021 823 3071; x_wconf 88' lang='lat' dir='ltr'><strong>ait</strong></span> <span class='ocrx_word' id='word_1_346' title='bbox 853 3035 870 3072; x_wconf 90' lang='lat'><strong><em>:</em></strong></span> <span class='ocrx_word' id='word_1_347' title='bbox 905 3018 986 3071; x_wconf 84' lang='lat' dir='ltr'><strong>En</strong></span> <span class='ocrx_word' id='word_1_348' title='bbox 1022 3036 1113 3088; x_wconf 85' lang='lat' dir='ltr'><strong>ego</strong></span> <span class='ocrx_word' id='word_1_349' title='bbox 1147 3019 1281 3089; x_wconf 56' lang='grc' dir='ltr'><strong>(δῇ),</strong></span> <span class='ocrx_word' id='word_1_350' title='bbox 1320 3019 1562 3084; x_wconf 86' lang='lat' dir='ltr'><strong>domine;</strong></span> <span class='ocrx_word' id='word_1_351' title='bbox 1604 3037 1694 3074; x_wconf 87' lang='lat' dir='ltr'><strong>nec</strong></span> <span class='ocrx_word' id='word_1_352' title='bbox 1720 3031 1895 3074; x_wconf 84' lang='lat' dir='ltr'><strong>tamen</strong></span> <span class='ocrx_word' id='word_1_353' title='bbox 1932 3021 2045 3074; x_wconf 82' lang='lat' dir='ltr'><strong>irit.</strong></span> 
     </span>
    </p>
   </div>
   <div class='ocr_carea' id='block_1_48' title="bbox 375 3109 2048 3178">
    <p class='ocr_par' dir='ltr' id='par_1_48' title="bbox 375 3109 2048 3178">
     <span class='ocr_line' id='line_1_48' title="bbox 375 3109 2048 3178; baseline 0.004 -20"><span class='ocrx_word' id='word_1_354' title='bbox 375 3120 378 3124; x_wconf 53' lang='grc' dir='ltr'><strong>λ</strong></span> <span class='ocrx_word' id='word_1_355' title='bbox 471 3109 601 3173; x_wconf 77' lang='lat' dir='ltr'><strong>Quis</strong></span> <span class='ocrx_word' id='word_1_356' title='bbox 624 3125 688 3161; x_wconf 76' lang='lat' dir='ltr'><strong>ex</strong></span> <span class='ocrx_word' id='word_1_357' title='bbox 713 3109 916 3162; x_wconf 84' lang='lat' dir='ltr'><strong>duobus</strong></span> <span class='ocrx_word' id='word_1_358' title='bbox 955 3109 1075 3177; x_wconf 79' lang='lat' dir='ltr'><strong>fecit</strong></span> <span class='ocrx_word' id='word_1_359' title='bbox 1108 3110 1424 3164; x_wconf 79' lang='lat' dir='ltr'><strong>voluntatem</strong></span> <span class='ocrx_word' id='word_1_360' title='bbox 1483 3110 1695 3178; x_wconf 77' lang='lat' dir='ltr'><strong>patris?</strong></span> <span class='ocrx_word' id='word_1_361' title='bbox 1730 3109 1922 3164; x_wconf 85' lang='lat' dir='ltr'><strong>Dicunt</strong></span> <span class='ocrx_word' id='word_1_362' title='bbox 1957 3112 2048 3164; x_wconf 88' lang='lat' dir='ltr'><strong>ei:</strong></span> 
     </span>
    </p>
   </div>
   <div class='ocr_carea' id='block_1_49' title="bbox 2219 2154 3737 2224">
    <p class='ocr_par' dir='ltr' id='par_1_49' title="bbox 2219 2154 3737 2224">
     <span class='ocr_line' id='line_1_49' title="bbox 2219 2154 3737 2224; baseline -0.003 -12"><span class='ocrx_word' id='word_1_363' title='bbox 2219 2175 2341 2213; x_wconf 82' lang='grc' dir='ltr'>σαν</span> <span class='ocrx_word' id='word_1_364' title='bbox 2365 2157 2472 2210; x_wconf 82' lang='grc' dir='ltr'><strong>τὸν</strong></span> <span class='ocrx_word' id='word_1_365' title='bbox 2494 2156 2663 2218; x_wconf 78' lang='grc' dir='ltr'>Θεὸν,</span> <span class='ocrx_word' id='word_1_366' title='bbox 2686 2156 3132 2221; x_wconf 78' lang='grc' dir='ltr'>βαπτισθέντες</span> <span class='ocrx_word' id='word_1_367' title='bbox 3160 2156 3225 2209; x_wconf 85' lang='grc' dir='ltr'>τὸ</span> <span class='ocrx_word' id='word_1_368' title='bbox 3246 2154 3562 2224; x_wconf 73' lang='grc' dir='ltr'>βάπτισμα</span> <span class='ocrx_word' id='word_1_369' title='bbox 3606 2158 3737 2210; x_wconf 82' lang='grc' dir='ltr'><strong>Ἰω-</strong></span> 
     </span>
    </p>
   </div>
   <div class='ocr_carea' id='block_1_50' title="bbox 2217 2225 3729 2294">
    <p class='ocr_par' dir='ltr' id='par_1_50' title="bbox 2217 2225 3729 2294">
     <span class='ocr_line' id='line_1_50' title="bbox 2217 2225 3729 2294; baseline -0.003 -11"><span class='ocrx_word' id='word_1_370' title='bbox 2217 2229 2427 2283; x_wconf 69' lang='grc' dir='ltr'>άννου.</span> <span class='ocrx_word' id='word_1_371' title='bbox 2457 2230 2518 2280; x_wconf 89' lang='grc' dir='ltr'><strong>Οἱ</strong></span> <span class='ocrx_word' id='word_1_372' title='bbox 2540 2225 2608 2279; x_wconf 83' lang='grc' dir='ltr'>δὲ</span> <span class='ocrx_word' id='word_1_373' title='bbox 2633 2226 2937 2294; x_wconf 78' lang='grc' dir='ltr'>Φαρισαῖοι</span> <span class='ocrx_word' id='word_1_374' title='bbox 2960 2227 3058 2280; x_wconf 78' lang='grc' dir='ltr'>καὶ</span> <span class='ocrx_word' id='word_1_375' title='bbox 3080 2228 3135 2280; x_wconf 82' lang='grc' dir='ltr'>οἱ</span> <span class='ocrx_word' id='word_1_376' title='bbox 3162 2226 3392 2293; x_wconf 75' lang='grc' dir='ltr'>νομικοὶ</span> <span class='ocrx_word' id='word_1_377' title='bbox 3423 2226 3537 2292; x_wconf 79' lang='grc' dir='ltr'><strong>τὴν</strong></span> <span class='ocrx_word' id='word_1_378' title='bbox 3563 2227 3729 2290; x_wconf 75' lang='grc' dir='ltr'>,Βου-</span> 
     </span>
    </p>
   </div>
   <div class='ocr_carea' id='block_1_51' title="bbox 2217 2296 3755 2366">
    <p class='ocr_par' dir='ltr' id='par_1_51' title="bbox 2217 2296 3755 2366">
     <span class='ocr_line' id='line_1_51' title="bbox 2217 2296 3755 2366; baseline -0.002 -14"><span class='ocrx_word' id='word_1_379' title='bbox 2217 2298 2340 2366; x_wconf 76' lang='grc' dir='ltr'><strong>λὴν</strong></span> <span class='ocrx_word' id='word_1_380' title='bbox 2362 2298 2469 2351; x_wconf 83' lang='grc' dir='ltr'><strong>τοῦ</strong></span> <span class='ocrx_word' id='word_1_381' title='bbox 2503 2297 2651 2351; x_wconf 86' lang='grc' dir='ltr'>Θεοῦ</span> <span class='ocrx_word' id='word_1_382' title='bbox 2673 2296 2976 2363; x_wconf 79' lang='grc' dir='ltr'>ἠθέτησαν</span> <span class='ocrx_word' id='word_1_383' title='bbox 2995 2300 3080 2363; x_wconf 73' lang='grc' dir='ltr'>εἰς</span> <span class='ocrx_word' id='word_1_384' title='bbox 3100 2296 3372 2362; x_wconf 80' lang='grc' dir='ltr'>ἑαυτοὺς,</span> <span class='ocrx_word' id='word_1_385' title='bbox 3393 2297 3478 2365; x_wconf 76' lang='grc' dir='ltr'>μὴ</span> <span class='ocrx_word' id='word_1_386' title='bbox 3496 2297 3690 2360; x_wconf 72' lang='grc' dir='ltr'>,βαπτι</span> <span class='ocrx_word' id='word_1_387' title='bbox 3705 2327 3755 2337; x_wconf 74' lang='grc' dir='ltr'><strong>ο-</strong></span> 
     </span>
    </p>
   </div>
   <div class='ocr_carea' id='block_1_52' title="bbox 2218 2366 2818 2433">
    <p class='ocr_par' dir='ltr' id='par_1_52' title="bbox 2218 2366 2818 2433">
     <span class='ocr_line' id='line_1_52' title="bbox 2218 2366 2818 2433; baseline -0.008 -9"><span class='ocrx_word' id='word_1_388' title='bbox 2218 2368 2470 2433; x_wconf 78' lang='grc' dir='ltr'>σθέντες</span> <span class='ocrx_word' id='word_1_389' title='bbox 2492 2368 2593 2423; x_wconf 81' lang='grc' dir='ltr'><strong>ὑπ’</strong></span> <span class='ocrx_word' id='word_1_390' title='bbox 2611 2366 2818 2421; x_wconf 83' lang='grc' dir='ltr'>αὑτοῦ.</span> 
     </span>
    </p>
   </div>
   <div class='ocr_carea' id='block_1_53' title="bbox 2230 2458 3738 2533">
    <p class='ocr_par' dir='ltr' id='par_1_53' title="bbox 2230 2458 3738 2533">
     <span class='ocr_line' id='line_1_53' title="bbox 2230 2458 3738 2533; baseline -0.001 -19"><span class='ocrx_word' id='word_1_391' title='bbox 2230 2460 2553 2533; x_wconf 78' lang='grc' dir='ltr'>Ἐκατὲρους</span> <span class='ocrx_word' id='word_1_392' title='bbox 2584 2459 2641 2513; x_wconf 78' lang='grc' dir='ltr'>δὲ</span> <span class='ocrx_word' id='word_1_393' title='bbox 2674 2458 2899 2523; x_wconf 79' lang='grc' dir='ltr'>τούτους</span> <span class='ocrx_word' id='word_1_394' title='bbox 2929 2459 3225 2512; x_wconf 79' lang='grc' dir='ltr'>αἰνίττεται</span> <span class='ocrx_word' id='word_1_395' title='bbox 3251 2459 3343 2513; x_wconf 70' lang='grc' dir='ltr'><strong>καὶ</strong></span> <span class='ocrx_word' id='word_1_396' title='bbox 3373 2460 3499 2512; x_wconf 84' lang='grc' dir='ltr'>ὅταν</span> <span class='ocrx_word' id='word_1_397' title='bbox 3524 2460 3583 2513; x_wconf 83' lang='grc' dir='ltr'>ὲν</span> <span class='ocrx_word' id='word_1_398' title='bbox 3618 2474 3738 2513; x_wconf 79' lang='grc' dir='ltr'>πα-</span> 
     </span>
    </p>
   </div>
   <div class='ocr_carea' id='block_1_54' title="bbox 2152 2547 3743 2627">
    <p class='ocr_par' dir='ltr' id='par_1_54' title="bbox 2152 2547 3743 2627">
     <span class='ocr_line' id='line_1_54' title="bbox 2152 2547 3743 2627; baseline -0.003 -18"><span class='ocrx_word' id='word_1_399' title='bbox 2152 2554 2349 2627; x_wconf 84' lang='grc' dir='ltr'>ραϐολῇ</span> <span class='ocrx_word' id='word_1_400' title='bbox 2394 2553 2551 2624; x_wconf 61' lang='grc' dir='ltr'><strong>λέγηθ’</strong></span> <span class='ocrx_word' id='word_1_401' title='bbox 2602 2553 2663 2606; x_wconf 82' lang='grc' dir='ltr'>Τί</span> <span class='ocrx_word' id='word_1_402' title='bbox 2707 2551 2849 2620; x_wconf 76' lang='grc' dir='ltr'><strong>ὑμῖν</strong></span> <span class='ocrx_word' id='word_1_403' title='bbox 2880 2550 3078 2613; x_wconf 86' lang='grc' dir='ltr'>δοκεῖ;</span> <span class='ocrx_word' id='word_1_404' title='bbox 3128 2553 3461 2619; x_wconf 75' lang='grc' dir='ltr'>Ἄνθρωπός</span> <span class='ocrx_word' id='word_1_405' title='bbox 3489 2569 3578 2617; x_wconf 86' lang='grc' dir='ltr'><strong>τις</strong></span> <span class='ocrx_word' id='word_1_406' title='bbox 3604 2547 3743 2619; x_wconf 73' lang='grc' dir='ltr'>εἶχε</span> 
     </span>
    </p>
   </div>
   <div class='ocr_carea' id='block_1_55' title="bbox 2149 2637 3742 2711">
    <p class='ocr_par' dir='ltr' id='par_1_55' title="bbox 2149 2637 3742 2711">
     <span class='ocr_line' id='line_1_55' title="bbox 2149 2637 3742 2711; baseline -0.004 -11"><span class='ocrx_word' id='word_1_407' title='bbox 2149 2646 2329 2700; x_wconf 74' lang='grc' dir='ltr'>τέκνα</span> <span class='ocrx_word' id='word_1_408' title='bbox 2349 2644 2476 2699; x_wconf 84' lang='grc' dir='ltr'>δύο·</span> <span class='ocrx_word' id='word_1_409' title='bbox 2496 2641 2595 2697; x_wconf 73' lang='grc' dir='ltr'>καὶ</span> <span class='ocrx_word' id='word_1_410' title='bbox 2618 2641 2970 2711; x_wconf 74' lang='grc' dir='ltr'>προσελθὼν</span> <span class='ocrx_word' id='word_1_411' title='bbox 2988 2640 3067 2706; x_wconf 83' lang='grc' dir='ltr'><strong>τῷ</strong></span> <span class='ocrx_word' id='word_1_412' title='bbox 3086 2640 3291 2709; x_wconf 80' lang='grc' dir='ltr'>πρώτῳ</span> <span class='ocrx_word' id='word_1_413' title='bbox 3309 2637 3457 2694; x_wconf 66' lang='grc' dir='ltr'>εἶπεν</span> <span class='ocrx_word' id='word_1_414' title='bbox 3489 2639 3742 2707; x_wconf 73' lang='grc' dir='ltr'><strong>Τέκνον,</strong></span> 
     </span>
    </p>
   </div>
   <div class='ocr_carea' id='block_1_56' title="bbox 2148 2732 3751 2809">
    <p class='ocr_par' dir='ltr' id='par_1_56' title="bbox 2148 2732 3751 2809">
     <span class='ocr_line' id='line_1_56' title="bbox 2148 2732 3751 2809; baseline -0.005 -16"><span class='ocrx_word' id='word_1_415' title='bbox 2148 2740 2360 2809; x_wconf 80' lang='grc' dir='ltr'>ὕπαγε,</span> <span class='ocrx_word' id='word_1_416' title='bbox 2387 2736 2657 2806; x_wconf 74' lang='grc' dir='ltr'>σήμερον</span> <span class='ocrx_word' id='word_1_417' title='bbox 2686 2733 2927 2805; x_wconf 75' lang='grc' dir='ltr'><strong>ἐργάζου</strong></span> <span class='ocrx_word' id='word_1_418' title='bbox 2950 2735 3018 2787; x_wconf 74' lang='grc' dir='ltr'><strong>ὲν</strong></span> <span class='ocrx_word' id='word_1_419' title='bbox 3047 2732 3125 2799; x_wconf 84' lang='grc' dir='ltr'>τῷ</span> <span class='ocrx_word' id='word_1_420' title='bbox 3155 2732 3464 2802; x_wconf 77' lang='grc' dir='ltr'>ἀμπελῶνι</span> <span class='ocrx_word' id='word_1_421' title='bbox 3490 2750 3629 2801; x_wconf 85' lang='grc' dir='ltr'>μου.</span> <span class='ocrx_word' id='word_1_422' title='bbox 3679 2734 3751 2786; x_wconf 71' lang='grc' dir='ltr'><em>Ὁ</em></span> 
     </span>
    </p>
   </div>
   <div class='ocr_carea' id='block_1_57' title="bbox 2149 2826 3745 2900">
    <p class='ocr_par' dir='ltr' id='par_1_57' title="bbox 2149 2826 3745 2900">
     <span class='ocr_line' id='line_1_57' title="bbox 2149 2826 3745 2900; baseline -0.005 -14"><span class='ocrx_word' id='word_1_423' title='bbox 2149 2833 2217 2886; x_wconf 83' lang='grc' dir='ltr'>δὲ</span> <span class='ocrx_word' id='word_1_424' title='bbox 2248 2832 2588 2900; x_wconf 79' lang='grc' dir='ltr'>ἀποκριθεὶς</span> <span class='ocrx_word' id='word_1_425' title='bbox 2616 2826 2805 2893; x_wconf 80' lang='grc' dir='ltr'>εἶπεν,</span> <span class='ocrx_word' id='word_1_426' title='bbox 2836 2830 2916 2882; x_wconf 83' lang='grc' dir='ltr'><strong>Οὐ</strong></span> <span class='ocrx_word' id='word_1_427' title='bbox 2942 2829 3122 2881; x_wconf 75' lang='grc' dir='ltr'>θέλω·</span> <span class='ocrx_word' id='word_1_428' title='bbox 3167 2826 3425 2895; x_wconf 75' lang='grc' dir='ltr'>ὕστερον</span> <span class='ocrx_word' id='word_1_429' title='bbox 3449 2826 3516 2878; x_wconf 80' lang='grc' dir='ltr'>δὲ</span> <span class='ocrx_word' id='word_1_430' title='bbox 3539 2843 3745 2895; x_wconf 78' lang='grc' dir='ltr'>μετα-</span> 
     </span>
    </p>
   </div>
   <div class='ocr_carea' id='block_1_58' title="bbox 2146 2916 3747 2996">
    <p class='ocr_par' dir='ltr' id='par_1_58' title="bbox 2146 2916 3747 2996">
     <span class='ocr_line' id='line_1_58' title="bbox 2146 2916 3747 2996; baseline -0.024 1"><span class='ocrx_word' id='word_1_431' title='bbox 2146 2925 2429 2996; x_wconf 72' lang='grc' dir='ltr'>μεληθεὶς</span> <span class='ocrx_word' id='word_1_432' title='bbox 2489 2922 2745 2991; x_wconf 78' lang='grc' dir='ltr'>ἀπῆλθε.</span> <span class='ocrx_word' id='word_1_433' title='bbox 2819 2920 2929 2975; x_wconf 84' lang='lat' dir='ltr'><strong>Kal.</strong></span> <span class='ocrx_word' id='word_1_434' title='bbox 2995 2919 3347 2987; x_wconf 71' lang='grc' dir='ltr'>προσελθὼν</span> <span class='ocrx_word' id='word_1_435' title='bbox 3411 2916 3491 2982; x_wconf 80' lang='grc' dir='ltr'><strong>τῷ</strong></span> <span class='ocrx_word' id='word_1_436' title='bbox 3552 2918 3747 2987; x_wconf 54' lang='grc' dir='ltr'><strong>ἑτέρῳ»</strong></span> 
     </span>
    </p>
   </div>
   <div class='ocr_carea' id='block_1_59' title="bbox 2151 3008 3742 3090">
    <p class='ocr_par' dir='ltr' id='par_1_59' title="bbox 2151 3008 3742 3090">
     <span class='ocr_line' id='line_1_59' title="bbox 2151 3008 3742 3090; baseline -0.006 -17"><span class='ocrx_word' id='word_1_437' title='bbox 2151 3020 2361 3090; x_wconf 78' lang='grc' dir='ltr'>ὁμοίως</span> <span class='ocrx_word' id='word_1_438' title='bbox 2388 3014 2557 3072; x_wconf 79' lang='grc' dir='ltr'>εἶπεν</span> <span class='ocrx_word' id='word_1_439' title='bbox 2579 3034 2591 3046; x_wconf 91' lang='grc'><strong>·</strong></span> <span class='ocrx_word' id='word_1_440' title='bbox 2650 3020 2683 3070; x_wconf 87' lang='grc' dir='ltr'><strong><em>ό</em></strong></span> <span class='ocrx_word' id='word_1_441' title='bbox 2731 3014 2800 3068; x_wconf 85' lang='grc' dir='ltr'>δὲ</span> <span class='ocrx_word' id='word_1_442' title='bbox 2829 3012 3167 3081; x_wconf 76' lang='grc' dir='ltr'>ἀποκριθεὶς</span> <span class='ocrx_word' id='word_1_443' title='bbox 3192 3008 3378 3075; x_wconf 77' lang='grc' dir='ltr'>εἶπεν,</span> <span class='ocrx_word' id='word_1_444' title='bbox 3426 3008 3583 3079; x_wconf 74' lang='grc' dir='ltr'>Ἐγὼ,</span> <span class='ocrx_word' id='word_1_445' title='bbox 3628 3012 3742 3063; x_wconf 75' lang='grc' dir='ltr'><strong>κύ-</strong></span> 
     </span>
    </p>
   </div>
   <div class='ocr_carea' id='block_1_60' title="bbox 2142 3105 3738 3181">
    <p class='ocr_par' dir='ltr' id='par_1_60' title="bbox 2142 3105 3738 3181">
     <span class='ocr_line' id='line_1_60' title="bbox 2142 3105 3738 3181; baseline -0.005 -14"><span class='ocrx_word' id='word_1_446' title='bbox 2142 3130 2235 3180; x_wconf 84' lang='grc' dir='ltr'><strong>ριε</strong></span> <span class='ocrx_word' id='word_1_447' title='bbox 2255 3131 2268 3144; x_wconf 74' lang='grc' dir='ltr'><strong>ο</strong></span> <span class='ocrx_word' id='word_1_448' title='bbox 2311 3113 2407 3166; x_wconf 77' lang='grc' dir='ltr'>καὶ</span> <span class='ocrx_word' id='word_1_449' title='bbox 2438 3114 2548 3166; x_wconf 80' lang='grc' dir='ltr'>οὐκ</span> <span class='ocrx_word' id='word_1_450' title='bbox 2577 3110 2828 3181; x_wconf 74' lang='grc' dir='ltr'>ἀπῆλθε.</span> <span class='ocrx_word' id='word_1_451' title='bbox 2872 3110 2967 3175; x_wconf 77' lang='grc' dir='ltr'>Τίς</span> <span class='ocrx_word' id='word_1_452' title='bbox 2992 3110 3061 3163; x_wconf 80' lang='grc' dir='ltr'>ἐκ</span> <span class='ocrx_word' id='word_1_453' title='bbox 3098 3106 3214 3161; x_wconf 84' lang='grc' dir='ltr'>τῶν</span> <span class='ocrx_word' id='word_1_454' title='bbox 3248 3106 3357 3160; x_wconf 80' lang='grc' dir='ltr'>δύο</span> <span class='ocrx_word' id='word_1_455' title='bbox 3387 3105 3638 3173; x_wconf 80' lang='grc' dir='ltr'>ἐποίησε</span> <span class='ocrx_word' id='word_1_456' title='bbox 3665 3110 3738 3159; x_wconf 81' lang='grc' dir='ltr'>τό</span> 
     </span>
    </p>
   </div>
   <div class='ocr_carea' id='block_1_61' title="bbox 469 3198 2049 3274">
    <p class='ocr_par' dir='ltr' id='par_1_61' title="bbox 469 3198 2049 3257">
     <span class='ocr_line' id='line_1_61' title="bbox 469 3198 2049 3257; baseline 0.004 -6"><span class='ocrx_word' id='word_1_457' title='bbox 469 3200 683 3253; x_wconf 78' lang='lat' dir='ltr'><strong>Primus</strong></span> <span class='ocrx_word' id='word_1_458' title='bbox 709 3200 774 3252; x_wconf 70' lang='grc' dir='ltr'><strong>δα.</strong></span> <span class='ocrx_word' id='word_1_459' title='bbox 804 3198 917 3254; x_wconf 87' lang='lat' dir='ltr'><strong>lloe</strong></span> <span class='ocrx_word' id='word_1_460' title='bbox 941 3200 1058 3256; x_wconf 86' lang='lat' dir='ltr'><strong>loco</strong></span> <span class='ocrx_word' id='word_1_461' title='bbox 1085 3200 1220 3255; x_wconf 91' lang='lat' dir='ltr'><strong>duos</strong></span> <span class='ocrx_word' id='word_1_462' title='bbox 1249 3201 1525 3255; x_wconf 84' lang='lat' dir='ltr'><strong>hominum</strong></span> <span class='ocrx_word' id='word_1_463' title='bbox 1554 3201 1772 3255; x_wconf 81' lang='lat' dir='ltr'><strong>ordines</strong></span> <span class='ocrx_word' id='word_1_464' title='bbox 1798 3216 2049 3257; x_wconf 86' lang='lat' dir='ltr'><strong>sermone</strong></span> 
     </span>
    </p>
   </div>
   <div class='ocr_carea' id='block_1_62' title="bbox 2161 3198 3747 3274">
    <p class='ocr_par' dir='ltr' id='par_1_62' title="bbox 2161 3198 3747 3274">
     <span class='ocr_line' id='line_1_62' title="bbox 2161 3198 3747 3274; baseline -0.006 -15"><span class='ocrx_word' id='word_1_465' title='bbox 2161 3204 2377 3274; x_wconf 68' lang='grc' dir='ltr'>θέλημα</span> <span class='ocrx_word' id='word_1_466' title='bbox 2429 3205 2535 3259; x_wconf 79' lang='grc' dir='ltr'><strong>τοῦ</strong></span> <span class='ocrx_word' id='word_1_467' title='bbox 2564 3204 2821 3271; x_wconf 81' lang='grc' dir='ltr'>πατρός;</span> <span class='ocrx_word' id='word_1_468' title='bbox 2863 3202 3152 3272; x_wconf 69' lang='grc' dir='ltr'>λέγουσιν</span> <span class='ocrx_word' id='word_1_469' title='bbox 3176 3200 3355 3266; x_wconf 80' lang='grc' dir='ltr'>αὐτῷ,</span> <span class='ocrx_word' id='word_1_470' title='bbox 3397 3201 3451 3252; x_wconf 90' lang='lat'><strong>&#39;0</strong></span> <span class='ocrx_word' id='word_1_471' title='bbox 3478 3198 3747 3267; x_wconf 69' lang='grc' dir='ltr'>πρῶτος-</span> 
     </span>
    </p>
   </div>
   <div class='ocr_carea' id='block_1_63' title="bbox 470 3288 2049 3369">
    <p class='ocr_par' dir='ltr' id='par_1_63' title="bbox 470 3289 2049 3362">
     <span class='ocr_line' id='line_1_63' title="bbox 470 3289 2049 3362; baseline 0.001 -20"><span class='ocrx_word' id='word_1_472' title='bbox 470 3306 569 3342; x_wconf 81' lang='lat' dir='ltr'><strong>suo</strong></span> <span class='ocrx_word' id='word_1_473' title='bbox 602 3290 1031 3358; x_wconf 65' lang='lat' dir='ltr'><strong>repraesentavit,</strong></span> <span class='ocrx_word' id='word_1_474' title='bbox 1063 3306 1293 3359; x_wconf 88' lang='lat' dir='ltr'><strong>quorum</strong></span> <span class='ocrx_word' id='word_1_475' title='bbox 1324 3307 1466 3347; x_wconf 88' lang='lat' dir='ltr'><strong>unus</strong></span> <span class='ocrx_word' id='word_1_476' title='bbox 1513 3289 1847 3348; x_wconf 80' lang='lat' dir='ltr'><strong>lsraeliticus</strong></span> <span class='ocrx_word' id='word_1_477' title='bbox 1877 3308 2049 3362; x_wconf 81' lang='lat' dir='ltr'><strong>papu-</strong></span> 
     </span>
    </p>
   </div>
   <div class='ocr_carea' id='block_1_64' title="bbox 2161 3288 3742 3369">
    <p class='ocr_par' dir='ltr' id='par_1_64' title="bbox 2165 3288 3742 3369">
     <span class='ocr_line' id='line_1_64' title="bbox 2165 3288 3742 3369; baseline -0.006 -18"><span class='ocrx_word' id='word_1_478' title='bbox 2165 3298 2429 3351; x_wconf 77' lang='grc' dir='ltr'>Ἐνταῦθα</span> <span class='ocrx_word' id='word_1_479' title='bbox 2457 3298 2562 3369; x_wconf 83' lang='grc' dir='ltr'>γὰρ</span> <span class='ocrx_word' id='word_1_480' title='bbox 2601 3296 2694 3350; x_wconf 85' lang='grc' dir='ltr'><strong>δύο</strong></span> <span class='ocrx_word' id='word_1_481' title='bbox 2726 3297 2983 3366; x_wconf 79' lang='grc' dir='ltr'>τάγματα</span> <span class='ocrx_word' id='word_1_482' title='bbox 3018 3295 3095 3365; x_wconf 83' lang='grc' dir='ltr'>τῷ</span> <span class='ocrx_word' id='word_1_483' title='bbox 3126 3293 3268 3364; x_wconf 84' lang='grc' dir='ltr'>λόγῳ</span> <span class='ocrx_word' id='word_1_484' title='bbox 3308 3288 3742 3363; x_wconf 84' lang='grc' dir='ltr'>παραστησάμε-</span> 
     </span>
    </p>
   </div>
   <div class='ocr_carea' id='block_1_65' title="bbox 472 3378 2049 3462">
    <p class='ocr_par' dir='ltr' id='par_1_65' title="bbox 472 3378 2049 3451">
     <span class='ocr_line' id='line_1_65' title="bbox 472 3378 2049 3451; baseline 0.005 -22"><span class='ocrx_word' id='word_1_485' title='bbox 472 3378 575 3441; x_wconf 86' lang='lat' dir='ltr'><strong>lus,</strong></span> <span class='ocrx_word' id='word_1_486' title='bbox 619 3380 758 3433; x_wconf 84' lang='lat' dir='ltr'><strong>alter</strong></span> <span class='ocrx_word' id='word_1_487' title='bbox 787 3380 964 3450; x_wconf 83' lang='lat' dir='ltr'><strong>gentis</strong></span> <span class='ocrx_word' id='word_1_488' title='bbox 1000 3380 1337 3451; x_wconf 68' lang='lat' dir='ltr'><strong>alienigenae,</strong></span> <span class='ocrx_word' id='word_1_489' title='bbox 1370 3382 1782 3451; x_wconf 81' lang='lat' dir='ltr'><strong>publicanorum</strong></span> <span class='ocrx_word' id='word_1_490' title='bbox 1829 3384 2049 3438; x_wconf 89' lang='lat' dir='ltr'><strong>nomine</strong></span> 
     </span>
    </p>
   </div>
   <div class='ocr_carea' id='block_1_66' title="bbox 2161 3378 3743 3462">
    <p class='ocr_par' dir='ltr' id='par_1_66' title="bbox 2161 3381 3743 3462">
     <span class='ocr_line' id='line_1_66' title="bbox 2161 3381 3743 3462; baseline -0.006 -19"><span class='ocrx_word' id='word_1_491' title='bbox 2161 3408 2261 3454; x_wconf 83' lang='grc' dir='ltr'>νος,</span> <span class='ocrx_word' id='word_1_492' title='bbox 2296 3391 2353 3444; x_wconf 81' lang='grc' dir='ltr'>ἓν</span> <span class='ocrx_word' id='word_1_493' title='bbox 2386 3390 2485 3462; x_wconf 85' lang='grc' dir='ltr'>μὲν</span> <span class='ocrx_word' id='word_1_494' title='bbox 2527 3389 2589 3442; x_wconf 79' lang='grc' dir='ltr'>τὸ</span> <span class='ocrx_word' id='word_1_495' title='bbox 2622 3387 3031 3461; x_wconf 78' lang='grc' dir='ltr'>Ἰσραηλιτικὺν,</span> <span class='ocrx_word' id='word_1_496' title='bbox 3060 3386 3244 3458; x_wconf 76' lang='grc' dir='ltr'>ἕτερον</span> <span class='ocrx_word' id='word_1_497' title='bbox 3272 3385 3328 3439; x_wconf 75' lang='grc' dir='ltr'>δὲ</span> <span class='ocrx_word' id='word_1_498' title='bbox 3360 3382 3421 3437; x_wconf 86' lang='grc' dir='ltr'><strong>τδ</strong></span> <span class='ocrx_word' id='word_1_499' title='bbox 3444 3382 3551 3436; x_wconf 88' lang='grc' dir='ltr'><strong>τῶν</strong></span> <span class='ocrx_word' id='word_1_500' title='bbox 3582 3381 3743 3435; x_wconf 84' lang='grc' dir='ltr'>ἀλλο-</span> 
     </span>
    </p>
   </div>
   <div class='ocr_carea' id='block_1_67' title="bbox 474 3470 2049 3551">
    <p class='ocr_par' dir='ltr' id='par_1_67' title="bbox 474 3470 2048 3544">
     <span class='ocr_line' id='line_1_67' title="bbox 474 3470 2048 3544; baseline 0.004 -22"><span class='ocrx_word' id='word_1_501' title='bbox 474 3470 795 3537; x_wconf 67' lang='lat' dir='ltr'><strong>indigitatns</strong></span> <span class='ocrx_word' id='word_1_502' title='bbox 836 3489 849 3525; x_wconf 92' lang='lat'><strong>:</strong></span> <span class='ocrx_word' id='word_1_503' title='bbox 892 3480 1183 3540; x_wconf 84' lang='lat' dir='ltr'><strong>utrumque</strong></span> <span class='ocrx_word' id='word_1_504' title='bbox 1220 3483 1400 3526; x_wconf 85' lang='lat' dir='ltr'><strong>autem</strong></span> <span class='ocrx_word' id='word_1_505' title='bbox 1453 3474 1611 3529; x_wconf 87' lang='lat' dir='ltr'><strong>unius</strong></span> <span class='ocrx_word' id='word_1_506' title='bbox 1656 3474 1828 3544; x_wconf 86' lang='lat' dir='ltr'><strong>patris</strong></span> <span class='ocrx_word' id='word_1_507' title='bbox 1879 3474 2048 3529; x_wconf 75' lang='lat' dir='ltr'><strong>illium</strong></span> 
     </span>
    </p>
   </div>
   <div class='ocr_carea' id='block_1_68' title="bbox 2161 3470 3751 3551">
    <p class='ocr_par' dir='ltr' id='par_1_68' title="bbox 2161 3474 3751 3551">
     <span class='ocr_line' id='line_1_68' title="bbox 2161 3474 3751 3551; baseline -0.004 -18"><span class='ocrx_word' id='word_1_508' title='bbox 2161 3480 2340 3551; x_wconf 79' lang='grc' dir='ltr'>φύλων</span> <span class='ocrx_word' id='word_1_509' title='bbox 2373 3480 2541 3535; x_wconf 81' lang='grc' dir='ltr'>ἐθνῶν</span> <span class='ocrx_word' id='word_1_510' title='bbox 2565 3481 2653 3535; x_wconf 80' lang='grc' dir='ltr'>διὰ</span> <span class='ocrx_word' id='word_1_511' title='bbox 2669 3479 2776 3534; x_wconf 88' lang='grc' dir='ltr'><strong>τῶν</strong></span> <span class='ocrx_word' id='word_1_512' title='bbox 2795 3479 3039 3533; x_wconf 82' lang='grc' dir='ltr'>τελωνῶν</span> <span class='ocrx_word' id='word_1_513' title='bbox 3072 3477 3417 3549; x_wconf 79' lang='grc' dir='ltr'>δηλούμενον,</span> <span class='ocrx_word' id='word_1_514' title='bbox 3452 3477 3617 3545; x_wconf 76' lang='grc' dir='ltr'>ἄμφω</span> <span class='ocrx_word' id='word_1_515' title='bbox 3642 3474 3751 3527; x_wconf 70' lang='grc' dir='ltr'><strong>δύο</strong></span> 
     </span>
    </p>
   </div>
   <div class='ocr_carea' id='block_1_69' title="bbox 477 3561 2049 3644">
    <p class='ocr_par' dir='ltr' id='par_1_69' title="bbox 477 3561 2049 3632">
     <span class='ocr_line' id='line_1_69' title="bbox 477 3561 2049 3632; baseline 0.004 -20"><span class='ocrx_word' id='word_1_516' title='bbox 477 3561 788 3629; x_wconf 74' lang='lat' dir='ltr'><strong>appellavit,</strong></span> <span class='ocrx_word' id='word_1_517' title='bbox 816 3563 943 3632; x_wconf 86' lang='lat' dir='ltr'><strong>quia</strong></span> <span class='ocrx_word' id='word_1_518' title='bbox 978 3576 1045 3615; x_wconf 79' lang='lat' dir='ltr'><strong>ex</strong></span> <span class='ocrx_word' id='word_1_519' title='bbox 1079 3578 1189 3617; x_wconf 93' lang='lat' dir='ltr'><strong>uno</strong></span> <span class='ocrx_word' id='word_1_520' title='bbox 1225 3565 1331 3626; x_wconf 84' lang='lat' dir='ltr'><strong>Deo</strong></span> <span class='ocrx_word' id='word_1_521' title='bbox 1366 3579 1581 3629; x_wconf 75' lang='lat' dir='ltr'><strong>ouiues,</strong></span> <span class='ocrx_word' id='word_1_522' title='bbox 1603 3564 1771 3619; x_wconf 62' lang='lat' dir='ltr'><strong>Judaei</strong></span> <span class='ocrx_word' id='word_1_523' title='bbox 1806 3564 1962 3619; x_wconf 85' lang='lat' dir='ltr'><strong>simul</strong></span> <span class='ocrx_word' id='word_1_524' title='bbox 1998 3575 2049 3618; x_wconf 88' lang='lat' dir='ltr'><strong>et</strong></span> 
     </span>
    </p>
   </div>
   <div class='ocr_carea' id='block_1_70' title="bbox 2161 3561 3742 3644">
    <p class='ocr_par' dir='ltr' id='par_1_70' title="bbox 2161 3566 3742 3644">
     <span class='ocr_line' id='line_1_70' title="bbox 2161 3566 3742 3644; baseline -0.006 -16"><span class='ocrx_word' id='word_1_525' title='bbox 2161 3575 2318 3628; x_wconf 80' lang='grc' dir='ltr'>τέκνα</span> <span class='ocrx_word' id='word_1_526' title='bbox 2352 3574 2469 3637; x_wconf 78' lang='grc' dir='ltr'>ἐνὸς</span> <span class='ocrx_word' id='word_1_527' title='bbox 2498 3571 2705 3644; x_wconf 84' lang='grc' dir='ltr'>πατρὸς</span> <span class='ocrx_word' id='word_1_528' title='bbox 2731 3569 3033 3642; x_wconf 76' lang='grc' dir='ltr'>ὠνόμαζεν,</span> <span class='ocrx_word' id='word_1_529' title='bbox 3060 3570 3182 3622; x_wconf 76' lang='grc' dir='ltr'>ἐπεὶ</span> <span class='ocrx_word' id='word_1_530' title='bbox 3212 3567 3269 3633; x_wconf 76' lang='grc' dir='ltr'><strong>ἐξ</strong></span> <span class='ocrx_word' id='word_1_531' title='bbox 3298 3569 3413 3631; x_wconf 80' lang='grc' dir='ltr'>ἑνὸς</span> <span class='ocrx_word' id='word_1_532' title='bbox 3441 3566 3573 3619; x_wconf 90' lang='grc' dir='ltr'>Θεοῦ</span> <span class='ocrx_word' id='word_1_533' title='bbox 3600 3567 3742 3623; x_wconf 70' lang='grc' dir='ltr'>πάν-</span> 
     </span>
    </p>
   </div>
   <div class='ocr_carea' id='block_1_71' title="bbox 474 3650 2049 3734">
    <p class='ocr_par' dir='ltr' id='par_1_71' title="bbox 474 3650 2049 3722">
     <span class='ocr_line' id='line_1_71' title="bbox 474 3650 2049 3722; baseline 0.004 -19"><span class='ocrx_word' id='word_1_534' title='bbox 474 3650 698 3705; x_wconf 77' lang='lat' dir='ltr'><strong>eihnici.</strong></span> <span class='ocrx_word' id='word_1_535' title='bbox 748 3650 814 3705; x_wconf 80' lang='lat' dir='ltr'><strong>Et</strong></span> <span class='ocrx_word' id='word_1_536' title='bbox 858 3651 1067 3721; x_wconf 86' lang='lat' dir='ltr'><strong>priores</strong></span> <span class='ocrx_word' id='word_1_537' title='bbox 1125 3652 1340 3722; x_wconf 86' lang='lat' dir='ltr'><strong>quidem</strong></span> <span class='ocrx_word' id='word_1_538' title='bbox 1399 3657 1614 3709; x_wconf 75' lang='lat' dir='ltr'><strong>vocarit</strong></span> <span class='ocrx_word' id='word_1_539' title='bbox 1662 3655 1931 3720; x_wconf 84' lang='lat' dir='ltr'><strong>ethnicos,</strong></span> <span class='ocrx_word' id='word_1_540' title='bbox 1965 3671 2049 3710; x_wconf 86' lang='lat' dir='ltr'><strong>se-</strong></span> 
     </span>
    </p>
   </div>
   <div class='ocr_carea' id='block_1_72' title="bbox 2161 3650 3741 3734">
    <p class='ocr_par' dir='ltr' id='par_1_72' title="bbox 2161 3659 3741 3734">
     <span class='ocr_line' id='line_1_72' title="bbox 2161 3659 3741 3734; baseline -0.004 -16"><span class='ocrx_word' id='word_1_541' title='bbox 2161 3683 2269 3729; x_wconf 88' lang='grc' dir='ltr'>τες,</span> <span class='ocrx_word' id='word_1_542' title='bbox 2312 3665 2552 3719; x_wconf 86' lang='grc' dir='ltr'>Ἰουδαῖοί</span> <span class='ocrx_word' id='word_1_543' title='bbox 2593 3682 2652 3718; x_wconf 88' lang='grc' dir='ltr'><strong>τε</strong></span> <span class='ocrx_word' id='word_1_544' title='bbox 2702 3664 2797 3719; x_wconf 63' lang='grc' dir='ltr'><strong>καὶ¹</strong></span> <span class='ocrx_word' id='word_1_545' title='bbox 2842 3662 3121 3734; x_wconf 82' lang='grc' dir='ltr'>Ἕλληνες.</span> <span class='ocrx_word' id='word_1_546' title='bbox 3174 3663 3285 3715; x_wconf 79' lang='grc' dir='ltr'>Καὶ</span> <span class='ocrx_word' id='word_1_547' title='bbox 3342 3659 3587 3732; x_wconf 82' lang='grc' dir='ltr'>πρώτους</span> <span class='ocrx_word' id='word_1_548' title='bbox 3637 3659 3741 3728; x_wconf 81' lang='grc' dir='ltr'>μὲν</span> 
     </span>
    </p>
   </div>
   <div class='ocr_carea' id='block_1_73' title="bbox 475 3738 2049 3826">
    <p class='ocr_par' dir='ltr' id='par_1_73' title="bbox 475 3738 2049 3813">
     <span class='ocr_line' id='line_1_73' title="bbox 475 3738 2049 3813; baseline 0.006 -22"><span class='ocrx_word' id='word_1_549' title='bbox 475 3740 654 3792; x_wconf 76' lang='lat' dir='ltr'><strong>eundo</strong></span> <span class='ocrx_word' id='word_1_550' title='bbox 710 3738 831 3795; x_wconf 91' lang='lat' dir='ltr'><strong>loco</strong></span> <span class='ocrx_word' id='word_1_551' title='bbox 886 3742 1277 3809; x_wconf 88' lang='lat' dir='ltr'><strong>circumcisos;</strong></span> <span class='ocrx_word' id='word_1_552' title='bbox 1336 3758 1570 3813; x_wconf 86' lang='lat' dir='ltr'><strong>namque</strong></span> <span class='ocrx_word' id='word_1_553' title='bbox 1629 3754 1756 3799; x_wconf 90' lang='lat' dir='ltr'><strong>ante</strong></span> <span class='ocrx_word' id='word_1_554' title='bbox 1804 3744 2049 3800; x_wconf 83' lang='lat' dir='ltr'><strong>lsraelem</strong></span> 
     </span>
    </p>
   </div>
   <div class='ocr_carea' id='block_1_74' title="bbox 2161 3738 3741 3826">
    <p class='ocr_par' dir='ltr' id='par_1_74' title="bbox 2161 3751 3741 3826">
     <span class='ocr_line' id='line_1_74' title="bbox 2161 3751 3741 3826; baseline -0.005 -15"><span class='ocrx_word' id='word_1_555' title='bbox 2161 3757 2386 3811; x_wconf 71' lang='grc' dir='ltr'>ἐκάλεσε</span> <span class='ocrx_word' id='word_1_556' title='bbox 2412 3757 2537 3820; x_wconf 82' lang='grc' dir='ltr'>τοὺς</span> <span class='ocrx_word' id='word_1_557' title='bbox 2564 3756 2621 3822; x_wconf 78' lang='grc' dir='ltr'><strong>ἐξ</strong></span> <span class='ocrx_word' id='word_1_558' title='bbox 2659 3754 2847 3822; x_wconf 73' lang='grc' dir='ltr'>ἐθνῶν,</span> <span class='ocrx_word' id='word_1_559' title='bbox 2880 3754 3165 3826; x_wconf 83' lang='grc' dir='ltr'>δευτέρους</span> <span class='ocrx_word' id='word_1_560' title='bbox 3191 3751 3247 3805; x_wconf 85' lang='grc' dir='ltr'>δὲ</span> <span class='ocrx_word' id='word_1_561' title='bbox 3278 3751 3404 3815; x_wconf 73' lang='grc' dir='ltr'>τοὺς</span> <span class='ocrx_word' id='word_1_562' title='bbox 3437 3753 3499 3803; x_wconf 80' lang='grc' dir='ltr'>ὲκ</span> <span class='ocrx_word' id='word_1_563' title='bbox 3522 3766 3741 3821; x_wconf 85' lang='grc' dir='ltr'>περιτο-</span> 
     </span>
    </p>
   </div>
   <div class='ocr_carea' id='block_1_75' title="bbox 478 3834 2056 3904">
    <p class='ocr_par' dir='ltr' id='par_1_75' title="bbox 478 3834 2056 3904">
     <span class='ocr_line' id='line_1_75' title="bbox 478 3834 2056 3904; baseline 0.005 -22"><span class='ocrx_word' id='word_1_564' title='bbox 478 3840 669 3899; x_wconf 71' lang='lat' dir='ltr'><strong>gentes</strong></span> <span class='ocrx_word' id='word_1_565' title='bbox 697 3840 887 3899; x_wconf 87' lang='lat' dir='ltr'><strong>erant;</strong></span> <span class='ocrx_word' id='word_1_566' title='bbox 920 3834 1280 3902; x_wconf 78' lang='lat' dir='ltr'><strong>gentibusque</strong></span> <span class='ocrx_word' id='word_1_567' title='bbox 1311 3836 1569 3904; x_wconf 87' lang='lat' dir='ltr'><strong>primum,</strong></span> <span class='ocrx_word' id='word_1_568' title='bbox 1598 3837 1817 3891; x_wconf 88' lang='lat' dir='ltr'><strong>nomine</strong></span> <span class='ocrx_word' id='word_1_569' title='bbox 1844 3837 2056 3891; x_wconf 85' lang='lat' dir='ltr'><strong>Israeli-</strong></span> 
     </span>
    </p>
   </div>
   <div class='ocr_carea' id='block_1_76' title="bbox 481 3924 2059 3991">
    <p class='ocr_par' dir='ltr' id='par_1_76' title="bbox 481 3924 2059 3991">
     <span class='ocr_line' id='line_1_76' title="bbox 481 3924 2059 3991; baseline 0.006 -17"><span class='ocrx_word' id='word_1_570' title='bbox 481 3925 589 3978; x_wconf 86' lang='lat' dir='ltr'><strong>tico</strong></span> <span class='ocrx_word' id='word_1_571' title='bbox 606 3924 838 3979; x_wconf 91' lang='lat' dir='ltr'><strong>nondum</strong></span> <span class='ocrx_word' id='word_1_572' title='bbox 868 3927 1185 3991; x_wconf 76' lang='lat' dir='ltr'><strong>exsistente,</strong></span> <span class='ocrx_word' id='word_1_573' title='bbox 1217 3928 1430 3982; x_wconf 87' lang='lat' dir='ltr'><strong>oracula</strong></span> <span class='ocrx_word' id='word_1_574' title='bbox 1463 3928 1553 3982; x_wconf 89' lang='lat' dir='ltr'><strong>Dei</strong></span> <span class='ocrx_word' id='word_1_575' title='bbox 1586 3940 1642 3983; x_wconf 89' lang='lat' dir='ltr'><strong>et</strong></span> <span class='ocrx_word' id='word_1_576' title='bbox 1672 3930 2059 3984; x_wconf 81' lang='lat' dir='ltr'><strong>manilestatio-</strong></span> 
     </span>
    </p>
   </div>
   <div class='ocr_carea' id='block_1_77' title="bbox 481 4015 2055 4089">
    <p class='ocr_par' dir='ltr' id='par_1_77' title="bbox 481 4015 2055 4089">
     <span class='ocr_line' id='line_1_77' title="bbox 481 4015 2055 4089; baseline 0.005 -22"><span class='ocrx_word' id='word_1_577' title='bbox 481 4029 579 4067; x_wconf 86' lang='lat' dir='ltr'><strong>ucs</strong></span> <span class='ocrx_word' id='word_1_578' title='bbox 610 4026 933 4069; x_wconf 80' lang='lat' dir='ltr'><strong>evenerunt.</strong></span> <span class='ocrx_word' id='word_1_579' title='bbox 972 4015 1105 4071; x_wconf 83' lang='lat' dir='ltr'><strong>Nam</strong></span> <span class='ocrx_word' id='word_1_580' title='bbox 1154 4028 1209 4071; x_wconf 89' lang='lat' dir='ltr'><strong>et</strong></span> <span class='ocrx_word' id='word_1_581' title='bbox 1240 4016 1509 4083; x_wconf 84' lang='lat' dir='ltr'><strong>Euochus,</strong></span> <span class='ocrx_word' id='word_1_582' title='bbox 1557 4034 1867 4089; x_wconf 85' lang='lat' dir='ltr'><strong>quanquam</strong></span> <span class='ocrx_word' id='word_1_583' title='bbox 1911 4032 2055 4075; x_wconf 86' lang='lat' dir='ltr'><strong>esset</strong></span> 
     </span>
    </p>
   </div>
   <div class='ocr_carea' id='block_1_78' title="bbox 480 4108 2055 4184">
    <p class='ocr_par' dir='ltr' id='par_1_78' title="bbox 480 4108 2055 4184">
     <span class='ocr_line' id='line_1_78' title="bbox 480 4108 2055 4184; baseline 0.007 -24"><span class='ocrx_word' id='word_1_584' title='bbox 480 4108 698 4177; x_wconf 75' lang='lat' dir='ltr'><strong>gentilis</strong></span> <span class='ocrx_word' id='word_1_585' title='bbox 725 4125 778 4164; x_wconf 89' lang='lat' dir='ltr'><strong>et</strong></span> <span class='ocrx_word' id='word_1_586' title='bbox 799 4108 1235 4176; x_wconf 88' lang='lat' dir='ltr'><strong>incircumcisus.</strong></span> <span class='ocrx_word' id='word_1_587' title='bbox 1272 4115 1553 4182; x_wconf 68' lang='lat' dir='ltr'><strong>praemium</strong></span> <span class='ocrx_word' id='word_1_588' title='bbox 1582 4130 1693 4168; x_wconf 75' lang='lat' dir='ltr'><strong>sua:</strong></span> <span class='ocrx_word' id='word_1_589' title='bbox 1717 4116 1857 4184; x_wconf 87' lang='lat' dir='ltr'><strong>apud</strong></span> <span class='ocrx_word' id='word_1_590' title='bbox 1891 4116 2055 4172; x_wconf 88' lang='lat' dir='ltr'><strong>Demu</strong></span> 
     </span>
    </p>
   </div>
   <div class='ocr_carea' id='block_1_79' title="bbox 479 4202 2060 4265">
    <p class='ocr_par' dir='ltr' id='par_1_79' title="bbox 479 4202 2060 4265">
     <span class='ocr_line' id='line_1_79' title="bbox 479 4202 2060 4265; baseline 0.008 -14"><span class='ocrx_word' id='word_1_591' title='bbox 479 4202 668 4265; x_wconf 66' lang='lat' dir='ltr'><strong>gratia:</strong></span> <span class='ocrx_word' id='word_1_592' title='bbox 737 4204 919 4257; x_wconf 88' lang='lat' dir='ltr'><strong>retulit</strong></span> <span class='ocrx_word' id='word_1_593' title='bbox 986 4204 1394 4260; x_wconf 85' lang='lat' dir='ltr'><strong>translationem</strong></span> <span class='ocrx_word' id='word_1_594' title='bbox 1455 4221 1524 4260; x_wconf 80' lang='lat' dir='ltr'><strong>ex</strong></span> <span class='ocrx_word' id='word_1_595' title='bbox 1594 4207 1924 4262; x_wconf 86' lang='lat' dir='ltr'><strong>hominibus.</strong></span> <span class='ocrx_word' id='word_1_596' title='bbox 1993 4209 2060 4263; x_wconf 84' lang='lat' dir='ltr'><strong>Et</strong></span> 
     </span>
    </p>
   </div>
   <div class='ocr_carea' id='block_1_80' title="bbox 480 4290 2061 4367">
    <p class='ocr_par' dir='ltr' id='par_1_80' title="bbox 480 4290 2061 4367">
     <span class='ocr_line' id='line_1_80' title="bbox 480 4290 2061 4367; baseline 0.007 -22"><span class='ocrx_word' id='word_1_597' title='bbox 480 4290 594 4347; x_wconf 84' lang='lat' dir='ltr'><strong>Noe</strong></span> <span class='ocrx_word' id='word_1_598' title='bbox 643 4295 766 4362; x_wconf 85' lang='lat' dir='ltr'><strong>quia</strong></span> <span class='ocrx_word' id='word_1_599' title='bbox 819 4295 999 4363; x_wconf 89' lang='lat' dir='ltr'><strong>justus</strong></span> <span class='ocrx_word' id='word_1_600' title='bbox 1036 4297 1093 4350; x_wconf 90' lang='lat' dir='ltr'><strong>in</strong></span> <span class='ocrx_word' id='word_1_601' title='bbox 1133 4312 1233 4351; x_wconf 91' lang='lat' dir='ltr'><strong>sua</strong></span> <span class='ocrx_word' id='word_1_602' title='bbox 1295 4299 1645 4367; x_wconf 84' lang='lat' dir='ltr'><strong>generatione</strong></span> <span class='ocrx_word' id='word_1_603' title='bbox 1685 4308 1822 4361; x_wconf 88' lang='lat' dir='ltr'><strong>erat,</strong></span> <span class='ocrx_word' id='word_1_604' title='bbox 1865 4302 2061 4356; x_wconf 84' lang='lat' dir='ltr'><strong>divinis</strong></span> 
     </span>
    </p>
   </div>
   <div class='ocr_carea' id='block_1_81' title="bbox 480 4383 2061 4463">
    <p class='ocr_par' dir='ltr' id='par_1_81' title="bbox 480 4383 2061 4463">
     <span class='ocr_line' id='line_1_81' title="bbox 480 4383 2061 4463; baseline 0.006 -27"><span class='ocrx_word' id='word_1_605' title='bbox 480 4383 729 4453; x_wconf 81' lang='lat' dir='ltr'><strong>alloquiis</strong></span> <span class='ocrx_word' id='word_1_606' title='bbox 796 4389 989 4457; x_wconf 71' lang='lat' dir='ltr'><strong>(ligatis</strong></span> <span class='ocrx_word' id='word_1_607' title='bbox 1076 4387 1206 4453; x_wconf 80' lang='lat' dir='ltr'><strong>fuit,</strong></span> <span class='ocrx_word' id='word_1_608' title='bbox 1284 4405 1594 4457; x_wconf 86' lang='lat' dir='ltr'><strong>quanquam</strong></span> <span class='ocrx_word' id='word_1_609' title='bbox 1661 4388 1776 4459; x_wconf 90' lang='lat' dir='ltr'><strong>ipse</strong></span> <span class='ocrx_word' id='word_1_610' title='bbox 1845 4407 2061 4463; x_wconf 86' lang='lat' dir='ltr'><strong>quoque</strong></span> 
     </span>
    </p>
   </div>
   <div class='ocr_carea' id='block_1_82' title="bbox 484 4477 2056 4550">
    <p class='ocr_par' dir='ltr' id='par_1_82' title="bbox 484 4477 2056 4550">
     <span class='ocr_line' id='line_1_82' title="bbox 484 4477 2056 4550; baseline 0.006 -22"><span class='ocrx_word' id='word_1_611' title='bbox 484 4477 917 4534; x_wconf 78' lang='lat' dir='ltr'><strong>incircizmeisus.</strong></span> <span class='ocrx_word' id='word_1_612' title='bbox 948 4480 1346 4534; x_wconf 81' lang='lat' dir='ltr'><strong>Melchisedech</strong></span> <span class='ocrx_word' id='word_1_613' title='bbox 1377 4480 1576 4550; x_wconf 87' lang='lat' dir='ltr'><strong>populo</strong></span> <span class='ocrx_word' id='word_1_614' title='bbox 1602 4481 1932 4537; x_wconf 87' lang='lat' dir='ltr'><strong>circumciso</strong></span> <span class='ocrx_word' id='word_1_615' title='bbox 1955 4501 2056 4537; x_wconf 86' lang='lat' dir='ltr'><strong>au-</strong></span> 
     </span>
    </p>
   </div>
   <div class='ocr_carea' id='block_1_83' title="bbox 485 4569 2059 4637">
    <p class='ocr_par' dir='ltr' id='par_1_83' title="bbox 485 4569 2059 4637">
     <span class='ocr_line' id='line_1_83' title="bbox 485 4569 2059 4637; baseline 0.005 -17"><span class='ocrx_word' id='word_1_616' title='bbox 485 4569 706 4637; x_wconf 87' lang='lat' dir='ltr'><strong>tiquior,</strong></span> <span class='ocrx_word' id='word_1_617' title='bbox 761 4572 1014 4626; x_wconf 87' lang='lat' dir='ltr'><strong>sacerdos</strong></span> <span class='ocrx_word' id='word_1_618' title='bbox 1076 4570 1170 4626; x_wconf 87' lang='lat' dir='ltr'><strong>Dei</strong></span> <span class='ocrx_word' id='word_1_619' title='bbox 1219 4572 1469 4626; x_wconf 83' lang='lat' dir='ltr'><strong>altissimi</strong></span> <span class='ocrx_word' id='word_1_620' title='bbox 1532 4575 1760 4627; x_wconf 75' lang='lat' dir='ltr'><strong>exstitit.</strong></span> <span class='ocrx_word' id='word_1_621' title='bbox 1811 4574 2059 4629; x_wconf 83' lang='lat' dir='ltr'><strong>Abraha-</strong></span> 
     </span>
    </p>
   </div>
   <div class='ocr_carea' id='block_1_84' title="bbox 470 4659 2063 4733">
    <p class='ocr_par' dir='ltr' id='par_1_84' title="bbox 470 4659 2063 4733">
     <span class='ocr_line' id='line_1_84' title="bbox 470 4659 2063 4733; baseline 0.003 -20"><span class='ocrx_word' id='word_1_622' title='bbox 470 4676 606 4731; x_wconf 69' lang='grc' dir='ltr'><strong>⁸ιιιιιε</strong></span> <span class='ocrx_word' id='word_1_623' title='bbox 655 4677 787 4714; x_wconf 84' lang='lat' dir='ltr'><strong>vero</strong></span> <span class='ocrx_word' id='word_1_624' title='bbox 840 4670 895 4715; x_wconf 93' lang='lat' dir='ltr'><strong>et</strong></span> <span class='ocrx_word' id='word_1_625' title='bbox 926 4659 1141 4715; x_wconf 85' lang='lat' dir='ltr'><strong>lsaacus</strong></span> <span class='ocrx_word' id='word_1_626' title='bbox 1210 4674 1373 4731; x_wconf 83' lang='lat' dir='ltr'><strong>atque</strong></span> <span class='ocrx_word' id='word_1_627' title='bbox 1436 4662 1702 4730; x_wconf 80' lang='lat' dir='ltr'><strong>Jacohus,</strong></span> <span class='ocrx_word' id='word_1_628' title='bbox 1781 4676 1906 4719; x_wconf 87' lang='lat' dir='ltr'><strong>ante</strong></span> <span class='ocrx_word' id='word_1_629' title='bbox 1968 4681 2063 4733; x_wconf 79' lang='lat' dir='ltr'><strong>po-</strong></span> 
     </span>
    </p>
   </div>
   <div class='ocr_carea' id='block_1_85' title="bbox 2163 3842 3741 3920">
    <p class='ocr_par' dir='ltr' id='par_1_85' title="bbox 2163 3842 3741 3920">
     <span class='ocr_line' id='line_1_85' title="bbox 2163 3842 3741 3920; baseline -0.006 -16"><span class='ocrx_word' id='word_1_630' title='bbox 2163 3852 2303 3920; x_wconf 79' lang='grc' dir='ltr'><strong>μῆς’</strong></span> <span class='ocrx_word' id='word_1_631' title='bbox 2356 3848 2541 3920; x_wconf 81' lang='grc' dir='ltr'>ἐπειδὴ</span> <span class='ocrx_word' id='word_1_632' title='bbox 2573 3848 2678 3919; x_wconf 80' lang='grc' dir='ltr'><strong>πρὸ</strong></span> <span class='ocrx_word' id='word_1_633' title='bbox 2715 3846 2809 3901; x_wconf 89' lang='grc' dir='ltr'><strong>τοῦ</strong></span> <span class='ocrx_word' id='word_1_634' title='bbox 2855 3844 3068 3917; x_wconf 82' lang='grc' dir='ltr'>Ἰσραὴλ</span> <span class='ocrx_word' id='word_1_635' title='bbox 3105 3846 3315 3917; x_wconf 81' lang='grc' dir='ltr'>ὑπῆρχε</span> <span class='ocrx_word' id='word_1_636' title='bbox 3352 3842 3422 3897; x_wconf 73' lang='grc' dir='ltr'>τὰ</span> <span class='ocrx_word' id='word_1_637' title='bbox 3453 3842 3600 3913; x_wconf 78' lang='grc' dir='ltr'>ἔθνη,</span> <span class='ocrx_word' id='word_1_638' title='bbox 3643 3843 3741 3895; x_wconf 69' lang='grc' dir='ltr'><strong>καὶ</strong></span> 
     </span>
    </p>
   </div>
   <div class='ocr_carea' id='block_1_86' title="bbox 2160 3933 3740 4013">
    <p class='ocr_par' dir='ltr' id='par_1_86' title="bbox 2160 3933 3740 4013">
     <span class='ocr_line' id='line_1_86' title="bbox 2160 3933 3740 4013; baseline -0.007 -19"><span class='ocrx_word' id='word_1_639' title='bbox 2160 3944 2271 4004; x_wconf 87' lang='grc' dir='ltr'>τοῖς</span> <span class='ocrx_word' id='word_1_640' title='bbox 2314 3940 2490 3993; x_wconf 76' lang='grc' dir='ltr'>ἔθνεσι</span> <span class='ocrx_word' id='word_1_641' title='bbox 2538 3939 2795 4013; x_wconf 85' lang='grc' dir='ltr'>πρώτοις,</span> <span class='ocrx_word' id='word_1_642' title='bbox 2842 3938 3008 4009; x_wconf 83' lang='grc' dir='ltr'>μήπω</span> <span class='ocrx_word' id='word_1_643' title='bbox 3043 3936 3174 4008; x_wconf 87' lang='grc' dir='ltr'>μηδὲ</span> <span class='ocrx_word' id='word_1_644' title='bbox 3205 3935 3466 4007; x_wconf 80' lang='grc' dir='ltr'>ὀνόματος</span> <span class='ocrx_word' id='word_1_645' title='bbox 3492 3933 3641 3997; x_wconf 77' lang='grc' dir='ltr'>ὄντος</span> <span class='ocrx_word' id='word_1_646' title='bbox 3680 3934 3740 3985; x_wconf 80' lang='grc' dir='ltr'>ὲν</span> 
     </span>
    </p>
   </div>
   <div class='ocr_carea' id='block_1_87' title="bbox 2160 4022 3742 4103">
    <p class='ocr_par' dir='ltr' id='par_1_87' title="bbox 2160 4022 3742 4103">
     <span class='ocr_line' id='line_1_87' title="bbox 2160 4022 3742 4103; baseline -0.007 -17"><span class='ocrx_word' id='word_1_647' title='bbox 2160 4032 2467 4103; x_wconf 83' lang='grc' dir='ltr'>ἀνθρώποις</span> <span class='ocrx_word' id='word_1_648' title='bbox 2513 4029 2926 4102; x_wconf 82' lang='grc' dir='ltr'>Ἰσραηλιτικοῦ,</span> <span class='ocrx_word' id='word_1_649' title='bbox 2960 4030 3009 4081; x_wconf 81' lang='lat' dir='ltr'><strong>oi.</strong></span> <span class='ocrx_word' id='word_1_650' title='bbox 3035 4027 3271 4100; x_wconf 77' lang='grc' dir='ltr'>χρησμοὶ</span> <span class='ocrx_word' id='word_1_651' title='bbox 3301 4026 3619 4097; x_wconf 85' lang='grc' dir='ltr'>παρείχοντο</span> <span class='ocrx_word' id='word_1_652' title='bbox 3641 4022 3742 4076; x_wconf 83' lang='grc' dir='ltr'><strong>τοῦ</strong></span> 
     </span>
    </p>
   </div>
   <div class='ocr_carea' id='block_1_88' title="bbox 2161 4110 3741 4191">
    <p class='ocr_par' dir='ltr' id='par_1_88' title="bbox 2161 4110 3741 4191">
     <span class='ocr_line' id='line_1_88' title="bbox 2161 4110 3741 4191; baseline -0.006 -15"><span class='ocrx_word' id='word_1_653' title='bbox 2161 4122 2294 4176; x_wconf 80' lang='grc' dir='ltr'>Θεοῦ</span> <span class='ocrx_word' id='word_1_654' title='bbox 2321 4124 2414 4176; x_wconf 73' lang='grc' dir='ltr'>καὶ</span> <span class='ocrx_word' id='word_1_655' title='bbox 2441 4125 2496 4175; x_wconf 78' lang='lat' dir='ltr'><strong>ai</strong></span> <span class='ocrx_word' id='word_1_656' title='bbox 2530 4122 2855 4191; x_wconf 77' lang='grc' dir='ltr'>θεοφάνειαι.</span> <span class='ocrx_word' id='word_1_657' title='bbox 2890 4122 2956 4173; x_wconf 85' lang='grc' dir='ltr'>Ὅ</span> <span class='ocrx_word' id='word_1_658' title='bbox 2984 4136 3043 4173; x_wconf 88' lang='grc' dir='ltr'><strong>τε</strong></span> <span class='ocrx_word' id='word_1_659' title='bbox 3072 4120 3179 4190; x_wconf 83' lang='grc' dir='ltr'>γὰρ</span> <span class='ocrx_word' id='word_1_660' title='bbox 3224 4118 3391 4188; x_wconf 83' lang='grc' dir='ltr'>Ἑνὼχ</span> <span class='ocrx_word' id='word_1_661' title='bbox 3437 4115 3645 4178; x_wconf 70' lang='grc' dir='ltr'>ἐθνικὸς</span> <span class='ocrx_word' id='word_1_662' title='bbox 3670 4110 3741 4185; x_wconf 76' lang='grc' dir='ltr'>ἦν</span> 
     </span>
    </p>
   </div>
   <div class='ocr_carea' id='block_1_89' title="bbox 2162 4209 3742 4287">
    <p class='ocr_par' dir='ltr' id='par_1_89' title="bbox 2162 4209 3742 4287">
     <span class='ocr_line' id='line_1_89' title="bbox 2162 4209 3742 4287; baseline -0.008 -16"><span class='ocrx_word' id='word_1_663' title='bbox 2162 4216 2530 4287; x_wconf 84' lang='grc' dir='ltr'>ἀπερίτμητος</span> <span class='ocrx_word' id='word_1_664' title='bbox 2551 4214 2645 4277; x_wconf 83' lang='grc' dir='ltr'>ὣν,</span> <span class='ocrx_word' id='word_1_665' title='bbox 2671 4214 2728 4278; x_wconf 86' lang='grc' dir='ltr'>ὂς</span> <span class='ocrx_word' id='word_1_666' title='bbox 2754 4213 2978 4268; x_wconf 75' lang='grc' dir='ltr'>ἔπαθλον</span> <span class='ocrx_word' id='word_1_667' title='bbox 3001 4212 3186 4281; x_wconf 71' lang='grc' dir='ltr'>εἴληφε</span> <span class='ocrx_word' id='word_1_668' title='bbox 3208 4210 3308 4280; x_wconf 84' lang='grc' dir='ltr'>τῆς</span> <span class='ocrx_word' id='word_1_669' title='bbox 3331 4209 3742 4280; x_wconf 80' lang='grc' dir='ltr'>εὐαρεστήσεως</span> 
     </span>
    </p>
   </div>
   <div class='ocr_carea' id='block_1_90' title="bbox 2160 4302 3742 4380">
    <p class='ocr_par' dir='ltr' id='par_1_90' title="bbox 2160 4302 3742 4380">
     <span class='ocr_line' id='line_1_90' title="bbox 2160 4302 3742 4380; baseline -0.023 0"><span class='ocrx_word' id='word_1_670' title='bbox 2160 4308 2258 4380; x_wconf 70' lang='grc' dir='ltr'><strong>τὴν</strong></span> <span class='ocrx_word' id='word_1_671' title='bbox 2293 4308 2350 4374; x_wconf 64' lang='grc' dir='ltr'><strong>ἐξ</strong></span> <span class='ocrx_word' id='word_1_672' title='bbox 2379 4306 2681 4379; x_wconf 82' lang='grc' dir='ltr'>ἀνθρώπων</span> <span class='ocrx_word' id='word_1_673' title='bbox 2721 4306 3033 4377; x_wconf 82' lang='grc' dir='ltr'>μετάθεσιν·</span> <span class='ocrx_word' id='word_1_674' title='bbox 3072 4307 3165 4358; x_wconf 79' lang='grc' dir='ltr'><strong>καὶ</strong></span> <span class='ocrx_word' id='word_1_675' title='bbox 3191 4304 3312 4356; x_wconf 85' lang='grc' dir='ltr'>Νῶε</span> <span class='ocrx_word' id='word_1_676' title='bbox 3340 4302 3543 4365; x_wconf 85' lang='grc' dir='ltr'>δίκαιος</span> <span class='ocrx_word' id='word_1_677' title='bbox 3577 4303 3633 4354; x_wconf 78' lang='grc' dir='ltr'>ἐν</span> <span class='ocrx_word' id='word_1_678' title='bbox 3671 4303 3742 4371; x_wconf 72' lang='grc' dir='ltr'>τῇ</span> 
     </span>
    </p>
   </div>
   <div class='ocr_carea' id='block_1_91' title="bbox 2161 4391 3747 4471">
    <p class='ocr_par' dir='ltr' id='par_1_91' title="bbox 2161 4391 3747 4471">
     <span class='ocr_line' id='line_1_91' title="bbox 2161 4391 3747 4471; baseline -0.006 -18"><span class='ocrx_word' id='word_1_679' title='bbox 2161 4403 2324 4471; x_wconf 83' lang='grc' dir='ltr'>γενεᾷ</span> <span class='ocrx_word' id='word_1_680' title='bbox 2365 4398 2527 4453; x_wconf 78' lang='grc' dir='ltr'>αὑτοῦ</span> <span class='ocrx_word' id='word_1_681' title='bbox 2581 4398 2837 4469; x_wconf 87' lang='grc' dir='ltr'>γεγονὼς,</span> <span class='ocrx_word' id='word_1_682' title='bbox 2901 4397 3162 4470; x_wconf 82' lang='grc' dir='ltr'>χρησμῶν</span> <span class='ocrx_word' id='word_1_683' title='bbox 3218 4394 3351 4448; x_wconf 88' lang='grc' dir='ltr'>Θεοῦ</span> <span class='ocrx_word' id='word_1_684' title='bbox 3405 4391 3747 4464; x_wconf 70' lang='grc' dir='ltr'>κατηξιώθη,</span> 
     </span>
    </p>
   </div>
   <div class='ocr_carea' id='block_1_92' title="bbox 2163 4485 3739 4565">
    <p class='ocr_par' dir='ltr' id='par_1_92' title="bbox 2163 4485 3739 4565">
     <span class='ocr_line' id='line_1_92' title="bbox 2163 4485 3739 4565; baseline -0.007 -17"><span class='ocrx_word' id='word_1_685' title='bbox 2163 4494 2534 4565; x_wconf 87' lang='grc' dir='ltr'>ἀπερίτμητος</span> <span class='ocrx_word' id='word_1_686' title='bbox 2566 4492 2639 4546; x_wconf 82' lang='grc' dir='ltr'>ὢν</span> <span class='ocrx_word' id='word_1_687' title='bbox 2678 4493 2770 4546; x_wconf 73' lang='grc' dir='ltr'><strong>καὶ</strong></span> <span class='ocrx_word' id='word_1_688' title='bbox 2796 4492 2955 4555; x_wconf 76' lang='grc' dir='ltr'>αὑτός</span> <span class='ocrx_word' id='word_1_689' title='bbox 2974 4507 2991 4523; x_wconf 74' lang='grc' dir='ltr'><strong>ο</strong></span> <span class='ocrx_word' id='word_1_690' title='bbox 3026 4490 3116 4543; x_wconf 78' lang='grc' dir='ltr'><strong>καὶ</strong></span> <span class='ocrx_word' id='word_1_691' title='bbox 3144 4485 3476 4557; x_wconf 81' lang='grc' dir='ltr'>Μελχισεδὲκ</span> <span class='ocrx_word' id='word_1_692' title='bbox 3510 4485 3739 4538; x_wconf 79' lang='grc' dir='ltr'>παλαιό-</span> 
     </span>
    </p>
   </div>
   <div class='ocr_carea' id='block_1_93' title="bbox 2160 4575 3739 4658">
    <p class='ocr_par' dir='ltr' id='par_1_93' title="bbox 2160 4575 3739 4658">
     <span class='ocr_line' id='line_1_93' title="bbox 2160 4575 3739 4658; baseline -0.006 -19"><span class='ocrx_word' id='word_1_693' title='bbox 2160 4604 2317 4658; x_wconf 81' lang='grc' dir='ltr'>τερος</span> <span class='ocrx_word' id='word_1_694' title='bbox 2360 4584 2597 4653; x_wconf 84' lang='grc' dir='ltr'>γεγονὼς</span> <span class='ocrx_word' id='word_1_695' title='bbox 2640 4584 2731 4637; x_wconf 85' lang='grc' dir='ltr'><strong>τοῦ</strong></span> <span class='ocrx_word' id='word_1_696' title='bbox 2787 4585 2850 4637; x_wconf 84' lang='grc' dir='ltr'>ὲκ</span> <span class='ocrx_word' id='word_1_697' title='bbox 2893 4581 3193 4654; x_wconf 82' lang='grc' dir='ltr'>περιτομῆς</span> <span class='ocrx_word' id='word_1_698' title='bbox 3234 4580 3386 4640; x_wconf 84' lang='grc' dir='ltr'>λαοῦ,</span> <span class='ocrx_word' id='word_1_699' title='bbox 3428 4578 3604 4650; x_wconf 76' lang='grc' dir='ltr'>ἱερεὺς</span> <span class='ocrx_word' id='word_1_700' title='bbox 3640 4575 3739 4630; x_wconf 86' lang='grc' dir='ltr'><strong>τοῦ</strong></span> 
     </span>
    </p>
   </div>
   <div class='ocr_carea' id='block_1_94' title="bbox 2161 4667 3740 4745">
    <p class='ocr_par' dir='ltr' id='par_1_94' title="bbox 2161 4667 3740 4745">
     <span class='ocr_line' id='line_1_94' title="bbox 2161 4667 3740 4745; baseline -0.007 -16"><span class='ocrx_word' id='word_1_701' title='bbox 2161 4676 2297 4729; x_wconf 87' lang='grc' dir='ltr'>Θεοῦ</span> <span class='ocrx_word' id='word_1_702' title='bbox 2326 4674 2419 4728; x_wconf 89' lang='grc' dir='ltr'><strong>τοῦ</strong></span> <span class='ocrx_word' id='word_1_703' title='bbox 2448 4674 2669 4743; x_wconf 71' lang='grc' dir='ltr'>ὑψίστου</span> <span class='ocrx_word' id='word_1_704' title='bbox 2697 4674 3070 4745; x_wconf 86' lang='grc' dir='ltr'>κεχρημάτικε</span> <span class='ocrx_word' id='word_1_705' title='bbox 3090 4688 3103 4701; x_wconf 87' lang='grc'><strong>·</strong></span> <span class='ocrx_word' id='word_1_706' title='bbox 3142 4674 3234 4724; x_wconf 72' lang='grc' dir='ltr'>καὶ</span> <span class='ocrx_word' id='word_1_707' title='bbox 3277 4668 3522 4742; x_wconf 84' lang='grc' dir='ltr'>’Λϐραὰμ</span> <span class='ocrx_word' id='word_1_708' title='bbox 3557 4667 3614 4720; x_wconf 82' lang='grc' dir='ltr'><strong>δὲ</strong></span> <span class='ocrx_word' id='word_1_709' title='bbox 3647 4667 3740 4719; x_wconf 71' lang='grc' dir='ltr'><strong>καὶ</strong></span> 
     </span>
    </p>
   </div>
   <div class='ocr_carea' id='block_1_95' title="bbox 482 4751 2049 4842">
    <p class='ocr_par' dir='ltr' id='par_1_95' title="bbox 482 4751 2049 4820">
     <span class='ocr_line' id='line_1_95' title="bbox 482 4751 2049 4820; baseline 0.005 -18"><span class='ocrx_word' id='word_1_710' title='bbox 482 4754 666 4820; x_wconf 84' lang='lat' dir='ltr'><strong>pulum</strong></span> <span class='ocrx_word' id='word_1_711' title='bbox 692 4751 1071 4817; x_wconf 83' lang='lat' dir='ltr'><strong>lsraeliticum,</strong></span> <span class='ocrx_word' id='word_1_712' title='bbox 1102 4753 1193 4808; x_wconf 89' lang='lat' dir='ltr'><strong>Dei</strong></span> <span class='ocrx_word' id='word_1_713' title='bbox 1221 4754 1461 4809; x_wconf 89' lang='lat' dir='ltr'><strong>oraculis</strong></span> <span class='ocrx_word' id='word_1_714' title='bbox 1488 4765 1614 4809; x_wconf 89' lang='lat' dir='ltr'><strong>sunt</strong></span> <span class='ocrx_word' id='word_1_715' title='bbox 1644 4755 1911 4811; x_wconf 88' lang='lat' dir='ltr'><strong>honorati.</strong></span> <span class='ocrx_word' id='word_1_716' title='bbox 1947 4756 2049 4812; x_wconf 87' lang='lat' dir='ltr'><strong>Uti-</strong></span> 
     </span>
    </p>
   </div>
   <div class='ocr_carea' id='block_1_96' title="bbox 2161 4751 3739 4842">
    <p class='ocr_par' dir='ltr' id='par_1_96' title="bbox 2176 4757 3739 4837">
     <span class='ocr_line' id='line_1_96' title="bbox 2176 4757 3739 4837; baseline -0.006 -17"><span class='ocrx_word' id='word_1_717' title='bbox 2176 4767 2359 4820; x_wconf 63' lang='grc' dir='ltr'>Ἰσαὰκ</span> <span class='ocrx_word' id='word_1_718' title='bbox 2407 4766 2501 4819; x_wconf 63' lang='grc' dir='ltr'><strong>καλ⁵</strong></span> <span class='ocrx_word' id='word_1_719' title='bbox 2541 4765 2731 4819; x_wconf 86' lang='grc' dir='ltr'>Ἰακὼϐ</span> <span class='ocrx_word' id='word_1_720' title='bbox 2773 4766 2879 4836; x_wconf 85' lang='grc' dir='ltr'><strong>πρὸ</strong></span> <span class='ocrx_word' id='word_1_721' title='bbox 2915 4763 3006 4817; x_wconf 88' lang='grc' dir='ltr'><strong>τοῦ</strong></span> <span class='ocrx_word' id='word_1_722' title='bbox 3051 4764 3265 4837; x_wconf 73' lang='grc' dir='ltr'>Ἰσραὴλ</span> <span class='ocrx_word' id='word_1_723' title='bbox 3308 4760 3569 4833; x_wconf 83' lang='grc' dir='ltr'>χρησμῶν</span> <span class='ocrx_word' id='word_1_724' title='bbox 3601 4757 3739 4811; x_wconf 85' lang='grc' dir='ltr'>Θεοῦ</span> 
     </span>
    </p>
   </div>
   <div class='ocr_carea' id='block_1_97' title="bbox 481 4844 2049 4931">
    <p class='ocr_par' dir='ltr' id='par_1_97' title="bbox 481 4844 2049 4917">
     <span class='ocr_line' id='line_1_97' title="bbox 481 4844 2049 4917; baseline 0.003 -18"><span class='ocrx_word' id='word_1_725' title='bbox 481 4859 591 4912; x_wconf 83' lang='lat' dir='ltr'><strong>que</strong></span> <span class='ocrx_word' id='word_1_726' title='bbox 640 4845 801 4898; x_wconf 88' lang='lat' dir='ltr'><strong>etiam</strong></span> <span class='ocrx_word' id='word_1_727' title='bbox 834 4844 1026 4908; x_wconf 79' lang='lat' dir='ltr'><strong>Johns,</strong></span> <span class='ocrx_word' id='word_1_728' title='bbox 1056 4847 1319 4902; x_wconf 72' lang='lat' dir='ltr'><strong>ldunnnus</strong></span> <span class='ocrx_word' id='word_1_729' title='bbox 1361 4849 1428 4903; x_wconf 90' lang='lat' dir='ltr'><strong>de</strong></span> <span class='ocrx_word' id='word_1_730' title='bbox 1478 4849 1605 4903; x_wconf 79' lang='lat' dir='ltr'><strong>ﬁliis</strong></span> <span class='ocrx_word' id='word_1_731' title='bbox 1647 4849 1809 4914; x_wconf 82' lang='lat' dir='ltr'><strong>Esau,</strong></span> <span class='ocrx_word' id='word_1_732' title='bbox 1862 4850 2049 4917; x_wconf 70' lang='lat' dir='ltr'><strong>pietate</strong></span> 
     </span>
    </p>
   </div>
   <div class='ocr_carea' id='block_1_98' title="bbox 2161 4844 3737 4931">
    <p class='ocr_par' dir='ltr' id='par_1_98' title="bbox 2164 4852 3737 4931">
     <span class='ocr_line' id='line_1_98' title="bbox 2164 4852 3737 4931; baseline -0.007 -18"><span class='ocrx_word' id='word_1_733' title='bbox 2164 4857 2607 4931; x_wconf 80' lang='grc' dir='ltr'>κατηξιώθησαν·</span> <span class='ocrx_word' id='word_1_734' title='bbox 2658 4858 2915 4928; x_wconf 80' lang='grc' dir='ltr'>ἄντικρυς</span> <span class='ocrx_word' id='word_1_735' title='bbox 2945 4857 3003 4910; x_wconf 86' lang='grc' dir='ltr'>δὲ</span> <span class='ocrx_word' id='word_1_736' title='bbox 3041 4856 3133 4909; x_wconf 75' lang='grc' dir='ltr'><strong>καὶ</strong></span> <span class='ocrx_word' id='word_1_737' title='bbox 3164 4857 3193 4908; x_wconf 81' lang='grc' dir='ltr'>ὁ</span> <span class='ocrx_word' id='word_1_738' title='bbox 3233 4854 3383 4915; x_wconf 81' lang='grc' dir='ltr'>Ἰὼϐ,</span> <span class='ocrx_word' id='word_1_739' title='bbox 3446 4852 3737 4923; x_wconf 84' lang='grc' dir='ltr'>Ἰδουμαῖος</span> 
     </span>
    </p>
   </div>
   <div class='ocr_carea' id='block_1_99' title="bbox 482 4934 2062 5009">
    <p class='ocr_par' dir='ltr' id='par_1_99' title="bbox 482 4934 2062 5009">
     <span class='ocr_line' id='line_1_99' title="bbox 482 4934 2062 5009; baseline 0.004 -20"><span class='ocrx_word' id='word_1_740' title='bbox 482 4950 611 5003; x_wconf 81' lang='lat' dir='ltr'><strong>erga</strong></span> <span class='ocrx_word' id='word_1_741' title='bbox 661 4934 826 4989; x_wconf 86' lang='lat' dir='ltr'><strong>Deum</strong></span> <span class='ocrx_word' id='word_1_742' title='bbox 868 4937 1100 4990; x_wconf 76' lang='lat' dir='ltr'><strong>maxima</strong></span> <span class='ocrx_word' id='word_1_743' title='bbox 1154 4936 1433 4993; x_wconf 86' lang='lat' dir='ltr'><strong>inclaruit.</strong></span> <span class='ocrx_word' id='word_1_744' title='bbox 1491 4939 1596 4994; x_wconf 89' lang='lat' dir='ltr'><strong>Sed</strong></span> <span class='ocrx_word' id='word_1_745' title='bbox 1644 4939 1789 4994; x_wconf 87' lang='lat' dir='ltr'><strong>enim</strong></span> <span class='ocrx_word' id='word_1_746' title='bbox 1826 4940 2062 5009; x_wconf 84' lang='lat' dir='ltr'><strong>reliquus</strong></span> 
     </span>
    </p>
   </div>
   <div class='ocr_carea' id='block_1_100' title="bbox 482 5026 2062 5099">
    <p class='ocr_par' dir='ltr' id='par_1_100' title="bbox 482 5026 2062 5099">
     <span class='ocr_line' id='line_1_100' title="bbox 482 5026 2062 5099; baseline 0.004 -20"><span class='ocrx_word' id='word_1_747' title='bbox 482 5026 822 5081; x_wconf 89' lang='lat' dir='ltr'><strong>ethnicorum</strong></span> <span class='ocrx_word' id='word_1_748' title='bbox 867 5027 1037 5092; x_wconf 90' lang='lat' dir='ltr'><strong>ordo,</strong></span> <span class='ocrx_word' id='word_1_749' title='bbox 1087 5044 1208 5082; x_wconf 91' lang='lat' dir='ltr'><strong>cum</strong></span> <span class='ocrx_word' id='word_1_750' title='bbox 1259 5030 1596 5085; x_wconf 86' lang='lat' dir='ltr'><strong>naturalibus</strong></span> <span class='ocrx_word' id='word_1_751' title='bbox 1636 5030 1844 5099; x_wconf 82' lang='lat' dir='ltr'><strong>legibus</strong></span> <span class='ocrx_word' id='word_1_752' title='bbox 1880 5030 2062 5098; x_wconf 82' lang='lat' dir='ltr'><strong>jussus</strong></span> 
     </span>
    </p>
   </div>
   <div class='ocr_carea' id='block_1_101' title="bbox 482 5120 2060 5193">
    <p class='ocr_par' dir='ltr' id='par_1_101' title="bbox 482 5120 2060 5193">
     <span class='ocr_line' id='line_1_101' title="bbox 482 5120 2060 5193; baseline 0.003 -20"><span class='ocrx_word' id='word_1_753' title='bbox 482 5129 632 5175; x_wconf 77' lang='lat' dir='ltr'><strong>esset</strong></span> <span class='ocrx_word' id='word_1_754' title='bbox 664 5120 718 5174; x_wconf 90' lang='lat' dir='ltr'><strong>in</strong></span> <span class='ocrx_word' id='word_1_755' title='bbox 746 5124 901 5175; x_wconf 83' lang='lat' dir='ltr'><strong>vinea</strong></span> <span class='ocrx_word' id='word_1_756' title='bbox 935 5122 1173 5189; x_wconf 88' lang='lat' dir='ltr'><strong>operari,</strong></span> <span class='ocrx_word' id='word_1_757' title='bbox 1223 5121 1275 5175; x_wconf 90' lang='lat' dir='ltr'><strong>id</strong></span> <span class='ocrx_word' id='word_1_758' title='bbox 1308 5133 1389 5176; x_wconf 90' lang='lat' dir='ltr'><strong>est</strong></span> <span class='ocrx_word' id='word_1_759' title='bbox 1426 5124 1566 5191; x_wconf 84' lang='lat' dir='ltr'><strong>piam</strong></span> <span class='ocrx_word' id='word_1_760' title='bbox 1617 5139 1745 5193; x_wconf 85' lang='lat' dir='ltr'><strong>erga</strong></span> <span class='ocrx_word' id='word_1_761' title='bbox 1778 5123 1945 5177; x_wconf 86' lang='lat' dir='ltr'><strong>Deum</strong></span> <span class='ocrx_word' id='word_1_762' title='bbox 1978 5125 2060 5178; x_wconf 81' lang='lat' dir='ltr'><strong>vi-</strong></span> 
     </span>
    </p>
   </div>
   <div class='ocr_carea' id='block_1_102' title="bbox 484 5212 2057 5284">
    <p class='ocr_par' dir='ltr' id='par_1_102' title="bbox 484 5212 2057 5284">
     <span class='ocr_line' id='line_1_102' title="bbox 484 5212 2057 5284; baseline 0.002 -19"><span class='ocrx_word' id='word_1_763' title='bbox 484 5222 595 5266; x_wconf 88' lang='lat' dir='ltr'><strong>tam</strong></span> <span class='ocrx_word' id='word_1_764' title='bbox 626 5212 846 5283; x_wconf 77' lang='lat' dir='ltr'><strong>degere,</strong></span> <span class='ocrx_word' id='word_1_765' title='bbox 878 5214 1058 5268; x_wconf 89' lang='lat' dir='ltr'><strong>renuit</strong></span> <span class='ocrx_word' id='word_1_766' title='bbox 1086 5215 1391 5283; x_wconf 89' lang='lat' dir='ltr'><strong>restititque</strong></span> <span class='ocrx_word' id='word_1_767' title='bbox 1407 5216 1660 5268; x_wconf 89' lang='lat' dir='ltr'><strong>mamlato</strong></span> <span class='ocrx_word' id='word_1_768' title='bbox 1689 5214 1884 5284; x_wconf 88' lang='lat' dir='ltr'><strong>patrio,</strong></span> <span class='ocrx_word' id='word_1_769' title='bbox 1911 5216 2057 5268; x_wconf 90' lang='lat' dir='ltr'><strong>omni</strong></span> 
     </span>
    </p>
   </div>
   <div class='ocr_carea' id='block_1_103' title="bbox 488 5307 2057 5376">
    <p class='ocr_par' dir='ltr' id='par_1_103' title="bbox 488 5307 2057 5376">
     <span class='ocr_line' id='line_1_103' title="bbox 488 5307 2057 5376; baseline 0.004 -19"><span class='ocrx_word' id='word_1_770' title='bbox 488 5314 733 5376; x_wconf 85' lang='lat' dir='ltr'><strong>tempore</strong></span> <span class='ocrx_word' id='word_1_771' title='bbox 784 5307 926 5361; x_wconf 87' lang='lat' dir='ltr'><strong>idola</strong></span> <span class='ocrx_word' id='word_1_772' title='bbox 961 5307 1168 5363; x_wconf 90' lang='lat' dir='ltr'><strong>colens.</strong></span> <span class='ocrx_word' id='word_1_773' title='bbox 1208 5308 1594 5362; x_wconf 75' lang='lat' dir='ltr'><strong>Verumtamen</strong></span> <span class='ocrx_word' id='word_1_774' title='bbox 1643 5309 1711 5363; x_wconf 83' lang='lat' dir='ltr'><strong>ad</strong></span> <span class='ocrx_word' id='word_1_775' title='bbox 1752 5318 2057 5364; x_wconf 80' lang='lat' dir='ltr'><strong>extremum</strong></span> 
     </span>
    </p>
   </div>
   <div class='ocr_carea' id='block_1_104' title="bbox 2159 4942 3737 5015">
    <p class='ocr_par' dir='ltr' id='par_1_104' title="bbox 2159 4942 3737 5015">
     <span class='ocr_line' id='line_1_104' title="bbox 2159 4942 3737 5015; baseline -0.006 -13"><span class='ocrx_word' id='word_1_776' title='bbox 2159 4948 2235 5002; x_wconf 85' lang='grc' dir='ltr'><strong>ὢν</strong></span> <span class='ocrx_word' id='word_1_777' title='bbox 2262 4947 2370 5001; x_wconf 87' lang='grc' dir='ltr'><strong>τῶν</strong></span> <span class='ocrx_word' id='word_1_778' title='bbox 2409 4947 2543 5001; x_wconf 88' lang='grc' dir='ltr'>υἱῶν</span> <span class='ocrx_word' id='word_1_779' title='bbox 2593 4946 2785 5010; x_wconf 83' lang='grc' dir='ltr'>Ἠσαῦ,</span> <span class='ocrx_word' id='word_1_780' title='bbox 2840 4945 3143 5009; x_wconf 80' lang='grc' dir='ltr'>θεοσεϐείας</span> <span class='ocrx_word' id='word_1_781' title='bbox 3181 4942 3626 5015; x_wconf 81' lang='grc' dir='ltr'>ἀνδραγαθήμασι</span> <span class='ocrx_word' id='word_1_782' title='bbox 3659 4943 3737 4994; x_wconf 83' lang='grc' dir='ltr'>δι-</span> 
     </span>
    </p>
   </div>
   <div class='ocr_carea' id='block_1_105' title="bbox 2162 5036 3736 5113">
    <p class='ocr_par' dir='ltr' id='par_1_105' title="bbox 2162 5036 3736 5113">
     <span class='ocr_line' id='line_1_105' title="bbox 2162 5036 3736 5113; baseline -0.006 -17"><span class='ocrx_word' id='word_1_783' title='bbox 2162 5042 2391 5113; x_wconf 69' lang='grc' dir='ltr'>έλαμψε.</span> <span class='ocrx_word' id='word_1_784' title='bbox 2427 5042 2500 5094; x_wconf 82' lang='grc' dir='ltr'>Τὸ</span> <span class='ocrx_word' id='word_1_785' title='bbox 2526 5041 2624 5111; x_wconf 82' lang='grc' dir='ltr'><strong>μὲν</strong></span> <span class='ocrx_word' id='word_1_786' title='bbox 2652 5039 2838 5094; x_wconf 76' lang='grc' dir='ltr'>λοιπὸν</span> <span class='ocrx_word' id='word_1_787' title='bbox 2865 5041 3047 5111; x_wconf 85' lang='grc' dir='ltr'>τάγμα</span> <span class='ocrx_word' id='word_1_788' title='bbox 3068 5038 3174 5092; x_wconf 85' lang='grc' dir='ltr'><strong>τῶν</strong></span> <span class='ocrx_word' id='word_1_789' title='bbox 3197 5038 3363 5091; x_wconf 76' lang='grc' dir='ltr'>ἐθνῶν</span> <span class='ocrx_word' id='word_1_790' title='bbox 3390 5036 3736 5107; x_wconf 81' lang='grc' dir='ltr'>κελευόμενον</span> 
     </span>
    </p>
   </div>
   <div class='ocr_carea' id='block_1_106' title="bbox 2165 5125 3736 5205">
    <p class='ocr_par' dir='ltr' id='par_1_106' title="bbox 2165 5125 3736 5205">
     <span class='ocr_line' id='line_1_106' title="bbox 2165 5125 3736 5205; baseline -0.006 -19"><span class='ocrx_word' id='word_1_791' title='bbox 2165 5137 2411 5203; x_wconf 84' lang='grc' dir='ltr'>φυσικοῖς</span> <span class='ocrx_word' id='word_1_792' title='bbox 2443 5134 2628 5204; x_wconf 86' lang='grc' dir='ltr'>νόμοις</span> <span class='ocrx_word' id='word_1_793' title='bbox 2660 5131 2983 5205; x_wconf 79' lang='grc' dir='ltr'>ἐργάξεσθαι</span> <span class='ocrx_word' id='word_1_794' title='bbox 3014 5134 3091 5194; x_wconf 85' lang='grc' dir='ltr'><strong>είς</strong></span> <span class='ocrx_word' id='word_1_795' title='bbox 3125 5130 3213 5184; x_wconf 83' lang='grc' dir='ltr'><strong>τὸν</strong></span> <span class='ocrx_word' id='word_1_796' title='bbox 3240 5128 3562 5200; x_wconf 81' lang='grc' dir='ltr'>ἀμπελῶνα,</span> <span class='ocrx_word' id='word_1_797' title='bbox 3581 5125 3736 5179; x_wconf 89' lang='grc' dir='ltr'>τοῦτο</span> 
     </span>
    </p>
   </div>
   <div class='ocr_carea' id='block_1_107' title="bbox 2168 5216 3736 5295">
    <p class='ocr_par' dir='ltr' id='par_1_107' title="bbox 2168 5216 3736 5295">
     <span class='ocr_line' id='line_1_107' title="bbox 2168 5216 3736 5295; baseline -0.006 -18"><span class='ocrx_word' id='word_1_798' title='bbox 2168 5224 2211 5277; x_wconf 77' lang='grc' dir='ltr'>δ’</span> <span class='ocrx_word' id='word_1_799' title='bbox 2244 5222 2310 5295; x_wconf 79' lang='grc' dir='ltr'>ἦν</span> <span class='ocrx_word' id='word_1_800' title='bbox 2347 5226 2407 5278; x_wconf 88' lang='grc' dir='ltr'><strong>τὸ</strong></span> <span class='ocrx_word' id='word_1_801' title='bbox 2448 5225 2545 5293; x_wconf 81' lang='grc' dir='ltr'>τῆς</span> <span class='ocrx_word' id='word_1_802' title='bbox 2574 5222 2879 5286; x_wconf 83' lang='grc' dir='ltr'>θεοσεϐείας</span> <span class='ocrx_word' id='word_1_803' title='bbox 2918 5223 2977 5275; x_wconf 87' lang='grc' dir='ltr'>τὺ</span> <span class='ocrx_word' id='word_1_804' title='bbox 3011 5222 3327 5292; x_wconf 84' lang='grc' dir='ltr'>πολίτευμα,</span> <span class='ocrx_word' id='word_1_805' title='bbox 3360 5220 3612 5273; x_wconf 83' lang='grc' dir='ltr'>ἀνένευσε</span> <span class='ocrx_word' id='word_1_806' title='bbox 3645 5216 3736 5270; x_wconf 73' lang='grc' dir='ltr'>καὶ</span> 
     </span>
    </p>
   </div>
   <div class='ocr_carea' id='block_1_108' title="bbox 2167 5306 3736 5384">
    <p class='ocr_par' dir='ltr' id='par_1_108' title="bbox 2167 5306 3736 5384">
     <span class='ocr_line' id='line_1_108' title="bbox 2167 5306 3736 5384; baseline -0.004 -18"><span class='ocrx_word' id='word_1_807' title='bbox 2167 5315 2386 5367; x_wconf 85' lang='grc' dir='ltr'>ἀντεῖπε</span> <span class='ocrx_word' id='word_1_808' title='bbox 2435 5312 2513 5383; x_wconf 79' lang='grc' dir='ltr'><strong>τῷ</strong></span> <span class='ocrx_word' id='word_1_809' title='bbox 2541 5314 2919 5384; x_wconf 86' lang='grc' dir='ltr'>προστάγματι</span> <span class='ocrx_word' id='word_1_810' title='bbox 2968 5312 3046 5383; x_wconf 84' lang='grc' dir='ltr'>τῷ</span> <span class='ocrx_word' id='word_1_811' title='bbox 3103 5312 3370 5384; x_wconf 82' lang='grc' dir='ltr'>πατρικῷ,</span> <span class='ocrx_word' id='word_1_812' title='bbox 3423 5311 3599 5364; x_wconf 87' lang='grc' dir='ltr'>πάντα</span> <span class='ocrx_word' id='word_1_813' title='bbox 3648 5306 3736 5360; x_wconf 79' lang='grc' dir='ltr'><strong>τὸν</strong></span> 
     </span>
    </p>
   </div>
   <div class='ocr_carea' id='block_1_109' title="bbox 511 5432 2270 5513">
    <p class='ocr_par' dir='ltr' id='par_1_109' title="bbox 511 5432 2270 5513">
     <span class='ocr_line' id='line_1_109' title="bbox 511 5432 2270 5513; baseline -0.005 -7"><span class='ocrx_word' id='word_1_814' title='bbox 511 5452 560 5489; x_wconf 83' lang='grc'><strong>³⁸</strong></span> <span class='ocrx_word' id='word_1_815' title='bbox 585 5449 777 5506; x_wconf 76' lang='lat' dir='ltr'><strong>Matth.</strong></span> <span class='ocrx_word' id='word_1_816' title='bbox 808 5465 864 5513; x_wconf 76' lang='grc' dir='ltr'><strong>ν,</strong></span> <span class='ocrx_word' id='word_1_817' title='bbox 903 5447 989 5502; x_wconf 73' lang='grc'><strong>12.</strong></span> <span class='ocrx_word' id='word_1_818' title='bbox 1066 5444 1112 5478; x_wconf 80' lang='grc'><strong>⁵⁸</strong></span> <span class='ocrx_word' id='word_1_819' title='bbox 1141 5458 1259 5511; x_wconf 87' lang='lat' dir='ltr'><strong>cap.</strong></span> <span class='ocrx_word' id='word_1_820' title='bbox 1302 5456 1403 5505; x_wconf 78' lang='lat' dir='ltr'><strong>vn,</strong></span> <span class='ocrx_word' id='word_1_821' title='bbox 1446 5437 1538 5504; x_wconf 74' lang='lat'><strong>29,</strong></span> <span class='ocrx_word' id='word_1_822' title='bbox 1578 5435 1669 5492; x_wconf 77' lang='lat'><strong>50.</strong></span> <span class='ocrx_word' id='word_1_823' title='bbox 1746 5435 1793 5468; x_wconf 79' lang='lat'><strong>“</strong></span> <span class='ocrx_word' id='word_1_824' title='bbox 1816 5432 2003 5492; x_wconf 80' lang='lat' dir='ltr'><strong>Matth.</strong></span> <span class='ocrx_word' id='word_1_825' title='bbox 2037 5455 2150 5504; x_wconf 75' lang='lat' dir='ltr'><strong>ut.</strong></span> <span class='ocrx_word' id='word_1_826' title='bbox 2173 5438 2270 5498; x_wconf 71' lang='grc' dir='ltr'><strong>εδ.</strong></span> 
     </span>
    </p>
   </div>
   <div class='ocr_carea' id='block_1_110' title="bbox 555 5554 2053 5631">
    <p class='ocr_par' dir='ltr' id='par_1_110' title="bbox 555 5554 2053 5631">
     <span class='ocr_line' id='line_1_110' title="bbox 555 5554 2053 5631; baseline -0.005 -15"><span class='ocrx_word' id='word_1_827' title='bbox 555 5560 824 5631; x_wconf 12' lang='grc' dir='ltr'>(50),Ηιιξο</span> <span class='ocrx_word' id='word_1_828' title='bbox 851 5571 904 5614; x_wconf 83' lang='lat' dir='ltr'><strong>et</strong></span> <span class='ocrx_word' id='word_1_829' title='bbox 933 5562 1290 5631; x_wconf 66' lang='lat' dir='ltr'><strong>praecedentia</strong></span> <span class='ocrx_word' id='word_1_830' title='bbox 1328 5567 1527 5631; x_wconf 69' lang='lat' dir='ltr'><strong>parum</strong></span> <span class='ocrx_word' id='word_1_831' title='bbox 1575 5554 1892 5624; x_wconf 89' lang='lat' dir='ltr'><strong>conspirant</strong></span> <span class='ocrx_word' id='word_1_832' title='bbox 1932 5568 2053 5609; x_wconf 85' lang='lat' dir='ltr'><strong>cum</strong></span> 
     </span>
    </p>
   </div>
   <div class='ocr_carea' id='block_1_111' title="bbox 484 5628 1407 5697">
    <p class='ocr_par' dir='ltr' id='par_1_111' title="bbox 484 5628 1407 5697">
     <span class='ocr_line' id='line_1_111' title="bbox 484 5628 1407 5697; baseline -0.009 -8"><span class='ocrx_word' id='word_1_833' title='bbox 484 5628 845 5697; x_wconf 21' lang='lat' dir='ltr'><strong>Th‘eophania,</strong></span> <span class='ocrx_word' id='word_1_834' title='bbox 882 5632 975 5685; x_wconf 86' lang='lat' dir='ltr'><strong>lib.</strong></span> <span class='ocrx_word' id='word_1_835' title='bbox 1013 5646 1085 5692; x_wconf 81' lang='lat' dir='ltr'><strong>tv.</strong></span> <span class='ocrx_word' id='word_1_836' title='bbox 1124 5629 1190 5684; x_wconf 74' lang='grc'><strong>16</strong></span> <span class='ocrx_word' id='word_1_837' title='bbox 1231 5641 1288 5684; x_wconf 71' lang='lat' dir='ltr'><strong>et</strong></span> <span class='ocrx_word' id='word_1_838' title='bbox 1324 5628 1407 5683; x_wconf 82' lang='lat' dir='ltr'><strong>l7.</strong></span> 
     </span>
    </p>
   </div>
   <div class='ocr_carea' id='block_1_112' title="bbox 558 5695 2056 5773">
    <p class='ocr_par' dir='ltr' id='par_1_112' title="bbox 558 5695 2056 5773">
     <span class='ocr_line' id='line_1_112' title="bbox 558 5695 2056 5773; baseline -0.005 -16"><span class='ocrx_word' id='word_1_839' title='bbox 558 5695 671 5773; x_wconf 71' lang='lat' dir='ltr'><strong>(Si)</strong></span> <span class='ocrx_word' id='word_1_840' title='bbox 696 5706 769 5757; x_wconf 84' lang='lat' dir='ltr'><strong>Ita</strong></span> <span class='ocrx_word' id='word_1_841' title='bbox 805 5702 1035 5773; x_wconf 57' lang='lat' dir='ltr'><strong>Grece;</strong></span> <span class='ocrx_word' id='word_1_842' title='bbox 1082 5711 1137 5756; x_wconf 90' lang='lat' dir='ltr'><strong>et</strong></span> <span class='ocrx_word' id='word_1_843' title='bbox 1160 5701 1243 5773; x_wconf 72' lang='lat' dir='ltr'><strong>sie</strong></span> <span class='ocrx_word' id='word_1_844' title='bbox 1268 5717 1381 5770; x_wconf 76' lang='lat' dir='ltr'><strong>ego,</strong></span> <span class='ocrx_word' id='word_1_845' title='bbox 1409 5712 1517 5773; x_wconf 23' lang='lat' dir='ltr'><strong>Apro</strong></span> <span class='ocrx_word' id='word_1_846' title='bbox 1551 5713 1641 5773; x_wconf 74' lang='lat' dir='ltr'><strong>eo,</strong></span> <span class='ocrx_word' id='word_1_847' title='bbox 1682 5695 1845 5773; x_wconf 70' lang='lat' dir='ltr'><strong>habet</strong></span> <span class='ocrx_word' id='word_1_848' title='bbox 1894 5697 2056 5773; x_wconf 73' lang='lat' dir='ltr'><strong>etiam</strong></span> 
     </span>
    </p>
   </div>
   <div class='ocr_carea' id='block_1_113' title="bbox 486 5765 2055 5840">
    <p class='ocr_par' dir='ltr' id='par_1_113' title="bbox 486 5765 2055 5840">
     <span class='ocr_line' id='line_1_113' title="bbox 486 5765 2055 5840; baseline -0.008 -9"><span class='ocrx_word' id='word_1_849' title='bbox 486 5765 713 5831; x_wconf 78' lang='lat' dir='ltr'><strong>Latinus</strong></span> <span class='ocrx_word' id='word_1_850' title='bbox 769 5775 937 5828; x_wconf 81' lang='lat' dir='ltr'><strong>codex</strong></span> <span class='ocrx_word' id='word_1_851' title='bbox 991 5765 1453 5840; x_wconf 75' lang='lat' dir='ltr'><strong>Cantabrigiensis</strong></span> <span class='ocrx_word' id='word_1_852' title='bbox 1503 5769 1644 5839; x_wconf 88' lang='lat' dir='ltr'><strong>apud</strong></span> <span class='ocrx_word' id='word_1_853' title='bbox 1690 5765 2055 5821; x_wconf 86' lang='lat' dir='ltr'><strong>Sabaterium.</strong></span> 
     </span>
    </p>
   </div>
   <div class='ocr_carea' id='block_1_114' title="bbox 486 5840 2059 5914">
    <p class='ocr_par' dir='ltr' id='par_1_114' title="bbox 486 5840 2059 5914">
     <span class='ocr_line' id='line_1_114' title="bbox 486 5840 2059 5914; baseline -0.008 -11"><span class='ocrx_word' id='word_1_854' title='bbox 486 5849 555 5903; x_wconf 80' lang='lat' dir='ltr'><strong>At</strong></span> <span class='ocrx_word' id='word_1_855' title='bbox 594 5845 856 5914; x_wconf 72' lang='lat' dir='ltr'><strong>vulgatus.</strong></span> <span class='ocrx_word' id='word_1_856' title='bbox 896 5844 1181 5914; x_wconf 79' lang='lat' dir='ltr'><strong>pluresque</strong></span> <span class='ocrx_word' id='word_1_857' title='bbox 1212 5842 1447 5906; x_wconf 87' lang='lat' dir='ltr'><strong>codices,</strong></span> <span class='ocrx_word' id='word_1_858' title='bbox 1483 5850 1573 5907; x_wconf 87' lang='lat' dir='ltr'><strong>eo;</strong></span> <span class='ocrx_word' id='word_1_859' title='bbox 1615 5840 1723 5895; x_wconf 65' lang='lat' dir='ltr'><strong>sive</strong></span> <span class='ocrx_word' id='word_1_860' title='bbox 1750 5842 1870 5905; x_wconf 85' lang='lat' dir='ltr'><strong>quia</strong></span> <span class='ocrx_word' id='word_1_861' title='bbox 1911 5856 1940 5905; x_wconf 86' lang='lat' dir='ltr'><strong><em>g</em></strong></span> <span class='ocrx_word' id='word_1_862' title='bbox 1965 5854 2059 5892; x_wconf 78' lang='lat' dir='ltr'><strong>cx-</strong></span> 
     </span>
    </p>
   </div>
   <div class='ocr_carea' id='block_1_115' title="bbox 2162 5554 3727 5625">
    <p class='ocr_par' dir='ltr' id='par_1_115' title="bbox 2162 5554 3727 5625">
     <span class='ocr_line' id='line_1_115' title="bbox 2162 5554 3727 5625; baseline -0.006 -15"><span class='ocrx_word' id='word_1_863' title='bbox 2162 5557 2374 5618; x_wconf 75' lang='lat' dir='ltr'><strong>ciderit,</strong></span> <span class='ocrx_word' id='word_1_864' title='bbox 2406 5569 2519 5609; x_wconf 77' lang='lat' dir='ltr'><strong>Sive</strong></span> <span class='ocrx_word' id='word_1_865' title='bbox 2556 5570 2681 5625; x_wconf 82' lang='lat' dir='ltr'><strong>quia</strong></span> <span class='ocrx_word' id='word_1_866' title='bbox 2727 5569 2944 5609; x_wconf 69' lang='lat' dir='ltr'><strong>sensum</strong></span> <span class='ocrx_word' id='word_1_867' title='bbox 3004 5554 3107 5607; x_wconf 89' lang='lat' dir='ltr'><strong>lect</strong></span> <span class='ocrx_word' id='word_1_868' title='bbox 3160 5560 3333 5623; x_wconf 81' lang='lat' dir='ltr'><strong>potius</strong></span> <span class='ocrx_word' id='word_1_869' title='bbox 3374 5567 3533 5620; x_wconf 83' lang='lat' dir='ltr'><strong>quani</strong></span> <span class='ocrx_word' id='word_1_870' title='bbox 3570 5559 3727 5602; x_wconf 79' lang='lat' dir='ltr'><strong>verba</strong></span> 
     </span>
    </p>
   </div>
   <div class='ocr_carea' id='block_1_116' title="bbox 2163 5626 2715 5695">
    <p class='ocr_par' dir='ltr' id='par_1_116' title="bbox 2163 5626 2715 5695">
     <span class='ocr_line' id='line_1_116' title="bbox 2163 5626 2715 5695; baseline 0.002 -15"><span class='ocrx_word' id='word_1_871' title='bbox 2163 5628 2471 5695; x_wconf 82' lang='lat' dir='ltr'><strong>exprimere</strong></span> <span class='ocrx_word' id='word_1_872' title='bbox 2498 5626 2715 5693; x_wconf 84' lang='lat' dir='ltr'><strong>placuit.</strong></span> 
     </span>
    </p>
   </div>
   <div class='ocr_carea' id='block_1_117' title="bbox 2234 5686 3724 5766">
    <p class='ocr_par' dir='ltr' id='par_1_117' title="bbox 2234 5686 3724 5766">
     <span class='ocr_line' id='line_1_117' title="bbox 2234 5686 3724 5766; baseline -0.003 -14"><span class='ocrx_word' id='word_1_873' title='bbox 2234 5686 2346 5766; x_wconf 53' lang='grc' dir='ltr'><strong>(ὅθ)</strong></span> <span class='ocrx_word' id='word_1_874' title='bbox 2386 5686 2651 5751; x_wconf 62' lang='grc' dir='ltr'>Ρτοίνοοιιι</span> <span class='ocrx_word' id='word_1_875' title='bbox 2688 5696 2775 5751; x_wconf 91' lang='lat' dir='ltr'><strong>hic</strong></span> <span class='ocrx_word' id='word_1_876' title='bbox 2794 5693 3211 5766; x_wconf 60' lang='lat' dir='ltr'><strong>adllatthmum</strong></span> <span class='ocrx_word' id='word_1_877' title='bbox 3256 5691 3538 5759; x_wconf 83' lang='lat' dir='ltr'><strong>Eusebius,</strong></span> <span class='ocrx_word' id='word_1_878' title='bbox 3572 5686 3724 5762; x_wconf 79' lang='lat' dir='ltr'><strong>quasi</strong></span> 
     </span>
    </p>
   </div>
   <div class='ocr_carea' id='block_1_118' title="bbox 2166 5764 3091 5825">
    <p class='ocr_par' dir='ltr' id='par_1_118' title="bbox 2166 5764 3091 5825">
     <span class='ocr_line' id='line_1_118' title="bbox 2166 5764 3091 5825; baseline -0.004 -1"><span class='ocrx_word' id='word_1_879' title='bbox 2166 5764 2352 5825; x_wconf 70' lang='lat' dir='ltr'><strong>mm</strong></span> <span class='ocrx_word' id='word_1_880' title='bbox 2388 5778 2757 5824; x_wconf 77' lang='lat' dir='ltr'><strong>commentans</strong></span> <span class='ocrx_word' id='word_1_881' title='bbox 2784 5767 2834 5822; x_wconf 93' lang='lat' dir='ltr'><strong>in</strong></span> <span class='ocrx_word' id='word_1_882' title='bbox 2875 5764 3091 5821; x_wconf 86' lang='lat' dir='ltr'><strong>Lucam.</strong></span> 
     </span>
    </p>
   </div>
  </div>
