3968 6548
496 455 601 515 5153

1169 446 1437 505 EUSEBll
1476 444 1949 501 CASSARIENSIS
1986 442 2138 497 ()PP.
2179 440 2361 494 PARS
2400 440 2485 494 Ill.
2518 471 2585 482 —
2624 439 3034 494 EXECETICA.

3630 438 3744 493 5η

497 584 612 628 tum
647 562 1042 641 (destruendo)
1070 561 1215 617 fecit.
1246 560 1421 631 Atque
1459 561 1572 616 luec
1605 561 1886 614 hactenus.
1911 556 2025 611 Nun

2131 601 2137 618 ,
2166 553 2357 607 ἑαυτοῦ
2380 551 2693 614 δυσσεϐείας
2724 550 3012 621 πάρεργον-
3043 550 3351 621 ἐποιήσατο.
3410 551 3518 603 Καὶ
3562 549 3740 606 ταῦτα

495 664 759 733 reliquum
803 671 1104 711 sermonem
1136 666 1547 726 persequamur.

607 752 650 783 ⁶⁶
680 749 985 803 Convocatis
1021 760 1191 799 autem
1226 742 1496 797 duodecim
1524 737 1794 806 discipulis
1822 742 1953 800 suis,

705 822 844 873 dedit
877 820 984 871 illis
1022 819 1265 870 virtutem
1302 824 1347 866 et
1386 821 1713 881 potestatem,
1741 820 1848 863 etc.

572 918 673 973 Per
705 916 819 968 haec
854 910 1101 980 supernis
1130 906 1338 958 viribus
1386 902 1684 969 discipulos
1716 915 1843 955 suos
1880 901 2060 956 Domi-

490 1027 591 1067 nus
623 1006 893 1066 armabat,
926 1011 986 1055 ut
1029 997 1291 1052 diabolica
1321 995 1371 1047 in
1406 994 1593 1062 primis
1623 993 1835 1061 agmina
1878 1003 1932 1046 et
1963 994 2059 1046 bo-

493 1103 701 1158 minum
758 1094 1103 1154 inimicitias,
1156 1099 1210 1142 et
1259 1087 1603 1139 adversarias
1643 1085 1789 1137 acies
1833 1097 2053 1153 supera-

491 1203 651 1255 rent;
698 1191 893 1243 deinde
929 1201 957 1238 a
1003 1182 1210 1237 morbis
1258 1190 1312 1234 et
1350 1178 1680 1231 omnimodis
1709 1175 2056 1243 passionibus

485 1285 793 1339 laborantes
851 1286 1142 1339 sanarent;
1208 1275 1404 1328 indicia
1468 1272 1717 1326 videlicet
1774 1270 2047 1338 przedicati

485 1377 638 1447 regni
683 1372 893 1428 eunetis
924 1369 1235 1425 hominibus
1268 1367 1537 1435 praebens.
1568 1364 1866 1432 Oportebat
1910 1363 2052 1415 enim

480 1485 576 1526 eos
619 1469 709 1538 qui
758 1467 1177 1533 inexspectatam
1232 1460 1533 1513 doctrinam
1578 1456 1918 1519 nuntiabant,
1964 1470 2054 1523 pe-

480 1562 818 1631 regrinOrnm
878 1567 1248 1621 novorumque
1298 1552 1564 1606 bonorum
1615 1551 1770 1619 signa
1821 1548 2051 1603 alumnis

478 1654 591 1708 suis
633 1650 912 1706 exhibere.
950 1646 1091 1700 Vere
1121 1644 1285 1714 igitur
1322 1651 1480 1697 erant
1519 1642 1668 1712 regni
1703 1642 1793 1695 Dei
1827 1641 2051 1695 demon-

476 1746 792 1808 strationes,
823 1740 1143 1811 prodigiosa
1174 1739 1422 1800 virtutes,
1456 1744 1511 1791 et
1555 1735 1842 1796 miracula,
1886 1744 2049 1802 atque

475 1837 782 1890 animarum
811 1843 864 1887 et
892 1846 1179 1898 corporum
1210 1831 1520 1885 curationes
1547 1842 1575 1881 a
1602 1826 1893 1881 Servatore
1922 1840 2046 1893 per-

2167 647 2264 718 μὲν
2292 645 2483 715 ταύτῃ.
2524 645 2652 697 ἘπὶΓ
2669 643 2726 697 δὲ
2754 644 2814 695 τὸ
2840 642 2964 713 ἑξῆς
2995 642 3089 695 τοῦ
3112 642 3269 711 λόγου
3294 643 3589 713 προΐωμεν.

2160 736 2697 807 Συγκαλεσάμενος
2714 734 2797 807 ,δὲ
2816 735 2959 800 τοὺς
2979 733 3207 807 δώδεκα
3229 734 3498 806 μαθητείς
3519 734 3734 807 αὐτοῦ,

2218 805 2441 861 ἔδωκεν
2467 806 2670 871 αὐτοῖς
2700 805 2958 875 δύναμιν
2992 806 3089 859 καὶ
3116 806 3424 869 ἐξουσίαν,
3448 805 3510 859 κ.
3543 824 3592 858 τ.
3623 806 3681 858 λ.

2150 902 2153 906 ’
2227 901 2324 955 Διὰ
2354 900 2529 954 ταῦτα
2563 898 2765 961 ἐνθέοις
2796 896 3054 967 δυνάμεσι
3086 896 3210 959 τοὺς
3262 895 3453 950 ἑαυτοῦ
3487 895 3738 967 μαθητὰς

2157 995 2185 1046 ὁ
2219 992 2421 1065 Κύριος
2467 990 2721 1055 ῶπλιζεν,
2756 990 2831 1052 ὡς
2874 990 2940 1043 ἂν
2995 992 3053 1043 ἐν
3082 988 3319 1060 πρώτοις
3345 988 3412 1042 τά
3443 988 3735 1059 δαιμονικά

2159 1084 2317 1155 στίφη
2345 1085 2437 1137 καὶ
2463 1082 2561 1146 τάς
2592 1081 2791 1153 ἐχθρὰς
2813 1082 2920 1135 τῶν
2942 1080 3241 1153 ἀνθρώπων
3284 1083 3377 1135 καὶ
3435 1082 3739 1151 πολεμικὰς

2156 1178 2486 1247 παρατάξεις
2515 1175 2825 1247 καθαιροῖεν
2850 1192 2863 1206 ·
2900 1175 3089 1227 ἔπειτα
3117 1173 3288 1227 νόσων
3322 1174 3413 1225 καὶ
3464 1174 3734 1225 παντοίων

2155 1269 2342 1322 παθῶν
2377 1268 2727 1340 θεραπεύοιεν
2756 1269 2884 1331 τοὺς
2943 1266 3481 1337 καταπονουμένους·
3530 1265 3735 1336 γνωρί-

2155 1378 2333 1430 σματα
2364 1360 2428 1431 δὴ
2458 1360 2558 1430 τῆς
2579 1360 2983 1431 κηρυττομένης
3017 1359 3289 1430 βασιλείας
3321 1360 3573 1430 παρέχων
3598 1361 3732 1430 όρᾷν

2154 1451 2354 1505 ἅπασιν
2384 1450 2709 1522 ἀνθρώποις.
2747 1452 2943 1522 Ἐχρῆν
2978 1452 3104 1523 γὰρ,
3134 1451 3432 1524 παράδοξον
3470 1453 3733 1523 κήρυγμα

2151 1543 2616 1613 καταγγέλλοντας
2646 1585 2661 1608 ,
2695 1543 2882 1614 (ξένων
2929 1544 3023 1598 καὶ
3071 1544 3205 1598 νέων
3251 1545 3469 1613 ἀγαθῶν
3519 1543 3731 1616 ἐναργῆ

2143 1639 2353 1705 ,σημεῖα
2402 1636 2660 1707 παρέχειν
2708 1638 2820 1699 τοῖς
2849 1636 3326 1708 μαθητευομένοις.
3357 1634 3536 1693 Ἦσαν
3563 1639 3608 1691 δ’
3635 1621 3741 1691 οῦν

2149 1727 2365 1798 ἀληθῶς
2385 1727 2518 1781 Θεοῦ
2560 1728 2833 1797 βασιλείας
2860 1729 3129 1800 δείγματα
3160 1732 3216 1783 αἱ
3251 1730 3531 1803 τεράστιαι
3570 1732 3732 1785 δυνά-

2151 1837 2291 1890 μεις,
2325 1822 2394 1875 τά
2414 1839 2473 1874 τε
2501 1821 2752 1892 θαύματα
2780 1822 2871 1875 καὶ
2919 1824 3174 1894 σωτήριοι
3205 1822 3392 1893 ψυχῶν
3413 1825 3507 1877 καὶ
3536 1826 3729 1894 σωμά-

473 1939 628 1981 actm.
680 1924 811 1977 Nam
844 1923 1071 1993 quilibet
1121 1936 1299 1976 sermo
1339 1918 1595 1990 operibus
1640 1934 1860 1984 cassus,
1908 1934 2027 1971 mut

2144 1930 2252 1966 των
2291 1914 2605 1985 θεραπεῖαι*
2636 1916 2719 1968 ὅτι
2748 1915 2889 1978 ἄπας
2927 1914 3114 1983 λόγος,
3163 1915 3338 1987 ἔργων
3378 1917 3603 1988 ἔρημος,
3630 1917 3727 1970 οῦ-

470 2019 629 2086 (ιίιιιιη
695 2016 895 2086 poterit
947 2015 1158 2068 ﬁrmam
1228 2014 1635 2084 persuasionem
1698 2010 2041 2063 audientibus

471 2110 766 2163 insinuare.
819 2108 1108 2176 Propterea
1149 2109 1381 2176 patratis
1424 2106 1676 2175 operibus
1724 2103 1882 2159 ﬁdem
1931 2102 2043 2157 evi-

466 2201 683 2257 dentem
720 2198 1089 2270 praedicationi
1138 2199 1524 2252 conciliabant.
1578 2196 1635 2250 Si
1686 2209 1815 2262 ergo
1862 2193 2041 2245 verbis

469 2294 843 2346 tantummodo
870 2306 932 2345 ac
957 2291 1180 2345 vocibus
1210 2299 1411 2344 temere
1446 2288 1659 2343 emissis
1689 2287 1780 2341 Dei
1814 2300 2036 2354 regnum

465 2385 678 2437 cunctis
724 2383 1102 2447 intimassent,
1144 2391 1198 2435 et
1251 2382 1547 2449 patriorum
1598 2381 1821 2433 deormn
1874 2377 2040 2431 aboli-

464 2475 709 2539 tionem,
764 2475 886 2543 quis
949 2475 1027 2529 eis
1087 2483 1320 2527 mentem
1393 2471 1755 2526 advertisset?
1821 2470 2037 2525 cuinam

364 2572 373 2585 '
464 2568 634 2622 Deum
666 2579 788 2621 esse
816 2565 1211 2635 persuasissent
1258 2563 1566 2617 nuntiatum
1602 2579 1630 2616 a
1668 2577 1726 2616 se
1753 2562 1958 2625 Jesum,
1991 2563 2036 2614 si

463 2661 668 2714 nullam
703 2675 800 2714 suo
834 2658 1141 2713 testimonio
1199 2656 1358 2712 (idem
1410 2657 1712 2712 fecissent?
1751 2656 1874 2711 Ideo
1920 2671 2036 2710 ser-

460 2765 675 2805 monem
710 2764 925 2803 omnem
959 2749 1154 2802 divinis
1183 2763 1566 2818 praeoccupans
1601 2750 1860 2803 Servator
1896 2750 2036 2801 acti-

458 2845 582 2907 bus,
625 2843 802 2912 primo
862 2842 1077 2910 quidem
1134 2855 1198 2896 ex
1248 2841 1430 2910 inepto
1476 2841 1601 2895 vita:
1638 2856 1875 2909 genere,
1917 2841 2033 2896 elo-

456 2935 800 3003 quentiaeque
836 2942 890 2987 et
929 2931 1168 2987 mortalis
1218 2933 1497 3001 sapientiae
1565 2943 1815 3000 expertes
1866 2934 2031 2987 disci-

454 3024 608 3091 pulos
647 3037 775 3079 suos
821 3024 887 3077 ad
919 3025 1080 3077 totius
1131 3024 1315 3076 mundi
1365 3024 1757 3077 correctionem
1809 3024 2029 3095 delegit.

455 3115 661 3169 Deinde
708 3114 1012 3184 piscatores
1062 3114 1366 3168 animarum
1426 3114 1785 3169 lnnuanarum
1842 3131 1904 3171 se
1937 3132 2031 3170 eos

452 3204 773 3260 ell'ecturum
819 3221 1184 3275 prmmoaens,
1221 3216 1409 3259 auctor
1457 3207 1569 3273 ipse
1621 3208 1696 3260 rei
1738 3209 2027 3277 propositae

452 3296 662 3351 exstitit
694 3313 709 3362 ;
756 3298 896 3351 unde
922 3311 1017 3351 eos
1062 3297 1386 3350 mirabilium
1434 3298 1798 3366 prodigiormn
1832 3314 2021 3367 opera-

453 3398 601 3443 tores
637 3389 886 3451 reddidit,
922 3388 1021 3443 bos
1068 3389 1173 3443 illis
1208 3388 1397 3444 hamos
1430 3390 1715 3444 animabus
1758 3391 2024 3446 salutares

451 3480 840 3550 suppeditans,
896 3490 954 3532 ut
998 3480 1062 3533 iis
1104 3491 1390 3548 captarent
1442 3490 1604 3550 atque
1637 3498 1702 3536 ex
1758 3483 2023 3551 profundo

451 3573 706 3640 nequitia:
754 3574 951 3642 abysso
1000 3573 1228 3625 mortale
1260 3588 1427 3641 genus
1461 3576 1834 3638 extraherent,
1870 3577 2023 3631 malis

451 3664 649 3732 fugatis
690 3664 1008 3734 spiritibus,
1047 3666 1290 3719 morbmn
1341 3667 1636 3734 quemlibet
1681 3669 2023 3739 languorem-

449 3770 554 3824 que
606 3764 861 3810 sanantes
926 3767 1058 3809 nutu
1103 3756 1256 3825 ejus;
1305 3762 1537 3813 nondum
1594 3760 1736 3815 enim
1789 3760 2022 3830 Spiritus

446 3849 602 3899 datus
649 3847 820 3901 fuerat
851 3850 918 3902 ⁸⁷.

445 3939 490 3970 ⁸⁸⁸
517 3936 667 3991 Nihil
697 3940 925 3994 tuleritis
952 3941 1006 3995 in
1035 3944 1143 4008 via,
1186 3959 1347 4012 neque
1371 3942 1604 4008 buculos,
1636 3962 1798 4016 neque
1817 3962 2017 4013 peram.

511 4096 821 4152 Secundum
849 4099 1159 4156 Mattbazum
1194 4103 1414 4172 quidem
1447 4103 1512 4170 “,
1544 4096 1665 4159 auri
1705 4115 1760 4158 et
1809 4105 2017 4175 argenti

440 4189 672 4259 a-risque
727 4208 980 4261 possessu
1027 4195 1092 4248 iis
1141 4195 1461 4262 interdixit,
1520 4197 1685 4251 futuri
1735 4200 2014 4269 prxscius.

438 4282 923 4339 Auitnadvertebat
948 4287 1092 4341 enim
1130 4288 1247 4343 fore
1277 4298 1333 4344 ut
1360 4292 1453 4358 qui
1493 4292 1697 4347 morbis
1737 4293 1805 4347 ab
1834 4294 1913 4347 eis
1953 4294 2018 4346 li-

441 4372 784 4443 berarentur,
813 4387 867 4431 et
908 4379 1300 4436 insanabilibus
1327 4384 1481 4436 malis
1512 4385 1776 4439 immunes
1801 4386 2015 4451 ﬂerent,

438 4475 631 4517 cuncta
695 4481 791 4521 sua
840 4473 1161 4536 patrimonia
1211 4473 1275 4527 iis
1324 4477 1515 4529 cedere
1565 4477 1783 4531 vellent.
1835 4480 2014 4546 Quare

2145 2004 2261 2057 ποτ’
2280 2004 2345 2058 ἂν
2374 2005 2564 2076 ἰσχύσῃ
2587 2010 2790 2077 πεῖσμα
2809 2005 3021 2075 βέϐαιον
3054 2008 3347 2079 ἐμποιῆσαι
3371 2013 3483 2073 τοῖς
3511 2012 3729 2079 ἀκροωο

2145 2096 2343 2167 μένοις.
2380 2099 2471 2151 Διὸ
2503 2103 2622 2162 ταῖς
2676 2098 2741 2152 δι’
2779 2099 2955 2170 ἔργων
2999 2100 3440 2171 ἐπιτελουμέναις
3491 2103 3734 2174 πράξεσι

2142 2190 2323 2244 πίστιν
2351 2193 2556 2262 ἐναργῆ
2592 2194 2851 2263 παρεῖχον
2879 2191 2957 2263 τῷ
3000 2192 3337 2263 κηρύγματι.
3372 2195 3432 2247 Εἰ
3472 2195 3600 2263 γοῦν
3626 2195 3727 2265 ψι-

2139 2280 2249 2344 λοῖς
2277 2283 2562 2353 ῥηματίοις
2587 2284 2681 2336 καὶ
2715 2287 2921 2353 φωναῖς
2945 2284 3068 2354 εἰκῆ
3104 2287 3540 2358 προφερομέναις
3584 2288 3725 2342 Θεοῦ

2141 2371 2414 2441 βασιλείαν
2456 2375 2537 2437 εἰς
2582 2376 2790 2439 πάντας
2825 2376 3016 2439 ἐϐόων,
3046 2377 3344 2431 κατάλυσιν
3374 2397 3433 2432 τε
3467 2380 3574 2433 τῶν
3617 2399 3727 2434 πα-

2136 2465 2304 2536 τριῶν
2338 2465 2496 2530 θεῶν,
2530 2468 2615 2530 τίς
2644 2467 2708 2520 ἂν
2734 2468 2917 2531 αὐτοῖς
2958 2468 3201 2539 παρέσχε
3233 2470 3323 2523 τὸν
3348 2471 3503 2536 νοῦν;
3531 2472 3651 2525 τίνα
3676 2472 3726 2526 δ’

2134 2556 2200 2609 ἂν
2234 2557 2457 2612 ἔπεισαν
2500 2558 2633 2612 Θεὸν
2665 2555 2804 2614 εἶναι
2842 2560 2936 2614 τὸν
2990 2562 3195 2630 Ἰησοῦν
3240 2564 3720 2633 καταγγέλλοντες,

2139 2650 2406 2721 μηδεμίαν
2455 2652 2512 2705 δὲ
2564 2652 2747 2705 πίστιν
2773 2656 2839 2724 τῇ
2878 2654 3152 2725 μαρτυρίᾳ
3186 2657 3582 2727 προσάγοντεςς
3626 2660 3722 2713 Διὸ

2134 2747 2310 2799 πάντα
2339 2745 2499 2813 λόγον
2531 2744 2741 2808 θεῖκαῖς
2795 2744 3196 2816 προλαμϐάνων
3240 2746 3503 2817 πράξεσιν
3531 2750 3560 2801 ό
3604 2751 3723 2802 Σω-

2132 2836 2255 2906 τὴρ,
2288 2835 2481 2906 πρῶτα
2526 2836 2625 2906 μὲν
2671 2835 3123 2907 ἀνεπιτηδεύτους
3155 2838 3244 2891 τὸν
3295 2840 3513 2910 τρόπον,
3543 2841 3721 2909 λόγων

2131 2945 2189 2980 τε
2222 2928 2315 2981 καὶ
2334 2929 2524 2998 σοφίας
2553 2928 2754 2999 θνητῆς
2798 2929 3058 3001 ἀπείρους
3087 2931 3215 2993 τοὺς
3246 2931 3410 2984 αὑτοῦ
3466 2933 3723 3005 μαθητὰς

2131 3021 2223 3074 ἐπὶ
2251 3020 2585 3092 κατορθώσει
2610 3021 2710 3091 τῆς
2752 3021 2878 3091 ὅλης
2917 3022 3239 3093 οἰκουμένης
3274 3025 3715 3096 προεχειρίζετοο

2129 3114 2361 3167 κᾶπειτα
2384 3113 2635 3177 άλιευτάς
2662 3113 2848 3183 ψυχῶν
2887 3114 3245 3185 ἀνθρωπίνων
3273 3119 3520 3187 ποιήσειν
3576 3135 3717 3188 προ-

2129 3205 2304 3273 φήσας
2336 3205 2551 3268 αὐτοὺς,
2585 3206 2813 3276 ποιητὴς
2852 3206 3012 3268 αὐτὸς
3058 3208 3265 3275 ἐγίνετο
3310 3209 3409 3279 τῆς
3472 3212 3716 3279 ἐπαγγε-

2127 3292 2286 3356 λίας·
2345 3294 2465 3347 ὅθεν
2509 3296 2826 3367 παραδόξων
2878 3296 3170 3368 θαυμάτων
3226 3301 3463 3370 ἐργάτας
3515 3303 3716 3367 αὐτοὺς

2125 3386 2506 3453 ἀπειργάζετο,
2546 3386 2815 3460 ἄγκιστρα
2835 3388 3009 3443 ταῦτα
3041 3390 3227 3462 ψυχῶν
3256 3396 3497 3465 σωτήρια
3534 3414 3716 3468 παρα-

2122 3476 2295 3540 διδοὺς
2321 3477 2517 3540 αὐτοῖς,
2549 3478 2623 3541 ὡς
2645 3479 2709 3531 ἂν
2742 3480 2809 3533 δι’
2847 3481 3024 3534 αὐτῶν
3053 3485 3402 3554 σαγηνεύοιεν
3434 3489 3526 3541 καὶ
3558 3490 3716 3543 ἀνέλ-

2124 3586 2271 3621 κοιεν
2316 3569 2379 3622 ἐκ
2420 3569 2514 3622 τοῦ
2566 3571 2662 3642 τῆς
2727 3572 2920 3637 κακίας
2957 3573 3115 3644 βυθοῦ
3167 3578 3228 3631 τὸ
3286 3579 3477 3650 θνητὸν
3528 3583 3708 3650 γένος,

2124 3661 2407 3731 πνεύματα
2439 3665 2649 3734 πονηρά
2671 3665 3079 3733 φυγαδεύοντες,
3111 3670 3204 3721 καὶ
3231 3673 3410 3725 πᾶσαν
3432 3673 3584 3727 νόσον
3612 3674 3710 3729 καὶ

2125 3755 2397 3824 μαλακίαν
2435 3756 2651 3826 ἰώμενοι
2674 3758 2766 3811 ἐπὶ
2788 3758 2887 3829 τῆς
2917 3762 3183 3833 ἐπιταγῆς
3209 3764 3307 3834 τῆς
3331 3764 3496 3818 αὐτοῦ
3513 3783 3526 3795 ·
3554 3764 3708 3819 οὔπω

2122 3848 2230 3917 γὰρ
2256 3844 2324 3918 ἦν
2363 3849 2586 3920 Πνεῦμα
2614 3851 2916 3922 δεδομένον.

2120 3939 2325 4006 Μηδὲν
2350 3942 2543 4009 αἴρετε
2574 3946 2661 4009 είς
2690 3943 2804 4013 τὴν
2852 3946 3023 4081 (fidem
3051 3946 3205 4016 μήτε
3245 3948 3528 4016 ῥάϐδους,
3552 3951 3706 4020 μήτε

2787 4032 3010 4081 ποίαν.

2787 4032 3010 4084 πηραν.

2186 4102 2344 4156 Κατὰ
2379 4104 2475 4174 μὲν
2504 4100 2596 4159 οὖν
2642 4107 2733 4159 τὸν
2784 4109 3063 4163 Ματθαῖον
3094 4111 3295 4183 χρυσοῦ
3326 4113 3419 4166 καὶ
3460 4112 3702 4184 ἀργύρου

2120 4197 2214 4248 καὶ
2244 4197 2445 4267 χαλκοῦ
2479 4198 2577 4270 τὴν
2599 4200 2793 4270 κτῆσιν
2828 4202 3007 4266 αὐτοῖς
3035 4204 3364 4277 ἀπηγόρευε,
3402 4204 3702 4275 προγνώσει

2118 4290 2211 4343 τοῦ
2241 4291 2526 4361 μέλλοντος
2549 4308 2561 4322 ⁸
2608 4292 2853 4364 συνεώρα
2898 4294 3038 4367 γὰρ,
3066 4296 3142 4359 ὡς
3169 4298 3277 4369 ἄρα
3306 4298 3353 4349 οἱ
3389 4297 3486 4361 τὰς
3514 4298 3701 4361 νόσους

2118 4383 2209 4436 ὑπ’
2241 4383 2419 4436 αύτῶν
2450 4384 2505 4437 θε
2517 4385 2987 4457 ραπευθησόμενοι
3015 4390 3107 4441 καὶ
3141 4390 3249 4442 τῶν
3275 4391 3505 4444 ἀνιάτων
3528 4391 3704 4444 ἀπαλ-

2115 4476 2477 4547 λαγησόμενοι
2520 4476 2727 4542 παθῶν,
2757 4478 3074 4549 ἐθελήσουσι
3118 4483 3213 4534 καὶ
3270 4482 3485 4534 πάντων
3519 4482 3701 4545 αὐτοῖς

438 4556 489 4609 id
535 4572 917 4626 prreoccnpans
962 4565 1312 4632 praecipiebat
1359 4582 1425 4620 ne
1459 4570 1687 4637 gratiam
1740 4587 2011 4637 caupona-

2131 4570 2224 4623 :th
2257 4570 2610 4641 ὑπαρχόντων
2640 4572 2904 4642 ἐκχωρεῖν
2924 4588 2937 4601 ·
2968 4572 3048 4624 διὸ
3096 4573 3267 4627 ταῦτα
3298 4571 3583 4645 προλαϐὼν
3622 4573 3700 4626 δι-

438 4657 647 4713 rentur,
691 4666 866 4720 neque
910 4654 1048 4708 dona
1094 4658 1183 4711 Dei
1219 4659 1429 4713 venalia
1483 4661 1766 4716 baberent.
1807 4662 2006 4717 Verum

434 4743 730 4795 secundum
759 4744 1371 4816 reliquosevaugelistas
1390 4752 1673 4824 ipsumque
1697 4753 2007 4811 Mattluentn

432 4849 537 4887 non
574 4835 757 4889 sinens
781 4851 875 4893 eos
893 4839 1121 4910 virgam,
1157 4858 1331 4912 neque
1363 4861 1567 4916 peram,
1603 4864 1777 4918 neque
1797 4850 2009 4905 calcea-

432 4935 637 4989 menta,
673 4942 845 4997 neque
878 4930 1012 4985 duas
1053 4932 1263 4987 tunicas
1287 4973 1303 5000 ,
1335 4936 1427 4990 sed
1461 4953 1635 5007 neque
1681 4955 1874 5007 panem
1916 4956 2009 5008 pe-

429 5018 754 5087 cuniamque
787 5031 1034 5091 portare,
1063 5041 1185 5079 cum
1221 5041 1446 5097 peregre
1473 5041 1655 5086 essent
1689 5032 2004 5101 profecturi,

429 5106 557 5161 hinc
593 5111 841 5178 capiebat
876 5116 1309 5176 experimentum
1360 5118 1571 5173 illormn
1624 5121 1744 5177 lidei
1793 5132 1847 5178 et
1890 5124 2006 5177 ala-

429 5200 663 5264 critatis,
694 5204 738 5256 si
773 5204 990 5272 quidem
1021 5204 1161 5275 jnssi
1208 5211 1608 5278 pauperrimam
1642 5212 1807 5266 vitam
1845 5215 2003 5283 dege-

430 5306 509 5357 re,
544 5310 719 5364 neque
761 5298 930 5364 ipsius
960 5301 1261 5369 quotidiani
1290 5302 1531 5357 alimenti
1571 5320 1757 5359 curam
1789 5322 1999 5375 gerere,

429 5402 607 5457 neque
646 5394 944 5447 secundam
999 5398 1234 5452 tunicam
1290 5398 1530 5464 habere,
1581 5414 1757 5469 neque
1805 5400 2001 5454 calceis

426 5480 528 5543 uti,
564 5497 683 5535 cum
713 5493 890 5540 tamen
924 5488 1233 5544 universum
1270 5491 1456 5545 orbem
1499 5506 1793 5561 peragrare
1834 5492 1998 5553 debe-

429 5581 569 5635 rent,
625 5576 975 5633 nibilominus
1016 5578 1167 5647 jussa
1202 5582 1344 5637 baud
1375 5583 1760 5639 detrectarent.
1800 5581 1903 5638 Sed
1945 5593 2000 5636 et

430 5667 571 5730 amni
616 5670 857 5735 pecuniae
912 5686 1121 5737 amore,
1176 5676 1573 5744 mundanisque
1626 5675 1772 5730 curis
1809 5689 1997 5730 carere

499 5868 547 5907 ⁶⁴³
576 5885 693 5944 cap.
723 5888 797 5939 Ix,
831 5875 877 5929 Ι.
956 5876 997 5907 ⁸⁷
1028 5874 1183 5933 Joau.
1216 5894 1310 5947 vn,
1339 5878 1425 5934 59.
1506 5880 1548 5913 ⁸⁸
1582 5896 1696 5951 cap.
1737 5898 1809 5947 Ix,
1847 5884 1897 5937 5.

2116 4661 2412 4725 εστέλλετο,
2441 4662 2516 4733 μὴ
2540 4663 2870 4733 καπηλεύειν
2892 4665 2992 4736 τὴν
3021 4666 3178 4735 χάριν
3213 4667 3344 4737 μηδὲ
3370 4667 3699 4737 πιπράσκειν

2112 4755 2182 4808 τὰ
2203 4757 2267 4808 ὲκ
2309 4754 2441 4807 Θεοῦ
2499 4754 2781 4827 παραινῶν
2833 4755 3013 4828 δῶρα’
3062 4756 3201 4810 κατά
3231 4758 3287 4810 δὲ
3320 4759 3442 4820 τοὺς
3482 4757 3697 4821 λοιποὺς

2113 4850 2206 4902 καὶ
2230 4848 2321 4901 τὸν
2356 4848 2519 4901 αὐτὸν
2548 4849 2827 4903 Ματθαῖον
2856 4849 2930 4920 μὴ
2971 4850 3280 4921 ἐπιτρέπων
3327 4851 3507 4912 αὐτοῖς
3562 4850 3695 4920 μήτε

2115 4941 2329 5013 ῥάϐδον,
2355 4944 2491 5013 μήτε
2526 4943 2726 5013 πήραν,
2764 4944 2902 5013 μήτε
2938 4942 3281 5013 ὑποδήματα,
3314 4944 3448 5013 μήτε
3478 4942 3570 4995 δύο
3612 4960 3694 5012 χι-

2111 5033 2308 5097 τῶνας,
2342 5033 2479 5086 ἀλλά
2517 5036 2641 5105 μήτ’
2672 5035 2858 5106 ἄρτον,
2900 5037 3037 5107 μήτε
3066 5036 3327 5108 ἀργύριον
3372 5034 3691 5103 ἐπάγεσθαι,

2112 5126 2411 5197 μέλλοντας
2449 5129 2536 5181 ἐπ’
2569 5128 2878 5199 ἀλλοδαπῆς
2939 5130 3273 5191 στέλλεσθαι,
3318 5128 3545 5198 δοκιμὴν
3598 5125 3693 5196 τῆς

2104 5219 2282 5273 αὐτῶν
2312 5220 2550 5285 πίστεώς
2574 5239 2633 5275 τε
2659 5222 2753 5275 καὶ
2779 5221 3086 5295 προθυμίας
3118 5223 3440 5292 ἐλάμϐανεν,
3462 5223 3529 5284 εἰ,
3551 5234 3691 5289 παρ-

2102 5312 2458 5381 αγγελθέντες
2510 5315 2599 5367 τὸν
2649 5316 2832 5387 ἄκρως
2865 5316 3149 5386 ἀκτήμονα
3179 5315 3293 5385 βίον
3320 5313 3583 5384 μετιέναι,
3619 5311 3692 5374 ὡς

2108 5404 2243 5473 μηδὲ
2275 5404 2377 5474 τῆς
2408 5407 2686 5478 ἐφημέριω
2719 5408 2928 5479 τροφῆς
2964 5408 3221 5481 πρόνοιαν
3261 5406 3551 5468 ποιεῖσθαι,
3592 5421 3690 5474 μη-

2107 5495 2163 5548 δὲ
2187 5496 2440 5568 δεύτερον
2467 5498 2767 5567 ἐπάγεσθαι
2795 5500 3019 5569 χιτῶνα,
3049 5499 3184 5571 μηδέ
3212 5498 3520 5568 ὑποδήμασι
3560 5494 3687 5564 χρῆ-

2109 5587 2255 5654 σθαι,
2295 5590 2582 5662 μέλλοντες
2608 5593 2707 5665 τὴν
2737 5593 3030 5664 σύμπασαν
3067 5592 3471 5663 ἐκπερινοστεῖν
3513 5589 3689 5641 οἰκου-

2108 5682 2297 5753 μένην,
2328 5684 2402 5755 μὴ
2433 5684 2680 5755 φεύγοιεν
2715 5687 2782 5740 τὰ
2804 5688 3237 5761 παραγγέλματα
3258 5704 3270 5716 ·
3296 5684 3430 5754 ἀλλὰ
3458 5682 3550 5737 καὶ
3570 5682 3687 5750 ἀφ’

1981 5885 2022 5919 η
2052 5884 2236 5939 naua.
2288 5900 2339 5951 ς,
2372 5887 2424 5952 9,
