3968 6516
266 413 380 468 5ῑῦ

1448 412 1944 470 (ΣΟΜΜΕΝΤΑΒΙΑ
1986 416 2051 470 IN
2089 416 2340 473 LUCAM.

3403 420 3506 476 546

264 528 654 599 λοχρημάτους
678 522 995 596 ἀφρόντιδάς
1016 541 1074 577 τε
1102 525 1194 578 τοῦ
1217 524 1330 595 βίου
1367 526 1475 579 δεῖν
1498 528 1691 591 αὐτοὺς
1716 525 1845 584 εἶναι

1956 545 2048 584 eos
2085 529 2271 605 voluit.
2307 530 2477 585 Porro
2522 538 2698 585 autem
2736 532 3181 596 contestabatur.
3238 533 3350 589 lucc
3403 536 3508 593 illis

262 618 620 688 βουλῦμενος.
653 615 837 669 Ταῦτα
866 615 1283 688 διεμαρτύρατο,
1315 618 1389 682 ώς
1404 617 1471 671 ἂν
1497 619 1605 673 τῶν
1629 622 1692 673 ἐκ
1715 622 1847 675 Θεοῦ

260 711 522 779 δομάτων
549 707 719 779 ταύτῃ
747 726 819 778 πη
852 709 1034 771 αὐτοῖς
1057 707 1449 780 δοθησομένων,
1485 712 1532 763 εἰ
1565 714 1658 766 καὶ
1698 714 1851 767 αὐτοὶ

261 803 406 871 παρ’
441 800 649 852 ἑαυτῶν
681 800 771 851 τὸν
802 798 1132 871 κατάλληλον
1187 800 1299 871 βίον
1355 804 1575 869 ἐπάξιον
1612 807 1711 876 τῆς
1744 808 1851 860 τῶν

260 891 435 944 θείων
465 892 819 962 χαρισμάτων
858 894 1103 963 κτήσεως
1149 897 1617 964 παρασκευάζοιεν
1643 916 1657 931 ·
1680 918 1848 972 προσ-

258 985 431 1055 ήκειν
492 984 601 1055 γάρ
633 983 867 1054 ἀμοιϐήν
892 1001 1011 1038 τινα
1039 986 1364 1057 ποιήσασθαι
1390 989 1484 1042 καὶ
1529 990 1851 1046 ἀντικαταλ-

257 1074 560 1140 λάξασθαι,
585 1074 1006 1145 ὑποδεχομένους
1041 1078 1137 1147 μὲν
1173 1078 1322 1149 παρά
1344 1079 1437 1132 τοῦ
1462 1080 1595 1134 Θεοῦ
1623 1083 1723 1145 τὰς
1749 1101 1852 1137 σω-

256 1169 499 1238 τηρίους
518 1168 615 1221 καὶ
636 1167 989 1237 εὐεργετικάς
1012 1168 1313 1238 ἀνθρώπων
1340 1171 1615 1241 δυνάμεις,
1655 1176 1851 1228 ἀντιδι-

258 1257 455 1323 δάντες
485 1258 545 1312 δὲ
577 1257 726 1328 αὐτῷ
751 1260 996 1330 ὑπακοὴν
1024 1259 1131 1313 τῶν
1153 1261 1318 1314 αὐτοῦ
1349 1265 1847 1335 παραγγελμάτων,

230 1342 239 1351 ’
264 1350 591 1423 προθυμίαν
619 1367 679 1403 τε
702 1350 797 1403 καὶ
828 1351 1144 1422 προαίρεσιν
1188 1351 1474 1423 ἐλευθέραν
1496 1354 1599 1423 τῆς
1628 1356 1764 1426 πρὸς
1783 1357 1851 1410 τά

264 1438 507 1509 βιωτικά
562 1439 923 1510 συμπαθείας.
971 1439 1129 1494 Ἀλλὰ
1176 1445 1271 1496 καὶ
1332 1443 1559 1497 πλοῦτον
1606 1446 1851 1517 οὐράνιον

260 1532 394 1595 ταῖς
416 1530 601 1585 αὐτῶν
638 1530 835 1601 ψυχαῖς
874 1532 1317 1603 ὑποδεχομένους,
1354 1535 1453 1605 τῆς
1492 1553 1552 1588 τε
1590 1538 1684 1591 τοῦ
1717 1539 1851 1592 Θεοῦ

1951 638 1979 675 a
2024 621 2131 677 Deo
2177 623 2358 676 datum
2394 621 2455 674 iri
2487 621 2646 685 dona,
2676 622 2721 677 si
2755 623 2991 677 vicissim
3030 625 3127 693 ipsi
3160 625 3373 695 dignam
3426 630 3508 683 di-

1950 713 2089 766 vinis
2112 712 2529 766 charismatibus
2559 713 2718 765 vitam
2750 726 2928 768 essent
2961 715 3215 784 ingressi.
3244 715 3509 787 Oportere

1948 800 2090 854 enim
2127 809 2365 853 mutuam
2393 802 2680 869 quamdam
2709 817 2827 857 esse
2858 804 3287 870 retributionem,
3318 824 3510 876 nempe

1950 906 1980 944 a
2020 890 2128 943 Deo
2160 892 2405 959 accipere
2434 891 2725 947 salutarem
2760 904 2923 962 atque
2946 896 3243 951 beneficam
3276 900 3509 954 homini-

1949 979 2050 1033 bus
2104 990 2467 1048 potestatem,
2526 982 2874 1053 vicissimque
2947 987 3089 1055 ipsos
3144 989 3506 1044 obedientiam

1953 1069 2220 1122 mandatis
2249 1069 2367 1138 ejus
2393 1071 2675 1134 exhibere,
2711 1075 3186 1143 promptitudinem
3220 1091 3275 1133 et
3308 1095 3509 1149 propo-

1950 1159 2112 1213 situm
2145 1160 2290 1214 omni
2341 1162 2523 1215 mundi
2572 1162 2763 1217 affectu
2808 1164 3056 1219 liberum.
3088 1165 3192 1222 Sed
3239 1179 3295 1224 et
3345 1172 3509 1227 coale-

1948 1252 2123 1306 stihus
2171 1253 2364 1320 opibus
2422 1254 2602 1309 animo
2652 1255 2917 1323 imbutos,
2970 1269 3026 1314 et
3088 1262 3235 1329 regni
3288 1264 3379 1318 Dei
3420 1281 3509 1318 ar-

1950 1345 2066 1399 rhis
2109 1344 2427 1410 instructos,
2460 1356 2712 1414 oportere
2736 1357 2955 1405 terrena
2993 1351 3274 1422 despicere
3301 1356 3510 1423 judica-

1953 1439 2083 1493 bat:
2134 1455 2307 1510 neque
2359 1456 2573 1505 aurum,
2630 1458 2805 1512 neque
2864 1445 3085 1501 divitias
3143 1462 3316 1515 neque
3364 1449 3510 1502 aliud

1951 1531 2166 1599 quidvis
2196 1532 2334 1601 apud
2368 1533 2616 1587 homines
2662 1535 2961 1602 pretiosum
3007 1540 3156 1606 pensi
3202 1541 3506 1595 habendum

196 1678 201 1683 ,
264 1622 559 1692 βασιλείας
584 1624 896 1696 assuetam
944 1625 1557 1697 ἐφοδιαξομένους,τῶν
1608 1630 1702 1683 ἐπὶ
1748 1632 1845 1701 γῆς

1951 1634 2061 1689 prae
2084 1620 2284 1675 collato
2318 1621 2447 1690 ipsis
2469 1624 2731 1678 cmlorum
2768 1626 3043 1683 thesauro.
3081 1629 3184 1683 Sed
3216 1641 3271 1685 et
3312 1632 3511 1687 milites

248 1719 638 1787 καταφρονεῖν
654 1719 847 1788 χρῆναι
878 1716 987 1770 δεῖν
1008 1715 1143 1787 ᾤετο
1158 1736 1173 1749 ο
1202 1720 1297 1772 καὶ
1317 1718 1453 1789 μήτε
1473 1721 1694 1791 χρυσὸν,
1717 1725 1845 1794 μήτε

1952 1712 2170 1764 eosdem
2207 1713 2355 1781 regni
2400 1714 2492 1768 Dei
2520 1716 2900 1782 conscribens,
2943 1720 3221 1786 expeditos
3264 1736 3383 1775 esse
3415 1738 3510 1776 cu-

242 1807 560 1877 γρήματα,
592 1808 728 1878 μήτε
755 1825 808 1860 τι
837 1807 944 1860 τῶν
985 1812 1117 1880 παρ’
1151 1810 1457 1882 ἀνθρώποις
1506 1813 1698 1883 τιμίων
1752 1816 1845 1868 ἐπ-

1957 1805 2110 1859 rabat
2164 1807 2229 1858 ad
2284 1808 2724 1863 committendum
2772 1824 2895 1864 cum
2947 1813 3192 1867 hostibus
3237 1815 3507 1882 proalium.

246 1897 711 1971 ςάξιοννήγεῖσθαι
756 1899 851 1953 τοῦ
881 1901 1318 1971 παρασχεθέντος
1367 1904 1551 1968 αὐτοῖς
1601 1906 1845 1976 οὐρανίου

1950 1892 2245 1962 Propterea
2270 1895 2387 1950 sine
2409 1898 2869 1963 patrimonioesse
2886 1900 3095 1956 volebat
3120 1903 3318 1959 milites
3344 1922 3503 1960 suos:

252 1990 525 2045 πλούτου.
574 1991 732 2045 Ἀλλά
760 1994 854 2045 καὶ
877 1991 1213 2063 στρατιώτας
1244 1996 1441 2059 αὐτοὺς
1465 1997 1564 2067 τῆς
1587 1997 1681 2050 τοῦ
1708 1998 1843 2052 Θεοῦ

1948 1983 2143 2039 etenim
2182 1986 2346 2039 Nemo
2384 1987 2618 2041 militans
2658 1988 2889 2057 implicat
2928 2007 2981 2044 se
3035 1995 3215 2047 mundi
3251 1997 3505 2064 negotiis,

248 2082 550 2153 βασιλείας
576 2084 873 2146 ἀποτελῶν,
902 2083 1168 2149 εὐζώνους
1197 2087 1605 2157 παρεσκεύαζεν
1632 2091 1724 2143 ἐπὶ
1754 2092 1844 2145 τὸν
1951 2084 2006 2128 υτ
2037 2076 2107 2139 εῖν
2139 2092 2171 2129 α
2198 2092 2299 2145 quo
2332 2079 2655 2146 τοηεσνίρευδ
2683 2081 2810 2149 [υἷε.
2842 2082 3044 2150 Placeat
3073 2085 3141 2141 "-

262 2178 414 2269 πρὸς
461 2179 591 2242 τοὺς
641 2178 1044 2248 ἀντικειμένους
1076 2180 1329 2250 πόλεμον.
1382 2182 1480 2234 Διά
1540 2182 1710 2236 ταῦτα
1777 2186 2085 2259 ἀκτήμονας
2130 2186 2263 2244 εἶναι
2318 2192 2549 2264 παρῄνει
2590 2195 2715 2257 τοὺς
2763 2196 2924 2251 αὐτοῦ
2966 2200 3333 2269 στρατιώτας·
3389 2204 3509 2258 ἐπεὶ

262 2268 504 2339 Μηδεὶς
526 2271 1001 2338 στρατευόμενος
1032 2270 1387 2341 ἐμπλέκεται
1408 2273 1540 2340 ταῖς
1568 2275 1671 2328 τοῦ
1685 2277 1828 2340 βίου
1854 2282 2294 2350 πραγματείαις,
2324 2283 2422 2335 ἵνα
2442 2283 2521 2349 τῷ
2551 2268 3098 2357 στρατολογήσαντι
3116 2291 3329 2359 ἀρέσῃ.

342 2360 459 2417 Καὶ
481 2363 570 2428 είς
597 2359 678 2429 ἣν
704 2361 781 2415 ἂν
797 2363 995 2417 οὶκίαν
1026 2363 1366 2431 εἰσέλθητε,
1394 2364 1520 2419 ἐκεῖ
1548 2366 1778 2435 μένετε.

353 2453 418 2509 '0
452 2453 637 2525 μέντοι
664 2451 887 2524 Κύριος,
919 2455 1102 2525 ἐπειδὴ
1146 2455 1442 2528 χρημάτων
1506 2459 1599 2511 καὶ
1648 2462 1847 2531 χρυσοῦ

258 2544 362 2599 κατι
397 2544 638 2616 ἀργύρου
673 2545 767 2598 καὶ
796 2545 1019 2615 χιτῶνος
1049 2540 1322 2620 δευτέρου,
1357 2550 1539 2622 πάσης
1566 2569 1625 2605 τε
1670 2555 1847 2627 ὑπάρ-

258 2636 409 2704 ξεως
442 2637 543 2708 τὴν
578 2636 767 2707 κτῆσιν
803 2640 913 2702 τοῖς
954 2639 1219 2710 μαθηταῖς
1271 2642 1665 2715 ἀπηγόρευσεν,
1722 2646 1850 2717 ἑξῆς

258 2728 579 2794 ἀκολούθως
606 2729 748 2784 κατά
773 2730 866 2783 τὸν
896 2732 1186 2798 Ματθαῖον,
1220 2734 1452 2797 ὅπωςτά
1477 2736 1612 2806 πρὸς
1643 2738 1847 2810 τροφὴν

260 2824 457 2887 αὐτοῖς
490 2822 897 2895 πορισθίμεται,
922 2823 1233 2892 ἀναγκαίως
1259 2825 1539 2896 διεσάφει*
1561 2827 1640 2880 διὸ
1674 2828 1847 2899 ἐπῆγε

256 2913 444 2982 λέγων
465 2931 480 2945 ·
515 2912 709 2980 Ἄξιος
751 2918 784 2968 ό
823 2914 1075 2984 ἐργάτης
1102 2914 1210 2982 τῆς
1240 2916 1465 2986 τροφῆς
1501 2918 1709 2973 αὐτοῦ.
1736 2921 1848 2975 Καὶ

258 3006 414 3061 τοῦτ’
442 3006 593 3077 ἔλεγε
628 3007 834 3079 τροφῆς
890 3008 1059 3079 μόνης
1086 3009 1395 3081 ἐπιτρέπων
1439 3014 1711 3065 κοινωνεῖν
1737 3014 1849 3076 τοῖς

261 3098 545 3153 ἐθέλουσιν
586 3100 767 3161 αὐτοῖς
819 3100 1183 3170 μεταδιδόναιο
1239 3101 1491 3157 τοσοῦτον
1552 3104 1597 3157 δ’
1642 3105 1848 3172 ἀποφέ-

265 3190 461 3263 ρεσθαι
522 3190 834 3262 συνεχώρει,
864 3192 985 3244 ὅσον
1035 3190 1305 3263 αὔταρκες
1354 3189 1423 3265 ῆν
1477 3194 1650 3266 ἀνδρὶ,
1708 3195 1849 3266 πρὸς

265 3284 549 3356 ἐφήμερον
571 3283 831 3354 ἐργασίαν
853 3283 1042 3336 ἑαυτὸν
1078 3284 1442 3355 μεμισθωκότι
1461 3326 1476 3352 ,
1507 3288 1714 3359 τροφῆς
1756 3305 1850 3359 με·-

265 3376 548 3430 ταλαϐεῖν.
586 3374 742 3428 Οὕτω
775 3374 905 3443 γοῦν
936 3378 1032 3429 καὶ
1068 3380 1180 3439 τοῖς
1205 3378 1261 3431 δε
1293 3378 1491 3444 ἐξεῖναι
1520 3380 1581 3432 οὐ
1623 3379 1848 3450 μισθοὺς

266 3466 385 3519 τῶν
407 3465 736 3538 εὐεργεσιῶν
766 3466 1207 3538 εἰσπράττεσθαι,
1237 3470 1469 3537 Δωρεάν
1492 3471 1623 3541 γὰρ,
1662 3474 1846 3544 φησὶν,

266 3559 540 3624 ἐλάϐετε,
574 3558 800 3627 δωρεὰν
827 3559 991 3613 δότε·
1024 3561 1144 3613 ἀντὶ
1176 3561 1233 3614 δὲ
1258 3562 1359 3632 τῆς
1412 3564 1541 3634 περὶ
1581 3562 1641 3615 τὸ
1679 3564 1849 3635 κήρυ-

265 3669 389 3724 γμα
419 3651 616 3723 σχολῆς
640 3650 810 3704 τεκαὶ
831 3653 1110 3723 ἐργασίας,
1138 3652 1257 3706 ἀντί
1288 3671 1345 3707 τε
1384 3653 1492 3708 τῶν
1522 3654 1698 3709 πόνων
1753 3654 1847 3708 τοῦ

270 3743 550 3816 σώματος,
583 3742 677 3807 οὓς
706 3742 974 3815 τοσαύτην
1008 3744 1390 3816 στελλομένους
1442 3746 1666 3818 πορείαν
1699 3746 1845 3810 εἰκὸς

264 3834 341 3910 ἦν
389 3834 681 3906 ὑπομένειν
729 3835 944 3900 αὐτοὺς,
977 3836 1143 3907 μόνης
1170 3838 1374 3908 τροφῆς
1398 3840 1496 3908 τῆς
1543 3839 1846 3907 ἀναγκαίας

265 3929 470 4001 χρῆναι
489 3926 937 3998 μεταλαμϐάνειν
962 3946 975 3958 ·
1007 3929 1100 3980 καὶ
1126 3928 1326 4001 ταύτης
1363 3928 1437 3999 μὴ
1465 3932 1576 3993 τοῖς
1624 3932 1845 4002 τυχοῦσι

267 4023 571 4082 κοινωνεῖν,
600 4019 733 4090 μηδὲ
755 4018 904 4089 παρά
927 4019 1032 4072 τῶν
1056 4020 1314 4090 παρέχειν
1338 4019 1624 4074 ἐθελόντων
1647 4022 1847 4076 ἀϐασα-

266 4112 471 4176 νίστως
519 4110 837 4182 λαμϐάνειν,
885 4110 1077 4181 μόνους
1132 4110 1189 4164 δὲ
1239 4113 1360 4176 τοὺς
1393 4110 1573 4177 ἀξίους
1592 4116 1658 4184 τῇ
1688 4114 1845 4185 λήψει

265 4205 473 4277 τιμᾷψ
499 4198 582 4267 οἷς
610 4203 703 4256 καὶ
749 4202 1008 4273 μεγίστην
1042 4203 1275 4274 ἀμοιϐὴν
1312 4204 1410 4276 τῆς
1456 4204 1660 4276 τροφῆς
1712 4221 1845 4274 προ-

267 4282 650 4368 λαμϐάνοντας
671 4294 1004 4358 ἀντιδιδόναι,
1030 4296 1253 4366 εἰρήνην
1278 4296 1459 4359 αὐτοῖς
1489 4298 1581 4349 καὶ
1612 4297 1710 4359 τὰς
1752 4295 1844 4349 τοῦ

264 4385 404 4441 Θεοῦ
436 4386 728 4455 διαλλαγὰς
757 4385 1291 4457 εὐαγγελιζομένους.
1320 4387 1503 4441 Ταῦτα
1536 4389 1580 4441 δ’
1619 4387 1843 4442 ἀκολού-

268 4479 378 4545 θως
404 4482 520 4544 τοῖς
544 4480 641 4549 τῆς
673 4478 838 4532 αὐτοῦ
867 4478 1143 4549 βασιλείας
1174 4477 1533 4550 στρατιώταις
1578 4479 1806 4552 παρῄνει
1827 4498 1841 4512 °

266 4568 827 4643 προμαρτυρούμενος
860 4568 933 4640 μὴ
963 4570 1261 4642 χρημάτων
1297 4571 1564 4641 ἐφίεσθαι,
1599 4573 1733 4643 μηδέ
1765 4590 1847 4626 τι-

265 4679 355 4727 νος
404 4661 467 4716 τὺ
516 4661 776 4733 παράπαν
825 4663 1102 4732 κτήματος
1152 4663 1349 4734 μικροῦ
1386 4664 1420 4734 ἢ
1476 4663 1735 4734 μεγάλου,
1765 4667 1845 4729 είς

265 4754 437 4828 ἀκρον
468 4753 513 4806 δ’
557 4753 799 4807 ἐλαύνειν
847 4755 1257 4825 ἀκτημοσύνης’
1298 4756 1397 4826 τῆς
1446 4772 1507 4808 τε
1569 4755 1843 4829 ἐφημέρου

265 4847 475 4920 τροφῆς
503 4846 577 4919 μὴ
599 4849 711 4910 τοῖς
739 4847 925 4906 πᾶσιν.
950 4844 991 4919 ἢ
1013 4850 1123 4910 τοῖς
1147 4846 1316 4913 ἀξίοις
1346 4848 1526 4917 μόνοις
1550 4850 1839 4901 κοινωνεῖνυ

266 4942 363 4995 καὶ
405 4939 541 5011 μηδὲ
578 4939 729 5008 παρά
753 4938 957 4993 τούτων
985 4941 1183 5009 προῖκα
1214 4939 1480 4992 ποιεῖσθαι
1534 4939 1631 5009 τὴν
1682 4938 1844 5009 μετά-

264 5031 462 5103 ληψιν,
512 5030 967 5102 προδανείσαντας
998 5031 1077 5083 ,δὲ
1132 5030 1225 5085 καὶ
1270 5031 1840 5102 προευεργετήσαντας

264 5125 386 5187 ταῖς
409 5123 540 5193 παρ’
563 5122 769 5177 ἑαυτῶν
804 5123 1093 5192 εὐλογίαις.
1124 5155 1194 5164 -
1219 5119 1565 5194 Περιφράξας
1590 5123 1714 5185 τοὺς
1746 5139 1843 5192 μα·

265 5212 437 5286 θητὰς
460 5215 489 5268 ὁ
518 5212 720 5285 Κύριος
755 5214 956 5279 ἐνθέοις
987 5214 1244 5286 δυνάμεσι
1266 5214 1361 5268 καὶ
1391 5215 1503 5276 τοῖς
1530 5214 1838 5283 φιλοσόφοις

264 5309 673 5382 παραινέσεσιν,
707 5308 971 5374 εὐζώνους
1004 5309 1200 5373 αὐτοὺς
1231 5304 1318 5362 οἷα
1371 5308 1505 5362 Θεοῦ
1565 5307 1841 5378 βασιλείας

266 5403 605 5473 στρατιώτας
645 5401 1095 5473 ἀπεργασάμενος
1141 5402 1435 5473 ἐξέπεμψε,
1491 5400 1841 5478 διδασκάλους

261 5491 356 5548 καὶ
381 5493 600 5565 ἰατροὺς
623 5496 734 5556 τοῖς
772 5492 1061 5555 Ἰουδαίοις,
1093 5492 1298 5563 μυρίων
1328 5494 1509 5556 αὐτοῖς
1547 5491 1834 5560 ἐσομένους

261 5584 486 5654 ἀγαθῶν
522 5584 810 5658 προξένους
839 5587 932 5638 καὶ
960 5585 1224 5655 κήρυκας.
1257 5587 1318 5637 Oi
1369 5585 1425 5637 δὲ
1466 5584 1604 5637 κατὰ
1663 5582 1837 5636 ταῦτα

262 5676 501 5742 ἐποίουν,
531 5678 627 5731 καὶ
658 5675 933 5747 πανταχοῦ
968 5674 1279 5747 περιῄεσαν,
1308 5674 1380 5739 ὡς
1409 5675 1506 5745 μὲν
1530 5673 1836 5729 διδάσκαλοι

339 5860 383 5889 ⁷⁸
416 5858 455 5912 ιι
483 5859 622 5913 Tim.
655 5876 712 5927 ιι,
746 5862 829 5915 l0.
902 5860 944 5891 ⁷⁸
971 5874 1090 5929 cap.
1137 5875 1210 5925 ts,
1240 5857 1289 5913 ι.
1362 5858 1404 5889 ⁷²
1435 5856 1618 5913 Matth.
1648 5873 1700 5925 ι,
1735 5854 1814 5911 10.

1949 2375 1995 2405 ’⁸
2018 2374 2081 2427 Et
2111 2375 2166 2428 in
2191 2393 2549 2447 quamcunque
2574 2380 2789 2432 domum
2817 2380 3153 2445 intraverilis,
3184 2383 3257 2435 ibi
3283 2394 3508 2436 manete.

2022 2470 2278 2524 Dominus
2305 2470 2520 2538 quidem
2544 2481 2828 2541 postquam
2856 2474 3161 2529 divitiarum
3195 2484 3246 2529 et
3274 2478 3389 2529 auri
3422 2487 3509 2530 at-

1950 2573 2056 2629 que
2086 2571 2321 2629 argenti,
2349 2559 2691 2629 duplicisque
2726 2563 2940 2628 tunicze,
2983 2574 3037 2619 et
3071 2565 3357 2633 cujuslibet
3382 2569 3510 2621 sub-

1949 2652 2160 2707 stantia:
2193 2652 2589 2721 possessionem
2639 2654 2916 2724 discipulis
2958 2667 3239 2721 vetuerat;
3293 2660 3509 2724 deinde,

1950 2753 2009 2797 ut
2038 2745 2285 2811 sequitur
2326 2743 2467 2813 apud
2496 2743 2804 2799 Matthzeum
2831 2746 2900 2812 τ’,
2942 2751 3209 2815 quomodo
3253 2749 3506 2804 alimenta

1950 2834 2188 2888 habituri
2230 2833 2359 2897 sint,
2390 2835 2699 2888 necessario
2726 2835 3133 2890 demonstravit.
3174 2837 3295 2891 Ideo
3328 2840 3507 2891 dicere

1950 2926 2228 2997 perrexit:
2286 2924 2482 2996 Dignus
2503 2934 2578 2980 est
2606 2928 2876 2995 operarius
2914 2927 3161 2981 alimento
3202 2944 3312 2981 suo.
3345 2927 3509 2996 quue

1950 3020 2149 3081 aiebat.
2186 3017 2372 3075 volens
2407 3020 2721 3075 alimoniam
2765 3021 3139 3075 tantummodo
3183 3020 3509 3089 participare

1950 3109 2017 3163 ab
2047 3108 2113 3164 iis
2140 3109 2230 3179 qui
2260 3109 2439 3164 daturi
2468 3119 2662 3164 erant:
2704 3120 3017 3177 tantumque
3041 3124 3251 3163 sumere
3287 3109 3511 3177 permit-

1952 3198 2135 3260 tebat,
2173 3207 2436 3265 quantum
2467 3199 2787 3253 nutrimenti
2829 3199 3031 3253 homini
3061 3198 3129 3253 ob
3160 3198 3337 3252 diurni
3373 3214 3508 3266 ope-

1951 3290 2029 3343 ris
2062 3290 2364 3344 mercedem
2403 3292 2536 3345 satis
2562 3300 2645 3345 est
2672 3292 2941 3361 accipere.
2976 3291 3065 3346 Sic
3090 3307 3218 3362 ergo
3263 3292 3346 3348 his
3373 3310 3509 3363 qun-

1950 3393 2055 3447 que
2112 3377 2277 3433 licere
2325 3378 2468 3432 baud
2529 3394 2660 3435 sane
2712 3382 2958 3436 beneﬁcii
3019 3384 3507 3437 remunerationem

1951 3470 2188 3542 exigere,
2216 3470 2393 3526 Gratis
2419 3473 2557 3525 enim
2582 3472 2870 3539 accepistis,
2914 3472 3108 3541 inquit,
3151 3475 3313 3543 gratis
3346 3476 3508 3540 date;

1953 3564 2046 3618 sed
2087 3578 2183 3633 pro
2225 3562 2468 3632 impensa
2500 3562 2900 3632 praedicationis
2931 3579 3113 3633 opera,
3152 3580 3356 3634 proque
3384 3582 3506 3621 cor-

1875 3654 1917 3710 C
1950 3653 2227 3725 poralibus
2256 3654 2555 3721 laboribus,
2585 3669 2719 3724 quos
2739 3655 2807 3721 ab
2829 3656 2895 3709 iis
2923 3654 3185 3709 exantlari
3212 3656 3263 3709 in
3299 3666 3504 3710 tantam

1947 3746 2341 3817 expeditionem
2379 3745 2559 3801 missis
2587 3761 2721 3814 opus
2756 3754 2893 3810 erat,
2922 3746 3065 3801 aliud
3098 3747 3227 3801 nihil
3257 3759 3509 3817 oportere

1950 3851 2110 3905 quam
2139 3837 2499 3891 necessariam
2532 3835 2840 3891 alimoniam
2869 3837 3143 3906 accipere:
3179 3847 3341 3907 atque
3368 3839 3507 3893 hanc

1952 3929 2126 3999 ipsam
2177 3943 2287 3983 non
2332 3927 2400 3983 ab
2445 3930 2696 3984 omnibus
2743 3928 3110 3983 indifferenter
3155 3944 3371 4001 sumere
3415 3930 3505 3998 qui

1949 4021 2076 4075 dare
2120 4022 2339 4085 vellent,
2368 4020 2463 4075 sed
2496 4035 2589 4076 eos
2624 4021 2995 4074 tantummodo
3023 4021 3122 4075 hac
3157 4021 3393 4074 muneris
3427 4036 3511 4074 ac-

1947 4112 2198 4181 ceptione
2256 4111 2528 4165 honorare
2576 4111 2666 4180 qui
2712 4111 2855 4179 digni
2903 4120 3107 4174 essent,
3149 4120 3205 4165 et
3256 4110 3347 4180 qui
3392 4126 3511 4187 ma-

1948 4204 2149 4257 ximam
2186 4202 2299 4271 jam
2334 4203 2556 4272 ’pridem
2587 4202 2696 4256 dati
2736 4202 2843 4256 cibi
2892 4203 3379 4257 remunerationem
3417 4219 3509 4257 ac-

1948 4294 2221 4362 cepissent
2266 4292 2334 4346 ab
2376 4291 2444 4347 iis
2492 4290 2583 4360 qui
2625 4305 2809 4361 pacem
2838 4300 2894 4346 et
2939 4306 3061 4346 cum
3111 4292 3218 4347 Deo
3264 4295 3508 4349 reconci-

1947 4384 2222 4439 liationem
2252 4384 2649 4454 evangelizant.
2678 4380 2802 4437 Htec
2859 4392 3219 4438 consentanea
3250 4384 3396 4455 regni
3424 4385 3509 4440 sui

1947 4476 2216 4532 militibus
2274 4478 2565 4544 monebat;
2609 4484 2834 4532 testatus
2873 4484 3068 4539 antea,
3104 4491 3210 4530 non
3258 4489 3509 4546 oportere

1946 4567 2139 4636 opibus
2167 4567 2397 4633 inhiare,
2444 4580 2540 4621 nec
2571 4564 2858 4633 cujuslibet
2885 4568 3107 4623 omnino
3140 4567 3256 4623 sive
3299 4583 3509 4639 magnae

1949 4659 2064 4713 sive
2097 4659 2276 4713 tenuis
2314 4659 2391 4712 rei
2429 4659 2756 4729 possessioni
2785 4675 2800 4723 ;
2834 4658 2928 4713 sed
2959 4668 3324 4728 paupertatem
3356 4676 3509 4714 sum-

1948 4767 2090 4806 mam
2120 4754 2339 4809 sectari.
2366 4751 2506 4818 Quin
2545 4751 2701 4816 adeo,
2729 4759 2788 4805 ut
2830 4751 3099 4815 diximus,
3142 4767 3208 4807 ne
3244 4752 3511 4822 quotidia-

1949 4859 2075 4899 num
2107 4843 2324 4913 quidem
2368 4843 2568 4898 victum
2598 4842 2668 4898 ab
2693 4843 2943 4899 omnibus
2981 4839 3373 4908 indifferenter,
3415 4843 3507 4897 sed

1947 4949 1978 4989 a
2020 4935 2198 5005 dignis
2240 4943 2444 4989 tantum
2498 4934 2872 5005 participare;
2913 4949 3090 5005 neque
3139 4935 3283 4989 hunc
3333 4934 3507 5002 ipsum

1945 5027 2211 5098 gratuito.
2243 5026 2337 5081 sed
2370 5040 2537 5096 opera
2571 5027 2623 5081 in
2652 5036 2991 5081 antecessum
3024 5026 3282 5093 praestita,
3321 5033 3377 5076 et
3416 5024 3509 5076 im-

1946 5120 2161 5188 pertitis
2199 5119 2312 5174 suis
2339 5134 2464 5190 erga
2509 5118 2630 5175 illos
2661 5117 3146 5175 benedictionibus.
3172 5142 3239 5155 —
3271 5112 3362 5168 Sic
3412 5113 3509 5166 ita-

1947 5228 2052 5283 que
2082 5228 2314 5283 superna
2364 5214 2603 5283 potentia
2635 5224 2689 5270 et
2738 5210 3071 5283 sapientibus
3117 5206 3508 5262 adhortationi-

1947 5308 2048 5361 bus
2087 5306 2450 5361 communitos
2492 5306 2803 5375 discipulos,
2851 5301 3234 5372 expeditosque
3271 5296 3380 5365 jam
3414 5297 3506 5352 Dei

1947 5394 2098 5465 regni
2141 5395 2339 5450 milites
2366 5395 2713 5461 constitutos,
2768 5391 2916 5446 misit
2970 5405 3063 5445 eos
3111 5388 3398 5454 magistros
3443 5402 3509 5440 ac

1944 5489 2179 5543 medicos
2222 5487 2289 5543 ad
2332 5487 2565 5549 Iudaeos,
2606 5494 2663 5541 ut
2706 5485 2792 5540 his
2837 5479 3307 5561 innumerabilium
3338 5479 3509 5532 hono-

1944 5595 2063 5633 rum
2098 5580 2271 5634 nuntii
2326 5588 2506 5633 essent
2535 5587 2697 5646 atque
2727 5576 2963 5629 datores.
3014 5570 3075 5626 lli
3110 5585 3237 5626 vero
3276 5571 3349 5625 ita
3383 5584 3508 5639 ege-

1944 5681 2103 5737 runt,
2152 5682 2206 5727 ct
2252 5684 2659 5741 quaqneversus
2713 5667 3081 5723 discurrentes
3115 5680 3210 5722 ceu
3264 5661 3507 5735 magistri
