3968 6512
507 448 606 505 5ιῖ

505 555 972 629 evangelizzlhant,
1006 569 1105 610 ceu
1156 554 1345 608 medici
1385 553 1670 616 sanabant,
1701 561 1757 606 et
1797 568 2042 609 sermone

2174 555 2661 626 εὐαγγελιζόμενοι.
2687 556 2760 619 ὡς
2784 556 2842 608 δὲ
2874 556 3046 626 ἰατροὶ
3068 553 3483 626 θεραπεύοντες,
3505 554 3595 609 καὶ
3628 561 3786 619 τοὺς

508 665 634 706 suos
678 649 929 720 operibus
964 647 1343 715 miraculisque
1372 644 1790 700 confirmabant.

646 784 691 815 ⁷³
723 784 934 836 Audiuit
974 792 1145 834 autem
1193 778 1424 833 Herodes
1465 784 1723 835 latrare/ta
1753 782 1929 836 omnia

1014 868 1129 919 qua:
1152 851 1345 919 ﬁebant
1386 852 1449 904 ab
1477 868 1558 907 eo.

582 987 690 1043 Sub
727 987 1036 1041 Servatoris
1068 985 1355 1040 adventum
1398 985 1509 1054 jam
1537 986 1859 1041 dissolutum
1895 988 2072 1044 fuerat

505 1075 704 1132 Jttdmls
751 1078 949 1128 avitum
1000 1090 1243 1145 regnum,
1289 1075 1608 1128 dissolutum
1640 1076 1805 1130 etiam
1851 1078 2070 1147 proprio

501 1168 621 1235 jure
663 1167 875 1220 vivendi
932 1166 1292 1236 privilegium,
1337 1174 1391 1219 et
1432 1165 1678 1230 libertas,
1720 1181 1783 1220 ac
1828 1167 2070 1237 regulare

507 1259 885 1312 sacerdotium.
936 1256 1002 1311 Et
1049 1256 1272 1326 legitimi
1312 1255 1540 1325 quidem
1608 1256 1878 1325 principes
1938 1257 2066 1311 nulli

506 1360 680 1413 erant,
728 1350 820 1404 sed
860 1348 1102 1405 Herodes
1131 1348 1355 1418 ejusque
1404 1348 1555 1402 liberi
1602 1348 1868 1417 Agrippas
1905 1357 2069 1418 atque

503 1440 821 1506 Archelaus,
844 1456 1040 1510 genere
1068 1441 1332 1501 extranei,
1356 1454 1388 1493 ιι
1417 1439 1673 1493 Romanis
1701 1439 1989 1508 imperium
2013 1442 2065 1494 in

500 1530 717 1588 Judaaos
748 1540 1108 1603 acceperant;
1151 1546 1379 1602 quorum
1425 1532 1572 1601 regio
1619 1531 1671 1585 in
1718 1532 2064 1586 tetrarchiam

503 1623 678 1680 fuerat
719 1626 926 1691 divisa,
974 1634 1192 1693 totaque
1232 1638 1365 1695 gens
1407 1622 1672 1677 Romanis
1702 1632 1821 1677 erat
1866 1625 2067 1693 stipen-

504 1717 695 1776 diaria.
728 1715 1088 1785 quaestoribus
1120 1728 1340 1769 censum
1375 1728 1472 1783 per
1505 1714 1713 1785 singula
1741 1714 1919 1783 capita
1954 1724 2059 1769 sta-

503 1815 617 1859 tuto
652 1813 894 1874 tempore
927 1805 1268 1875 exigentibus
1300 1806 1518 1859 militari
1547 1819 1732 1859 manu.
1768 1802 2061 1875 Propterea

582 446 613 500 7
1173 442 1439 498 EUSEBII
1479 438 1954 496 (IESARIENSIS
1988 438 2137 497 OPP.
2179 443 2358 498 PARS
2398 443 2484 499 Ill.
2526 472 2590 483 —
2628 442 3039 500 EXEGETICA.

3657 445 3795 499 518

2175 648 2364 716 λόγους
2388 647 2474 700 διά
2498 648 2604 700 τῶν
2638 647 2812 718 ἕργων
2840 647 2935 700 καὶ
2970 646 3077 699 τῶν
3106 646 3350 717 σημείων
3377 646 3787 717 πιστούμενοι.

2179 779 2431 832 Ἤκουσε
2459 778 2527 831 δὲ
2547 778 2804 866 Ἡρώδης.
2833 782 2864 833 d
2892 778 3214 861 ξετρςὶρχης
3240 780 3311 831 τὰ
3339 779 3621 847 γινόμενα
3656 779 3789 833 ὑπ’

2739 866 2923 903 αυτου
2958 866 3172 901 πάντα.

2250 983 2372 1035 Ἐπὶ
2416 982 2517 1053 τῆς
2572 982 2873 1053 παρουσίας
2922 981 3016 1034 τοῦ
3070 982 3353 1052 Σωτῆρος,
3405 981 3589 1035 λέλυτο
3656 980 3780 1052 μὲν

2183 1075 2452 1137 Ἰουδαίοις
2473 1074 2575 1145 ἥδη
2598 1074 2781 1126 λοιπὸν
2807 1074 2875 1125 τά
2894 1074 2991 1144 τῆς
3017 1074 3081 1126 ἐκ
3114 1073 3393 1143 προγόνων
3427 1073 3728 1142 βασιλείας
3754 1089 3774 1105 ο

2170 1167 2357 1219 λέλυτο
2405 1165 2463 1218 δὲ
2516 1166 2585 1218 τά
2635 1166 2734 1233 τῆς
2762 1166 3084 1235 αὐτονομίας
3114 1166 3205 1218 καὶ
3230 1164 3557 1236 ἐλευθερίας,
3588 1167 3669 1220 τά
3701 1183 3776 1219 τε

2167 1256 2265 1324 τῆς
2291 1254 2549 1325 ἐνοέσμου
2579 1254 2893 1325 ἱερωσύνης.
2921 1253 3030 1307 Καὶ
3048 1255 3096 1305 οἱ
3134 1254 3229 1323 μὲν
3258 1252 3397 1306 κατὰ
3420 1254 3615 1323 νόμους
3651 1256 3773 1326 ἄρα

2167 1361 2351 1415 χοντες
2373 1344 2553 1398 ούκὲτι
2582 1340 2720 1415 ἦσαν
2744 1346 2923 1408 αὐτοῖς
2942 1362 2958 1378 ·
3007 1343 3253 1415 Ἡρώδης
3283 1344 3340 1396 δὲ
3380 1344 3473 1397 καὶ
3524 1347 3572 1397 oi
3615 1346 3770 1397 τού·-

2165 1458 2259 1493 του
2292 1441 2476 1505 παῖδες
2519 1442 2822 1512 Ἀγρίππας
2843 1442 2937 1494 καὶ
2977 1440 3288 1512 Ἀρχέλαος,
3316 1440 3377 1492 τὸ
3400 1438 3557 1507 γένος
3580 1436 3771 1490 ἁλλό-

2166 1533 2339 1601 φυλοι,
2366 1533 2515 1605 παρά
2552 1535 2836 1605 Ῥωμαίων
2867 1537 2967 1605 τὴν
3007 1534 3125 1587 κατ’
3172 1531 3350 1586 αὐτῶν
3392 1527 3532 1603 ἦσαν
3568 1529 3770 1601 ἀρχὴν

2164 1625 2628 1696 ἐγκεχειρισμένοι
2648 1642 2662 1655 ο
2694 1624 2917 1696 διῄρητό
2940 1642 2999 1677 τε
3029 1626 3107 1688 είς
3145 1622 3469 1695 τετραρχίαν
3506 1623 3539 1692 ὴ
3579 1620 3768 1691 χώρα

2163 1717 2367 1771 αὐτῶν·
2397 1718 2457 1771 τό
2491 1735 2551 1771 τε
2597 1720 2703 1772 πᾶν
2734 1718 2884 1781 ἔθνος
2920 1718 3190 1789 ὑπόφορον
3218 1716 3563 1788 καθειστήκει
3599 1718 3763 1770 Ῥω-

2169 1812 2367 1880 μαίοις,
2398 1810 2489 1863 τὸν
2524 1811 2719 1880 κῆνσον
2752 1810 2894 1864 κατὰ
2940 1809 3180 1881 κεφαλὴν
3230 1808 3539 1880 ἐπιτρόπων
3594 1809 3765 1862 κατὰ

500 1911 621 1949 cum
662 1896 751 1951 Dei
807 1910 1027 1967 regnum
1075 1895 1279 1950 ludatis
1330 1896 1505 1966 primo
1550 1895 1847 1966 pradicare
1894 1896 2046 1965 jussit

2158 1903 2383 1973 καιροὺς
2412 1902 2890 1972 εἰσπραττομένων
2922 1903 3019 1955 σὺν
3047 1902 3189 1973 χειρὶ
3211 1904 3594 1974 στρατιωτικῇ.
3621 1901 3758 1965 Διὸ,

488 1988 786 2058 discipulos
823 2003 969 2055 suos,
1001 1999 1269 2055 pereuntes
1319 2003 1433 2042 oves
1478 1989 1667 2042 domus
1710 1987 1926 2043 Israelis
1965 1988 2062 2044 Ju-

501 2080 644 2133 dteus
669 2078 951 2149 appellavit
980 2079 1047 2131 ⁷⁵.

2164 1990 2265 2059 τῆς
2290 1990 2383 2044 τοῦ
2412 1989 2546 2044 Θεοῦ
2573 1990 2841 2059 βασιλείας
2880 1991 2940 2045 τὸ
2975 1992 3236 2062 κήρυγμα
3276 1991 3510 2063 πρώτοις
3552 1992 3763 2055 αὐτοῖς

2166 2083 2518 2151 ἐπαγγέλλειν
2541 2084 2570 2136 6
2604 2085 2794 2156 Σωτὴρ
2827 2088 2938 2148 τοῖς
2969 2084 3132 2138 αὑτοῦ
3164 2084 3435 2155 μαθηταῖς
3487 2102 3757 2154 παρακε-

494 2174 842 2245 λευσάμενος,
880 2174 1245 2229 ’ἀπολωλότα
1282 2176 1545 2242 πρόϐατα
1597 2173 1768 2229 οἷκον
1810 2175 2057 2243 Ἰσραὴλ
2092 2178 2290 2242 αὐτοὺς
2326 2180 2595 2251 ὠνόμασε.

494 2310 540 2343 ’⁸
570 2310 709 2365 32m
742 2312 831 2381 qui
879 2310 1279 2381 nte'erubuerit,
1320 2322 1367 2365 et
1402 2328 1543 2366 meos
1582 2328 1878 2378 sermones,
1919 2313 2058 2366 hunc

901 2378 1075 2433 Filius
1110 2381 1335 2435 hominis
1377 2382 1660 2437 erubescet.

567 2492 659 2548 His
694 2492 987 2561 peroratis,
1027 2490 1167 2560 quod
1224 2506 1417 2560 nempe
1462 2490 1754 2561 discipulos
1785 2500 2060 2561 Oporteret

495 2585 791 2641 imitatores
813 2583 983 2651 ipsius
1022 2582 1160 2646 lleri,
1186 2598 1359 2650 neque
1386 2593 1611 2637 mortem
1649 2582 1929 2651 defugere,
1965 2600 2058 2639 ne-

493 2691 598 2747 que
642 2676 835 2729 animae
877 2675 1103 2744 propria:
1128 2675 1358 2746 vitaeque
1388 2688 1611 2744 parcere
1653 2686 1874 2744 propter
1904 2691 2054 2745 spem

494 2768 546 2821 in
570 2768 782 2822 Christo
814 2767 1448 2831 collocatam,commode
1479 2768 1783 2831 continuat,
1807 2771 2055 2823 secundae

492 2874 601 2913 Suae
632 2856 823 2911 divinae
852 2856 1107 2928 mysteria
1143 2860 1363 2914 tradens
1396 2858 1865 2914 manifestationis.
1893 2859 2054 2915 Valde

490 2960 668 3003 autem
713 2949 902 3004 idonee
936 2964 999 3004 ac
1047 2952 1355 3006 necessario
1403 2951 1517 3006 haec
1570 2951 1747 3005 aiebat
1802 2952 1929 3016 illis,
1962 2953 2050 3023 qui

489 3042 759 3097 cruciatus
795 3041 911 3111 cjus
954 3056 1117 3097 causa
1161 3042 1392 3098 subituri
1437 3052 1626 3107 erant,
1666 3052 1719 3097 et
1774 3058 1946 3112 usque
1984 3044 2051 3097 ad

490 3141 713 3186 mortem
763 3132 1124 3195 decertaturi,
1168 3134 1387 3202 prmmia
1431 3134 1640 3188 scilicet
1682 3136 1818 3189 tanti
1864 3136 2051 3203 agonis

491 3222 664 3276 futura
692 3238 1013 3294 proponens.
1044 3224 1190 3295 Opus
1228 3228 1374 3281 enim
1415 3236 1555 3291 erat,
1583 3236 1640 3281 ut
1669 3226 1761 3297 qui
1799 3241 1921 3282 eum
1962 3242 2049 3283 se-

2170 2319 2293 2390 Ὃς
2312 2319 2419 2388 γὰρ
2451 2320 2827 2390 ἐπαισχυνοᾶ
2858 2337 2935 2390 με
2978 2320 3075 2373 καί
3104 2320 3241 2387 τοὺς
3265 2320 3443 2389 ἐμοὺς
3486 2322 3751 2389 λόγους,

2196 2387 2412 2443 τοῦτον
2441 2394 2473 2444 ό
2501 2387 2759 2458 Υἱὸςὶοῦ
2778 2387 3092 2459 ἀνθρώπου
3120 2387 3705 2461 ἐπαιάχυνθήσέται.

2225 2499 2558 2573 Διαλαλήσας
2588 2502 2656 2556 τὰ
2682 2504 2943 2575 εἰρημένα
2996 2504 3120 2577 περὶ
3152 2503 3245 2557 τοῦ
3274 2504 3381 2558 δεῖν
3417 2506 3510 2558 καὶ
3534 2506 3749 2570 αὐτοὺς

2166 2596 2404 2667 μιμητὰς
2436 2596 2598 2649 αὑτοῦ
2632 2597 2901 2665 γενέσθαι,
2942 2599 3034 2651 καὶ
3064 2598 3137 2669 μὴ
3166 2597 3384 2667 φεύγειν
3426 2598 3516 2651 τὸν
3572 2598 3750 2652 θάνα-

2159 2703 2270 2748 τον,
2297 2687 2531 2754 ἀφειδεῖν
2557 2687 2612 2741 δὲ
2646 2689 2738 2741 καὶ
2772 2692 2871 2757 της
2902 2688 3107 2741 ἑαυτῶν
3131 2688 3305 2759 ψυχῆς
3331 2706 3388 2743 τε
3441 2689 3533 2741 καὶ
3585 2690 3748 2759 ζωῆς

2159 2776 2343 2829 ἕνεκεν
2372 2777 2468 2849 τῆς
2498 2779 2575 2842 είς
2610 2779 2769 2833 αὑτὸν
2799 2779 3029 2844 ἐλπίδος,
3068 2781 3418 2835 ἐπισυνάπτει
3460 2781 3746 2854 εὐκαίρως

2156 2870 2226 2923 τά
2256 2872 2382 2942 περὶ
2408 2872 2505 2942 τῆς
2530 2871 2788 2943 δευτέρας
2828 2872 2991 2926 αὑτοῦ
3029 2874 3342 2942 θεοφανείας
3363 2873 3472 2943 ('55)
3503 2876 3745 2946 παραδι-

2157 2962 2279 3027 δοὺς
2325 2964 2501 3028 αὐτοῖς
2560 2967 2850 3037 μυστήρια.
2906 2967 3119 3038 Σφόδρα
3166 2966 3221 3020 δὲ
3278 2967 3585 3032 ἀκολούθως
3639 2970 3742 3021 καὶ

2156 3056 2467 3123 ἀναγκαίως
2507 3055 2675 3109 ταῦτα
2702 3056 2851 3126 ἔλεγε
2884 3060 2995 3121 τοῖς
3039 3057 3321 3128 μέλλουσιν
3379 3060 3517 3131 ὑπὲρ
3562 3059 3738 3113 αὐτοῦ

2152 3145 2238 3199 διά
2300 3146 2545 3217 βασάνων
2595 3153 2829 3220 χωρεῖν,
2872 3151 2966 3203 καὶ
3023 3150 3182 3221 μέχρι
3237 3149 3463 3204 θανάτου
3530 3152 3739 3221 ἀγωνί-

2154 3234 2361 3303 ζεσθαι,
2391 3238 2473 3302 τίς
2523 3239 2674 3293 ἔσται
2721 3242 2749 3294 ό
2798 3241 3007 3312 καρπὸς
3038 3241 3131 3294 τοῦ
3191 3241 3445 3295 τοσούτου
3515 3243 3735 3311 ἀγῶνος

486 3327 803 3387 querentur,
843 3316 1063 3387 ejusque
1090 3318 1316 3389 vestigia
1352 3327 1749 3390 premerent,et
1782 3320 2046 3388 propriam

2154 3329 2419 3400 παριστὰς
2438 3330 2639 3395 αὐτοῖς.
2677 3332 2823 3384 Ἔδει
2860 3307 2968 3404 γάρ
3011 3332 3135 3405 τοὺς
3172 3332 3460 3403 μέλλοντας
3492 3307 3732 3387 ἔπεσθαι

486 3408 712 3477 quisque
760 3422 978 3462 crucem
1034 3416 1337 3472 sumerent,
1378 3416 1537 3477 prout
1582 3408 1701 3477 ejus
1745 3408 2049 3477 exemplum

2153 3416 2300 3488 αὐτῷ
2327 3419 2419 3470 καὶ
2448 3418 2621 3471 ὀπίσω
2646 3419 2810 3473 αὑτοῦ
2839 3421 3091 3485 ἀπιέναι,
3120 3421 3212 3474 τόν
3234 3438 3294 3473 τε
3333 3422 3460 3474 ίδιον
3490 3424 3732 3495 σταυρὸν

484 3501 743 3565 docebat;
783 3510 1034 3555 accurate
1064 3514 1278 3569 quoque
1329 3509 1616 3555 noscerent
1668 3502 1915 3571 quisnam
1961 3502 2046 3555 de-

2154 3508 2545 3579 ἀναλαμὸάνειν
2575 3510 2715 3564 κατὰ
2736 3512 2832 3583 τὴν
2872 3511 3033 3565 αὑτοῦ
3065 3512 3312 3583 μίμησιν,
3340 3512 3541 3580 γνῶναι
3564 3516 3732 3585 ἀκρι-

487 3604 630 3642 mum
667 3589 712 3641 is
747 3594 890 3643 esset
918 3588 1073 3658 cujus
1107 3604 1265 3644 causa
1300 3598 1379 3644 tot
1422 3598 1677 3658 tantaque
1709 3600 1890 3645 essent
1924 3606 2047 3658 pas-

483 3679 618 3732 suri.
646 3676 985 3748 Tempestive
1031 3689 1208 3734 autem
1255 3679 1451 3735 Filium
1499 3680 1737 3736 hominis
1779 3680 1884 3736 hoc
1930 3681 2049 3736 loco

482 3770 714 3838 appellat
755 3786 877 3824 eum
899 3772 986 3840 qui
1013 3781 1255 3835 venerat.
1289 3782 1347 3827 ut
1376 3772 1612 3827 Danielis
1643 3772 1957 3827 vaticinium
1992 3774 2045 3827 in

484 3872 713 3915 mentem
764 3874 1071 3929 revocaret,
1112 3864 1254 3933 quod
1296 3873 1381 3918 est
1416 3864 1719 3932 hujusmodi
1759 3881 1771 3916 :
1814 3863 1880 3918 Et
1932 3881 2046 3919 ecce

481 3946 651 4003 Filius
675 3951 897 4005 hominis
920 3952 1218 4006 adveniebat
1242 3953 1299 4005 in
1321 3952 1563 4016 nubibus,
1588 3964 1635 4006 et
1666 3970 1826 4024 usque
1846 3956 1913 4007 ad
1935 3954 2045 4008 An-

478 4041 681 4110 quuum
713 4041 914 4094 dierum
938 4043 1185 4105 pervenit.
1211 4041 1279 4095 Et
1301 4044 1399 4113 ipsi
1424 4043 1608 4096 datum
1648 4054 1725 4097 est
1767 4045 2041 4114 imperium

477 4140 531 4184 et
547 4132 731 4197 honor,
753 4141 799 4185 et
835 4147 1047 4201 regnum
1069 4133 1136 4186 ⁷⁸.
1182 4132 1289 4187 Sed
1327 4148 1452 4188 cum
1492 4131 1682 4187 Petrus
1722 4134 1894 4203 ipsum
1920 4149 2042 4189 esse

476 4223 748 4277 Christum
779 4224 1061 4279 confessus
1109 4235 1222 4291 est,
1254 4236 1309 4281 et
1342 4225 1435 4280 Dei
1474 4226 1582 4279 vivi
1626 4225 1821 4281 Filium
1844 4266 1860 4291 ,
1883 4242 1946 4281 ex
1977 4242 2041 4281 eo

482 4326 719 4384 tempore
744 4318 906 4385 coepit
947 4317 1051 4371 illis
1076 4317 1404 4387 signiﬁcare,
1443 4318 1611 4372 multa
1642 4333 1701 4373 se
1735 4318 1845 4388 pati
1880 4333 2040 4387 Opor-

478 4414 588 4458 tere
609 4414 661 4458 et
682 4406 875 4462 occidi.
909 4404 1042 4459 Cum
1078 4418 1255 4461 autem
1290 4408 1429 4461 idem
1458 4407 1649 4462 mortis
1670 4416 2038 4476 contemptum

478 4494 780 4560 imperaret,
804 4503 858 4550 et
888 4511 947 4548 se
1001 4497 1166 4551 multa
1199 4497 1307 4566 pati
1356 4497 1580 4563 debere,
1613 4507 1739 4554 tunc
1775 4514 1909 4553 sane
1944 4515 2037 4569 op-

473 4596 703 4654 portune
723 4586 789 4641 de
820 4589 1059 4642 secundo
1089 4598 1143 4642 et
1189 4587 1421 4658 glorioso
1458 4589 1694 4643 adventu
1737 4602 1835 4643 suo
1872 4592 2033 4644 verba

475 4677 617 4740 lecit,
636 4688 691 4731 ut
713 4692 1039 4750 cognoscere
1069 4686 1305 4748 possent,
1328 4680 1448 4750 quis
1478 4681 1689 4735 demum
1717 4681 1763 4736 is
1791 4691 1935 4737 esset
1961 4694 2036 4738 tot

473 4777 728 4839 tantaque
753 4785 781 4823 a
812 4767 1009 4825 ludatis
1049 4785 1330 4839 passurus,
1369 4773 1557 4843 quisve
1588 4772 1691 4828 illis
1723 4775 2033 4829 certaminis

471 4874 569 4929 pro
598 4874 663 4915 eo
690 4860 988 4915 sustinendi
1015 4859 1224 4917 l'ructns
1249 4862 1606 4919 loret.—llis
1635 4865 1702 4920 ad
1743 4866 2032 4935 discipulos

469 4950 647 5016 dictis,
682 4966 982 5021 magnoque
1014 4956 1302 5009 'et'arcano
1342 4958 1596 5026 mysterio
1643 4957 1891 5012 secundm
1921 4973 2032 5013 suae

468 5043 915 5099 manifestationis
943 5046 1071 5116 ipsis
1093 5047 1383 5115 patefacto,
1421 5065 1490 5104 ne
1524 5051 1767 5105 oratione
1796 5059 2030 5106 tantum-

467 5136 625 5189 modo
656 5135 893 5206 solisque
932 5137 1111 5191 verbis
1156 5138 1430 5193 videretur
1460 5141 1804 5209 persuadere,
1836 5156 2025 5196 neces-

466 5229 609 5280 sario
636 5228 701 5282 ad
739 5242 898 5296 opera
923 5230 1087 5293 venit,
1105 5230 1233 5298 ipsis
1256 5244 1443 5286 eorum
1473 5232 1645 5287 oculis
1672 5232 1837 5287 divini
1880 5234 2025 5303 regni

464 5319 545 5371 sui
594 5319 857 5389 objiciens
890 5321 1197 5391 imaginem.
1239 5317 1586 5394 Quapropter
1636 5340 1758 5380 cum
1807 5325 2029 5380 dixisset

465 5406 583 5462 fore
627 5418 682 5461 ut
732 5408 847 5478 ipse
881 5407 1025 5464 illum
1071 5411 1437 5479 erubeSce’ret,
1476 5414 1567 5484 qui
1604 5428 1664 5469 se
1703 5416 2025 5480 erubuisset,

462 5510 572 5567 quo
602 5506 839 5568 tempore
860 5516 983 5557 cum
1012 5499 1188 5558 Patris
1215 5504 1298 5559 sui
1332 5504 1501 5574 gloria
1531 5505 1802 5572 adveniet,
1832 5507 2025 5563 deinde

2150 3599 2259 3663 θῶς
2277 3601 2329 3653 τί
2360 3602 2487 3654 ποτέ
2513 3604 2659 3655 ἐστιν
2685 3599 2837 3666 οὗτος
2869 3603 3008 3675 ὑπὲρ
3040 3598 3100 3657 οὗ
3123 3604 3189 3657 τά
3216 3603 3453 3657 τοσαῦτα
3493 3604 3725 3674 μέλλου-

2150 3708 2201 3744 σι
2225 3692 2467 3762 πάσχειν.
2503 3695 2786 3767 Εύκαίρως
2809 3695 2865 3749 δὲ
2894 3696 3021 3748 Υίὺν
3078 3695 3365 3765 ἀνθρώπου
3416 3699 3472 3749 ἐν
3507 3695 3725 3759 τούτοις

2144 3784 2234 3836 τὸν
2261 3785 2550 3856 ἐρχόμενον
2590 3786 2890 3857 ὠνόμασεν,
2947 3786 3024 3849 είς
3079 3786 3380 3856 ὑπόμνησιν
3430 3787 3528 3857 τῆς
3566 3788 3723 3859 παρά

2143 3875 2238 3928 τοῦ
2273 3877 2467 3949 Δανιὴλ
2495 3878 2846 3949 προφητείας,
2877 3878 2997 3947 ἥτις
3027 3876 3177 3945 ἔλεγε
3202 3894 3216 3907 °
3254 3879 3365 3932 Καὶ
3401 3876 3528 3931 ἰδοὺ
3588 3880 3723 3945 Υιές

2143 3967 2455 4036 ἀνθρώπου
2496 3969 2818 4037 ἐρχόμενος
2869 3964 2947 4037 ἦν
2979 3967 3077 4021 ἐπὶ
3130 3965 3247 4021 τῶν
3275 3966 3575 4037 νεφελῶν·
3616 3969 3721 4021 καὶ

2141 4061 2251 4127 ἕως
2302 4061 2406 4115 τοῦ
2433 4061 2695 4116 Παλαιοῦ
2726 4060 2842 4114 τῶν
2874 4059 3107 4130 ἡμερῶν
3130 4061 3376 4131 ἔφθασε.
3410 4060 3519 4115 Kal
3554 4060 3720 4126 αὐτῷ

2140 4153 2315 4220 ἐδόθη
2432 4152 2587 4222 ἀρχὴ
2620 4152 2717 4206 καὶ
2753 4153 2791 4221 ή
2824 4151 2958 4222 τιμὴ
2997 4152 3093 4205 καὶ
3127 4153 3164 4220 ὴ
3221 4150 3526 4216 βασιλεία.
3572 4149 3718 4203 Ἀλλ’

2141 4246 2230 4298 ὅτε
2258 4245 2358 4315 μὲν
2388 4247 2417 4300 6
2468 4246 2671 4318 Πέτρος
2727 4245 2956 4317 Χριστὸν
3005 4246 3164 4300 αὐτὸν
3203 4242 3339 4299 εἶναι
3369 4244 3713 4316 ὡμολόγησε,

2140 4336 2234 4388 καὶ
2272 4336 2400 4391 Υἰὸν
2444 4335 2536 4389 τοῦ
2585 4336 2720 4389 Θεοῦ
2766 4335 2857 4388 τοῦ
2915 4335 3132 4402 ζῶντος,
3185 4336 3293 4390 ἀπὸ
3343 4338 3462 4389 τότε
3508 4335 3715 4406 ἤρξατο

2136 4427 2407 4482 δεικνύναι
2434 4428 2646 4493 αὐτοῖς,
2682 4430 2763 4483 ὅτι
2794 4429 2875 4482 δεῖ
2918 4429 3078 4481 αὑτὸν
3139 4428 3305 4483 πολλά
3362 4427 3553 4481 παθεῖν
3614 4429 3712 4482 καὶ

2138 4516 2567 4589 ἀποκτανθῆναιο
2602 4519 2689 4571 ὅτε
2731 4517 2786 4571 δὲ
2820 4518 2979 4581 αὐτὸς
3038 4517 3515 4588 καταφρονητικῶς
3564 4516 3711 4586 ἔχειν

2137 4608 2229 4661 τοῦ
2263 4608 2491 4662 Θανάτου
2519 4609 2932 4680 παρεκελεύετο,
2966 4609 3167 4673 ἐδίδαξε
3204 4610 3283 4672 δὲ,
3310 4611 3390 4662 ὅτι
3416 4609 3495 4662 δεῖ
3543 4609 3708 4661 αὑτὸν

2122 4700 2307 4753 πολλὰ
2340 4700 2547 4767 παθεῖν,
2577 4702 2696 4754 τότε
2724 4702 2861 4756 κατὰ
2884 4702 3071 4771 καιρὸν
3093 4702 3217 4764 τοὺς
3244 4701 3368 4771 περὶ
3398 4701 3491 4772 τῆς
3520 4699 3705 4753 δευτέ-

2138 4810 2233 4865 ρας
2262 4793 2423 4846 αὐτοῦ
2458 4794 2549 4847 καὶ
2594 4792 2803 4860 ἐνδόξου
2834 4794 3132 4866 παρουσίας
3168 4794 3354 4861 λόγους
3382 4792 3666 4865 παρεδίδου
3686 4806 3703 4823 ⁶

2133 4885 2207 4948 ὼς
2232 4884 2296 4938 ἂν
2330 4885 2524 4939 εἰδέναι
2557 4886 2749 4956 ἔχοιεν,
2783 4887 2867 4950 τίς
2897 4903 3025 4939 ποτε
3062 4882 3131 4956 ἦν
3156 4887 3184 4937 6
3219 4885 3426 4956 μέλλων
3468 4884 3705 4938 τοσαῦτα

2136 4978 2363 5048 πάσχειν
2394 4979 2498 5031 ὑπὸ
2544 4978 2828 5042 Ἰουδαίων,
2849 4979 2941 5033 καὶ
2971 4979 3054 5040 τίς
3091 4978 3244 5031 ἔσται
3276 4978 3456 5041 αὐτοῖς
3485 4980 3514 5030 6
3565 4996 3702 5048 καρ-

2134 5068 2233 5131 πὸς
2263 5069 2355 5122 τοῦ
2390 5070 2527 5141 ὑπὲρ
2557 5068 2720 5122 αὐτοῦ
2747 5069 2977 5137 ἀγῶνος.
3009 5100 3077 5110 —
3112 5070 3220 5124 Καὶ
3264 5069 3327 5141 δὴ
3368 5067 3542 5123 ταῦτα
3591 5073 3703 5132 τοῖς

2135 5159 2400 5231 μαθηταῖς
2432 5159 2748 5231 διαλεχθεὶς,
2777 5162 2870 5214 καὶ
2901 5160 2960 5213 τὸ
2996 5160 3137 5231 μέγα
3163 5160 3256 5215 καὶ
3288 5160 3547 5213 λανθάνον
3602 5177 3703 5229 μυ-

2133 5251 2350 5324 στήριον
2382 5251 2479 5323 τῆς
2506 5252 2761 5323 δευτέρας
2794 5252 2959 5305 αὑτοῦ
2992 5251 3309 5321 θεοφανείας
3344 5250 3571 5316 ἐξειπὼν
3603 5256 3701 5304 αύ-

2130 5342 2261 5405 τοῖς,
2295 5342 2381 5393 ἵνα
2417 5342 2490 5413 μὴ
2515 5341 2692 5410 λόγοις
2724 5342 2884 5414 μόνον
2917 5342 3009 5395 xal.
3058 5342 3241 5412 ψιλαῖς
3280 5344 3522 5413 ηφράσεσι
3569 5340 3697 5410 δοκῆ

2112 5427 2495 5497 ἐμπιστεύειν,
2514 5430 2818 5499 ἀναγκαίως
2846 5432 2939 5486 ἐπὶ
2976 5430 3043 5485 τά
3073 5430 3210 5503 ἔργα
3246 5432 3462 5503 ἐχώρει,
3518 5432 3698 5493 αὐτοῖς

2128 5517 2423 5589 ὀφθαλμοῖς
2451 5520 2663 5584 δεικνὺς
2696 5522 2875 5587 αὐτοῖς
2906 5523 3005 5593 τὴν
3035 5524 3217 5577 εἰκόνα
3249 5518 3344 5594 τῆς
3371 5522 3557 5593 θεῖκῆς
3604 5522 3699 5576 αύ-

530 5650 580 5683 "
606 5666 725 5723 cap.
761 5670 836 5720 Ix,
867 5655 921 5715 7.
997 5660 1043 5691 ⁷⁸
1073 5658 1259 5716 Matth.
1290 5674 1344 5728 ι,
1391 5661 1444 5718 6.
1520 5664 1565 5695 "
1595 5678 1713 5735 cap.
1747 5681 1823 5730 ix,
1852 5666 1942 5723 26.
2019 5670 2065 5707 ⁷⁸
2108 5668 2242 5727 Dan.
2264 5688 2358 5740 vn,
2394 5675 2478 5729 l3.

527 5766 644 5847 (55)
687 5768 1296 5847 Secunda_'_l'heophania
1326 5778 1377 5834 in
1402 5782 1583 5837 mundi
1629 5782 1752 5838 line.
1784 5783 1905 5841 ldeo
1931 5787 2016 5840 illa

463 5842 644 5907 prior,
678 5856 780 5911 qua
832 5857 889 5899 se
934 5842 1161 5903 Verbum
1210 5848 1262 5903 iu
1312 5864 1477 5908 carne
1523 5853 1906 5926 manifestavit,
1941 5862 2014 5914 di-

2127 5792 2267 5871 citur
2283 5792 2547 5871 interdmu
2576 5794 2628 5871 in
2637 5797 2927 5871 codicibus
2956 5800 3174 5868 nostris,
3196 5799 3554 5857 distinctionis
3570 5813 3691 5871 gra-

2128 5863 2219 5927 tia,
2245 5864 2552 5933 evangelica
2586 5866 2960 5938 Thcophania.
