3968 6512
234 416 338 474 5i9
1398 420 1891 479 COMMENTARIA
1926 425 1993 479 IN
2036 425 2295 484 LUCAM.
3391 419 3496 477 550

233 542 329 596 τοῦ
367 538 665 609 βασιλείας.
704 536 901 607 Διόπερ
946 536 1135 601 εἰπὼν,
1181 538 1263 591 ὅτι
1316 541 1806 615 ἐπαισχυνθήσεται

1929 546 2086 614 iergit
2112 546 2292 601 dicere
2332 564 2347 601 :
2394 546 2526 602 Vere
2565 558 2741 603 autem
2778 549 2895 603 diro
2924 548 3088 613 vobis,
3118 556 3238 601 sunt
3280 547 3497 616 quidam

234 632 326 685 τὸν
354 628 789 698 ἐπαισχυνθέντα
820 627 1000 691 αὐτὸν,
1031 629 1162 681 ὅταν
1184 628 1311 701 ἔλθῃ
1343 632 1400 684 ἐν
1436 634 1501 703 τῇ
1545 632 1668 704 δόξῃ
1722 634 1814 687 τοῦ

1924 638 1987 689 de
2012 636 2095 689 hic
2133 639 2453 702 astantibus,
2480 650 2585 693 etc.

233 722 477 795 Πατρὸς,
514 722 642 791 ἑξῆς
675 720 1028 773 ἐπισυνάπτει
1064 722 1317 791 φᾶσκων·
1354 724 1517 794 Λέγω
1560 724 1628 778 δὲ
1680 726 1821 794 ὑμῖν
1851 728 2110 796 ὼίηθῶς,
2140 731 2264 784 είσί
2283 748 2442 795 τινες
2464 729 2582 783 τῶν
2600 726 2715 784 ὧδε
2735 730 3025 796 ἑστώτων,
3059 748 3112 785 κ.
3147 748 3197 784 τ.
3232 731 3283 784 λ.

304 853 683 922 Παραῖαϐὼν
732 852 837 905 τὸν
878 852 1123 925 -Πέτρον
1174 856 1271 909 καὶ
1320 856 1596 925 Ἰωάννην
1648 859 1747 912 καὶ

876 922 1165 977 Ἰάκωϐον.

300 1061 419 1115 Καὶ
451 1062 509 1113 ἐν
544 1059 642 1130 μὲν
679 1062 742 1129 τῇ
778 1057 1195 1129 μεταμορφώσει
1226 1062 1373 1131 τρεῖς
1411 1060 1559 1131 μόνοι
1609 1061 1704 1134 τὴν
1735 1062 1822 1116 δυ-

228 1153 397 1221 νάμει
424 1150 683 1221 ὀφθεῖσαν
719 1150 902 1212 αὐτοῖς
943 1149 1216 1219 βασιλείαν
1241 1151 1350 1205 τῶν
1401 1152 1644 1224 οὐρανῶν
1704 1154 1822 1209 θεά·

230 1243 435 1298 σασθαι
466 1240 809 1312 ἠξιώθησανο
851 1243 908 1294 ἐν
940 1234 1008 1294 δὲ’
1052 1245 1119 1313 τῇ
1151 1243 1427 1314 συντελείᾳ
1473 1243 1568 1296 τοῦ
1602 1245 1816 1309 αἰῶνος,

229 1335 456 1389 ἐπειδὰν
506 1334 650 1404 μετά
706 1333 807 1403 τῆς
861 1332 1022 1402 δόξης
1078 1334 1175 1404 τῆς
1213 1335 1489 1407 πατρικῆς
1546 1337 1575 1388 6
1618 1337 1819 1409 Κύριος

1986 865 2031 896 ⁷⁷
2060 865 2351 935 Assumptis
2384 861 2543 919 Petro
2578 876 2622 919 el
2647 865 2852 920 Joanne
2882 875 3037 938 atque
3074 867 3295 935 Jacobo,
3317 878 3423 925 etc.

1988 1068 2054 1133 Et
2083 1069 2134 1123 in
2178 1068 2652 1138 transliguratione
2693 1069 2910 1138 quidem
2962 1078 3075 1123 tres
3126 1069 3497 1125 tantummodo

1918 1161 2223 1232 prodigiose
2251 1160 2383 1230 ipsis
2405 1171 2685 1215 ostensum
2717 1162 2865 1230 digni
2907 1160 3127 1215 fuerunt
3156 1176 3378 1216 cernere
3406 1177 3495 1216 re-

1923 1268 2084 1323 gnum
2111 1253 2391 1309 caelorum.
2432 1253 2487 1307 In
2515 1253 2695 1307 saeculi
2724 1268 2853 1309 vero
2881 1255 3344 1309 consunnnatione
3372 1272 3495 1309 cum

1925 1358 2030 1398 non
2066 1343 2183 1397 sine
2207 1353 2429 1413 paterna
2458 1344 2742 1413 majestate
2764 1343 3026 1398 Dominus
3061 1346 3327 1409 adveniet,
3356 1346 3497 1400 haud

227 1428 528 1497 ἀφίκηται,
562 1424 747 1478 οὐκέτι
780 1424 1021 1495 Μωύσῆς
1050 1426 1210 1497 μόνον
1244 1429 1338 1482 καὶ
1380 1428 1564 1493 Ἰιλίας
1589 1429 1816 1501 δορυφο-

1929 1436 2028 1506 iam
2061 1434 2273 1506 Moyses
2300 1436 2670 1490 tantummodo
2697 1448 2862 1506 atque
2892 1436 3037 1492 Elias
3063 1438 3236 1506 ipsum
3272 1438 3501 1491 comita-

228 1519 497 1587 ρήσουσιν
560 1514 755 1577 αὐτὸν,
805 1513 926 1566 οὐδὲ
984 1518 1133 1586 τρεῖς
1188 1516 1335 1587 μόνοι
1396 1517 1503 1571 τῶν
1565 1518 1820 1589 μαθητῶν

227 1607 381 1677 αὐτῷ
442 1606 779 1670 συνέσονται,
822 1606 957 1659 ἀλλὰ
1001 1607 1200 1670 πάντες
1238 1597 1515 1679 προφῆται
1568 1612 1662 1663 καὶ
1717 1628 1820 1664 πα-

225 1698 493 1770 τριάρχαι
540 1698 633 1750 ita).
668 1697 863 1752 δίκαιοι
885 1716 897 1728 ·
931 1699 1025 1752 καὶ
1053 1698 1151 1752 οὐκ
1181 1701 1261 1762 εἰς
1291 1700 1415 1772 ὅρος
1448 1700 1669 1772 ὑψηλὸν,
1703 1703 1818 1756 ἀλλ’

224 1792 305 1856 εἰς
327 1790 425 1843 τὸν
464 1789 695 1861 οὐρανὸν
729 1789 914 1855 ἀνάξει
941 1790 1067 1852 τοὺς
1093 1789 1275 1856 ἀξίους
1312 1788 1411 1860 τῆς
1440 1791 1603 1845 αὐτοῦ
1631 1792 1817 1864 θεότη-

1927 1531 2154 1593 buntur,
2185 1542 2359 1598 neque
2415 1538 2524 1583 tres
2572 1536 2779 1583 tantum
2818 1529 3063 1597 discipuli
3106 1530 3369 1596 aderunt,
3401 1531 3497 1583 scd

1927 1623 2198 1691 prapheta:
2219 1636 2429 1687 omnes,
2454 1621 2795 1690 patriarchas,
2822 1622 3064 1693 justique
3097 1622 3377 1687 homines;
3406 1637 3500 1676 ne.

1924 1726 2029 1782 que
2056 1712 2109 1766 in
2137 1713 2409 1767 excelsum
2456 1725 2717 1781 montem,
2758 1715 2853 1769 sed
2888 1714 2940 1769 in
2968 1714 3164 1768 coelum
3211 1730 3381 1784 usque
3413 1714 3499 1768 di-

1925 1818 2058 1873 gnos
2086 1818 2184 1858 sua
2228 1805 2432 1860 deitate
2460 1806 2737 1874 perducet.
2776 1804 2926 1860 Tunc
2947 1806 3123 1861 deitas
3151 1806 3268 1875 ejus
3311 1805 3498 1876 splen-

226 1899 338 1945 τος.
376 1881 517 1934 Τότε
556 1880 611 1933 δὲ
637 1880 839 1951 λάμψει
871 1881 904 1950 ή
947 1879 1135 1951 θεότης
1160 1881 1324 1934 αὐτοῦ
1353 1883 1449 1953 οὐχ
1485 1882 1561 1948 ὡς
1588 1885 1617 1935 6
1647 1884 1815 1954 ἥλιος,

1929 1893 2106 1948 descet
2138 1908 2243 1949 non
2284 1905 2343 1949 ut
2388 1895 2493 1960 sol,
2520 1896 2612 1950 sed
2643 1910 2804 1965 supra
2842 1912 3004 1965 quam
3048 1896 3303 1967 qualibet
3332 1912 3500 1951 exco-

224 1974 344 2027 ἀλλ⁹
377 1973 527 2045 ὐπὲρ
557 1973 665 2027 πᾶν
698 1972 1078 2043 ὲπινοούμενον
1110 1972 1166 2025 ἐν
1215 1990 1273 2026 τε
1309 1975 1585 2045 αἰσθητοῖς
1617 1977 1710 2029 καὶ
1758 1980 1815 2030 ἐν

227 2069 447 2139 νοητοῖς
474 2065 730 2137 γεννητὸν
748 2064 880 2133 φῶς
910 2063 1139 2136 ἐπείπερ
1169 2066 1319 2118 ἐστὶν
1344 2067 1505 2131 αὐτὸς
1528 2067 1587 2120 τὸ
1617 2067 1731 2137 φῶς
1754 2069 1817 2122 τὸ

226 2159 470 2228 φωτίζον
504 2158 682 2211 πάντα
702 2158 983 2230 ἄνθρωπον
1012 2159 1305 2230 ἐρχόμενον
1338 2161 1418 2225 εἰς
1437 2160 1528 2215 τὸν
1573 2162 1775 2234 κόσμον
1798 2180 1813 2193 ·

228 2251 316 2305 ὅτε
345 2252 442 2305 καὶ
476 2251 640 2317 δείξει
669 2250 834 2304 αὐτοῦ
868 2251 929 2305 τὸ
954 2251 1270 2322 πρόσωπονο
1299 2253 1360 2306 οὐ
1385 2252 1494 2327 γὰρ
1516 2255 1593 2318 ὼς
1652 2254 1817 2309 πάλαι

222 2342 304 2412 τῷ
328 2345 563 2397 Μωῡσεῖ
582 2358 711 2395 ποτε
744 2342 948 2411 ἔλεγεν.
977 2345 1060 2397 ὅτι
1089 2345 1163 2398 Τὰ
1186 2346 1377 2400 ὀπίσω
1394 2364 1514 2416 μου
1537 2348 1673 2417 ὄψει
1694 2388 1710 2414 ,
1751 2349 1818 2403 τὸ

226 2431 297 2485 δὲ
327 2434 667 2501 πρόσωπόν
701 2450 821 2502 μου
852 2435 964 2487 οὐκ
1001 2433 1332 2502 ὀφθήσεταί
1362 2451 1495 2500 σοι,
1530 2436 1673 2493 οὕτω
1722 2440 1819 2492 καὶ

225 2526 351 2577 τότε
383 2527 632 2594 ποιήσει⁹
667 2525 783 2578 ἀλλ’
815 2524 986 2589 οὕτως
1020 2527 1210 2581 ἐαυτὸν
1241 2528 1466 2600 παρέξει
1492 2531 1605 2593 τοῖς
1623 2530 1816 2598 ἁγίοις,

224 2616 306 2679 ὡς
363 2616 628 2670 δύνασθαι
678 2619 885 2681 πάντας
930 2618 1137 2687 λέγειν’
1179 2619 1367 2689 Ἡμεῖς
1407 2620 1494 2686 δὲ,
1526 2622 1818 2676 ἀνακεκα-

222 2707 523 2776 λυμμένῳ
550 2707 848 2776 προσώπῳ
881 2708 996 2779 τὴν
1021 2709 1210 2774 δόξαν
1244 2712 1463 2780 Κυρίου
1506 2729 1821 2781 κατοπτρι-

230 2798 488 2869 ζόμενοι,
522 2799 637 2867 τὴν
681 2799 876 2867 αὐτὴν
912 2802 1113 2855 εἰκόνα
1144 2804 1674 2873 μεταμορφούμεοα
1700 2805 1818 2859 ἀπὸ

229 2889 423 2957 δόξης
453 2894 542 2957 εὶς
569 2891 774 2956 δόξαν.
810 2892 921 2945 Καὶ
949 2893 1071 2945 τότε
1105 2892 1165 2945 οὐ
1196 2892 1391 2964 νεφέλη
1447 2892 1663 2965 βοήσει,
1697 2895 1818 2948 οὐδὲ

232 2982 320 3035 διὰ
350 2983 585 3055 νεφέλης
603 2986 631 3037 6
656 2984 844 3056 Πατὴρ
878 2986 1215 3058 μαρτυρήσει
1243 2985 1320 3057 τῷ
1350 2985 1484 3056 Υἰῷ,
1514 2986 1627 3040 ἀλλ’
1657 2987 1821 3053 αὐτὸς

231 3074 298 3128 δι’
321 3074 527 3129 ἐαυτοῦ
552 3076 675 3147 δίχα
703 3079 904 3142 παντὸς
925 3079 1380 3150 ὲπισκιάσματος,
1411 3080 1505 3132 καὶ
1532 3078 1653 3151 δίχα
1682 3098 1817 3134 παν-

232 3166 322 3232 τὸς
350 3168 656 3240 ἑρμηνέως,
708 3170 858 3242 αὐτῴ
896 3170 975 3242 τῷ
1017 3171 1161 3243 ἔργῳ
1187 3171 1277 3225 τὸν
1338 3172 1595 3243 μονογενῆ
1654 3171 1819 3226 αὐτοῦ

1922 1983 2080 2053 gitari
2117 1992 2294 2053 potest
2327 1983 2412 2038 vel
2458 1984 2731 2041 sensibilis
2781 1986 2864 2039 vel
2898 1984 3274 2040 intellectualis
3313 1996 3496 2040 creata

1924 2076 2012 2131 lux
2042 2094 2058 2129 :
2083 2077 2519 2149 quandoquidem
2550 2077 2665 2145 ipse
2695 2075 2785 2130 lux
2819 2085 2902 2131 est
2942 2092 3062 2147 qua:
3087 2077 3354 2131 illuminat
3379 2093 3499 2131 om-

1923 2182 2045 2222 nem
2098 2167 2370 2221 hominem
2401 2166 2703 2222 venientem
2747 2167 2802 2220 in
2843 2168 2986 2221 hunc
3030 2168 3306 2221 mundum.
3344 2165 3497 2222 Tunc

1923 2261 2085 2314 etiam
2133 2260 2327 2315 faciem
2375 2275 2530 2315 suam
2580 2259 2859 2315 revelabit.
2892 2259 3007 2313 Non
3046 2259 3189 2314 enim
3214 2298 3231 2325 ,
3263 2270 3323 2314 ut
3369 2261 3496 2315 olim

1924 2357 2091 2428 Moysi
2138 2358 2340 2413 dictum
2380 2358 2503 2423 fuit,
2551 2357 2858 2412 Posteriora
2904 2372 3018 2410 mea
3066 2355 3277 2423 videbis,
3327 2357 3499 2409 vultus

1924 2460 2099 2503 tamen
2128 2466 2160 2503 a
2182 2460 2231 2502 te
2257 2466 2360 2521 non
2389 2450 2765 2519 spectabitur"
2792 2466 2807 2515 ;
2838 2464 2941 2503 non
2969 2450 3071 2514 sic,
3108 2448 3350 2516 inquam,
3372 2458 3500 2502 tunc

1922 2556 2139 2612 quoque
2164 2556 2224 2596 se
2246 2551 2394 2612 geret
2420 2558 2435 2607 ;
2466 2543 2560 2596 sed
2596 2543 2667 2596 ita
2698 2551 2870 2596 semet
2896 2542 3101 2596 sanctis
3130 2540 3502 2604 exhibebit,ut

1924 2648 2112 2688 omnes
2156 2635 2340 2689 dicere
2380 2645 2629 2703 queant:
2673 2632 2789 2689 Nos
2833 2634 3058 2689 revelata
3094 2635 3229 2703 [acie
3273 2635 3499 2702 gloriam

1924 2723 2139 2779 Domini
2179 2727 2528 2795 speculantes,
2568 2726 2625 2779 in
2663 2726 2896 2780 eamdem
2932 2727 3209 2796 imaginem
3232 2726 3499 2795 transfor-

1924 2830 2131 2869 mamur
2155 2816 2219 2871 de
2240 2816 2409 2887 gloria
2437 2818 2491 2869 in
2515 2816 2738 2886 gloriam
2759 2817 2827 2869 τ’.
2863 2815 3015 2870 Tunc
3048 2832 3177 2871 vero
3222 2817 3363 2869 haud
3399 2832 3498 2869 nuo
3530 2832 3535 2841 '

1925 2904 2020 2961 bes
2065 2907 2353 2976 clamabit,
2386 2921 2560 2977 neque
2608 2907 2673 2962 de
2720 2906 2859 2962 nube
2912 2906 3072 2962 Pater
3122 2906 3501 2961 testiticabitur

1927 2998 2082 3062 Filio,
2107 2998 2200 3053 sed
2230 2998 2343 3068 ipse
2382 3012 2479 3068 per
2513 3013 2595 3063 se,
2627 2999 2833 3067 absque
2882 2997 2992 3051 ullo
3031 2999 3371 3068 cperimento
3418 2998 3499 3052 vel

1927 3087 2247 3158 interprete,
2284 3103 2472 3160 reapse
2515 3089 2851 3159 unigenitum
2900 3088 3096 3143 Filium
3144 3104 3299 3144 sumn
3333 3103 3497 3159 supra

1926 3195 2115 3235 omnes
2143 3192 2359 3236 sanctos
2402 3180 2763 3248 glorilicaliit,
2801 3195 3174 3237 consessorem
3216 3195 3371 3236 auum
3416 3195 3499 3234 re-

235 3258 369 3314 Υἰὺν
403 3260 497 3313 ἐπὶ
532 3260 748 3317 πάντων
787 3264 895 3316 τῶν
924 3265 1095 3333 ἁγίων
1124 3263 1287 3318 αὐτοῦ
1314 3264 1561 3331 δοξάσει,
1592 3265 1819 3337 σύνθρο-

1929 3273 2123 3342 gnique
2151 3273 2473 3342 participem
2500 3287 2621 3328 esse
2661 3272 3063 3338 demonstrans,
3097 3280 3153 3326 et
3184 3286 3345 3341 supra
3384 3286 3502 3324 om-
3566 3258 3569 3261 λ

233 3367 326 3405 νον
381 3352 543 3406 αὐτὸν
604 3355 783 3426 ἐαυτῷ
841 3358 934 3411 καὶ
981 3356 1318 3429 συμϐασιλέα
1358 3358 1665 3424 ἀποδείξας,
1732 3359 1824 3413 καὶ

236 3445 499 3516 ὑπεράνω
528 3448 709 3520 πάσης
736 3450 908 3522 ἀρχῆς
938 3452 1286 3522 καταστήσας
1312 3449 1473 3504 αὐτόν
1497 3466 1511 3481 ·
1539 3449 1662 3503 οὐτε
1694 3451 1824 3504 οὐκ·

235 3537 317 3590 ἑτι
384 3537 573 3611 ὥσπερ
613 3541 732 3594 τότε
782 3544 830 3595 οἱ
884 3546 1032 3615 τρεῖς
1094 3542 1332 3614 μαθηταὶ
1389 3542 1540 3614 μόνοι
1590 3541 1683 3595 ἐπὶ
1726 3540 1821 3596 τοῦ

234 3628 403 3701 ὅρους
451 3632 783 3698 ἀκούσαντες
820 3634 920 3705 τῆς
953 3635 1133 3706 φωνῆς
1161 3635 1254 3688 ἐπὶ
1290 3635 1577 3705 πρόσωπον
1608 3634 1821 3699 ἔπεσον,

237 3726 338 3775 καὶ
367 3725 734 3797 ἐφοϐήθησαν,
777 3726 913 3780 ἀλλὰ
946 3727 1040 3780 καὶ
1066 3729 1173 3781 πᾶν
1196 3727 1322 3796 γόνυ
1356 3725 1562 3796 κάμψει
1587 3728 1823 3796 ἐπουρα-

237 3816 372 3869 νίων
409 3818 505 3870 καὶ
537 3817 791 3886 ἐπιγείων
824 3820 917 3872 καὶ
949 3819 1337 3890 καταχθονίων.

262 3907 442 3977 Φωνή
476 3908 711 3978 ἐγένετο
736 3911 804 3963 ἐκ
831 3911 941 3980 τῆς
975 3911 1234 3981 νεφέλης
1260 3911 1547 3983 λέγουσα,
1578 3930 1631 3966 κ.
1664 3930 1713 3967 τ.
1740 3912 1789 3966 λ.

311 3999 469 4072 Φωνὴ
495 4003 734 4074 πατρική
756 4003 845 4056 διά
870 4004 1118 4075 νεφέλης,
1149 4004 1321 4069 οὕτως
1367 4003 1475 4076 γὰρ
1503 4007 1753 4075 φαίνεται
1794 4008 1823 4059 6

237 4089 396 4155 Θεὸς,
438 4091 735 4164 ἐμαρτύρει
765 4095 984 4166 Χριστῷ
1016 4095 1113 4168 τὴν
1153 4096 1404 4166 υίότητα·
1441 4096 1545 4151 ἔδει
1591 4097 1700 4169 γὰρ
1746 4099 1821 4170 μὴ

240 4183 396 4253 παρά
422 4183 629 4255 Πέτρου
660 4184 820 4255 μόνου
850 4187 1183 4258 γνωσθῆναι,
1207 4188 1288 4241 ὅτι
1311 4187 1471 4253 αὐτὸς
1510 4190 1595 4261 εἴη
1632 4192 1660 4243 6
1690 4191 1823 4261 Χρι-

242 4274 368 4338 στὸς
388 4276 418 4327 6
450 4276 576 4340 Υἱὸς
608 4277 701 4331 τοῦ
740 4279 874 4333 Θεοῦ
901 4281 995 4334 τοῦ
1031 4280 1262 4346 ζῶντος*
1298 4281 1420 4353 μηδ’
1466 4282 1629 4336 αὐτὸν
1663 4283 1821 4353 μόνον

239 4370 321 4439 τῷ
344 4371 534 4443 Πέτρῳ
570 4375 1051 4445 μεμαρτυρηκέναι
1074 4376 1149 4438 ὼς
1171 4374 1322 4446 παρὰ
1347 4373 1441 4427 τοῦ
1485 4374 1700 4446 Πατρὸς
1727 4374 1819 4428 τοῦ

241 4465 305 4517 ἐν
332 4467 447 4528 τοῖς
474 4466 724 4539 οὐρανοῖς
750 4466 849 4539 τὴν
878 4470 1005 4539 περὶ
1033 4467 1197 4521 αὐτοῦ
1225 4466 1425 4535 γνῶσιν
1447 4464 1683 4535 εἰληφὼς
1710 4464 1815 4537 εἴη·

243 4554 380 4611 ἀλλά
402 4558 497 4611 καὶ
545 4559 712 4631 αὐτὴν
744 4561 844 4631 τήν
872 4560 1142 4631 πατρικὴν
1198 4557 1381 4630 φωνὴν
1424 4557 1820 4629 ἐπισφραγίσα-

245 4648 371 4704 σθαι
400 4650 499 4722 τὴν
522 4651 797 4724 ἀλήθειαν
834 4653 928 4706 τοῦ
980 4653 1170 4721 λόγου,
1230 4650 1607 4725 μαρτυροῦσαν
1658 4649 1819 4704 αὐτὸν

243 4738 384 4797 εἶναι
417 4745 546 4798 Υίὸν
572 4744 665 4798 τοῦ
699 4745 856 4814 Θεοῦ,
888 4745 997 4800 δεῖν
1032 4762 1101 4799 τε·
1144 4744 1361 4799 ἀκούειν
1381 4743 1546 4797 αὐτοῦ
1579 4758 1821 4814 παρακε-

244 4835 564 4910 λευομένην.
1330 4840 1339 4844 ”

256 4926 400 4981 Ἐὰν
421 4928 539 4998 μὲν
569 4925 615 5003 ᾖ
630 4931 779 5003 λέκεῐ
802 4933 831 4985 6
861 4933 992 5001 υίὸς
1035 4933 1297 5003 εἰρήνης,
1334 4931 1823 5003 ἐπαναπαύσεται

614 5001 708 5055 ἐπ’
740 5004 929 5058 αὐτὸν
956 5007 995 5073 ἠ
1022 5001 1230 5073 εἰρήνη
1260 5002 1447 5072 ὑμῶν.

325 5092 489 5166 Ὁρᾷς
537 5096 684 5159 ὅπως
717 5095 1099 5167 προεξετὰῖειν
1154 5098 1248 5149 καί¹
1309 5095 1384 5167 μὴ
1423 5095 1587 5148 πᾶσιν
1632 5092 1823 5161 ἀνέδην

245 5186 472 5253 ἑαυτοὺς
497 5189 762 5244 ἐκδιδόναι
800 5192 1052 5262 παρῄνει,
1088 5190 1223 5244 ἀλλά
1245 5190 1340 5243 καὶ
1366 5187 1613 5261 πρώτους
1639 5186 1739 5255 τῆς
1764 5185 1825 5250 ἐξ

245 5278 427 5332 αὐτῶν
466 5278 784 5350 εὐεργεσίας
814 5280 1176 5352 ἀπάρχεσθαι,
1213 5280 1308 5334 κα)⁸
1349 5278 1597 5348 πρώτους
1623 5274 1822 5329 διδόναι

242 5371 353 5424 τῶν
400 5371 584 5434 αὐτοῖς
615 5372 1007 5442 ὐπαρχόντων;
1049 5374 1252 5445 Εἰρήνη
1281 5373 1336 5425 δὲ
1377 5368 1444 5443 ἧν
1484 5368 1643 5439 αὕτη,
1685 5365 1821 5436 πρέ-

246 5481 422 5518 πουσα
458 5463 594 5519 Θεοῦ
641 5464 999 5537 στρατιώταις
1038 5465 1212 5536 φωνή,
1255 5466 1544 5536 νικητήρια
1585 5461 1707 5515 κατ’
1733 5459 1824 5529 ἐχ-

247 5557 391 5629 θρῶν
421 5558 732 5631 ἀραμένοις.
782 5558 973 5625 Δίωξιν
1006 5558 1136 5627 γοῦν
1156 5558 1401 5631 ἐχθρῶν,
1433 5557 1527 5611 καὶ
1565 5552 1823 5624 καθαίρε-

248 5666 328 5705 σιν
360 5649 653 5721 πολεμίων,
676 5650 812 5705 Θεοῦ
837 5668 897 5704 τε
923 5648 1141 5719 enim;
1162 5650 1451 5719 διαλλαγὰς
1468 5649 1530 5703 τὸ
1552 5647 1649 5719 τῆς
1673 5643 1823 5715 εἰρή-

1927 3378 2049 3417 nein
2098 3365 2457 3433 principatum
2507 3364 2867 3420 constituens.
2896 3363 3048 3419 Tunc
3094 3363 3236 3418 haud
3279 3361 3414 3430 jam,
3444 3373 3501 3414 ut

1928 3462 2039 3510 tres
2077 3454 2205 3509 olim
2237 3456 2335 3509 soli
2369 3455 2614 3524 discipuli
2646 3454 2827 3508 audita
2873 3454 2927 3508 in
2961 3463 3143 3508 monte
3170 3468 3302 3507 voce
3330 3452 3381 3506 in
3419 3450 3503 3505 {ac

1925 3548 2062 3602 ciem
2091 3548 2438 3618 prociderunt
2467 3562 2532 3603 ac
2577 3546 2993 3616 pertimuerunt,
3028 3546 3122 3601 sed
3156 3560 3315 3599 omne
3359 3559 3499 3612 genu

1924 3637 2169 3695 ﬂectetur
2186 3639 2504 3706 cmlestium,
2531 3637 2864 3694 terrestrium
2890 3646 2947 3693 et
2977 3635 3309 3693 infernorum
3326 3636 3393 3691 ⁸⁸.

2170 3913 2213 3949 ³⁸
2248 3915 2361 3971 Vox
2382 3916 2445 3971 de
2470 3916 2604 3970 nube
2626 3916 2769 3986 facta
2792 3924 2891 3980 est,
2921 3916 3120 3981 dicens,
3144 3923 3254 3970 etc.

1993 4008 2110 4064 Vox
2135 4019 2356 4078 paterna
2386 4021 2450 4061 ex
2480 4008 2641 4073 nube,
2678 4022 2800 4060 nam
2831 4006 2910 4061 sic
2958 4004 3101 4059 Deus
3149 4010 3391 4073 apparet,
3421 4002 3503 4057 di-

1922 4102 2179 4171 gnitatem
2212 4099 2330 4153 Filii
2373 4098 2594 4153 Christo
2623 4095 2997 4151 attestabatur.
3026 4092 3321 4164 Oportebat
3354 4094 3499 4147 enim

1926 4192 2066 4247 haud
2096 4207 2126 4246 a
2151 4191 2265 4245 solo
2294 4191 2454 4245 Petro
2482 4190 2760 4260 cognosci,
2801 4202 2924 4242 eum
2953 4201 3072 4242 esse
3102 4186 3373 4241 Christum
3409 4187 3500 4240 Dei

1926 4282 2030 4337 vivi
2061 4282 2278 4338 Filium.
2300 4280 2484 4352 Neque
2515 4282 2686 4351 ipsum
2722 4279 2997 4335 Christum
3027 4276 3398 4332 tantummodo
3421 4286 3505 4330 te-

1922 4374 2053 4430 stari
2084 4374 2244 4429 Petro
2264 4383 2541 4443 acceptam
2572 4388 2602 4427 a
2632 4371 2793 4426 Patre
2814 4370 3025 4427 caelesti
3055 4371 3121 4426 de
3144 4384 3202 4424 se
3219 4368 3498 4433 notitiam;

1922 4465 2017 4521 sed
2056 4468 2250 4536 ipsam,
2287 4466 2526 4535 inquam,
2552 4473 2835 4534 paternam
2877 4477 3064 4517 vocem
3102 4460 3388 4531 veritatem
3421 4459 3503 4514 di-

1923 4556 1995 4612 cti
2040 4558 2198 4626 quasi
2257 4556 2433 4626 sigillo
2478 4554 2838 4621 conﬁrmare,
2875 4552 3126 4608 testando
3167 4551 3340 4621 ipsum
3379 4564 3503 4605 esse

1924 4650 2197 4704 Chrismm
2218 4649 2311 4704 Dei
2338 4649 2529 4703 Filium
2555 4665 2571 4715 ;
2595 4647 2754 4718 eique
2778 4661 2899 4703 esse
2931 4643 3343 4700 auscultandum
3366 4659 3504 4714 pra:-

1923 4754 2124 4810 cupere.

1926 4920 1971 4951 ⁸¹
2000 4917 2058 4973 Si
2086 4917 2295 4988 quidem
2325 4916 2396 4970 ibi
2435 4914 2591 5039 [alim
2631 4917 2777 4984 [ilius
2808 4916 2976 4982 pacis,
3024 4912 3303 4984 requiescet
3345 4924 3501 4977 super

2456 5004 2474 5039 ι
2522 5004 2607 5039 um
2641 5003 2745 5039 paa:
2785 4998 2974 5039 vestra.

2456 4998 2607 5041 illum
2640 5003 2745 5055 paa:
2785 4998 2974 5043 vestra.

1998 5079 2189 5136 Viden’
2216 5081 2484 5151 quomodo
2508 5087 2636 5134 ante
2652 5077 3006 5149 perpendere,
3046 5088 3220 5144 neque
3250 5070 3500 5127 omnibus

1926 5174 2140 5229 incaute
2172 5188 2231 5227 se
2251 5172 2591 5227 committere
2621 5171 2890 5232 hortatur,
2924 5168 3018 5220 sed
3050 5177 3103 5220 et
3125 5166 3269 5234 ipsos
3292 5161 3500 5232 priores

1924 5266 2136 5321 initium
2179 5264 2425 5320 beneﬁcii
2460 5264 2663 5325 facere,
2691 5271 2743 5316 et
2772 5260 2980 5330 priores
3014 5257 3079 5311 de
3126 5253 3347 5325 proprio
3376 5252 3500 5307 aliis

1930 5359 2169 5412 tribuere
2198 5357 2222 5410 ?
2253 5355 2328 5412 De
2358 5371 2492 5427 pace
2526 5364 2707 5409 autem
2730 5353 2818 5407 hic
2871 5349 3064 5419 agitur,
3090 5350 3221 5419 qua:
3253 5346 3347 5401 Dei
3397 5345 3501 5401 mi-

1931 5451 2079 5506 litum
2119 5465 2223 5504 vox
2254 5450 2470 5519 propria
2492 5456 2597 5511 est,
2626 5446 2717 5516 qui
2750 5443 3034 5499 victoriam
3056 5441 3120 5496 de
3144 5439 3388 5495 hostibus
3413 5451 3499 5491 re-

1928 5545 2184 5602 tulerunt.
2215 5543 2353 5615 Ergo
2392 5541 2728 5597 inimicorum
2760 5534 3192 5609 persecutionem
3216 5574 3232 5597 ,
3260 5530 3498 5588 hostium

1927 5638 2177 5705 exitium,
2202 5634 2517 5695 benevolam
2551 5647 2673 5689 cum
2707 5632 2814 5686 Deo
2845 5628 3361 5691 reconciliationem,
3399 5625 3498 5681 sub

324 5850 365 5882 ²⁷
392 5865 511 5923 cap.
543 5852 725 5920 tx,‘.28.
803 5854 847 5886 ⁷³
883 5854 1049 5910 Exod.
1092 5869 1279 5920 smn,
1319 5853 1413 5907 9.5.
1490 5853 1530 5885 7°
1566 5850 1604 5907 ll
1637 5849 1760 5907 Cor.
1801 5866 1815 5905 t

1929 5850 1974 5915 Β.
2052 5848 2097 5882 ⁸⁸
2129 5846 2354 5919 Philipp.
2384 5862 2443 5917 ιι,
2480 5845 2563 5900 κιο.
2642 5844 2683 5877 ⁸¹
2712 5857 2831 5914 cap.
2866 5856 2941 5911 ix,
2970 5840 3061 5896 Si.
3149 5840 3199 5909 ,ι’
3222 5851 3338 5909 cap.
3369 5830 3481 5903 x,6.
3546 5908 3559 5915 -
