3968 6520
483 412 590 470 εει

1162 412 1431 468 EUSEBII
1470 412 1944 473 CxESARlENSIS
1981 412 2131 468 OPP.
2174 410 2354 467 PARS
2393 411 2480 466 ΙΙΙ.
2522 442 2587 450 -
2629 411 3043 468 EXEGETlCA.

3635 418 3745 474 553

485 531 635 596 pacis
663 531 884 587 nomine
922 532 1099 603 dignis
1150 534 1483 602 assignabat.
1529 534 1716 605 Itaque
1757 537 1881 591 data
1914 536 2061 605 prius

2165 550 2261 604 νης
2295 533 2464 603 ὄνομα
2496 536 2608 597 τοῖς
2640 534 2811 601 ἀξίοις
2853 535 3154 606 προύξένει.
3200 538 3415 610 Ταύτην
3459 540 3753 608 τοιγαροῦν

487 629 586 680 hac
621 644 755 697 pace
778 628 988 683 illorum
1020 630 1328 690 animabus.
1367 631 1458 699 qui
1491 646 1550 686 se
1583 630 1819 700 hospitio
1847 645 2067 700 recepe-

486 721 613 783 rint,
641 732 766 775 tunc
797 724 1009 776 demum
1039 723 1291 777 alimenta
1310 724 1382 777 ab
1415 724 1482 778 iis
1512 724 1757 795 accipere
1786 724 2062 779 suadebat.

485 813 849 879 Quamobrem
880 815 1189 869 necessario
1210 816 1613 884 praemonebat,
1644 832 1711 871 ne
1732 816 1784 870 in
1815 816 1962 869 omni
1988 816 2067 869 in—

486 904 797 959 differenter
835 906 995 959 domo
1052 907 1486 974 hospitarentur,
1523 923 1657 962 neve
1693 924 2067 979 quemcunque

488 998 757 1053 hominem
788 1000 1006 1069 dignum
1035 1001 1347 1068 judicarent
1380 1002 1535 1070 cujus
1580 1002 1815 1071 hospitio
1847 1010 2065 1056 uteren-

488 1102 604 1157 tur;
634 1095 727 1147 sed
764 1094 1117 1161 exquirerent
1156 1109 1283 1147 num
1318 1094 1440 1162 quis
1475 1094 1527 1146 in
1563 1093 1777 1147 civitate
1801 1102 1946 1147 esset
1982 1094 2065 1148 vel

487 1185 539 1237 in
571 1201 722 1252 agro,
762 1185 919 1239 bonis
965 1184 1174 1239 actibus
1227 1196 1527 1254 sanctaque
1562 1186 1669 1239 vita
1722 1186 2062 1254 conspicuus,

487 1278 575 1343 qui
610 1279 787 1343 regios
818 1278 1017 1332 milites
1048 1287 1230 1347 posset
1257 1278 1471 1332 virtutis
1515 1278 1687 1331 xeniis
1710 1278 1980 1343 excipere.
2008 1279 2063 1332 Si

487 1370 701 1436 quando
736 1380 914 1422 autem
948 1369 1254 1439 hujusmodi
1302 1369 1498 1438 aliquis
1526 1370 1910 1434 ginveniretur,
1942 1381 2066 1425 tunc

487 1458 644 1524 hujus
684 1468 882 1512 tectum
918 1461 1234 1523 subeuntes,
1263 1459 1475 1513 militia:
1515 1474 1627 1513 sum
1673 1475 1827 1513 arma
1858 1461 1909 1515 in
1953 1462 2065 1530 pri-

486 1549 589 1602 mis
643 1559 1008 1617 exponerent;
1043 1562 1169 1604 sunt
1200 1559 1376 1603 autem
1428 1549 1541 1603 haec
1583 1550 1731 1619 pacis
1768 1550 2008 1621 symbola
2048 1567 2061 1603 :

485 1638 717 1706 ideoque
754 1649 808 1692 et
854 1640 1117 1706 hospitem
1150 1650 1205 1694 et
1237 1642 1545 1693 universam
1578 1642 1796 1694 dommn
1830 1641 1945 1709 ejus
1973 1656 2066 1709 pa-

484 1732 638 1784 cifica
662 1730 986 1785 salutatione
1016 1732 1423 1797 impertirentur
1460 1750 1474 1788 :
1506 1733 1699 1786 deinde
1736 1732 1841 1786 illic
1882 1748 2065 1787 mane.

486 1834 627 1887 rent,
678 1838 852 1893 neque
875 1823 1252 1887 abscederent,
1304 1825 1388 1878 vel
1441 1826 1508 1879 de
1556 1826 1715 1879 domo
1763 1826 1812 1879 in
1848 1826 2060 1879 domum

484 1917 648 1970 irent.
686 1914 775 1970 Sic
806 1918 948 1971 enim
983 1916 1239 1987 exquisiti
1282 1918 1551 1971 examinis
1594 1918 1848 1972 indicium
1886 1920 2067 1974 dedis-

481 2019 605 2064 Sent
634 2032 645 2063 :
684 2025 805 2063 nam
835 2013 1188 2064 temerarium
1213 2010 1266 2064 et
1291 2010 1663 2075 subitaneum,
1700 2027 1805 2065 non
1837 2022 1918 2067 est
1952 2024 2064 2067 sta-

483 2100 589 2155 hile
616 2117 791 2170 neque
821 2106 1122 2156 constantis
1151 2102 1337 2156 moris.
1384 2104 1507 2155 ideo
1538 2103 1808 2168 monebat,
1847 2119 1913 2157 ne
1954 2105 2065 2158 vel-

483 2191 595 2247 lent
617 2203 772 2247 antea
799 2194 1223 2259 commorari,et
1256 2194 1450 2248 deinde
1505 2195 1752 2249 notitiam
1787 2197 2066 2264 exquirere

483 2298 592 2351 quo
627 2284 766 2336 facto
793 2284 859 2337 ad
905 2284 1065 2336 alium
1102 2283 1395 2337 transirent
1429 2299 1550 2337 cum
1586 2284 1814 2351 hospitis
1844 2286 2063 2353 injuria.

485 2376 617 2431 ltem
674 2378 717 2431 si
763 2387 818 2432 et
878 2378 965 2432 hic
1018 2380 1283 2446 posterior
1347 2380 1600 2449 indignus
1639 2378 1869 2446 hOSplllO
1912 2395 2058 2432 com-

484 2469 758 2536 pcriretur
776 2484 963 2523 rursus
986 2469 1131 2522 illinc
1154 2469 1315 2522 etiam
1332 2470 1688 2531 discederent,
1710 2470 2064 2522 voluntariam

489 2561 828 2613 inimicitiam
878 2564 1292 2623 contrahentes.
1348 2574 1631 2630 postquam
1692 2579 1874 2631 pacem
1915 2577 2064 2613 suam

488 2653 554 2705 ad
580 2654 833 2723 indignos
865 2653 1239 2722 proiecissent.
1272 2654 1377 2707 Sed
1408 2654 1550 2708 enim
1578 2664 1787 2723 oportet
1814 2655 1961 2723 prius
1989 2654 2067 2705 di-

481 2746 715 2814 ligenter
746 2747 1038 2817 inquirere.
1074 2757 1253 2801 utrum
1300 2746 1493 2814 aliquis
1524 2747 1714 2815 dignus
1747 2747 1849 2811 sit;
1876 2746 2066 2800 deinde

484 2838 552 2890 ad
583 2853 704 2890 eum
763 2839 1083 2893 accedentes
1114 2878 1128 2903 ,
1164 2839 1314 2907 pacis
1365 2839 1565 2892 bonum
1616 2838 2017 2891 communicare
2048 2854 2063 2903 ;

485 2945 715 2999 eamque
768 2932 983 2985 abunde
1014 2948 1119 2985 non
1168 2931 1216 2985 ei
1268 2933 1637 2985 tantummodo
1675 2931 1764 2998 qui
1802 2931 2063 2999 Optimum

486 3020 852 3073 testimonium
889 3022 1067 3081 habet,
1108 3022 1201 3074 sed
1259 3020 1353 3073 loli
1401 3037 1618 3089 quoque
1671 3030 1890 3089 propter
1942 3035 2063 3074 eum

485 3109 689 3165 domui.
715 3110 867 3177 Quod
904 3112 945 3163 si
975 3112 1137 3179 digno
1165 3111 1345 3177 aliquo
1383 3112 1687 3179 excipiente
1722 3112 1871 3182 regni
1922 3111 2063 3164 mili-

2167 628 2623 699 προδανείσαντας
2661 627 2758 698 τὴν
2790 632 3013 702 εἰρήνην
3038 633 3157 693 ταῖς
3192 631 3298 685 τῶν
3336 631 3755 702 ὑποδεξαμένων

2165 721 2362 783 αὐτοὺς
2392 720 2609 790 ψυχαῖς,
2651 720 2751 789 τῆς
2798 723 2928 792 παρ’
2958 722 3135 775 αὐτῶν
3161 726 3366 793 τροφῆς
3401 724 3756 794 μεταλαμϐά-

2166 828 2308 864 νειν·
2363 810 2442 864 διὸ
2482 811 2794 879 ἀναγκαίως
2837 813 3274 883 προδιεστέλλετο
3326 814 3399 886 μὴ
3444 816 3525 877 εἰς
3573 816 3755 869 πάντα

2167 902 2534 975 παραϐάλλειν
2575 898 2743 969 οἷκον,
2780 904 2911 975 μηδὲ
2956 904 3131 958 πάντα
3164 906 3329 977 ἄνδρα
3354 906 3453 975 τῆς
3481 906 3755 975 ὑποδοχῆς

2166 996 2348 1049 αὐτῶν
2380 996 2531 1061 ἄξιον
2566 990 2701 1049 εἶναι
2731 996 2934 1066 κρίνειν
2954 1013 2967 1026 ο
3016 999 3329 1067 προερωτᾷν
3357 997 3413 1049 δὲ
3462 998 3515 1049 εἴ
3547 1016 3630 1061 τις
3664 998 3751 1069 εἰη

2164 1088 2271 1141 τῶν
2337 1088 2477 1142 κατά
2527 1089 2627 1159 τὴν
2683 1088 2837 1141 πόλιν
2874 1088 2907 1160 ἢ
2958 1089 3053 1160 τὴν
3081 1088 3263 1159 χώραν
3288 1089 3518 1157 ἀγαθαῖς
3549 1090 3756 1161 πράξε-

2167 1200 2220 1235 σι
2262 1182 2353 1234 καὶ
2382 1180 2481 1252 βίῳ
2524 1180 2706 1253 σεμνῷ
2740 1182 3250 1253 μεμαρτυπμένος,
3284 1181 3354 1245 ὡς
3386 1183 3509 1246 τοὺς
3541 1182 3753 1251 βασιλι-

2164 1276 2294 1340 κοὺς
2338 1274 2673 1347 στρατιώτας
2716 1274 2972 1328 δύνασθαι
3009 1273 3200 1338 ξενίοις
3249 1273 3451 1345 ἀρετῆς
3488 1274 3753 1338 ὑποδέξα-

2168 1369 2309 1423 σθαι.
2372 1367 2621 1422 Ἐπειδὰν
2662 1367 2718 1420 δέ
2770 1385 2853 1430 τις
2894 1366 3138 1437 εὑρεθείη
3181 1366 3436 1431 τοιοῦτος,
3486 1367 3755 1431 εἰσιόντας

2166 1462 2270 1515 ὑπὸ
2301 1462 2399 1530 τὴν
2426 1460 2617 1513 τούτου
2640 1459 2856 1530 στέγην,
2888 1458 3347 1529 προαποτίθεσθαι
3372 1458 3439 1511 τά
3454 1460 3628 1511 οἰκεῖα
3654 1460 3756 1528 τῆς

2168 1556 2457 1626 στρατείας
2481 1553 2623 1607 ὅπλα
2647 1569 2661 1583 ’
2698 1552 2865 1605 ταῦτα
2888 1552 2934 1605 δ’
2965 1547 3033 1621 ἦν
3061 1551 3130 1605 τὰ
3172 1554 3269 1622 τῆς
3295 1554 3516 1623 εἰρήνης
3550 1552 3758 1623 σύμϐο-

2160 1644 2231 1698 λα
2251 1662 2263 1675 ο
2296 1645 2375 1697 διὸ
2402 1646 2495 1697 καὶ
2522 1643 2683 1697 αὑτὸν
2716 1642 2804 1695 τὸν
2833 1643 3116 1712 ὑποδοχέα,
3150 1644 3244 1695 καὶ
3273 1643 3449 1695 πάντα
3479 1641 3570 1694 τὸν
3603 1638 3753 1694 οἷκον

2166 1736 2329 1789 αὑτοῦ
2380 1735 2669 1807 εἰρηνικῶν
2714 1725 3019 1805 ἀσπασμῶν
3062 1734 3391 1798 ’καταξιοῦνο
3446 1729 3542 1786 εἶτ’
3585 1733 3753 1787 αὑτοῦ

2171 1828 2366 1899 μένειν,
2411 1830 2504 1881 καὶ
2551 1827 2624 1899 μὴ
2675 1826 3050 1897 μεθίστασθαι,
3110 1827 3230 1896 μηδ’
3262 1828 3442 1890 οἴκους
3495 1826 3553 1890 ἐξ
3585 1827 3753 1890 οἴκων

2166 1920 2431 1989 ἀμείϐειν.
2476 1919 2647 1972 Τοῦτο
2682 1919 2790 1990 γάρ
2835 1915 2972 1971 εἶναι
3020 1921 3241 1988 σημεῖον
3289 1917 3754 1988 ἀπηκριϐωμένης

2167 2012 2493 2079 ἐξετάσεως·
2530 2013 2592 2065 τὸ
2619 2013 2725 2084 γάρ
2768 2012 2990 2082 εὐχερὲς
3026 2013 3119 2065 καὶ
3146 2012 3399 2081 ἄκριτον,
3432 2016 3491 2067 οὑ
3526 2011 3753 2083 στερρὸν

2166 2104 2284 2157 οὐδέ
2308 2104 2524 2173 βεϐαίου
2548 2104 2769 2176 τρόπου.
2800 2105 2889 2156 Διὸ
2917 2104 3146 2173 παρῄνει
3176 2104 3248 2174 μὴ
3274 2104 3486 2174 πρῶτον
3518 2102 3756 2173 καταμέο

2166 2208 2296 2262 νειν,
2331 2197 2520 2250 ἔπειτα
2548 2197 2757 2268 ἐρωτᾷν
2787 2197 2881 2249 καὶ
2908 2196 3286 2259 πυνθάνεσθαι,
3316 2194 3411 2250 εἶτ’
3437 2197 3755 2268 ἐνυϐρίσαν-

2166 2303 2265 2349 τας
2295 2286 2371 2357 τῷ
2404 2285 2537 2357 ξένῳ
2570 2286 2915 2357 μεταϐαίνειν
2954 2287 3039 2357 ἐφ’
3087 2287 3297 2358 ἕτερον.
3328 2286 3445 2340 Κᾶν
3479 2280 3635 2350 οὗτος
3664 2288 3759 2340 ἀν-

2170 2377 2318 2443 άξιος
2348 2377 2447 2446 τῆς
2476 2376 2746 2446 ὑποδοχῆς
2782 2377 2999 2449 εὑρεθῇ,
3022 2377 3182 2430 πάλιν
3203 2377 3413 2430 ἐνθένδε
3433 2378 3757 2447 μετανίστα-
3848 2408 3853 2413 ~

2170 2469 2311 2531 σθαι,
2348 2466 2543 2537 ἔχθραν
2586 2468 2832 2520 ἑκούσιον
2872 2468 3306 2539 ἐπισπωμένους,
3359 2470 3495 2539 μετά
3534 2470 3630 2521 καὶ
3660 2470 3754 2522 τοῦ

2165 2559 2262 2630 τὴν
2287 2559 2466 2612 αὐτῶν
2495 2560 2719 2629 εἰρήνην
2758 2562 2839 2622 εἰς
2876 2559 3126 2626 ἀναξίους
3162 2562 3393 2631 ῥίπτειν.
3439 2561 3577 2613 Ἀλλ’
3601 2563 3758 2633 ἀκρι-

2168 2651 2277 2714 ϐῶς
2302 2651 2565 2723 πρότερον
2592 2649 2682 2703 τὸν
2728 2650 2875 2715 ἄξιον
2922 2651 3392 2721 πολυπραγμονεῖν
3411 2670 3423 2682 ο
3464 2652 3635 2705 ἔπειθ’
3665 2652 3757 2705 οὑ-

2164 2759 2241 2795 τω
2276 2741 2665 2813 παρελθόντας,
2709 2742 2816 2795 τῶν
2853 2744 2955 2813 τῆς
3004 2744 3227 2815 εἰρήνης
3274 2742 3492 2812 ἀγαθῶν
3546 2744 3757 2815 μεταδι-

2165 2835 2332 2899 δόναι,
2368 2836 2463 2889 καί¹
2499 2838 2757 2907 παρέχειν
2792 2834 3037 2904 ἀφθόνως
3063 2835 3140 2906 τῷ
3174 2836 3654 2907 μεμαρτυρημένῳ
3694 2836 3755 2888 οὐ

2170 2928 2348 2997 μόνον,
2375 2928 2509 2981 ἀλλά
2535 2929 2628 2981 καὶ
2652 2928 2814 2981 παντὶ
2837 2926 2914 2996 τῷ
2941 2927 3073 2997 οἴκῳ
3105 2926 3170 2979 δι’
3201 2928 3381 2980 αὐτόν.
3416 2928 3477 2979 Εἰ
3509 2927 3578 2989 δ’,
3603 2929 3757 2998 εὑρεο

2166 3017 2346 3082 θέντος
2388 3018 2539 3083 ἀξίου
2582 3019 2725 3082 τινὸς
2758 3020 2852 3071 καί
2900 3018 3295 3088 ὑποδεξαμένου
3334 3018 3423 3071 τὸν
3459 3020 3558 3088 τῆς
3598 3019 3757 3089 βασι-

2164 3110 2312 3174 λείας
2335 3110 2691 3183 στρατιώτην,
2732 3112 2971 3182 συμϐαίη
3001 3112 3129 3164 ποτὲ
3162 3106 3248 3164 οἷα
3277 3108 3533 3173 πολλάκις
3563 3112 3621 3163 ἐν
3663 3112 3757 3164 ἀνα

487 3212 595 3257 tem
619 3243 633 3268 ,
663 3200 804 3256 forte
834 3204 1097 3266 evenerit,
1122 3203 1263 3270 quod
1309 3218 1449 3272 sa-pe
1486 3204 1535 3255 in
1570 3204 1799 3272 religiosi
1832 3202 2061 3257 hominis

2166 3202 2287 3272 δρὸς
2318 3202 2451 3274 οἴκῳ
2491 3203 2778 3268 θεοσεϐοῦς
2820 3203 2977 3256 εἴωθε
3017 3202 3281 3272 γίνεσθαι,
3316 3202 3507 3270 γονέας
3536 3203 3569 3274 ἢ
3601 3202 3755 3255 ἀδελ-

485 3297 646 3349 domo
677 3294 790 3348 fieri
816 3296 970 3355 solet,
991 3307 1242 3362 parentes
1269 3304 1359 3346 aut
1391 3295 1586 3347 fratres
1612 3304 1705 3347 aut
1736 3294 1873 3348 alios
1899 3309 2061 3362 geneo

486 3402 548 3443 re
572 3389 899 3457 propinquos
928 3388 1199 3441 adversari
1239 3403 1300 3441 ac
1343 3386 1537 3440 bellmn
1569 3388 1717 3441 ciore
1765 3403 1868 3440 non
1902 3387 2061 3440 modo

483 3491 673 3535 contra
711 3481 980 3549 repulsum
1006 3480 1286 3540 advenam,
1312 3495 1501 3531 verum
1546 3481 1706 3532 etiam
1748 3490 1934 3533 contra
1964 3480 2061 3534 ho-

486 3572 650 3638 spitio
680 3570 1061 3633 Itonorantem,
1091 3572 1401 3623 necessario
1445 3570 1632 3622 horum
1666 3585 1877 3638 quoque
1910 3586 2060 3623 men-

489 3662 687 3716 tionem
712 3659 971 3717 Servator
999 3678 1100 3714 non
1126 3661 1377 3731 neglexit,
1397 3660 1489 3714 sed
1517 3662 1789 3729 praedictis
1816 3663 2055 3715 addidit:

486 3752 628 3822 quod
658 3754 701 3807 si
728 3752 886 3823 digna
921 3736 1110 3807 domus
1142 3753 1325 3814 fuerit,
1358 3752 1537 3806 veniat
1561 3768 1661 3820 pax
1694 3762 1869 3806 vestra
1902 3769 2061 3821 super

490 3844 672 3905 illaut;
709 3846 751 3898 si
787 3844 963 3898 minus
986 3842 1144 3913 digna
1180 3842 1358 3907 fuerit,
1395 3859 1497 3912 pax
1531 3852 1708 3897 vestra
1735 3845 1800 3899 ad
1845 3859 1937 3897 vos
1974 3859 2059 3898 re-

488 3945 750 3989 vertatur.
786 3935 893 3988 Vos
942 3934 1156 4003 quidem
1192 3951 1293 3988 non
1345 3950 1467 3987 eum
1513 3934 1688 3989 solum
1736 3935 1825 4004 qui
1859 3934 2058 3989 bonum

491 4026 857 4081 testimonium
884 4026 1150 4091 habuerit,
1187 4026 1387 4096 quique
1415 4035 1595 4082 vestro
1616 4041 1834 4081 accessu
1869 4027 2061 4095 dignus

493 4118 674 4183 fuerit,
707 4119 853 4189 pacis
892 4116 1358 4174 benedictionibus
1387 4119 1758 4188 impertimini,
1778 4120 1870 4172 sed
1895 4127 1949 4172 et
1965 4119 2060 4173 toti

489 4212 668 4265 domui
694 4211 831 4280 ejus,
868 4211 917 4265 id
962 4221 1044 4265 est
1076 4210 1430 4266 familiaribus
1479 4221 1640 4279 atque
1672 4212 1935 4281 cognatis,
1964 4224 2056 4280 pa-

486 4302 699 4356 ciﬂcam
744 4303 969 4356 salutem
1012 4305 1192 4369 dicite,
1241 4315 1585 4372 vestrumque
1620 4302 1848 4355 ollicium
1889 4305 2061 4356 abun-

487 4394 679 4447 danter
705 4402 867 4463 atque
898 4395 1112 4463 copiose
1136 4397 1201 4449 ad
1235 4405 1503 4465 parentes,
1534 4393 1750 4457 fratres,
1772 4404 2060 4462 cognatos-

486 4494 697 4551 que,-et
729 4493 894 4538 totam
935 4486 1160 4553 hospitis
1192 4487 1407 4539 domum
1440 4484 1717 4540 effundite.
1750 4485 1807 4539 Si
1839 4498 1967 4553 ergo
2008 4495 2061 4538 et

2163 3296 2297 3363 φούς
2336 3295 2368 3366 ἢ
2405 3296 2623 3367 ἐτέρους
2663 3295 2741 3368 τῷ
2769 3296 2915 3365 γένει
2954 3297 3324 3367 προσήκοντας
3376 3294 3752 3348 ἐναντιοῦσθαι

2162 3386 2253 3438 καὶ
2284 3386 2557 3456 πολεμεῖν,
2590 3388 2649 3440 οὐ
2691 3389 2848 3458 μόνον
2890 3390 2978 3442 τὸν
3022 3388 3399 3459 ἐπεξωσμένον
3441 3387 3577 3457 (56),
3614 3386 3755 3441 ἀλλὰ

2162 3478 2253 3530 καὶ
2276 3477 2336 3530 τὺ
2355 3481 2419 3548 τῇ
2445 3478 2678 3549 ὑποδοχῇ
2712 3482 3062 3551 τετιμηκότα,
3090 3482 3399 3550 ἀναγκαίως
3422 3479 3516 3531 καὶ
3546 3477 3751 3530 τούτων

2160 3570 2188 3621 ὁ
2217 3571 2407 3642 Σωτήρ
2435 3572 2495 3623 οὐ
2541 3572 2786 3643 παρῆλθε
2815 3573 2914 3643 τήν
2957 3574 3197 3644 μνήμην,
3226 3572 3338 3626 ἀλλ’
3372 3571 3615 3638 ἐπιλέγει
3639 3572 3750 3632 τοῖς

2162 3664 2658 3733 προτεταγμένοις’
2703 3663 2802 3717 κᾶν
2849 3665 2946 3735 μὲν
3060 3668 3091 3737 ή
3131 3666 3273 3717 οἰκία
3301 3664 3443 3729 ἀξία,
3483 3662 3745 3731 ἐλθέτωή

2161 3758 2349 3829 εἰρήνη
2384 3758 2539 3829 ὑμῶν
2569 3758 2654 3811 ἐπ’
2686 3758 2885 3829 αὐτήν·
2919 3759 3010 3812 ἐὰν
3040 3760 3096 3813 δὲ
3138 3760 3209 3830 μὴ
3310 3758 3455 3824 ἀξία,
3486 3759 3519 3828 ἡ
3555 3758 3747 3825 εἰρήνη

2163 3848 2315 3919 ὑμῶν
2344 3852 2426 3919 ἐφ’
2454 3851 2598 3920 ὑμᾶς
2631 3851 3033 3923 ἐπιστρεψάτω.
3073 3852 3260 3921 Ὑμεῖς
3296 3851 3390 3919 μὲν
3415 3851 3543 3919 γὰρ,
3582 3848 3738 3918 φησὶ,

2162 3940 2254 3994 τοῦ
2295 3942 2789 4014 μεμαρτυρημένου
2823 3944 3002 4013 χάριν,
3040 3942 3132 3994 τοῦ
3167 3942 3259 3995 καὶ
3304 3941 3403 4009 τῆς
3438 3938 3746 3999 ἐπιϐάσεως

2164 4034 2260 4103 τῆς
2294 4034 2561 4105 ὑμετέρας
2588 4034 2761 4099 ἀξίου,
2792 4036 2865 4105 μὴ
2900 4036 3058 4105 μόνον
3080 4034 3238 4087 αὑτὸν
3269 4037 3383 4095 ταῖς
3400 4032 3498 4101 τῆς
3527 4032 3746 4103 εἰρήνης

2162 4123 2453 4192 εὐλογίαις,
2494 4125 2629 4177 άλλά
2652 4128 2747 4179 καὶ
2772 4126 2948 4179 πάντα
2972 4125 3062 4177 τὸν
3091 4120 3256 4188 οἶκον,
3281 4124 3479 4194 δηλαδὴ
3502 4122 3629 4185 τοὺς
3653 4122 3745 4173 αὐ-

2162 4216 2254 4269 τοῦ
2286 4216 2519 4279 οἰκείους
2551 4216 2645 4268 καί⁸
2672 4219 2970 4285 συγγενεῖς,
3004 4217 3222 4286 εἰρήνης
3256 4215 3561 4282 ἀσπασμοῖς
3588 4213 3745 4279 εὐαγ-

2163 4306 2461 4375 γελίζεσθε,
2490 4309 2585 4361 καὶ
2626 4307 2692 4361 τὰ
2723 4310 2849 4377 παρ’
2880 4307 3034 4378 ὑμῶν
3073 4306 3318 4375 ἀφθόνως
3350 4304 3443 4357 καὶ
3480 4302 3743 4364 πλουσίως

2162 4400 2450 4454 ἀπλούσθω
2472 4401 2550 4463 είς
2579 4400 2770 4468 γονέας
2794 4401 2885 4452 καὶ
2906 4399 3166 4468 ἀδελφοὺς
3192 4398 3285 4451 καὶ
3314 4399 3594 4464 συγγενεῖς
3612 4394 3745 4447 πάν·

2163 4510 2229 4545 τα
2257 4510 2315 4545 τε
2349 4493 2439 4545 τὸν
2473 4489 2618 4546 οἶκον
2644 4492 2737 4545 τοῦ
2767 4492 3214 4561 ὑποδεδεγμένου.
3260 4491 3320 4542 Εἰ
3351 4490 3448 4559 μὲν
3474 4485 3566 4541 οὖν
3588 4488 3743 4557 εὑρε-

485 4571 541 4627 bi
570 4583 748 4627 vestra
770 4573 1144 4630 benedictione
1164 4576 1308 4645 digni
1341 4576 1602 4643 comperti
1634 4574 1855 4639 fuerint,
1882 4576 2057 4631 veniat

2165 4581 2299 4634 θεῖεν
2323 4582 2413 4634 καὶ
2438 4576 2583 4635 οὗτοι
2607 4581 2707 4651 τῆς
2733 4583 3000 4653 ὑμετέρας
3022 4580 3272 4648 εὐλογίας
3300 4579 3459 4643 ἄξιοι,
3485 4576 3685 4629 ἐλθέτω
3708 4576 3740 4645 ἡ

486 4677 589 4732 pax
623 4673 801 4717 vestra
829 4678 991 4734 super
1011 4679 1219 4731 omnes,
1245 4680 1345 4719 ceu
1375 4665 1511 4720 filios
1534 4665 1702 4734 pacis.
1739 4664 1834 4718 Sin
1864 4674 2055 4718 contra

487 4757 670 4809 hostes
696 4770 987 4819 osorcsque
1016 4766 1205 4811 vestrae
1236 4757 1382 4826 pacis
1412 4756 1512 4810 visi
1544 4756 1765 4822 fuerint,
1800 4772 1863 4811 ac
1887 4756 2057 4810 nulla-

489 4855 643 4900 tenus
665 4862 727 4900 ea
756 4848 922 4916 digni,
961 4848 1224 4916 tollentes,
1259 4848 1456 4918 inquit,
1474 4850 1611 4903 bona
1636 4858 1814 4904 vestra
1834 4848 1900 4901 ab
1919 4848 2059 4902 indi-

485 4940 605 5010 gnis
637 4941 890 5003 recedite,
927 4954 1136 5009 paxque
1163 4951 1342 4996 vestra
1370 4940 1437 4995 ad
1467 4955 1562 4996 vos
1591 4950 1897 4996 revertatur
1918 4982 1933 5005 ,
1964 4956 2057 4995 ve-

484 5041 596 5086 stra
622 5032 825 5087 scilicet
860 5032 1231 5089 benedictione
1261 5034 1325 5089 ad
1374 5050 1470 5091 vos
1503 5035 1760 5091 redeunte
1789 5034 1911 5105 quia
1938 5048 2059 5104 par-

488 5134 569 5180 tes
602 5135 811 5181 vestras
834 5124 1175 5196 implevistis.

560 5306 603 5341 ⁸³
632 5306 699 5361 Et
737 5310 792 5363 in
836 5308 1505 5390 quamcunquecivitatem
1553 5310 1906 5376 iutraveritis,
1942 5321 1989 5364 et

961 5389 1277 5448 susceperint
1327 5396 1438 5442 vos,
1470 5389 1573 5434 etc.

557 5467 651 5520 His
685 5472 863 5523 verbis
908 5485 1097 5525 rursus
1143 5471 1293 5540 ipsos
1334 5469 1488 5540 jubet
1523 5471 1820 5541 prmdicare
1852 5472 1943 5525 Dei
1975 5486 2061 5525 re-

483 5572 668 5628 gnum,
703 5560 863 5627 idque
902 5560 1012 5629 jam
1043 5562 1405 5632 propinquum
1437 5561 1690 5616 nuntiare
1717 5580 1729 5615 :
1758 5576 1929 5631 neque
1967 5575 2061 5613 va-

483 5664 609 5703 nam
631 5665 804 5719 neque
825 5653 941 5707 sine
962 5653 1424 5711 demonstratione
1443 5654 1747 5711 orationem
1774 5651 2057 5719 habentes,

554 5761 600 5793 ⁸³
619 5778 738 5832 cap.
776 5780 827 5828 x,
859 5766 911 5823 8.

563 5854 668 5929 ‘36)
709 5855 839 5912 Cod.
877 5857 1237 5931 ἰπεξωμένον.

2163 4676 2349 4746 εἰρήνη
2379 4674 2532 4745 ὑμῶν
2567 4675 2660 4727 ἐπὶ
2705 4675 2910 4737 πάντας
2933 4675 3007 4737 ὡς
3036 4674 3295 4735 ἐπὶυίοὑς
3323 4671 3542 4741 εἰρήνης
3564 4686 3577 4698 ’
3622 4671 3669 4720 εἰ
3696 4668 3739 4719 δ’

2164 4766 2346 4838 ἐχθροὶ
2380 4767 2474 4819 καὶ
2523 4766 2769 4836 πολέμιοι
2802 4769 2901 4837 τῆς
2943 4765 3214 4836 ὑμετέρας
3250 4763 3461 4831 ὀφθεῖεν
3500 4762 3738 4831 εἰρήνης,

2163 4858 2257 4910 καὶ
2282 4856 2530 4928 οὐδαμῶς
2560 4855 2728 4925 αὐτῆς
2766 4854 2925 4921 ἄξιοι,
2962 4858 3214 4927 ἄραντες,
3246 4855 3399 4925 φησί,
3419 4852 3484 4905 τὰ
3499 4851 3736 4921 ὑμέτερα

2164 4946 2363 5015 ἀγαθὰ,
2395 4947 2503 5001 τῶν
2543 4948 2773 5014 ἀναξίων
2799 4948 3155 5018 ὑποχωρείτε,
3186 4947 3279 4999 καὶ
3306 4948 3337 5015 ἡ
3372 4946 3559 5015 εἰρήνη
3591 4940 3738 5011 ὑμῶν

2162 5042 2245 5108 ἐφ’
2282 5041 2423 5109 ὑμᾶς
2450 5038 2848 5109 ἐπιστρεψάτω,
2878 5039 2976 5111 τῆς
3008 5038 3066 5102 ἐξ
3096 5037 3247 5108 ὑμῶν
3286 5036 3529 5101 εὐλογίας
3563 5034 3645 5101 ἐφ’
3682 5035 3737 5085 ὑ-

2166 5136 2270 5202 μᾶς
2298 5135 2455 5187 πάλιν
2497 5134 2944 5205 μεταϐαινούσης,
2986 5135 3066 5186 ὃτι
3098 5133 3159 5197 δὴ
3192 5132 3258 5185 τὰ
3292 5132 3420 5201 παρ’
3454 5128 3607 5199 ὑμῶν
3651 5144 3741 5179 πε-

2163 5226 2266 5297 πλη
2278 5226 2509 5297 ρὼκατε.

2160 5319 2267 5371 Καὶ
2297 5322 2382 5383 εἰς
2410 5318 2488 5386 ἢν
2511 5319 2561 5372 δ’
2595 5320 2670 5374 ἂν
2712 5324 2894 5409 πέλεν
2924 5317 3279 5437 εἰσέρχῃσθε
3324 5313 3419 5367 καὶ
3454 5311 3737 5380 δέχωνται

2742 5408 2919 5437 ΊῘΙΙΠΓ-
2956 5407 3009 5437 κ.
3037 5406 3087 5437 τ.
3143 5424 3173 5437 ι.

2742 5406 2919 5459 υμας,
2956 5407 3009 5441 κ.
3037 5406 3087 5440 τ.
3126 5406 3173 5440 Α.

2244 5481 2331 5533 Ἑν
2352 5482 2561 5547 τούτοις
2584 5500 2645 5553 γε
2675 5484 2835 5537 πάλιν
2868 5481 3157 5554 κηρύττειν
3181 5476 3274 5531 τοῦ
3300 5475 3434 5529 Θεοῦ
3463 5476 3561 5545 τὴν
3592 5473 3736 5541 βασι-

2156 5570 2324 5635 λείαν,
2355 5575 2448 5628 καὶ
2476 5576 2761 5645 ήγγικέναι
2785 5576 2959 5644 λέγειν
2986 5572 3155 5644 αὐτὴν
3183 5568 3577 5641 παρεκελεύετο
3595 5584 3609 5598 ο
3641 5565 3733 5618 οὐκ

2158 5662 2324 5733 ἀργὸν
2358 5664 2464 5717 οὐδ’
2492 5667 2877 5720 ἀναπόδεικτον
2923 5664 3273 5734 ποιουμένους
3317 5660 3405 5714 τὸν
3449 5658 3625 5725 λόγον,
3672 5652 3733 5705 τὰ
