3968 6510
1414 376 2008 463 οοιιιιΕΝτΑιιιιῖιΝ
2043 384 2319 463 LUCAM.

3399 410 3503 467 τοδὶ

238 522 603 594 γνωρίσματα
635 523 691 577 δὲ
720 522 1065 593 ,παρέχοντας
1090 525 1182 578 τοῦ
1213 527 1584 597 κηρύγματος,
1624 528 1710 581 διὰ
1736 529 1830 581 τοῦ

1942 528 2030 582 sed
2081 528 2841 598 pradicatioms'argumenta
2876 527 3212 591 exhibentes.
3253 530 3503 584 curandis

240 613 570 685 θεραπεύειν
594 614 719 676 τοὺς
740 618 870 682 παρ’
890 616 1071 679 αὐτοῖς
1092 616 1356 681 ἀσθενεῖς,
1382 619 1475 670 καὶ
1496 618 1644 671 οὐδὲν
1666 620 1828 672 πλέον

247 704 336 775 τῆς
389 704 666 775 ἐφημέρου
712 710 917 779 τροφῆς
959 708 1365 779 ἀποφέρεσθαι·
1415 710 1443 762 ὃ
1481 710 1544 781 δὴ
1592 712 1831 782 παρίστη·

248 796 446 865 λέγων·
492 795 730 851 Ἐσθίετε
767 798 836 852 τὰ
885 800 1293 870 παρατιθέμενα
1335 802 1482 869 ὑμῖν,
1536 802 1628 855 καὶ
1671 802 1830 874 θερα-

244 886 440 941 πεύετε
484 891 613 953 τοῖος
648 892 706 945 ἐν
737 891 920 955 αὐτοῖς
962 892 1225 955 ἀσθενεῖς.
1272 893 1488 963 Ἐπειδὴ
1522 894 1567 947 δ’
1607 896 1829 949 ἀντέπι-

237 994 399 1043 πτεν,
442 980 493 1032 εί
537 976 631 1034 οὖν
661 981 735 1053 μὴ
776 982 1021 1054 εὑρεθείη
1060 999 1141 1046 τις
1188 982 1335 1048 ἄξιος
1376 983 1474 1054 τῆς
1503 983 1833 1056 δηλωθείσης

240 1070 536 1141 ὑποδοχῆς,
580 1072 634 1125 τί
670 1074 775 1145 χρὴ
817 1073 1074 1145 πράττειν
1121 1074 1353 1137 αὐτούς;
1391 1075 1694 1139 ἀκολούθως
1738 1080 1831 1131 καὶ

242 1162 379 1232 περὶ
401 1162 610 1216 τούτων
634 1164 935 1218 ἐπάκουσον
971 1160 1059 1217 οἷα
1088 1165 1328 1218 διδάσκει
1352 1164 1521 1233 λέγων
1543 1165 1668 1237 ἑξῆς
1688 1185 1701 1198 ·
1728 1171 1833 1234 Εἰς

237 1252 321 1319 ἢν
372 1251 426 1305 δ’
463 1252 569 1307 ἄν’
593 1255 775 1309 πόλιν
822 1256 1201 1325 εἰσέρχησθε,
1263 1256 1361 1310 καί
1413 1256 1501 1325 μὴ
1546 1256 1831 1325 δέχωνται

238 1344 419 1413 ὑμᾶς,
459 1364 512 1400 κ.
544 1363 593 1399 τ.
620 1348 671 1400 λ.

240 1438 425 1492 Ὅταν
469 1441 502 1491 ό
539 1441 786 1508 ἰσχυρὸς
828 1442 1316 1510 καθωπλισμένος
1375 1441 1664 1510 φυλάσσῃ
1719 1442 1832 1509 τὴν

675 1511 891 1564 ἑαυτοῦ
912 1512 1131 1579 αὐλὴν,
1166 1531 1218 1566 κ.
1245 1529 1295 1564 τ.
1325 1513 1373 1567 λ.

322 1600 573 1673 ’ἰσχυρὸν
606 1602 703 1671 μὲν
729 1603 818 1656 τὸν
850 1604 1249 1674 κατισχύσαντα
1279 1604 1372 1658 τοῦ
1402 1606 1591 1673 γένους
1612 1605 1716 1658 τῶν
1738 1606 1833 1658 ἀν-

240 1688 480 1762 θρώπων
507 1691 749 1746 διάϐολον
771 1693 948 1761 λέγει’
975 1694 1144 1765 αὐλὴν
1163 1695 1220 1749 δὲ
1251 1695 1414 1749 αὑτοῦ
1446 1696 1536 1749 τὸν
1558 1696 1831 1765 περίγειον

238 1781 350 1834 τῶν
383 1782 597 1852 θνητῶν
626 1785 788 1839 τόπον
818 1787 929 1855 (57)
950 1803 963 1816 ·
993 1787 1301 1860 ὑπάρχοντα
1334 1788 1388 1841 δὲ
1415 1788 1570 1842 πάντ’
1594 1791 1771 1841 ἐκεῖνα
1797 1788 1832 1842 ἃ

1932 620 2020 688 qui
2047 620 2186 688 apud
2213 619 2332 673 illos
2361 618 2540 673 forent
2573 621 2824 684 inlirmis,
2850 635 3021 690 neque
3043 630 3324 690 propterea
3350 622 3506 691 quid-

1931 727 2092 781 quam
2123 711 2259 764 ultra
2306 713 2614 780 quotidiana
2652 713 2910 767 alimenta
2942 715 3292 784 accipientes.
3334 712 3506 781 Quam

1932 818 2043 858 rem
2072 804 2145 857 ita
2188 804 2357 858 edixit
2390 821 2405 859 :
2446 802 2767 858 Manducate
2792 820 2911 873 quae
2949 816 3288 874 apponuntur
3332 807 3505 864 vobis.

1931 905 1985 949 et
2010 908 2197 952 curate
2245 897 2520 959 inﬁrmos,
2554 898 2644 966 qui
2680 900 2823 965 apud
2860 912 2954 951 eos
3007 910 3153 953 sunt.
3201 899 3336 966 Quia
3381 915 3511 955 vero

1932 986 2057 1041 illud
2091 988 2365 1052 obstabat,
2397 1002 2590 1056 nempe
2611 987 2656 1041 si
2684 1002 2813 1053 ergo
2845 1002 3004 1042 nemo
3042 988 3237 1059 dignus
3267 1005 3362 1044 vos
3413 991 3511 1045 ho-

1932 1079 2093 1146 spitio
2134 1079 2428 1147 recipiendi
2469 1079 2651 1140 fuerit,
2684 1080 2813 1149 quid
2863 1080 3006 1134 factu
3047 1096 3181 1150 opus
3209 1082 3508 1135 erit?con-

1931 1179 2224 1239 sequenter
2267 1170 2390 1223 audi
2443 1172 2573 1237 quid
2624 1171 2723 1224 hac
2770 1185 2938 1239 super
2974 1186 3033 1225 re
3074 1172 3125 1224 in
3163 1171 3511 1241 sequentibus

1932 1261 2107 1316 dicat:
2134 1260 2192 1316 Si
2219 1279 2377 1331 quant
2412 1278 2531 1315 vero
2552 1263 2607 1315 in
2633 1265 2810 1316 urbem
2836 1264 3178 1329 intraveritis,
3203 1265 3512 1334 minimeque

1932 1370 2021 1407 ros
2046 1355 2361 1422 exceperint,
2388 1368 2491 1409 etc.

1968 1448 2014 1479 ”
2035 1445 2165 1501 Cum
2192 1448 2343 1515 [ortis
2386 1458 2625 1501 armatas
2664 1450 2895 1502 custodit
2928 1449 3122 1503 atrium
3162 1465 3339 1516 suum,
3364 1458 3473 1505 etc.

2002 1600 2220 1656 Fortem
2244 1596 2467 1671 quidem
2496 1603 2620 1657 dicit
2655 1604 2923 1660 diabolum
2950 1646 2966 1671 ,
2997 1606 3088 1676 qui
3137 1590 3396 1662 adversus
3424 1606 3517 1660 ho.

1933 1695 2135 1749 miuum
2178 1710 2344 1765 genus
2386 1696 2758 1765 prter/aluerat.
2798 1699 3008 1752 Atrium
3063 1698 3301 1767 ejusdem
3331 1702 3516 1771 appel-

1935 1788 2007 1842 lat
2056 1796 2326 1842 terrenum
2361 1802 2390 1841 a
2432 1787 2747 1843 mortalibus
2784 1789 3082 1843 habitatum
3106 1791 3515 1859 spatinm:pos-

238 1864 301 1945 δὴ
346 1875 627 1941 ἐπιδείξας
672 1877 747 1948 τῷ
795 1877 1007 1950 Σωτῆρί
1062 1896 1192 1932 ποτε
1239 1879 1460 1949 ἔλεγεν·
1512 1878 1700 1933 Ταῦτὰ
1741 1894 1835 1933 σοι

1942 1878 2210 1933 sessiones
2236 1894 2364 1933 vero
2391 1879 2508 1949 ejus
2551 1879 2638 1932 illa
2691 1880 2872 1948 omnia
2913 1896 3035 1950 qua:
3077 1881 3203 1936 oltm
3240 1881 3513 1937 Servatori

240 1964 444 2019 πάντα
474 1966 667 2031 δώσω,
696 1969 804 2023 ἐὰν
828 1967 1032 2022 πεσὼν
1055 1971 1494 2040 προσκυνήσῃς
1512 1989 1634 2039 μοι,
1665 1972 1751 2024 ὅτε
1774 1973 1831 2024 ἐν

240 2056 318 2125 τῷ
365 2057 563 2129 ὑψηλῷ
594 2058 709 2131 όρει
755 2059 952 2126 ἔδειξεν
986 2061 1135 2133 αὐτῷ
1179 2062 1277 2125 τὰς
1313 2062 1588 2133 βασιλείας
1617 2063 1710 2116 τοῦ
1738 2063 1831 2117 κό-

246 2165 390 2219 σμου
423 2150 521 2217 καὶ
560 2149 658 2221 τὴν
699 2149 854 2215 δόξαν
887 2151 1073 2206 αὑτοῦ.
1119 2152 1279 2208 Ἀλλὰ
1328 2153 1494 2209 πάλαι
1525 2153 1623 2223 μὲν
1658 2152 1833 2208 ταῦτα

244 2242 415 2295 αὑτοῦ
446 2240 518 2293 τὰ
546 2242 857 2312 ὑπάρχοντα
885 2245 942 2296 ἐν
964 2245 1152 2317 εἰρήνῃ
1178 2240 1266 2317 ἧν,
1288 2244 1511 2316 μηδενὸς
1536 2244 1697 2297 αὑτοῦ
1730 2246 1833 2313 ἀφ-

248 2334 580 2405 αιρουμένου
604 2350 618 2363 ⁸
660 2335 748 2387 ὅτε
794 2350 857 2402 γε
901 2333 1005 2406 μὴν
1033 2337 1061 2388 ό
1093 2336 1437 2407 ἰσχυρότερος
1483 2334 1647 2388 αὐτοῦ
1674 2335 1833 2389 ἐπελ-

248 2423 358 2477 θὼν
389 2424 800 2489 καταπαλαίσας
832 2442 892 2478 τε
930 2425 1088 2479 αὑτὸν
1113 2426 1329 2497 δεσμοῖς
1369 2424 1676 2496 περιέϐαλε,
1711 2426 1831 2479 τότε

247 2516 342 2569 καὶ
367 2516 471 2586 τὴν
505 2515 805 2569 πανοπλίαν
847 2515 1011 2569 αὐτοῦ
1042 2515 1311 2584 ἀφείλετο,
1352 2510 1494 2588 ἐφ’ᾖ
1532 2515 1829 2579 ἐπεποίθει,

249 2609 345 2662 καὶ
369 2608 443 2661 τὰ
489 2606 663 2660 σκῦλα
691 2606 855 2661 αὐτοῦ
889 2607 1137 2679 ἁρπάσας
1160 2606 1397 2660 διέδωκε.
1437 2604 1743 2659 ΙΙανοπλίαν
1777 2606 1832 2659 δὲ

243 2701 416 2755 αὐτοῦ
450 2700 703 2772 τὴνντῶν
750 2700 1018 2771 δαιμόνων
1058 2698 1315 2753 πολύθεον
1346 2699 1555 2770 πλάνην
1593 2698 1829 2769 ᾐνίξατο.

248 2791 435 2845 Ὅπλα
462 2791 573 2863 γὰρ
609 2790 853 2844 διαϐόλου
886 2791 935 2843 οἱ
980 2788 1253 2860 πανταχοῦ
1289 2789 1391 2859 γῆς
1418 2789 1691 2861 ἱδρυμένοι
1720 2789 1836 2843 δαί-

249 2901 416 2955 μονες
463 2883 850 2954 συνεργοῦντες
888 2881 1053 2936 αὐτοῦ
1097 2885 1162 2953 τῇ
1209 2881 1349 2935 κατὰ
1389 2880 1496 2934 τῶν
1535 2880 1833 2951 ἀνθρώπων

245 2974 560 3047 τυραννίδι’
607 2972 777 3026 σκῦλα
815 2972 872 3026 δὲ
904 2968 1045 3044 ἦσαν
1090 2971 1255 3026 αὐτοῦ
1294 2972 1349 3024 αἱ
1383 2972 1491 3025 τῶν
1533 2970 1835 3043 ἀνθρώπων

244 3066 422 3138 ψυχαὶ
490 3065 597 3120 ὑπὸ
656 3068 756 3135 τῆς
788 3064 1102 3135 διαδολικῆς
1162 3063 1460 3127 πανοπλίας
1502 3064 1835 3136 αἰχμάλωτοι

244 3158 589 3229 ἀπηγμέναι.
609 3156 769 3209 Ἀλλὰ
811 3156 901 3210 τὸν
933 3156 1031 3226 μὲν
1063 3156 1234 3225 δεινὸν
1274 3158 1478 3210 ἐκεῖνον
1516 3156 1775 3229 τύραννον
1808 3156 1838 3209 ό

1938 1970 2229 2026 ostendens
2255 1972 2436 2025 aiebat
2462 1988 2475 2023 ε
2506 1970 2635 2025 Ητεο
2666 1973 2843 2026 omnia
2871 1972 2964 2025 tibi
2988 1973 3144 2037 dabo,
3167 1973 3212 2026 si
3240 1974 3514 2042 procidem

1938 2064 2240 2117 adoraveria
2264 2063 2428 2128 me”,
2455 2077 2647 2132 nempe
2674 2078 2797 2118 cum
2836 2064 2887 2117 in
2916 2063 3130 2118 excelso
3161 2072 3343 2118 monte
3378 2079 3517 2118 cun.

1939 2163 2024 2208 cta
2056 2154 2129 2207 illi
2176 2155 2361 2208 mundi
2395 2170 2558 2225 regna
2609 2153 2942 2225 gloriamque
2977 2154 3215 2224 ejusdem
3258 2155 3510 2209 ostende-

1939 2246 2049 2299 bat.
2090 2243 2195 2299 Sed
2233 2246 2358 2299 olim
2392 2247 2610 2314 quidem
2646 2246 2727 2299 hze
2760 2246 3132 2313 possessiones
3159 2238 3274 2315 ejus
3306 2247 3359 2299 in
3388 2261 3519 2315 pace

1938 2344 2115 2401 erant,
2150 2336 2430 2392 auferente
2462 2338 2695 2393 nemine.
2729 2337 2835 2392 Sed
2870 2353 2992 2392 cum
3027 2337 3219 2393 fortior
3240 2353 3305 2394 eo
3327 2353 3518 2406 super-

1939 2428 2184 2493 veniens,
2220 2444 2454 2498 eumque
2494 2445 2813 2502 oppugnans
2837 2431 3066 2487 vinculis
3106 2430 3365 2501 alligavit,
3393 2441 3519 2485 tunc

1939 2528 1993 2574 et
2011 2519 2251 2589 ejusdem
2275 2532 2605 2577 armaturam
2628 2524 2851 2580 abstulit
2870 2524 2952 2581 eui
2974 2522 3298 2587 relnﬁdebat.
3315 2533 3371 2577 el
3396 2539 3520 2592 spo-

1940 2611 2010 2665 lia
2043 2612 2253 2681 direpta
2281 2612 2579 2668 distribuit.
2616 2615 2784 2673 Porro
2808 2628 3095 2673 armatura:
3144 2615 3520 2676 numine-dita

1938 2703 2098 2758 bolici
2127 2701 2469 2773 polytheismi
2506 2720 2752 2760 errorem
2788 2708 2985 2763 innuit.
3028 2710 3193 2763 Arma
3229 2711 3373 2765 enim
3404 2710 3519 2765 dia-

1940 2795 2049 2850 boli
2081 2804 2207 2850 sunt
2240 2795 2511 2851 daemones
2543 2798 2739 2866 ubique
2777 2808 3044 2854 terrarum
3088 2802 3393 2862 constituti.
3425 2820 3520 2855 au-

1941 2886 2160 2942 xiiiares
2207 2886 2322 2956 ejus
2366 2890 2631 2945 adversus
2680 2891 2930 2945 homines
2980 2893 3303 2962 tyrannidis.
3338 2895 3518 2963 Spolia

1941 2979 2157 3050 quidem
2197 2988 2357 3035 erant
2394 2982 2660 3050 ejusdem,
2691 2982 2966 3038 hominum
3017 2984 3207 3038 animae
3236 2984 3520 3041 diabolicis

1944 3072 2110 3126 armis
2133 3072 2185 3127 in
2225 3073 2590 3143 captivitatem
2616 3075 2859 3130 abducta:
2881 3094 2895 3141 ;
2919 3076 3013 3131 sed
3038 3078 3181 3131 enim
3212 3078 3358 3131 illum
3386 3093 3521 3148 quo-

1943 3176 2048 3231 que
2098 3163 2409 3218 horribilem
2462 3173 2751 3235 tyrannum
2801 3167 3055 3221 Christus
3098 3169 3328 3223 vinculis
3379 3169 3519 3222 irre-

245 3248 488 3324 Χριστὺς
517 3249 736 3320 δεσμοῖς
763 3246 1093 3319 περιϐαλὼν,
1120 3249 1298 3301 πᾶσαν
1330 3247 1494 3303 αύτοῦ
1522 3248 1835 3301 διεσκέδασε

1943 3256 2101 3320 tiens,
2127 3256 2436 3310 universam
2471 3258 2587 3324 ejus
2617 3266 2951 3313 armaturam
2985 3259 3287 3329 dissipavit,
3324 3260 3523 3315 daimo-

243 3345 348 3416 τὴν
396 3343 719 3407 πανοπλίαν,
753 3344 879 3405 τοὺς
922 3340 1177 3411 δαίμονας
1213 3340 1410 3412 δηλαδὴ
1442 3342 1537 3395 καὶ⁵
1567 3342 1635 3395 τὰ
1674 3343 1836 3397 πνεύ-

248 3454 401 3510 ματα
431 3437 498 3489 τὰ
534 3435 838 3508 ἀκάθαρτα,
872 3433 970 3498 τὰς
999 3434 1255 3505 δυνάμεις
1282 3451 1341 3487 τε
1374 3433 1472 3497 τὰς
1522 3435 1833 3504 ἀντικειμέ-

244 3543 385 3591 ναςο
432 3528 502 3582 τὰ
533 3526 591 3579 δὲ
636 3525 807 3579 σκῦλα
840 3524 1025 3587 αὐτοῦ,
1058 3524 1127 3578 τὰ
1165 3524 1333 3578 πάλαι
1370 3525 1743 3596 δεδουλωμένα
1766 3527 1833 3596 τῇ

245 3617 527 3690 τυραννίδι
569 3614 757 3679 αὐτοῦ,
812 3614 937 3686 ἔθνη
981 3615 1122 3686 φημὶ
1164 3615 1339 3669 πάντα
1382 3616 1838 3686 μεταστησάμενα

246 3709 352 3780 τῆς
398 3708 633 3771 παλαιᾶς
675 3707 938 3771 δουλείας,
973 3706 1287 3761 διαδέδωκεν
1335 3706 1554 3768 οἰκείοις
1584 3706 1839 3777 ,ἡγεμόσι

249 3802 353 3856 καὶ
381 3803 608 3874 ἄρχουσι
637 3803 748 3864 τοῖς
784 3801 875 3853 ὑπ’
902 3800 1061 3853 αὐτὸν
1090 3797 1446 3872 στρατιώταις
1472 3798 1570 3869 τῆς
1604 3797 1714 3851 τῶν
1747 3798 1838 3862 ού-

250 3894 436 3968 ρανῶν
467 3892 762 3965 βασιλείας,
788 3891 1106 3956 ἀποστόλοις
1142 3891 1341 3964 δηλαδὴ
1374 3892 1469 3945 καὶ
1494 3893 1607 3954 τοῖς
1632 3889 1839 3944 τούτων

246 3986 535 4057 διαδόχοις.
566 3986 700 4058 Περὶ
726 3978 801 4039 ὧν
824 3983 1034 4037 σκύλων
1058 3983 1387 4054 θαυμαστῶς
1411 3987 1840 4055 προανεφωνεῖτο

251 4080 315 4133 ἐν
362 4078 671 4152 προφητείᾳ
716 4063 1030 4148 φασκούσῃι
1075 4077 1128 4128 '0
1175 4075 1473 4142 βασιλεὺς
1503 4074 1623 4130 τῶν
1656 4076 1839 4130 δυνά-

245 4186 414 4240 μεων
463 4168 571 4222 τοῦ
634 4167 989 4239 Ἀγαπητοῦ,
1041 4167 1114 4237 τῇ
1166 4169 1472 4236 ὡραιότητι
1528 4168 1635 4221 τοῦ
1671 4169 1841 4222 οἴκου

250 4258 563 4314 διελέσθαι
599 4259 820 4313 σκῦλα.
884 4259 1172 4329 Τεκμήρια
1210 4258 1265 4310 δὲ
1297 4257 1469 4311 ταῦτα
1501 4256 1706 4327 ἐναργῆ
1743 4257 1841 4327 τῆς

249 4351 352 4406 τοῦ
418 4350 556 4404 Θεοῦ
607 4348 1295 4421 βασιλείαςκκαθαιρούσης
1353 4349 1446 4402 καὶ
1482 4347 1843 4419 ταπεινούσης

253 4445 439 4499 πᾶσαν
472 4440 645 4514 ἀρχὴν
683 4443 780 4497 καὶ
823 4440 1070 4506 ἐξουσίαν
1105 4441 1200 4494 καὶ
1240 4440 1485 4511 δύναμιν,
1517 4439 1611 4492 καὶ
1662 4439 1842 4491 πᾶσαν

252 4534 355 4607 τὴν
389 4533 652 4587 πολύθεον
687 4533 783 4595 καὶ
819 4532 1135 4605 δαιμονικὴν
1168 4531 1478 4603 τυραννίδα,
1522 4530 1630 4583 τῶν
1671 4530 1714 4582 δ’
1750 4529 1842 4581 ἐπὶ

1938 3361 2034 3401 nes
2086 3347 2334 3403 videlicet
2389 3357 2445 3403 et
2490 3349 2729 3417 impuros
2776 3351 3032 3419 spiritus,
3077 3362 3131 3405 et
3181 3352 3523 3408 adversarias

1938 3446 2254 3508 potestates.
2278 3441 2457 3510 Spolia
2482 3455 2613 3496 vero
2641 3441 2794 3510 ejusf,
2825 3451 3014 3512 gentes
3067 3443 3284 3512 inquam
3336 3454 3521 3513 tyran-

1938 3530 2064 3585 nide
2083 3532 2250 3601 ipsius
2275 3534 2544 3601 quondam
2575 3548 2883 3603 oppressas,
2916 3544 3096 3589 vetere
3128 3536 3387 3589 servitute
3403 3550 3520 3589 orn-

1938 3638 2037 3678 nes
2058 3625 2541 3693 ereptas,ducibus
2563 3628 2677 3681 suis
2708 3626 3215 3690 tradidit,videlicet
3247 3635 3377 3681 nutu
3407 3625 3523 3696 ejus

1939 3729 2039 3783 pro
2061 3718 2324 3771 calorum
2362 3732 2531 3787 regno
2558 3719 2934 3781 militantibus,
2978 3718 3028 3772 id
3060 3730 3145 3773 est
3174 3718 3438 3788 apostolis
3466 3726 3524 3773 et

1940 3806 2132 3860 horum
2168 3810 2593 3865 successoribus.
2628 3811 2702 3865 De
2745 3812 2941 3880 quibus
2980 3811 3169 3880 spoliis
3211 3810 3347 3865 mire
3394 3824 3523 3879 pro.

1938 3897 2230 3953 clamatum
2272 3901 2449 3956 fuerat
2494 3903 2548 3955 in
2575 3904 2858 3973 prophetia
2905 3904 3120 3958 dicente
3162 3902 3319 3959 :Rea:
3359 3904 3521 3958 uirtu-

1944 3998 2056 4044 tum
2086 3990 2301 4056 Dilecti,
2347 3993 2534 4061 speciei
2568 3994 2752 4048 domus
2794 3995 3025 4048 dividere
3059 3996 3224 4065 spolia
3248 3995 3315 4048 “.
3357 3995 3522 4063 Signa

1940 4097 2071 4136 vero
2110 4083 2223 4136 hac
2252 4093 2380 4136 sunt
2408 4082 2690 4137 manifesta
2732 4083 2900 4137 divini
2952 4085 3099 4153 regni
3134 4086 3524 4153 prosternentis

1942 4186 2005 4225 ac
2036 4171 2361 4226 destruentis
2400 4171 2696 4241 quemlibet
2744 4174 3139 4242 principatum.
3197 4182 3523 4241 potestatem

1944 4275 2009 4315 ac
2036 4262 2169 4323 vim.
2200 4273 2254 4316 et
2291 4262 2612 4316 diabolicam
2644 4278 2860 4317 onmem
2902 4262 3245 4334 polytheismi
3280 4265 3524 4334 tyranni-

1944 4352 2062 4407 dem
2086 4354 2260 4422 :quod
2291 4369 2514 4422 regnum
2548 4354 2660 4422 jam
2698 4354 2750 4407 iu
2778 4357 2911 4408 orbe
2940 4355 3085 4408 inter
3109 4354 3357 4409 homines
3390 4369 3526 4423 pra:-

1943 4443 2123 4499 valere
2154 4446 2467 4514 incipiebat.
2496 4447 2701 4503 Idcirco
2731 4447 2805 4499 ait
2825 4447 3086 4501 Servatur
3112 4462 3125 4499 :
3165 4447 3315 4513 Quod
3342 4447 3389 4499 si
3431 4462 3525 4515 ego

1944 4532 1998 4586 in
2027 4531 2228 4602 Spiritu
2256 4537 2353 4593 Dei
2377 4537 2534 4605 ejicio
2583 4538 2864 4603 daamonia,
2894 4538 3070 4606 utique
3098 4537 3322 4605 pervenit
3352 4539 3406 4590 in
3436 4554 3523 4590 vos

254 4627 362 4698 γῆς
389 4624 691 4698 ἀνθρώπων
717 4626 1031 4696 ἐπικρατεῖν
1059 4624 1383 4696 ἀρχομένης.
1428 4623 1518 4676 Διό
1548 4638 1680 4693 φησι
1740 4622 1847 4673 Σω-
1876 4616 1920 4671 D
1950 4640 2163 4695 regnum
2193 4626 2291 4682 Dei
2324 4629 2391 4681 ⁸⁷.

253 4726 396 4795 τήρ·
426 4724 498 4776 Ei
525 4719 714 4790 δ’ἐγὼ
740 4720 821 4780 ,ἐν
854 4720 1150 4789 Πνεύματι
1200 4719 1347 4774 Θεοῦ
1402 4716 1674 4771 ἐκϐάλλω
1732 4715 1803 4768 τὰ
1854 4716 2148 4787 δαιμόνια,
2205 4721 2318 4790 ἄρα
2361 4722 2625 4793 ἔφθασεν
2660 4724 2755 4794 ἐφ’
2800 4722 2951 4792 ὑμᾶς
2996 4722 3035 4788 ἡ
3083 4721 3370 4786 βασιλεία
3420 4718 3525 4771 τοῦ

260 4816 433 4872 θεοῦ.

260 4911 449 4963 ’Ὅταν
476 4908 546 4962 δὲ
570 4908 993 4978 προσφέρωσιν
1016 4905 1171 5029 ὐμξς
1212 4905 1309 4958 ἐπὶ
1339 4904 1445 4971 τὰς
1462 4905 1837 4973 συναγωγὰς,

946 4996 999 5029 κ.
1023 4996 1073 5029 τ.
1141 5016 1154 5029 .

946 4996 999 5032 κ.
1023 4996 1073 5031 τ.
1106 4996 1154 5029 Α.

332 5071 490 5126 Οὖτω
516 5070 651 5143 δῆτα
702 5072 1045 5143 φρονήματος
1077 5069 1273 5131 αὐτοὺς
1312 5067 1547 5140 ἐπλήρου
1580 5068 1675 5121 καὶ
1707 5066 1838 5137 θάρ-

262 5180 386 5228 σους
412 5163 502 5216 διὰ
522 5163 615 5217 τοῦ
652 5163 894 5233 μεθέξειν
912 5163 1105 5225 αὐτοὺς
1140 5162 1281 5215 θείου
1317 5160 1631 5230 Πνεύματος
1669 5160 1841 5226 ἐπαγ-

260 5256 577 5323 γέλλεσθαιο
608 5256 676 5309 δι’
717 5254 877 5308 αὐτοῦ
914 5254 1020 5325 γὰρ
1064 5254 1155 5307 καὶ
1198 5250 1562 5323 δυναμοῦσθαι
1594 5250 1739 5313 εἰκὸς
1772 5245 1841 5321 ἦν

259 5345 474 5409 αὐτούς.
508 5347 616 5399 Καὶ
648 5344 763 5409 πῶς
796 5344 902 5417 γὰρ
927 5346 1027 5398 οὐκ
1052 5342 1270 5414 ἔμελλον
1297 5341 1721 5412 παραστήματος
1747 5340 1840 5391 καὶ

260 5437 498 5511 θάρσους
526 5439 620 5491 καὶ
655 5428 958 5510 προθυμίας
1001 5433 1420 5507 ἐμπίμπλασθαι
1448 5431 1694 5503 ἀγαθῆς;
1726 5432 1841 5495 πῶς

258 5530 314 5583 δὲ
356 5532 434 5605 μὴ
455 5531 768 5603 θαρσαλέως
801 5534 1000 5601 χωρεῖν
1033 5530 1117 5599 ἐφ’
1142 5526 1443 5600 ἡγεμονικὰ
1465 5526 1559 5580 καὶ
1591 5523 1841 5596 βασιλικὰ

330 5649 379 5681 ⁸⁸
410 5648 542 5705 Cu.
570 5667 641 5713 ιι,
674 5650 765 5704 2i.
838 5648 885 5680 ⁸⁸
918 5647 1109 5702 Matth.
1153 5662 1227 5709 tv.
1250 5648 1304 5702 9.
1374 5645 1423 5679 ⁸⁶
1445 5641 1585 5699 Psal.
1619 5654 1787 5706 uvu,
1823 5640 1835 5691 l

1982 5639 2028 5671 ⁸⁷
2062 5638 2250 5693 Matth.
2278 5651 2373 5703 xu,
2402 5636 2494 5693 28.

2054 4904 2100 4935 ⁸⁸
2126 4904 2260 4958 Cum
2283 4914 2457 4957 autem
2488 4905 2735 4958 inducent
2764 4919 2851 4958 vos
2890 4903 2944 4955 in
2974 4910 3413 4971 synagogaa,etc.

2019 5063 2111 5118 Sic
2140 5078 2270 5133 ergo
2318 5062 2439 5117 illos
2479 5064 2621 5117 bono
2659 5064 2842 5116 animo
2890 5077 3009 5115 esse
3053 5057 3378 5127 jubebat‘et
3412 5051 3522 5103 ala-

1948 5155 2144 5209 critate
2175 5154 2437 5224 replebat,
2463 5155 2592 5207 dum
2621 5155 2784 5208 divini
2824 5152 3113 5221 participes
3142 5147 3377 5215 Spiritus
3403 5157 3524 5196 esse

1947 5247 2269 5303 afﬁrmabat.
2294 5246 2489 5311 Quidni
2537 5248 2679 5301 enim
2706 5244 2900 5300 ﬁducia
2944 5258 3060 5304 eos,
3088 5235 3432 5295 confidentia,
3468 5244 3525 5287 et

1947 5338 2226 5394 alacritate
2250 5340 2437 5408 plenos
2458 5354 2578 5394 esse
2599 5335 2918 5405 oportebat?
2948 5332 3143 5401 Quidni
3170 5328 3425 5381 audacter
3453 5325 3520 5377 ad

1917 5432 2185 5501 'judicum
2224 5446 2519 5503 regumque
2572 5429 2859 5483 tribunalia
2912 5427 3010 5492 ire,
3063 5439 3183 5478 cum
3219 5417 3518 5489 praimoniti

1948 5524 2179 5581 fuissent
2210 5540 2314 5579 non
2346 5525 2668 5578 debere~eos
2710 5521 2971 5576 meditato
3015 5516 3192 5571 studio
3219 5513 3357 5583 apud
3405 5526 3521 5563 ma-

2585 5633 2785 5690 ”Ctr.
2838 5647 2941 5699 xu,
2984 5632 3068 5685 ll.

332 5792 445 5865 (57)
484 5791 561 5865 De
598 5789 981 5865 forli_a_rmalo,
1013 5784 1065 5838 id
1092 5793 1172 5837 est
1225 5784 1456 5850 diabolo,
1496 5782 1585 5852 qui
1623 5797 1649 5834 a
1685 5777 1903 5834 Christo
1962 5772 2060 5829 fuit
2118 5772 2433 5840 debellatus,
2492 5772 2727 5829 brexiter
2770 5772 2966 5828 dicitur
3008 5758 3170 5826 etiam
3228 5767 3301 5821 in
3351 5763 3519 5821 Ther

262 5858 477 5937 phunin,
502 5861 597 5916 lib.
620 5876 702 5924 ιιι,
731 5858 818 5911 57.

548 5953 818 6014 ΙἈτιιοι..
867 5949 984 6009 Gtt.
1034 5947 1085 6008 Χ
1100 5944 1263 6005 XIV.

3166 5924 3239 5988 18
