3968 6508
447 422 554 479 5'55

1128 413 1397 472 EUSEBII
1432 394 1908 470 CESARI'ENSIS
1944 403 2094 461 OPP.
2135 399 2318 458 PARS
2352 397 2442 455 III.
2483 427 2552 440 —
2590 389 3008 451 EXEGETICA.

448 540 706 610 gistratus
731 547 902 592 semet
927 533 1236 600 defendere,
1277 531 1372 589 sed
1406 530 1566 586 aliam
1605 529 1891 600 quamdam
1925 523 2018 578 ad-

2127 521 2457 591 Βικαστήρια,
2490 520 2540 571 oi
2569 511 3080 588 προμεμαθηκότες,
3116 509 3196 562 ὅτι
3235 506 3309 578 μὴ
3333 485 3485 560 αὐτοὶ
3508 497 3622 557 εἷεν
3649 503 3708 557 οι

449 635 563 688 lore
611 631 900 685 haerentem
939 625 1068 697 ipsis
1118 625 1352 681 divinam
1396 623 1675 686 virtutem,
1741 618 1894 689 cujus
1925 617 2012 671 in-

449 725 646 779 stinetu
668 719 942 793 iudicibus
966 717 1204 787 ipsisque
1237 713 1504 782 intrepide
1532 712 1750 783 regibus
1792 723 2015 778 respou-

448 815 561 871 suri
600 813 825 870 essent?
871 810 994 865 Haec
1043 807 1241 864 dicenti
1287 807 1542 876 magistro
1593 811 2015 859 consentaneum

448 919 565 964 erat
591 903 886 974 discipulos
919 900 1078 957 facile
1118 899 1362 965 credere,
1401 911 1464 952 ac
1503 895 1809 951 nullatenus
1857 890 2015 946 dubi-

450 1011 597 1064 tare;
647 997 843 1069 quippe
873 995 963 1065 qui
1000 1007 1312 1049 sermonum
1358 991 1549 1045 horum
1597 986 1804 1056 pondus
1836 983 1888 1038 in
1927 998 2019 1037 su-

449 1091 747 1162 perioribus
781 1088 938 1144 dictis
960 1085 1396 1156 exploraveraut,
1441 1079 1636 1150 quibus
1668 1077 1824 1130 tidem
1852 1089 2017 1144 opera

448 1185 708 1239 fecerant.
744 1180 844 1246 Qui
881 1191 1012 1246 ergo
1051 1176 1296 1231 inﬁrmos
1320 1172 1485 1228 divini
1521 1169 1669 1225 verbi
1703 1167 1904 1222 virtute
1931 1181 2021 1220 ro-

449 1275 788 1335 boraverant,
819 1269 1176 1337 morbumque
1202 1265 1340 1336 apud
1388 1264 1632 1318 homines
1663 1257 2019 1314 insanabilem

449 1369 651 1438 Iepram
685 1374 740 1419 et
771 1363 904 1416 alias
929 1374 1214 1426 corporum
1243 1356 1518 1426 passiones
1559 1365 1798 1423 purgare
1825 1360 2020 1419 potue-

450 1469 594 1519 rant,
629 1464 683 1511 et
712 1455 905 1510 noxios
937 1452 1249 1509 hominibus
1299 1449 1570 1502 daemones
1614 1443 1816 1514 pellere
1879 1440 2019 1495 haud

451 1549 572 1604 ullis
602 1548 830 1604 curiosis
853 1544 1160 1617 praestigiis,
1192 1540 1284 1596 sed
1312 1539 1424 1594 sola
1451 1552 1478 1590 a
1510 1536 1730 1591 Christo
1759 1531 2020 1586 attributa

449 1641 628 1696 divina
677 1638 886 1708 gratia;
931 1651 1028 1692 cur
1055 1640 1372 1688 vererentur
1417 1627 1766 1682 inferioribus
1808 1623 1890 1677 his
1918 1621 2020 1675 tri-

450 1730 734 1786 bunalibus
767 1728 1021 1798 intrepidi
1055 1733 1258 1790 astare,
1291 1731 1344 1777 et
1373 1735 1495 1776 cum
1529 1715 1934 1788 magistratibus
1958 1727 2020 1766 ac

452 1824 668 1894 regibus
701 1817 1035 1888 disceptare?
1084 1817 1192 1869 Cur
1221 1813 1452 1882 denique
1501 1809 1696 1865 llducia
1724 1822 1829 1862 non
1861 1817 2022 1875 auge-

2121 613 2400 686 μέλλοντες
2442 607 2915 681 πεφροντισμένως
2949 605 3062 664 τοῖς
3105 601 3362 671 ἄρχουσιν
3412 596 3706 663 ἀπολογεῖο

2120 707 2264 768 σθαι,
2291 704 2422 775 ἀλλη
2451 703 2507 756 δέ
2529 719 2610 765 τις
2641 702 2699 753 έν
2728 699 2908 760 αὐτοῖς
2936 693 3114 756 ἔνθεος
3141 691 3390 761 δύναμις,
3421 689 3486 742 δι’
3507 686 3576 760 ἧς
3607 687 3711 740 καὶ

2119 797 2378 868 ἡγεμόσιν
2415 793 2635 864 ἔμελλον
2663 787 3098 858 ἀκαταπλήκτως
3142 782 3348 852 ὁμιλεῖν
3392 780 3484 834 καὶ
3511 781 3708 840 αὐτοῖς

2122 867 2432 958 βασιλεῦσι;
2474 883 2582 937 Καὶ
2617 880 2787 934 ταῦτα
2807 878 2864 930 δέ
2890 877 3099 945 λέγοντι
3128 870 3207 942 τῷ
3229 869 3536 939 διδασκάλῳ
3563 867 3704 920 ἀκό-

2119 978 2305 1032 λουθον
2330 973 2397 1047 ἦν
2424 975 2548 1038 τοὺς
2573 971 2816 1044 μαθητὰς
2847 967 3182 1029 ἀδιστάκτως
3223 962 3522 1024 πιστεύειν,
3559 959 3712 1015 κατὰ

2124 1071 2330 1143 μηδένα
2373 1085 2434 1121 τε
2479 1066 2678 1138 τρόπον
2726 1061 3042 1134 ἀμφιϐόλως
3096 1058 3261 1129 ἔχειν,
3305 1052 3712 1126 προειληφότας

2119 1141 2229 1216 τῶν
2266 1161 2438 1228 λόγων
2467 1158 2564 1229 τὴν
2605 1159 2798 1226 πεῖραν
2827 1153 2913 1206 διὰ
2946 1150 3054 1205 τῶν
3086 1147 3394 1220 ἔμπροσθεν
3427 1141 3710 1212 ἐπηγγελ-

2127 1256 2322 1326 μένων,
2367 1245 2440 1305 ὦν
2485 1250 2584 1321 τὴν
2611 1249 2793 1301 πίστιν
2827 1245 3006 1306 αὐτοῖς
3039 1241 3218 1312 ἔργοις
3246 1238 3705 1310 παρειλήφεισαν.

2123 1325 2184 1400 Οἱ
2215 1345 2344 1415 γοῦν
2367 1338 2721 1400 ἀσθενοῦντας
2759 1334 2918 1404 λόγου
2949 1332 3172 1401 δυνάμει
3200 1329 3343 1383 θείου
3384 1325 3709 1398 ρωννύντες,

2122 1439 2276 1492 νόσον
2324 1452 2383 1488 τε
2426 1432 2523 1502 τὴν
2566 1429 2783 1482 ἀνίατον
2831 1428 2887 1478 ἐν
2920 1422 3223 1492 ἀνθρώποις
3259 1421 3463 1490 λέπραν
3509 1416 3714 1471 καὶτὰ

2123 1527 2286 1582 λοιπὰ
2315 1525 2458 1595 πάθη
2486 1523 2594 1577 τῶν
2625 1519 2890 1590 σωμάτων
2914 1513 3304 1584 ἀποκαθαίρειν
3345 1506 3444 1564 οἶοί
3475 1526 3556 1574 τε,
3592 1505 3714 1560 δαί-

2127 1617 2293 1690 μονάς
2314 1634 2372 1669 τε
2407 1611 2769 1684 λυμαντικοὺς
2797 1605 3104 1678 ἀνθρώπων
3133 1602 3373 1656 ἐλαύνειν
3409 1600 3470 1654 οὐ
3499 1598 3591 1652 διά
3623 1615 3713 1650 τι-

2124 1689 2215 1774 νος
2241 1709 2536 1781 περιέργου
2570 1704 2928 1776 μαγγανείας,
2956 1698 3045 1753 διὰ
3077 1697 3131 1750 δὲ
3163 1690 3330 1766 μόνης
3358 1694 3456 1764 τῆς
3489 1692 3582 1745 ὑπ’
3619 1689 3716 1743 αύο

2123 1801 2216 1854 τοῦ
2269 1797 2668 1870 χορηγηθείσης
2716 1794 2896 1856 αὐτοῖς
2939 1789 3123 1843 ἐνθέου
3173 1787 3413 1858 χάριτος,
3458 1783 3576 1846 πῶς
3607 1783 3712 1835 οὑκ

451 1924 656 1978 rentur,
687 1921 910 1982 propter
944 1909 1104 1964 dandi
1137 1906 1268 1974 ipsis
1299 1904 1532 1974 Spiritus
1561 1896 2016 1971 promissionem?

2127 1892 2341 1964 ἔμελλον
2363 1891 2457 1943 καὶ
2488 1891 2599 1951 τοῖς
2632 1885 2902 1955 δευτέροις
2927 1883 3036 1943 τοῖς
3070 1879 3197 1948 περὶ
3221 1876 3313 1930 τοῦ
3352 1874 3516 1945 μηδὲν
3553 1888 3711 1942 μερι-

935 1961 1302 2067 δικαστηρὶοις
1323 1961 1680 2065 παρεστάναι,
1704 1988 1933 2061 ἡγεμόσι
1957 2004 2016 2040 τε
2051 1961 2477 2054 καὶ-βασιλεῦσιν
2503 1978 2710 2049 ὁμιλεῖν
2741 1971 3047 2035 πιστεύειν;
3081 1967 3204 2032 Πῶς
3267 1966 3313 2018 δ’
3373 1965 3474 2018 οὐκ
3540 1961 3716 2032 έμελ·’

447 2094 538 2148 λον
559 2093 875 2163 ἐπιθαρσεῖν
906 2093 970 2162 τῇ
1006 2088 1306 2160 ἐπαγγελίᾳ
1333 2087 1425 2140 τοῦ
1460 2083 1817 2156 δοθησομέναυ
1855 2082 2037 2143 αὐτοῖς
2070 2077 2382 2148 Πνεύματος

449 2186 495 2220 ⁸⁹
533 2187 712 2242 Nolite
739 2187 945 2242 solliciti
986 2201 1093 2238 esse
1123 2184 1313 2265 animus
1347 2191 1529 2236 uestra:
1559 2181 1687 2250 quid
1741 2177 2020 2232 manduce-

1117 2263 1183 2307 tis
1199 2293 1215 2319 ,
1247 2263 1354 2307 etc.

526 2349 650 2405 Hine
684 2349 760 2404 ait
795 2346 1053 2402 Dominus
1087 2345 1381 2400 cohortans
1417 2356 1536 2404 nos,
1567 2354 1633 2394 ne
1661 2353 1798 2394 escm
1824 2353 2019 2406 corpo-

453 2444 639 2512 risque
666 2439 1106 2496 commoditatum
1157 2434 1516 2490 necessariam
1551 2447 1734 2487 curam
1773 2444 1893 2484 esse
1923 2445 2020 2500 pu-

455 2543 668 2597 temus;
725 2544 896 2599 neque
921 2529 970 2583 id
1012 2537 1212 2583 temere
1262 2525 1466 2581 faciens
1501 2524 1597 2580 sed
1633 2521 1882 2577 rationali
1929 2536 2019 2574 ar-

454 2632 708 2694 gumento
732 2621 1103 2691 magisterium
1147 2633 1304 2674 suum
1363 2618 1647 2672 roboraus.
1694 2612 2022 2667 llortabatur

452 2716 595 2771 enim
629 2715 815 2770 dicens
846 2733 860 2768 :
894 2711 974 2766 Ne
1017 2711 1228 2766 solliciti
1261 2711 1376 2764 sitis
1423 2710 1548 2779 quid
1588 2707 1912 2760 manducetis
1944 2704 2022 2759 vel

453 2813 579 2882 quid
610 2810 798 2863 bibatis
837 2807 916 2860 vel
960 2822 1060 2876 quo
1093 2804 1411 2859 induamini.
1464 2800 1654 2856 Nonne
1694 2802 1871 2854 anima
1902 2798 2021 2867 plus

452 2915 526 2959 est
557 2919 711 2973 quam
740 2917 880 2964 esca,
906 2909 953 2954 et
979 2915 1164 2964 corpus
1201 2897 1318 2967 plus
1356 2910 1513 2965 quam
1542 2894 1900 2949 vestimentum
1932 2889 2023 2942 ⁸θῖ

453 2995 521 3050 Et
554 2996 654 3049 hoc
681 2993 898 3062 quidem
947 2992 1178 3060 primum
1226 2995 1602 3056 argumentum
1646 2992 1753 3045 est,
1802 2983 2024 3035 demon-

453 3097 634 3142 strans
660 3100 765 3140 non
794 3084 989 3138 debere
1022 3095 1343 3151 quemquam
1383 3078 1447 3132 de
1469 3091 1526 3131 se
1555 3090 1676 3132 esse
1705 3074 2018 3130 sollicitum.

454 3178 586 3232 Nam
633 3177 676 3231 si
732 3175 1007 3238 alimento,
1060 3173 1203 3242 quod
1244 3171 1313 3227 de
1356 3180 1497 3224 terra
1548 3167 1803 3238 gignitur,
1851 3163 2023 3232 major

454 3268 751 3336 meliorque
780 3276 861 3319 est
898 3275 1059 3333 atque
1085 3262 1373 3332 pretiosior
1404 3260 1636 3315 hominis
1667 3257 1867 3322 anima,
1906 3270 2024 3324 qua!

453 3357 736 3414 rationalis
754 3367 845 3422 ,est
877 3366 932 3411 et
977 3353 1354 3410 intellectualis
1393 3351 1715 3416 substantia,
1752 3363 2024 3418 quamque

2120 2173 2216 2242 Μὴ
2248 2168 2564 2243 μεριμνᾶτε
2587 2167 2658 2236 τῇ
2692 2161 2864 2235 ψυχῇ
2887 2160 3053 2232 ὑμῶν
3089 2161 3145 2214 τί
3173 2157 3424 2229 φάγητε,
3456 2171 3507 2210 κ.
3551 2168 3610 2204 -τ.
3650 2149 3713 2204 λ.

2190 2348 2300 2402 Καὶ
2329 2344 2503 2399 ταῦτα
2532 2342 2626 2397 τοῦ
2667 2341 2871 2414 Κυρίου
2917 2339 3067 2410 ἡμᾶς
3105 2331 3577 2405 ἐπιθαρσύνοντος,
3629 2327 3708 2398 μὴ

2123 2439 2319 2510 χρῆναι
2366 2435 2494 2506 περὶ
2537 2434 2742 2507 τροφῆς
2793 2431 2913 2502 μηδ’
2944 2431 3128 2484 ἐνεκεν
3167 2427 3274 2478 τῶν
3317 2424 3411 2477 τοῦ
3454 2421 3713 2492 σώματος

2121 2530 2320 2602 χρειῶν
2364 2529 2656 2602 μεριμνᾷν,
2706 2525 2800 2578 καὶ
2821 2523 2921 2577 οὐκ
2952 2521 3248 2590 ἀλογίστως
3283 2515 3707 2588 προτρέποντος,

2124 2622 2220 2674 σὺν
2245 2617 2586 2690 παραστάσει
2612 2617 2668 2669 δὲ
2699 2616 2892 2685 λογικῇ
2921 2608 3416 2683 παραμυθουμένου
3441 2604 3538 2676 τῆν
3563 2603 3713 2690 διδα-

2125 2689 2368 2762 σκαλίανο
2392 2703 2948 2777 παρῄνειγάρλέγων·
2970 2699 3067 2767 Μὴ
3087 2696 3489 2767 μεριμνήσητε
3516 2693 3572 2746 τί
3603 2689 3716 2760 φάσ-

2126 2816 2268 2870 γητε
2302 2798 2340 2867 ἣ
2374 2798 2433 2851 τι
2463 2796 2813 2850 ἐνδύσεσθε.
2848 2793 2994 2861 Οὐχὶ
3027 2793 3066 2857 ἡ
3097 2788 3266 2858 ψυχὴ
3309 2786 3532 2840 πλείων
3573 2782 3710 2836 ἐστὶ

2123 2889 2234 2958 τῆς
2251 2887 2494 2958 τροφῆς,
2515 2887 2609 2940 καὶ
2627 2886 2692 2939 τὸ
2704 2882 2990 2954 σῶματοῦ
3001 2881 3352 2950 ἐνδύματος
3375 2879 3482 2930 Καὶ
3493 2873 3710 2945 πρῶτος

2130 2981 2229 3051 μὲν
2277 2972 2432 3042 οὗτος
2477 2977 2854 3047 συλλογισμὸς,
2905 2974 3172 3042 συνάγων,
3207 2974 3290 3024 ὅτι
3335 2970 3408 3041 μὴ
3450 2969 3556 3022 δέοι
3581 2967 3710 3020 τινὰ

2125 3074 2254 3144 περί⁹
2287 3069 2480 3125 ἐαυτοῦ
2517 3071 2805 3142 μεριμνᾷν.
2844 3067 2907 3119 Ei
2940 3067 3048 3135 γὰρ
3079 3066 3308 3134 τροφῆς,
3344 3062 3442 3131 τῆς
3471 3060 3578 3112 ἀπὸ
3603 3059 3710 3128 γῆς

2127 3162 2425 3232 φυομένης,
2455 3160 2654 3229 μείζων
2684 3159 2777 3212 καὶ
2810 3158 3093 3228 κρείττων,
3129 3155 3222 3207 καὶ
3247 3153 3540 3224 τιμιωτέρα
3574 3167 3710 3217 τυγ-

2125 3256 2276 3326 χάνει
2318 3255 2351 3324 ἡ
2385 3250 2671 3324 ἀνθρώπου
2703 3251 2871 3321 ψυχὴ,
2913 3249 3103 3320 λογικὴ
3140 3243 3273 3300 οὖσα
3305 3247 3397 3300 καὶ
3430 3244 3589 3315 νοερὰ
3617 3244 3710 3295 ού-

2129 3345 2242 3407 σία,
2267 3344 2469 3414 ταύτην
2507 3343 2562 3395 δὲ
2614 3342 2686 3413 μὴ
2721 3338 2885 3394 οὖσαν
2933 3341 3014 3404 εἰς
3057 3340 3118 3392 τὸ
3151 3335 3290 3391 εἶναι
3329 3337 3646 3408 παρήγαγεν
3677 3335 3709 3386 ό

453 3453 676 3506 minime
700 3450 1045 3504 exsistentem
1076 3446 1142 3501 ad
1189 3444 1553 3500 exsistendum
1585 3443 1722 3498 Deus
1747 3440 2016 3508 perduxit,

2127 3437 2271 3502 θεὸς,
2304 3436 2396 3489 καὶ
2417 3434 2620 3503 ταύτης
2651 3435 2786 3504 ⁴ἡμῖν
2819 3431 2982 3502 μηδὲν
3011 3430 3377 3501 μεριμνήσασι
3415 3425 3706 3497 μετέδωκε,

455 3544 716 3611 nobisque
747 3541 966 3594 minime
988 3540 1054 3592 de
1083 3551 1143 3590 ea
1177 3535 1538 3604 cogitantibus
1565 3532 1834 3596 attribuit,
1882 3544 2023 3600 quos

455 3636 719 3688 animatos
749 3630 1144 3698 rationalesque
1175 3629 1323 3690 fecit,
1351 3641 1448 3680 cur
1473 3625 1538 3679 de
1565 3639 1623 3678 re
1649 3623 1938 3687 deteriore,
1969 3622 2020 3676 id

455 3737 538 3779 est
568 3739 711 3784 esca,
749 3721 963 3776 solliciti
1015 3720 1222 3776 simus?
1275 3718 1408 3772 Nam
1456 3715 1549 3784 qui
1593 3729 1706 3769 rem
1757 3714 2020 3784 potiorem

455 3811 624 3875 dedit,
656 3811 699 3863 is
725 3823 842 3878 quae
886 3809 1006 3863 usui
1040 3808 1165 3862 huic
1207 3815 1334 3862 sunt
1365 3807 1496 3858 dare
1527 3820 1632 3858 non
1681 3801 2019 3872 impedietur.

455 3903 524 3957 Et
555 3902 621 3957 de
669 3902 915 3970 corporis
945 3899 1258 3954 indumento
1291 3897 1430 3952 idem
1460 3909 1640 3950 sermo
1687 3893 1849 3948 valet.
1889 3891 2020 3946 Nam

457 3995 503 4048 si
537 3995 588 4049 in
614 3993 861 4050 confesso
885 4003 966 4048 est
989 3992 1278 4046 animantis
1304 4005 1501 4059 corpus
1531 3984 2024 4055 incomparabiliter

455 4085 647 4141 melius
672 4100 814 4151 esse,
847 4099 1004 4155 quam
1033 4083 1261 4153 quodvis
1289 4081 1528 4136 exterius
1564 4080 1687 4133 huic
1719 4076 2021 4146 impositum

454 4177 872 4243 vestimentum;
927 4187 982 4230 et
1012 4175 1057 4230 si
1106 4184 1275 4229 totum
1326 4186 1521 4240 corpus
1562 4172 1685 4224 vita:
1725 4171 2025 4237 auiuueque

455 4268 726 4338 particeps
747 4268 972 4322 Creator
1017 4263 1329 4328 constituit;
1377 4278 1476 4317 cur
1526 4263 1596 4316 sit
1648 4261 2022 4330 ambigendum

459 4371 636 4414 utrum
665 4361 778 4429 ipse
806 4361 974 4429 possit
1012 4359 1152 4427 quod
1178 4358 1419 4413 deterius
1465 4363 1552 4409 est
1575 4354 1937 4423 suppeditare,
1971 4353 2023 4407 id

456 4461 542 4506 est
585 4452 982 4513 vestimentum,
1039 4465 1069 4502 a
1121 4463 1228 4518 quo
1275 4446 1514 4502 nobilius
1565 4443 2024 4512 circumtegitur?

456 4543 632 4612 Atque
653 4543 754 4596 hoe
776 4543 1008 4612 primum
1028 4539 1509 4593 demonstrativum
1529 4545 1896 4605 argumentum
1919 4541 2021 4588 est.

532 4635 734 4690 Deinde
753 4644 807 4688 et
833 4633 1005 4687 altero
1034 4630 1282 4701 exemplo
1310 4629 1478 4684 utitur
1507 4629 1694 4684 dicens
1722 4645 1736 4680 :
1766 4627 2024 4695 Respicite

457 4726 692 4782 volatilia
719 4725 857 4788 cadi,
896 4724 1147 4793 quoniam
1188 4739 1290 4776 non
1323 4730 1521 4784 serunt,
1575 4730 1619 4772 et
1657 4717 1816 4772 Pater
1857 4730 2024 4773 vester

2123 3529 2400 3599 ἐμψύχους
2430 3529 2579 3598 ἡμᾶς
2621 3527 2715 3579 καὶ
2746 3524 2995 3592 λογικοὺς
3015 3522 3464 3595 ἀπεργασάμενος
3489 3517 3626 3587 (58),
3655 3518 3708 3569 τί

2123 3619 2226 3692 χρὴ
2251 3619 2552 3690 φροντίζειν
2585 3619 2712 3688 περὶ¹
2742 3615 2835 3669 τοῦ
2871 3615 3128 3687 χείρονος,
3160 3615 3296 3684 ὅπερ
3334 3612 3480 3665 ἐστὶν
3511 3613 3544 3682 ἡ
3579 3628 3705 3682 τρο-

2124 3715 2232 3784 φή;
2273 3715 2332 3768 '0
2367 3711 2476 3784 γὰρ
2501 3711 2562 3764 τὸ
2593 3711 2834 3781 κρεῖττον
2857 3707 3100 3770 δεδωκὼς
3127 3708 3228 3760 οὐκ
3266 3704 3582 3774 ἀδυνατήσει
3613 3703 3708 3756 καὶ

2121 3807 2184 3859 τὸ
2211 3808 2466 3879 χρειῶδες
2498 3808 2662 3861 αὑτοῦ
2703 3809 3021 3877 παρασχεῖν.
3069 3805 3180 3859 Καὶ
3218 3805 3310 3857 ἐπὶ
3345 3803 3447 3872 τῆς
3476 3801 3570 3854 τοῦ
3604 3799 3708 3852 σώ-

2127 3916 2294 3970 ματος
2317 3900 2608 3972 περιϐολῆς
2631 3903 2659 3953 ὁ
2689 3900 2848 3962 αὐτὸς
2875 3898 3050 3966 λόγος.
3074 3897 3136 3949 Ei
3165 3895 3275 3966 γὰρ
3294 3892 3706 3964 ἀνωμολόγηται

2123 3990 2184 4042 τὸ
2218 3989 2314 4042 τοῦ
2345 3989 2482 4055 ζὼου
2519 3990 2677 4061 σῶμα
2699 3989 3028 4062 ἀπαραθέτῳ
3061 3986 3341 4058 συγκρίσει
3364 3986 3606 4055 κρεῖττον
3631 3978 3707 4035 εί-

2123 4099 2211 4134 ναι
2237 4082 2327 4136 τοῦ
2375 4081 2572 4146 ἔξωθεν
2606 4082 2753 4154 αὐτῷ
2799 4080 3180 4152 περικειμένου
3215 4077 3528 4147 ἐνδύματος,
3566 4074 3628 4127 τὸ
3658 4073 3704 4126 δ’

2123 4175 2242 4228 ὅλον
2287 4174 2444 4244 σῶμα
2493 4172 2636 4245 ζωῆς
2683 4173 2904 4244 μετέχον
2954 4172 3047 4225 καὶ
3086 4170 3263 4240 ψυχῆς
3291 4170 3321 4221 ὁ
3363 4167 3702 4238 Δημιουργὸς

2125 4266 2284 4329 αὐτὸς
2317 4267 2707 4337 συνεστήσατοο
2745 4265 2796 4318 τί
2839 4265 2943 4336 χρὴ
2986 4265 3225 4332 ἀγωνιᾷν
3262 4260 3336 4331 μὴ
3379 4260 3485 4331 ἄρα
3514 4258 3708 4310 ἀδυνα-

2124 4359 2264 4429 τήσῃ
2291 4358 2350 4410 τὸ
2380 4361 2559 4428 χεῖρον
2593 4358 2915 4428 παρασχεῖν,
2955 4355 3112 4408 τοῦτο
3151 4353 3197 4406 δ’
3232 4349 3299 4424 ἦν
3333 4351 3394 4403 τὸ
3430 4350 3651 4420 ἔνδυμα,
3677 4350 3707 4402 ό

2123 4448 2184 4501 τὸ
2207 4452 2452 4520 κρεῖττον
2497 4447 2974 4518 ὑποστησάμενος;
3005 4441 3173 4508 Οὗτος
3214 4443 3312 4515 μὲν
3356 4438 3448 4496 οὖν
3491 4441 3706 4512 πρῶτος

2125 4541 2500 4603 ἀποδεικτικὸς
2521 4538 2896 4608 συλλογισμός.

2195 4633 2305 4685 Καὶ
2330 4632 2566 4702 δευτέρῳ
2592 4629 2854 4700 κέχρηται
2887 4627 3290 4699 παραδείγματι
3322 4624 3493 4694 λέγων
3515 4641 3530 4654 ο
3582 4623 3707 4691 Ἑμ-

2121 4723 2396 4791 ,ϐλέψίιτε
2413 4725 2500 4788 είς
2526 4722 2598 4775 τὰ
2624 4721 2863 4774 πετεινὰ
2888 4720 2992 4773 τοῦ
3017 4717 3295 4786 οὐρανοῦ,
3321 4716 3408 4769 ὅτι
3435 4718 3508 4769 οὐ
3535 4714 3707 4768 σπεί-

457 4819 675 4872 caelestis
713 4817 876 4881 pascit
928 4813 1044 4867 illa.
1094 4813 1282 4867 Nonne
1332 4829 1418 4865 vos
1471 4813 1636 4882 magis
1689 4811 1856 4879 pluris
1899 4812 2020 4864 estis

2127 4831 2317 4885 ρουσι,
2344 4816 2439 4868 καὶ
2464 4818 2496 4868 ό
2521 4815 2722 4883 Πατὴρ
2751 4813 2917 4883 ὑμῶν
2941 4816 2972 4866 d
2989 4810 3266 4880 Gi'pdrloc
3299 4809 3496 4878 τρέφει
3527 4805 3700 4860 αὑτά.

457 4913 565 4966 illis
596 4909 679 4962 "?
708 4907 841 4961 Nam
873 4906 916 4960 si
943 4907 1048 4970 bis,
1095 4922 1323 4976 quorum
1373 4915 1524 4975 pater
1561 4919 1664 4958 non
1703 4913 1804 4966 est,
1833 4917 2025 4971 nempe

458 5001 786 5061 volucribus.
831 4997 1183 5053 sullicieutem
1213 5013 1388 5052 escam
1423 4997 1743 5066 praeparavit
1783 4995 2023 5050 omnium

457 5103 678 5147 curator
703 5101 757 5146 et
787 5090 1035 5158 provisor
1078 5088 1237 5150 Deus,
1280 5104 1399 5142 cum
1435 5101 1526 5140 vos
1561 5086 1626 5139 ad
1668 5086 1785 5154 ejus
1835 5075 2026 5155 imagi-

439 5173 581 5239 ‘nem
613 5183 731 5238 sitis
759 5182 985 5246 conditi,
1039 5180 1315 5246 vestrique
1357 5185 1577 5246 propter
1605 5176 2022 5231 intellectualem

460 5277 884 5344 rationalemque
937 5272 1292 5328 substantiam
1344 5277 1494 5335 pater
1521 5267 1611 5331 sit,
1653 5282 1753 5321 cur
1779 5267 1905 5320 vita:
1935 5282 2024 5322 ve-

457 5379 585 5422 stra:
613 5381 794 5420 curam
843 5379 948 5419 non
1001 5361 1184 5432 geret?
1230 5374 1434 5429 vosque
1478 5358 1610 5412 adeo
1655 5372 1876 5412 securos
1912 5373 2020 5412 non

459 5459 587 5520 alet,
631 5472 729 5512 ceu
773 5466 928 5526 pater
955 5454 1079 5508 ﬁliis
1106 5459 1350 5522 prompte
1379 5447 1726 5519 suppeditans
1759 5463 1878 5518 quae
1903 5448 2024 5503 usui

459 5560 607 5614 sunt,
643 5547 811 5616 magis
842 5561 1002 5616 quam
1032 5545 1152 5600 cceli
1189 5541 1520 5604 volucribus,
1563 5540 1762 5608 quibus
1794 5543 1910 5594 sine
1942 5540 2023 5593 la-

460 5639 614 5703 bore,
673 5639 789 5693 sine
837 5638 1043 5692 satione
1075 5645 1234 5704 atque
1281 5633 1526 5688 aratione
1573 5646 1754 5686 eseam
1801 5632 2025 5700 praebet,

461 5772 466 5777 .
541 5732 586 5764 "
613 5729 743 5785 Car.
790 5744 887 5794 xu,
920 5728 1010 5782 22.
1085 5727 1131 5758 ⁸ο
1179 5723 1362 5778 Matth.
1395 5737 1470 5787 νι,
1502 5720 1594 5775 25.
1670 5723 1712 5754 ⁹¹
1748 5721 1877 5778 ibid.
1907 5723 1996 5777 26.

2124 4909 2246 4974 Οὐχ
2276 4905 2442 4971 ὑμεῖς
2467 4904 2707 4974 μᾶλλον
2741 4903 3046 4973 διαφέρετε
3078 4901 3311 4963 aettur;
3353 4901 3414 4952 Εἰ
3445 4898 3555 4969 γὰρ
3585 4898 3705 4951 τού-

2129 5013 2262 5059 τοις,
2290 4989 2364 5048 ὦν
2391 4995 2466 5065 μὴ
2502 4996 2683 5065 πατὴρ
2705 4993 2977 5063 τυγχάνει,
3010 4991 3180 5044 ταῦτα
3202 4991 3246 5044 δ’
3271 4986 3338 5060 ἦν
3362 4987 3429 5042 τὰ
3461 4985 3700 5049 πετεινὰ,

2129 5087 2228 5156 τῆς
2264 5088 2564 5158 αὐτάρκους
2597 5087 2799 5157 τροφῆς
2846 5083 3177 5157 προύνόησεν
3227 5083 3256 5134 ό
3309 5081 3417 5134 τῶν
3451 5079 3703 5132 ἁπάντων

2130 5177 2383 5250 κηδεμὼν
2413 5181 2504 5231 καὶ
2538 5178 2839 5250 προνοητὴς
2868 5177 3018 5239 Θεὸς,
3054 5175 3207 5246 ὑμῶν
3227 5175 3335 5228 τῶν
3369 5174 3487 5226 κατ’
3523 5172 3705 5224 εἰκόνα

2129 5271 2229 5342 τὴν
2259 5269 2422 5324 αὐτοῦ
2464 5270 2863 5341 πεποιημένων,
2897 5269 2985 5322 διὰ
3021 5269 3119 5340 τὴν
3150 5271 3206 5320 ἐν
3235 5268 3362 5336 ὑμῖν
3393 5263 3582 5333 νοεράν
3613 5261 3706 5315 καὶ

2127 5362 2347 5433 λογικὴν
2369 5362 2553 5414 ούσίαν
2577 5363 2756 5433 πατὴρ
2781 5362 3082 5431 τυγχάνων,
3129 5361 3244 5422 πῶς
3264 5360 3322 5410 οὐ
3350 5360 3527 5409 πᾶσαν
3555 5354 3707 5424 ποιή-

2133 5471 2282 5508 σεται
2315 5455 2412 5524 τῆς
2445 5455 2588 5524 ζωῆς
2625 5454 2913 5524 φροντίδα;
2958 5456 3052 5507 καὶ
3095 5453 3280 5524 θρέψει
3303 5469 3366 5520 γε
3399 5450 3544 5520 ὑμᾶς
3571 5449 3706 5518 ἀμε-

2135 5547 2358 5619 ρίμνως,
2389 5543 2476 5600 οἷα
2508 5546 2687 5620 πατὴρ
2710 5549 2842 5610 υἱοῖς
2872 5547 2929 5611 ἐξ
2959 5547 3174 5617 ἑτοίμου
3209 5545 3459 5617 παρέχων
3486 5543 3552 5596 τὰ
3573 5540 3706 5611 πρὸς

2131 5639 2232 5710 τὴν
2262 5641 2449 5710 χρείαν
2493 5640 2690 5711 μᾶλλον
2719 5641 2752 5710 ἢ
2777 5643 2888 5704 τοῖς
2921 5641 3183 5702 πετεινοῖς
3217 5638 3311 5692 τοῦ
3350 5633 3601 5714 ούρανοῦ,
3627 5625 3708 5694 οἷς

536 5825 648 5897 (58)
682 5823 1060 5880 Animadverte
1090 5821 1304 5876 Eusebii
1350 5819 1674 5874 sententiam
1711 5819 1776 5875 de
1807 5819 2031 5890 singulis
2070 5821 2250 5895 ειμι)εο
2285 5819 2486 5876 creatis
2512 5819 2788 5876 hominum
2823 5816 3124 5873 animabus.
