3968 6534
407 443 512 500 559

1115 435 1381 524 ευβειιιι
1419 432 1904 490 ϐίὶιὸῒῐῖιεδῖδιδ
1945 433 1981 489 0

2087 479 2091 488 .
2139 433 2317 488 PARS
2357 433 2515 488 lll.~—
2556 431 2964 488 EXEGETICA.

3528 425 3650 489 560

478 554 653 622 Atque
688 550 798 606 haec
845 550 909 606 de
959 550 1234 606 alimentis
1282 550 1615 610 disserebat;
1664 549 1971 618 pariterque

2143 551 2251 603 Καὶ
2297 548 2469 603 ταῦτα
2509 550 2606 619 μὲν
2661 549 2787 619 περὶ
2822 547 3026 619 τροφῆς
3069 547 3398 600 διετάττετο’
3447 546 3646 602 dicavi-

406 647 474 702 de
534 643 862 700 indumentis
905 642 1159 697 monebat
1185 641 1374 696 dicens
1403 659 1417 694 :
1451 640 1789 696 Considerate
1827 640 1964 707 lilia,

406 735 664 805 quomodo
696 742 952 796 crescunt,
1006 740 1060 786 et
1110 730 1336 800 reliqua.
1386 730 1592 785 Rursus
1623 729 1712 786 hit,
1753 744 1967 799 quoque

406 823 830 895 argumentando
875 819 1166 884 concludit,
1211 820 1443 874 suadens
1483 832 1541 875 ut
1587 820 1966 876 indumentum

405 935 619 990 quoque
667 934 696 972 a
735 919 840 972 Deo
872 916 1003 985 ipsis
1027 916 1214 971 datum
1263 916 1327 970 iri
1373 925 1710 986 exspectent.
1754 915 1888 970 Nam
1923 915 1968 972 si

404 1013 525 1082 quis
557 1020 642 1065 est
670 1010 808 1080 apud
842 1009 1091 1064 homines
1137 1009 1387 1078 pretiosa:
1419 1009 1582 1063 vestis
1612 1017 1774 1077 atque
1815 1023 1972 1061 orna-

405 1102 571 1158 menti
630 1102 932 1167 studiosus;
985 1109 1250 1169 spcctate.
1304 1100 1501 1167 inquit,
1538 1099 1808 1169 quomodo
1843 1099 1968 1153 uni-

405 1194 544 1249 versi
590 1204 782 1248 auctor
832 1193 971 1246 Deus
1017 1205 1184 1260 usque
1226 1192 1292 1245 ad
1338 1201 1526 1246 enatos
1578 1191 1767 1246 tellure
1812 1191 1971 1245 ﬂores

407 1285 753 1355 multiplicem
789 1298 942 1338 suam
981 1282 1301 1352 sapientiam
1331 1283 1646 1347 extendens,
1698 1283 1842 1337 omni
1876 1298 1969 1341 co-

408 1377 579 1431 lorum
629 1386 788 1445 atque
822 1386 1111 1430 ornatumn
1140 1375 1354 1446 genere
1381 1375 1498 1431 illos
1547 1376 1726 1440 vestit,
1768 1385 1968 1430 lenam

409 1466 822 1530 transfer-maris,
859 1467 1242 1538 pulverernque
1288 1467 1404 1536 ejus
1448 1468 1765 1532 inanimem,
1819 1481 1972 1522 eus-

408 1557 635 1626 demqne
712 1556 944 1627 speciem
1031 1557 1354 1620 immutans,
1429 1556 1738 1611 melioribus
1799 1555 1971 1612 nullo

410 1648 658 1704 tincturis
689 1663 851 1717 quam
896 1648 1148 1702 videntur
1193 1664 1425 1719 purpura
1455 1657 1509 1702 et
1558 1664 1769 1710 aurum,
1798 1659 1852 1702 et
1886 1658 1956 1703 tc-

410 1742 602 1798 nuibus
633 1742 857 1815 philyris
879 1743 1217 1811 ﬂoridisque,
1249 1757 1402 1796 suam
1435 1741 1827 1810 quodaminodo
1857 1741 1970 1794 for-

410 1833 712 1889 mositatem
781 1833 836 1887 in
899 1833 979 1889 eis
1034 1831 1304 1888 collocans
1347 1849 1361 1886 :
1412 1841 1470 1885 ut
1511 1831 1709 1886 nullius
1757 1830 1969 1887 delicati

2066 659 2172 705 τως
2205 643 2260 694 δὲ
2309 642 2403 694 καί
2450 640 2577 711 περὶ
2615 640 2910 708 ἐνδύματος
2942 638 3170 709 παρῄνει
3209 638 3414 708 λέγων·
3446 643 3645 695 Κατα-

2067 735 2328 801 varicare
2368 734 2441 787 τὰ
2488 733 2660 801 κρίνα
2704 731 2828 796 πῶς
2879 729 3146 795 αὐξάνει,
3180 748 3233 785 κ.
3267 749 3318 787 τ.
3360 731 3410 784 λ.
3467 732 3645 786 Πάλιν

2069 823 2346 877 κάνταῦθα
2371 821 2510 893 μετά
2542 819 2901 890 συλλογισμοῦ
2927 821 3166 888 συνάγει,
3195 821 3395 874 πείθων
3419 822 3649 892 προσδο-

2069 918 2172 988 κᾷν
2220 916 2435 978 πάντως
2487 914 2688 985 ἔνδυμα
2743 912 2889 983 παρὰ
2942 911 3033 965 τοῦ
3080 911 3212 965 Θεοῦ
3259 915 3440 976 αὐτοῖς
3484 914 3646 985 δοθή-

2073 1008 2289 1062 σεσθαι·
2331 1008 2376 1059 εἰ
2416 1007 2524 1076 γάρ
2557 1005 2640 1068 τίς
2688 1007 2802 1058 ἐστι
2843 1003 3119 1074 φιλότιμος
3164 1003 3292 1076 παρ’
3334 1004 3648 1076 ἀνθρώποις

2070 1099 2255 1170 ἐσθῆτι
2283 1097 2562 1151 πολυτελεῖ
2584 1099 2678 1151 καὶ
2705 1096 3009 1169 φιλοκαλίᾳ,
3036 1096 3318 1161 θεάσασθε,
3347 1098 3500 1167 φησὶ,
3528 1098 3647 1160 τοῖς

2070 1189 2384 1261 ὀφθαλμοῖς,
2414 1190 2489 1252 ὡς
2518 1192 2545 1242 ὁ
2572 1188 2666 1241 τοῦ
2705 1189 2902 1252 παντὸς
2926 1188 3152 1259 ποιητὴς
3175 1188 3326 1252 Θεὸς,
3360 1189 3519 1259 μέχρι
3547 1189 3648 1242 καὶ

2070 1281 2178 1334 τῶν
2214 1283 2316 1352 γῆς
2353 1281 2634 1352 φυομένων
2665 1281 2869 1334 ἀνθέων
2909 1280 3005 1351 τὴν
3053 1279 3429 1334 πολυποίκιλον
3474 1281 3648 1334 αὑτοῦ

2105 1375 2262 1442 οφίαν
2292 1373 2536 1436 ἐκτείνας
2557 1411 2570 1435 ,
2604 1372 2875 1434 παντοίοις
2908 1369 3160 1442 χρώμασί
3193 1387 3250 1423 τε
3293 1369 3385 1422 καὶ
3432 1370 3648 1440 κοσμήο

2075 1484 2207 1532 μασι
2250 1467 2626 1536 κατεκόσμησε
2663 1465 2850 1528 ταῦτα,
2900 1461 3381 1534 μετασχηματίσας
3415 1462 3513 1531 μὲν
3545 1462 3648 1531 τὴν

2084 1556 2194 1626 γῆν,
2235 1556 2328 1607 καὶ
2364 1555 2462 1626 τὴν
2491 1555 2638 1607 κόνιν
2674 1553 2842 1625 αὐτὴν
2868 1553 2966 1623 τὴν
2997 1552 3202 1621 ἄψυχον
3223 1590 3238 1615 ,
3267 1551 3327 1604 τό
3354 1568 3412 1604 τε
3440 1551 3649 1622 ταύτης

2076 1646 2392 1719 μεταϐαλὼν
2443 1643 2613 1710 εἶδος,
2665 1645 2978 1716 άλουργίδος
3015 1661 3074 1696 τε
3119 1644 3212 1697 καὶ
3257 1642 3458 1715 χρυσοῦ
3509 1643 3647 1696 πολυ

2074 1740 2342 1811 κρείττοσι
2385 1737 2688 1810 βάμμασιν,
2725 1741 2783 1793 ὲν
2813 1738 2972 1808 ὑμέσι
3016 1738 3230 1800 λεπτοῖς
3267 1737 3360 1789 καὶ
3393 1735 3646 1790 εῦανθὲσι

2073 1832 2163 1884 τὸν
2194 1831 2251 1898 ἐξ
2279 1831 2440 1885 αὐτοῦ
2471 1831 2672 1903 κόσμον
2695 1832 2752 1883 ἐν
2776 1831 2912 1902 αὐτῇ
2955 1829 3319 1901 καταθέμενος
3337 1848 3350 1860 ο
3380 1831 3454 1892 ὼς
3490 1829 3652 1900 μηδε-

414 1925 587 1996 regis,
647 1939 819 1995 neque
868 1925 1038 1995 ipsius
1084 1923 1422 1988 Salomonis,
1463 1923 1552 1993 qui
1597 1923 1735 1992 apud
1771 1931 1977 1977 veteres

2087 1925 2166 1989 νὸς
2205 1925 2476 1996 τρυφηλοῦ
2515 1926 2795 1996 βασιλέως,
2835 1925 2954 1997 μηδ’
2994 1925 3156 1979 αὑτοῦ
3211 1923 3522 1996 Σολομῶνος
3551 1922 3653 1977 τοῦ

409 2016 692 2086 sapientia,
730 2016 920 2086 opibus
951 2016 1261 2084 deliciisque
1291 2014 1594 2069 celebratus
1627 2023 1733 2081 est,
1770 2023 1975 2067 tantum

411 2107 826 2178 pulchritudinis
876 2106 1166 2161 artilicium
1197 2114 1528 2174 compertum
1574 2104 1762 2168 fuerit,
1791 2114 1850 2158 ut
1884 2103 1976 2158 uni

410 2215 477 2254 ex
520 2199 606 2254 his
645 2198 884 2269 pulchris
933 2197 1156 2252 ﬂoribus
1203 2212 1303 2267 par
1347 2198 1718 2250 indumentum
1778 2195 1979 2250 habere

414 2293 670 2361 potuerit.
701 2290 838 2358 Quid
862 2305 991 2358 ergo
1019 2290 1235 2352 mirum,
1273 2289 1317 2344 si
1354 2289 1446 2357 qui
1481 2290 1594 2358 agri
1631 2289 1813 2342 fenum
1843 2287 1976 2341 nulli

416 2384 493 2438 rei
528 2382 679 2443 utile,
722 2384 862 2448 quod
917 2383 1040 2452 igne
1104 2388 1484 2449 consumptum
1535 2381 1691 2450 perit,
1737 2381 1824 2449 ita;
1853 2395 1981 2434 con-

417 2475 596 2540 vestit,
611 2475 761 2528 vobis
775 2489 989 2545 quoque
1007 2473 1280 2528 sensibilia
1306 2472 1616 2529 indumenta
1647 2474 1698 2528 in
1719 2484 1980 2540 praesente

413 2566 523 2619 vita
599 2565 933 2634 providentia
995 2579 1093 2618 sua
1152 2563 1526 2634 comparabit?
1582 2592 1656 2604 —
1708 2563 1798 2618 Sic
1851 2579 1980 2634 ergo

412 2656 592 2710 omnia
630 2656 934 2727 negligere,
983 2655 1152 2710 solum
1182 2669 1313 2710 vero
1364 2670 1585 2724 regnum
1621 2655 1759 2725 (Dei)
1795 2657 1982 2724 exqui-

415 2762 536 2803 rere
583 2749 944 2818 prtecipiebat.
997 2745 1129 2801 Nam
1179 2762 1401 2816 regnum
1458 2761 1796 2816 nequaquam
1828 2763 1979 2817 qum-

419 2839 679 2903 rentibus,
714 2854 810 2893 nec
835 2839 1050 2893 virtutis
1081 2853 1268 2893 curam
1302 2839 1633 2908 gerentibus,
1674 2838 1807 2892 nihil
1839 2853 1978 2906 pra:-

417 2928 681 2982 dictorum
736 2927 1186 2996 suppeditabitur.
1251 2925 1392 2981 Solis
1432 2936 1611 2981 autem
1661 2927 1776 2982 haec
1825 2926 1983 2982 facile

417 3017 667 3082 aderunt,
695 3019 786 3088 qui
817 3032 936 3087 quae
960 3027 1085 3072 sunt
1111 3017 1205 3072 Dei
1237 3026 1454 3080 curant,
1489 3027 1651 3084 atque
1688 3025 1750 3070 ut
1782 3015 1829 3070 ei
1865 3016 1981 3084 pla-

416 3121 575 3165 ceant
621 3119 908 3181 satagunt,
973 3119 1030 3163 et
1073 3108 1354 3163 meliorum
1401 3098 1580 3162 rerum
1630 3107 1808 3161 studio
1854 3109 1985 3161 dant

415 3217 652 3271 operam.
702 3201 836 3256 Nam
885 3201 993 3257 Deo
1035 3210 1182 3273 grata
1216 3201 1554 3265 curantibus,
1603 3199 1841 3255 vicissim
1889 3214 1984 3253 cu-

418 3307 531 3346 ram
562 3293 832 3362 impendet
867 3293 1026 3347 Deus.

417 3385 464 3418 ”
494 3381 589 3436 Ubi
635 3385 773 3437 enim
809 3384 1084 3440 thesaurus
1109 3396 1274 3441 vester
1305 3394 1404 3452 est,
1439 3384 1513 3439 ibi
1542 3393 1591 3438 et
1625 3399 1719 3438 cor
1758 3392 1986 3438 vestrum

1139 3460 1256 3511 erit.

488 3543 688 3599 Natura
715 3547 914 3617 quippe
961 3558 1330 3616 comparatum
1375 3556 1496 3612 est,
1526 3555 1586 3600 ut
1618 3545 1796 3602 omnis
1827 3543 1989 3600 homo

419 3652 557 3701 rem,
602 3637 686 3690 cui
731 3639 950 3700 studet,
1003 3639 1182 3692 animo
1229 3637 1643 3706 complectatur,
1695 3646 1858 3707 atque
1915 3637 1986 3692 ibi

421 3740 653 3782 iacntem
689 3729 906 3798 deligat,
938 3728 1082 3784 unde
1116 3729 1397 3784 utilitatem
1428 3744 1488 3784 se
1514 3745 1711 3798 capere
1754 3729 1990 3784 arbitra-

422 3830 530 3872 tur.
565 3821 742 3885 Quare
766 3818 927 3875 Jesus
950 3821 1271 3876 sententiam
1311 3822 1485 3887 addit,
1533 3837 1601 3876 ne
1631 3821 1903 3876 struendis
1934 3821 1988 3875 in

421 3919 565 3964 terra
599 3911 792 3976 opibus
843 3912 1222 3967 itibtereatuus.
1274 3911 1374 3980 Qui
1419 3913 1588 3976 enim,
1637 3913 1731 3975 ait,
1786 3913 1838 3966 in
1889 3913 1989 3966 hac

421 4002 634 4055 mortali
667 4003 772 4056 vita
806 4001 1087 4057 facultates
1124 4001 1501 4072 bonorumque
1549 4003 1820 4058 cumulum
1855 4004 1986 4057 ade-

419 4101 539 4162 ptus
565 4101 670 4156 est,
699 4107 962 4162 suamque
995 4107 1146 4162 spem
1178 4093 1232 4147 in
1264 4091 1544 4164 prtesetttis
1590 4094 1711 4147 vita:
1761 4093 1990 4164 negotiis

419 4185 730 4251 collocavit,
784 4199 1007 4240 necesse
1033 4193 1118 4240 est
1146 4199 1269 4241 eum
1316 4197 1422 4239 tarn
1473 4184 1730 4255 gravibus
1761 4185 1990 4240 vinculis

419 4276 794 4350 pra~pediturn,
827 4283 1056 4329 cunctas
1095 4289 1226 4330 suas
1254 4274 1610 4344 cogitationes
1640 4284 1991 4342 mentemque

420 4381 658 4428 omnem,
685 4381 847 4436 quam
899 4363 1059 4420 Iesus
1103 4381 1200 4420 cor
1227 4365 1533 4435 appellavit,
1585 4366 1731 4420 humi
1769 4365 1992 4432 depres-

420 4471 536 4509 sam
564 4458 779 4519 habere,
831 4465 992 4524 atque
1025 4457 1222 4510 ibidem
1271 4466 1583 4511 concretam
1629 4456 1980 4510 volutantem-

2078 2016 2230 2088 παρὰ
2250 2019 2360 2076 τοῖς
2386 2015 2637 2080 παλαιοῖς
2677 2017 2768 2069 ἐπὶ
2799 2015 2960 2086 σοφία
2990 2017 3083 2068 καὶ
3110 2015 3324 2087 πλούτῳ
3354 2016 3446 2069 καὶ
3469 2019 3647 2086 τρυφῇ

2080 2107 2360 2179 βοηθέντυς
2386 2109 2654 2178 τοσαύτην
2681 2107 2970 2178 εὑρεθῆναι
3009 2107 3294 2176 φιλόκαλον
3324 2108 3544 2179 τέχνην,
3575 2106 3653 2170 ὡς

2080 2201 2161 2253 ἐνὶ
2208 2198 2314 2251 τῶν
2350 2199 2458 2252 ἀπὸ
2502 2201 2604 2270 γῆς
2647 2198 2862 2268 ὡραίων
2900 2197 3106 2251 ἀνθέων
3139 2199 3451 2269 ὁμοιότατον
3492 2198 3651 2270 περί·

2079 2290 2260 2362 ϐλημα
2296 2290 2619 2360 κτήσασθαι.
2664 2290 2732 2342 Τί
2775 2284 2867 2343 οὖν
2906 2288 3010 2360 χρὴ
3043 2289 3362 2361 θαυμάζειν,
3408 2291 3456 2342 εί
3495 2292 3524 2343 ό
3562 2290 3656 2344 τὸν

2080 2383 2267 2454 χόρτον
2297 2383 2386 2436 ’⁵οὖ
2414 2383 2583 2454 ἀγροῦ
2617 2383 2706 2436 τὸν
2732 2384 2812 2447 είς
2843 2383 2992 2436 οὐδὲν
3018 2385 3306 2455 χρήσιμον,
3338 2377 3397 2437 οὗ
3425 2383 3576 2448 τέλος
3618 2385 3654 2454 ἠ

2079 2471 2165 2524 διὰ
2200 2471 2369 2543 πυρὸς
2405 2471 2600 2541 φθορά,
2633 2471 2818 2526 τοῦτον
2857 2473 3129 2542 ἀμφιέσας
3169 2475 3259 2527 τὸν
3289 2475 3510 2548 τρόπον,
3558 2475 3656 2529 καὶ

2083 2560 2210 2630 ὑμῖν
2246 2561 2426 2624 αὐτοῖς
2464 2561 2775 2632 ἐνδυμάτων
2821 2562 3090 2633 αίσθητῶδ
3130 2563 3223 2616 ἐπὶ
3261 2563 3352 2617 τοῦ
3389 2564 3654 2635 παρόντος

2083 2653 2198 2723 βίου
2238 2657 2563 2726 προνοήσει;
2608 2689 2674 2696 -
2718 2655 2902 2720 Οὕτως
2935 2653 3025 2710 οῦν
3065 2657 3318 2710 ἁπάντων
3347 2658 3654 2729 ὀλιγωρεῖν,

2085 2746 2251 2816 μόνης
2288 2746 2345 2799 δὲ
2380 2750 2479 2818 τῆς
2525 2747 2796 2817 βασιλείας
2834 2748 3239 2818 μετατοιεῖσθαι
3281 2750 3611 2820 προσέταττε
3634 2765 3648 2778 °

2086 2838 2159 2908 μὴ
2191 2837 2298 2909 γὰρ
2328 2838 2546 2910 ζητοῦσι
2569 2840 2668 2908 τὴν
2699 2839 2943 2910 βασιλεία
3011 2843 3132 2913 μηδ’
3170 2841 3370 2914 ἀρετῆς
3399 2842 3659 2913 πρόνοιαν

2084 2928 2427 2998 ποιουμένοις
2469 2930 2620 2984 οὐδὲν
2657 2932 2764 2986 τῶν
2795 2933 3212 3004 ἐπηγεελμένων
3253 2933 3404 2987 ἔσται
3429 2951 3442 2964 ·
3477 2934 3659 3004 μόνοις

2083 3019 2140 3072 δὲ
2176 3019 2327 3073 ταῦτ’
2375 3020 2434 3085 ἐξ
2479 3022 2695 3093 ἑτοίμου
2738 3025 3070 3096 παρέσεσθαι
3098 3030 3209 3092 τοῖς
3250 3028 3550 3098 μεριμνῶσι
3590 3027 3662 3081 τὰ

2083 3109 2177 3163 τοῦ
2211 3111 2365 3178 Θεοῦ,
2389 3112 2536 3178 ὅπως
2575 3113 2640 3167 ἂν
2666 3116 2918 3187 ἀρέσαιεν
2943 3117 3114 3188 αὐτῷ,
3144 3118 3238 3171 καὶ
3264 3122 3375 3182 τοῖς
3412 3119 3539 3190 περὶ
3561 3117 3663 3189 τὴν

2088 3201 2312 3273 ζήτησιν
2354 3205 2462 3257 τῶν
2510 3208 2832 3277 κρειττόνων
2876 3210 3294 3282 ἠσχὸλημένοις·
3351 3213 3661 3284 μεριμνῶσι

2087 3291 2195 3363 γὰρ
2220 3292 2290 3346 τά
2318 3292 2398 3362 τῷ
2429 3292 2547 3365 Θεῷ
2573 3295 2721 3364 φίλα,
2754 3297 3235 3370 ἀντιμεριμνήσειν
3266 3301 3356 3353 τὸν
3396 3301 3549 3354 Θεόν.

2089 3380 2282 3434 Ὅπου
2319 3381 2430 3452 γὰρ
2457 3385 2489 3435 ό
2532 3387 2836 3464 θησαυρός
2873 3387 3061 3464 ᾐμῶν,
3095 3389 3216 3441 ἐκεῖ
3247 3389 3342 3443 καὶ
3385 3392 3422 3459 ἡ
3447 3391 3662 3450 καρδία

2680 3457 2848 3524 ὑμῶν
2868 3457 3060 3514 ἔσται.

2157 3543 2405 3608 Φυσικῶς
2435 3544 2544 3616 γάρ
2570 3548 2678 3609 πᾶς
2709 3547 2992 3618 ἄνθρωπος
3026 3551 3153 3620 περὶ
3175 3551 3204 3603 δ
3224 3551 3507 3616 σπουδάζει
3546 3552 3661 3607 διά-

2088 3650 2299 3701 κειται,
2339 3635 2502 3688 κὰκεῖ
2531 3637 2709 3690 πάντα
2749 3639 2839 3691 τὸν
2877 3639 2998 3692 νοῦν
3043 3640 3156 3711 εχει
3196 3641 3323 3694 ἔνθα
3364 3643 3660 3714 κεκτῆσθαι

2087 3724 2184 3796 τὴν
2214 3725 2482 3794 ὠφέλειαν
2517 3729 2767 3800 νενόμικε
2793 3748 2805 3760 ·
2850 3731 2938 3785 διὰ
2967 3731 3121 3785 τοῦτο
3153 3735 3249 3788 καὶ
3281 3733 3371 3787 τὸν
3404 3734 3658 3806 λογισμὸν

2089 3819 2284 3888 ἐπάγει
2311 3819 2404 3873 τοῦ
2435 3820 2509 3893 μὴ
2533 3822 2641 3876 δεῖν
2671 3824 2763 3877 ἐπὶ
2787 3823 2892 3894 γῆς
2921 3822 3287 3898 θησαυρίζειν.
3314 3828 3377 3880 Ei
3411 3828 3508 3898 μὲν
3553 3828 3663 3898 γάρ

2087 3927 2191 3973 τις,
2220 3910 2404 3980 φησιν,
2429 3914 2490 3965 ὲν
2514 3912 2592 3984 τῷ
2621 3913 2798 3987 θνητῷ
2835 3916 2936 3987 βίῳ
2969 3917 3067 3980 τὰς
3098 3920 3316 3988 κτήσεις
3355 3921 3448 3972 καὶ
3477 3922 3656 3974 πᾶσαν

2091 3999 2323 4073 ὕπαρξιν
2347 4002 2679 4074 συνείληχεν,
2707 4006 3018 4077 ἀναρτήσας
3053 4007 3220 4060 αὐτοῦ
3244 4007 3341 4079 τὴν
3371 4012 3547 4064 πᾶσαν
3575 4012 3658 4065 ἑλ-

2089 4091 2217 4144 πίδα
2254 4094 2347 4146 ἐπὶ
2389 4095 2458 4148 τά
2491 4097 2732 4167 παρόντα
2772 4096 2869 4150 τοῦ
2911 4098 3026 4173 βίου
3056 4099 3376 4170 πράγματα,
3407 4102 3464 4168 ἐξ
3493 4103 3662 4173 ἀνάγ-

2089 4201 2192 4254 κης
2239 4181 2328 4239 οἷα
2371 4186 2434 4258 δὴ
2477 4187 2694 4258 δεσμοῖς
2733 4190 3005 4256 τοσούτοις
3048 4192 3437 4264 πεπεδημένος,
3487 4196 3667 4250 πάντα

2089 4279 2180 4332 τὸν
2207 4279 2374 4333 αὐτοῦ
2405 4281 2661 4351 λογισμὸν
2692 4282 2786 4334 καὶ
2834 4284 3011 4337 πᾶσαν
3054 4284 3153 4355 τὴν
3192 4284 3462 4349 διάνοιαν,
3499 4288 3564 4359 ἣν
3600 4285 3667 4358 δὴ

2091 4371 2317 4440 καρδίαν
2345 4371 2615 4442 ὠνόμασε,
2665 4371 2818 4426 κάτω
2858 4391 2962 4426 που
3005 4375 3139 4444 πρὸς
3171 4377 3233 4447 τῇ
3281 4378 3350 4447 γῇ
3383 4376 3660 4448 κέκτηται,

2094 4463 2256 4515 κάκεῖ
2286 4463 2515 4534 φύρεται
2550 4464 2642 4516 καὶ
2683 4464 3030 4527 καλινδεῖται,
3073 4467 3200 4519 ἔνθα
3239 4467 3536 4538 κεκτῆσθαι
3574 4468 3670 4523 τὸν

420 4561 547 4614 que,
598 4547 682 4599 ubi
734 4547 1045 4602 thesaurum
1080 4562 1238 4602 suum
1285 4549 1562 4616 possidere
1590 4563 1648 4604 se
1683 4558 1852 4618 putat.
1889 4547 1981 4615 Qui

2093 4554 2258 4607 αὑτοῦ
2286 4553 2558 4627 θησαυρὸν
2587 4558 2868 4629 νενόμικεν
2889 4576 2903 4590 ο
2935 4560 2984 4611 εί
3017 4559 3073 4612 δὲ
3114 4563 3228 4624 τοῖς
3260 4561 3529 4633 οὐρανίοις
3561 4580 3668 4634 μα-

424 4652 552 4689 vero
578 4637 893 4691 cu‘leslilms
923 4640 1184 4693 doctrinis
1213 4639 1451 4693 nutritus
1498 4656 1824 4711 magnopere
1855 4653 1992 4694 sata-

423 4727 520 4793 git,
555 4737 615 4778 ut
647 4738 764 4779 vnta
813 4744 910 4782 sua
945 4744 1157 4784 sursum
1189 4729 1388 4798 erigat,
1438 4745 1694 4801 spemque
1741 4731 1793 4784 in
1832 4731 1993 4786 caele-

423 4816 594 4871 stibus
625 4821 902 4884 promissis
937 4829 1132 4888 ponat;
1183 4821 1382 4888 quique
1414 4820 1612 4875 omissa
1645 4823 1992 4875 cumulanda-

426 4924 543 4962 l'tltll
586 4910 637 4961 in
669 4919 812 4962 terra
847 4925 1006 4979 apum
1032 4912 1415 4976 sollicitudine,
1455 4928 1719 4967 summam
1753 4925 1992 4967 sectatur

424 5007 820 5066 paupertatem.
852 5008 1069 5068 totoque
1117 4999 1396 5054 animo-ad
1450 5002 1672 5056 meliora
1703 5018 1988 5066 converso,

424 5107 576 5143 suam
603 5105 714 5144 rem
744 5106 960 5146 onmem
986 5093 1038 5146 in
1063 5092 1204 5146 caelo
1236 5093 1431 5148 sistere
1461 5095 1660 5159 studet,
1683 5105 1845 5164 atque
1870 5095 1995 5150 illuc

425 5184 695 5236 fortunam
732 5183 1038 5237 universam
1070 5185 1426 5254 praemittere;
1459 5185 1651 5238 merito
1676 5187 1720 5238 is
1741 5184 1991 5254 equidem

423 5288 574 5341 spem
609 5274 881 5344 egregiam
931 5274 1056 5329 imle
1107 5273 1368 5339 lucratur,
1410 5275 1534 5342 quia
1568 5284 1799 5330 mentem
1839 5290 1992 5331 suam

424 5373 587 5434 atque
614 5365 837 5420 consilia
870 5365 1183 5421 ccelestibus
1213 5367 1378 5420 rebus
1423 5363 1680 5434 implicat.
1719 5364 1815 5420 Ubi
1847 5366 1991 5419 enirn

425 5454 736 5511 thesaurum
769 5457 951 5523 habet,
998 5457 1072 5513 ibi
1114 5472 1271 5514 mens
1316 5457 1433 5529 ejus
1483 5458 1780 5512 consistet:
1819 5459 1891 5512 ita
1937 5467 1995 5512 ut

423 5560 650 5615 corpore
690 5557 896 5604 tantum
945 5550 1152 5606 versari
1203 5550 1257 5605 in
1315 5550 1475 5604 terris
1526 5565 1647 5604 cum
1685 5549 1990 5606 hominibus

424 5637 694 5700 vldeatur,
723 5639 888 5694 animi
915 5651 1093 5696 autem
1123 5641 1174 5694 vi
1209 5641 1456 5696 caelestes
1506 5641 1664 5697 sedes
1689 5643 1796 5714 iam
1825 5658 1990 5699 occu-

423 5743 578 5798 pare.
627 5727 768 5798 Ergo
810 5746 1247 5803 unumquemquc
1303 5734 1572 5788 hominem
1623 5745 1832 5805 Oportet
1864 5750 1988 5807 spc-

495 5845 540 5878 "
571 5843 696 5899 Car.
735 5862 828 5913 xtl,
861 5849 950 5904 56.

2099 4649 2165 4720 θή
2175 4668 2336 4720 μασιν
2363 4653 2646 4723 ἐντραφεὶς
2678 4655 2853 4708 πάντα
2881 4656 3127 4726 πράττοι,
3156 4656 3248 4709 τδν
3275 4655 3440 4709 αὑτοῦ
3467 4654 3666 4707 σκοπὸν

2097 4742 2209 4795 ἄνω
2241 4744 2714 4813 προσαναρτήσας,
2752 4745 2846 4798 καὶ
2883 4746 2982 4815 τὴν
3021 4746 3210 4799 ἐλπίδα
3249 4746 3409 4816 ῥίψας
3439 4747 3530 4799 ἐπὶ
3568 4745 3666 4807 τάς

2096 4835 2380 4904 οὐρανίους
2415 4835 2764 4904 ἐπαγγελίας,
2795 4837 2890 4890 τοῦ
2924 4835 3022 4907 μὲν
3058 4835 3308 4904 συνάγειν
3329 4837 3421 4888 ἐπὶ
3441 4836 3546 4905 γῆς
3578 4836 3667 4888 οὐ·

2097 4926 2287 4996 δεμίαν
2323 4927 2645 4998 ποιούμενος
2684 4931 2970 5000 φροντίδα,
3005 4931 3102 5002 τὴν
3149 4929 3325 5000 ἄκραν
3363 4927 3417 4982 δὲ
3469 4927 3671 4998 μετιὼν

2097 5015 2501 5087 άκτημοσΰνην,
2531 5019 2622 5070 καὶ
2659 5017 2776 5081 ὅλος
2805 5021 3084 5090 γινόμενος
3114 5018 3249 5089 πρὸς
3280 5021 3393 5081 τοῖς
3428 5019 3668 5090 κρείττο-

2102 5122 2206 5169 σιν,
2243 5109 2302 5160 ὲν
2339 5108 2554 5179 οὐρανῷ
2579 5126 2637 5162 τε
2677 5108 2852 5164 πάντα
2890 5111 3158 5178 συνάγειν,
3195 5109 3357 5163 κάκεῖ
3387 5108 3476 5161 τὸν
3500 5108 3665 5162 αὐτοῦ

2100 5195 2325 5249 πλοῦτον
2375 5199 2758 5269 ταμιεύεσθαι,
2797 5201 2890 5252 καὶ
2924 5202 3104 5253 πᾶσαν
3132 5199 3230 5270 τὴν
3273 5198 3506 5271 ὕπαρξιν
3554 5200 3669 5252 ἐκεῖ

2101 5287 2448 5358 προπέμπειν
2474 5288 2785 5354 σπουδάζων
2804 5306 2818 5320 ο
2846 5288 3066 5352 εἰκότως
3092 5291 3121 5342 ό
3148 5289 3386 5350 τοιοῦτος
3419 5288 3578 5341 δνοιτ’
3601 5286 3667 5341 ἂν

2099 5377 2347 5434 ἐντεῦθεν
2375 5380 2473 5450 τῆς
2495 5379 2704 5451 ἀγαθῆς
2726 5381 2958 5446 ἐλπίδος,
2985 5382 3061 5453 τῷ
3083 5382 3180 5453 τὴν
3203 5381 3439 5435 διάνοιαν
3462 5380 3666 5433 καὶτὸν

2097 5468 2357 5540 λογισμὸν
2396 5471 2625 5524 οἰκειοῦν
2667 5473 2858 5527 ἑαυτοῦ
2899 5477 3011 5537 τοῖς
3055 5471 3358 5545 οὐρανίοιςο
3395 5469 3522 5524 ἔνθα
3561 5471 3668 5539 γὰρ

2100 5558 2210 5629 ἔχει
2235 5561 2324 5613 τὸν
2353 5560 2644 5634 θησαυρὸν,
2667 5565 2780 5618 ἐκεῖ
2811 5566 2906 5618 καὶ
2935 5565 3034 5636 τὴν
3055 5565 3294 5619 διάνοιαν
3320 5563 3428 5628 ἕξει
3446 5579 3459 5592 °
3487 5561 3562 5626 ὼς
3585 5561 3672 5614 δο-

2098 5653 2212 5703 κεῖν
2249 5652 2344 5721 μὲν
2364 5653 2456 5707 ἐπὶ
2483 5655 2585 5728 γῆς
2616 5659 3031 5730 παρεπιδημεῖν,
3061 5658 3153 5712 καὶ
3185 5657 3262 5728 τῷ
3286 5657 3497 5728 σώματι
3524 5655 3670 5726 μόνῳ

2102 5746 2336 5797 συνεῖναι
2385 5746 2712 5819 ἀνθρώποις,
2764 5754 2828 5824 τῇ
2877 5751 2934 5806 δὲ
2973 5751 3196 5822 δυνάμει
3243 5749 3342 5815 τὰς
3386 5748 3668 5821 οὐρανίοκ
