3968 6512
1355 392 1358 395 ’
1435 419 1932 479 οοιιιιεατιιιιιΑ
1969 423 2035 479 IN
2076 423 2332 483 LUCAM.

3418 429 3522 486 563

261 520 366 616 ήδη
403 521 694 596 διατριϐὰς
729 529 999 598 μετιέναι·
1036 533 1174 587 ὥστε
1219 535 1331 591 ἄνω
1371 539 1588 609 βλέπειν
1620 543 1718 606 δεῖ,
1755 544 1835 597 καἸ

1949 554 2096 601 ctare
2128 560 2379 614 superna,
2434 562 2606 616 eoque
2634 562 2782 616 spem
2840 546 3108 616 dirigere'.
3146 546 3250 600 ubi
3306 547 3522 600 thesau-

260 613 362 677 τὰς
425 616 650 684 ἐλπίδας
703 620 864 692 ἔχειν,
902 625 1035 678 ὅπου
1094 629 1188 681 καὶ
1228 630 1318 683 τὸν
1365 631 1634 706 θησαυρὸν
1683 638 1845 690 αὐτοῦ

263 710 630 780 συναγήοχεν.

258 799 382 886 Καὶ,
415 804 588 886 ὑμεῖς
620 804 807 885 ὅμοιοι
849 810 1180 886 ἀνθρώποις
1209 815 1715 886 προσδεχομένοις
1744 821 1851 874 τὸν

306 873 532 937 κύριον
563 873 812 942 ἑαυτῶν,
850 873 995 935 ποτε
1018 873 1310 938 duritia-st
1340 885 1408 939 ἐκ
1434 873 1550 940 iis}
1579 873 1798 958 γάμων.

345 959 442 1011 Ἐν
475 962 682 1032 ἑτέροις
721 966 818 1037 ἤδη
860 969 1066 1034 ἐδίδαξε
1108 972 1236 1044 περὶ
1272 975 1379 1028 τῶν
1416 976 1610 1047 γάμων
1645 978 1846 1033 εἰπών’

268 1049 566 1122 Ὡμοιώθη
601 1058 637 1123 ἡ
657 1057 945 1120 ,ϐασιλεία
979 1060 1095 1116 τῶν
1124 1065 1395 1134 οἰφανῶν
1421 1067 1707 1135 ἀνθρώπῳ
1731 1070 1849 1134 ,βα-

254 1145 444 1205 σιλεῖ,
488 1147 557 1214 ὃς
591 1150 840 1218 ἐποίησε
889 1155 1116 1224 γάμους
1150 1157 1229 1224 τῷ
1256 1157 1363 1224 vlg")
1399 1160 1603 1216 αὐτοῦ.
1643 1161 1728 1224 Ὠς
1757 1158 1850 1217 οὗν

255 1235 359 1308 ήδη
417 1238 532 1292 τῶν
575 1241 768 1312 γάμων
807 1246 1184 1316 γεγενημένων
1209 1287 1224 1310 ,
1265 1249 1358 1302 καὶ
1403 1249 1497 1303 τοῦ
1549 1252 1848 1322 συμποσίου

254 1326 657 1395 τελεσθέντος,
710 1335 984 1390 ἐπάνεισιν
1041 1338 1069 1389 ὁ
1117 1337 1306 1411 κύριος
1355 1341 1446 1393 ἐπὶ
1501 1343 1626 1405 τοὺς
1683 1344 1851 1415 ἐγρη-

252 1419 500 1488 γορότας
554 1421 808 1490 δούλους,
863 1427 944 1490 οἳ,
1003 1427 1221 1483 ἐπειδὰν
1278 1431 1542 1502 ἀφίκηται
1599 1433 1760 1498 αὐτὸς
1821 1435 1850 1487 ὁ

252 1510 500 1578 νυμφίος
572 1512 670 1584 τήν
746 1515 1057 1588 παράληψιν
1113 1519 1212 1590 τῆς
1278 1518 1494 1592 νύμφης
1558 1523 1852 1595 ποιησόμε-

251 1614 382 1661 νος,
431 1600 732 1670 κρούσαντι
773 1605 920 1676 αύτῷ
971 1608 1070 1678 τὴν
1119 1609 1216 1679 τῆς
1255 1609 1434 1682 ψυχῆς
1473 1611 1672 1685 θύραν,
1713 1615 1850 1667 ἑτοι-

256 1693 480 1762 μότατα
533 1696 902 1752 ὑπακούσωσι
967 1702 1061 1755 καὶ
1120 1703 1388 1768 ἁνοίξουσι
1413 1744 1427 1770 ,
1500 1705 1590 1759 διὰ
1648 1707 1848 1772 παντὸς

251 1786 668 1858 ἐγρηγορότες,
726 1793 817 1844 καὶ
887 1793 982 1865 τήν
1033 1795 1198 1850 αὐτοῦ
1262 1798 1560 1869 παρουσίαν
1628 1799 1845 1870 ἐκδεχό-

1956 652 2071 690 rum
2103 652 2258 690 suum
2286 636 2395 707 jam
2433 639 2724 692 acervtvit.

1950 814 1995 844 ⁸³
2027 815 2091 868 Et
2128 832 2214 869 vos
2249 815 2441 867 similes
2471 817 2766 869 hominibus
2807 819 3221 885 exspectantibus
3251 817 3519 872 dominum

2221 901 2371 937 suum
2402 888 2611 954 quando
2649 897 2936 940 revertatur
2964 905 2996 939 a
3027 888 3239 955 nuptiis.

2019 973 2136 1027 Jatn
2179 974 2304 1028 alibi
2341 974 2523 1029 docuit
2560 990 2681 1028 cum
2716 977 2780 1028 de
2814 975 3016 1044 nuptiis
3054 977 3302 1029 diceret:
3340 973 3521 1029 Simile

1949 1077 2022 1119 est
2058 1081 2270 1131 regnum
2311 1063 2557 1118 caelorum
2608 1065 2808 1117 homini
2857 1065 2995 1133 regi,
3026 1066 3115 1134 qui
3157 1065 3276 1132 fecit
3315 1066 3521 1132 nuptias

1954 1156 2064 1225 [ilio
2101 1171 2197 1208 suo
2220 1157 2288 1208 ".
2325 1154 2604 1225 Tanquam
2639 1155 2800 1225 igitur
2850 1157 3083 1224 peractis
3129 1155 3347 1224 nuptiis,
3389 1171 3521 1210 con-

1950 1248 2200 1318 vivioque
2229 1247 2495 1312 absoluto,
2528 1247 2668 1302 redit
2705 1247 2955 1301 dominus
2988 1248 3054 1299 ad
3089 1262 3276 1302 servos
3308 1247 3520 1318 vigiles,

1949 1339 2042 1409 qui
2083 1353 2282 1407 sponso
2311 1340 2376 1394 ad
2411 1339 2728 1393 sumendam
2759 1338 2859 1392 sibi
2901 1353 3154 1408 sponsam
3185 1339 3519 1405 adventanti,

1948 1439 2003 1486 et
2039 1445 2182 1485 nunc
2224 1430 2337 1498 jam
2374 1429 2570 1484 anima:
2620 1429 2767 1484 fores
2801 1427 3067 1498 pulsanti,
3120 1431 3524 1499 promptissime

1950 1523 2426 1593 tuorigernbuntur
2483 1533 2646 1590 atque
2683 1521 2966 1590 aperient,
3024 1531 3312 1590 propterea
3380 1524 3520 1590 quod

1949 1623 2209 1684 perpetuo
2241 1611 2451 1682 vigiles,
2485 1611 2776 1666 adventum
2807 1611 2925 1682 ejus
2953 1612 3247 1681 przestolati
3286 1613 3518 1668 fuerant.

1948 1708 2036 1760 Ait
2071 1706 2276 1774 igitur:
2313 1703 2466 1756 Beati
2514 1705 2650 1758 servi
2699 1703 2810 1769 illi,
2857 1720 2987 1770 quos
3027 1705 3234 1758 veniens
3269 1707 3523 1760 invenerit

1947 1797 2220 1868 vigilantes
2243 1797 2308 1850 ".
2342 1795 2537 1863 Quidni
2570 1811 2698 1848 vero
2735 1796 2788 1848 hi
2825 1794 2986 1856 beati,
3014 1795 3104 1863 qui
3143 1805 3343 1850 tantum
3382 1811 3524 1852 mer-

253 1895 431 1969 μενοι.
480 1882 753 1951 Ἐπιλέγει
787 1884 916 1953 γοῦν
935 1905 948 1917 ’
972 1888 1258 1958 Μακάριοι
1298 1893 1353 1944 oi
1377 1881 1584 1946 δοῦλοι
1606 1893 1835 1958 ἐκεῖνοι¹

1949 1892 2134 1944 cedem
2168 1889 2392 1944 relaturi
2430 1887 2630 1942 erant?
2657 1888 2823 1956 Igitur
2853 1904 2978 1943 cum
3017 1899 3357 1943 sacramento
3393 1903 3522 1944 cou-

248 1968 361 2034 οὓς
402 1971 607 2025 ἐλθὼν
636 1973 880 2043 εὑρήσει
913 1981 1370 2048 γρηγοροῦντας.
1422 1985 1531 2038 Καὶ
1581 1985 1697 2049 πῶς
1732 1987 1840 2059 γὰρ

248 2061 310 2112 ού
343 2064 616 2133 μακάριοι
644 2068 690 2118 οἱ
720 2067 989 2139 τοσαύτης
1026 2071 1310 2140 μέλλοντες
1337 2073 1733 2148 ἁξιωθήσεσθαι
1761 2096 1844 2131 τι-

251 2153 397 2223 μῆς;
452 2156 784 2227 Ἑπόμνυται
816 2159 944 2227 γοῦν
974 2163 1157 2228 αὐτοῖς
1186 2166 1408 2234 φάσκων
1427 2186 1441 2198 θ
1484 2169 1668 2239 Ἀμὴν
1688 2172 1843 2241 λέγω

248 2245 417 2313 ὑμῖν,
451 2246 545 2300 ὅτι
579 2249 952 2318 περιζώσεται
989 2255 1087 2307 καὶ
1119 2257 1680 2328 ἀι·ακ.1ινεῖαὺτοὺς
1701 2302 1714 2324 ,
1743 2263 1844 2316 καὶ

245 2339 578 2406 παρελθὼν
615 2341 963 2410 διακονήσει
995 2347 1217 2414 αὐτοῖς.
1253 2350 1429 2405 Νυκτὶ
1460 2352 1516 2405 δὲ
1559 2355 1844 2424 παραϐάλ-

247 2432 357 2486 λων
389 2435 493 2487 τδν
541 2434 881 2508 ἀνθρώπινον
918 2437 1050 2508 βίον,
1095 2437 1172 2504 ὡς
1220 2440 1435 2510 ἀληθῶς
1486 2445 1710 2510 σκότους
1747 2448 1842 2500 καὶ

243 2527 484 2596 ἀγνοίας
505 2530 726 2592 οἰκεῖον,
750 2530 1024 2602 διαφόροις
1051 2531 1336 2600 φυλακαῖς,
1368 2536 1644 2590 τουτέστιν
1672 2536 1844 2609 ὥραις

247 2623 342 2674 καὶ
364 2625 586 2693 καιροῖς
604 2623 702 2693 τῆς
728 2623 940 2687 νυκτὸς,
962 2625 1050 2678 τὸν
1071 2625 1165 2696 τῆς
1180 2626 1524 2699 ἀνθρωπίνης
1539 2628 1685 2699 ζωῆς
1706 2647 1844 2702 παρ-

245 2712 468 2776 εικάζει
507 2712 728 2784 χρόνον⁸
765 2716 821 2767 ὲν
860 2707 904 2781 ᾧ
947 2715 1072 2779 τοὺς
1114 2715 1200 2769 διὰ
1246 2718 1444 2781 παντὸς
1475 2720 1842 2791 ἐγρηγορότας

246 2801 334 2856 διὰ
366 2802 435 2855 τὸ
471 2801 665 2872 ἄδηλον
693 2804 793 2874 τῆς
821 2805 1050 2858 ἑκάστου
1077 2806 1331 2878 τελευτῆς
1370 2810 1672 2880 μακαρίους
1706 2812 1843 2864 ἀπο-

247 2893 474 2960 φαίνει·
525 2893 729 2964 ταύτης
777 2895 834 2948 δὲ
883 2897 982 2966 τῆς
1024 2898 1340 2968 προτροπῆς
1393 2899 1476 2962 τίς
1533 2901 1600 2953 ἂν
1643 2902 1838 2970 γένοιτ’

245 2984 541 3056 ἀνωτέρα,
592 2986 626 3056 ἢ
679 2987 770 3039 τὸν
820 2987 1086 3057 δεσπότην
1140 2990 1474 3058 ἐπήγγελται
1523 2993 1685 3046 αὐτὸν
1728 2997 1841 3059 τοῖς

243 3075 462 3140 δούλοις
477 3078 834 3150 διακονήσειν,
851 3081 976 3145 τοὺς
992 3081 1047 3134 δὲ
1067 3080 1288 3145 δούλους
1308 3084 1759 3157 ἁνακλιθήσεσθαι
1783 3089 1839 3140 ἐν

247 3171 313 3240 τῇ
346 3169 596 3241 βασιλείᾳ
623 3171 807 3237 αὐτοῦ,
834 3173 1081 3226 τουτέστι
1104 3173 1561 3246 διαναπαύσεσθαι
1585 3195 1600 3243 ;
1629 3179 1840 3250 Προϊὼν

1948 1981 2164 2036 linunt:
2200 1981 2364 2035 Amen
2395 1983 2511 2036 dico
2548 1981 2708 2045 vobis,
2738 1982 3142 2050 prwcincturum
3175 1996 3248 2042 se,
3293 1981 3521 2035 discum-

1946 2073 2181 2126 bentibus
2216 2073 2345 2138 illis,
2377 2082 2426 2126 et
2462 2080 2818 2126 transeuntem
2844 2072 3036 2124 eisdem
3069 2070 3514 2127 ministraturum.

1944 2163 2101 2218 Nocti
2149 2175 2328 2220 autem
2371 2179 2695 2234 comparans
2735 2167 3026 2221 humanam
3063 2171 3260 2233 vitam,
3308 2183 3404 2222 ceu
3439 2183 3523 2220 re-

1945 2271 2074 2326 apse
2105 2258 2340 2314 tenebris
2366 2269 2420 2313 et
2468 2259 2677 2314 inscitia
2721 2259 3134 2323 circumfusam,
3179 2259 3411 2314 diversis
3442 2261 3524 2311 vi-

1943 2350 2122 2419 giliis,
2165 2349 2218 2404 id
2252 2359 2336 2406 est
2381 2350 2532 2406 horis
2577 2351 3016 2421 temporibusque
3065 2352 3368 2416 nocturnis,
3419 2351 3522 2405 bu-

1945 2456 2118 2496 manaa
2146 2442 2269 2496 vita:
2311 2441 2542 2511 spatium
2576 2441 2882 2498 assimilat:
2917 2445 2970 2496 in
3021 2457 3130 2512 quo
3177 2443 3220 2496 si
3261 2442 3353 2511 qui
3401 2441 3522 2494 sine

1945 2534 2134 2604 requie
2173 2535 2431 2605 vigilant,
2494 2544 2718 2605 propter
2765 2533 2944 2588 obitus
3003 2533 3269 2588 incertum
3313 2548 3524 2593 casum,

1943 2627 2132 2682 beatos
2159 2641 2254 2682 eos
2285 2625 2540 2696 appellat.
2566 2624 2686 2680 Jam
2719 2625 2822 2681 bac
2864 2625 3246 2683 adhortatione
3273 2642 3520 2695 quaenam

1941 2717 2224 2772 sublimior
2267 2732 2387 2772 esse
2439 2717 2650 2787 potest‘,
2693 2733 2799 2787 qua
2835 2717 3092 2772 nimirum
3145 2719 3397 2771 dominus
3429 2717 3514 2772 di-

1941 2811 2083 2864 citur
2114 2807 2286 2864 servis
2324 2808 2438 2862 suis
2471 2807 2903 2877 ministraturus,
2937 2810 2990 2864 bi
3041 2820 3223 2863 autem
3277 2810 3328 2862 in
3380 2809 3522 2863 illius

1943 2914 2110 2969 regno
2150 2899 2480 2964 recubituri,
2531 2901 2584 2954 id
2633 2907 2716 2954 est
2770 2900 2956 2969 requie
3008 2900 3271 2970 ponturi?
3322 2898 3521 2953 Deinde

1943 3004 2130 3043 rursus
2183 2989 2507 3058 promissum
2556 2989 2696 3045 idem
2740 2989 3012 3056 firmavit,
3062 3007 3182 3045 cum
3240 2990 3524 3060 discipulis

1942 3081 2122 3135 dixit:
2171 3078 2284 3151 Ego
2335 3092 2510 3135 autem
2543 3083 2596 3135 in
2653 3083 2823 3136 medio
2872 3082 3031 3138 vestri
3073 3099 3190 3137 sum
3240 3082 3379 3136 sicut
3427 3082 3520 3151 qui

1942 3175 2226 3228 ministrat.
2270 3171 2371 3228 Vos
2409 3174 2596 3244 quippe
2629 3179 2752 3228 estis
2792 3174 2882 3244 qui
2921 3174 3288 3241 permansistis
3318 3189 3520 3228 mecum

242 3260 290 3314 δ’
320 3259 486 3326 αὖθις
519 3263 618 3336 τὴν
659 3264 826 3336 αὐτὴν
855 3265 1309 3338 ὲπισιρραγίζεται
1358 3270 1688 3340 ἐπαγγελίαν
1717 3273 1835 3336 τοῖς

1942 3265 1996 3318 in
2040 3266 2415 3320 tentationibus
2456 3267 2584 3320 meis
2622 3283 2639 3321 :
2675 3277 2723 3320 et
2769 3282 2859 3338 ego
2899 3266 3118 3336 dispono
3169 3266 3344 3331 vobis,
3382 3265 3521 3319 sicut

247 3355 532 3426 μαθηταῖς
554 3355 724 3425 λέγων
745 3373 758 3387 ·
807 3358 947 3427 Ἐγὼ
982 3357 1033 3412 δ’
1076 3360 1146 3412 ἐν
1168 3359 1338 3429 μέσῳ
1368 3361 1534 3432 ὑμῶν
1556 3365 1672 3434 ειμι
1695 3365 1775 3430 ὠς
1804 3367 1837 3418 ό

245 3446 570 3502 διακονῶν.
608 3449 801 3518 Ὑμεῖς
819 3450 888 3505 δέ
915 3451 1055 3507 ἐστε
1096 3454 1150 3507 οι
1193 3451 1687 3524 διαμεμενηκότες
1706 3455 1836 3525 μετ’

245 3538 397 3608 ἐμοῦ
419 3539 489 3593 ἐν
505 3539 627 3606 τοῖς
639 3542 990 3613 πειρασμοῖς
999 3561 1139 3612 μουο
1159 3545 1318 3614 κάγὼ
1331 3547 1655 3617 διατίθεμαι
1673 3548 1832 3618 ὑμῖν,

247 3635 380 3687 καθ’
419 3631 458 3687 d
502 3633 727 3690 διέθετό
764 3655 866 3706 μοι
891 3641 924 3691 ό
947 3637 1147 3706 Πατήρ
1167 3657 1306 3708 μου,
1351 3641 1713 3704 ,ϐασιλειαν
1755 3642 1834 3694 ἵν’

243 3723 496 3790 ἐσθίητε
525 3725 621 3778 καὶ
661 3726 872 3794 πίνητε
905 3726 1002 3781 ἐπὶ
1038 3727 1145 3796 τῆς
1189 3729 1476 3798 τραπέζης
1495 3748 1615 3800 μου
1643 3732 1713 3786 ἐν
1758 3731 1833 3800 τῇ

239 3815 542 3883 ,βασιλείᾳ
563 3835 700 3888 μου.
736 3818 1002 3889 Τοιαύτης
1033 3819 1310 3887 τεύξονται
1342 3822 1740 3892 μακαριότητος
1783 3825 1832 3876 οῐ

245 3907 451 3972 δοῦλοι,
493 3907 584 3972 οὓς
617 3908 785 3963 ἐλθὼν
825 3911 853 3962 ὁ
898 3911 1099 3984 Κύριος
1127 3913 1346 3984 εὑρήσει
1387 3914 1828 3988 γρηγοροῦντας·

246 4000 397 4055 κατὰ
418 4001 528 4073 γὰρ
551 4001 641 4054 τόν
671 4002 862 4075 θνητὸν
895 4004 1080 4058 τοῦτον
1113 4005 1245 4076 βίον,
1283 4006 1377 4060 ᾶτε
1417 4007 1605 4072 παῖδες
1637 4008 1714 4062 ἔτι
1741 4009 1830 4062 δν-

245 4109 335 4156 τες
369 4095 466 4146 καὶ
506 4097 708 4165 νήπιοι,
741 4097 834 4149 καὶ
863 4099 1028 4167 μήπω
1065 4099 1158 4151 τού
1194 4099 1479 4170 νυμςςῶνος
1517 4100 1827 4173 ἠξιωμένοι,

247 4185 330 4236 ἐπ’
368 4185 674 4256 ἀλλοδαπῆς
718 4187 762 4241 δ’
801 4187 1110 4254 οἰκοῦντες,
1139 4191 1232 4244 ᾰτε
1262 4189 1400 4256 ξένοι
1434 4191 1543 4244 τῶν
1575 4192 1828 4259 ἐνταῦθα,

247 4276 341 4328 καὶ
378 4275 771 4347 παρεπίδημοι,
803 4278 895 4331 καὶ
928 4280 1031 4333 ὑπὸ
1074 4281 1439 4351 παιδαγωγοῖς
1486 4284 1580 4337 καὶ
1615 4286 1830 4355 ἐπιτρό-

246 4383 374 4432 ποις
412 4369 862 4440 ἁνατρεφόμειιοι,
889 4371 988 4425 ούκ
1022 4367 1166 4443 εἶχον
1203 4374 1431 4428 πάντοτε
1471 4374 1562 4427 τὸν
1599 4375 1829 4446 νυμφίον

249 4460 370 4528 μεθ’
410 4462 638 4515 ἑαυτῶν.
690 4463 782 4516 Διὸ
825 4465 920 4517 καὶ
961 4465 1278 4536 ὲνήστευον,
1316 4465 1496 4530 καθὼς
1543 4463 1696 4520 εἶπεν
1746 4468 1828 4520 ὅτι

244 4553 545 4623 ἀρθήσεται
592 4554 689 4606 ἀπ’
735 4555 912 4608 αὐτῶν
962 4557 989 4609 ὁ
1025 4556 1273 4628 νυμφίος,
1305 4557 1397 4610 καὶ
1440 4557 1561 4610 τότε
1599 4558 1827 4628 νηστεύ-

248 4658 454 4698 σουσιν.
525 4644 662 4697 Ἀλλ’
723 4647 814 4698 ὲπὶ
862 4646 1007 4700 τέλει
1067 4649 1404 4718 αὐξήσαντας
1471 4649 1668 4714 αὐτοὺς
1734 4650 1829 4704 καὶ

243 4735 630 4800 τελειωθέντας
665 4737 1080 4810 παραλήψεσθαι
1115 4740 1508 4809 ἐπαγγέλλεται
1532 4784 1548 4808 ,
1603 4743 1695 4795 καὶ
1747 4743 1826 4808 είς

241 4828 332 4882 τὸν
366 4827 534 4882 αὑτοῦ
581 4831 916 4897 συνεισάξειν
949 4831 1244 4902 νυμφῶνα·
1282 4834 1371 4886 ὅτε
1402 4835 1496 4886 καὶ
1532 4832 1824 4898 ἀνακλίνας

1938 3357 2194 3426 disposuit
2237 3359 2365 3411 mihi
2402 3357 2557 3413 l’atei
2600 3375 2770 3424 meus,
2805 3376 3054 3429 regnum;
3095 3369 3152 3413 ut
3194 3359 3520 3413 manducetis

1938 3461 2090 3519 atque
2138 3449 2325 3504 bibatis
2373 3451 2438 3504 de
2475 3467 2590 3504 mea
2629 3467 2804 3505 mensa
2847 3451 2902 3503 in
2945 3466 3102 3520 regno
3149 3466 3261 3504 meo
3284 3449 3354 3504 “.
3405 3447 3520 3503 Hac

1937 3542 2211 3611 potientur
2258 3543 2516 3596 beatitate
2544 3540 2711 3606 servi,
2757 3557 2894 3611 quos
2930 3540 3192 3596 Dominus
3238 3541 3518 3610 vigilantes

1937 3631 2223 3688 invenerit.
2256 3632 2499 3704 Namque
2538 3632 2591 3686 in
2641 3631 2742 3688 bac
2775 3633 2990 3688 mortali
3041 3633 3181 3699 vita,
3229 3648 3326 3687 ceu
3366 3632 3516 3704 pueri

1934 3723 2110 3781 adhuc
2156 3736 2210 3781 et
2240 3725 2476 3780 infantes
2499 3734 2555 3780 et
2586 3725 2822 3780 nondum
2861 3725 3086 3795 nuptiali
3139 3726 3385 3798 conclavi
3437 3724 3518 3778 di-

1933 3817 2053 3886 gni,
2094 3819 2188 3872 sed
2223 3817 2456 3874 alienam
2491 3817 2655 3871 veluti
2694 3816 2969 3887 regionem
3008 3816 3329 3883 incolentes,
3362 3815 3517 3885 quasi

1933 3909 2202 3978 peregrini
2233 3909 2452 3978 quidam
2480 3922 2534 3962 et
2558 3909 2801 3974 advenas,
2826 3917 2880 3963 et
2911 3907 3010 3962 sub
3045 3909 3312 3962 tutoribus
3338 3909 3518 3961 adhuc

1932 4010 1988 4057 et
2029 4002 2376 4056 curatoribus
2427 4001 2687 4064 enutriti,
2729 4015 3071 4070 nequaquam
3121 4000 3303 4070 sponsi
3353 3999 3512 4070 pleno

1931 4093 2208 4147 consortio
2253 4092 2560 4147 utebantur.
2607 4092 2786 4159 Quare
2832 4092 3169 4162 jejunabant,
3223 4102 3509 4161 propterea

1931 4186 2074 4256 quod
2127 4185 2258 4255 ipsis
2295 4186 2498 4241 dictum
2551 4194 2728 4249 esset,
2775 4185 2890 4239 fore
2941 4193 2998 4238 ut
3044 4198 3278 4254 sponsus
3331 4183 3399 4238 ab
3448 4184 3513 4235 iis

1930 4278 2258 4343 auferretur,
2296 4287 2352 4332 et
2389 4288 2500 4332 tum
2546 4275 2945 4348 jejunarent".
2995 4278 3379 4333 Verumtamen
3422 4276 3511 4329 ubi

1930 4371 1984 4427 in
2021 4372 2316 4439 perlectam
2358 4380 2573 4426 aetatem
2605 4373 2900 4438 creverint,
2946 4377 3286 4440 recepturum
3331 4384 3390 4425 se
3418 4384 3513 4423 eos

1929 4463 2195 4534 spondet,
2244 4472 2406 4533 atque
2459 4465 2510 4520 in
2559 4480 2718 4520 suum
2763 4465 3019 4520 conclave
3057 4465 3346 4519 ducturum
3395 4481 3410 4518 :
3450 4479 3515 4518 ac

1934 4565 2045 4610 tum
2080 4557 2146 4614 iis
2195 4557 2661 4613 discumbentibus
2699 4557 3130 4613 ministraturum
3177 4574 3192 4611 :
3243 4558 3335 4627 qui
3387 4573 3512 4626 per-

1933 4656 2090 4717 petua
2128 4649 2520 4704 consuetudine
2544 4650 2663 4721 ejus
2688 4647 2800 4718 jam
2831 4650 3009 4720 potiti,
3040 4647 3243 4703 diutius
3291 4663 3397 4704 non
3428 4647 3514 4719 je-

1926 4739 2228 4808 junabunt,
2259 4742 2354 4796 sed
2385 4741 2661 4797 laboribus
2685 4742 2936 4810 relaxati,
2964 4740 3279 4797 coelestibus
3306 4738 3512 4795 deliciis

1931 4833 2296 4903 perfruentur.

242 4924 457 4987 αὐτοὺς,
490 4923 799 4996 διακονήσει
831 4927 1042 4989 αὐτοῖς·
1066 4928 1114 4979 οἱ
1145 4927 1222 4991 δὲ,
1256 4927 1502 4990 συνόντες
1535 4927 1682 4998 αὐτῷ
1707 4927 1813 4992 ἀεὶ,
1845 4926 2026 4980 οὐκέτι
2075 4924 2482 4995 νηστεύσουσιν,
2525 4924 2660 4980 ἀλλὰ
2708 4928 3136 4997 διαπαυσαμενοι
3168 4925 3276 4978 τῶν
3337 4925 3517 4994 καμα-

240 5035 367 5081 των,
398 5018 502 5090 τῆς
533 5021 784 5090 οὐρανίου
814 5022 1027 5092 τρυφῆς
1059 5021 1470 5077 ἀπολαύσουσιν.

235 5116 301 5170 El
331 5117 460 5187 ᾔδει
503 5121 534 5171 ό
567 5117 997 5188 οἰκοδεσπότης
1027 5121 1167 5188 ποίᾳ
1203 5119 1322 5189 ὥρᾳ
1351 5125 1383 5176 ὀ
1411 5120 1674 5190 κλέπτης
1713 5121 1808 5190 ἕρ-

931 5208 1112 5258 χεται.

307 5279 407 5333 Δια
440 5279 698 5335 πλειόνων
731 5283 919 5353 νήφειν
951 5284 1045 5336 καὶ
1078 5283 1437 5356 ἐγρηγορέναι
1470 5285 1601 5354 ἡμῖν
1638 5298 1816 5354 παρα-

242 5371 549 5438 κελεύεται,
577 5373 639 5426 ού
673 5373 830 5444 μόνον
867 5373 954 5428 διὰ
987 5376 1086 5446 τὴν
1119 5376 1321 5447 ἀθρόαν
1351 5377 1445 5430 καὶ⁸
1477 5375 1817 5447 ἀπροσδόκη-

240 5475 328 5516 τον
372 5462 553 5532 ἄςριξιν
593 5465 695 5534 τῆς
739 5466 956 5538 ἡμέρας
1003 5468 1240 5538 Κυρίου,
1287 5467 1425 5521 ἀλλὰ
1458 5470 1552 5522 καὶ
1591 5467 1681 5521 διὰ
1725 5467 1818 5521 τὸν

243 5551 476 5625 κλέπτην
507 5555 597 5609 τὸν
641 5559 756 5620 τοῖς
797 5558 936 5612 κατὰ
995 5558 1125 5612 Θεὸν
1173 5559 1444 5624 πλουσίοις
1486 5559 1581 5614 καὶ
1619 5560 1818 5613 οἰκοδε-

246 5645 466 5712 σπὸταις
511 5649 886 5722 ἐφεδρεύοντα.
937 5648 1105 5716 Οὗτος
1149 5653 1206 5706 δέ
1251 5655 1398 5708 ἐστιν
1441 5657 1468 5708 ὁ
1501 5655 1689 5728 καιρὸς
1716 5655 1816 5725 τῆς

310 5780 520 5855 "ﬁse.
546 5799 646 5852 ιιι,
681 5787 765 5840 '56.
839 5789 888 5822 ’⁵
927 5786 1116 5843 ΜιιιιΙι.
1149 5805 1292 5855 xxu,
1323 5791 1374 5844 ξι..

245 5865 339 5920 xu,
371 5852 458 5908 59.
1171 5891 1174 5894 ι

1457 5794 1503 5825 θ’
1538 5793 1670 5849 Luc.
1700 5810 1772 5849 sit
1796 5803 1893 5859 57.

1915 5119 1961 5152 "
1986 5117 2046 5174 Si
2076 5120 2227 5173 sciret
2253 5118 2645 5188 paterfamilias
2674 5135 2777 5190 qua
2801 5120 2932 5172 liora
2969 5119 3056 5186 fur
3083 5129 3329 5172 venturus
3356 5127 3511 5189 esset.

1993 5281 2176 5336 Multis
2216 5282 2281 5336 de
2311 5281 2493 5338 causis
2540 5280 2679 5352 frugi
2728 5281 2884 5336 nobis
2917 5281 3124 5350 agitare
3159 5280 3321 5333 vitam
3361 5279 3500 5349 vigi-

1921 5373 2143 5444 lareque
2189 5377 2430 5436 mandat,
2474 5388 2579 5429 non
2627 5373 2798 5428 solum
2830 5371 2902 5428 ob
2936 5372 3174 5427 subitum
3208 5370 3510 5441 inopinum-

1921 5482 2026 5537 que
2054 5468 2156 5521 diei
2190 5466 2397 5522 Domini
2425 5469 2739 5532 adventum,
2765 5465 2859 5520 sed
2886 5465 3048 5519 etiam
3082 5473 3302 5534 propter
3330 5464 3504 5518 furem

1925 5559 2225 5614 divinorum
2263 5558 2529 5614 bonorum
2573 5557 2833 5613 divitibus
2859 5571 2922 5612 ac
2965 5554 3127 5612 veluti
3177 5553 3504 5626 patribusfa-

1927 5655 2102 5710 milias
2154 5653 2523 5710 insidiantem.
2573 5652 2622 5709 ls
2688 5660 2869 5708 autem
2929 5659 3012 5708 est
3079 5649 3504 5723 uniuscujusque

1968 5794 2015 5828 ”
2055 5792 2186 5852 Luc.
2219 5809 2360 5862 xx".
2389 5793 2580 5858 27-50.
2648 5798 2692 5831 π
2735 5796 2924 5856 Matth.
2976 5812 3062 5865 ιι,
3097 5797 3179 5854 15.
3279 5793 3527 5870 "the.
