3968 6504
463 443 568 502 563

1131 440 1400 504 EUSEBII
1441 448 1918 506 CIESAK‘EIENSIS
1954 449 2107 506 OPP.
2151 449 2327 503 PARS
2367 444 2449 503 ιιι.
2491 479 2558 488 -
2599 442 3010 501 EXEGETICA.

3595 440 3710 503 ἐξίει·

461 572 658 630 obitus,
697 567 780 622 vel
823 568 982 622 etiam
1033 567 1254 637 angelus
1303 570 1392 638 qui
1446 569 1707 640 cujusque
1758 573 2032 626 morientis

2138 565 2364 624 ἑκάστου
2396 569 2670 638 τελευτῆς,
2773 567 2866 619 καὶ
2898 566 2926 617 ὁ
2956 565 3160 636 μέλλων
3201 565 3300 635 τὴν
3345 557 3573 617 ἑκάστου
3599 563 3710 632 ψυ-

462 660 696 714 animam
737 669 1065 728 excepturus
1095 670 1198 713 est.
1232 661 1288 713 Si
1325 677 1453 730 ergo
1497 663 1760 718 sciremus
1791 681 2024 734 quonam

373 821 376 828 Ι
461 759 700 818 tempore
739 749 824 806 fur
851 751 939 805 ille
979 761 1236 806 venturus
1264 761 1430 816 esset,
1461 753 1673 808 unicam
1722 753 1865 806 illam
1891 769 2027 823 opus

461 842 598 893 foret
631 841 818 895 horam
849 843 1162 903 observare,
1194 856 1259 894 ne
1295 848 1506 897 nostras
1540 853 1845 912 pateremur
1886 844 2030 900 mdes

459 929 664 997 perfodi
691 947 704 982 :
741 945 882 984 nunc
903 932 1026 998 quia
1053 925 1166 985 haec
1207 930 1366 996 latet,
1399 942 1657 1000 perpetuo
1684 943 2029 1000 experrectos

458 1035 579 1074 esse
606 1021 873 1089 Oportebit
899 1039 912 1073 :
947 1035 1119 1089 neque
1145 1023 1290 1076 enim
1321 1025 1570 1078 novimus
1602 1041 1706 1094 qua
1733 1024 1820 1079 ille
1851 1025 2030 1094 vigilia

459 1112 826 1167 incursionem
861 1105 1044 1168 faciet.
1075 1112 1252 1178 Quare
1287 1129 1509 1182 prorsus
1539 1115 1863 1183 vigilandum
1912 1128 2026 1181 est,

456 1201 714 1270 omnique
762 1201 1028 1265 custodia,
1075 1213 1130 1254 ut
1171 1203 1245 1255 ait
1284 1202 1700 1258 Proverbiorum
1745 1215 1936 1259 auctor
1960 1206 2027 1268 ",

456 1291 778 1346 servandum
805 1305 929 1352 cor;
960 1291 1314 1362 universaque
1344 1293 1457 1347 lucc
1492 1295 1739 1349 mortalis
1771 1295 1892 1350 vitae
1922 1312 2028 1351 nox

458 1385 718 1438 insomnis
768 1384 1145 1452 transigenda,
1190 1401 1258 1438 ne
1305 1384 1444 1439 forte
1495 1385 1886 1456 direptionibus
1936 1403 2030 1457 pa-

461 1484 690 1541 teamus,
741 1489 878 1530 neve
925 1476 1116 1529 anima:
1161 1486 1358 1531 nostrte
1401 1477 1685 1532 thesauros
1716 1477 1876 1532 effodi
1910 1493 2032 1548 per-

459 1568 754 1622 mittamus.
789 1567 881 1622 Sic
906 1569 1048 1622 enim
1078 1569 1325 1637 utrinque
1357 1579 1502 1626 recte
1528 1571 1877 1636 habebimus;
1913 1581 2028 1624 tum

454 1660 583 1728 quia
627 1659 869 1728 proprias
895 1675 1022 1729 opes
1059 1658 1177 1713 tuiti
1226 1659 1514 1724 fuerimus,
1545 1670 1657 1714 tum
1687 1661 1815 1729 quia
1852 1659 2030 1715 Domi-

457 1767 585 1804 num
642 1761 916 1816 nostrum,
962 1765 1084 1806 cum
1129 1753 1334 1807 venerit
1381 1762 1437 1807 et
1488 1754 1786 1822 pulsaverit
1836 1754 2030 1808 animm

457 1851 660 1896 nostra:
686 1843 848 1906 fores,
879 1853 1123 1912 prompte
1148 1843 1503 1910 excipiemus,
1531 1843 1748 1914 copiosa
1780 1843 2026 1914 lampade

457 1933 731 1998 instructi,
758 1931 1081 2005 lumbosque
1109 1935 1392 1990 succincti.

504 2110 588 2167 Ait
626 2113 918 2169 Dominus:
953 2107 1340 2238 (lttiattarétegt9
1359 2113 1530 2182 ﬁdelis
1578 2109 1782 2170 villicus
1823 2123 1870 2169 et
1904 2127 2031 2184 pru-

525 2274 690 2330 Petro
723 2276 932 2346 rdgauti
966 2277 1047 2330 sic
1088 2275 1400 2344 respondet,
1434 2284 1494 2330 ut
1529 2274 1724 2331 doceat
1770 2288 1828 2329 se
1877 2274 2032 2329 inde-

460 2365 608 2422 finite
654 2367 930 2422 universos
964 2367 1251 2421 allocutum
1285 2361 1471 2421 fuisse.
1519 2363 1902 2422 Verumtamen
1935 2381 2028 2419 sua-

459 2457 669 2524 periora
700 2457 785 2510 illa
815 2457 957 2512 dicta
989 2457 1226 2522 fuerunt,
1253 2467 1310 2510 ut
1339 2465 1652 2512 constanter
1678 2457 2026 2528 vigilaremus

457 2557 677 2615 propter
729 2547 900 2601 furem
947 2547 1244 2602 caVendum
1290 2556 1345 2601 et
1394 2557 1613 2617 propter
1663 2547 1876 2602 Domini
1923 2549 2023 2602 ad-

456 2646 698 2691 ventum.
727 2636 895 2700 Nunc,
923 2652 1043 2706 qua:
1076 2636 1190 2691 fieri
1223 2636 1362 2689 inter
1403 2636 1726 2704 vigilandum
1756 2644 2028 2706 oporteat,

459 2729 766 2783 necessario
811 2727 1000 2792 addit;
1052 2743 1242 2796 nempe
1289 2729 1536 2781 hortatur
1579 2737 1638 2781 ut
1674 2743 1740 2781 ne
1787 2736 2029 2782 nostram

459 2820 853 2882 tantummodo,
884 2833 1069 2872 verum
1115 2819 1275 2872 etiam
1319 2817 1550 2872 alienam
1590 2830 1844 2873 curemus
1886 2817 2033 2871 salu-

458 2919 589 2968 teut.
620 2905 749 2964 Nam
783 2911 994 2965 lumbos
1025 2910 1349 2980 praecingere
1384 2919 1438 2964 et
1481 2909 1779 2978 lampadem
1825 2907 2032 2962 inflam-

459 3019 651 3068 mare,
705 3003 978 3072 propriam
1048 3001 1310 3070 cujusque
1375 3001 1661 3054 utilitatem
1741 3002 2028 3069 significat.

459 3092 710 3150 Scientiaz‘
755 3095 897 3150 enim
929 3094 1217 3147 luminibus
1243 3102 1456 3162 oportet
1487 3107 1700 3162 semper
1733 3092 2026 3156 illustrari;

459 3196 574 3239 tum
603 3189 766 3241 etiam
796 3187 1051 3256 pudicitia
1076 3185 1329 3253 omnique
1351 3184 1550 3239 virtute
1588 3184 1797 3238 lumbos
1831 3184 2030 3240 mentis

2131 662 2230 731 χὴν
2270 659 2715 731 παραλαμϐάνειν
2748 656 2975 724 ἄγγελος
3009 654 3146 708 κατὰ
3183 654 3372 726 καιρὸν
3407 653 3498 706 τοῦ
3533 650 3707 707 θανάο

2129 769 2220 803 του
2266 751 2397 819 (00).
2450 752 2512 803 Εἰ
2550 749 2650 821 μὲν
2699 744 2790 802 οὖν
2812 747 3031 818 ᾔδειμεν
3087 746 3178 798 τὸν
3229 746 3418 816 καιρὸν
3460 745 3560 816 τῆς
3606 743 3707 798 τοῦ

2131 838 2360 894 κλέπτου
2404 838 2730 911 παρουσίας,
2771 843 2871 910 τὴν
2907 837 3052 908 ὤραν
3089 837 3254 908 ἐχρῆν
3286 837 3498 907 ἐκείνην
3535 835 3711 907 μόνην

2131 932 2429 1004 ἐπιτηρεῖν,
2462 932 2597 1002 πρὸς
2623 931 2684 984 τὸ
2716 931 2790 1001 μὴ
2826 930 3039 998 ἀφιέναι
3073 929 3380 999 διορυγῆναι
3418 928 3574 998 ἡμῶν
3611 929 3710 981 τὸν

2131 1021 2278 1078 οἷκον
2299 1042 2310 1054 ·
2348 1026 2470 1077 ἐπεὶ
2511 1024 2567 1077 δὲ
2600 1023 2790 1094 ἄδηλός
2819 1025 2965 1075 ἐστιν
3006 1014 3180 1084 οὗτος,
3214 1019 3392 1090 δεήσει
3420 1021 3506 1072 ἀεὶ
3532 1023 3708 1090 ἐγρη-

2130 1116 2379 1187 γορέναι*
2406 1115 2467 1167 ού
2503 1114 2610 1186 γὰρ
2635 1114 2791 1184 ἴσμεν
2819 1113 2978 1182 ὁποίᾳ
3003 1112 3216 1180 φυλακῇ
3243 1110 3576 1178 ἐπιθήσεται.
3611 1112 3711 1164 Διὸ

2131 1207 2497 1277 γρηγορητέον
2537 1204 2628 1258 διὰ
2675 1204 2895 1268 παντὸς,
2938 1205 3030 1258 καὶ
3077 1202 3228 1273 πάσῃ
3274 1202 3484 1274 φυλακῇ
3533 1221 3714 1274 τηρη-

2129 1301 2247 1352 τέον
2275 1298 2372 1368 τὴν
2404 1297 2628 1369 καρδίαν
2670 1297 2812 1350 κατὰ
2841 1297 2932 1351 τὸν
2960 1295 3378 1369 παροιμιαστὴν,
3413 1297 3506 1348 καὶ
3533 1297 3714 1365 άγρυεο

2132 1383 2358 1459 πνητέον
2379 1387 2466 1442 διὰ
2493 1388 2671 1458 πάσης
2697 1389 2797 1457 τῆς
2822 1387 2915 1440 τοῦ
2943 1387 3137 1456 θνητοῦ
3169 1387 3284 1458 βίου
3313 1385 3525 1448 νυκτὸς,
3557 1387 3717 1448 ὅπως

2131 1480 2316 1534 ἄσυλοι
2343 1480 2710 1552 διαμένωμεν,
2746 1480 2821 1550 μὴ
2851 1479 3045 1542 ἐῶντες
3073 1478 3384 1550 διορυγῆναι
3404 1477 3559 1546 ἡμῶν
3579 1477 3715 1540 τοὺς

2129 1572 2228 1643 τῆς
2259 1571 2435 1643 ψυχῆς
2469 1570 2774 1642 θησαυρούς
2803 1587 2815 1600 ·
2847 1569 2988 1623 οὕτω
3009 1570 3116 1641 γάρ
3149 1569 3299 1622 ἔσται
3331 1571 3460 1638 ἡμῖν
3495 1563 3552 1620 εὖ
3582 1569 3714 1637 κατ’

2132 1663 2438 1734 ἀμφότερα,
2491 1664 2574 1715 ὅτι
2634 1679 2694 1715 τε
2757 1661 2900 1715 σώαν
2962 1661 3300 1732 ἐφυλάξαμεν
3354 1662 3451 1730 τὴν
3501 1658 3716 1712 ἑαυτῶν

2132 1753 2384 1825 ὓπαρξιν,
2428 1756 2521 1808 καὶ
2567 1755 2648 1808 ὅτι
2686 1755 2777 1808 τὸν
2815 1753 3017 1826 Κύριον
3067 1754 3220 1823 ἡμῶν
3267 1753 3559 1806 ἐπιστάντα
3613 1753 3717 1805 καὶ

2134 1845 2438 1916 κρούσαντα
2470 1845 2568 1915 τῆς
2595 1845 2771 1915 ψυχῆς
2798 1845 2952 1915 ἡμῶν
2981 1843 3079 1915 τὴν
3114 1843 3302 1914 θύραν,
3341 1843 3566 1912 ἑτοίμως
3605 1842 3719 1894 ὐπ-

2063 1913 2106 1972 Β
2132 1935 2462 2006 ἐδεξάμεθα,
2507 1936 2685 2007 πολλῴ
2739 1936 2814 2007 τῷ
2855 1937 2991 2006 φωτὶ
3045 1936 3577 2007 παρεσκευασμένοι,
3611 1935 3718 1988 καὶ

2131 2026 2230 2088 τὰς
2255 2025 2460 2094 ὀσφύας
2490 2027 2808 2096 ἐζωσμένοι.

2132 2112 2277 2170 Εἷπε
2311 2115 2363 2168 δ’
2393 2120 2425 2170 ό
2459 2119 2697 2186 Κύριοςο
2755 2118 2846 2182 Τίς
2877 2117 2990 2184 ἄρα
3019 2117 3190 2170 ἐστὶν
3231 2120 3263 2172 ὀ
3295 2117 3508 2184 πιστὸς
3559 2119 3719 2170 οἱκο-

2587 2189 2768 2256 νόμος
2802 2186 2899 2240 καὶ
2932 2189 3214 2255 φρόνιμος
3236 2203 3252 2248 ;

2205 2275 2350 2348 Πρὸς
2382 2277 2480 2347 τὴν
2507 2274 2773 2346 ἐρώτησιν
2806 2275 3009 2346 Πέτρου
3050 2276 3401 2346 ἀποκρίνεται
3447 2275 3718 2328 διδάσκων

2135 2365 2402 2435 ἀορίστως
2435 2365 2570 2435 πρὸς
2597 2365 2774 2418 πάντα
2826 2364 3074 2436 εἰρῆσθαι
3119 2366 3188 2418 τὰ
3211 2366 3528 2436 λελεγμένα.
3570 2366 3718 2419 Ἀλλ’

2130 2458 2316 2511 ἐκεῖνα
2351 2459 2447 2528 μὲν
2481 2458 2692 2528 εἴρηται
2715 2456 2842 2528 περὶ
2883 2455 2977 2509 τοῦ
3009 2457 3100 2510 διὰ
3135 2458 3330 2520 παντὸς
3356 2457 3717 2530 ἐγρηγορέναι

2131 2549 2314 2603 ἕνεκεν
2346 2551 2444 2621 τῆς
2469 2549 2562 2602 τοῦ
2587 2549 2813 2604 κλέπτου
2853 2547 3097 2619 φυλακῆς
3123 2549 3216 2602 καὶ
3249 2549 3346 2621 τῆς
3381 2549 3542 2603 αὐτοῦ
3569 2566 3718 2618 παρ-

2131 2643 2312 2706 ουσίας
2331 2661 2344 2673 ο
2373 2643 2424 2695 τί
2457 2641 2513 2696 δὲ
2538 2641 2642 2714 χρὴ
2670 2641 2924 2712 πράττειν
2958 2640 3380 2712 γρηγοροῦντας,
3417 2641 3508 2693 νύν
3537 2643 3716 2708 ἀναγς

2137 2733 2307 2796 καίως
2361 2731 2702 2804 προστίθησι,
2752 2730 3028 2802 παραινῶν
3079 2733 3151 2802 μὴ
3192 2731 3254 2782 τὸ
3295 2731 3499 2783 ἑαυτῶν
3551 2731 3716 2801 μόνον

2137 2825 2382 2884 σκοπεῖν,
2407 2822 2543 2876 ἀλλὰ
2576 2823 2667 2874 καὶ
2693 2824 2789 2892 τῆς
2833 2822 3034 2892 ἐτέρων
3085 2821 3356 2892 σωτηρίας
3386 2821 3713 2891 φροντίζειν.

2132 2913 2207 2966 Τὸ
2263 2914 2374 2984 μὲν
2407 2914 2514 2984 γάρ
2548 2911 2850 2976 ἀνεζῶσθαι
2881 2912 2979 2975 τὰς
3029 2911 3253 2980 ὀσφύας,
3285 2911 3491 2964 καὶτὸν
3523 2911 3718 2981 λύχνον

2132 3005 2387 3076 ἁνῆφθαι,
2422 3006 2520 3076 τὴν
2554 3005 2717 3057 αὑτοῦ
2757 3017 2901 3067 τινος
2949 3005 3027 3067 είς
3064 3004 3253 3058 ἑαυτὸν
3292 3005 3553 3074 ὠφέλειαν
3590 3005 3717 3075 ἐδή-

2133 3098 2258 3151 λουο
2303 3096 2554 3166 γνώσεώς
2586 3113 2643 3149 τε
2693 3097 2802 3169 γὰρ
2834 3097 2971 3165 φωτὶ
3013 3095 3101 3148 διὰ
3149 3099 3344 3158 παντὸς
3375 3095 3719 3163 καταυγάζε-

2136 3189 2257 3242 σθαι
2290 3190 2603 3258 ἀναγκαῖον,
2644 3187 2962 3260 σωφροσύνῃ
2997 3205 3056 3239 τε
3089 3189 3182 3241 καὶ
3229 3189 3375 3259 πάσῃ
3420 3190 3584 3260 ἀρετῇ
3617 3188 3714 3241 τοῦ

462 3278 830 3348 praecingere;
886 3279 1119 3346 itemque
1169 3285 1431 3346 perpetuo
1481 3277 1704 3346 vigilare
1755 3275 2032 3346 furemque

2139 3279 2398 3350 λογισμοῦ
2429 3281 2525 3352 τὴν
2548 3281 2716 3348 ὀσφὺν
2749 3278 3134 3350 περιεζῶσθαι,
3165 3279 3517 3351 ἐγρηγορέναι
3544 3297 3598 3332 τε
3622 3280 3714 3334 διὰ

459 3383 672 3433 cavere,
714 3382 782 3423 ne
820 3367 958 3423 clam
989 3366 1206 3422 effodiat
1241 3367 1435 3420 mentis
1468 3368 1742 3433 aerarium,
1782 3377 1837 3422 et
1880 3382 2035 3421 acer-

458 3465 612 3515 vatas
657 3461 732 3515 ibi
777 3473 908 3530 Opes
949 3459 1209 3528 diripiat:
1241 3469 1501 3529 praeterea
1551 3459 1838 3512 Dominum
1883 3458 2031 3513 omni

458 3552 584 3604 vita:
637 3562 876 3620 tempore
925 3550 1250 3621 prazstolari.
1305 3548 1414 3603 Sed
1465 3548 1712 3602 illatenus
1775 3561 1880 3600 non
1952 3555 2036 3600 est

462 3641 905 3697 subsistendum:
946 3655 1068 3695 nam
1098 3656 1195 3695 ceu
1247 3641 1440 3712 pignus
1476 3640 1767 3707 quoddam,
1812 3653 2036 3693 conser-

463 3751 653 3791 vorum
687 3749 875 3788 curam
923 3749 952 3786 a
1002 3733 1229 3786 Domino
1276 3745 1464 3785 nostro
1507 3731 1850 3800 accipientes,
1896 3743 2032 3798 pra:-

463 3839 611 3882 stare
647 3825 804 3881 fidem
832 3833 1060 3894 oportet,
1084 3832 1138 3878 et
1175 3824 1254 3878 sic
1288 3821 1473 3878 fideles
1497 3837 1560 3876 ac
1591 3824 1882 3890 prudentes
1909 3836 2036 3876 eva-

459 3922 628 3986 dere;
676 3931 744 3974 ne
793 3899 1029 3988 unquam
1076 3917 1467 3987 intempestive,
1518 3916 1613 3971 sed
1656 3915 1847 3970 idoneo
1895 3925 2035 3969 tem-

462 4025 630 4088 pore,
679 4018 961 4073 conservis
1014 4016 1213 4071 nostris
1281 4013 1592 4067 alimoniam
1645 4010 2032 4082 praebeamus:

462 4128 639 4180 neque
675 4115 812 4166 hanc
843 4110 1177 4179 negligenter
1201 4119 1293 4163 aut
1320 4123 1463 4171 sero,
1498 4120 1620 4161 cum
1657 4119 1742 4157 res
1769 4097 2032 4170 postulat;

467 4220 644 4275 neque
679 4220 868 4260 rursus
915 4203 1204 4274 immodice
1249 4202 1336 4256 ubi
1386 4215 1489 4254 non
1537 4205 1620 4252 est
1654 4208 1808 4264 opus.
1855 4190 1948 4246 sed
1983 4198 2037 4244 et

461 4313 560 4350 suo
591 4304 834 4364 tempore
858 4303 914 4348 et
948 4308 1052 4348 non
1082 4293 1200 4347 sine
1230 4289 1466 4345 modulo.
1496 4284 1553 4340 ιιι
1587 4299 1716 4339 vero
1749 4279 2038 4349 dupliciter

463 4386 766 4440 faciendum
802 4393 911 4448 est,
959 4397 1153 4445 nempe
1196 4391 1254 4436 et
1293 4376 1544 4432 rationali
1583 4374 1878 4443 juvamine,
1908 4371 2035 4425 dum

463 4493 650 4532 eorum
695 4476 907 4529 animas
947 4473 1211 4528 doctrina:
1257 4469 1450 4540 pabulo
1479 4466 1730 4522 meliores
1773 4463 2034 4526 facimus;

462 4577 520 4622 et
577 4565 838 4620 materiali
885 4565 1047 4619 etiam
1091 4577 1227 4631 Ope,
1269 4574 1396 4629 erga
1463 4573 1557 4613 eos
1621 4557 1712 4626 qui
1775 4553 2033 4621 ejusmodi

463 4659 704 4716 Iubsidio
739 4665 920 4726 egent.
969 4659 1148 4724 Atque
1197 4653 1332 4718 haec,
1369 4653 1610 4719 inquam,
1639 4648 1819 4702 omnia
1867 4645 2036 4700 conti-

463 4762 655 4809 nenter
697 4749 936 4805 curanda
969 4755 1128 4812 sunt,
1173 4755 1235 4799 ut
1273 4742 1318 4797 si
1368 4740 1508 4796 forte
1556 4739 1813 4794 Dominus
1854 4745 2038 4791 noster

461 4846 642 4901 subito
688 4845 987 4898 adventans
1031 4841 1336 4908 demigrare
1379 4849 1563 4890 secum
1597 4848 1696 4888 nos
1739 4832 1946 4901 jubeat,
1981 4828 2034 4883 in

461 4937 734 5006 praedictis
786 4943 1066 4988 versantes
1113 4947 1210 4985 nos
1260 4925 1670 4998 deprehendat,
1728 4931 2038 4990 sortemque

462 5039 609 5084 recte
639 5029 816 5098 agenti
846 5025 1046 5079 tribuat
1076 5023 1256 5092 priore
1287 5020 1452 5074 multo
1487 5016 1766 5085 majorem.
1795 5012 2038 5082 Namque

460 5123 532 5176 ob
555 5122 768 5190 vigilias
793 5121 985 5188 suique
1013 5117 1276 5170 adventus
1299 5109 1752 5178 exspectationem
1782 5104 2030 5174 spondet,

462 5215 572 5268 illis
599 5210 1084 5274 discumbentibus,
1108 5207 1444 5261 succinctum
1475 5215 1532 5256 se
1564 5198 2028 5253 ministraturum:

460 5309 533 5361 ob
564 5301 771 5361 fidelem
805 5319 932 5360 vero
961 5317 1024 5356 ac
1057 5299 1374 5371 prudentem
1409 5291 1788 5347 villicationem
1831 5296 2033 5355 tempe-

462 5401 773 5468 stivamque
819 5395 1059 5450 demensi
1090 5387 1551 5449 distributionem,
1597 5381 1721 5451 quia
1753 5379 1866 5432 vult
1905 5379 2035 5432 bea-

464 5492 704 5544 tissimos
741 5489 1041 5552 declarare,
1073 5499 1177 5539 non
1208 5481 1366 5536 alicui
1400 5479 1535 5548 parti
1565 5477 1656 5529 sed
1691 5472 2037 5526 facultatibus

465 5575 732 5630 universis
762 5591 820 5629 se
859 5575 1236 5642 praal'ecturum
1268 5568 1486 5624 felicem
1528 5565 1676 5618 illum
1699 5570 2037 5617 sacramento

462 5687 510 5727 δ’
551 5695 710 5748 Prov.
741 5709 813 5759 tv,
839 5695 932 5747 25.
1008 5696 1023 5725 ¹
1063 5693 1191 5748 Car.
1223 5707 1322 5756 xu,
1352 5689 1443 5744 4'3.

536 5790 652 5855 160)
694 5788 960 5843 Notabilis
993 5789 1232 5843 doctrina
1277 5786 1522 5847 Eusebii,
1550 5781 1926 5855 antiquissimi
1944 5791 2038 5833 att-

464 5850 654 5926 uotis,
683 5861 749 5913 de
781 5859 1091 5928 angelorum
1145 5873 1274 5927 erga
1323 5857 1565 5912 homian
1601 5850 1754 5910 cura.
1798 5850 2046 5908 Profecto

2134 3373 2334 3434 παντὸς
2353 3372 2444 3424 καὶ
2475 3371 2564 3424 τὸν
2597 3371 2835 3440 κλέπτην
2857 3369 3252 3438 διαφυλάττειν,
3293 3370 3366 3442 μὴ
3415 3369 3588 3425 λαθὼν
3627 3370 3711 3422 δι-

2134 3463 2350 3536 ορύξειε
2379 3465 2440 3516 τὸ
2467 3465 2565 3534 τῆς
2590 3463 2767 3534 ψυχῆς
2795 3465 3035 3535 ταμεῖον,
3075 3463 3428 3535 ἀποσυλήσειέ
3454 3480 3512 3517 τε
3557 3463 3623 3516 τὰ
3654 3466 3718 3518 ἐν

2133 3554 2281 3625 αύτῷ
2309 3555 2646 3625 συνηγμένα·
2679 3556 2758 3632 ἐτι
2789 3572 2852 3624 γε
2883 3557 2981 3627 μὲν
3028 3557 3120 3610 καὶ
3148 3557 3237 3609 τὸν
3282 3555 3470 3610 ἑαυτοῦ
3511 3556 3721 3628 Κύριον

2136 3648 2313 3702 πάντα
2351 3647 2441 3700 τὸν
2481 3650 2581 3718 τῆς
2626 3647 2771 3718 ζωῆς
2814 3648 3003 3720 χρόνον
3053 3648 3384 3719 ἐκδέχεσθαι.
3429 3647 3585 3701 Ἀλλὰ
3639 3648 3717 3718 μὴ

2145 3739 2304 3809 μέχρι
2340 3737 2544 3792 τούτων
2576 3740 2794 3794 ἑστάναι
2817 3758 2830 3772 ο
2865 3739 3193 3812 παραθήκην
3223 3739 3268 3793 δ’
3308 3739 3493 3812 ὥσπερ
3527 3739 3716 3792 ὐποδεο

2136 3829 2403 3899 ξαμένους
2438 3829 2590 3902 παρὰ
2619 3829 2713 3882 τοῦ
2750 3831 2956 3884 ἑαυτῶν
2989 3831 3258 3883 Δεσπότου
3307 3829 3405 3902 τὴν
3450 3831 3558 3883 τῶν
3593 3847 3719 3884 συν-

2134 3919 2336 3974 δούλων
2364 3920 2520 3991 ἡμῶν
2547 3921 2889 3991 κηδεμονίαν,
2919 3921 3204 3991 φυλάττειν
3234 3922 3330 3994 τὴν
3351 3921 3530 3976 πίστιν
3550 3939 3717 3993 προσ-

2137 4015 2283 4084 ήκει,
2327 4011 2469 4066 οὕτω
2513 4029 2573 4065 τε
2614 4016 2839 4078 πιστοὺς
2888 4014 3264 4082 γενέσθαικαὶ
3321 4014 3613 4085 φρονίμους
3642 4014 3716 4078 ὡς

2139 4107 2352 4177 μήποτε
2385 4106 2649 4176 ἀκαίρως,
2673 4106 2758 4158 ἀεὶ
2778 4107 2834 4159 δὲ
2864 4107 2942 4178 τῷ
2995 4107 3320 4179 προσήκοντι
3381 4106 3577 4176 καιρῷ,
3605 4109 3716 4169 τοῖς

2138 4197 2426 4268 ἡμετέροις
2454 4196 2755 4260 συνδούλοις
2799 4198 2859 4250 τὸ
2893 4199 3197 4270 σιτηρέσιον
3252 4196 3545 4266 διανέμειν,
3581 4200 3715 4268 μήτε

2137 4286 2495 4358 παρορῶντας
2540 4286 2633 4340 καὶ
2682 4287 3154 4359 ύπερτιθεμένους,
3189 4289 3276 4340 ὅτε
3325 4287 3424 4350 δεῖ,
3471 4287 3597 4358 μήτ’
3654 4287 3713 4340 ού

2137 4379 2410 4450 δεομένοις
2437 4378 2771 4450 παρέχοντας
2802 4379 3066 4449 ἀκαίρως,
3094 4377 3232 4432 ἀλλὰ
3280 4379 3370 4431 καὶ
3419 4377 3596 4448 καιρῷ
3639 4377 3716 4448 τῷ

2139 4472 2492 4542 προσήκοντι,
2530 4471 2625 4523 καὶ
2652 4469 2725 4540 μὴ
2752 4470 3004 4542 ἀμέτρως
3026 4469 3183 4522 τοῦτο
3213 4473 3414 4523 ποιεῖν’
3462 4469 3614 4522 τοῦτο
3656 4469 3715 4524 δὲ

2141 4561 2398 4632 πράττειν
2425 4560 2564 4612 κατὰ
2594 4559 2688 4611 δύο
2715 4558 2966 4630 τρόπους,
2997 4558 3085 4612 διά
3117 4576 3175 4611 τε
3217 4559 3315 4629 τῆς
3351 4559 3718 4629 λογικωτέρας

2141 4653 2408 4721 ὠφελείας
2434 4651 2531 4714 τὰς
2555 4649 2732 4720 ψυχὰς
2757 4649 2937 4704 αὐτῶν
2957 4649 3296 4720 βελτιοῦντας
3327 4655 3443 4715 ταῖς
3482 4651 3571 4704 διὰ
3608 4649 3716 4703 τῶν

2151 4743 2489 4813 μαθημάτων
2513 4743 2759 4812 τροφαῖς,
2785 4739 2872 4794 διά
2905 4758 2964 4794 τε
2988 4742 3088 4810 τῆς
3105 4741 3213 4794 τῶν
3244 4739 3512 4811 αἰσθητῶν
3551 4741 3721 4812 ὑπαρ-

2143 4831 2346 4901 χόντων
2377 4829 2510 4899 πρὸς
2539 4831 2664 4892 τοὺς
2695 4827 2892 4890 ἐνδεεῖς
2931 4829 3277 4898 ἐπικουρίας·
3311 4826 3482 4880 ταῦτα
3525 4825 3581 4878 δέ
3632 4826 3718 4879 διὰ

2145 4920 2342 4982 παντὸς
2372 4920 2634 4989 ἐνεργεῖν,
2672 4918 2777 4981 ἵνα,
2809 4917 3010 4971 εἴποτε
3044 4917 3254 4988 ἀθρόως
3281 4915 3505 4978 ἐπιστάς
3545 4915 3574 4966 ό
3608 4915 3722 4968 Κύ-

2149 5029 2261 5083 ριος
2287 5011 2440 5082 ἡμῶν
2468 5011 2564 5082 τὴν
2591 5011 2902 5082 παράληψιν
2931 5010 3085 5080 ἡμῶν
3105 5012 3324 5071 ποιοῖτο,
3350 5007 3528 5077 εὑρεῖν
3547 5006 3718 5058 ταῦτα

2142 5101 2476 5171 πράττοντας
2510 5103 2676 5170 ἡμᾶς,
2705 5099 3032 5170 ἐπαγγελίαν
3057 5116 3114 5151 τε
3141 5097 3218 5169 τῷ
3243 5099 3335 5152 καὶ
3365 5095 3538 5150 ταῦτα
3571 5113 3708 5148 κατ-

2139 5189 2383 5260 ορθοῦντι
2425 5188 2517 5241 τοῦ
2564 5191 2826 5262 προτέρου
2866 5188 3293 5242 πολλαπλασίονα
3325 5187 3556 5240 δίδωσιν.
3599 5185 3725 5240 Ἐπὶ

2145 5286 2244 5352 μὲν
2276 5283 2383 5352 γὰρ
2405 5280 2482 5352 τῷ
2518 5281 2899 5354 ἐγρηγορέναι,
2948 5283 3041 5333 καὶ⁸
3066 5280 3162 5350 τὴν
3195 5278 3358 5333 αὑτοῦ
3395 5277 3483 5331 διά
3520 5281 3723 5344 παγεὶς

2145 5375 2461 5445 περιμένειν
2521 5373 2844 5444 παρουσίαν,
2897 5371 3201 5425 ἀνακλῐνειν
3251 5371 3591 5441 ἐπήγγελται
3631 5375 3723 5426 καὶ

2143 5466 2459 5535 διακονῆσαι
2495 5465 2656 5529 αὐτὸς
2680 5463 3122 5534 περιζωσάμενος
3145 5479 3158 5492 ·
3205 5463 3296 5515 ἐπὶ
3335 5461 3396 5518 δὲ
3445 5467 3509 5535 τῇ
3555 5467 3719 5536 πιστῇ

2143 5561 2238 5614 καὶ
2267 5560 2491 5631 ἔμφρονι
2516 5556 2794 5627 οἰκονομία
2815 5557 2986 5626 καὶτῇ
3020 5553 3160 5608 κατὰ
3188 5554 3382 5628 καιρὸν
3409 5556 3722 5628 διανεμήσει

2147 5777 2344 5845 ubique
2374 5775 2667 5845 cernimus,
2699 5771 2951 5845 Ecclesia:
2995 5768 3270 5845 hodierna
3312 5769 3591 5830 catholica
3637 5768 3703 5825 do

2156 5842 2388 5904 ctrinam
2415 5847 2606 5917 pristis
2638 5844 2888 5900 Pultibus
2917 5842 3178 5900 innixam.
