3968 6512
251 399 358 459 565

1418 389 1924 450 COMMENTARIA
1956 387 2024 443 IN
2064 386 2319 443 LUtZAM.

3378 368 3485 426 566

246 518 346 587 τῆς
373 516 610 587 τροφῆς,
644 514 1073 586 τρημακαρίους
1102 512 1316 583 άληθῶς
1342 511 1679 580 ἀποφαίνων,
1735 511 1823 564 οὐκ

1936 509 2239 563 contirmat.
2293 504 2425 559 llinc
2471 504 2632 558 etiam
2684 500 2926 556 eruditus
2974 495 3131 551 divus
3172 487 3482 560 Apostolus,

247 609 338 660 ἐπί
367 624 422 660 τι
464 607 647 678 μέρος,
672 605 783 660 ἀλλ’
818 607 908 658 ἐπὶ
935 605 1149 659 πάντων
1182 604 1289 657 τῶν
1341 605 1693 676 ὑπαρχόντων
1724 619 1824 654 κα-

244 700 549 769 ταστήσειν
582 697 672 751 τὸν
717 695 1151 770 μακαριζόμενον
1198 697 1334 768 μετὰ
1375 695 1690 768 προσθήκης
1732 691 1825 747 τοῦ

242 790 394 859 ἀμὴν
458 789 815 842 ἐπιστώσατο.
849 788 1038 842 Ἔνθεν
1093 790 1186 842 καὶ
1232 791 1260 842 ὁ
1316 788 1458 861 ἱερὸς
1501 785 1824 848 Ἀπόστολος

241 881 622 950 ὠφελημένος,
663 883 790 944 τοὺς
819 882 958 934 κατὰ
989 881 1120 934 Θεὸν
1143 881 1376 943 τελείους
1410 880 1824 946 κληρονόμους

243 974 397 1027 Θεοῦ
427 975 530 1027 καὶ
562 973 1085 1043 τυγνιληρονόμους
1110 972 1364 1041 Χριστοῦ
1383 971 1583 1032 ἐκάλει,
1600 970 1693 1024 καὶ
1709 967 1824 1021 ἔλε-

1931 597 2198 669 periectos
2224 594 2519 651 secundum
2562 593 2748 656 Deum,
2779 589 3008 644 Iucredes
3043 584 3159 648 Dei,
3192 580 3487 648 Clitis-tique

1927 689 2249 752 colueredes,
2302 686 2529 741 vocabat
2555 687 2611 751 ³,
2656 683 2943 749 aiebatque
2982 695 2998 734 :
3032 676 3149 732 Sive
3190 676 3292 728 vita
3316 711 3330 735 ,
3379 671 3486 726 sive

1929 797 2096 845 mors,
2143 781 2251 832 sive
2300 775 2613 846 pra'sentia,
2657 773 2760 826 sive
2811 772 3024 840 latura,
3070 765 3251 820 omnia
3303 770 3486 816 nostra

1927 886 2050 928 esse
2084 871 2124 925 ³.
2181 867 2325 939 Opes
2372 877 2550 921 autem
2598 864 2742 919 illius
2789 858 3127 931 intelligenda
3163 861 3287 910 sunt
3337 849 3484 921 regni

1926 963 2085 1028 bona,
2116 974 2235 1031 quae
2263 957 2453 1013 oculus
2483 971 2588 1010 non
2620 953 2774 1008 vidit.

240 1083 356 1134 γενο
387 1067 534 1119 Εἴτε
570 1034 704 1132 (mi),
736 1034 857 1119 εἶτε
900 1034 1170 1129 θάνατος,
1213 1063 1317 1117 εἴτ’
1347 1060 1663 1124 ἐνεστῶτα,
1710 1060 1829 1112 εἴτε
1874 1054 2198 1126 μέλλοντα,
2271 1040 2449 1103 πάντα
2495 1045 2651 1119 ἡμῶν
2717 1039 2874 1097 εἶναι.
2920 1042 3258 1112 Ὑπάρχοντα
3299 1036 3344 1091 δ’
3391 1034 3486 1087 αὐο

239 1157 334 1210 τοῦ
370 1171 447 1211 τοι
486 1160 544 1211 ὲν
599 1160 665 1228 τῇ
712 1157 958 1229 βασιλείᾳ
998 1157 1215 1228 νοητέον
1262 1155 1459 1224 ἀγαθά,
1488 1154 1523 1209 δι
1546 1153 1819 1223 ὀφθαλμὸς
1845 1150 1943 1204 οὐκ
1972 1144 2129 1200 εἶδεν.

441 1254 578 1306 Ἐὰν
609 1253 661 1306 δ’
687 1254 828 1321 εἴπῃ
852 1256 884 1307 ὁ
911 1253 1127 1318 δοῦλος
1152 1252 1399 1318 ἐκεῖνος,
1435 1270 1489 1305 κ.
1513 1269 1563 1304 τ.
1598 1251 1648 1304 λ.

324 1345 392 1397 ’0
427 1344 529 1414 μὲν
558 1345 746 1408 πιστὸς
777 1345 871 1398 καὶ
904 1345 1165 1416 φρόνιμος
1188 1343 1443 1397 τοιούτων
1467 1342 1740 1406 τεύξεται·
1794 1341 1822 1393 ό

242 1438 289 1492 δ’
334 1437 586 1500 ἐναντίος
619 1437 791 1507 τούτῳ
816 1436 986 1506 ὀργῆς
1018 1437 1284 1489 Δεσπότου
1317 1434 1719 1506 πειραθήσεται,
1747 1433 1823 1486 δι-

242 1527 578 1599 χοτομηθεὶς
610 1528 702 1581 καὶ
723 1527 1159 1598 ἀποτεμνόμενος
1186 1526 1276 1579 τοῦ
1305 1525 1552 1596 σώματος
1565 1525 1672 1578 τῶν
1695 1526 1824 1591 ἀγα-

245 1618 354 1673 ιῶν
388 1619 618 1682 δούλων,
654 1618 852 1688 κλῆρόν
899 1636 958 1672 τε
1004 1621 1096 1672 καὶ
1137 1619 1327 1690 μερίδα
1364 1619 1650 1690 λαμϐάνων
1683 1616 1820 1688 μετά

243 1704 355 1757 τῶν
390 1705 708 1776 ὑποκριτῶν
740 1706 772 1776 ἢ
802 1705 910 1758 τῶν
943 1705 1212 1760 ἀπίστων·
1249 1700 1323 1760 ὦν
1377 1708 1437 1760 τὸ
1480 1707 1630 1771 τέλος
1657 1707 1822 1760 κλαυ-

241 1794 383 1864 θμὸς
418 1794 518 1846 καὶ
545 1794 783 1864 βρυγμὸς
805 1793 912 1847 τῶν
944 1794 1186 1847 ὀδόντων.
1211 1795 1348 1849 Ὅσα
1379 1798 1486 1867 γάρ
1509 1798 1620 1858 τοῖς
1643 1794 1820 1848 ὀδοῦσι

2249 1238 2402 1304 Quod
2429 1235 2474 1290 si
2509 1233 2699 1287 dixerit
2735 1245 2908 1285 servus
2951 1227 3063 1292 ille,
3087 1236 3192 1281 etc.

1990 1333 2187 1388 Fidelis
2223 1329 2439 1399 quidem
2481 1333 2534 1380 et
2569 1323 2804 1394 prudens
2851 1321 2964 1374 haec
3009 1319 3147 1373 bona
3187 1330 3481 1386 conseque-

1923 1436 2049 1479 tur:
2093 1424 2216 1478 huic
2260 1418 2536 1476 dissimilis
2580 1416 2716 1470 iram
2753 1412 2965 1468 Domini
3013 1409 3354 1480 experietur;
3397 1408 3478 1461 di-

1919 1516 2133 1569 videtur
2173 1511 2400 1576 scilicet,
2450 1523 2511 1562 ac
2546 1505 2888 1576 separabltur
2919 1517 2948 1554 a
2985 1501 3246 1555 bonorum
3298 1511 3485 1552 servo-

1927 1622 2043 1662 rum
2072 1618 2316 1674 corpore,
2343 1609 2669 1670 sortemque
2707 1612 2859 1651 suam
2903 1604 2958 1650 et
2987 1601 3191 1663 partem
3223 1605 3346 1646 cum
3383 1589 3487 1656 hy-

1925 1697 2146 1766 pocritis
2181 1695 2294 1750 sive
2335 1691 2641 1746 intidclibus
2680 1687 2924 1756 recipiet,
2967 1699 3195 1755 quorum
3250 1681 3372 1735 linis
3404 1680 3484 1732 lu-

1924 1797 2042 1843 ctus
2084 1795 2140 1841 et
2183 1785 2380 1840 stridor
2421 1782 2678 1836 dentium.
2737 1777 2870 1832 Nam
2927 1785 3185 1845 quantum
3239 1770 3489 1827 dentibus

244 1857 670 1954 κατήσθιεξκαῖ
687 1857 785 1938 ϐσα
816 1886 1214 1957 μεθυσκόμενος
1265 1857 1620 1958 ἐπλημμέλει,
1651 1887 1821 1941 ταῦτα

1927 1878 2197 1934 devoravit
2237 1886 2292 1932 et
2319 1875 2580 1930 ebrietate
2627 1869 2890 1940 peccavit.
2939 1867 3272 1924 tantumdem
3310 1865 3489 1932 plora-

239 1976 659 2030 ἁποκλαύσεται
681 1994 694 2007 ο
726 1977 881 2047 δίκην
908 1979 1008 2048 τὴν
1039 1980 1416 2050 προσήκουσαν
1442 1979 1617 2043 διδοὺς
1645 1979 1743 2048 τῆς
1763 1996 1820 2032 τε

245 2070 387 2122 κατὰ
409 2069 524 2122 τῶν
556 2069 853 2122 συνδούλων
878 2070 1238 2141 παρανομίας,
1262 2071 1355 2125 καὶ
1382 2071 1482 2140 τῆς
1525 2051 1822 2125 ἀκολάστου

243 2164 486 2232 τρυφῆς,
510 2161 960 2233 καταφρονήσεως
993 2179 1050 2215 τε
1079 2163 1176 2234 τῆς
1218 2165 1299 2226 είς
1338 2165 1427 2217 τὸν
1446 2164 1739 2236 Δεσπότην,
1766 2164 1824 2216 ὃν

247 2250 521 2321 ὡμολόγει
558 2251 655 2321 μὲν
703 2250 775 2322 μὴ
803 2252 1036 2318 ἀγνοεῖν,
1077 2253 1168 2305 καὶ
1217 2253 1331 2322 ᾔδει
1372 2255 1446 2317 ὡς
1488 2254 1593 2326 ἄρα
1624 2255 1825 2327 Κύριον

245 2341 380 2411 ἔχει,
412 2341 810 2395 ἀναϐάλλεσθαι
835 2343 892 2394 δὲ
925 2344 1083 2395 αὑτὸν
1118 2345 1216 2415 τὴν
1256 2346 1433 2414 κρίσιν
1473 2348 1553 2409 εἰς
1584 2348 1826 2417 μακροὺς

246 2436 481 2506 χρόνους
500 2436 917 2507 ὑπολαμϐάνων,
947 2439 1135 2490 ἑαυτὸν
1163 2441 1364 2509 ἠπάτα.
1625 2434 1630 2438 ”

253 2526 374 2580 Τίνι
429 2525 702 2596 ὁμοιώσω
743 2525 872 2599 τὴνΔ
898 2528 1226 2599 ,βασιλείαν
1273 2530 1379 2599 τοῦ
1425 2529 1608 2592 Θεοῦ;
1654 2531 1827 2599 ὁμοία

745 2596 877 2649 ἐστὶ
903 2595 1072 2666 ζύμῃ,
1105 2616 1158 2651 κ.
1193 2616 1244 2652 τ.
1273 2597 1321 2652 λ.

316 2684 515 2756 Ζύμην
537 2687 636 2758 τὴν
662 2686 768 2739 ἀπὸ
798 2685 890 2739 τοῦ
922 2687 1119 2758 σπόρου
1155 2689 1690 2760 τελεσιουργηθεῖσαν
1713 2689 1827 2742 ’δύ-

247 2794 415 2847 ναμιν
447 2779 478 2830 ὁ
503 2777 693 2848 Σωτὴρ
717 2779 988 2847 ὀνομάζει,
1022 2780 1083 2832 τὸ
1113 2779 1335 2849 Πνεῦμα
1364 2781 1422 2832 τὸ
1455 2780 1608 2849 ἅγιον
1640 2780 1825 2833 τοῦτον

251 2869 602 2939 αἰνιξάμενος
629 2869 719 2922 τὸν
746 2870 968 2940 τρόπον.
1012 2872 1071 2924 '0
1090 2871 1220 2940 γοῦν
1253 2871 1352 2940 τῆς
1395 2862 1645 2942 οὐρανίου
1675 2871 1827 2941 βασι-

247 2961 396 3025 λείας
426 2958 618 3029 Λόγος,
653 2961 789 3032 μετὰ
841 2963 939 3031 τὴν
985 2963 1205 3034 πρώτην
1259 2966 1315 3016 ἐν
1349 2964 1592 3034 οὐρανοῖς
1622 2963 1827 3036 σπορὰν

249 3053 534 3122 αὐξηθεὶς,
589 3055 681 3106 καὶ
709 3054 955 3125 ’καρπον
1009 3055 1239 3119 ἀποδοὺς
1289 3056 1497 3126 ἐντελῆ,
1529 3057 1621 3108 τοῦ
1672 3057 1825 3124 ἁγίου

250 3141 573 3214 Πνεύματος
625 3143 723 3213 τὴν
761 3143 1115 3229 ὲπιχορηγίαν
1160 3149 1269 3208 τοῖς
1325 3145 1410 3199 διὰ
1454 3146 1560 3198 τῶν
1595 3145 1824 3217 πρώτων

251 3235 624 3305 ὡφελημένοις
678 3236 925 3306 παρέχει,
971 3236 1147 3307 ζύμης
1174 3237 1326 3307 δίκην
1367 3237 1593 3309 φύραμα
1625 3237 1826 3309 ζυμού-

253 3341 369 3396 σης.
407 3326 554 3396 Γυνὴ
585 3326 640 3379 δὲ
675 3326 900 3397 ταύτην,
933 3331 964 3398 ἡ
998 3329 1157 3396 σοφία
1182 3329 1272 3381 τοῦ
1303 3329 1456 3394 Θεοῦ,
1487 3332 1567 3393 είς
1596 3329 1822 3401 ἀλεύρου

254 3419 391 3472 σάτα
450 3418 574 3488 τρία
618 3418 935 3488 ὲγκρύπτει.
991 3421 1114 3484 Τοῖς
1143 3419 1272 3489 γοῦν
1319 3422 1700 3493 πορισαμένοις
1740 3423 1824 3476 ’ὲκ

253 3508 456 3577 πολλῆς
504 3507 818 3577 ἐπιμελείας
873 3509 966 3561 καὶ
1011 3510 1109 3580 τῆς
1159 3509 1250 3562 τοῦ
1308 3511 1505 3582 σπόρου
1551 3510 1825 3581 γεωργίας

252 3599 486 3670 ἀλεύρου
518 3598 655 3652 σάτα
703 3599 849 3670 τρία,
898 3599 1140 3670 δόγματα
1192 3600 1308 3653 θεῖα
1349 3603 1442 3654 καὶ
1480 3603 1677 3670 γνῶσιν
1726 3602 1823 3674 τὴν

255 3691 384 3760 περὶ
423 3690 636 3761 Πατρὸς
666 3692 758 3743 καὶ
789 3689 916 3743 Υἱοῦ
942 3693 1035 3744 καὶ
1065 3692 1219 3759 ἁγίου
1260 3692 1590 3762 Πνεύματος,
1645 3694 1679 3764 ὴ
1725 3694 1821 3748 τοῦ

253 3781 388 3834 Θεοῦ
442 3782 603 3850 σοφία
642 3781 703 3834 τὸ
741 3782 892 3850 ἅγιον
948 3781 1172 3854 Πνεῦμα
1221 3788 1471 3854 χορηγεῖ·
1529 3785 1639 3854 ἡδ’
1687 3784 1822 3856 αὐτὴ

255 3874 375 3926 καθ’
428 3874 621 3944 ἑτέραν
650 3873 885 3927 διάνοιαν
916 3874 1093 3928 πάντα
1131 3875 1219 3928 τὸν
1257 3875 1348 3927 τοῦ
1382 3875 1513 3928 Θεοῦ
1542 3875 1822 3948 ἄνθρωπον

253 3967 314 4019 ὲκ
337 3967 589 4038 σώματος
615 3968 708 4020 καὶ
733 3967 907 4038 ψυχῆς
928 3967 1021 4019 καὶ
1054 3967 1358 4038 πνεύματος
1391 3969 1716 4034 συνεστῶτα,
1754 3973 1820 4042 τῇ

253 4058 514 4129 ὲπιχορηγ
529 4057 582 4128 ia
601 4059 699 4129 τῆς
716 4057 865 4121 θείας
881 4058 1225 4129 ἐμπνεύσεως
1243 4059 1420 4130 ζυμοῖ,
1447 4061 1823 4131 ὲγκρύπτουσα

251 4149 349 4219 τὴν
378 4149 438 4212 ἐξ
465 4148 636 4218 αὐτῆς
673 4149 938 4217 ὠφέλειαν
968 4153 1046 4214 εἰς
1074 4150 1301 4221 ἀλεύρου
1336 4151 1470 4204 σάτα
1497 4151 1622 4222 τρία
1647 4151 1714 4205 τὰ
1740 4169 1824 4204 νε-

252 4239 516 4310 νοημένα,
543 4240 646 4304 ἕως
679 4233 737 4292 οὑ
767 4238 988 4312 ζὐμωθῇ
1014 4241 1150 4294 ὅλον.
1177 4241 1330 4296 Οὐτω
1366 4241 1494 4311 γοῦν
1525 4246 1589 4314 τῇ
1624 4245 1820 4315 μετοχῇ

251 4329 351 4399 τῆς
381 4329 630 4401 οὐρανίου
656 4328 832 4401 ζύμης
856 4331 1099 4403 ποιηθεὶς
1133 4333 1232 4384 καὶ
1258 4332 1547 4404 ζυμωθεὶς,
1578 4332 1823 4406 οὐράνιος

255 4423 350 4474 καὶ
381 4421 750 4490 πνευματικὸς
778 4423 1102 4492 χρηματίσει
1129 4421 1430 4493 ἄνθρωπος,
1461 4424 1555 4477 καὶ
1583 4425 1700 4477 νέον
1725 4423 1824 4492 φύ-

258 4529 429 4583 ραμα,
456 4513 531 4576 ὡς
557 4512 623 4566 ἂν
653 4516 854 4584 μικρᾶς
894 4514 1140 4586 κράσεως
1179 4515 1492 4584 γενομένης,
1517 4515 1625 4569 τῶν
1657 4515 1822 4586 τριῶν

255 4602 500 4673 ἀλεύρων
539 4602 960 4674 ἀποδεδομένων,
1008 4605 1101 4658 καὶ
1144 4605 1242 4675 τῆς
1274 4607 1331 4657 ὲν
1367 4606 1550 4668 αὐτοῖς
1591 4605 1824 4676 ἐμπνεύ-

257 4711 408 4759 σεως.
451 4696 558 4748 Καὶ
580 4696 643 4769 δὴ
671 4696 786 4760 νέος
822 4697 982 4768 ἄρτος
1010 4698 1103 4750 καὶ
1133 4698 1493 4768 πνευματικὸς
1524 4698 1822 4770 γενόμενοι,

255 4787 393 4840 κατὰ
429 4787 518 4839 τὸν
551 4787 886 4851 Ἀπόστολον,
931 4788 991 4851 ὃς
1037 4806 1222 4860 φησιν,
1259 4787 1364 4854 Εἷς
1404 4789 1582 4856 ἄρτος
1621 4791 1718 4844 καὶ
1758 4790 1827 4845 ἓν

254 4875 424 4944 σῶμά
448 4877 636 4944 ἐσμεν
664 4879 718 4930 al
748 4878 983 4942 πολλοὶ,
1011 4879 1192 4932 εἰκόνα
1224 4879 1318 4932 καὶ
1341 4879 1593 4949 ὁμοίωσιν
1629 4879 1827 4951 ἀναλη-

252 4967 464 5038 ψόμεθα
487 4967 578 5020 τοῦ
609 4967 870 5031 ζωοποιοῦ
895 4969 1001 5023 τῶν
1030 4970 1164 5024 ὅλων
1209 4971 1395 5040 ἄρτου,
1425 4969 1483 5032 ὃς
1519 4973 1583 5024 ἐκ
1613 4970 1707 5023 τοῦ
1737 4971 1826 5024 ού-

256 5058 418 5127 ρανοῦ
449 5057 840 5130 καταϐέϐηκεν,
869 5060 1044 5131 ἑαυτῷ
1087 5062 1495 5133 παραπλησίους
1552 5062 1648 5114 καὶ⁹
1676 5063 1824 5132 ἡμᾶς

255 5146 730 5218 ἀπεργασάμενος.
770 5143 843 5202 Εὖ
884 5149 940 5201 δὲ
979 5150 1197 5217 γυναικί
1231 5151 1554 5222 άφωμοίωσε
1598 5151 1696 5221 τὴν
1739 5168 1826 5204 σο-

256 5238 378 5306 φίαν
407 5237 502 5290 τοῦ
537 5237 670 5292 Θεοῦ
706 5240 763 5291 ὲν
803 5239 1010 5304 τούτοις
1033 5255 1048 5272 ο
1087 5242 1320 5312 Χριστὸς
1373 5241 1429 5295 δέ
1474 5243 1682 5313 ἐστινὴ
1729 5241 1824 5296 τοῦ

253 5325 384 5379 Θεοῦ
419 5325 646 5396 δύναμις
689 5327 783 5380 καὶ
820 5327 954 5381 Θεοῦ
997 5329 1157 5398 σοφία
1197 5327 1541 5400 καταλλήλως
1590 5326 1666 5397 τῷ
1725 5327 1825 5398 τῆς

255 5415 430 5486 ζύμης
455 5415 833 5488 ὑποδείγματι.
867 5419 1074 5490 Ὥσπερ
1103 5418 1211 5490 γάρ
1255 5420 1345 5471 ἐπὶ
1372 5420 1471 5488 τῆς
1509 5417 1824 5491 παραϐολῆς

256 5509 346 5562 τοῦ
389 5508 592 5580 σπόρου
631 5510 903 5580 γεωργίου
949 5510 1236 5579 πρόσωπον
1284 5511 1378 5564 καὶ
1421 5494 1681 5581 σπορέως
1724 5511 1826 5563 είσ-

255 5597 405 5669 ἦγεν,
434 5599 533 5653 οὐκ
553 5598 617 5654 ἂν
635 5599 869 5669 εὐλόγως
896 5600 953 5668 εν
979 5601 1204 5665 ἐκείνοις
1229 5600 1694 5672 μνημονευθείσης
1726 5617 1825 5669 γυ-

360 5778 380 5808 ²
419 5775 573 5831 Rom.
617 5792 728 5841 vm,
755 5778 835 5831 l7.

1921 1968 2029 2034 hit;
2059 1967 2233 2036 justas
2276 1966 2410 2019 dans
2468 1977 2654 2032 poenas
2718 1960 3016 2029 iniquitatis
3072 1973 3180 2014 sua:
3225 1956 3486 2011 adversus

1921 2073 2238 2123 conservos,
2301 2053 2818 2123 intemperantisque
2890 2051 3150 2112 luxuriae,
3201 2057 3254 2104 et
3307 2046 3479 2118 spreti

1922 2147 2156 2211 Domini,
2192 2160 2353 2216 quem
2396 2144 2496 2199 sibi
2549 2158 2653 2198 non
2703 2139 3031 2210 incognitum
3076 2138 3369 2192 fatebatur.
3409 2138 3477 2191 Et

1921 2253 2053 2292 sane
2110 2237 2274 2308 probe
2320 2244 2545 2292 noverat
2593 2249 2651 2289 se
2701 2232 2929 2287 Domino
2971 2246 3076 2285 non
3123 2245 3344 2293 carere,
3388 2232 3480 2284 sed

1920 2328 2046 2383 dum
2071 2327 2332 2398 judicium
2364 2327 2430 2379 ab
2461 2339 2527 2379 eo
2557 2321 2860 2378 diutissime
2893 2320 3118 2375 dilatum
3148 2319 3214 2374 iri
3245 2319 3485 2374 arbitra-

1924 2429 2034 2484 tur,
2063 2429 2236 2476 semet
2270 2419 2382 2488 ipse
2418 2415 2628 2472 fefellit.

1923 2513 1943 2543 ⁵
1973 2511 2068 2566 Cui
2097 2509 2269 2564 simile
2294 2509 2561 2565 aestimabo
2598 2521 2811 2574 regnum
2849 2503 2983 2560 Dei?
3022 2501 3209 2557 Simile
3254 2512 3328 2557 est
3379 2501 3487 2563 fer-

2543 2589 2738 2639 mento,
2765 2584 2871 2629 elc.

1992 2670 2265 2724 Fermenti
2320 2668 2538 2723 nomine
2613 2666 2844 2736 appellat
2900 2665 3156 2720 Servator
3212 2662 3484 2718 eilicacem

1925 2763 2147 2820 seminis
2205 2762 2345 2828 vim,
2398 2767 2644 2813 sanctum
2702 2758 2958 2828 Spiritum
3017 2759 3088 2810 ita
3155 2756 3485 2828 signiﬁcans.

1926 2855 2089 2927 Igitur
2117 2853 2353 2908 caelestis
2384 2851 2534 2921 regni
2567 2849 2795 2903 Verbum
2828 2858 2946 2918 post
2989 2849 3217 2916 primam
3255 2849 3306 2903 in
3335 2847 3488 2904 caelis

1927 2949 2190 3002 sationem
2239 2954 2478 3007 auctum,
2521 2942 2858 3011 iructmnqne
2899 2941 3189 3011 perfectum
3238 2941 3487 3006 reddens,

1928 3038 2099 3093 sancti
2135 3038 2367 3108 Spiritus
2401 3033 2856 3090 ministrationem
2895 3033 2960 3087 iis
3004 3034 3094 3102 qui
3127 3047 3154 3086 a
3189 3032 3377 3101 primis
3409 3031 3491 3084 in—

1927 3132 2274 3187 stitntoribus
2331 3129 2520 3185 imbuti
2571 3127 2789 3181 fuerunt
2837 3125 3070 3195 praebet,
3119 3122 3370 3179 I‘ermenti
3407 3121 3491 3175 in-

1927 3237 2043 3280 star
2096 3240 2328 3280 massam
2407 3221 2802 3277 fermentanlis.
2864 3218 3054 3273 Mulier
3126 3225 3340 3282 autem,
3395 3215 3488 3270 Dei

1925 3333 2116 3386 nempe
2148 3315 2435 3386 sapientia,
2477 3315 2531 3368 in
2582 3312 2772 3367 farinae
2806 3313 2938 3366 satis
2983 3309 3154 3364 tribus
3187 3306 3487 3362 abscondit.

1925 3409 2032 3465 Illis
2077 3411 2258 3479 itaque
2287 3409 2376 3478 qui
2410 3407 2577 3461 multa
2613 3421 2742 3460 cura
2789 3415 2843 3459 et
2875 3402 3098 3457 seminis
3128 3399 3337 3456 cultura
3371 3407 3490 3452 sata

1927 3501 2112 3556 farina:
2140 3503 2240 3555 tria
2268 3498 2586 3562 obtulerint,
2612 3497 2793 3551 divina
2820 3509 3015 3564 nempe
3033 3494 3274 3560 dogmata
3293 3490 3487 3551 Patris,

1923 3591 2044 3647 Filii
2075 3591 2354 3661 sanctique
2383 3589 2615 3660 Spiritus
2646 3588 2918 3652 notitiam,
2950 3583 3214 3657 sapientia
3249 3583 3338 3637 Dei
3375 3579 3491 3651 Spi-

1925 3685 2088 3739 ritum
2127 3695 2374 3740 sanctum
2423 3683 2730 3753 suppeditat
2767 3697 2783 3735 :
2827 3681 3143 3749 eademque,
3192 3675 3489 3733 secundum

1923 3775 2086 3830 alium
2132 3791 2380 3840 sensum,
2425 3774 2716 3845 quemlibet
2767 3773 2858 3828 Dei
2895 3773 3203 3836 hominem,
3240 3783 3490 3837 corpore,

1924 3869 2103 3924 anima
2142 3869 2441 3939 spirituque
2492 3874 2868 3928 constantem,
2912 3863 3089 3917 divina
3142 3858 3491 3929 inspiratione

1923 3962 2228 4026 fermentat,
2273 3959 2606 4015 abscondens
2650 3957 2933 4010 utilitatem
2975 3969 3126 4009 suam
3177 3953 3228 4006 in
3280 3949 3490 4005 intelle-

1927 4056 2197 4113 ctualihus
2234 4054 2420 4108 farina:
2453 4051 2586 4106 satis
2622 4049 2793 4103 trihus
2841 4049 3009 4102 donec
3051 4054 3218 4098 totum
3253 4041 3490 4096 fermen—

1925 4157 2086 4202 tetur.
2140 4144 2230 4199 Sic
2281 4157 2408 4212 ergo
2458 4139 2694 4195 cmlestis
2747 4137 2993 4192 fermenti
3047 4134 3489 4204 participatione,

1922 4231 2160 4288 caelestis
2205 4232 2295 4284 iiet
2336 4227 2701 4298 spiritalisque
2749 4226 2944 4290 homo,
2981 4237 3224 4292 novaque
3274 4236 3446 4275 massa
3474 4260 3490 4284 ,

1925 4339 2085 4393 parva
2119 4322 2278 4376 veluti
2324 4320 2466 4376 facta
2496 4320 2633 4373 crasi
2679 4334 2742 4373 ex
2783 4318 2972 4371 farinis
3014 4315 3207 4377 tribus,
3238 4324 3294 4368 et
3328 4314 3491 4366 insita

1926 4415 2028 4470 illis
2064 4415 2436 4484 inspiratione.
2481 4411 2665 4466 Novus
2703 4410 2957 4465 nimirum
3011 4423 3107 4464 nos
3155 4407 3281 4461 facti
3330 4405 3492 4474 spiri-

1927 4506 2047 4560 talis
2074 4506 2246 4575 panis,
2272 4505 2424 4575 juxta
2451 4502 2761 4573 Apostolum
2791 4501 3054 4555 dicentem
3081 4500 3123 4564 ⁸,
3156 4497 3301 4552 Unus
3337 4499 3488 4566 panis

1930 4613 2188 4667 unumque
2216 4611 2405 4658 corpus
2446 4609 2624 4647 sumus
2653 4591 2828 4655 multi,
2869 4591 3153 4658 imaginem
3185 4587 3492 4643 similitudi—

1929 4701 2159 4756 nemque
2191 4684 2574 4740 contrahemus
2607 4680 2928 4735 viviﬁcantis
2972 4681 3150 4734 omnia
3182 4679 3358 4749 panis,
3402 4677 3494 4747 qui

1925 4781 1992 4835 de
2018 4779 2156 4834 coelo
2183 4770 2481 4837 descendit,
2511 4788 2717 4844 nosque
2741 4773 2841 4828 sibi
2874 4771 3076 4826 similes
3101 4770 3299 4826 ell‘ccit.
3329 4771 3496 4824 Recte

1923 4886 2052 4927 vero
2101 4869 2309 4923 mulieri
2354 4866 2688 4936 comparavit
2723 4866 2824 4920 hoc
2857 4863 2974 4919 loco
3013 4863 3332 4931 sapientiam
3368 4861 3492 4922 Dei;

1924 4971 2007 5018 est
2030 4961 2173 5016 enim
2202 4958 2450 5015 Christus
2484 4967 2593 5010 tum
2625 4956 2717 5010 Dei
2749 4956 2942 5018 virtus,
2993 4964 3103 5008 tum
3147 4952 3241 5008 Dei
3277 4951 3494 5018 sapien-

1924 5053 2019 5116 tia,
2049 5050 2296 5106 iermenti
2339 5048 2585 5118 exemplo
2623 5057 3057 5118 repraesentatus.
3093 5042 3224 5098 Nam
3255 5043 3395 5096 sicut
3442 5037 3493 5090 in

1924 5140 2146 5199 seminis
2196 5139 2482 5210 parabola,
2529 5139 2779 5209 agricolae
2834 5149 3116 5206 personam
3185 5130 3494 5197 satorisque

1925 5234 2156 5298 induxit,
2187 5247 2364 5304 neque
2395 5231 2537 5288 enim
2569 5231 2676 5286 illic
2705 5231 2989 5285 commode
3019 5223 3260 5280 mulieris
3290 5221 3494 5276 mentio

1925 5326 2066 5381 facta
2101 5323 2324 5402 fuisset,
2368 5324 2441 5378 ita
2473 5323 2573 5378 hoc
2615 5321 2731 5376 loco
2766 5320 2855 5375 ubi
2903 5319 2969 5373 de
3012 5317 3274 5371 fermento
3317 5325 3494 5366 sermo

1923 5429 2006 5474 est
2037 5418 2090 5472 in
2127 5418 2318 5471 farina:
2351 5424 2467 5469 sata
2503 5413 2604 5468 tria
2629 5410 2894 5481 conjecto,
2930 5407 3208 5479 aptissime
3235 5403 3490 5475 parabcla

1927 5511 1979 5564 in
2032 5510 2255 5564 muliere
2294 5507 2520 5576 paniilca
2566 5521 2686 5562 eum
2725 5505 2816 5576 qui
2858 5503 2967 5558 illlc
3003 5501 3177 5558 dictus
3205 5506 3288 5557 est
3321 5511 3488 5553 scim-

1929 5609 2084 5655 nator
2113 5597 2542 5670 repraesentavit;

915 5778 934 5808 ³
971 5777 987 5831 l
1021 5779 1141 5833 (lor.
1171 5795 1250 5847 ιιι,
1278 5779 1364 5832 9.2.
1442 5778 1463 5810 ³
1503 5781 1628 5836 (λιιι.
1660 5793 1754 5845 xn,
1781 5778 1823 5831 4;

1945 5777 1965 5810 '
2005 5777 2128 5834 Car.
2163 5776 2392 5842 “11,20.
2473 5774 2500 5847 '_
2529 5773 2547 5829 ι
2581 5772 2705 5830 Cor.
2737 5788 2789 5840 χ,
2827 5771 2907 5825 l7.
