3968 6504
489 376 591 437 $87

1193 386 1466 443 EUSEBII
1504 386 1980 444 CESARIENSIS
2017 387 2166 444 OPP.
2203 389 2380 444 PARS
2419 388 2504 443 Ill.
2545 419 2614 428 —
2653 388 3059 444 EXEGETICA.

488 499 692 566 ναικὸς,
746 501 885 556 οὑτω
932 503 1208 558 κάνταῦθα
1253 507 1342 558 ἐπὶ
1386 504 1564 576 ζύμης
1608 506 1922 578 φυρομένης
1971 507 2050 569 είς
2095 505 2322 576 ἀλεύρου
2361 506 2494 558 σέιτα
2531 505 2656 575 τρία
2725 503 3025 557 οἰκειότατα
3086 504 3118 573 ἠ
3171 500 3447 572 παραϐολὴ
3499 504 3732 566 γυναικὶ

488 597 917 673 ἁρτοποιουμένῃ
945 599 1034 654 τὸν
1065 605 1121 655 ἐν
1154 601 1380 664 ἐκείνοις
1410 602 1794 673 ὠνομασμένον
1828 602 2030 672 σπορέα
2057 602 2374 655 ἀπείκασεν.

555 692 666 761 Age
692 707 816 747 vero
855 697 992 762 apud
1037 694 1344 749 Mattltzeum
1377 699 1443 760 ",
1487 706 1767 766 postquam
1791 698 2048 751 caelorum

2225 695 2378 748 Κατὰ
2419 695 2598 764 μέντοι
2631 707 2720 742 τον
2749 687 3021 742 Ματθαῖον
3059 683 3171 753 (61)
3209 684 3594 756 κεκρυμμένην
3625 684 3731 750 ξύ..

486 799 709 850 regnum
770 784 820 838 in
886 786 1151 842 fermento
1183 798 1686 858 reprtesentaverat,
1735 805 1841 858 quo
1886 790 2053 844 sancti

486 873 720 943 Spiritus
747 879 943 933 donum
981 880 1257 934 denotavit
1286 921 1301 942 ,
1346 890 1403 934 et
1439 881 1767 948 evangelicae
1797 881 2057 936 doctrinae

485 967 792 1037 utilitatem,
829 971 879 1024 in
913 973 1196 1040 subiuncta
1233 974 1342 1028 illic
1374 974 1627 1042 parabola
1661 972 1803 1026 idem
1830 988 2054 1044 regnum

484 1055 739 1112 thesauro
770 1060 946 1116 simile
976 1062 1134 1116 dixit.
1185 1063 1279 1116 Est
1329 1072 1508 1117 autem
1563 1079 1787 1134 magnus
1819 1063 1907 1117 hic
1937 1065 2056 1118 tlte-

481 1162 675 1203 saurus
698 1151 992 1205 secundum
1024 1152 1264 1207 ccelestia
1300 1153 1460 1208 eﬂata
1489 1151 1509 1185 ⁷
1542 1154 1719 1225 dignis
1747 1153 2053 1225 .‘repositus,

480 1252 642 1307 quem
674 1241 863 1296 oculus
911 1257 1016 1297 non
1063 1245 1214 1309 vidit,
1268 1245 1469 1315 quique
1515 1245 1715 1300 multos
1745 1245 1892 1301 latet.
1953 1246 2052 1314 Qui

484 1341 614 1384 vero
663 1331 808 1386 hunc
856 1335 1023 1396 novit,
1066 1345 1250 1403 utpote
1283 1337 1372 1406 qui
1417 1336 1508 1392 Dei
1553 1337 1839 1408 imaginem
1887 1338 1939 1391 in
1995 1353 2055 1394 se

482 1424 847 1488 conservavit,
880 1425 1074 1493 gaudio
1102 1426 1294 1494 elatus,
1313 1441 1410 1482 ceu
1442 1427 1533 1498 qui
1566 1443 1833 1482 summum
1855 1428 2052 1484 bonum

484 1511 769 1580 invenerit,
825 1515 1033 1586 reliqua
1086 1518 1267 1572 omnia
1304 1520 1672 1588 postliabenda
1701 1520 1935 1590 judicat,
1997 1529 2054 1574 ut

478 1599 625 1656 hunc
668 1603 958 1673 possideat.
997 1605 1165 1660 Porro
1195 1607 1450 1661 thesauro
1477 1607 1636 1662 simul
1663 1624 1900 1680 agroque
1942 1624 2054 1664 me-

482 1705 728 1761 morato,
789 1696 1061 1752 hominem
1122 1698 1457 1754 inventorem
1512 1701 1799 1770 apposuit,
1857 1711 1916 1755 ut
1961 1701 2052 1757 Dei

480 1784 777 1840 studiosam
832 1788 1066 1843 hominis
1124 1801 1353 1844 mentem
1407 1791 1695 1861 signiticet.
1745 1793 1911 1864 Igitur
1960 1809 2052 1848 su-

479 1878 776 1946 prascripta
824 1881 1078 1948 parabola
1110 1883 1209 1937 sub
1236 1883 1485 1938 absconsi
1538 1885 1778 1939 thesauri
1831 1885 2053 1940 nomine

477 1966 731 2022 cmicstes
753 1979 917 2040 atque
941 1974 1169 2028 eximias
1196 1975 1417 2028 denotat
1447 1976 1872 2042 promissiones;
1914 1976 2054 2030 tnui-

2160 803 2267 858 μήν
2302 785 2399 856 τὴν
2444 782 2716 854 βασιλείαν
2767 779 2875 831 τῶν
2921 775 3161 847 οὐρανῶν
3195 773 3488 845 προειπὼν,
3535 774 3602 827 δι’
3649 771 3730 846 ἧς

2156 876 2343 948 ἐδήλου
2389 877 2486 946 τὴν
2520 871 2874 943 ὲπιχορηγίαν
2920 866 3012 920 τοῦ
3058 863 3213 934 ἁγίου
3260 864 3590 934 Πνεῦματος,
3623 865 3730 917 καὶ

2155 967 2250 1039 τὴν
2291 967 2558 1035 ὠφέλειαν
2581 963 2677 1035 τὴν
2703 961 2809 1016 ἀπὸ
2832 956 2925 1013 τοῦ
2954 955 3303 1026 εὑαγγελικοῦ
3322 955 3501 1022 λόγου,
3516 955 3604 1008 διὰ
3620 955 3730 1024 τῆς

2156 1058 2285 1129 ὲξῆς
2313 1055 2628 1130 παραϐολῆς
2670 1054 2768 1126 τήν
2801 1053 2966 1123 αὑτὴν
2997 1049 3267 1121 βασιλείαν
3301 1047 3536 1101 ἐοικέναι
3584 1047 3730 1116 φησὶ

2155 1149 2431 1220 θησαυρῷ.
2471 1147 2569 1218 Εἴη
2606 1145 2650 1199 δ’
2693 1143 2758 1200 ἂν
2791 1140 3058 1214 θησαυρὸς
3087 1140 3255 1211 μέγας
3286 1138 3314 1190 6
3338 1137 3477 1192 κατὰ
3502 1136 3600 1201 τὰς
3627 1138 3728 1189 οὑ-

2157 1241 2374 1311 ρανίους
2417 1237 2749 1306 ἐπαγγελίας
2773 1237 2887 1299 τοῖς
2940 1232 3107 1297 ἀξίοις
3142 1229 3578 1300 τεταμιευμένος,
3607 1228 3666 1282 ὃν
3696 1230 3731 1282 6

2153 1331 2427 1402 ὀφθαλμὸς
2459 1330 2562 1383 οὑκ
2589 1325 2746 1392 εἶδεν,
2777 1327 2836 1392 ὃς
2866 1328 2990 1388 τοὺς
3020 1324 3244 1386 πολλοὺς
3271 1320 3538 1374 λανθάνει.
3577 1321 3638 1374 '0
3665 1319 3730 1373 es

2151 1423 2339 1477 τοῦτον
2368 1423 2586 1492 νοήσας,
2622 1421 2697 1483 ὡς
2720 1419 2781 1471 τὸ
2811 1419 2929 1472 κατ’
2960 1416 3143 1470 εἰκόνα
3171 1412 3266 1467 τοῦ
3292 1411 3427 1467 Θεοῦ
3454 1411 3641 1476 σώζων
3663 1412 3729 1463 ὲν

2154 1512 2352 1585 ἐαυτῷ,
2383 1514 2558 1584 χαρᾶς
2607 1509 2860 1581 ἔμπλεως
2889 1505 3149 1576 γεγονὼς,
3193 1504 3267 1568 ὡς
3307 1503 3372 1558 ἂν
3413 1503 3473 1557 τὸ
3517 1502 3730 1556 τέλειον

2154 1603 2263 1658 τῶν
2292 1602 2510 1672 ἀγαθῶν
2535 1599 2804 1674 εὑρηκὼς,
2829 1599 2899 1652 τὰ
2921 1597 3083 1652 λοιπὰ
3115 1596 3291 1650 πάντα
3323 1595 3545 1667 δεύτερα
3574 1591 3730 1646 τίθε-

2153 1712 2263 1760 ται,
2288 1694 2382 1749 καὶ
2413 1693 2602 1748 τοῦτον
2631 1690 3036 1762 ἅντιλαμόάνει.
3063 1686 3493 1758 Καταλλήλωςδὲ
3527 1685 3733 1757 θησαυ-

2156 1783 2246 1859 ρὸν
2275 1787 2370 1840 καὶ
2423 1786 2593 1856 ἀγρὸν
2645 1782 2837 1846 εἰπὼν,
2889 1780 3174 1852 ἄνθρωπον
3202 1779 3350 1850 αὑτῷ
3390 1777 3596 1849 συνῆψε
3632 1776 3733 1829 τὸν

2151 1879 2452 1951 εὑρηκόταο
2487 1877 2630 1931 οὑτω
2675 1875 2920 1947 δηλώσας
2962 1873 3053 1926 τὸν
3097 1875 3154 1927 ἐν
3205 1871 3473 1945 ἀνθρώπῳ
3500 1870 3728 1939 θεοφιλῆ

2152 1969 2303 2056 νοῦνι
2338 1968 2404 2023 Ἦ
2458 1969 2555 2038 μὲν
2602 1963 2694 2021 οὖν
2751 1966 2978 2038 ῥηθεῖσα
3015 1963 3156 2033 αῦτη
3185 1960 3467 2034 παραϐολὴ
3497 1957 3730 2056 διὰ-τοῦ

479 2073 546 2115 ιω
573 2063 714 2117 enim
752 2067 1058 2121 mansiones
1105 2069 1241 2138 apud
1274 2067 1486 2124 Patrem
1515 2078 1674 2134 sunt;
1733 2068 2048 2138 divitiasque

2155 2049 2426 2132 θησαυροῦ
2448 2059 2540 2113 τοῦ
2571 2058 2953 2130 κεκρυμμένου
2982 2055 3080 2119 τὰς
3104 2053 3357 2126 οὐρανίας
3393 2049 3732 2119 ἐπαγγελίας

476 2149 592 2218 Dei,
623 2167 742 2222 qua:
767 2163 893 2209 sunt
933 2157 1109 2212 omnis
1157 2159 1286 2213 boni
1328 2158 1649 2230 thesaurus,
1695 2161 2048 2218 demonstrat.

547 2424 677 2490 Quae
712 2438 841 2482 vero
863 2428 1110 2498 sequitur
1139 2429 1160 2463 ³
1192 2432 1498 2500 margaritae
1523 2430 1802 2500 parabola,
1829 2444 1892 2485 ea
1921 2428 2050 2486 mihi

475 2515 785 2584 signiﬁcare
809 2518 1019 2572 videtur
1052 2522 1426 2590 pretiosiorem
1471 2523 1847 2592 praedictarum
1887 2538 2053 2593 opum

473 2616 701 2674 partem.
760 2607 856 2663 Est
905 2620 1082 2664 autem
1136 2613 1250 2667 haec
1279 2612 1537 2667 divinitas
1571 2611 1876 2684 Unigeniti,
1930 2629 2050 2684 qua:

471 2698 683 2753 cunctis
737 2699 790 2754 in
828 2702 1084 2770 przedicto
1133 2705 1388 2760 thesauro
1424 2705 1698 2759 contentis
1731 2705 2051 2775 exquisitior

468 2797 586 2852 est;
617 2803 777 2858 quam
806 2791 896 2858 qui
929 2793 1296 2862 acquislverit,
1321 2809 1552 2865 superna
1576 2794 1834 2850 beatitate
1857 2796 2049 2869 dignus

469 2891 550 2931 ut.
598 2877 887 2950 Margarita
916 2889 1094 2935 autem
1129 2883 1322 2937 merito
1350 2884 1662 2938 nominatur
1703 2885 2043 2942 incarnatum

471 2969 564 3024 Dei
595 2968 828 3026 Verbum
857 2990 870 3038 ;
904 2973 1032 3043 quia
1059 2974 1173 3029 haec
1207 2975 1521 3044 margarita,
1555 2975 1609 3029 in
1645 2990 1810 3031 carne
1846 2975 1972 3031 licet
1995 2987 2048 3034 et

469 3064 706 3118 ostracio
733 3076 894 3134 atque
925 3064 1154 3119 humore
1185 3067 1362 3136 genita
1387 3108 1401 3132 ,
1451 3067 1748 3137 pretiosum
1777 3069 1906 3138 quid
1939 3077 2046 3136 est,

469 3163 525 3206 et
552 3167 660 3223 pra:
698 3156 948 3211 omnibus
977 3171 1043 3212 ex
1077 3157 1301 3210 humore
1331 3159 1468 3211 natis
1515 3158 1834 3227 corporibus
1880 3159 2047 3214 hono-

472 3245 678 3299 rabilis.
731 3245 893 3302 Certe
930 3247 1224 3318 margarita
1258 3248 1468 3302 videtur
1507 3249 1786 3302 humidum
1829 3265 2042 3320 corpus,

468 3333 834 3402 splendidum,
879 3336 1194 3392 coelestibus
1235 3336 1432 3400 simile,
1468 3336 1588 3392 luce
1619 3352 1683 3393 ac
1708 3339 1901 3407 spiritu
1931 3339 2043 3408 ple-

472 3443 624 3482 nmn.
678 3427 769 3483 Sic
800 3431 963 3484 etiam
995 3430 1335 3484 incarnatunt
1375 3429 1608 3484 Verbum
1636 3430 1812 3484 lumen
1845 3432 2048 3486 intelle-

2155 3443 2250 3496 καὶ
2277 3440 2588 3510 πνεύματος
2612 3437 2800 3507 γέμον.
2855 3433 2955 3505 Εῐη
2992 3434 3036 3486 δ’
3069 3432 3133 3486 ἂν
3157 3431 3252 3485 καὶ
3285 3426 3583 3500 σαρκωθεὶς
3629 3423 3730 3476 Λό-
3807 3422 3826 3434 ⁸

471 3519 650 3572 ctuale
682 3531 789 3585 est,
821 3521 885 3575 de
922 3520 1136 3575 mortali
1172 3521 1502 3590 humidoque
1533 3537 1763 3592 corpore
1785 3525 2046 3581 emicans.

471 3608 590 3663 Jam
617 3625 737 3664 cum
775 3613 893 3666 alia:
930 3612 1112 3667 multa:
1145 3613 1458 3668 exstiterint
1507 3616 1813 3684 margaritae
1851 3627 2050 3673 sanctae

473 3700 692 3768 Deoqne
745 3713 931 3770 gratae,
973 3704 1255 3776 propheta:
1292 3705 1541 3760 videlicet
1583 3706 1822 3776 justique
1869 3708 2048 3764 homi-

482 3803 598 3857 nes,
629 3794 720 3862 qui
746 3803 798 3846 ct
825 3794 923 3861 ipsi
959 3809 1122 3849 carne
1151 3797 1435 3865 constipati
1492 3807 1650 3852 erant
1680 3809 1901 3869 propter
1929 3815 2048 3854 car-

472 3896 628 3935 neatn
668 3885 945 3938 hominum
1004 3886 1193 3955 vitam,
1226 3903 1384 3942 nemo
1413 3887 1553 3944 alius
1580 3930 1596 3954 ,
1658 3903 1854 3961 praeter
1903 3892 2050 3948 hunc

470 3972 666 4038 solum,
709 3991 835 4030 vere
871 3978 1206 4048 unigenitus,
1244 3979 1716 4048 splendidissimus
1747 3997 1810 4037 ac
1849 3983 2049 4053 pretio-

471 4067 718 4122 sissimus
754 4069 1003 4126 inventus
1026 4081 1127 4126 est.
1165 4071 1318 4128 Adeo
1354 4081 1411 4126 ut
1456 4069 1625 4128 Isaias
1653 4090 1868 4144 quoque
1893 4076 1958 4130 de
1984 4090 2048 4132 eo

468 4161 796 4216 vaticinatus
832 4163 996 4218 fuerit
1041 4164 1230 4218 dicens
1261 4181 1276 4218 :
1309 4161 1442 4219 Ecce
1491 4183 1626 4233 pono
1660 4167 1716 4220 in
1755 4166 1887 4220 Sion
1920 4167 2051 4235 lapi-

467 4255 586 4306 dem
607 4256 916 4322 pretiosum,
947 4255 1189 4323 electum,
1225 4258 1554 4334 angularem,
1582 4259 1974 4325 honorabilem;
2000 4270 2048 4314 et

467 4346 558 4414 qui
606 4349 885 4402 crediderit
942 4351 998 4403 in
1051 4368 1208 4414 eum,
1282 4367 1386 4404 non
1442 4349 1790 4422 confundetur
1839 4351 1879 4405 ’.
1946 4351 2048 4419 Qui

471 4452 601 4507 ergo
649 4455 815 4507 regno
861 4440 1126 4495 malorum
1159 4442 1358 4511 dignus
1404 4441 1617 4495 l'uturus
1645 4451 1759 4504 est,
1792 4442 2051 4509 praeclare

470 4547 815 4600 comparatur
852 4533 1138 4588 mercatori
1190 4534 1344 4599 viro,
1405 4535 1482 4588 rei
1513 4534 1668 4589 bona:
1708 4538 1952 4592 studioso
1994 4547 2050 4592 et

470 4623 664 4692 perito,
698 4636 753 4679 et
802 4624 1094 4679 multarum
1141 4626 1511 4680 doctrinarum
1562 4627 1917 4696 exploratori,
1953 4632 2046 4701 qui

471 4716 801 4770 circumiens
832 4717 1030 4770 multas
1065 4718 1264 4786 reperit
1316 4717 1662 4785 margaritas,
1706 4723 2047 4778 omnimodas

470 4820 664 4875 nempe
711 4816 1026 4862 sanctorum
1077 4807 1355 4861 hominum
1389 4807 1609 4861 classes.
1660 4809 1768 4864 Sed
1809 4813 2043 4880 pretiosa

475 4899 562 4954 illa
613 4916 824 4970 gemma
874 4904 1112 4967 inventa,
1162 4918 1320 4968 quam
1355 4901 1588 4958 Verbum
1639 4903 1853 4968 obtulit,
1906 4905 2045 4959 hanc

468 5008 591 5045 eum
619 4993 870 5046 omnibus
887 4995 986 5046 sibi
1007 5006 1162 5047 antea
1193 4995 1482 5062 compertis
1507 4997 1876 5062 commutavit,
1903 4984 2042 5050 idem

470 5082 674 5137 faciens
707 5084 848 5152 quod
892 5085 1038 5152 prior
1077 5085 1162 5137 ille
1193 5083 1303 5152 (qui
1333 5100 1518 5154 agrum
1551 5084 1638 5139 ubi
1678 5085 1875 5140 latebat
1927 5087 2042 5142 tlte-

468 5191 664 5232 saurus
694 5179 926 5232 venditis
952 5177 1160 5232 cunctis
1189 5177 1573 5247 comparavit).
1603 5180 1778 5245 Atque
1806 5179 1918 5233 haec
1943 5179 2047 5232 erit

468 5284 694 5324 summa:
717 5270 992 5324 beatitatis
1018 5271 1266 5336 coronis,
1297 5283 1490 5338 nempe
1529 5270 1571 5323 si
1613 5270 1848 5338 pretiosa
1895 5286 2041 5322 mar-

468 5361 641 5427 garita
681 5361 1023 5426 ornabimur,
1076 5361 1127 5415 id
1177 5371 1256 5416 est
1301 5363 1506 5416 lumine
1539 5361 1844 5415 divinitatis
1883 5361 2038 5416 Verbi

467 5451 752 5519 unigeniti.
786 5451 1002 5507 Initium
1035 5451 1235 5521 quippe
1266 5452 1365 5507 fuit
1391 5469 1610 5517 semen;
1645 5453 1836 5506 deinde
1864 5452 2045 5507 fructi-

469 5541 679 5596 Iicantis
729 5542 987 5597 frumenti
1038 5545 1396 5612 germinatio;
1453 5546 1668 5599 tertium
1727 5545 1984 5600 discretio
2015 5562 2043 5599 a

2157 2153 2339 2225 ἐδήλου
2383 2152 2480 2216 τὰς
2515 2149 2971 2222 ὑπερϐεϐήκυίας,
3002 2146 3192 2201 πολλαὶ
3218 2146 3326 2217 γὰρ
3376 2143 3532 2215 μοναὶ
3574 2139 3732 2214 παρὰ

2156 2247 2235 2317 τῷ
2263 2243 2454 2316 Πατρὶ,
2486 2244 2695 2297 καὶτὸν
2741 2244 2798 2295 ἐν
2841 2241 2960 2312 θεῷ
2994 2240 3246 2303 πλοῦτον,
3284 2235 3553 2309 θησαυρὸν
3596 2235 3733 2288 ὂντα

2159 2337 2356 2402 παντὸς
2383 2336 2586 2406 ἀγαθοῦ
2597 2375 2608 2388 .
3604 2352 3607 2353 ⁷

2239 2428 2300 2483 Ἦ
2334 2417 2402 2482 ’δὲ
2439 2427 2575 2499 μετὰ
2609 2424 2811 2497 ταύτην
2843 2425 2931 2479 διὰ
2975 2425 3068 2479 τοῦ
3123 2421 3457 2495 μαργαρίτου
3499 2417 3733 2473 αἰνίττε-

2158 2521 2281 2576 σθαί
2311 2538 2400 2591 μοι
2431 2520 2579 2573 δοκεῖ
2610 2519 2672 2572 τὸ
2718 2519 3040 2588 τιμιώτερον
3090 2515 3182 2568 τοῦ
3216 2512 3541 2586 δηλωθέντος
3568 2507 3734 2560 πλού-

2155 2631 2269 2666 του.
2327 2611 2426 2683 Εἷη
2469 2611 2513 2665 δ’
2549 2610 2614 2664 ἂν
2661 2608 2918 2680 ήθεότης
2967 2607 3104 2677 αὑτὴ
3160 2604 3252 2658 τοῦ
3294 2599 3645 2669 Μονογενοῦς,
3692 2598 3730 2668 ἡ

2158 2705 2373 2759 πάντων
2396 2703 2504 2757 τῶν
2534 2705 2591 2756 ὲν
2623 2701 2700 2772 τῷ
2729 2700 3043 2755 ἀποδοθέντι
3077 2696 3333 2768 θησαυρῷ
3373 2688 3730 2762 τεταμιευμέ-

2154 2816 2259 2851 νων
2287 2795 2610 2868 τιμιωτέρα,
2639 2796 2706 2866 ήν
2744 2797 2773 2848 6
2813 2794 3152 2865 κτησάμενος
3193 2790 3292 2860 τῆς
3336 2785 3591 2841 ἀνωτάτω
3624 2799 3730 2853 μα-

2155 2890 2479 2962 καριότητος
2506 2887 2754 2957 ἠξίωται.
2805 2884 3168 2958 Μαργαρίτης
3215 2881 3272 2934 δὲ
3316 2879 3625 2949 ὠνόμασται
3646 2875 3728 2928 el.-

2155 2981 2326 3043 κότως
2353 2981 2382 3032 6
2417 2975 2719 3049 σαρκωθεὶς
2769 2977 2900 3040 Θεὸς
2941 2975 3138 3043 Λόγος·
3169 2973 3291 3026 ἐπεὶ
3317 2971 3408 3024 καὶ
3439 2971 3467 3022 6
3514 2982 3732 3039 μαργα-

2157 3077 2310 3148 ρίτης
2338 3072 2594 3136 τοιοῦτος,
2633 3073 2688 3124 ὲν
2715 3071 2877 3142 σαρκὶ
2914 3069 3013 3140 μὲν
3045 3067 3137 3122 καὶ
3184 3055 3254 3119 ιθ
3273 3063 3478 3134 ὀστρέῳ
3527 3060 3618 3113 καὶ
3667 3059 3728 3110 ὲν

2155 3169 2344 3237 ὑγροῖς
2370 3163 2729 3235 γεννώμενος,
2763 3162 2944 3233 τίμιον
2967 3161 3023 3214 δέ
3066 3178 3118 3212 τι
3153 3159 3362 3230 χρῆμα,
3393 3154 3483 3206 καὶ
3509 3152 3728 3205 πάντων

2152 3259 2259 3312 τῶν
2288 3260 2346 3309 ὲν
2373 3257 2557 3326 ὑγροῖς
2591 3253 2857 3323 σωμάτων
2885 3249 3308 3321 τιμλφὲστερον
3333 3263 3347 3277 ’
3403 3243 3545 3296 ἔοικε
3596 3239 3727 3308 γοῦν

2153 3346 2292 3404 εἶναι
2320 3351 2384 3418 τῇ
2419 3347 2576 3416 φύσει
2608 3345 2764 3414 σῶμα
2788 3343 2972 3414 ὑγρὸν,
2997 3340 3236 3409 διαυγὲς,
3271 3335 3522 3398 θεοειδές,
3553 3331 3729 3402 φωτὸς

2151 3551 2246 3603 γος
2271 3532 2526 3595 τοιοῦτος,
2553 3528 2666 3598 φῶς
2698 3526 2882 3596 νοερὸν
2925 3525 3012 3578 διὰ
3047 3521 3239 3593 θνητοῦ
3287 3520 3380 3574 καὶ
3414 3517 3584 3589 ὑγροῦ
3619 3512 3726 3568 σώ-

2153 3643 2321 3698 ματος
2352 3621 2659 3693 έκλὰμψαν.
2696 3618 2915 3672 Πολλῶν
2956 3634 3020 3685 γε
3058 3616 3163 3687 μὴν
3194 3613 3289 3668 καὶ
3321 3611 3493 3667 ἄλλων
3517 3624 3726 3680 μαργα-

2153 3717 2313 3792 ριτῶν
2351 3716 2519 3770 ὄντων
2550 3713 2720 3782 ἁγίων
2753 3711 2848 3764 καὶ
2888 3708 3169 3779 θεοφιλῶν,
3206 3702 3497 3777 προφητῶν
3543 3718 3601 3753 τε
3637 3700 3729 3752 καὶ

2147 3809 2371 3863 δικαίων
2403 3805 2634 3878 ἀνδρῶν,
2671 3805 2766 3858 καὶ
2797 3801 2975 3856 αὑτῶν
3025 3801 3084 3853 ὲν
3134 3798 3298 3870 σαρκὶ
3340 3793 3726 3864 πεπιλημένων

2146 3901 2233 3956 διὰ
2257 3901 2347 3954 τὸν
2374 3899 2634 3970 ένσαρκον
2661 3896 2771 3950 τῶν
2794 3895 2888 3949 avo
2899 3891 3093 3966 ρώπων
3134 3890 3265 3961 βίον,
3293 3887 3466 3950 οὐδεὶς
3487 3886 3670 3956 ἕτερος
3689 3883 3724 3953 ἧ

2154 3994 2312 4065 μόνος
2338 3989 2420 4056 εἷς
2446 3985 2602 4055 οὗτος
2637 3988 2856 4060 ’ἀληθῶς
2897 3983 3186 4058 μονογενὴς
3235 3982 3330 4036 καὶ
3379 3975 3728 4047 πολυφεγγὴς

2148 4087 2241 4139 καὶ
2288 4083 2582 4154 πολύτιμος
2611 4081 2877 4154 εὓρηται*
2946 4077 3021 4140 ώς
3075 4075 3170 4130 καὶ
3207 4073 3431 4128 Ἡσαΐαν
3474 4067 3727 4123 θεσπίσαι

2154 4175 2281 4246 περὶ
2313 4173 2476 4227 αὑτοῦ
2507 4173 2599 4226 καὶ
2623 4173 2795 4226 εἰπεῖν
2818 4185 2833 4204 ο
2878 4167 3024 4222 Ἰδοὺ
3053 4166 3249 4233 τίθημι
3274 4163 3344 4216 ἐν
3372 4159 3526 4216 Σιὼν
3551 4160 3728 4212 λίθον

2149 4263 2480 4332 πολυτελῆ,
2514 4261 2824 4324 ἐκλεκτὸν,
2856 4254 3296 4327 ἀκρογωνιαῶγ,
3322 4252 3561 4322 ἔντιμον
3582 4266 3595 4280 °
3628 4247 3727 4302 καὶ

2152 4357 2185 4408 ὀ
2219 4355 2519 4407 πιστεύων
2565 4355 2652 4418 εὶς
2693 4350 2881 4404 αὐτὸν
2907 4349 2978 4401 οὐ
3015 4342 3616 4412 καταισχυνθήσεται.
3667 4340 3725 4392 ’0

2150 4446 2214 4518 δὴ
2246 4444 2339 4500 οῦν
2387 4445 2592 4516 μέλλων
2615 4445 2714 4514 τῆς
2739 4441 3014 4513 βασιλείας
3047 4437 3154 4492 τῶν
3175 4435 3417 4505 οὑρανῶν
3438 4430 3725 4496 καταξιοῦ-

2153 4538 2278 4592 σθαι
2313 4535 2608 4608 προσφυῶς
2640 4533 3050 4608 παραϐέϐληται
3096 4529 3322 4602 ἐμπόρῳ
3375 4529 3527 4600 ἀνδρὶ
3573 4527 3723 4596 φιλο-

2151 4629 2300 4700 κάλῳ
2328 4629 2433 4681 τινὶ
2458 4628 2551 4681 καὶ
2583 4625 2872 4697 φιλομαθεῖ
2902 4626 2996 4679 καὶ
3021 4623 3281 4678 ποικίλων
3309 4621 3608 4692 δοκιμαστῇ
3641 4619 3727 4672 λό-

2152 4737 2284 4788 γων,
2329 4720 2387 4784 ὃς
2416 4717 2639 4790 περιιὼν
2669 4716 2898 4778 πολλοὺς
2957 4716 3057 4788 μὲν
3107 4715 3302 4786 ἀνεῦρε
3361 4711 3723 4784 μαργαρίτας,

2153 4812 2435 4875 παντοίους
2467 4813 2521 4863 ἐν
2545 4810 2852 4882 ἀνθρώποις
2891 4809 3076 4878 ἁγίους
3093 4822 3106 4835 ·
3135 4807 3288 4871 τέλος
3313 4806 3368 4859 δὲ
3389 4805 3477 4858 τὸν
3503 4803 3724 4857 πολύτι-

2157 4923 2255 4976 μον
2284 4904 2479 4974 εὑρὼν,
2511 4904 2569 4958 ὃν
2610 4905 2638 4956 6
2666 4903 2837 4971 Λόγος
2895 4902 3295 4971 παρεστήσατο,
3350 4897 3565 4952 πάντων
3615 4894 3724 4947 τῶν

2155 4998 2416 5068 πρότερον
2463 4995 2610 5065 αὑτῷ
2659 4993 3077 5066 πεπορισμένων
3108 4991 3296 5046 τοῦτον
3332 4987 3720 5060 ἀντικατηλλά-

2153 5087 2298 5154 ξατο,
2322 5087 2514 5140 ταυτὸν
2540 5085 2616 5156 τῷ
2649 5085 2809 5156 προτέ
2821 5101 2895 5156 ρῳ
2926 5084 3134 5155 πράξας
3186 5085 3250 5153 (ὁ
3279 5084 3452 5137 πάντα
3484 5084 3584 5137 ὅσα
3609 5077 3719 5154 εἶχε

2156 5179 2431 5251 πωλήσας,
2490 5180 2583 5233 καὶ
2629 5177 2904 5249 ἀγοράσας
2954 5177 3044 5229 τὸν
3095 5177 3262 5247 ἀγρὸν
3315 5177 3558 5245 ἐκεῖνον).
3614 5173 3719 5227 Καὶ

2152 5273 2293 5326 τοῦτ’
2338 5273 2403 5326 ἂν
2432 5273 2516 5342 εἴη
2543 5272 2694 5334 τέλος
2733 5271 2832 5341 τῆς
2876 5270 3050 5341 ἄκρας
3088 5269 3505 5341 μακαριότητος,
3535 5267 3596 5320 τδ
3626 5281 3721 5319 κα-

2149 5363 2554 5434 τακοσμηθῆναι
2584 5361 2660 5431 τῷ
2692 5361 3036 5431 πολυτιμήτω
3067 5361 3394 5432 μαργαρίτῃ,
3423 5358 3618 5428 δηλαδή
3643 5355 3718 5426 τῷ

2153 5455 2291 5524 φωτὶ
2324 5455 2421 5524 τῆς
2462 5452 2711 5523 θεότητος
2743 5451 2836 5504 τοῦ
2877 5452 3194 5521 μονογενοῦς
3220 5451 3420 5519 Λόγου’
3449 5449 3590 5520 ἁρχὴ
3621 5449 3718 5518 μὲν

2155 5549 2262 5621 γὰρ
2294 5545 2360 5618 ἦν
2385 5549 2413 5599 6
2449 5547 2645 5616 σπόρος
2670 5563 2682 5574 ·
2743 5539 2839 5597 εἶτ’
2879 5544 3116 5609 ἐπίδοσις
3156 5543 3254 5614 τῆς
3280 5542 3373 5596 τοῦ
3408 5542 3552 5597 σίτου
3581 5557 3689 5613 καρ

537 5651 579 5682 ⁸·
609 5649 799 5708 Matth.
834 5667 966 5720 xm,
1000 5653 1088 5708 '55.
1167 5657 1184 5685 ⁷
1230 5656 1359 5709 ibid.
1392 5655 1481 5708 44.
1558 5657 1579 5686 ⁸
1625 5655 1752 5709 ibid.
1787 5656 1875 5710 45.
1955 5659 1974 5688 ⁸
2017 5657 2048 5711 Is

2167 5675 2360 5724 xxvm,
2404 5658 2488 5713 16.

542 5743 667 5818 (61),
699 5744 796 5800 llic
826 5761 1043 5813 quoque
1091 5764 1120 5801 a
1163 5749 1306 5804 Luca
1339 5760 1595 5818 provocat
1636 5752 1699 5805 ad
1732 5751 2040 5806 Matthmnm

479 5813 745 5871 Eusebius
833 5819 975 5886 quod
1001 5834 1125 5871 cum
1186 5837 1280 5888 per
1336 5813 1393 5876 Se
1448 5837 1553 5877 non
1604 5823 1865 5891 dedecet,
1935 5834 2044 5876 tum

2160 5754 2464 5810 rectissime
2496 5753 2610 5808 ﬂeri
2641 5756 2812 5820 potuit
2841 5758 2908 5808 ab
2941 5768 3004 5812 co
3038 5753 3129 5824 qui
3161 5754 3213 5808 in
3244 5748 3713 5820 tetraevangelium

2155 5825 2383 5883 fortasse
2418 5825 2905 5882 nuntient-abutar.
