3968 6512
252 387 363 444 569
1396 385 1819 442 CQMMENTAR

1938 386 2003 440 [Ν
2044 386 2297 444 LUCAM.
2802 453 2806 457 ,
3381 393 3485 451 570

259 505 532 576 ποφορίας
552 521 565 535 ⁸
598 507 692 559 καὶ
723 507 903 577 τρίτον
937 509 969 579 ἡ
997 506 1108 560 ἀπὸ
1124 507 1231 560 τῶν
1255 506 1508 572 ζιζανίων
1530 507 1797 579 διάκρισις
1814 525 1826 537 ·

1935 508 2188 573 zizaniis;
2250 517 2500 576 quartum
2555 509 2776 564 seminis
2827 509 2879 563 in
2933 521 3180 580 magnam
3238 510 3483 566 arborem

252 600 575 670 τέταρτονή
605 601 697 651 ἐπὶ
729 599 868 666 μέγα
916 599 1128 669 δένδρον
1152 599 1243 652 τοῦ
1280 599 1478 670 σπόρου
1511 601 1646 670 φυή·
1697 599 1819 668 πέμ-

1935 600 2328 652 incrementum
2355 617 2369 664 ;
2401 600 2643 668 quintum
2679 615 2774 670 per
2796 613 3041 656 sanctum
3085 599 3344 672 Spiritum
3377 603 3484 659 ler-

257 706 396 741 πτον
423 693 455 758 ἡ
483 689 574 742 διὰ
600 688 694 741 τοῦ
729 689 884 756 ἁγίου
935 689 1248 759 Πνεύματος
1278 688 1519 760 ζύμωσις
1538 705 1551 720 °
1605 690 1761 743 ἕκτον
1804 692 1824 743 ό

1934 689 2232 752 mcnlalio;
2267 700 2476 744 sextum
2509 690 2808 745 divinorum
2843 694 3226 764 promissorum
3271 695 3489 753 thesau-

258 780 539 850 Θησαυρὸς
571 780 677 832 τῶν
710 781 973 850 οὐρανίων
1007 779 1342 848 ἐπαγγελιῶν
1367 797 1379 809 ·
1432 779 1654 849 ἕϐδομον
1681 782 1712 849 ὴ
1740 780 1825 831 αὐ-

1937 797 2066 842 rus;
2132 782 2419 850 septimum
2479 781 2588 850 ipsa
2637 784 2726 836 Dei
2788 781 2950 838 Verbi
3010 786 3328 854 acquisitio.
3381 802 3489 854 quo

256 872 357 925 τοῦ
387 873 580 943 κτῆσις
617 872 712 925 τοῦ
734 871 867 924 Θεοῦ
896 873 1090 940 Λόγου,
1115 873 1172 925 ἐν
1197 864 1240 938 ᾧ
1271 873 1377 935 πᾶς
1409 874 1823 942 κατακοσμεῖται

1937 871 2302 942 unusquisque
2334 883 2650 939 exornatur,
2675 874 2765 944 qui
2803 891 2970 946 regno
3001 862 3261 940 cqalo'rum
3296 879 3489 948 dignus

257 965 288 1015 ό
319 965 425 1033 τῆς
452 963 726 1032 βασιλείας
756 963 862 1015 τῶν
887 963 1126 1035 οὐρανῶν
1155 963 1321 1028 ἄξιος.
1934 973 2038 1016 est.

333 1073 522 1130 Ταῦτα
540 1074 596 1128 δέ
633 1074 738 1146 πρὸ
765 1073 869 1126 τῶν
902 1072 1074 1143 ἔργων
1102 1075 1452 1141 ἁνεφωνεῖτο·
1487 1071 1836 1142 προλέγοντος

2006 1052 2128 1108 lltrc
2182 1061 2304 1107 ante
2351 1067 2514 1119 opera
2560 1052 2879 1122 loquebatur
2911 1051 3184 1125 Servator.
3239 1054 3490 1109 nimirum

259 1167 334 1222 τὰ
371 1166 630 1237 μέλλοντα
661 1143 876 1218 ἔσεσθαι
902 1165 994 1217 τού
1047 1165 1314 1234 Σωτῆρος,
1354 1164 1388 1217 δι
1437 1163 1499 1233 δὴ
1535 1163 1626 1216 καὶ
1651 1163 1826 1225 τέλους

1937 1159 2023 1198 res
2073 1143 2282 1198 futuras
2315 1145 2602 1207 nuntians,
2654 1159 2773 1209 qua:
2832 1159 3020 1214 reapse
3071 1146 3274 1199 exitum
3333 1144 3494 1214 paulo

259 1235 476 1322 οὐκήείς
509 1256 718 1328 μακρὸν
747 1255 1022 1326 ἐτύγχανε,
1047 1254 1185 1307 ὥστε
1227 1255 1342 1326 μετ’
1370 1254 1429 1306 οὐ
1462 1253 1626 1307 πολὺν
1650 1254 1826 1325 χρόνον

1936 1245 2050 1305 post
2083 1245 2250 1290 nacta:
2271 1236 2508 1300 sunt,ita
2538 1245 2595 1289 ut
2627 1237 2766 1289 haud
2797 1235 2952 1306 longa
2993 1251 3139 1289 mora
3176 1237 3489 1305 interposita

261 1326 566 1418 ὀφθαλμοῖς
610 1326 838 1416 όρᾶσθαι
890 1345 994 1397 τῶν
1051 1343 1226 1413 ἕργῶν
1275 1343 1340 1396 τά
1404 1342 1828 1412 ἀποτελέσματα.

1937 1337 2180 1397 spectare
2213 1327 2383 1382 oculis
2411 1342 2494 1382 res
2511 1336 2692 1396 gestas
2723 1327 2957 1383 licuerit.
2993 1326 3096 1382 Per
3125 1337 3294 1381 totum
3324 1327 3492 1398 igitur

265 1439 404 1492 Καθ’
436 1437 565 1508 ὅλης
592 1433 686 1490 οὖν
715 1436 774 1500 ἐξ
804 1436 1010 1489 ἐκείνου
1040 1437 1136 1505 τῆς
1182 1435 1288 1487 τῶν
1327 1433 1624 1505 ἀνθρώπων
1662 1436 1832 1486 οίκου-

1936 1435 1998 1474 ex
2025 1435 2089 1474 eo
2117 1428 2355 1488 tempore
2401 1419 2694 1478 mundum.
2733 1420 2878 1487 regni
2923 1417 3016 1472 Dei
3065 1415 3308 1488 sytnbola
3356 1415 3494 1484 apud

270 1530 443 1602 μένης
465 1531 532 1582 ἐκ
565 1527 665 1600 μὲν
699 1528 947 1581 ἁπάντων
984 1527 1091 1579 τῶν
1119 1526 1283 1579 ἐθνῶν
1312 1526 1378 1578 τὰ
1437 1526 1535 1595 τῆς
1576 1525 1668 1577 τοῦ
1701 1523 1836 1576 Θεοῦ

1936 1526 2126 1566 omnes
2165 1509 2388 1580 populos
2436 1509 2489 1562 in
2541 1509 2739 1564 Christi
2799 1508 3058 1563 Ecclesiis
3115 1509 3497 1572 cernebantur,

269 1598 546 1693 βασιλείας
565 1598 802 1692 σύμϐολα
822 1619 929 1690 (62)
948 1619 1032 1672 διὰ
1045 1618 1151 1672 τῶν
1168 1616 1497 1687 Ἑκκλησιῶν
1511 1615 1672 1669 αὐτοῦ
1687 1615 1836 1669 ὲθεω-

1938 1603 2181 1674 plurimis
2204 1603 2311 1668 jam
2342 1601 2646 1656 hominibus
2671 1602 2737 1654 ad
2770 1601 3024 1655 salutaris
3065 1598 3337 1669 Evangelii
3374 1613 3500 1653 nor-

273 1719 436 1788 ρείτο,
463 1716 674 1787 μυρίων
709 1715 765 1767 ἐν
806 1714 997 1774 αὐταῖς
1029 1711 1170 1764 κατὰ
1207 1710 1268 1762 τὺ
1301 1710 1563 1780 σωτήριον
1591 1707 1837 1776 Εὐαγγέ-

1938 1711 2078 1748 mam
2125 1695 2427 1748 viventibus
2455 1734 2471 1758 ,
2535 1703 2590 1750 et
2637 1695 2927 1764 prophetas
2975 1700 3184 1747 veteres
3247 1693 3498 1762 ipsosque

267 1807 384 1861 λιον
406 1806 691 1878 βιούντων,
732 1808 844 1868 τοῖς
879 1821 938 1856 τε
966 1804 1212 1866 παλαιοῖς
1241 1801 1544 1872 προφήταις
1571 1800 1663 1852 καὶ
1691 1797 1834 1868 αὐτῷ

1939 1784 2328 1848 Abrahamum,
2364 1785 2597 1838 lsaacum
2633 1794 2792 1852 atque
2811 1783 3068 1840 Iacobum
3111 1783 3354 1852 religiosa
3387 1782 3495 1851 pie-

895 1855 1092 1948 7'7Iaa‘dx
1142 1855 1235 1946 χοῖι
1277 1855 1583 1962 τῷ.’ίακῶϐ
1639 1855 1835 1959 ὁμοίως

1941 1885 2047 1929 late
2072 1876 2446 1930 :ernrnlantibus
2473 1894 2487 1929 :
2520 1877 2786 1944 siquidem
2815 1885 2869 1928 et
2894 1875 2971 1937 hi,
2995 1883 3237 1946 tempore
3262 1887 3497 1943 prmver—

271 1965 544 2044 θεοσεϐεῖν
565 1965 1025 2058 έριλοτιμουμένων
1046 2003 1058 2014 °
1090 1986 1213 2038 ἐπεὶ
1257 1985 1512 2046 κάκεῖνοι,
1543 1979 1837 2052 προλαϐόν-

1940 1976 2110 2022 tentes
2164 1965 2327 2019 Musis
2374 1966 2554 2033 leges,
2619 1969 2726 2018 vita
2790 1965 3100 2031 evangelica
3144 1979 3210 2017 ac
3260 1965 3501 2018 moribus

271 2098 363 2144 τες
391 2081 508 2144 τοῖς
546 2055 755 2151 χρόνοις
796 2055 921 2140 τούς
952 2076 1226 2138 Μωῡσέως
1251 2075 1465 2144 νόμους,
1501 2072 1576 2142 τῷ
1609 2073 1748 2126 κατὰ
1779 2071 1838 2123 τὸ

1939 2059 2304 2112 inclaruerunt
2332 2075 2346 2124 ;
2387 2058 2510 2128 quia
2541 2059 2797 2111 traditum
2829 2058 2930 2110 sibi
2967 2072 2995 2110 a
3022 2056 3320 2127 majoribus
3348 2055 3500 2126 poly-

273 2142 610 2238 Εύαγγέλιον
642 2165 740 2237 βίῳ
761 2183 819 2218 τε
841 2165 932 2217 κα)⁵
962 2165 1147 2235 τρόπῳ
1172 2142 1486 2232 διέλα-μψαν,
1520 2162 1617 2231 τῆς
1649 2161 1746 2231 μὲν
1777 2162 1840 2213 ἐκ

1941 2151 2152 2205 theisml
2190 2165 2428 2205 errorem
2458 2151 2795 2210 damnantes,
2827 2147 3147 2201 universalis
3194 2144 3286 2198 Dei
3314 2142 3501 2212 cogni-

275 2258 530 2330 πατέρων
555 2256 797 2327 ἡκούσης
827 2256 904 2317 είς
933 2254 1126 2317 αὐτοὺς
1167 2253 1424 2306 πολυθέου
1459 2251 1665 2321 πλάνης
1712 2267 1841 2303 κατ-

1942 2244 2138 2298 tionem
2201 2244 2544 2311 adoptarnnt.
2601 2243 2942 2310 Quapropter
2986 2239 3137 2292 multi
3185 2237 3387 2294 ethnici
3437 2251 3503 2291 ex

276 2329 598 2418 εγνωκότες,
633 2343 725 2400 τοῦ
755 2347 798 2399 δ’
825 2348 917 2401 ἐπὶ
945 2347 1159 2400 πάντων
1183 2345 1316 2399 Θεοῦ
1340 2345 1439 2415 τὴν
1463 2344 1664 2412 γνῶσιν
1697 2345 1841 2396 ἀνει-

1940 2336 2148 2390 oriente
2209 2347 2372 2403 atque
2431 2349 2625 2389 occasu
2672 2332 2884 2386 venturi
2947 2331 3222 2396 dicuntur,
3281 2329 3506 2400 parique

275 2439 526 2510 ληφότες.
570 2437 660 2492 Διὸ
691 2438 756 2508 δὴ
785 2437 890 2490 τῶν
921 2435 1087 2490 ἐθνῶν
1129 2438 1176 2490 οἱ
1234 2435 1414 2489 πολλοὶ
1447 2435 1539 2488 ἀπ’
1573 2434 1841 2487 ἀνατολῶν

1943 2427 2150 2480 honore
2184 2426 2347 2479 l'nturi
2377 2435 2540 2493 atque
2562 2425 2921 2490 Abrahamns,
2948 2425 3032 2477 vir
3057 2423 3152 2494 bea
3164 2434 3268 2487 tus,
3293 2434 3507 2492 propter

277 2531 371 2584 καὶ
394 2527 614 2600 δυσμῶν
641 2528 789 2599 ἥξειν
821 2528 1082 2600 εἴρηνται,
1127 2527 1221 2581 καὶ
1252 2528 1478 2596 ἰσότιμοι
1523 2525 1843 2597 γενήσεσθαι

1941 2517 2116 2572 simile
2152 2517 2275 2570 vitae
2300 2531 2488 2586 genus.
2536 2515 2735 2569 Horum
2768 2531 2896 2569 vero
2941 2515 3143 2584 posteri
3186 2530 3250 2570 ae
3289 2528 3505 2569 succes-

277 2624 390 2686 τοῖς
421 2621 688 2691 ἀμφὶτδν
734 2619 984 2690 Ἀϐραάμ
1033 2618 1319 2691 μακαρίοις
1362 2617 1582 2690 ἀνδράσι
1626 2616 1713 2669 διὰ
1747 2616 1842 2688 τὴν

1943 2622 2114 2671 sores,
2167 2605 2259 2658 lilii
2307 2606 2456 2674 regni
2512 2605 2580 2659 ob
2632 2620 2762 2659 suos
2812 2606 3188 2674 progenitores
3241 2601 3504 2658 nominati

283 2709 402 2780 ίσην
423 2709 654 2772 ἐκείνοις
680 2708 825 2778 ζωήν
850 2723 863 2736 ο
892 2709 941 2760 ei
974 2707 1017 2759 δ’
1049 2706 1227 2759 αὐτῶν
1257 2705 1474 2758 ἐκείνων
1508 2703 1758 2771 ἀπόγονοί
1785 2719 1844 2756 τε

1943 2707 2087 2752 Sunt.
2128 2695 2372 2765 Namque
2399 2696 2583 2749 intima
2618 2697 2665 2748 vi
2704 2695 2836 2764 ipsis
2859 2709 3074 2764 quoque
3114 2695 3282 2750 inerat
3309 2734 3325 2759 ,
3357 2709 3509 2762 aque

280 2800 373 2855 καὶ
403 2799 658 2870 διάδοχοι,
687 2799 794 2852 uici.
842 2799 941 2868 τῆς
995 2797 1270 2868 βασιλείας
1293 2796 1378 2848 διὰ
1415 2795 1540 2858 τούς
1571 2795 1843 2866 προπάτο-

1946 2805 2009 2844 ac
2038 2788 2491 2858 progenitoribus,
2516 2788 2757 2843 cmlestis
2800 2790 2949 2858 regni
2993 2789 3358 2857 participatio.
3406 2786 3510 2841 Sed

281 2907 380 2961 ρας
408 2889 824 2961 ὠνομασμένοι·
859 2889 1084 2958 δυνάμει
1116 2887 1224 2958 γὰρ
1255 2887 1347 2939 καὶ
1376 2887 1556 2949 αὐτοῖς
1591 2887 1845 2956 μετουσία

1946 2881 2088 2936 enim
2119 2882 2260 2949 quod
2289 2896 2318 2934 a
2351 2895 2407 2936 re
2449 2882 2712 2949 promissa
2744 2881 3065 2945 exciderint,
3109 2880 3332 2935 evidens
3370 2877 3511 2944 iudi-

275 2974 348 3052 ἦν
367 2979 570 3051 ὁμοίως
595 2982 704 3043 τοῖς
734 2964 1072 3050 προπάτορσι
1107 2979 1207 3048 τῆς
1251 2977 1500 3048 οὐρανίου
1533 2976 1806 3046 βασιλείας
1829 2993 1842 3007 ·

1945 2972 2085 3026 cium
2111 2980 2191 3026 est
2217 2971 2363 3024 urbis
2391 2971 2633 3038 vastitas,
2674 2971 2852 3041 templi
2888 2971 3159 3033 obsessio,
3188 2979 3243 3022 et
3277 2970 3509 3038 ipsorum

277 3069 426 3134 ὃπως
473 3069 768 3139 ἀπόϐλητοι
815 3070 920 3121 τῶν
964 3067 1300 3136 ἐπαγγελιῶν
1353 3067 1624 3135 γεγόνασι,
1654 3066 1844 3138 δεῖγμα

1948 3079 2042 3134 per
2073 3077 2260 3118 omnes
2293 3072 2477 3130 gentes
2507 3064 2768 3131 dispersio
2789 3103 2804 3129 ,
2856 3063 3089 3118 servitus
3125 3061 3264 3135 apud
3300 3060 3501 3122 hostes.

279 3161 508 3232 δναργές
531 3160 632 3230 τῆς
660 3161 865 3223 πόλεως
888 3162 920 3230 ή
948 3158 1167 3231 ἐρημία,
1185 3157 1276 3211 τοῦ
1305 3157 1448 3230 ἱεροῦ
1478 3159 1510 3227 ὴ
1546 3156 1844 3226 πολιορκία,

1951 3155 2276 3224 insuperque
2311 3153 2534 3223 legitimi
2566 3154 2780 3208 illorum
2808 3154 2986 3208 cultus
3010 3154 3238 3208 cessatio
3262 3191 3277 3213 ,
3311 3149 3512 3206 Christi

281 3248 374 3301 καὶ
406 3246 638 3318 αὐτῶνή
679 3251 757 3311 είς
801 3247 976 3300 πάντα
997 3246 1064 3299 τὰ
1096 3246 1220 3316 ἔθνη
1245 3244 1530 3316 διασπορὰ,
1561 3246 1654 3298 καὶ⁵
1685 3247 1717 3315 ή
1745 3246 1847 3297 ὐπὸ

1953 3248 2235 3317 ignoratio,
2269 3256 2320 3301 et
2345 3247 2411 3301 ab
2444 3247 2752 3317 evangelica
2781 3247 3026 3301 doctrina
3061 3245 3338 3299 alienatio.
3392 3242 3516 3297 llaec

279 3341 392 3402 τοῖς
418 3337 632 3409 ἐχθροῖς
661 3337 890 3397 δουλεία,
926 3339 1016 3389 καὶ
1038 3338 1128 3390 ἐπὶ
1151 3337 1354 3399 τούτοις
1392 3338 1423 3407 ή
1457 3336 1709 3407 στέρησις
1751 3336 1846 3406 τῆς

1958 3336 2156 3402 omnia,
2220 3337 2462 3406 inquam,
2515 3339 2666 3406 signa
2718 3339 3001 3408 perspicua
3051 3345 3178 3391 sunt
3225 3351 3411 3390 earnm
3464 3334 3516 3388 in

279 3426 422 3483 κατὰ
449 3429 520 3481 τὰ
549 3426 754 3498 νόμιμα
781 3426 956 3480 αὐτῶν
991 3425 1301 3497 θρησκείας,
1334 3425 1426 3478 τοῦ
1469 3441 1525 3477 τε
1554 3422 1786 3496 Χριστοῦ

1959 3425 2151 3494 quibus
2175 3437 2461 3481 versantur
2491 3427 2854 3492 tenebrarum,
2881 3437 3167 3497 propterea
3194 3425 3340 3495 quod
3372 3421 3515 3479 salu-

281 3518 546 3588 ἀγνωσία,
577 3520 672 3572 καὶ
699 3517 804 3572 τῶν
837 3516 1204 3586 εὐαγγελικῶν
1240 3517 1570 3587 μαθημάτων
1611 3518 1645 3587 ή
1683 3514 1848 3569 ἁπαλ-

1183 3535 1204 3570 ν
1240 3517 1570 3587 μαθημάτων
1611 3518 1645 3587 ἡ
1683 3514 1856 3569 ἁπαλ-
1962 3517 2061 3571 tari
2089 3516 2278 3570 lumini
2315 3519 2579 3573 adversati
2607 3527 2750 3573 sunt.

281 3610 593 3683 λοτρίωσις·
627 3611 795 3665 ταῦτα
827 3610 936 3681 γάρ
966 3610 1177 3663 ἅπαντα
1224 3611 1422 3678 σημεῖα
1455 3611 1669 3680 ἐμφανῆ
1714 3607 1798 3680 εἴη
1855 3605 1922 3661 ἂν
1964 3607 2056 3662 τοῦ
2101 3608 2437 3674 διαλαϐόντος
2483 3611 2679 3675 αὐτοὺς
2733 3609 2976 3675 σκότους,
3008 3627 3052 3679 ῳ
3082 3597 3524 3681 περιπεπτώκασι

261 3700 263 3702 ’
283 3703 374 3758 διὰ
397 3703 498 3776 τὴν
517 3702 612 3757 τοῦ
640 3705 906 3775 σωτηρίου
936 3705 1112 3773 φωτὸς
1133 3702 1468 3755 ἐναντίωσιν.

354 3823 434 3876 Δι’
463 3814 524 3875 οὗ
549 3822 694 3875 δοκεῖ
729 3838 816 3892 μοι
837 3820 945 3890 (65)
963 3819 1022 3872 τὸ
1044 3817 1327 3889 γνώρισμα
1347 3818 1446 3887 τῆς
1468 3817 1739 3888 βασιλείας
1754 3817 1852 3871 αὐ-

2020 3815 2124 3871 Per
2158 3815 2263 3871 hoc
2297 3814 2514 3869 videtur
2543 3814 2675 3868 mihi
2723 3814 2873 3885 regni
2906 3813 3073 3884 ipsius
3108 3816 3380 3869 notionem
3406 3821 3519 3868 tra-

283 3915 386 3986 τῆς
440 3913 792 3982 ὑποφαίνειν,
847 3913 928 3966 ὅτι
984 3910 1046 3982 δὴ
1092 3910 1350 3978 βασιλέως
1407 3910 1850 3981 ἐντετυπωμένην

1958 3909 2098 3974 dere,
2126 3909 2251 3978 quia
2285 3908 2426 3976 regis
2456 3907 2776 3976 impressam
2794 3906 3105 3976 imaginem,
3129 3905 3336 3959 denarii
3364 3920 3525 3960 cusus

287 4003 472 4058 εἰκόνα
508 4001 602 4056 τοῦ
635 4001 886 4074 δηναρίου
926 4000 986 4052 τὸ
1027 3999 1287 4071 χάραγμα
1330 4001 1599 4070 σημαίνει.
1641 4000 1853 4070 Ἐπειδὴ

1954 4009 2108 4069 typus
2142 4000 2383 4052 exhibet.
2415 3997 2550 4064 Quia
2596 3997 2758 4067 igitur
2801 4007 3032 4051 cunctos
3064 3997 3114 4049 in
3154 3996 3362 4050 vineam
3397 4010 3521 4064 pro-

287 4097 467 4151 τοίνυν
506 4097 712 4158 πάντας
753 4096 878 4158 τοὺς
911 4095 1003 4146 ἐπὶ
1054 4093 1142 4146 τὸν
1180 4092 1476 4162 ἀμπελῶνα
1514 4095 1608 4146 καὶ
1651 4094 1710 4145 τὸ
1755 4092 1852 4162 τῆς

1959 4091 2117 4145 lectos
2163 4101 2218 4145 et
2267 4090 2568 4159 religiosam
2600 4091 2851 4157 pietatem
2883 4088 3156 4156 amplexos
3181 4128 3196 4150 ,
3233 4101 3445 4156 unaque
3472 4096 3526 4140 et

290 4187 600 4250 θεοσεϐείας
631 4186 929 4256 πολίτευμα
968 4184 1351 4256 παρελθόντας,
1386 4187 1511 4254 μιᾶς
1539 4202 1597 4236 τε
1631 4185 1724 4235 καί⁵
1756 4184 1851 4253 τῆς

1956 4181 2144 4235 eadem
2211 4195 2376 4248 opera
2432 4180 2742 4249 perfunctos
2781 4218 2796 4242 ,
2878 4180 3064 4234 eodem
3128 4193 3293 4248 regno
3362 4177 3521 4246 potiri

289 4274 460 4344 αὐτῆς
521 4273 781 4344 ἐργασίας
829 4273 1170 4343 ἁψαμένους,
1207 4272 1305 4342 τῆς
1358 4273 1528 4341 αὐτῆς
1584 4271 1855 4341 βασιλείας

1961 4286 2165 4339 arquum
2193 4282 2333 4336 erat,
2356 4272 2474 4325 ideo
2500 4272 2710 4326 cunctis
2733 4273 2880 4340 regni
2916 4271 3242 4341 symbolum,
3272 4271 3528 4326 denarius

293 4362 582 4432 μετασχεῖν
601 4355 668 4430 ἦν
692 4359 914 4422 δίκαιον,
942 4360 1128 4412 τούτου
1158 4361 1314 4431 χάριν
1345 4361 1568 4424 εἰκότως
1597 4364 1706 4422 τοῖς
1728 4363 1858 4414 πᾶσι

1961 4364 2224 4427 videlicet,
2251 4363 2373 4431 jure
2408 4363 2602 4430 datur;
2635 4378 2863 4432 quorum
2905 4363 2993 4416 alii
3047 4362 3265 4431 quidem
3301 4361 3368 4416 ab
3396 4362 3528 4417 adoo

291 4453 388 4525 τῆς
421 4451 696 4522 βασιλείας
730 4451 791 4503 τὸ
824 4450 1086 4522 σύμϐολον
1118 4451 1177 4503 τὸ
1212 4451 1463 4522 δηνάριον
1498 4451 1818 4505 ἀποδίδωσιν
1843 4495 1858 4519 ,

1964 4454 2218 4510 lescentia
2251 4455 2468 4508 luerunt
2496 4455 2690 4520 vocati,
2726 4453 2816 4508 alii
2844 4455 2990 4510 circa
3023 4455 3255 4508 medium
3287 4453 3531 4510 humana:

291 4537 366 4597 ὧν
389 4545 440 4596 οί.
477 4543 574 4614 μὲν
601 4543 659 4596 ἐν
691 4542 900 4614 νεότητι
932 4541 1256 4613 ἐκλήθησαν,
1284 4546 1332 4594 οἱ
1351 4543 1405 4596 δέ
1432 4545 1555 4615 περὶ
1583 4545 1672 4596 τὸν
1701 4544 1858 4615 μέσον

1966 4548 2086 4600 vitae
2117 4556 2351 4615 tempus,
2395 4547 2484 4599 alii
2518 4544 2571 4598 in
2619 4555 2836 4600 aetatem
2883 4545 2992 4614 jam
3044 4545 3252 4600 virilem
3309 4554 3364 4600 et
3413 4561 3533 4615 per-

291 4634 390 4706 τῆς
417 4632 705 4706 ἀνθρώπου
741 4633 885 4703 ζωῆς
914 4632 1124 4702 χρόνον,
1171 4633 1219 4684 οἱ
1254 4632 1310 4684 δέ
1345 4631 1436 4683 τὸν
1469 4631 1636 4703 ἄνδρα
1658 4631 1856 4685 τέλειον

1966 4635 2156 4690 lectam
2190 4635 2449 4703 provecti,
2480 4633 2568 4688 alii
2603 4633 2836 4704 denique
2870 4634 2980 4704 jam
3021 4650 3179 4690 senes
3229 4644 3283 4690 et
3327 4635 3379 4690 in
3413 4634 3533 4689 vitae

293 4725 398 4798 ῆδη
435 4728 531 4777 καὶ
569 4723 982 4795 ὑπερϐεϐηκότα
1015 4723 1360 4793 ἀνειληφότες
1381 4762 1394 4785 ,
1427 4725 1474 4776 οἱ
1507 4723 1563 4776 δὲ
1599 4723 1739 4777 κατὰ
1769 4725 1858 4777 τὸν

1964 4741 2211 4783 occasum
2247 4724 2483 4778 decidui.
2524 4724 2776 4778 Fortasse
2810 4723 3006 4793 aliquis
3051 4725 3211 4779 aliter
3235 4724 3531 4794 explanatis

295 4812 608 4887 πρεσϐύτην
646 4813 808 4867 αὐτὸν
843 4812 1099 4884 γηραλὲοι
1141 4812 1324 4866 λοιπὸν
1374 4813 1467 4866 καὶ
1498 4812 1623 4883 περὶ
1655 4812 1861 4883 δυσμὰς

1965 4820 2128 4880 dicet,
2184 4832 2486 4887 congruere
2513 4817 2782 4886 parabolae
2833 4816 3196 4889 signiﬁcatum
3233 4817 3426 4885 priscis
3465 4815 3532 4868 ab

295 4905 512 4978 ἔχοντες
539 4904 632 4958 τοῦ
655 4904 792 4975 βίου.
827 4905 982 4958 Εἴποι
1007 4905 1050 4957 δ’
1080 4904 1143 4957 ἄν
1171 4921 1256 4967 τις
1288 4905 1382 4958 καὶ
1416 4903 1615 4975 ἑτέρως
1636 4902 1862 4974 ἐξηγού-

1965 4911 2283 4967 exordiente
2321 4913 2516 4964 mundo
2559 4927 2727 4981 usque
2753 4913 2819 4966 ad
2847 4913 2964 4981 ejus
3013 4910 3529 4966 consummationem

296 5014 460 5069 μενος
489 4996 846 5069 ἐφαρμόττειν
874 4996 942 5049 τὰ
968 4997 1054 5050 διὰ
1084 4997 1180 5067 τῆς
1214 4996 1523 5068 παραϐολῆς
1563 4995 1863 5066 δηλούμενα

1969 5004 2148 5058 divina
2185 5003 2464 5058 vocatione
2499 5004 2732 5072 diguatis
2763 5003 3110 5067 hominibus;
3159 5004 3230 5056 ita
3279 5013 3337 5054 ut
3374 5017 3533 5057 unane

291 5091 408 5152 τοῖς
448 5087 712 5141 ἀνέκαθεν
752 5089 815 5139 ἐκ
853 5086 1075 5157 πρώτης
1128 5085 1219 5139 τοῦ
1262 5086 1376 5155 βίου
1421 5087 1662 5149 στάσεως
1704 5087 1858 5159 μέχρι

1974 5094 2146 5146 vocati
2210 5094 2464 5148 dicantur
2520 5096 2586 5148 ad
2651 5095 2929 5162 religionis
2981 5107 3116 5162 opus
3137 5076 3226 5145 'illi
3255 5091 3344 5159 qui
3381 5090 3535 5146 initio

299 5180 609 5244 συντελείας
626 5179 880 5244 καταξιου
888 5180 1064 5250 μένοις
1080 5181 1176 5250 τῆς
1195 5181 1376 5234 ἐνθέου
1399 5181 1498 5252 κλή
1507 5198 1658 5243 σεωςο
1679 5180 1864 5250 ὥσπερ

1970 5185 2150 5238 mundi
2189 5185 2332 5253 juste
2387 5185 2684 5238 vixerunt:
2723 5184 2956 5239 secundo
3027 5182 3145 5236 loco
3212 5179 3399 5235 Euoch
3473 5194 3537 5233 ac

295 5268 417 5341 ἅμα
445 5269 589 5343 πρωϊ
611 5270 904 5341 κεκλῆσθαι
931 5271 1107 5336 λέγειν
1138 5272 1228 5325 ἐπὶ
1250 5271 1344 5342 τὴν
1369 5271 1672 5335 θεοσεϐείας
1703 5273 1862 5344 ἐργα-

1970 5273 2121 5328 Noe:
2155 5278 2309 5330 tertia
2368 5275 2500 5329 hora
2547 5277 2889 5330 Abrahamns
2921 5293 2934 5328 :
2972 5285 3121 5328 sexta
3182 5273 3309 5328 hora
3363 5270 3537 5325 Moses

299 5360 423 5414 σίαν
447 5363 574 5426 τοὺς
606 5362 744 5415 κατὰ
765 5363 862 5432 τὴν
887 5363 1058 5434 ἀρχὴν
1089 5357 1180 5415 τοῦ
1212 5363 1324 5433 βίου
1365 5363 1610 5436 πρώτους
1644 5364 1864 5418 δικαιω-

1969 5376 2018 5421 et
2073 5366 2237 5422 Josne
2285 5386 2348 5422 ac
2400 5368 2610 5437 judices
2648 5383 2662 5420 :
2705 5385 2844 5422 nona
2901 5367 3028 5420 hora
3087 5365 3332 5421 homines
3379 5375 3536 5419 aetate

302 5450 524 5514 θένταςο
557 5452 838 5526 δευτέρους
863 5454 919 5506 δὲ
939 5455 1064 5518 τοὺς
1093 5455 1236 5525 ἀμφὶ
1263 5455 1354 5507 τὸν
1389 5453 1557 5525 Ἑνὼχ
1592 5456 1685 5509 καί
1719 5455 1861 5508 Νῶεο

1968 5462 2345 5528 prophetarutn
2381 5478 2394 5513 :
2439 5461 2670 5528 denique
2722 5459 3002 5513 undecima
3034 5458 3166 5512 hora
3194 5457 3271 5511 illi
3294 5457 3386 5526 qui
3413 5465 3535 5526 post

371 5658 486 5742 (ϐξ)
526 5659 1178 5742 $ymbola_inte_ll_ignn_tur
1209 5663 1508 5742 praesertim
1545 5678 1737 5742 cruces
1757 5670 1868 5742 ,Mnt
1966 5663 1997 5687 "
2039 5665 2150 5742 ((55)
2189 5665 2430 5742 Sequens
2469 5663 2832 5742 fragmentum
2857 5665 3124 5742 usquead
3157 5663 3452 5742 ανειρὲρετο
3479 5662 3532 5718 in

299 5731 681 5872 mastgiaulgqui
728 5733 867 5789 solet
910 5731 1244 5802 Nicephorus
1292 5734 1344 5787 in
1381 5749 1543 5803 Opere
1596 5734 1701 5788 Pro
1755 5732 1856 5788 SS.
1928 5731 2151 5820 Tcodice
2177 5739 2220 5791 Α
2250 5731 2442 5793 dicitur
2467 5731 2680 5792 Eusebii
2711 5735 2868 5792 simul
2895 5731 3249 5808 et'Origenis.
