3968 6516
476 408 576 464 571
1169 395 1437 455 EUSEBII
1475 391 1956 452 CESABIENSIS
1991 390 2142 449 OPP.
2184 389 2362 446 PARS
2395 389 2589 446 llI.‘—-
2627 383 3034 442 EXEGE‘I‘ICA.
3601 378 3717 433 572

475 519 642 576 divini
668 514 975 572 Servatoris
999 511 1490 568 maniiestationem
1511 507 1853 562 exstiterunt.
1870 506 2042 576 Atque

2154 506 2269 568 τοὺς
2307 505 2435 576 περὶ
2463 503 2562 574 τὴν
2589 503 2776 573 τρίτην
2809 500 2938 562 τοὺς
2976 499 3118 567 ἀμφὶ
3149 496 3239 548 τὸν
3275 492 3550 566 ’Δϐραάμο
3579 494 3715 555 τοὺς

477 614 579 667 hos
607 624 797 665 omnes
825 608 1018 677 dig-nos
1037 620 1159 660 esse
1187 604 1398 658 habitos
1424 601 1566 654 dicet
1594 613 1698 652 una
1744 598 2035 667 eademque

2154 599 2192 652 se
2227 599 2355 669 περὶ
2375 597 2472 668 τὴν
2495 596 2660 666 ἕκτην
2676 595 2800 656 τοὺς
2831 590 2974 661 ἀμφὶ
3005 588 3094 640 τὸν
3121 585 3355 641 Μωῦσέα
3377 585 3469 638 καὶ
3500 582 3717 654 Ἰησοῦν

475 701 746 764 mercede,
778 676 1002 753 denario
1045 695 1368 765 signiﬁcata,
1417 691 1510 760 qui
1565 689 1620 744 in
1671 689 1765 743 Dei
1809 703 2033 758 regnum

2154 688 2232 742 ιαὶ
2269 687 2496 759 κριτάς·
2539 686 2666 747 τοὺς
2707 683 2766 735 δὲ
2796 682 2924 752 περὶ
2953 680 3050 750 τὴν
3079 677 3302 746 ἐννάτην
3333 676 3454 738 τοὺς
3495 677 3551 727 ὲν
3593 676 3712 736 τοῖς

476 791 844 863 deferebatur.

2154 781 2351 852 (ρόνοις
2379 778 2487 833 τῶν
2521 775 2812 848 προφητῶν
2834 792 2847 804 ·
2876 774 2998 837 τοὺς
3026 771 3084 825 δὲ
3118 771 3247 841 περὶ
3273 768 3368 839 τὴν
3395 768 3715 837 ἑνδεκάτην,

475 887 602 948 τοὺς
631 884 767 954 μετὰ
803 883 904 953 τὴν
939 883 1202 954 σωτήριον
1236 877 1550 946 θεοφάνειαν
1570 893 1582 906 ·
1621 874 1712 939 οὓς
1741 874 1804 946 δὴ
1837 874 2042 938 πάντας
2068 875 2569 947 καταξιωθήσεσθαι
2601 874 2715 936 ένὺς
2743 872 2836 925 καὶ
2867 869 2960 923 τοῦ
2999 867 3160 922 αὐτοῦ
3209 864 3398 936 μισθοῦ
3421 864 3514 917 τοῦ
3568 865 3715 918 κατὰ

476 981 537 1033 τὸ
561 979 809 1051 δηνάριον
839 978 1226 1048 δεδηλωμένου,
1253 975 1386 1044 ὅπερ
1415 973 1494 1034 είς
1530 971 1628 1042 τὴν
1658 969 1750 1022 τοῦ
1780 968 1914 1022 Θεοῦ
1944 969 2215 1040 βασιλείαν
2242 972 2550 1041 ἀνεφέρετο.

2151 1069 2234 1121 Οὐ
2256 1066 2341 1136 μή
2366 1083 2441 1136 με
2462 1065 2630 1136 ἴδητε
2664 1063 2775 1136 ἕως
2805 1061 2882 1115 ἂν
2907 1060 3027 1136 ἢμξῃ
3047 1057 3152 1136 ὅτε
3173 1055 3406 1136 simil-e-
3427 1057 3714 1136 ⁸Εὐλογη-

2316 1125 2498 1206 heroi;
2525 1125 2556 1188 ὁ
2583 1125 2902 1203 ἐρχόμενος
2931 1125 3004 1182 ἐνί
3018 1125 3266 1194 ὀνόματι
3292 1125 3530 1191 Κυρίου.

2215 1227 2513 1297 Αὐτοὶ-γὰρ
2547 1228 2773 1290 ἐκεῖνοι,
2813 1219 2895 1287 οἷς
2922 1222 3040 1274 τότε
3066 1216 3258 1289 παρὼν
3288 1215 3517 1286 παροῦσι
3549 1211 3718 1266 διελέ-

481 1097 524 1128 ¹⁰
567 1093 688 1149 Non
723 1111 803 1148 me
835 1093 1096 1154 videbitis,
1126 1091 1288 1142 donec
1318 1088 1486 1141 veniat
1520 1101 1636 1154 cum
1658 1085 1862 1152 dicetis,
1884 1083 2052 1140 Bene-

720 1164 890 1216 dictus
916 1164 1004 1232 qui
1045 1153 1180 1215 venit
1224 1159 1278 1211 in
1322 1157 1525 1210 nomine
1555 1153 1793 1208 Domini.

547 1254 750 1323 Nempe
788 1254 950 1307 iidem
996 1252 1271 1312 homines,
1314 1247 1634 1315 quibuscum
1695 1244 2050 1313 praesentibus

476 1360 712 1413 praesens
744 1343 858 1413 ipse
889 1341 1230 1410 loquebatur,
1262 1337 1444 1392 statim
1475 1349 1536 1389 ac
1564 1349 1685 1388 eum
1717 1335 1896 1388 divina
1920 1350 2042 1389 cum

479 1435 652 1503 gloria
709 1442 870 1500 atque
928 1430 1242 1499 angelorum
1299 1425 1555 1480 comitatu
1613 1422 1918 1476 venientem
1975 1423 2044 1478 de

474 1526 614 1579 ctelo
647 1524 904 1585 viderint,
941 1528 1202 1591 cogentur
1263 1533 1384 1573 eum
1430 1514 1675 1569 conﬁteri
1703 1514 2042 1569 benedictum

477 1617 566 1684 qui
596 1615 739 1670 venit
769 1616 822 1669 in
846 1614 1062 1668 nomine
1098 1610 1304 1664 Domini
1336 1610 1511 1667 Patris
1537 1613 1640 1667 sui.

477 1709 521 1740 “
558 1711 731 1763 Homo
764 1707 978 1777 quidam
1025 1703 1146 1772 fecit
1191 1715 1390 1822 caletnam
1435 1701 1717 1773 magnam}
1762 1706 1811 1754 et
1845 1697 2043 1754 vocavit

1149 1788 1233 1822 mu
1285 1787 1366 1822 οε.

1149 1787 1366 1825 ιηιιιιοε.

546 1866 768 1920 Diversa
801 1874 885 1919 est
913 1863 1027 1917 haec
1059 1858 1311 1930 parabola
1342 1861 1408 1913 ab
1446 1875 1510 1916 ea
1543 1875 1702 1931 quam
1754 1859 2040 1912 lllatthmus

473 1958 663 2014 scribit
703 1958 766 2011 ".
801 1956 876 2010 lbi
915 1954 1058 2008 enim
1115 1967 1229 2014 rex,
1281 1953 1586 2021 nuptimque
1633 1952 1725 2004 lilii
1776 1948 1934 2020 regii,
1987 1958 2042 2002 et

477 2057 761 2103 vocatores
804 2045 958 2100 multi
1003 2053 1147 2109 sunt,
1182 2050 1236 2096 et
1267 2043 1442 2095 vocati
1476 2058 1578 2096 non
1610 2042 1855 2104 iverunt,
1910 2039 2040 2107 quin

478 2139 589 2193 imo
614 2152 803 2193 servos
829 2135 1168 2192 contumeliis
1193 2133 1415 2188 affectos
1441 2133 1777 2198 occiderunt,
1812 2138 1866 2184 et
1889 2144 2040 2184 exer-

473 2232 618 2286 citus
671 2238 1044 2285 commovetur
1097 2228 1149 2281 in
1199 2241 1481 2284 servorum
1538 2224 1940 2286 interfectores,
1990 2231 2047 2274 et

475 2322 697 2391 quidam
761 2321 830 2375 ob
892 2330 1090 2376 vestem
1158 2321 1432 2376 sordidam
1502 2315 1728 2385 nuptiali
1797 2312 2043 2370 convivio

477 2411 789 2481 expellitur.
823 2410 922 2466 Hic
960 2421 1141 2466 autem
1185 2427 1325 2467 unus
1356 2411 1516 2464 homo
1540 2406 1899 2480 iptroducitur
1928 2443 1944 2469 ,
1991 2413 2046 2457 et

478 2517 632 2558 caena
662 2503 893 2568 privata,
934 2513 988 2557 et
1031 2518 1168 2557 unus
1195 2514 1417 2557 vocator
1453 2501 1706 2566 mittitur,
1762 2508 1817 2553 et
1872 2493 2044 2550 vocati

478 2596 841 2664 deprecantur
870 2595 1239 2648 tantummodo
1272 2593 1634 2654 vocationem,
1662 2587 2045 2658 occupationes

477 2700 605 2739 suas
636 2685 1049 2753 praetendentes.
1086 2685 1347 2754 Quodque
1392 2685 1526 2738 adeo
1566 2683 1890 2751 praecipuum
1930 2686 2036 2743 est,

478 2773 566 2826 illa
592 2774 642 2826 in
673 2774 868 2842 templo
890 2774 1030 2826 dicta
1064 2773 1166 2827 fuit
1189 2774 1330 2842 apud
1367 2771 1652 2843 pontiﬁces
1695 2769 2046 2836 senioresque

479 2863 679 2932 populi,
736 2865 850 2918 haec
895 2864 948 2917 in
993 2863 1214 2918 Galiltea
1253 2864 1400 2917 domi
1445 2861 1726 2930 cujusdam
1785 2856 2047 2928 principis

477 2956 756 3012 Pharisaei.
805 2956 869 3010 Et
920 2957 1136 3024 quidem
1185 2971 1326 3009 unus
1375 2952 1826 3010 discumbentium
1875 2948 2043 3010 audit,

479 3049 672 3102 Beatus
707 3047 809 3100 eris
853 3049 978 3116 quia
1027 3063 1128 3101 non
1170 3046 1360 3098 habent
1405 3045 1544 3115 quod
1585 3042 1678 3096 tibi
1723 3040 2045 3098 retribuam;

483 3140 792 3194 retribuetur
829 3139 966 3192 enim
1013 3139 1106 3191 tibi
1148 3138 1202 3191 in
1243 3137 1513 3206 justorunt
1558 3133 1935 3188 resurrectione
1979 3128 2042 3182 ⁸³.

2154 3115 2262 3166 οὐκ
2294 3112 2546 3179 ἔχουσιν⁸
2583 3104 2883 3160 ἀνταποδο

481 3229 652 3284 Porro
721 3229 1044 3283 resurreCtio
1109 3229 1248 3282 idem
1313 3240 1433 3281 esse
1499 3221 1814 3291 intelligitur
1885 3226 2047 3286 atque

479 3336 702 3390 regnum
737 3321 848 3375 Dei.
894 3319 1011 3374 Jam
1044 3323 1179 3376 vero‘
1218 3321 1265 3375 ei
1311 3321 1399 3388 qui
1450 3319 1685 3384 dixerat,
1718 3311 1913 3366 Beatus
1958 3311 2046 3379 qui

476 3427 664 3478 penem
693 3417 922 3466 comedet
972 3413 1026 3465 in
1068 3428 1224 3480 regno
1258 3410 1354 3464 Dei
1381 3409 1466 3477 ειη
1496 3407 1744 3477 quisnam
1777 3410 1922 3458 esset
1959 3401 2044 3452 hic

479 3501 668 3556 beatus
706 3501 999 3556 declaravit
1049 3500 1308 3556 Servator
1354 3516 1448 3569 per
1496 3494 1807 3568 parabolam
1840 3491 2043 3552 d.cens,

481 3592 655 3646 Homo
712 3596 926 3664 quidam
961 3609 1159 3647 caenam
1213 3606 1456 3662 magnam
1525 3589 1689 3658 fecit;
1743 3598 1928 3638 rursus
1991 3593 2050 3634 se
2148 3583 2181 3620 τ

481 3681 657 3750 ipsum
694 3686 779 3739 his
806 3684 982 3737 verbis
1005 3681 1276 3736 hominem
1320 3679 1621 3734 nominans.

2143 1338 2296 1390 γετο,
2320 1318 2580 1388 θεώμενοι
2607 1316 2766 1370 αὑτὸν
2796 1313 2932 1386 μετὰ
2957 1313 3055 1382 τῆς
3081 1309 3262 1362 ἐνθέου
3291 1305 3464 1375 δόξης,
3495 1303 3590 1357 καὶ
3616 1304 3718 1354 σὺν

2150 1410 2394 1480 ἀγγέλων
2431 1407 2724 1480 δορυφορίᾳ
2748 1405 3037 1477 ἐρχόμενον
3057 1400 3115 1466 ἐξ
3141 1397 3402 1470 οὐρανῶν,
3435 1393 3718 1464 ὁμολογεῖν

2150 1499 2651 1571 ἀναγκασθήσονται
2697 1496 2858 1550 αὑτὸν
2901 1488 3038 1546 εἶναι
3077 1490 3166 1544 τὸν
3213 1484 3572 1555 εύλογημένον
3627 1483 3718 1536 τὸν

2150 1591 2441 1664 ἐρχόμενον
2466 1590 2524 1642 ὲν
2556 1587 2776 1657 ὀνόματι
2801 1583 3003 1654 Κυρίου
3035 1579 3128 1634 τοῦ
3159 1575 3350 1631 ἑαυτοῦ
3377 1572 3606 1664 Πατρός.

2152 1662 2482 1752 Ἄνθρωπός
2502 1697 2592 1746 τις
2605 1673 3113 1752 ἐποίησςοδεςῖπιῃς
3137 1669 3308 1741 μέγα,
3333 1667 3429 1720 καὶ
3457 1662 3720 1719 ἐκάλεσε

2706 1741 2972 1810 πολλούς
3005 1741 3138 1812 (et).

2227 1843 2504 1913 Ἀλλοτρία
2552 1841 2688 1911 αῦτη
2734 1840 2768 1909 ἡ
2814 1833 3096 1906 παραϐολὴ
3140 1828 3275 1902 πρὸς
3305 1826 3403 1898 τὴν
3439 1823 3593 1896 παρά

2142 1910 2429 2004 Ματθαίῳ.
2480 1933 2626 1984 Ἐκεῖ
2664 1910 2760 2000 μὲν
2799 1925 2905 1996 γὰρ
2942 1921 3213 1993 βασιλεὺς,
3267 1917 3361 1970 καὶ
3395 1915 3560 1984 γάμοι
3596 1910 3717 1964 υἱοῦ

2145 2023 2426 2094 βασιλέως,
2447 2021 2541 2074 καὶ
2560 2019 2822 2089 κλήτορες
2853 2011 3057 2075 πολλοὶ,
3087 2009 3181 2063 καὶ
3207 2007 3255 2060 οἱ
3294 2005 3584 2076 κληθέντες
3615 2004 3719 2055 οὐκ

2141 2112 2400 2186 ἀπῆλθον,
2429 2109 2560 2164 ἀλλὰ
2584 2110 2676 2162 καὶ¹
2705 2108 2830 2168 τοὺς
2850 2103 3066 2170 δούλους
3091 2100 3319 2170 ὕϐρισαν
3344 2096 3436 2149 καὶ
3461 2094 3720 2148 ἀπέκτει-

2142 2225 2260 2268 ναν,
2285 2206 2379 2258 καὶ
2406 2202 2718 2273 στράτευμα
2743 2196 3055 2267 κινούμενον
3075 2190 3214 2246 κατά
3228 2189 3338 2244 τῶν
3363 2186 3720 2259 ἀνῃρηκότων

2143 2297 2267 2358 τοὺς
2296 2271 2533 2354 δούλους,
2568 2290 2662 2343 καὶ
2689 2289 2717 2340 6
2749 2285 2836 2340 διὰ
2863 2285 2961 2356 τὴν
2998 2279 3246 2354 ῥυπαρὰν
3294 2276 3492 2346 ἐσθῆτα
3521 2271 3720 2326 ἐκϐαλ-

2143 2385 2365 2455 λόμενος
2386 2381 2478 2434 τοῦ
2510 2379 2708 2450 γάμου·
2734 2371 2836 2430 ὧδε
2855 2374 2912 2428 δὲ
2938 2372 3219 2444 ἄνθρωπος
3241 2367 3515 2434 εἰσάγεται
3539 2362 3718 2432 ψιλὸς,

2145 2478 2238 2530 καὶ
2263 2477 2476 2528 δεῖπνον
2499 2471 2702 2533 ἁπλῶς,
2731 2469 2823 2522 καὶ
2846 2462 2925 2530 εἷς
2955 2465 3045 2518 ἐπὶ
3069 2463 3166 2534 τὴν
3199 2461 3389 2531 κλῆσιν
3439 2457 3720 2526 ἐκπέμπε-

2143 2584 2253 2632 ται,
2291 2565 2382 2618 καὶ
2425 2564 2474 2616 οἱ
2519 2561 2810 2630 κληθέντες
2854 2554 3243 2628 παραιτοῦνται
3274 2553 3431 2622 μόνον
3464 2550 3562 2620 τὴν
3589 2546 3720 2616 κλῆ-

2147 2674 2253 2721 σιν,
2287 2653 2542 2724 ἀσχολίαν
2569 2649 2957 2721 σκηπτόμενοι.
2979 2647 3054 2699 Τὸ
3078 2645 3133 2698 δὲ
3166 2638 3716 2712 κεφαλαιωδέστερον,

2146 2751 2226 2803 ὅτι
2249 2747 2432 2817 ἐκείνη
2462 2745 2559 2817 μὲν
2591 2746 2646 2796 ὲν
2673 2741 2753 2812 τῷ
2786 2739 2916 2811 ἱερῷ
2945 2738 3165 2790 λέλεκτο
3207 2736 3344 2806 πρὸς
3370 2735 3498 2795 τοὺς
3530 2733 3720 2802 ἀρχιε-

2149 2841 2260 2911 ρεῖς
2300 2837 2392 2890 καὶ
2425 2833 2824 2906 πρεσϐυτέρους
2862 2827 2955 2882 τοῦ
2984 2827 3137 2891 λαοῦ,
3189 2825 3326 2896 αὕτη
3377 2823 3420 2876 δ’
3470 2821 3562 2875 ἐπὶ
3613 2821 3719 2890 τῆς

2145 2928 2428 2991 Γαλιλαίας
2457 2929 2513 2980 ὲν
2531 2924 2674 2995 οίκίᾳ
2692 2922 2836 2984 τινὸς
2863 2919 3120 2991 ἄρχοντος
3143 2915 3432 2988 Φαρισαίου
3447 2932 3459 2945 ·
3477 2912 3585 2965 τῶν
3609 2911 3720 2982 γὰρ

2149 3015 2618 3087 συνανακειμένων
2640 3030 2724 3075 τις
2751 3009 2988 3071 ἀκούσας
3017 3007 3097 3070 τὸ,
3124 3004 3424 3072 Μακάριος
3459 3002 3595 3072 ἔσῃ,
3629 3001 3720 3053 ὅτι

2888 3103 3026 3157 {irai
3059 3115 3158 3155 σοι
3188 3118 3200 3130 ·
3243 3095 3723 3162 ἀνταποδοθήσε-

2152 3221 2248 3256 ται
2276 3199 2388 3270 τάρ
2429 3214 2526 3253 σοι
2571 3198 2640 3250 ἐν
2679 3196 2755 3264 τῇ
2782 3191 3110 3249 ἀναστάσει
3159 3189 3275 3244 τῶν
3303 3189 3546 3241 δικαίων
3567 3203 3580 3216 ·
3615 3186 3720 3255 τῆς

2151 3290 2497 3351 ἀναστάσεως
2526 3288 2617 3341 καὶ
2640 3287 2740 3356 τῆς
2766 3284 3036 3355 βασιλείας
3059 3282 3147 3336 τοῦ
3179 3280 3310 3334 Θεοῦ
3350 3281 3474 3350 μιᾶς
3500 3279 3594 3332 καὶ
3621 3278 3721 3348 τῆς

2153 3385 2322 3454 αὐτῆς
2344 3382 2655 3452 νοουμένης.
2693 3379 2835 3450 Πρὸς
2856 3373 2948 3430 οὖν
2980 3377 3070 3429 τὸν
3107 3374 3379 3446 εἰρηκότα,
3415 3371 3720 3440 Μακάριος

2151 3475 2319 3539 ὅστις
2352 3471 2605 3542 φάγηται
2638 3469 2820 3536 ἄρτον
2851 3468 2919 3521 ἐν
2957 3467 3032 3536 τῇ
3062 3465 3345 3530 ,βασιλείᾳ
3381 3463 3486 3516 τοῦ
3534 3461 3717 3524 Θεοῦ,

2189 3565 2234 3628 ξς
2261 3563 2324 3616 ἂν
2363 3561 2568 3630 γένοιτο
2599 3553 2753 3620 οὗτος
2781 3558 2809 3609 6
2852 3556 3116 3627 μακάριος
3153 3554 3237 3606 διὰ
3274 3553 3372 3622 τῆς
3407 3549 3720 3621 παραϐολῆς

2151 3659 2179 3710 6
2207 3653 2398 3724 Σωτὴρ
2435 3651 2736 3723 παρίστησι
2763 3648 2959 3716 λέγων,
2988 3645 3316 3715 Ἄνθρωπός
3344 3661 3433 3708 τις
3468 3642 3719 3709 ἐποίησε

478 3745 726 3844 peiuri-or
763 3774 942 3845 μέγαο
978 3773 1136 3828 πάλιν
1177 3772 1335 3834 αὐτὸς
1368 3770 1557 3824 ἑαυτὸν
1607 3770 1666 3823 ὲν
1703 3767 1912 3827 τούτοις
1946 3760 2224 3830 ἄνθρωπον
2253 3745 2550 3818 ὀνομάζωνο

553 3871 625 3927 Ut
675 3882 854 3927 autem
905 3886 1098 3941 magna
1143 3884 1297 3925 ctena
1323 3882 1567 3938 quaenam
1619 3865 1691 3919 sit
1741 3862 2036 3930 intelligas,

482 3957 700 4013 interim
744 3957 958 4027 quidem
995 3968 1179 4024 specta
1223 3957 1328 4011 hoc
1365 3958 1418 4010 in
1445 3957 1575 4009 orbe
1599 3953 1848 4008 universo
1887 3950 2047 4020 spiri-

483 4047 587 4101 tale
631 4048 934 4101 convivium
975 4062 1252 4100 sacrorum
1306 4046 1716 4113 divinorumque
1766 4043 2040 4104 ciborum,

2226 3858 2383 3926 Μέγα
2414 3855 2468 3908 δὲ
2502 3851 2664 3906 αὐτοῦ
2693 3851 2906 3903 δεῖπνον
2939 3849 3171 3920 νοήσεις,
3201 3847 3337 3909 τέως
3374 3845 3470 3916 μὲν
3509 3842 3717 3898 ἀπιδὼν

2148 3953 2226 4014 εἰς
2255 3950 2315 4002 τὸ
2355 3946 2474 4000 καθ’
2505 3945 2633 4014 ὅλης
2666 3943 2766 4013 τῆς
2807 3940 3130 4010 οἰκουμένης
3167 3938 3379 4006 λογικὸν
3419 3937 3718 4007 συμπόσιον

2145 4043 2252 4097 τῶν
2292 4039 2450 4112 ιερῶν
2496 4038 2590 4092 καὶ
2618 4036 2775 4089 Θείων
2798 4032 3011 4105 τροφῶν
3043 4029 3151 4084 τῶν
3179 4029 3453 4099 πανταχοῦ
3492 4029 3598 4098 γῆς
3629 4029 3717 4082 διὰ

480 4141 623 4208 quod
674 4140 884 4208 ubique
941 4150 1204 4194 terrarum
1282 4154 1381 4208 per
1434 4136 1689 4191 divinitus
1757 4133 2042 4204 inspiratas

2154 4134 2251 4188 τῶν
2299 4129 2667 4185 Θεοπνεύστων
2710 4122 3152 4194 ἀναγνωσμάτων
3200 4121 3332 4173 πᾶσι
3384 4122 3494 4181 τοῖς
3540 4118 3716 4170 ἕΟνεσι

482 4230 790 4298 Scripturas
826 4231 1039 4286 cunctis
1081 4229 1290 4300 pupulis
1320 4230 1628 4283 exhibetur.
1676 4227 1816 4281 Hinc
1861 4233 2040 4277 autem

2154 4219 2624 4295 παραδεδομένων*
2656 4215 2903 4270 ἐντεῦθεν
2934 4214 2989 4267 δὲ
3030 4212 3237 4284 μετάϐα
3270 4213 3333 4281 τῇ
3381 4209 3585 4278 διανοίᾳ
3625 4209 3715 4262 ἐπὶ

483 4331 716 4375 mentem
750 4322 979 4376 transfer
1008 4323 1073 4375 ad
1103 4329 1474 4390 exspectatum
1499 4319 1756 4373 cmlorum
1791 4327 2039 4383 regnum,

2154 4319 2251 4390 τὴν
2274 4309 2722 4386 προσδοκωμένην
2753 4307 2861 4361 τῶν
2898 4305 3141 4378 οὐρανῶν
3168 4301 3441 4374 βασιλείαν
3465 4319 3478 4333 ο
3511 4301 3604 4354 καὶ
3636 4303 3715 4364 είς

482 4422 646 4479 atque
674 4423 864 4479 reputa
887 4425 1100 4465 ctenam
1143 4411 1288 4464 illam
1338 4424 1468 4463 vere
1517 4422 1782 4477 magnam,
1843 4405 1894 4457 in
1937 4416 2041 4470 qua

2154 4409 2353 4463 ἔννοιαν
2377 4403 2495 4458 ἐλθὲ
2526 4401 2615 4454 τοῦ
2646 4401 2766 4453 τότε
2796 4398 3028 4470 μεγάλου
3059 4396 3132 4459 ὡς
3155 4393 3368 4466 ἀληθῶς
3398 4392 3630 4455 δείπνου,
3657 4395 3714 4445 ὲν

479 4517 604 4558 cum
636 4503 862 4570 angelis,
895 4503 1201 4569 divinisque
1243 4502 1500 4554 caelorum
1539 4499 1828 4553 virtutibus
1871 4495 2042 4549 beatte

2154 4493 2191 4568 ᾧ
2225 4493 2725 4554 συναναπαύσονται
2771 4490 3020 4560 ἀγγέλοις
3053 4489 3144 4540 καὶ
3179 4490 3298 4549 ταῖς
3345 4486 3461 4538 κατ’
3487 4483 3714 4555 ούρανδν

481 4594 677 4646 anima:
709 4594 1070 4662 requiescent,
1102 4593 1522 4662 angelorumque
1543 4604 1678 4658 pane
1697 4589 2000 4643 nutrientur
2025 4604 2040 4642 :

2154 4589 2327 4651 θείαις
2359 4587 2652 4654 δυνάμεσιν
2681 4583 2734 4634 αἱ
2772 4581 2880 4634 τῶν
2906 4579 3188 4652 μακαρίων
3213 4579 3399 4650 ψυχαὶ,
3436 4579 3492 4630 ὲν
3522 4569 3566 4643 ᾧ
3585 4592 3714 4647 τρα-

482 4698 588 4751 quo
605 4698 736 4736 sane
765 4694 1003 4751 tempore
1028 4684 1227 4737 dictum
1252 4684 1378 4736 illud
1409 4684 1636 4737 lirmiter
1663 4680 2042 4749 splendideque

2154 4681 2407 4750 φήσονται
2444 4674 2521 4745 τῷ
2555 4674 2662 4726 τῶν
2701 4671 2942 4740 ἀγγέλων
2973 4672 3151 4744 ἄρτῳ·
3188 4669 3561 4740 πληρουμένου
3612 4684 3712 4720 κυ-

479 4773 856 4842 cumplebitur,
893 4771 1091 4826 Panem
1119 4774 1422 4841 angelorum
1443 4772 1778 4825 manducavit
1800 4771 1952 4823 homo
1975 4770 2038 4826 ⁸⁸.

2154 4771 2283 4842 ρίως
2327 4769 2445 4820 τότε
2515 4767 2609 4820 καὶ
2672 4763 2986 4835 Θεοπρεπῶς
3028 4762 3120 4816 τοῦ
3174 4762 3470 4831 φάσκοντος
3519 4759 3707 4827 λόγου·

480 4862 663 4930 Neque
689 4861 829 4915 enim
861 4861 1138 4929 multiplex
1168 4862 1271 4914 erit
1311 4861 1399 4914 ille
1428 4861 1615 4925 cibus,
1649 4875 1821 4925 neque
1855 4858 2041 4912 condi-

2154 4862 2354 4928 Ἄρτον
2401 4853 2671 4926 ἀγγέλων
2717 4854 2939 4923 ἔφαγεν
2987 4853 3314 4921 ἅνθρωπος.
3356 4853 3430 4904 υύ
3466 4850 3576 4923 γὰρ
3613 4868 3710 4904 πο-

481 4955 620 5006 turis
646 4962 736 5006 aut
766 4951 1006 5007 obsoniis
1032 4949 1250 5020 egebit;
1285 4950 1377 5003 sed
1419 4963 1522 5002 uno
1547 4964 1682 5016 pane
1716 4947 2039 5001 immortali-

477 5046 606 5099 tatis
656 5054 834 5099 satore
876 5044 1104 5110 vitaeque
1151 5051 1365 5096 aeternze
1418 5040 1604 5094 datore
1639 5041 1942 5094 nutrientur
1978 5037 2034 5103 ii,

478 5133 544 5188 de
592 5134 786 5203 quibus
827 5133 1086 5189 Servator
1136 5133 1392 5202 loquitur,
1436 5131 1634 5200 quique
1684 5132 1736 5185 iu
1785 5129 2036 5201 praesenti

478 5226 584 5278 vita
615 5224 732 5280 aliis
763 5225 1012 5280 alimenta
1058 5225 1405 5295 praebuerint.
1442 5222 1604 5276 Panis
1654 5237 1782 5276 vero
1823 5236 2037 5276 rursum

478 5315 819 5386 intelligitur,
852 5317 942 5387 qui
975 5327 1028 5370 et
1063 5318 1270 5370 animas
1301 5326 1356 5369 et
1385 5315 1605 5385 angelos
1640 5324 1695 5369 et
1745 5313 2038 5368 rationales

478 5421 594 5475 quae
617 5407 668 5462 in
701 5408 836 5464 ctelo
877 5420 1003 5464 sunt
1043 5417 1248 5463 mentes
1281 5407 1392 5462 alit.
1431 5407 1485 5461 Id
1513 5407 1654 5476 quod
1700 5406 1815 5475 ipse
1850 5404 2033 5460 docuit

549 5567 594 5598 ¹⁰
623 5565 757 5635 Cap.
791 5584 912 5634 xm,
947 5569 1038 5624 55.
1113 5570 1154 5602 ¹¹
1190 5569 1320 5626 Luc.
1348 5583 1460 5635 xtv,
1497 5565 1581 5622 16.
1658 5567 1701 5597 ³³
1728 5563 1919 5619 Matth.
1941 5581 2042 5620 xxtt

2223 5563 2267 5596 "
2302 5564 2433 5619 Luc.
2463 5579 2573 5632 xtv,
2613 5563 2697 5626 Η..
2777 5561 2820 5593 ⁸⁸
2848 5561 2974 5616 ibid.
2999 5560 3084 5614 15.

2145 4949 2355 5020 λυειδὴς
2408 4948 2560 5001 ἔσται
2606 4949 2639 5018 ἡ
2690 4948 2808 4999 τότε
2854 4943 3048 5016 τροφὴ,
3096 4943 3218 4996 οὔτε
3248 4943 3556 5014 ἡδύσματος
3590 4943 3709 4997 οὔτε

2143 5037 2286 5108 ὃψων
2317 5037 2564 5108 δεομένη,
2596 5036 2742 5107 ἄρτῳ
2773 5035 2828 5088 δὲ
2869 5035 3015 5105 μόνῳ
3040 5032 3410 5103 ἀθανατοποιῷ
3445 5033 3537 5086 καὶ
3569 5033 3712 5103 ζωῆς

2144 5129 2358 5182 αἰωνίου
2381 5127 2694 5200 παρεκτικῷ
2717 5128 3080 5198 τραφήσονται
3101 5126 3148 5178 oi
3173 5124 3310 5177 κατά
3330 5124 3418 5176 τὸν
3438 5122 3708 5176 ἐνεστῶτα

2146 5220 2256 5291 βίον
2283 5219 2596 5292 θρέψαντες,
2632 5218 2725 5282 οὓς
2751 5218 3031 5288 ὠνόμασεν
3054 5219 3082 5269 ὁ
3108 5218 3318 5288 Σωτήρ.
3367 5217 3423 5270 'O
3457 5216 3513 5269 δὲ
3545 5216 3706 5286 ἄρτος

2145 5311 2306 5364 πάλιν
2331 5311 2414 5382 εἴη
2453 5314 2481 5365 ὁ
2519 5310 2707 5380 ψυχῶν
2737 5311 2828 5362 καὶ
2868 5310 3110 5378 ἀγγέλων
3138 5310 3229 5362 καὶ
3258 5307 3365 5360 τῶν
3396 5307 3516 5360 κατ’
3544 5307 3706 5376 ούρα-

2146 5404 2234 5458 νὸν
2275 5402 2506 5471 λογικῶν
2538 5403 2800 5474 τρόφιμος
2830 5401 2984 5470 λόγος
3005 5417 3020 5432 ο
3057 5400 3214 5454 τοῦτο
3257 5398 3386 5468 γοῦν
3415 5397 3577 5462 αὐτὸς
3602 5395 3705 5450 ἐδίο

3161 5559 3203 5589 ¹¹⁵
3219 5557 3358 5612 Psal.
3381 5571 3589 5620 ωιτη,
3610 5552 3699 5615 ‘25.

518 5680 661 5762 ⁸(64)
689 5683 931 5739 Convivii
979 5685 1393 5762 hagc_parabnla
1444 5683 1702 5762 scribitur
1742 5681 2009 5762 e.tiarn_in
2039 5682 2252 5740 Eusebii
2285 5681 2635 5753 Tlteophania,
2689 5681 2780 5738 lib.
2819 5695 2891 5748 tv,
2951 5648 3037 5746 i6,
3105 5677 3198 5735 sed
3227 5686 3423 5750 tamen
3470 5674 3544 5731 ibi
3604 5647 3701 5744 Sit-

487 5752 665 5809 riacus
693 5765 979 5812 cuntcxtus
1011 5757 1078 5812 ab
1103 5751 1204 5813 hoc
1226 5757 1412 5813 Graeco
1438 5763 1620 5814 nostro
1652 5753 1813 5809 nimis
1842 5751 2036 5810 diﬂ'ert.
