3968 6512
23 11 118 202 Γ

25 295 44 732 ξ

19 731 34 988 l

235 447 334 506 573

1396 418 1893 484 COMMENTARIA
1931 416 1997 471 ΙΝ
2019 412 2273 471 LUCAM.

3354 385 3461 446 576

233 587 391 650 δαξεν
417 583 593 638 εἰπὼν
613 599 626 614 ·
667 579 812 651 Ἐγώ
841 581 956 648 ειμι
979 579 1010 632 ὁ
1040 575 1216 645 ἄρτος
1230 573 1340 641 τῆς
1374 570 1550 638 ζωῆς·
1585 568 1676 623 τοῦ
1701 567 1808 636 γὰρ

1921 561 2112 625 dicens,
2147 557 2254 626 Ego
2288 569 2402 608 sum
2438 551 2588 619 panis
2605 549 2731 603 mitte
2762 547 2824 600 “.
2870 543 2999 597 Nam
3033 553 3127 610 per
3173 537 3264 591 Dei
3300 532 3461 589 νενιίί

233 684 290 736 ἐν
327 680 486 751 ἀρχῇ
531 678 665 748 πρὸς
701 674 830 728 Θεὸν
874 670 1007 724 Θεοῦ
1050 669 1222 738 Λόγου
1271 664 1566 737 μεταλήψει
1599 664 1746 716 πᾶσα
1773 662 1807 732 ἡ

232 774 340 824 τῶν
369 771 553 838 ἁγίων
574 766 762 837 λογικὴ
791 763 946 833 φύσις
979 762 1336 826 ζωοποιεῖται.
1366 759 1433 809 Ἀ
1465 755 1529 826 δὴ
1556 753 1700 807 δοκεῖ
1722 769 1810 823 μοι

235 867 297 916 ὲκ
342 861 636 934 προτέρων
687 856 1023 928 μαθημάτων
1077 848 1498 920 πεπαιδευμένος
1526 848 1555 899 6
1585 862 1812 899 συνανα-

235 932 501 1021 κείμενος
541 950 620 1021 τῷ
662 947 836 1019 Ἰησοῦ
859 946 1134 1018 εἰρηκέναι
1153 960 1166 972 ·
1195 940 1496 1009 Μακάριος
1518 936 1684 1000 ὅστις
1709 932 1814 1004 φά-

234 1063 410 1117 τηται
453 1046 637 1114 ἄρτον
658 1044 729 1097 ἐν
763 1041 838 1110 τῇ
854 1038 1143 1106 βασιλείᾳ
1173 1036 1277 1090 τοῦ
1317 1032 1497 1088 Θεοῦέ
1541 1029 1674 1084 eoas
1705 1027 1812 1098 γάρ

232 1139 340 1191 τῶν
368 1137 650 1207 τυχόντων
673 1152 758 1199 τις
781 1130 848 1205 ἦν
879 1135 906 1186 6
931 1131 1130 1199 ταύτην
1168 1127 1322 1197 ἀφεὶς
1345 1124 1443 1196 τὴν
1474 1122 1674 1192 φωνὴν,
1699 1117 1812 1172 ἀλλ’

233 1229 307 1290 ὡς
332 1224 498 1297 οἶμαι
536 1227 642 1278 τῶν
676 1224 880 1294 σφόδρα
907 1221 1153 1293 μεγάλων
1193 1219 1286 1272 καὶ
1321 1216 1469 1288 παρά
1497 1212 1579 1283 τῶ
1604 1210 1814 1282 Σωτῆρι

233 1321 404 1388 τιμῆς
430 1317 772 1387 ἠξιωμένων.
805 1314 895 1367 Διὸ
922 1314 1019 1368 καὶ
1062 1308 1497 1364 συνανακλίνεται
1523 1303 1691 1373 αύτῷ,
1720 1302 1814 1355 καὶ

233 1415 346 1473 τοῖς
388 1408 563 1462 αὑτοῦ
584 1409 762 1476 λόγοις
792 1403 1023 1466 συνετῶς
1053 1402 1356 1474 προσεῖχεν,
1380 1399 1454 1461 ῶς
1487 1397 1578 1450 καὶ
1601 1394 1697 1465 τὴν
1722 1392 1816 1462 βα-

236 1501 451 1554 σιλείαν
476 1500 586 1553 τῶν
599 1497 840 1570 οὐρανῶν
865 1497 936 1567 μὴ
968 1496 1196 1562 ἀγνοεῖν,
1223 1488 1505 1561 γνωρίζειν
1525 1487 1582 1540 δὲ
1614 1486 1706 1538 καί
1726 1484 1816 1537 τὸν

235 1595 402 1663 ἄρτον
457 1591 561 1661 τῆς
607 1589 750 1658 ζωῆς
788 1588 878 1641 τὸν
917 1585 1204 1657 θρεπτικὸν
1247 1583 1354 1636 τῶν
1402 1580 1502 1650 τῆς
1545 1575 1817 1650 βασιλείας

237 1685 446 1750 ἀξίων·
477 1685 747 1753 τοσαύτην
781 1698 840 1734 τε
886 1680 1038 1748 ἄγειν
1084 1675 1424 1748 παρρησίαν,
1476 1671 1551 1734 ὡς
1596 1669 1686 1722 ἐπὶ
1723 1665 1816 1720 τοῦ

236 1773 499 1845 Σωτῆρος
526 1773 794 1826 ἀνακινεῖν
814 1769 1076 1839 δόγματα,
1103 1766 1198 1819 καὶ
1229 1765 1294 1817 δι’
1329 1763 1486 1815 αὑτὸν
1513 1759 1610 1828 τὴν
1641 1759 1817 1810 πᾶσαν

237 1866 529 1937 εἰρηκέναι
580 1863 888 1935 παραϐολὴν
946 1860 1172 1929 Σωτῆρα
1214 1856 1568 1911 διδάσκοντα,
1619 1850 1702 1913 τίς
1751 1847 1816 1901 ἂν

236 1959 456 2025 γένοιτο
489 1951 646 2018 οὗτος
677 1957 704 2009 ὁ
740 1952 951 2023 ἀληθῶς
991 1949 1272 2022 μακάριος,
1303 1946 1359 2010 ὃς
1389 1945 1627 2015 φάγηται
1655 1942 1816 2012 ἄρτον

239 2054 296 2104 ἐν
329 2053 398 2120 τῇ
439 2048 690 2121 βασιλείᾳ
718 2045 811 2099 τοῦ
838 2043 991 2098 Θεοῦ.

310 2142 561 2204 Πολλοὺς
595 2141 689 2211 μὲν
710 2134 801 2192 οὖν
834 2133 1130 2205 κεκλῆσθαι
1156 2132 1302 2201 λέγει
1330 2131 1416 2184 διὰ
1446 2129 1544 2198 τῆς
1579 2123 1819 2197 παραϐο-

237 2234 336 2306 λῆς
390 2233 493 2286 ἐπὶ
519 2233 580 2286 τὸ
611 2231 755 2301 μέγα
780 2230 1012 2289 δεῖπνον,
1050 2227 1143 2278 καὶ
1181 2225 1269 2277 τὸν
1300 2225 1356 2275 ἐν
1384 2221 1556 2290 τούτῳ
1587 2217 1818 2287 δεδωρη-

242 2329 407 2398 μένον
435 2327 624 2396 ἄρτον,
658 2323 732 2395 μὴ
769 2323 872 2393 μὴν
904 2322 1028 2383 τοὺς
1055 2318 1261 2379 πάντας
1298 2318 1394 2385 τῆς
1433 2313 1651 2383 χάριτος
1700 2311 1820 2361 ἐπι-

240 2419 538 2489 τυγχάνειν
562 2435 575 2446 ·
609 2411 1024 2484 ἀποστερεῖσθαι
1061 2409 1168 2479 γὰρ
1209 2405 1378 2475 αὐτῆς
1409 2404 1514 2456 τῶν
1549 2399 1818 2470 κεκλημέ-

240 2528 346 2563 νων
380 2510 514 2571 τοὺς
551 2508 676 2579 περὶ
709 2507 893 2576 ἕτερον
939 2500 1374 2573 ἠσχολημένους·
1411 2494 1682 2567 περισπᾷν
1712 2490 1820 2560 γάρ

241 2604 333 2655 καὶ
367 2601 636 2670 ἀφέλκειν
679 2599 778 2668 τῆς
823 2597 1064 2666 κλήσεως
1105 2593 1201 2654 τὰς
1228 2588 1321 2643 τοῦ
1369 2588 1482 2658 βίου
1538 2582 1821 2655 φροντίδας

241 2695 527 2748 διδάσκει·
579 2693 779 2753 ταύτας
827 2689 871 2742 δ’
927 2683 1064 2739 εἶναι
1107 2679 1488 2755 διαφόρους·ἦ
1539 2676 1646 2747 γὰρ
1694 2675 1822 2745 περὶ⁵

242 2788 511 2857 χρήματα
553 2783 648 2836 καὶ
677 2780 878 2851 ἀγροὺς
924 2774 1308 2846 ἀσχολούμενοι
1355 2769 1526 2824 ταῦτα
1559 2769 1655 2837 τῆς
1687 2764 1819 2833 κλή-

246 2895 383 2940 σεως
415 2875 902 2946 προτετιμήκασιν,
933 2869 1007 2932 ὼς
1046 2861 1484 2937 παραιτήσασθαι
1525 2860 1612 2913 διὰ
1653 2855 1821 2910 ταῦτα

243 2968 342 3038 τὴν
371 2966 592 3036 κλῆσιν,
629 2965 661 3035 ἢ
699 2963 828 3033 περὶ
853 2961 952 3022 τὰς
975 2957 1067 3011 τοῦ
1103 2955 1217 3026 βίου
1249 2948 1631 3024 πραγματείας
1658 2963 1824 3000 κατα-

246 3036 583 3130 τριϐόμενοι,
611 3057 644 3125 ἢ
681 3051 861 3124 δεσμῷ
883 3050 1061 3120 γάμου
1097 3048 1190 3100 καὶ
1211 3045 1416 3098 παίδων
1446 3036 1823 3112 ἐμπεπλεγμέ-

246 3166 346 3208 νοι,
383 3149 422 3218 ἡ
447 3163 588 3199 τισιν
619 3143 797 3206 ἄλλοις
819 3142 1079 3201 τοιούτοις
1107 3133 1504 3206 φροντίσμασιν
1534 3125 1823 3198 ὲνησχολη-

251 3241 431 3309 μένοι.
483 3236 642 3290 Ἀλλὰ
674 3235 802 3305 περὶ
833 3232 928 3302 μὲν
950 3229 1154 3283 τούτων
1178 3225 1449 3294 ἀπόφασις
1479 3221 1821 3292 ὲξεθήνεκται

248 3330 520 3400 λέγουσα·
554 3328 709 3395 Λέγω
763 3326 917 3396 ὑμῖν,
956 3323 1035 3375 ὅτι
1082 3319 1252 3381 οὐδεὶς
1301 3316 1407 3369 τῶν
1446 3313 1649 3384 ἀνδρῶν
1687 3311 1822 3364 ὲκείς

252 3440 356 3475 νων
398 3421 512 3472 τῶν
553 3417 938 3489 κεκλημένων,
980 3415 1072 3467 καὶ
1109 3412 1197 3465 διὰ
1236 3410 1333 3472 τὰς
1373 3407 1626 3479 βιωτικάς
1669 3406 1829 3474 ἀσχο-

250 3513 369 3578 λίας
430 3510 924 3583 παραιτησαμένων
981 3505 1233 3577 γεύσεταί
1295 3519 1394 3573 μου
1447 3500 1538 3554 τοῦ
1579 3499 1823 3552 δείπνου·

252 3605 478 3676 ἑτέρους
519 3603 574 3656 δὲ
611 3602 722 3656 ἀντ’
752 3599 930 3654 αὐτῶν
973 3595 1370 3651 ἀπολαύσεσθαι
1419 3592 1513 3646 τοῦ
1559 3589 1826 3662 μακαρίου

250 3696 474 3748 δείπνου
506 3692 802 3763 (meimei);
831 3689 904 3762 μὴ
934 3687 1190 3750 τοιούτοις
1221 3686 1331 3738 τισὶ
1352 3681 1826 3755 προσδεδεμένους,

254 3787 509 3858 πτωχούς
531 3803 683 3848 τινας
721 3784 812 3836 καὶ
839 3783 1017 3851 άναπή
1028 3797 1174 3852 ρους.
1205 3777 1446 3831 Τοιοῦτοι
1470 3774 1526 3828 δὲ
1553 3769 1691 3844 ἦσαν
1724 3771 1829 3825 πά-

253 3881 337 3935 λαι
387 3877 894 3947 εἰδωλολιατροῦντες
933 3877 981 3927 οἱ
1014 3873 1072 3938 ἐξ
1105 3870 1272 3925 ἐθνῶν
1303 3868 1406 3922 ὑπὸ
1438 3865 1705 3937 δαιμόνων
1736 3882 1830 3917 πο-

255 3971 440 4042 νηρῶν
475 3970 571 4032 τὰς
617 3967 791 4037 ψυχὰς
831 3962 1226 4034 λελωϐημένοι·
1274 3959 1366 4022 οὓς
1423 3955 1726 4017 ἀκολούθως
1761 3957 1827 4025 τῇ

257 4063 566 4133 ἐπαγγελία
608 4059 1035 4132 προσδεξάμενος
1085 4057 1114 4108 ὁ
1164 4053 1456 4122 ἑστιάτωρ,
1507 4051 1682 4103 πᾶσαν
1728 4047 1829 4116 τὴν

257 4159 416 4211 νόσον
445 4154 552 4208 τῶν
586 4151 770 4224 ψυχῶν
797 4149 992 4212 αὐτῶν,
1026 4147 1119 4201 καὶ⁸
1151 4145 1416 4217 μαλακίαν
1457 4144 1636 4196 πᾶσαν
1680 4138 1830 4193 ἰασά-

263 4265 446 4320 μενος,
496 4245 685 4298 ἔπειτα
733 4242 832 4312 τῆς
874 4241 1077 4302 οἰκείας
1127 4238 1308 4300 αὐτοῖς
1356 4232 1652 4307 μεταδώσει
1700 4246 1831 4300 τρα-

262 4339 435 4407 πέζης
459 4353 473 4368 ·
507 4333 634 4388 ὥστ’
671 4335 843 4386 εἰπεῖν
887 4329 1113 4392 αύτούς·
1173 4327 1532 4394 Ἡτοίμασας
1574 4319 1830 4373 ἐνώπιόν

257 4449 377 4499 μου
409 4424 699 4498 τράπεζαν
722 4425 789 4488 ἐξ
823 4423 1101 4486 ἐναντίας
1127 4419 1243 4472 τῶν
1270 4416 1592 4472 θλιϐόντων
1608 4429 1710 4481 με·
1732 4409 1830 4463 καὶ

260 4524 426 4594 ἄρτον
458 4522 637 4582 αὐτοῖς
670 4517 890 4590 παρέξει
925 4516 1016 4570 καὶ
1052 4511 1272 4580 λογικὴν
1313 4506 1548 4578 τροφήν·
1581 4501 1827 4557 ἐντεῦθεν

261 4615 364 4683 ἢδη
399 4612 626 4682 στερεᾶς
671 4607 920 4680 βρῴσεως
971 4602 1280 4677 μεταδιδοὺς
1326 4599 1526 4660 αὐτοῖς,
1572 4595 1666 4647 καὶ
1699 4592 1830 4662 οἴνῳ

260 4703 315 4756 δὲ
345 4703 543 4762 αὐτοὺς
575 4699 831 4769 εὐφρανεῖ
851 4693 1050 4764 λογικῷ
1071 4711 1083 4722 ·
1116 4693 1242 4746 ὥστ’
1274 4689 1338 4744 ἂν
1368 4690 1537 4741 εἰπεῖν
1566 4703 1580 4717 ·
1622 4681 1730 4738 Καὶ
1766 4682 1831 4735 τὸ

262 4791 550 4862 ποτήριόν
567 4806 682 4844 σου
692 4791 996 4858 μεθύσκον
1008 4803 1088 4854 με
1111 4782 1250 4836 ὡσεὶ
1276 4776 1622 4850 κράτιστονῖ
1650 4772 1832 4827 Ταῦτα

262 4887 315 4941 δὲ
351 4887 530 4940 πάντα
573 4883 829 4952 παρέχει,
880 4880 1005 4941 τοὺς
1045 4874 1365 4948 ἁῤῥαόῶνας
1415 4870 1522 4924 τῶν
1570 4867 1832 4940 ούρανίων

265 4976 485 5046 ἀγαθῶν
509 4975 596 5026 διὰ
629 4973 736 5024 τῶν
765 4970 906 5026 κατὰ
941 4969 1030 5022 τὸν
1072 4966 1312 5038 παρόντα
1345 4963 1455 5033 βίον
1481 4961 1831 5032 χαρισμάτων

266 5071 446 5130 αὐτοῖς
488 5064 842 5136 δωρούμενος.
896 5060 1126 5114 Δυνατδν
1163 5056 1337 5109 δὲκαὶ
1374 5053 1492 5107 καθ’
1520 5051 1709 5123 ἑτέραν
1743 5051 1834 5102 ὲκ-

265 5161 426 5229 δοχὴν
459 5159 653 5220 εἰπεῖν,
686 5156 766 5208 ὅτι
798 5156 845 5206 οἱ
879 5151 1082 5222 πρῶτοι
1116 5149 1214 5219 τῆς
1247 5146 1486 5215 κλήσεως
1515 5140 1829 5211 ἠξιωμένοι,

266 5243 408 5301 οὗτοι
452 5245 497 5298 δ’
532 5239 669 5313 ἦσαν
710 5242 758 5294 oi
798 5243 860 5292 ἐκ
906 5239 1006 5306 τῆς
1053 5235 1373 5306 περιτομῆς,
1427 5231 1695 5302 προφάσει
1734 5227 1833 5296 τῆς

269 5340 396 5412 περὶ
429 5338 490 5390 τὸ
531 5339 777 5406 κρεῖττον
806 5332 1058 5403 ἀσχολίας
1100 5331 1196 5400 τὴν
1228 5329 1420 5396 κλῆσιν
1460 5323 1720 5395 ὕϐρισαν·
1757 5320 1832 5383 ὡς

266 5411 373 5503 γὰρ
418 5429 631 5498 ἔχοντες
664 5425 865 5495 ἀγροὺς
903 5422 972 5474 τά
1017 5422 1141 5492 παρ’
1173 5419 1354 5480 αὐτοῖς
1400 5411 1829 5482 άναγνὼσματα,

267 5523 359 5577 καὶ
393 5521 470 5583 ὡς
510 5519 634 5590 βόας
683 5517 954 5588 ἀροτῆρας
999 5512 1322 5583 κεκτημένοι
1364 5510 1488 5571 τοὺς
1527 5506 1829 5576 προφήτας,

1911 655 1964 709 in
1997 648 2260 720 principio
2290 645 2428 717 apud
2457 645 2620 697 Deum
2649 638 2955 693 exsistentis
2983 631 3392 705 participatione
3409 640 3460 677 ιιι

1909 745 2156 800 universa
2210 747 2520 792 sanctorum
2567 731 2839 786 rationalis
2889 739 3079 782 natura
3125 721 3455 776 viviﬁcatnr.

1908 838 2088 903 Atque
2148 831 2263 884 haec
2319 840 2449 881 sane
2508 822 2718 877 videtur
2772 819 2899 873 mihi
2964 832 2994 871 a
3030 811 3462 884 praecedentibus

1912 902 2174 978 doctrinis
2198 919 2420 973 edoctus
2465 913 2622 967 homo
2663 910 2770 975 ille,
2809 910 2899 978 qui
2932 922 3052 960 cum
3083 902 3205 958 Jcsn
3232 903 3464 956 discum-

1911 1014 2094 1075 bebat,
2132 1010 2330 1064 dixisse
2363 1024 2376 1060 :
2407 1004 2603 1058 Beatus
2620 1001 2708 1071 qui
2752 1014 2933 1067 panem
2965 995 3191 1049 comedet
3226 993 3280 1044 in
3310 1005 3466 1060 regno

1912 1104 2045 1159 Dei!
2106 1101 2287 1168 Neque
2338 1098 2480 1151 enim
2537 1090 2820 1163 gregarius
2873 1086 3048 1155 quivis
3103 1085 3239 1138 hanc
3287 1079 3467 1134 emisit

1916 1208 2126 1255 vocem,
2156 1190 2248 1245 sed
2271 1199 2327 1241 ut
2357 1186 2588 1240 arbitror
2615 1178 2924 1250 principalis
2968 1174 3161 1242 aliquis
3205 1172 3345 1224 inter
3371 1183 3467 1223 eos

1917 1283 2006 1353 qui
2049 1297 2077 1334 a
2113 1280 2400 1333 Servalore
2451 1271 2699 1327 honorati
2745 1268 2982 1322 fuerant.
3033 1263 3212 1328 Quare
3257 1268 3466 1312 etcum

1917 1348 2005 1430 illo
2030 1369 2394 1430 recumbebat,
2420 1373 2473 1418 et
2493 1363 2609 1432 ejus
2631 1357 2966 1415 sermonibus
2985 1352 3273 1424 prudenter
3296 1348 3470 1400 admoé

1918 1465 2040 1519 dum
2077 1470 2306 1516 mentem
2363 1454 2706 1514 intendebat,
2736 1458 2794 1503 ut
2821 1447 2929 1514 jam
2975 1458 3073 1498 nec
3119 1454 3336 1510 regnum
3377 1436 3468 1490 Dei

1918 1556 2208 1625 ignoraret,
2262 1550 2370 1603 imo
2410 1555 2466 1601 et
2509 1545 2656 1598 illum
2708 1550 2891 1594 nosset
2945 1538 3065 1590 vitae
3115 1547 3328 1604 panem,
3380 1527 3471 1596 qui

1919 1662 2083 1716 regno
2113 1645 2301 1712 dignos
2329 1639 2533 1694 nutrit:
2564 1645 2820 1704 tantaque
2852 1629 3043 1685 ﬁducia
3065 1633 3204 1688 erat,
3234 1635 3292 1676 ut
3329 1617 3473 1689 apud

1920 1715 2090 1805 ipSum
2119 1731 2462 1785 Servatorem
2511 1723 2869 1794 dogmaticatn
2918 1715 3266 1785 (tutastionem
3324 1724 3475 1764 com-

1921 1801 2146 1880 moverit
2179 1840 2192 1875 :
2225 1836 2390 1892 quare
2411 1829 2464 1874 et
2487 1819 2603 1888 ejus
2641 1814 2808 1885 gratia
2846 1821 3010 1865 totam
3039 1808 3294 1862 Servator
3321 1801 3476 1857 insti-

1847 1886 1888 1940 Β
1920 1919 2022 1972 tuit
2070 1886 2403 1986 parabolam,
2461 1886 2682 1971 docens,
2732 1905 2977 1976 quisnam
3033 1908 3177 1955 esset
3224 1895 3311 1950 hic
3348 1907 3476 1947 vere

1918 2011 2127 2074 beatus,
2157 2006 2247 2077 qui
2274 2018 2464 2074 panem
2494 2001 2740 2056 comedet
2775 1998 2827 2051 in
2868 2010 3032 2064 regno
3060 1991 3175 2047 Dei.

1989 2099 2182 2154 Multos
2217 2111 2348 2165 ergo
2375 2096 2427 2149 in
2470 2091 2721 2164 parabola
2751 2089 2826 2144 ait
2860 2087 2923 2142 ad
2962 2099 3208 2154 magnam
3262 2095 3472 2136 cuinam

1917 2201 2160 2253 vocatos,
2189 2198 2348 2258 atque
2379 2187 2444 2240 ad
2479 2198 2668 2255 panem
2710 2183 2759 2236 in
2796 2181 2896 2235 hac
2929 2177 3228 2248 appositum
3258 2189 3273 2238 ;
3311 2179 3471 2227 caete-

1920 2282 2068 2351 roqui
2094 2280 2230 2334 haiid
2258 2293 2446 2332 omnes
2476 2277 2647 2346 gratia
2687 2273 2919 2343 potitos;
2949 2272 3047 2324 hac
3077 2267 3219 2322 enim
3241 2261 3478 2318 caruisse

1919 2380 2137 2427 vocatos
2195 2369 2331 2430 illos,
2365 2367 2454 2437 qui
2513 2365 2634 2420 aliis
2709 2363 2936 2432 negotiis
2983 2356 3201 2414 distenti
3241 2355 3477 2414 fuerunt,

1921 2463 2225 2519 multil’ariis
2246 2460 2484 2526 scilicet;
2521 2474 2642 2512 nam
2673 2457 2755 2511 vel
2807 2452 3030 2524 pecunia
3077 2448 3334 2520 agrisque
3383 2455 3479 2500 ocs

1919 2557 2116 2628 cnpati,
2147 2552 2414 2609 vocationi
2447 2565 2577 2620 opes
2610 2547 2984 2616 praetulerunt,
3019 2544 3129 2596 imo
3155 2539 3289 2594 adeo
3315 2551 3480 2592 voca-

1924 2649 2121 2704 tionem
2175 2661 2284 2715 prm
2333 2645 2415 2699 his
2460 2641 2734 2711 deprecati
2776 2649 2935 2703 sunt;
2989 2635 3073 2690 vel
3103 2637 3222 2688 vita:
3253 2631 3482 2701 negotiis

1923 2739 2112 2809 pressi,
2143 2737 2224 2791 vel
2265 2735 2576 2804 nuptiarum
2631 2732 2903 2800 prolisque
2945 2726 3170 2782 vinculis
3218 2723 3478 2792 impediti,

1921 2831 2003 2886 vel
2031 2830 2150 2882 aliis
2179 2828 2410 2895 denique
2441 2825 2490 2878 id
2521 2837 2692 2894 genus
2745 2821 2891 2876 curis
2939 2819 3155 2872 irrctiti.
3202 2817 3374 2883 Atque
3427 2813 3479 2866 in

1923 2921 2024 2976 hos
2054 2919 2155 2973 lata
2189 2916 2471 2973 sententia
2491 2916 2635 2968 hisce
2659 2911 2836 2966 verbis
2863 2920 2948 2964 est
2974 2928 2985 2962 :
3021 2909 3148 2963 Dico
3171 2908 3345 2968 vobis,
3385 2921 3482 2958 ne-

1923 3014 2117 3068 minem
2149 3011 2356 3064 illorum
2395 3009 2659 3070 virorum,
2702 3004 2817 3073 qui,
2860 3017 2980 3056 cum
3013 2999 3186 3054 vocati
3229 2996 3484 3059 fuissent,

1924 3105 2046 3158 vitze
2071 3101 2448 3169 occupationes
2477 3104 2890 3157 excusaverunt,
2918 3107 3125 3146 uenam
3176 3105 3348 3144 meam
3388 3103 3486 3158 gu-

1849 3215 1892 3278 c
1923 3205 2209 3250 staturum.
2247 3191 2414 3245 Porro
2446 3190 2578 3243 alios
2617 3205 2678 3243 ea
2705 3188 2958 3242 fruituros
2994 3187 3069 3239 ait
3115 3184 3273 3238 rebus
3300 3181 3488 3248 hujus-

1933 3287 2074 3342 modi
2115 3285 2333 3340 minime
2362 3282 2644 3345 obnoxios,
2678 3295 2871 3349 nempe
2923 3279 3192 3349 tenuiores
3224 3274 3482 3342 quosdam

1928 3394 1980 3437 et
2014 3379 2265 3434 membris
2311 3377 2546 3430 mutilos.
2602 3375 2772 3428 Erant
2826 3346 3002 3425 autem
3041 3369 3092 3422 hi
3147 3366 3313 3420 dediti
3360 3365 3484 3418 olim

1929 3472 2084 3526 idolis
2129 3469 2347 3532 ethnici,
2399 3483 2624 3536 quorum
2695 3464 2904 3518 animas
2956 3459 3169 3514 scelesti
3220 3458 3490 3510 dminones

1931 3579 2087 3618 mane
2138 3561 2528 3616 mnlctaverant
2575 3577 2588 3613 :
2627 3573 2760 3628 quos
2790 3556 3244 3610 convivii-auctor
3273 3565 3369 3620 pro
3393 3564 3488 3604 sua

1929 3655 2331 3712 denuntiatione
2395 3659 2688 3720 exceptos,
2757 3649 2900 3702 omni
2963 3647 3126 3701 animi
3184 3647 3371 3700 morbo
3427 3655 3491 3695 ac

1929 3748 2186 3817 languore
2211 3745 2500 3814 expedivit.
2535 3742 2732 3796 Deinde
2757 3755 2885 3795 vero
2919 3754 3117 3794 mensae
3147 3750 3358 3806 quoque
3390 3735 3487 3787 ad-

1930 3839 2153 3905 hibebit,
2183 3838 2268 3891 lita
2323 3845 2380 3890 ut
2424 3835 2497 3889 illi
2548 3833 2752 3889 dicturi
2781 3834 2884 3886 sint
2910 3851 2922 3886 :
2963 3829 3175 3884 Parasti
3205 3844 3380 3882 comat
3411 3841 3492 3879 me

1928 3945 2160 3985 mensam
2217 3932 2463 3981 adversus
2495 3943 2580 3980 eos
2609 3927 2698 3994 qui
2732 3923 2980 3978 tribulam
3013 3938 3092 3974 me
3131 3921 3194 3973 ⁸⁷.
3236 3918 3369 3972 Tum
3398 3933 3492 3986 pa-

1932 4035 2052 4075 nem
2105 4020 2209 4073 illis
2258 4027 2418 4087 atque
2464 4016 2773 4069 alimoniam
2831 4011 3124 4081 spiritalem
3191 4007 3491 4079 praebebit:

1931 4123 2092 4182 atque
2125 4111 2246 4164 hinc
2298 4107 2468 4161 solido
2507 4105 2618 4174 jam
2653 4104 2775 4158 cibo
2803 4103 3072 4170 impcrtict
3104 4115 3216 4166 eos,
3253 4109 3307 4153 et
3333 4097 3492 4152 intel-

1930 4201 2135 4256 lectuali
2175 4197 2504 4252 exhilarabit
2554 4197 2702 4249 vino.
2745 4196 2924 4260 Quare
2981 4194 3195 4246 dicent:
3247 4191 3313 4244 Et
3349 4187 3496 4244 calix

1933 4308 2052 4351 tuus
2101 4296 2360 4350 inebrians
2398 4305 2552 4361 quam
2609 4289 2896 4354 prwclarus
2927 4286 3107 4340 est"!
3160 4286 3336 4354 Atque
3379 4285 3493 4337 haec

1933 4389 2112 4443 omnia
2144 4387 2283 4439 Deus
2314 4383 2640 4452 suppeditat,
2670 4380 2792 4431 dum
2825 4378 2954 4447 ipsis
2985 4376 3286 4431 caelestium
3323 4375 3494 4428 bono-

1937 4496 2050 4534 rum
2079 4478 2270 4532 arrltas
2296 4475 2347 4528 in
2381 4474 2673 4540 liujnsvita:
2701 4470 3014 4524 muneribus
3035 4467 3312 4536 elargitur.
3346 4463 3495 4518 Licet

1861 4576 1907 4635 ι)
1934 4584 2143 4641 quoque
2196 4567 2488 4622 secundum
2543 4563 2701 4616 aliam
2745 4542 3259 4628 interpretationem.
3289 4557 3492 4618 dicere.

1939 4664 2140 4733 primos
2191 4658 2468 4715 vocatione
2516 4657 2799 4726 dignanter
2847 4654 3070 4707 donatos
3113 4650 3274 4704 fuisse
3313 4647 3402 4717 qui
3431 4647 3497 4701 de

1939 4751 2343 4808 circumcisione
2368 4756 2526 4803 erant
2549 4764 2563 4812 ;
2590 4760 2776 4799 verum
2813 4745 2865 4798 hi
2901 4743 3025 4797 dum
3065 4742 3377 4796 melioribus
3405 4753 3496 4793 oc-

1938 4853 2160 4911 cupatos
2183 4855 2240 4894 se
2269 4837 2538 4902 dictitant,
2576 4836 2909 4890 vocationem
2945 4832 3269 4888 contumelia
3304 4829 3493 4883 υσθυε-

1938 4943 2099 4990 runt:
2132 4933 2496 4999 habentesque
2526 4929 2690 4983 veluti
2711 4943 2872 4998 agros
2899 4927 3039 4996 apud
3071 4941 3128 4980 se
3161 4924 3490 4991 Scripturas,

1938 5039 2180 5083 aratores
2231 5025 2393 5079 boves
2442 5023 2752 5094 prophetas,
2792 5019 3171 5090 sapientiaeque
3225 5015 3494 5075 convictu,

1940 5119 2120 5173 uxoris
2157 5117 2347 5183 instar,
2395 5124 2625 5179 utentes,
2667 5112 3031 5183 evangelicam
3066 5107 3294 5178 gratiam
3336 5103 3488 5157 ﬂocci

1939 5212 2202 5268 fecerunt.
2237 5211 2338 5278 Qui
2370 5225 2499 5264 vero
2532 5218 2653 5276 post
2686 5207 2803 5262 illos
2832 5220 2898 5258 ex
2938 5198 3257 5269 alienigenis
3283 5195 3495 5267 populis

1937 5310 2112 5365 vocati
2149 5309 2384 5372 fuerunt,
2416 5315 2594 5360 mente
2627 5312 2782 5356 antea
2817 5297 2965 5354 surdi
3011 5294 3268 5363 caecique,
3295 5290 3488 5344 alacri-

1939 5411 2022 5457 ter
2084 5401 2454 5456 obaudierunt.
2519 5397 2698 5464 Quare
2745 5403 2798 5449 et
2861 5387 3240 5446 beatitudinem
3291 5378 3497 5439 cense-‘-

1937 5505 2186 5565 qnenlur.

267 5616 359 5666 καὶ
395 5568 472 5674 ὡς
803 5568 910 5659 τινὶ
936 5568 1030 5657 οἶα
1061 5568 1277 5671 γυναικὶ
1312 5568 1819 5670 συμϐινοῦντεςξτὴν
1869 5585 2223 5658 εὐαγγελικὴν
2258 5583 2604 5655 ἐξηυτέλισαν
2646 5580 2835 5653 χάριν·
2885 5577 2935 5630 οι
2977 5574 3034 5629 δὲ
3085 5573 3200 5647 μετ’
3257 5568 3498 5662 ἐκείνους

341 5807 382 5838 ⁸⁸
417 5803 573 5860 Joan.
607 5818 680 5870 vt,
704 5802 792 5857 55.
872 5801 910 5832 "
943 5796 1080 5852 l‘sal.
1107 5810 1240 5864 xm,
1271 5795 1324 5850 5.
1351 5798 1360 5806 ’
1404 5794 1444 5826 ⁸⁸
1469 5766 1598 5849 ibid.
