3968 6512
485 381 593 442 οπο

1161 381 1431 438 EUSEBII
1468 381 1946 438 C/ESARIENSIS
1984 380 2134 436 OPP.
2177 379 2359 436 PARS
2396 377 2593 436 Illa—
2632 374 3044 431 EXEGETICA.

3623 375 3744 428 576

483 500 555 552 ἐκ
588 495 696 548 τῶν
724 492 1034 562 ἀλλοφύλων
1058 491 1227 544 ἐθνῶν
1267 491 1575 562 κληθέντες,
1625 495 1672 545 oi
1724 493 1851 564 πρὶν
1875 492 1972 555 τὰς
2039 491 2274 554 διανοίας
2329 490 2499 559 κωφοὶ
2535 489 2628 542 καὶ
2669 485 2880 552 τυφλοὶ,
2929 484 3222 556 προθύμως
3257 484 3604 556 ὑπήκουσαν·
3644 483 3740 537 διὸ

489 590 585 644 καὶ
613 586 704 640 τοῦ
735 581 1080 656 μακαρισμοῦ
1110 582 1424 646 τεύξονται.-

564 675 905 733 Existimabit
931 675 1160 729 fortasse
1189 675 1386 744 aliquis
1412 675 1653 730 eamdem
1682 691 1802 730 esse
1826 675 2056 744 parabo-

2227 674 2438 740 Δόξειεν
2475 646 2586 744 (65)
2608 673 2672 726 ἄν
2702 688 2786 735 τις
2827 669 2925 741 τὴν
2945 667 3112 739 αὐτὴν
3151 662 3288 720 εἶναι
3316 665 3628 738 παραὸολὴν
3655 669 3740 738 τῇ

487 771 595 824 iam
627 785 746 840 qua:
791 769 928 838 apud
970 768 1296 832 Matthzeum,
1325 767 1376 820 in
1407 781 1515 836 qua
1563 783 1654 822 rex
1684 768 1779 824 filii
1809 768 1889 822 sui
1918 781 2052 836 nup-

493 859 596 914 tias
647 859 796 925 facil,
843 876 1138 929 servosque
1184 862 1411 916 dimittit
1467 863 1750 917 invitatum
1779 864 2051 920 convivas.

495 952 876 1007 Verumtamen
915 954 959 1006 is
982 954 1070 1021 qui
1105 969 1206 1008 non
1233 956 1600 1022 pert'unctorio
1630 957 1808 1009 studio
1844 955 2051 1024 legerit,

493 1046 858 1112 deprehendet
887 1048 1082 1101 mentis
1122 1048 1422 1101 attentione
1453 1047 1762 1116 parabolam
1817 1047 1955 1100 hanc
1989 1048 2055 1100 ab

492 1137 583 1192 illa
617 1155 836 1209 prorsus
873 1137 1106 1193 dill‘erre.
1137 1138 1377 1210 Namque
1409 1140 1496 1193 illa
1532 1139 1762 1193 Matthzei
1794 1139 2052 1194 cmlorum

492 1242 618 1286 ante
646 1232 824 1284 omnia
855 1247 1019 1300 regno
1048 1247 1108 1285 ea
1137 1248 1258 1301 quae
1286 1233 1540 1286 dicuntur
1582 1242 1858 1301 comparat
1903 1249 1917 1299 ;
1967 1232 2052 1286 hic

491 1323 626 1379 nihil
657 1323 918 1390 ejusmodi
946 1325 1022 1378 iit.
1055 1324 1168 1379 lllic
1190 1325 1423 1379 convivii
1476 1334 1669 1378 auctor
1704 1325 1904 1394 regiam
1938 1338 2057 1393 per-

489 1431 680 1472 sonam
719 1417 890 1485 gerit;
947 1417 1032 1471 hic
1069 1419 1311 1485 privatus
1355 1418 1515 1471 homo
1550 1416 1933 1470 introducitur.
1982 1415 2055 1469 lbi

492 1509 706 1576 nuptias
737 1508 830 1562 filii
860 1525 951 1562 rex
980 1510 1242 1572 celebrat,
1270 1509 1356 1564 hic
1385 1510 1614 1576 simplex
1652 1524 1804 1564 omna
1838 1520 1942 1563 est.
1977 1507 2054 1564 lbi

496 1600 646 1654 multi
677 1600 942 1672 legatione
977 1603 1293 1672 fatigantur,
1328 1602 1416 1655 hic
1445 1617 1586 1655 unus
1631 1610 1856 1654 vocator
1891 1600 2058 1654 mitti-

495 1701 603 1748 tur.
632 1692 704 1746 Ibi
737 1694 930 1761 partim
963 1694 1218 1748 socordes
1248 1693 1433 1748 venire
1460 1693 1837 1765 neglexerunt,
1862 1691 2057 1760 partim

491 1785 655 1839 etiam
685 1801 868 1841 servos
894 1785 1237 1840 contumeliis
1265 1785 1896 1841 all'ectosinteremerunt
1920 1801 1934 1847 ;
1971 1783 2058 1838 hic

493 1878 658 1941 unice
677 1876 970 1932 obtendunt
999 1879 1429 1946 occupationem,
1479 1886 1538 1931 ut
1586 1893 1645 1932 se
1692 1876 1866 1932 vocati
1898 1890 2059 1929 excu-

489 1977 636 2021 sent.
673 1967 876 2021 Rursus
911 1967 984 2022 ibi
1023 1980 1115 2020 rex
1143 1967 1438 2020 exercitum
1470 1976 1770 2022 commovet
1801 1967 2057 2020 adversus

473 2073 772 2113 .servorum
804 2074 1020 2113 suorum
1074 2057 1475 2121 interfectores.
1525 2060 1612 2113 hic
1669 2060 1829 2113 homo
1863 2076 2054 2128 quam-

493 2149 575 2204 vis
605 2150 777 2204 iratus
801 2150 1180 2205 recusantibus
1208 2151 1474 2212 invitatis,
1525 2151 1656 2204 nihil
1685 2151 1945 2217 ejusmodi
1976 2150 2057 2204 fa-

488 2240 604 2296 cit:
637 2255 795 2296 servo
831 2251 1008 2295 tamen
1033 2256 1130 2296 suo
1161 2241 1400 2305 mandat,
1430 2252 1485 2295 ut
1512 2257 1774 2311 pauperes
1799 2253 1853 2297 et
1886 2260 2056 2297 mem-

493 2333 608 2388 bris
634 2333 848 2387 mutilos
883 2343 940 2388 et
987 2348 1159 2388 caecos
1199 2343 1482 2390 convocet.
1529 2334 1598 2388 At
1629 2334 1716 2388 ille
1743 2336 1832 2404 qui
1866 2338 1931 2390 ad
1961 2337 2056 2392 ﬁlii

491 2422 708 2491 antiptias
749 2424 932 2478 invitat
967 2439 1080 2491 rex,
1109 2425 1322 2481 faumlis
1355 2426 1600 2496 pluribus
1635 2428 1842 2481 utitur:
1880 2443 2057 2498 neque

493 2526 776 2581 pauperes,
806 2515 1059 2569 membris
1090 2517 1334 2580 intitilos,
1388 2531 1584 2580 caecos,
1642 2517 1866 2574 claudos
1901 2524 1968 2575 ad
1997 2535 2057 2576 se

490 2605 676 2675 cogit:
709 2604 851 2659 hami
884 2606 1027 2660 enim
1053 2607 1212 2676 regiis
1243 2609 1445 2674 nuptiis
1481 2609 1614 2662 tales
1653 2610 1920 2666 interesse
1962 2613 2049 2666 in-

489 2695 696 2749 vitatus
735 2696 933 2750 decuit.
985 2696 1118 2750 Tum
1171 2713 1202 2752 e
1235 2714 1460 2753 numero
1495 2700 1845 2754 convivarum
1869 2717 2058 2772 quem-

490 2784 618 2838 dam
651 2785 866 2854 indigna
896 2787 1096 2855 nuptiis
1125 2797 1274 2842 veste
1320 2787 1564 2841 indutum
1615 2803 1708 2842 rex
1751 2791 1920 2856 punit.
1960 2792 2058 2846 De-

495 2876 657 2944 nique
681 2878 824 2946 quod
847 2889 932 2933 est
960 2880 1200 2934 omnium
1243 2879 1603 2950 potissimum.
1643 2880 1874 2936 Malliuei
1901 2899 2056 2950 para-

491 2965 615 3023 bola
656 2967 796 3021 intra
850 2969 1106 3039 templum
1155 2971 1298 3025 dicta
1336 2971 1459 3037 fuit,
1497 2986 1680 3026 coram
1711 2973 2056 3042 pontificibus

492 3072 560 3113 ac
589 3060 766 3127 populi
825 3061 1129 3116 senioribus
1181 3062 1545 3118 concionante
1603 3063 1866 3119 Domino:
1901 3065 2056 3120 Lucae

495 3148 750 3215 parabola
779 3151 830 3204 in
861 3150 1079 3206 Galilaea
1107 3152 1250 3206 domi
1288 3151 1566 3217 cujusdam
1627 3153 1885 3222 principis
1915 3155 2056 3208 Pha-

495 3241 636 3294 risaii
684 3242 947 3310 privatam
1003 3257 1216 3297 cuinam
1264 3243 1507 3311 exhibet,
1547 3245 1872 3299 convivante
1916 3247 2054 3314 apud

2154 769 2306 839 παρά
2334 766 2410 837 τῷ
2443 765 2728 835 Ματθαίῳ,
2761 765 2819 816 ἐν
2917 759 3164 832 βασιλεύς
3187 760 3301 811 ἐστι
3328 757 3536 828 γάμους
3557 757 3741 810 ποιῶν

2151 858 2230 929 τῷ
2261 857 2362 927 υἱῴ
2389 855 2576 919 αὐτοῦ,
2608 857 2702 908 καὶ
2734 853 2950 915 δούλους
2982 848 3324 904 ἀποστέλλων
3356 847 3578 901 καλέσαι
3597 849 3740 911 τοὺς

2155 949 2543 1020 κεκλημένους.
2610 949 2670 999 '0
2722 946 2779 999 δὲ
2843 946 2916 1016 μὴ
2973 943 3263 1014 παρέργως
3311 940 3593 1011 προσέχων
3659 941 3739 1010 τῇ

2155 1041 2457 1110 ἀναγνώσει
2493 1039 2644 1111 εὖροι
2689 1039 2756 1092 ἂν
2785 1037 3081 1107 ἐπιστήσας
3109 1034 3198 1088 τὸν
3231 1033 3355 1086 νοῦν
3385 1033 3741 1085 παντάπασιν

2155 1133 2594 1205 ήλλοτριωμένην
2623 1131 2825 1200 ταύτην
2855 1128 3084 1198 ἐκείνης.
3121 1127 3183 1178 Ἦ
3212 1126 3307 1197 μὲν
3335 1125 3445 1196 γὰρ
3472 1122 3623 1194 παρὰ
3649 1122 3739 1193 τῷ

2155 1225 2416 1294 Ματθαίῳ
2454 1223 2666 1296 πρῶτον
2701 1221 2955 1274 ἁπάντων
2982 1222 3046 1290 τῇ
3078 1217 3320 1288 βασιλείᾳ
3344 1216 3453 1269 τῶν
3481 1213 3738 1287 οὐρανῶν

2157 1316 2428 1388 παρέϐαλε
2455 1315 2523 1368 τὰ
2537 1313 2821 1383 λεγόμενα·
2856 1310 3013 1364 τοῦτο
3035 1310 3076 1362 δ’
3110 1308 3341 1362 ἐνταῦθα
3368 1308 3429 1359 οὐ
3456 1305 3736 1360 λέλεκται.

2154 1410 2329 1464 Κάκεῖ
2364 1405 2460 1476 μὲν
2494 1404 2772 1475 ἀφωμοίου
2807 1403 2898 1455 τὸν
2938 1401 3177 1472 κλήτορα
3218 1398 3446 1468 βασιλεῖ,
3495 1395 3739 1449 ἐνταῦθα

2154 1500 2211 1552 δὲ
2254 1499 2406 1569 ψιλὸν
2439 1497 2720 1568 ἄνθρωπον
2759 1493 2999 1562 εἰσάγει·
3046 1493 3204 1545 κάκεῖ
3255 1492 3351 1562 μὲν
3395 1489 3607 1560 γάμους
3653 1487 3741 1558 τῷ

2157 1591 2258 1662 υἱῷ
2291 1592 2319 1645 ὁ
2354 1589 2604 1660 βασιλεὺς
2649 1587 2841 1649 ἐτέλει,
2887 1584 3117 1638 ἐνταῦθα
3152 1584 3208 1636 δὲ
3253 1581 3438 1644 ἁπλῶς
3474 1581 3694 1634 δεῖπνον
3719 1595 3735 1611 ·

2157 1686 2316 1737 κάκεῖ
2351 1681 2448 1752 μὲν
2482 1680 2664 1733 πολλοὶ
2695 1677 3131 1739 ἀποστέλλονται,
3168 1673 3401 1728 ἐνταῦθα
3433 1672 3490 1724 δὲ
3530 1666 3611 1735 εἷς
3637 1671 3725 1742 μὸ-

2157 1790 2242 1836 νος
2281 1773 2374 1826 ἐπὶ
2401 1772 2498 1841 τὴν
2526 1769 2719 1839 κλῆσιν
2743 1767 3084 1838 ἐκπέμπεται
3106 1782 3119 1795 ·
3157 1765 3315 1818 κάκεῖ
3332 1764 3381 1816 oi.
3407 1763 3506 1833 μὲν
3527 1761 3742 1832 ἀμελή-

2159 1879 2347 1926 σαντες
2383 1862 2481 1915 οὐκ
2514 1862 2788 1932 ἀπήντων,
2830 1860 2879 1912 οί
2914 1858 2970 1910 δὲ
3009 1856 3185 1910 λοιποὶ
3221 1855 3312 1908 καὶ
3351 1855 3476 1916 τοὺς
3515 1852 3740 1916 δούλους

2159 1955 2384 2027 ὕϐρισαν
2409 1954 2851 2015 καὶ,ἀπὲκτειναν
2869 1967 2882 1977 ’
2917 1949 3149 2004 ἐνταῦθα
3175 1948 3230 2001 δὲ
3277 1947 3433 2018 μόνον
3461 1947 3739 2016 σκήπτον-

2159 2068 2246 2104 ται
2279 2049 2552 2119 ἀσχολίαν,
2583 2045 3005 2117 παραιτούμενοι
3042 2041 3143 2111 τὴν
3167 2039 3358 2110 κλῆσιν
3378 2055 3390 2068 ·
3425 2040 3540 2090 ἐκεῖ
3571 2037 3738 2090 πάλιν

2159 2143 2186 2194 ὁ
2229 2141 2479 2212 βασιλεὺς
2525 2139 2840 2211 στράτευμα
2881 2137 3022 2189 κινεῖ
3069 2133 3208 2186 κατὰ
3241 2132 3348 2184 τῶν
3381 2130 3741 2201 ἀνῃρηκότων

2159 2232 2279 2293 τοὺς
2299 2228 2461 2282 αὑτοῦ
2488 2228 2728 2291 δούλους·
2763 2223 2995 2279 ἐνταῦθα
3013 2224 3070 2276 δὲ
3102 2225 3130 2275 ὁ
3158 2222 3439 2292 ἄνθρωπος
3461 2219 3740 2292 ὀργισθεὶς

2158 2324 2249 2376 ἐπὶ
2274 2325 2338 2394 τῇ
2371 2321 2695 2392 παραιτήσει
2727 2319 2835 2371 τῶν
2857 2316 3231 2387 κεκλημένων,
3253 2315 3403 2367 οὐδὲν
3425 2315 3522 2384 μὲν
3556 2311 3733 2365 τοιοῦ-

2156 2433 2246 2468 τον
2283 2417 2448 2476 ποιεῖ,
2495 2413 2572 2483 τῷ
2604 2412 2647 2464 δ’
2673 2408 2865 2464 ἑαυτοῦ
2898 2407 3068 2478 δούλῳ
3121 2407 3444 2478 προστάττει
3485 2404 3739 2474 πτωχοὺς

2159 2507 2252 2560 καὶ
2295 2507 2606 2576 ἀναπήρους
2655 2503 2748 2556 καὶ
2789 2500 3019 2570 τυφλοὺς
3068 2501 3398 2567 εἰσαγαγεῖν.
3451 2498 3508 2550 ὐ
3545 2497 3604 2550 δέ
3645 2496 3740 2549 ἐπὶ

2157 2599 2283 2661 τοὺς
2331 2596 2541 2668 γάμους
2586 2593 2679 2646 τοῦ
2723 2592 2837 2645 υἱοῦ
2875 2589 3157 2660 συγκαλῶν
3202 2587 3474 2660 βασιλεὺς,
3529 2586 3738 2652 δούλοις

2159 2692 2397 2745 πλείοσιν
2429 2688 2720 2760 ὑπερέταις
2751 2685 3029 2758 χρώμενος
3049 2724 3063 2747 ,
3107 2686 3166 2737 ού
3200 2683 3448 2753 πτωχοὺς
3482 2683 3579 2735 καὶ
3605 2682 3738 2735 ἀνα-

2160 2787 2234 2856 πή
2244 2801 2389 2855 ρους,
2418 2782 2530 2836 ἀλλ’
2555 2781 2673 2835 οὺδέ
2698 2779 2930 2848 τυφλοὺς
2958 2777 3052 2831 καὶ
3067 2776 3272 2848 χωλοὺς
3301 2777 3529 2844 εἰσάγει·
3550 2773 3736 2844 ἐπειδή

2162 2878 2283 2950 μηδ’
2311 2876 2548 2947 ἔπρεπεν
2582 2872 2864 2943 ἐπικλήσει
2909 2871 3086 2941 γάμου
3135 2868 3411 2939 βασιλικοῦ
3462 2865 3737 2930 τοιούτους

2159 2973 2412 3042 παρεῖναι
2432 2985 2444 2997 ·
2502 2965 2806 3036 κληθέντων
2839 2964 2896 3017 δὲ
2926 2962 3154 3028 πολλῶν,
3201 2963 3291 3016 τὸν
3325 2961 3520 3028 ἀνάξια
3554 2961 3736 3031 γάμου

2158 3060 2502 3130 ἐνδεδυμένον
2545 3060 2574 3110 ὁ
2619 3057 2867 3128 βασιλεὺς
2909 3058 3248 3126 τιμωρεῖται.
3294 3054 3366 3108 Τὸ
3414 3054 3470 3107 δὲ
3515 3054 3737 3106 πάντων

2158 3153 2712 3234 κεφαλαιωδέστατον,
2736 3151 2817 3204 ὅτι
2855 3151 2889 3221 ή
2932 3149 3029 3218 μὲν
3063 3148 3213 3220 παρά
3234 3148 3310 3219 τῷ
3339 3147 3601 3217 Ματθαίῳ
3630 3163 3736 3199 πα-

2163 3246 2362 3319 ραϐολὴ
2389 3245 2533 3298 ἔνδον
2556 3246 2612 3296 ἐν
2639 3242 2716 3314 τῷ
2733 3242 2862 3313 ἱερῷ
2885 3241 3127 3305 λέλεκτο,
3153 3241 3286 3312 πρὸς
3304 3241 3428 3302 τοὺς
3445 3238 3739 3311 ἀρχιερέας

491 3343 614 3385 eum
649 3330 956 3387 Servatore.
993 3333 1130 3403 Ergo
1160 3333 1335 3388 Lucas
1364 3335 1444 3388 sic
1468 3334 1724 3403 pra'l'atur
1756 3337 2054 3405 parabolae:

2163 3338 2254 3390 ml.
2296 3333 2695 3407 πρεσϐυτέρους
2729 3331 2822 3386 τοῦ
2855 3331 2983 3386 λαοῦ
3023 3331 3400 3400 διαλεγομένου
3432 3328 3527 3382 τοῦ
3556 3328 3739 3398 Σωτῆ-

493 3434 683 3489 nempe
709 3417 888 3474 Jesum
912 3423 966 3476 in
995 3423 1135 3478 aedes
1157 3424 1433 3493 cujusdam
1465 3441 1494 3480 e
1523 3424 1816 3481 Pharisaeis
1844 3428 2056 3481 venisse

495 3519 554 3562 ut
608 3511 842 3566 Sabbato
887 3513 1064 3567 cibum
1105 3525 1387 3581 sumeret;
1439 3516 1536 3572 hos
1589 3527 1766 3572 autem
1819 3532 2052 3572 mentem

495 3600 570 3654 illi
607 3602 919 3658 intendisse.
952 3603 1086 3659 Tum
1129 3617 1316 3662 narrat
1364 3609 1644 3680 hydropici
1698 3612 1933 3666 hominis
1961 3629 2059 3667 cu-

495 3692 787 3756 rationem,
815 3701 978 3763 atque
1011 3697 1086 3751 uti
1135 3697 1293 3753 Jesus
1337 3701 1584 3757 docuerit
1630 3705 1920 3774 quominus
1949 3705 2056 3774 pri-

494 3799 612 3838 mos
647 3789 925 3845 accubitus
953 3790 1006 3844 in
1039 3792 1304 3847 conviviis
1332 3794 1625 3858 ambirent,
1686 3811 1862 3865 neque
1913 3797 2058 3850 iuvi-

495 3882 672 3930 tarent
697 3891 790 3932 eos
819 3895 847 3932 a
876 3881 1074 3952 quibus
1109 3883 1344 3938 vicissim
1399 3883 1660 3940 invitandi
1719 3886 1914 3952 forent,
1965 3888 2057 3943 sed

491 3979 589 4022 eos
613 3972 791 4038 potius
819 3972 908 4041 qui
952 3977 1284 4030 remunerari
1314 3978 1623 4045 nequirent.
1651 3980 1839 4045 Addit,
1870 3995 2058 4048 quem-

494 4060 614 4114 dam
646 4076 676 4116 e
703 4062 1165 4121 discumbentibus
1195 4068 1306 4122 huic
1339 4069 1646 4123 audientem
1678 4070 1904 4138 dixisse,
1931 4071 2056 4126 Bea-

491 4163 576 4210 tus
603 4157 692 4224 qui
724 4173 908 4223 panem
935 4162 1163 4213 comedet
1197 4162 1250 4214 in
1280 4177 1435 4230 regno
1472 4159 1566 4214 Dei
1605 4161 1625 4214 !
1665 4161 1846 4217 Jesum
1876 4172 2054 4220 autem

491 4245 571 4300 sic
592 4261 775 4300 orsum
795 4246 935 4318 loqui
958 4268 970 4302 :
993 4247 1166 4304 Homo
1195 4253 1407 4320 quidam
1432 4253 1553 4320 fecit
1574 4269 1772 4306 coartant
1789 4271 2053 4323 magnam.

494 4337 669 4406 Atque
699 4337 771 4392 ita
797 4337 972 4394 Lucas
1002 4352 1324 4410 praesentem
1372 4346 1685 4412 parabolam
1734 4348 1897 4401 tradit
1931 4364 2057 4402 nar-

493 4437 668 4480 ratam
700 4444 728 4482 a
759 4428 1049 4487 Servatore
1079 4433 1128 4487 ei
1151 4434 1239 4502 qui
1268 4434 1499 4498 dixerat,
1527 4435 1724 4490 Beatus
1753 4440 1842 4507 qui
1867 4455 2054 4507 panem

493 4523 727 4574 comedet
766 4523 822 4576 in
856 4540 1014 4590 regno
1051 4525 1163 4579 Dei.
1198 4525 1378 4590 Quare
1405 4530 1625 4583 omnino
1660 4529 1858 4583 fatetur
1875 4531 2056 4585 diver-

494 4624 609 4664 sam
640 4611 776 4666 hanc
804 4629 923 4668 esse
953 4630 981 4668 a
1017 4617 1296 4684 superiore
1343 4618 1675 4685 parabolam.
1724 4620 1829 4674 Sed
1877 4631 2053 4676 tamen

2167 3448 2258 3502 ρος
2281 3447 2294 3460 ·
2321 3431 2354 3500 ή
2389 3428 2446 3480 δέ
2474 3427 2622 3498 παρά
2647 3425 2726 3496 τῷ
2754 3426 2938 3495 Λουκᾷ
2964 3425 3055 3477 ἐπὶ¹
3083 3423 3182 3493 τῆς
3211 3421 3498 3484 Γαλιλαίας
3517 3422 3574 3474 ἐν
3593 3420 3740 3490 οἰκίᾳ.

2163 3522 2304 3585 τινὸς
2327 3521 2582 3592 ἄρχοντος
2601 3517 2892 3589 Φαρισαίου
2911 3516 3063 3585 ψιλὸν
3082 3516 3292 3569 δεῖπνον
3321 3513 3737 3577 κατασκευάζει,

2165 3613 2493 3685 ἐστιωμένου
2531 3611 2664 3681 παρ’
2701 3608 2850 3680 αὐτῷ
2881 3607 2974 3662 τοῦ
3015 3609 3282 3679 Σωτῆρος.
3314 3606 3576 3678 Προλέγει
3609 3604 3738 3674 γοῦν

2165 3709 2264 3778 τῆς
2301 3700 2667 3779 προκειμένης
2706 3701 3024 3774 παραϐολῆς
3067 3701 3096 3753 ὁ
3143 3702 3358 3763 Λουκᾶς
3399 3697 3602 3753 ταῦτα·
3659 3699 3736 3751 ὅτι

2163 3797 2408 3869 εἰσῆλθεν
2438 3799 2517 3860 είς
2547 3793 2693 3850 οἶκόν
2720 3811 2864 3857 τινος
2879 3791 3168 3864 Φαρισαίου
3195 3789 3505 3860 ἐστιαθῆναι
3532 3790 3590 3842 ἐν
3609 3789 3738 3841 Σαδ-

2166 3892 2346 3962 ϐάτῳ·
2387 3891 2436 3944 οἱ
2463 3889 2518 3942 δὲ
2553 3884 2961 3959 παρετηροῦντο
2994 3883 3175 3937 αὐτόν.
3215 3879 3348 3936 Εἶτα
3388 3879 3633 3944 διελθὼν,
3666 3879 3736 3943 ὡς

2164 3980 2466 4053 ὑδρωπικδν
2484 3978 2833 4049 ἐθεράπευσε,
2851 3977 2944 4029 καὶ
2963 3975 3038 4038 ὡς
3069 3971 3274 4037 ἐδίδαξε
3302 3973 3375 4043 μή
3399 3971 3497 4034 τὰς
3526 3988 3736 4041 πρωτο-

2167 4070 2374 4133 κλισίας
2395 4071 2451 4122 ἐν
2468 4071 2578 4131 τοῖς
2592 4068 2825 4130 δείπνοις
2847 4063 3217 4137 μεταδιώκειν,
3248 4060 3382 4133 μηδέ
3404 4058 3586 4114 καλεῖν
3613 4059 3734 4121 τοὺς

2164 4161 2629 4224 ἁντικαλέσοντας,
2650 4158 2785 4212 ἀλλὰ
2819 4159 2948 4220 τοὺς
2971 4155 3273 4210 ἀντιδοῦναι
3303 4154 3376 4226 μὴ
3393 4153 3734 4224 δυναμένους,

2174 4252 2446 4324 ἐπιφέρει,
2466 4254 2543 4305 ὃτι
2563 4250 2797 4312 ἀκούσας
2819 4266 2898 4312 τις
2927 4247 3047 4314 τῶνς
3071 4245 3536 4316 συνανακειμένων
3569 4243 3735 4298 ταῦτα

2165 4343 2305 4408 εἶπε,
2322 4343 2617 4411 Μακάριος
2630 4341 2796 4406 ὅστις
2812 4339 3060 4411 φάγεται
3079 4338 3258 4407 ἄρτον
3275 4339 3344 4391 ἐν
3359 4336 3432 4405 τῇ
3453 4335 3734 4402 βασιλείᾳ

2169 4436 2272 4490 τοῦ
2286 4434 2465 4489 Θεοῦ]
2495 4435 2552 4487 ’0
2564 4433 2618 4486 δὲ
2648 4427 2796 4484 εἶπεν
2829 4430 2992 4502 αὐτῷ·
3028 4429 3358 4497 Ἄνθρωπός
3383 4445 3468 4494 τις
3491 4427 3734 4494 ἐποίησε

2172 4529 2416 4582 δεῖπνον
2441 4525 2610 4596 μέγα.
2665 4524 2818 4576 Οὖτω
2846 4523 2889 4576 δ’
2925 4525 2952 4576 ὀ
2979 4523 3190 4584 Λουκᾶς
3251 4522 3350 4592 τὴν
3385 4519 3733 4591 προτεθεῖσαν

2167 4618 2475 4692 παραϐολὴν
2491 4615 2790 4686 ἀνέγραψεν
2817 4613 3066 4686 εἰρῆσθαι
3085 4614 3190 4666 ὑπὸ
3210 4612 3303 4666 τοῦ
3327 4613 3575 4683 Σωτῆρος
3595 4612 3726 4683 πρὸς

493 4700 619 4769 quia
674 4718 740 4757 ne
796 4704 906 4773 ipsa
939 4707 1150 4775 quidem
1191 4726 1221 4762 a
1254 4711 1513 4764 cmlorum
1563 4727 1725 4780 regno
1779 4713 2055 4782 abhorret,

2162 4711 2251 4764 τὸν
2280 4709 2556 4780 εἰρηκότα,
2580 4705 2879 4772 Μακάριος
2907 4704 3076 4770 ὅστις
3091 4703 3333 4772 φάγεται
3354 4702 3536 4770 ἄρτον
3562 4705 3632 4757 ἐν
3658 4700 3726 4770 τῇ

493 4792 564 4848 de
598 4808 707 4865 quo
733 4798 907 4851 omnis
935 4797 1090 4853 nobis
1130 4801 1410 4856 institutus
1440 4817 1618 4857 sermo
1644 4813 1748 4867 est,
1781 4805 2060 4862 videamus

495 4899 658 4952 porro
683 4887 812 4956 Quid
852 4889 1160 4959 signiﬁcent
1187 4894 1349 4946 etiam
1385 4908 1446 4947 ea
1484 4909 1601 4962 qua:
1637 4896 1687 4949 in
1719 4897 1819 4950 hac
1857 4912 2058 4967 propo-

495 4987 719 5034 nuntur.
760 4979 908 5036 Unus
933 4981 1361 5037 recumbentium
1393 4993 1447 5038 et
1477 4987 1886 5043 convivantium
1935 5004 2058 5044 cum

497 5069 788 5127 Servatore
839 5072 890 5126 in
946 5072 1201 5129 Pharisaei
1280 5073 1484 5140 domo,
1549 5079 1889 5134 sermonibus
1943 5080 2060 5150 ejus

497 5173 815 5227 commotus,
852 5164 1064 5219 beatum
1088 5165 1360 5221 exclamat
1394 5167 1540 5222 illum
1594 5168 1708 5223 fore
1740 5171 1832 5238 qui
1863 5171 1928 5224 ad
1965 5188 2060 5242 pa-

563 5302 676 5373 (65)
716 5303 936 5372 Triplex
985 5312 1067 5358 est
1110 5305 1214 5362 loci
1267 5305 1427 5373 hujus
1487 5307 1798 5372 Eusebiani,
1845 5311 2066 5367 mutatis

495 5386 637 5446 stupe
681 5375 884 5440 verbis,
915 5387 1254 5444 excerptum.
1287 5377 1525 5430 Primum
1553 5377 1603 5430 in
1637 5381 2066 5446 praecedentibus

499 5440 740 5518 dedimus
787 5459 854 5498 ex
905 5440 1099 5518 catena
1125 5448 1380 5518 anonymi
1426 5440 1664 5501 auctoris
1694 5449 1745 5501 in
1772 5452 1958 5502 codice
2001 5450 2062 5506 Β.

496 5510 739 5590 Alterum
771 5525 861 5590 es_t
912 5515 1012 5590 hoc
1061 5510 1401 5590 excerptum,
1446 5529 1740 5590 exﬂcateua
1773 5518 1975 5574 Nieetaa
2009 5522 2062 5575 in

497 5580 685 5649 codice
705 5583 771 5636 A.
819 5584 1059 5639 Tertium
1087 5595 1169 5638 est
1201 5580 1253 5639 in
1284 5588 1470 5641 codice
1499 5588 1559 5649 E,
1599 5604 1665 5641 ex
1707 5599 1894 5642 catena
1933 5591 2060 5644 item

500 5648 717 5704 Macarii
759 5652 1204 5727 Chrysocephali,
1263 5659 1352 5724 qui
1403 5673 1522 5712 cum
1550 5648 1750 5712 ’Niceta
1787 5662 2056 5727 rcugruit.

502 5728 858 5792 pArzgterquam
893 5724 1065 5787 initio,
1103 5727 1242 5792 quod
1269 5727 1337 5778 ita
1370 5742 1426 5779 se
1461 5724 2059 5791 ὴιιιηιιιΠολλοῖξτισιν

500 5786 643 5855 εδοξε
673 5786 768 5861 τῆν
799 5792 965 5863 αὐτὴν
981 5786 1296 5865 παραϐολὴν
1319 5792 1454 5849 εἶναι
1477 5796 1679 5868 ταύτην
1696 5815 1751 5850 τε
1781 5786 1888 5869 τῆν’
1909 5816 1981 5852 πα
1992 5799 2061 5871 ρὰ

2162 4803 2449 4868 βασιλείᾳ
2466 4801 2567 4854 τοῦ
2601 4799 2768 4852 Θεοῦ·
2797 4797 2936 4850 ὥστε
2965 4797 3022 4864 ἐξ
3053 4796 3288 4859 ἅπαντος
3312 4796 3591 4866 ὁμολογεῖν
3625 4795 3732 4850 ἐτέ-

2171 4914 2267 4968 ραν
2317 4891 2453 4947 εἶναι
2487 4893 2688 4962 ταύτην
2728 4891 2876 4961 παρὰ
2924 4892 3021 4963 τήν
3061 4889 3304 4962 πρώτην.
3358 4889 3509 4942 Ἐπεὶ
3549 4888 3605 4941 δέ
3630 4888 3724 4940 οὐκ

2165 4987 2418 5060 ἀλλοτρία
2468 4986 2722 5056 τυγχάνει
2755 4985 2864 5037 οὐδ’
2891 4983 3027 5055 αῦτη
3058 4987 3156 5054 τῆς
3194 4982 3470 5053 βασιλείας
3495 4979 3604 5032 τῶν
3647 4979 3728 5032 οὗ·

2169 5081 2344 5153 ρανῶν
2363 5120 2376 5140 ,
2411 5080 2538 5150 περὶ
2559 5075 2631 5150 ἧς
2663 5081 2792 5148 ἡμῖν
2823 5080 2851 5130 ὁ
2891 5079 2996 5139 πᾶς
3035 5075 3289 5146 ἐνέστηκε
3320 5074 3504 5140 λόγος,
3542 5072 3730 5141 ἴδωμεν

2168 5173 2218 5224 τί
2253 5172 2496 5242 βούλεται
2531 5171 2622 5222 καὶ
2643 5168 2710 5221 τὰ
2731 5166 2820 5221 διὰ
2844 5167 3044 5238 ταύτην
3070 5166 3391 5238 δηλούμενα.
3423 5162 3544 5216 Τῶν
3576 5179 3728 5215 συνα-

2168 5312 2247 5382 τῷ
2272 5311 2473 5382 Λουκᾷ,
2511 5310 2605 5382 καὶ
2633 5308 2734 5379 τὴν
2766 5305 3316 5382 παρᾲμτῷ-Ματθαίῳ
3349 5303 3475 5382 περὶ
3512 5301 3605 5382 τοῦ
3641 5301 3729 5371 γάι

2174 5373 2272 5453 μου
2315 5373 2954 5453 διαλαμᾷάνουσανηδιά
2977 5373 3063 5453 Α’τὸ
3119 5373 3375 5453 καὶ-’ἐκεῖ
3408 5373 3730 5453 παραίτησιν

2169 5443 2276 5506 τῶν
2314 5443 2665 5520 κεκλημένων
2709 5446 3080 5518 εὑρίσκεσθαι.
3122 5447 3180 5520 Ὀ
3209 5446 3266 5499 δέ
3297 5446 3370 5516 μή
3419 5443 3728 5520 παρέργως,

2168 5535 2273 5576 etc.
2311 5515 2677 5586 Compluribus
2703 5515 2868 5571 risum
2897 5527 2995 5583 est,
3020 5519 3252 5570 eantdent
3286 5515 3398 5570 esse
3429 5515 3728 5586 parabolas

2169 5603 2277 5644 tum
2335 5581 2451 5658 quaé
2498 5589 2636 5654 apud
2669 5588 2866 5642 Lucam
2915 5581 3024 5640 tuin
3077 5602 3194 5658 qua:
3231 5590 3371 5658 apud
3427 5581 3728 5658 Matthwum

2176 5653 2423 5714 recitatur
2456 5653 2771 5725 denuptiis,
2793 5659 2914 5726 quia
2945 5665 2994 5710 et
3017 5657 3070 5726 in
3089 5653 3198 5707 'Itac
3229 5656 3397 5708 altera
3430 5653 3720 5726 excusatio:

2181 5747 2294 5784 nem
2321 5717 3010 5794 vocatorunrcomperimus.
3057 5724 3421 5780 Verumtamen
3445 5723 3536 5791 qui
3588 5717 3722 5775 haud

2184 5802 2535 5869 perfunctorio
2565 5799 2766 5863 studio,
2788 5807 2892 5853 etc.
