3968 6552
249 430 365 482 577

1444 433 1943 489 COMMENTARIA
1982 433 2049 487 IN
2090 431 2346 489 LUCAM.

3402 439 3505 493 578

244 564 425 600 νακει
436 546 617 618 μένων
642 565 727 611 τις
758 549 834 619 τῷ
855 549 1065 621 Σωτῆρι
1093 552 1149 602 ἐν
1171 553 1238 621 τῇ
1269 549 1360 603 τοῦ
1385 551 1676 622 Φαρισαίου
1703 551 1842 620 οίκίᾳ

1951 563 2073 602 nem
2096 547 2527 602 manducandum
2569 549 2618 601 in
2670 563 2838 620 regno
2878 549 2970 604 Dei
3015 548 3300 619 dignanter
3344 549 3507 605 inierit

243 640 353 693 καὶ
406 641 881 710 συνεστιωμένων,
925 643 987 694 ἐκ
1028 642 1135 694 τῶν
1181 643 1341 695 αὑτοῦ
1384 643 1559 711 λόγων
1589 643 1848 713 κινηθεὶς,

244 732 575 803 μακαρίζει
607 732 697 785 τὸν
732 733 1268 804 καταξιωθησόμενον
1298 739 1489 803 φαγεῖν
1509 736 1669 805 ἄρτον
1700 738 1755 787 ἐν
1784 738 1850 806 τῇ

245 822 529 896 βασιλεία
567 824 662 877 τοῦ
713 825 867 878 Θεοῦ.
906 822 1067 895 Οἶμαι
1108 826 1151 878 δ’
1193 827 1353 879 αὑτὸν
1388 826 1542 879 τοῦτο
1576 827 1850 897 εἰρηκέναι

241 912 343 966 διὰ
394 914 468 966 τὸ
514 915 786 983 φάναιτὸν
807 916 1031 987 Σωτῆρα
1065 916 1141 986 τῷ
1170 917 1454 987 κεκληκότι
1488 919 1851 972 αὑτόν-Ὅταν

242 1008 437 1077 ποιῇς
487 1007 727 1079 ἄριστον,
764 1008 837 1080 μὴ
874 1008 1149 1073 πλουσίους
1195 1011 1365 1074 κάλει,
1404 1011 1539 1063 ἀλλά
1582 1013 1848 1081 πτωχοὺς,

245 1099 354 1153 καὶ
428 1100 701 1171 μακάριος
752 1100 868 1171 ἔσῃ.
912 1101 1053 1172 Πρὸς
1104 1101 1288 1155 τοῦτον
1339 1099 1429 1157 οὖν
1484 1121 1678 1173 φησιν·
1725 1107 1852 1157 Ἀν-

245 1192 512 1261 Ope-aude;
548 1209 641 1259 τις
666 1192 914 1259 ὲποιήσε
934 1194 1177 1247 δεῖπνον
1194 1195 1366 1263 μέγα,
1401 1198 1493 1249 καὶ
1527 1197 1594 1249 τὰ
1619 1196 1763 1266 ἑξῆς.

403 1282 703 1351 Ἤρξαντο
733 1284 850 1338 ἀπὸ
876 1282 1018 1353 μιᾶς
1042 1286 1446 1353 παραιτεῖσθαι
1476 1287 1714 1352 πάντες.

348 1371 475 1427 Eni.
515 1372 580 1425 τὸ
606 1373 820 1441 λογικὸν
866 1374 1160 1444 συμπόσιον
1190 1377 1287 1428 οὐκ
1327 1377 1659 1446 ἀπήντησαν,
1694 1376 1849 1447 φιλή-

247 1464 413 1518 δονοι
450 1464 651 1535 μᾶλλον
694 1464 841 1527 ὄντες
889 1464 921 1533 ἢ
965 1465 1217 1533 φιλόθεοι,
1253 1467 1345 1518 καὶ
1374 1466 1474 1535 τῆς
1514 1466 1643 1535 ὕλης
1677 1466 1705 1535 ἢ
1758 1466 1849 1518 τοῦ

247 1554 433 1609 Θεοῦο
466 1554 776 1627 φιληδονίας
808 1557 904 1626 μὲν
932 1556 1039 1627 γάρ
1071 1557 1263 1627 δεῖγμα
1290 1560 1445 1629 γυνή·
1480 1559 1646 1630 ἀγρὸς
1670 1559 1723 1611 δὲ
1757 1560 1850 1612 καί⁵

250 1640 443 1714 ζεύγη
475 1644 579 1714 τῆς
610 1644 1097 1716 φιλοχρημοσύνης.
1135 1648 1366 1710 Πολλοὺς
1403 1648 1501 1717 μὲν
1534 1646 1625 1701 οὖν
1654 1649 1852 1719 κεκλῆ-

250 1734 395 1788 σθαί
419 1752 558 1804 φησι
587 1737 678 1788 ἐπὶ
692 1737 752 1789 τὸ
779 1738 919 1806 μέγα
950 1738 1155 1791 δεῖπνον
1179 1740 1271 1792 καὶ⁵
1292 1740 1350 1791 τὸ
1374 1740 1493 1792 καθ’
1519 1740 1645 1810 ὅλης
1666 1741 1761 1811 τῆς
1776 1744 1852 1795 οἱ·

250 1826 552 1899 κουμένης
569 1826 781 1896 λογικὸν
805 1830 1100 1899 συμπόσιον
1115 1832 1221 1883 τῶν
1245 1830 1403 1902 ἱερῶν
1423 1834 1512 1884 καὶ
1531 1831 1685 1885 Θείων
1711 1833 1849 1903 Γρα-

1952 639 2234 692 admissus.
2299 636 2433 691 Puto
2485 647 2663 691 autem
2726 640 2825 693 hoc
2881 638 3082 691 dictum
3140 636 3326 703 fuisse,
3381 637 3509 707 quia

1952 735 2210 789 Servatur
2239 734 2488 788 invitanti
2508 748 2565 788 se
2590 735 2799 788 dixerat
2826 753 2838 787 :
2867 734 2998 788 Cum
3046 733 3331 802 prandium
3364 733 3508 788 fece-

1952 827 2047 889 ris,
2076 826 2180 879 noli
2209 826 2402 879 divites
2430 840 2647 888 vocare,
2674 825 2767 878 sed
2790 840 3071 893 pauperes,
3103 836 3158 878 ut
3195 828 3385 880 beatus
3407 826 3509 880 sis.

1953 916 2088 971 Huic
2112 933 2241 988 ergo
2271 917 2598 986 respondens
2625 917 2702 969 ait
2738 930 2752 968 :
2807 914 2977 969 Homo
3002 918 3215 985 quidam
3240 917 3363 986 fecit
3396 931 3509 971 ca-

1952 1026 2072 1062 nam
2105 1025 2370 1079 magnam,
2400 1019 2456 1063 et
2482 1006 2705 1076 reliqua.

2201 1275 2247 1305 "
2284 1274 2560 1341 Caperunt
2589 1274 2747 1327 simul
2768 1291 2945 1329 omnes
2993 1292 3261 1329 excusare.

2020 1364 2101 1417 Ad
2150 1366 2417 1420 rationale
2444 1367 2750 1420 convivium
2785 1384 2887 1420 non
2926 1380 3206 1433 venerunt,
3242 1370 3365 1437 quia
3414 1386 3509 1424 vo-

1950 1457 2210 1526 luptatum
2260 1459 2434 1526 potius
2462 1469 2623 1525 atque
2649 1460 2887 1523 materia!
2912 1475 3071 1528 quam
3113 1461 3204 1515 Dei
3235 1471 3515 1517 amatores»

1949 1561 2123 1604 erant.
2160 1550 2292 1605 Nam
2326 1552 2619 1619 voluptatis
2646 1562 3023 1618 argumentum
3053 1568 3226 1615 uxor;
3257 1568 3385 1622 ager
3412 1568 3512 1605 an-

1953 1651 2059 1695 tem
2089 1657 2149 1693 ac
2178 1642 2363 1706 boves,
2397 1642 2657 1699 avaritize.
2689 1642 2882 1697 Multos
2928 1644 3106 1712 itaque
3135 1656 3353 1698 vocatos
3379 1644 3514 1699 dicit

1952 1734 2018 1785 ad
2075 1748 2323 1800 magnam
2381 1748 2614 1795 caenam,
2663 1743 2716 1787 et
2767 1735 3025 1787 rationale
3071 1751 3166 1802 per
3198 1737 3511 1791 universum

1950 1821 2132 1873 orbem
2152 1820 2454 1873 convivium
2480 1835 2757 1874 sacrarum
2786 1837 2849 1875 ac
2874 1823 3179 1877 divinarum
3208 1824 3513 1893 Scriptura-

253 1916 410 1985 φῶν,
450 1918 526 1989 μὴ
571 1918 677 1990 μὴν
703 1921 828 1983 τοὺς
855 1922 1057 1985 πάντας
1083 1923 1180 1992 τῆς
1208 1924 1424 1992 χάριτος
1452 1924 1842 1994 ἐπιτυγχάνειν·

1951 1927 2093 1974 rum,
2137 1927 2241 1964 non
2298 1922 2473 1965 tamen
2517 1926 2702 1965 omnes
2742 1913 2914 1979 gratia
2961 1915 3146 1983 potiri,
3176 1930 3280 1984 qna
3332 1916 3510 1970 vocati

251 2009 698 2082 ἀποστερεῖσθαι
723 2013 831 2083 γὰρ
863 2014 1029 2082 αὐτῆς
1060 2014 1165 2067 τῶν
1194 2015 1540 2086 κεκλημένων
1571 2017 1693 2078 τοὺς
1725 2014 1849 2086 περὶ

251 2098 440 2171 ἔτερα
467 2102 891 2173 ήσχολημένους.
922 2105 1200 2175 Περισπᾷν
1227 2105 1330 2178 γὰρ
1364 2106 1456 2158 καὶ
1478 2104 1726 2173 ἀφέλκειν
1753 2105 1851 2173 τῆς

251 2188 524 2261 κλήσεως
554 2192 652 2255 τὰς
700 2192 793 2244 τοῦ
839 2192 951 2261 βίου
1000 2194 1280 2265 φροντίδας
1325 2195 1597 2248 διδάσκει’
1650 2193 1851 2256 ταύτας

251 2281 301 2334 δ’
324 2276 479 2336 εἶναι
498 2282 803 2353 διαφόρους
829 2285 862 2353 ἦ
889 2284 995 2356 γὰρ
1020 2287 1147 2357 περὶ
1166 2287 1233 2339 τὰ
1260 2289 1358 2357 κτή
1369 2304 1511 2356 ματα
1535 2288 1625 2339 καὶ
1651 2287 1850 2357 ἀγροὺς

251 2372 681 2444 ἀσχολούμενοι,
726 2373 896 2427 ταῦτα
930 2377 1025 2445 τῆς
1078 2377 1319 2448 κλήσεως
1366 2379 1848 2448 προτετιμήκασιν,

252 2463 338 2527 ὡς
370 2465 819 2536 παραιτήσασθαι
846 2467 1112 2536 τολμῆσαι
1140 2468 1226 2521 διὰ
1250 2467 1420 2521 ταῦτα
1450 2468 1547 2539 τὴν
1574 2470 1785 2537 κλῆσιψ
1814 2470 1846 2539 ἢ

254 2556 402 2626 περὶ
449 2556 550 2619 τὰς
580 2555 673 2609 τοῦ
716 2556 827 2626 βίον
875 2561 1254 2629 πραγματείας
1305 2561 1847 2633 κατατριϐόμενοισῆ

251 2642 458 2716 δεσμῷ
501 2645 695 2715 γάμων
736 2647 830 2699 καὶ
882 2648 1083 2700 παίδων
1130 2650 1582 2718 ἐμπεπλεγμένοι·
1632 2652 1664 2719 ἦ
1713 2668 1851 2703 τισιν

252 2737 454 2800 ἄλλοις
500 2737 761 2801 τοιούτοις
810 2740 1198 2809 φροντίσμασιν
1228 2740 1603 2809 ήσχολημένοι.
1668 2740 1849 2793 Ταῦτα

252 2827 376 2900 γὰρ
414 2828 509 2882 καὶ
538 2829 763 2882 τοιαῦτα
796 2830 1020 2897 ἐπάγειν
1055 2830 1148 2882 καὶ
1195 2831 1495 2900 περιέλκειν
1529 2829 1684 2882 εἴωθε
1726 2832 1849 2894 τοὺς

252 2918 347 2973 διά
400 2918 578 2973 ταῦτα
606 2920 704 2989 τήν
746 2921 903 2989 χάριν
951 2921 1327 2989 παραιτεῖσθαι
1376 2921 1708 2990 τολμῶντας,
1759 2923 1850 2974 καὶ

250 3008 354 3061 τὸν
386 3008 651 3079 κλήτορα,
680 3011 773 3062 καὶ
798 3010 856 3063 τὸ
885 3012 981 3079 τῆς
1014 3012 1205 3080 καινῆς
1239 3011 1499 3081 διαθήκης
1530 3012 1848 3081 συμπόσιον,

255 3100 359 3153 καὶ
387 3100 491 3169 τὴν
516 3099 738 3169 λογικὴν
766 3103 989 3172 τροφήν
1019 3095 1090 3153 ὧν
1118 3103 1369 3155 ἁπάντων
1399 3104 1695 3173 ἐστέρησαν
1726 3105 1850 3156 ἑαυ-

252 3192 417 3253 τοὺς,
450 3191 594 3244 κατὰ
628 3192 727 3260 μὲν
758 3192 859 3262 τὴν
891 3191 1239 3245 ἀποδοθεῖσαν
1274 3195 1588 3263 ἑρμηνείαν,
1620 3196 1680 3267 ⁸οἱ
1712 3212 1844 3264 προσ

1952 2004 2232 2073 privantur
2284 2005 2408 2073 quia
2455 2003 2615 2057 rebus
2657 2002 2776 2057 aliis
2817 2019 3000 2057 curam
3044 2006 3377 2074 impendunt.
3418 2006 3511 2059 Et-

1960 2095 2102 2148 enim
2133 2096 2436 2149 distrahere
2470 2104 2633 2161 atque
2663 2105 2908 2149 avertere
2937 2112 2964 2148 a
2997 2098 3281 2152 vocatione
3310 2096 3509 2152 solliei-

1951 2185 2164 2239 tudiues
2224 2186 2405 2239 mundi
2457 2187 2640 2247 docet,
2690 2202 2809 2255 qua:
2852 2188 3013 2241 variae
3054 2198 3222 2242 sunt:
3276 2204 3399 2242 nam
3427 2188 3512 2241 vel

1954 2278 2389 2345 possessionibus
2439 2279 2694 2347 agrisque
2744 2278 2956 2338 intenti,
3004 2294 3095 2333 eas
3126 2295 3211 2333 res
3238 2280 3513 2345 vocationi

1950 2368 2299 2433 antefernnt;
2336 2370 2407 2423 ita
2443 2380 2500 2424 ut
2543 2386 2809 2427 excusare
2857 2388 2915 2426 se
2966 2375 3140 2427 vocati
3178 2375 3380 2428 idcirco
3417 2389 3514 2427 au-

1952 2461 2135 2515 deant.
2171 2461 2262 2515 Vel
2299 2464 2423 2519 vitae
2480 2468 2711 2530 negotiis
2742 2476 3065 2528 atteruntur,
3090 2467 3173 2520 vel
3204 2467 3515 2535 nuptiarum

1950 2568 2014 2607 ac
2040 2554 2331 2608 liberorum
2367 2556 2594 2611 vinculis
2636 2559 3003 2627 implicantur,
3041 2560 3120 2613 vel
3173 2560 3296 2612 aliis
3337 2557 3516 2627 hujus-

1953 2643 2095 2696 modi
2128 2644 2275 2697 curis
2318 2646 2482 2698 dediti
2506 2658 2654 2700 sunt.
2682 2648 2803 2702 Haec
2820 2650 2961 2701 enim
2994 2660 3045 2703 et
3075 2648 3176 2702 alia
3210 2648 3516 2715 huiusmodi

1951 2734 2221 2787 abducere
2251 2750 2311 2788 ac
2338 2736 2643 2791 distrahere
2688 2739 2864 2793 solent
2911 2755 3003 2795 eos
3031 2743 3122 2808 qui
3164 2743 3390 2810 gratiam
3424 2756 3513 2794 re-

1958 2826 2208 2893 pudiare,
2233 2838 2653 2895 vocantemque.
2687 2847 2786 2886 nec
2834 2847 2939 2884 non
2981 2832 3102 2885 novi
3136 2830 3351 2884 foederis
3385 2845 3517 2884 con-

1950 2915 2173 2979 vivium,
2228 2926 2283 2970 et
2325 2918 2746 2975 intellectualem
2800 2937 3011 2982 escam.
3062 2922 3278 2975 audent.
3308 2921 3521 2988 Quibus

1949 3007 2201 3062 omnibus
2234 3020 2402 3061 semet
2433 3013 2781 3075 urhavernut,
2809 3013 3103 3066 secundum
3136 3013 3271 3066 hanc
3295 3012 3517 3079 quidem

1952 3097 2477 3165 interpretationem,
2516 3103 2549 3155 ii
2584 3103 2674 3170 qui
2708 3104 2920 3157 caelesti
2951 3104 3220 3158 vocationi
3267 3102 3518 3173 jucundi-

1954 3199 2091 3243 tates
2142 3191 2300 3259 hujus
2342 3195 2524 3246 mundi
2566 3195 2937 3263 prmtulerunt,
2974 3196 3187 3248 divitias
3230 3195 3510 3257 nimirum,

184 3294 185 3297 ‘
252 3283 599 3354 τιμήσαντες
628 3259 727 3354 τῆς
764 3259 1011 3352 ουρανίου
1048 3285 1287 3355 κλήσεως
1306 3259 1557 3354 ⁷ἰὰ-ἡδέα
1584 3259 1675 3337 τοῦ
1705 3259 1840 3356 πάρ-

1952 3282 2166 3350 ncgotia
2200 3293 2252 3336 et
2310 3284 2557 3353 nuptias;
2616 3301 2845 3352 quorum
2897 3300 3057 3339 causa
3107 3285 3334 3353 gratiam
3368 3298 3522 3338 recu-

254 3373 421 3438 ὀντος
481 3374 619 3445 βίου,
670 3376 897 3429 πλοῦτον
947 3378 1146 3447 δηλαδὴ
1192 3379 1286 3429 καί
1329 3378 1709 3447 πραγματείας
1755 3379 1847 3429 καὶ

256 3464 471 3536 γάμον,
522 3468 617 3519 καὶ⁸
656 3467 743 3519 διὰ
789 3466 959 3520 ταῦτα
1005 3469 1102 3538 τὴν
1145 3470 1301 3538 χάριν
1347 3470 1842 3537 παραιτησάμενοι·

254 3555 411 3609 κατά
435 3555 481 3609 δ’
516 3558 706 3628 ἐτέραν
746 3559 969 3629 ἐκδοχὴν
993 3561 1040 3611 οί
1071 3560 1273 3629 πρῶτοι
1296 3559 1395 3627 τῆς
1422 3559 1663 3628 κλήσεως
1690 3560 1848 3627 ήξιω-

262 3649 447 3719 μένοι,
480 3643 624 3702 οὗτοι
650 3650 695 3702 δ’
724 3645 863 3720 ῆσαν
885 3652 931 3702 οἱ
963 3651 1024 3701 ἐκ
1057 3650 1379 3720 περιτομῆς,
1406 3651 1452 3701 οἳ
1485 3650 1548 3719 δή
1582 3651 1844 3719 προφάσει

257 3740 366 3810 τῆς
392 3741 528 3811 περὶ
573 3741 634 3792 τὸ
666 3743 909 3810 κρεῖττον
957 3742 1209 3810 ἀσχολίας
1242 3742 1339 3810 τὴν
1378 3740 1564 3810 κλῆσιν
1598 3740 1842 3809 ὕϐρισαν.

268 3827 362 3892 Ὦς
390 3828 502 3899 γὰρ
543 3828 755 3899 ἔχοντες
798 3832 999 3901 ἀγροὺς
1046 3832 1113 3883 τὰ
1162 3834 1287 3901 παρ’
1332 3832 1509 3893 αὐτοῖς
1560 3830 1844 3900 ἀμφιλαφῆ

256 3920 690 3990 ἀναγνώσματα,
716 3923 809 3974 καὶ
831 3923 905 3984 ὼς
930 3921 1054 3991 βόας
1079 3923 1349 3991 ἀροτῆρας
1372 3922 1695 3992 κεκτημένοι
1722 3922 1845 3984 τοὺς

257 4012 397 4084 παρ’
431 4012 615 4075 αὐτοῖς
643 4014 946 4083 προφήτας,
977 4013 1070 4065 καὶ
1107 4012 1180 4072 ὡς
1220 4012 1284 4064 ἂν
1319 4014 1477 4082 σοφίᾳ
1520 4013 1625 4066 τινὶ
1653 4006 1739 4064 οἷα
1781 4012 1843 4083 δή

256 4104 491 4172 γυναικὶ
538 4104 913 4173 συμϐιοῦντες,
962 4105 1059 4174 τὴν
1098 4104 1456 4173 εὐαγγελικήν
1506 4104 1844 4171 ἐξευτέλισαν

259 4195 446 4266 χάριν.
468 4226 540 4236 -
586 4197 801 4266 Ἐπειδὴ
833 4196 891 4249 δέ
916 4194 1054 4265 ἦσαν
1084 4196 1225 4249 οὕτω
1251 4201 1441 4267 παχεῖς
1470 4199 1566 4268 τὴν
1596 4198 1841 4268 καρδίαν,

257 4287 541 4355 ἔξυφαίνει
574 4289 890 4360 παραδολὴν
910 4289 1272 4359 ἀποχρώντως
1300 4291 1525 4360 ἔχουσαν
1554 4292 1639 4353 είς,
1666 4291 1842 4361 παρά-

254 4377 428 4443 δειξιν
461 4379 562 4448 τῆς
590 4382 673 4433 ἐπ’
706 4382 888 4443 αὐτοῖς
914 4382 1173 4450 ἐσομένης
1196 4382 1504 4450 οἰκονομίας
1532 4398 1544 4410 ο
1578 4382 1713 4452 πρὸς
1736 4382 1842 4453 γὰρ

255 4470 319 4525 τὸ
345 4470 640 4540 μακάριος
662 4474 774 4539 ἐσῃ
805 4473 1145 4534 ἀποϐλέπων,
1194 4475 1288 4525 καὶ
1334 4474 1465 4542 πρὸς
1495 4473 1555 4525 τὸ
1587 4474 1841 4525 ἀνταπο-

256 4561 585 4630 δοθήσεται
611 4579 709 4617 σοι
749 4567 817 4617 ἐν
852 4564 923 4631 τῇ
962 4564 1294 4618 ἀναστάσει
1341 4564 1457 4617 τῶν
1497 4565 1760 4625 δικαίων,
1811 4566 1838 4617 ὁ

258 4654 713 4724 συνανακείμενος
741 4656 1029 4725 μακαρίζει
1054 4656 1141 4707 τὸν
1171 4656 1428 4725 μέλλοντα
1455 4654 1835 4719 καταξιοῦσθαι

255 4745 354 4800 τοῦ
388 4748 446 4799 ἐν
472 4750 537 4817 τῇ
572 4747 813 4819 βασιλείᾳ
864 4750 1047 4818 ἄρτου.
1098 4746 1263 4811 Οὗτος
1301 4748 1354 4799 δὲ
1398 4743 1463 4816 ῆν
1494 4748 1521 4798 ὁ
1555 4748 1669 4799 κατ’
1720 4748 1842 4798 άντ-

255 4835 515 4889 απόδοσιν
549 4838 647 4906 τῆς
680 4838 758 4900 είς
786 4838 910 4900 τοὺς
938 4840 1181 4907 πτωχοὺς
1229 4836 1653 4906 φιλανθρωπίας,
1688 4837 1743 4887 ἐν
1773 4839 1835 4905 τῇ

256 4926 552 4979 ἀναστάσει
578 4927 685 4979 τῶν
711 4928 931 4980 δικαίων
967 4928 1427 4997 ἀποδοθησόμενος
1475 4926 1552 4995 τῷ
1604 4944 1840 4997 μακαρι-

257 5017 494 5088 ζομένῳ,
519 5017 621 5088 τῆς
653 5020 996 5083 ἀναστάσεως
1024 5021 1117 5072 καὶ
1145 5020 1244 5089 τῆς
1274 5017 1363 5070 τοῦ
1392 5016 1525 5069 Θεοῦ
1560 5016 1829 5085 βασιλείας

259 5110 392 5179 μιᾶς
435 5108 653 5178 καὶτῆς
686 5109 854 5177 αὐτῆς
888 5098 1195 5179 νοουμένης.
1232 5108 1373 5178 Πρὸς
1422 5103 1512 5159 οὖν
1546 5107 1636 5159 τὸν
1681 5110 1831 5177 εἰρη-

1949 3383 2156 3427 sarunt.
2206 3372 2511 3427 Secundum
2581 3376 2741 3430 aliam
2814 3391 2943 3429 vero
2989 3375 3518 3442 interpretationem,

1949 3467 2155 3533 priores
2189 3466 2261 3518 illi
2296 3467 2583 3535 dignanter
2602 3468 2797 3529 vocati,
2834 3468 2883 3519 id
2910 3476 2987 3520 est
3020 3465 3250 3533 populus
3272 3465 3513 3518 ein-um-

1948 3556 2112 3617 cisus,
2144 3557 2233 3623 qui
2287 3557 2530 3611 melioris
2586 3559 2812 3612 instituti
2869 3567 3126 3627 praetextu
3176 3556 3513 3610 vocationem

1946 3659 2289 3715 spreverunt.
2346 3647 2479 3701 Nam
2531 3649 2686 3718 quasi
2741 3664 2901 3718 agros
2966 3648 3227 3702 haberent
3268 3646 3515 3714 copiosas

1946 3755 2073 3793 suas
2097 3739 2429 3807 Scripturas,
2452 3752 2506 3795 et
2540 3742 2698 3794 boum
2724 3744 2992 3793 arautinm
3022 3740 3193 3793 instar
3224 3738 3511 3805 prophetas

1946 3845 2091 3889 Snus.
2121 3843 2176 3886 et
2207 3847 2326 3884 cum
2357 3833 2627 3902 sapientia
2677 3848 2772 3886 sua
2810 3832 2974 3886 veluti
3025 3847 3194 3885 uxore
3224 3832 3515 3884 conviven-

1947 3932 2047 3987 tes,
2076 3924 2440 3991 evangelicum
2474 3924 2701 3993 gratiam
2732 3925 3088 3993 deSpuerunt.
3117 3954 3187 3963 -—
3213 3922 3347 3987 Quia
3388 3936 3513 3974 vero

1952 4024 2234 4083 tantopere
2283 4017 2400 4068 rudi
2444 4016 2606 4069 corde
2653 4025 2830 4079 erant,
2873 4013 3371 4082 nectitparabulam
3407 4011 3515 4064 ido-

1949 4121 2108 4158 neam
2142 4106 2568 4159 demonstrando
2626 4105 2859 4158 futuram
2895 4107 3032 4172 apud
3081 4106 3224 4172 ipsos
3249 4104 3513 4171 gerenda-

1947 4212 2063 4251 rum
2093 4212 2271 4250 rerum
2300 4199 2585 4252 rationem.
2620 4197 2861 4262 Namque
2904 4198 2967 4249 ad
3005 4196 3091 4247 iila
3120 4196 3279 4248 verba
3328 4195 3515 4246 beatus

1941 4287 2044 4337 eris
2093 4298 2255 4354 atque
2291 4288 2355 4340 ad
2411 4288 2498 4340 illa
2531 4288 2846 4339 retribuetur
2883 4288 2977 4340 tibi
3032 4287 3085 4338 in
3132 4284 3517 4337 resurrectione

1933 4376 2219 4445 jnsmrnm,
2264 4378 2556 4446 respiciens
2586 4379 2830 4442 conviva,
2870 4379 3093 4445 beatum
3127 4375 3364 4445 appellat
3387 4389 3513 4426 eum

1941 4469 2030 4536 qui
2073 4468 2123 4521 in
2157 4484 2316 4539 regno
2345 4470 2537 4537 dignus
2570 4472 2834 4524 eritvesci
2884 4484 3040 4536 pane.
3084 4468 3250 4521 Porro
3312 4466 3397 4519 hic
3436 4465 3513 4517 in-

1944 4560 2204 4627 telligitur
2241 4560 2329 4626 qui
2364 4562 2571 4613 dandus
2595 4560 2693 4612 erit
2728 4559 3107 4613 remuneramli
3152 4574 3311 4611 causa
3361 4556 3512 4609 beni-

1943 4654 2200 4719 gnitatem
2234 4654 2560 4722 pauperibus
2607 4654 2901 4705 exhibitaui
2941 4672 2954 4718 ;
2991 4655 3193 4722 quique
3235 4652 3285 4704 in
3337 4666 3511 4705 resur-

1942 4746 2180 4797 rectione
2212 4745 2481 4813 justorum
2525 4744 2901 4797 retrilntendus
2923 4752 3004 4797 est
3030 4745 3188 4797 beato
3216 4744 3289 4796 illi
3318 4760 3332 4796 :
3386 4756 3509 4795 nam

1942 4837 2269 4890 resurrectio
2320 4837 2458 4890 idem
2502 4851 2621 4890 esse
2677 4834 2993 4901 intelligitur
3033 4852 3096 4889 ac
3142 4848 3364 4903 regnum
3394 4834 3504 4886 Dei.

1943 4928 2150 4980 Dicenti
2181 4944 2329 4997 ergo,
2368 4929 2561 4982 Beatus
2601 4932 2690 5002 qui
2728 4932 3006 4983 mandarat
3036 4943 3222 4990 panem
3255 4928 3306 4978 in
3351 4939 3511 4992 regno

1938 5016 2060 5077 Dei,
2111 5020 2417 5085 parabolam
2468 5023 2692 5092 exponit
2723 5022 2981 5077 Servatur
3017 5022 3223 5073 docens
3259 5016 3509 5084 quisnam

1938 5107 2009 5160 sit
2042 5108 2131 5161 ille
2160 5112 2370 5165 beatus.

257 5199 413 5265 κάτα,
436 5198 733 5268 Μακάριος
762 5200 925 5265 ὅστις
962 5201 1203 5268 φάγεται
1236 5200 1419 5267 ἄρτον
1461 5198 1530 5251 ἐν
1568 5197 1640 5265 τῇ
1671 5199 1959 5265 ,βασιλείᾳ
1996 5202 2102 5255 τοῦ
2129 5203 2298 5267 Θεοῦ,
2348 5205 2431 5267 τίς
2462 5208 2531 5259 ἂν
2558 5208 2767 5275 γένοιτο
2818 5197 2971 5267 οὗτος
3009 5206 3037 5256 ὁ
3088 5200 3377 5273 μακάριος,
3419 5187 3510 5253 8ιά

254 5291 358 5362 τῆς
385 5290 699 5361 παραϐολῆς
722 5292 751 5343 ὁ
782 5291 969 5362 Σωτὴρ
1003 5293 1349 5363 παρίστησιν.

337 5384 559 5454 Ἐπειδὴ
608 5385 786 5437 τοίνυν
830 5384 1132 5455 ἐκλήθησαν
1189 5384 1373 5436 πολλοὶ
1421 5384 1500 5445 είς
1538 5381 1829 5450 τδζζπάντα

254 5476 449 5547 ῑτοιμα
478 5476 642 5547 φέρον
680 5475 890 5529 δεῖπνον
921 5476 1053 5546 (τῆς
1079 5476 1187 5546 γὰρ
1216 5475 1488 5545 βασιλείας
1512 5475 1676 5539 ἀξίως
1699 5478 1727 5528 ὁ
1754 5477 1831 5527 οἰ·-

256 5568 586 5639 κοδεσπότης
614 5568 673 5620 τὸ
704 5567 943 5620 τοιοῦτον
977 5570 1119 5619 ποιεῖ
1146 5567 1416 5637 δεῖπνον),
1448 5568 1831 5638 παρῃτήσαντο

254 5658 307 5713 δέ
332 5659 435 5731 τὴν
461 5659 639 5731 χάριν,
670 5661 797 5731 περὶ
824 5660 921 5732 μὲν
942 5658 1143 5713 τούτων
1175 5659 1446 5728 ἀπόφασις
1484 5659 1831 5729 ἐξενήνεκται

327 5864 371 5895 ⁸³
401 5863 531 5919 Luc.
566 5878 673 5929 xw,
709 5862 790 5919 18.

2006 5383 2270 5450 Quoniam
2316 5384 2498 5453 itaque
2549 5384 2721 5437 vocati
2764 5392 2891 5436 sunt
2938 5382 3090 5435 multi
3139 5381 3204 5433 ad
3256 5388 3507 5449 paratam

1937 5490 2148 5530 caenam
2206 5478 2352 5545 (nam
2390 5492 2487 5543 pro
2513 5476 2775 5545 dignitate
2808 5473 2959 5541 regni
2992 5472 3076 5525 sui
3115 5469 3509 5539 paterfamilias

1936 5582 2148 5621 caenam
2178 5568 2485 5638 huiusmodi
2519 5568 2696 5636 facit),
2726 5567 2817 5623 sed
2849 5565 3085 5636 gratiam
3121 5564 3505 5634 repudiarunt,

1938 5658 2004 5714 de
2030 5659 2115 5715 bis
2143 5658 2249 5713 lata
2282 5658 2549 5714 sententia
2605 5658 2706 5713 fuit
2754 5655 3017 5713 dicendo:
3047 5652 3332 5712 Neminem
3361 5653 3509 5709 viro-
