  <div class='ocr_page' id='page_1' title='image "/cluster/home/n/w/nwhite01/storage/ocr_20150623/24/hvd.32044019207729/295.png"; bbox 0 0 3968 6510; ppageno 0'>
   <div class='ocr_carea' id='block_1_1' title="bbox 522 378 3765 452">
    <p class='ocr_par' dir='ltr' id='par_1_1' title="bbox 522 378 3765 452">
     <span class='ocr_line' id='line_1_1' title="bbox 522 378 3765 452; baseline -0.003 -5"><span class='ocrx_word' id='word_1_1' title='bbox 522 393 626 452; x_wconf 79' lang='lat'><strong>579</strong></span> <span class='ocrx_word' id='word_1_2' title='bbox 1209 388 1477 445; x_wconf 80' lang='lat' dir='ltr'><strong>EUSEBII</strong></span> <span class='ocrx_word' id='word_1_3' title='bbox 1516 382 1987 444; x_wconf 74' lang='lat' dir='ltr'><strong>ClESARlENSiS</strong></span> <span class='ocrx_word' id='word_1_4' title='bbox 2023 381 2175 440; x_wconf 81' lang='lat' dir='ltr'><strong>OPP.</strong></span> <span class='ocrx_word' id='word_1_5' title='bbox 2214 379 2394 437; x_wconf 77' lang='lat' dir='ltr'><strong>PARS</strong></span> <span class='ocrx_word' id='word_1_6' title='bbox 2431 379 2520 436; x_wconf 80' lang='lat' dir='ltr'><strong>Ili.</strong></span> <span class='ocrx_word' id='word_1_7' title='bbox 2562 412 2629 422; x_wconf 77' lang='lat'><strong>—~</strong></span> <span class='ocrx_word' id='word_1_8' title='bbox 2666 378 3075 436; x_wconf 77' lang='lat' dir='ltr'><strong>EXEGETICA.</strong></span> <span class='ocrx_word' id='word_1_9' title='bbox 3644 378 3765 436; x_wconf 74' lang='lat'><strong>580</strong></span> 
     </span>
    </p>
   </div>
   <div class='ocr_carea' id='block_1_2' title="bbox 527 499 2094 581">
    <p class='ocr_par' dir='ltr' id='par_1_2' title="bbox 527 504 2076 581">
     <span class='ocr_line' id='line_1_2' title="bbox 527 504 2076 581; baseline -0.006 -15"><span class='ocrx_word' id='word_1_10' title='bbox 527 528 645 568; x_wconf 86' lang='lat' dir='ltr'><strong>rum</strong></span> <span class='ocrx_word' id='word_1_11' title='bbox 675 513 887 567; x_wconf 86' lang='lat' dir='ltr'><strong>illorum</strong></span> <span class='ocrx_word' id='word_1_12' title='bbox 914 509 1004 581; x_wconf 99' lang='lat' dir='ltr'><strong>qui</strong></span> <span class='ocrx_word' id='word_1_13' title='bbox 1032 508 1207 565; x_wconf 86' lang='lat' dir='ltr'><strong>vocati</strong></span> <span class='ocrx_word' id='word_1_14' title='bbox 1239 509 1410 571; x_wconf 81' lang='lat' dir='ltr'><strong>fuere,</strong></span> <span class='ocrx_word' id='word_1_15' title='bbox 1443 516 1497 562; x_wconf 91' lang='lat' dir='ltr'><strong>et</strong></span> <span class='ocrx_word' id='word_1_16' title='bbox 1528 508 1598 563; x_wconf 83' lang='lat' dir='ltr'><strong>ob</strong></span> <span class='ocrx_word' id='word_1_17' title='bbox 1620 522 1682 561; x_wconf 89' lang='lat' dir='ltr'><strong>su</strong></span> <span class='ocrx_word' id='word_1_18' title='bbox 1696 522 1755 561; x_wconf 91' lang='lat' dir='ltr'><strong>as</strong></span> <span class='ocrx_word' id='word_1_19' title='bbox 1779 504 2076 560; x_wconf 88' lang='lat' dir='ltr'><strong>mundanas</strong></span> 
     </span>
    </p>
   </div>
   <div class='ocr_carea' id='block_1_3' title="bbox 2194 499 3761 581">
    <p class='ocr_par' dir='ltr' id='par_1_3' title="bbox 2194 499 3761 573">
     <span class='ocr_line' id='line_1_3' title="bbox 2194 499 3761 573; baseline -0.001 -19"><span class='ocrx_word' id='word_1_20' title='bbox 2194 502 2212 573; x_wconf 61' lang='grc' dir='ltr'><strong>ἡ</strong></span> <span class='ocrx_word' id='word_1_21' title='bbox 2270 502 2487 572; x_wconf 82' lang='grc' dir='ltr'><strong>φήσασα</strong></span> <span class='ocrx_word' id='word_1_22' title='bbox 2536 502 2651 554; x_wconf 85' lang='grc' dir='ltr'>δτι·</span> <span class='ocrx_word' id='word_1_23' title='bbox 2698 501 2885 563; x_wconf 77' lang='grc' dir='ltr'>Οὐδεὶς</span> <span class='ocrx_word' id='word_1_24' title='bbox 2937 500 3045 553; x_wconf 89' lang='grc' dir='ltr'><strong>τῶν</strong></span> <span class='ocrx_word' id='word_1_25' title='bbox 3102 499 3309 571; x_wconf 83' lang='grc' dir='ltr'>ἀνδρῶν</span> <span class='ocrx_word' id='word_1_26' title='bbox 3364 501 3584 554; x_wconf 80' lang='grc' dir='ltr'><strong>ἐκείνων</strong></span> <span class='ocrx_word' id='word_1_27' title='bbox 3636 502 3761 554; x_wconf 80' lang='grc' dir='ltr'><strong>τῶν</strong></span> 
     </span>
    </p>
   </div>
   <div class='ocr_carea' id='block_1_4' title="bbox 521 593 2088 674">
    <p class='ocr_par' dir='ltr' id='par_1_4' title="bbox 521 604 2079 674">
     <span class='ocr_line' id='line_1_4' title="bbox 521 604 2079 674; baseline -0.008 -14"><span class='ocrx_word' id='word_1_28' title='bbox 521 604 905 674; x_wconf 88' lang='lat' dir='ltr'><strong>occupationes</strong></span> <span class='ocrx_word' id='word_1_29' title='bbox 958 616 1295 667; x_wconf 88' lang='lat' dir='ltr'><strong>recusavere,</strong></span> <span class='ocrx_word' id='word_1_30' title='bbox 1347 614 1557 655; x_wconf 66' lang='lat' dir='ltr'><strong>caenam</strong></span> <span class='ocrx_word' id='word_1_31' title='bbox 1613 613 1787 651; x_wconf 82' lang='lat' dir='ltr'><strong>meam</strong></span> <span class='ocrx_word' id='word_1_32' title='bbox 1836 604 2079 667; x_wconf 87' lang='lat' dir='ltr'><strong>gustatu-</strong></span> 
     </span>
    </p>
   </div>
   <div class='ocr_carea' id='block_1_5' title="bbox 2194 593 3761 674">
    <p class='ocr_par' dir='ltr' id='par_1_5' title="bbox 2194 593 3761 665">
     <span class='ocr_line' id='line_1_5' title="bbox 2194 593 3761 665; baseline 0.001 -18"><span class='ocrx_word' id='word_1_33' title='bbox 2194 593 2553 663; x_wconf 81' lang='grc' dir='ltr'>ιεκλημένων,</span> <span class='ocrx_word' id='word_1_34' title='bbox 2594 594 2687 647; x_wconf 82' lang='grc' dir='ltr'>καὶ</span> <span class='ocrx_word' id='word_1_35' title='bbox 2724 594 2808 647; x_wconf 86' lang='grc' dir='ltr'><strong>διά</strong></span> <span class='ocrx_word' id='word_1_36' title='bbox 2847 594 2944 657; x_wconf 78' lang='grc' dir='ltr'>τὰς</span> <span class='ocrx_word' id='word_1_37' title='bbox 2994 594 3250 663; x_wconf 87' lang='grc' dir='ltr'>βιωτικάς</span> <span class='ocrx_word' id='word_1_38' title='bbox 3302 593 3553 664; x_wconf 77' lang='grc' dir='ltr'><strong>ἀσχολίας</strong></span> <span class='ocrx_word' id='word_1_39' title='bbox 3604 612 3761 665; x_wconf 84' lang='grc' dir='ltr'>παρ-</span> 
     </span>
    </p>
   </div>
   <div class='ocr_carea' id='block_1_6' title="bbox 521 685 2088 759">
    <p class='ocr_par' dir='ltr' id='par_1_6' title="bbox 521 688 2077 759">
     <span class='ocr_line' id='line_1_6' title="bbox 521 688 2077 759; baseline -0.007 -7"><span class='ocrx_word' id='word_1_40' title='bbox 521 713 684 752; x_wconf 89' lang='lat' dir='ltr'><strong>rum:</strong></span> <span class='ocrx_word' id='word_1_41' title='bbox 720 697 855 750; x_wconf 84' lang='lat' dir='ltr'><strong>alios</strong></span> <span class='ocrx_word' id='word_1_42' title='bbox 884 705 1087 759; x_wconf 85' lang='lat' dir='ltr'><strong>autem,</strong></span> <span class='ocrx_word' id='word_1_43' title='bbox 1128 695 1319 749; x_wconf 93' lang='lat' dir='ltr'><strong>horum</strong></span> <span class='ocrx_word' id='word_1_44' title='bbox 1363 693 1498 755; x_wconf 92' lang='lat' dir='ltr'><strong>loco,</strong></span> <span class='ocrx_word' id='word_1_45' title='bbox 1548 692 1670 746; x_wconf 71' lang='lat' dir='ltr'><strong>vita:</strong></span> <span class='ocrx_word' id='word_1_46' title='bbox 1723 690 1958 759; x_wconf 86' lang='lat' dir='ltr'><strong>negotiis</strong></span> <span class='ocrx_word' id='word_1_47' title='bbox 1984 688 2077 742; x_wconf 85' lang='lat' dir='ltr'><strong>mi-</strong></span> 
     </span>
    </p>
   </div>
   <div class='ocr_carea' id='block_1_7' title="bbox 2191 685 3758 759">
    <p class='ocr_par' dir='ltr' id='par_1_7' title="bbox 2191 685 3758 756">
     <span class='ocr_line' id='line_1_7' title="bbox 2191 685 3758 756; baseline -0.001 -18"><span class='ocrx_word' id='word_1_48' title='bbox 2191 686 2580 756; x_wconf 86' lang='grc' dir='ltr'>ιιτησαμένων,</span> <span class='ocrx_word' id='word_1_49' title='bbox 2640 685 3058 755; x_wconf 67' lang='grc' dir='ltr'>γεύσεταίθιμου</span> <span class='ocrx_word' id='word_1_50' title='bbox 3105 685 3197 739; x_wconf 80' lang='grc' dir='ltr'><strong>τού</strong></span> <span class='ocrx_word' id='word_1_51' title='bbox 3246 686 3493 739; x_wconf 88' lang='grc' dir='ltr'>δείπνου·</span> <span class='ocrx_word' id='word_1_52' title='bbox 3526 686 3758 756; x_wconf 74' lang='grc' dir='ltr'>ἐτέρους</span> 
     </span>
    </p>
   </div>
   <div class='ocr_carea' id='block_1_8' title="bbox 519 777 2086 858">
    <p class='ocr_par' dir='ltr' id='par_1_8' title="bbox 519 783 2073 858">
     <span class='ocr_line' id='line_1_8' title="bbox 519 783 2073 858; baseline -0.008 -14"><span class='ocrx_word' id='word_1_53' title='bbox 519 790 662 844; x_wconf 87' lang='lat' dir='ltr'><strong>nime</strong></span> <span class='ocrx_word' id='word_1_54' title='bbox 687 790 997 858; x_wconf 84' lang='lat' dir='ltr'><strong>implicitos,</strong></span> <span class='ocrx_word' id='word_1_55' title='bbox 1022 788 1214 856; x_wconf 90' lang='lat' dir='ltr'><strong>dignos</strong></span> <span class='ocrx_word' id='word_1_56' title='bbox 1248 785 1492 839; x_wconf 89' lang='lat' dir='ltr'><strong>habitum</strong></span> <span class='ocrx_word' id='word_1_57' title='bbox 1526 784 1589 835; x_wconf 92' lang='lat' dir='ltr'><strong>iri</strong></span> <span class='ocrx_word' id='word_1_58' title='bbox 1611 783 1687 835; x_wconf 90' lang='lat' dir='ltr'><strong>ait</strong></span> <span class='ocrx_word' id='word_1_59' title='bbox 1708 783 1861 836; x_wconf 85' lang='lat' dir='ltr'><strong>beata</strong></span> <span class='ocrx_word' id='word_1_60' title='bbox 1891 795 2073 844; x_wconf 65' lang='lat' dir='ltr'><strong>caena,</strong></span> 
     </span>
    </p>
   </div>
   <div class='ocr_carea' id='block_1_9' title="bbox 2189 777 3756 858">
    <p class='ocr_par' dir='ltr' id='par_1_9' title="bbox 2189 777 3756 848">
     <span class='ocr_line' id='line_1_9' title="bbox 2189 777 3756 848; baseline -0.001 -18"><span class='ocrx_word' id='word_1_61' title='bbox 2189 777 2217 829; x_wconf 62' lang='grc' dir='ltr'><strong><em>Γ</em></strong></span> <span class='ocrx_word' id='word_1_62' title='bbox 2260 777 2379 830; x_wconf 79' lang='grc' dir='ltr'>ἀντὶ</span> <span class='ocrx_word' id='word_1_63' title='bbox 2423 777 2625 829; x_wconf 89' lang='grc' dir='ltr'>τούτων</span> <span class='ocrx_word' id='word_1_64' title='bbox 2659 779 2787 839; x_wconf 78' lang='grc' dir='ltr'>τοὺς</span> <span class='ocrx_word' id='word_1_65' title='bbox 2825 777 2899 846; x_wconf 82' lang='grc' dir='ltr'>μὴ</span> <span class='ocrx_word' id='word_1_66' title='bbox 2931 777 3467 848; x_wconf 85' lang='grc' dir='ltr'>περιπεπλεγμένους</span> <span class='ocrx_word' id='word_1_67' title='bbox 3500 780 3620 840; x_wconf 83' lang='grc' dir='ltr'>ταῖς</span> <span class='ocrx_word' id='word_1_68' title='bbox 3648 777 3756 829; x_wconf 65' lang='grc' dir='ltr'>τοῦ</span> 
     </span>
    </p>
   </div>
   <div class='ocr_carea' id='block_1_10' title="bbox 517 868 2084 948">
    <p class='ocr_par' dir='ltr' id='par_1_10' title="bbox 517 870 2073 948">
     <span class='ocr_line' id='line_1_10' title="bbox 517 870 2073 948; baseline -0.006 -15"><span class='ocrx_word' id='word_1_69' title='bbox 517 892 708 946; x_wconf 84' lang='lat' dir='ltr'><strong>nempe</strong></span> <span class='ocrx_word' id='word_1_70' title='bbox 740 892 999 948; x_wconf 73' lang='lat' dir='ltr'><strong>pauperes</strong></span> <span class='ocrx_word' id='word_1_71' title='bbox 1030 875 1288 945; x_wconf 84' lang='lat' dir='ltr'><strong>quosdam</strong></span> <span class='ocrx_word' id='word_1_72' title='bbox 1319 883 1373 927; x_wconf 92' lang='lat' dir='ltr'><strong>et</strong></span> <span class='ocrx_word' id='word_1_73' title='bbox 1405 888 1574 927; x_wconf 69' lang='lat' dir='ltr'><strong>caecos</strong></span> <span class='ocrx_word' id='word_1_74' title='bbox 1608 881 1661 924; x_wconf 90' lang='lat' dir='ltr'><strong>et</strong></span> <span class='ocrx_word' id='word_1_75' title='bbox 1700 870 1936 933; x_wconf 89' lang='lat' dir='ltr'><strong>mutilos,</strong></span> <span class='ocrx_word' id='word_1_76' title='bbox 1984 871 2073 938; x_wconf 88' lang='lat' dir='ltr'><strong>qui</strong></span> 
     </span>
    </p>
   </div>
   <div class='ocr_carea' id='block_1_11' title="bbox 2186 868 3753 948">
    <p class='ocr_par' dir='ltr' id='par_1_11' title="bbox 2186 868 3753 941">
     <span class='ocr_line' id='line_1_11' title="bbox 2186 868 3753 941; baseline 0 -20"><span class='ocrx_word' id='word_1_77' title='bbox 2186 868 2288 937; x_wconf 71' lang='grc' dir='ltr'>βίου</span> <span class='ocrx_word' id='word_1_78' title='bbox 2330 868 2718 941; x_wconf 83' lang='grc' dir='ltr'><strong>πραγματίαις,</strong></span> <span class='ocrx_word' id='word_1_79' title='bbox 2752 868 3247 939; x_wconf 80' lang='grc' dir='ltr'>καταξιωθήσεσθαί</span> <span class='ocrx_word' id='word_1_80' title='bbox 3275 887 3405 940; x_wconf 83' lang='grc' dir='ltr'>φησι</span> <span class='ocrx_word' id='word_1_81' title='bbox 3438 869 3528 923; x_wconf 78' lang='grc' dir='ltr'>τοῦ</span> <span class='ocrx_word' id='word_1_82' title='bbox 3560 888 3717 939; x_wconf 87' lang='grc' dir='ltr'>μακα</span> <span class='ocrx_word' id='word_1_83' title='bbox 3744 901 3753 910; x_wconf 91' lang='grc'><strong><em>-</em></strong></span> 
     </span>
    </p>
   </div>
   <div class='ocr_carea' id='block_1_12' title="bbox 515 961 2082 1032">
    <p class='ocr_par' dir='ltr' id='par_1_12' title="bbox 515 963 2071 1032">
     <span class='ocr_line' id='line_1_12' title="bbox 515 963 2071 1032; baseline -0.005 -12"><span class='ocrx_word' id='word_1_84' title='bbox 515 969 785 1023; x_wconf 83' lang='lat' dir='ltr'><strong>vocationi</strong></span> <span class='ocrx_word' id='word_1_85' title='bbox 838 983 941 1021; x_wconf 90' lang='lat' dir='ltr'><strong>non</strong></span> <span class='ocrx_word' id='word_1_86' title='bbox 993 967 1305 1020; x_wconf 89' lang='lat' dir='ltr'><strong>restiterunt</strong></span> <span class='ocrx_word' id='word_1_87' title='bbox 1345 979 1359 1025; x_wconf 85' lang='lat'><strong>;</strong></span> <span class='ocrx_word' id='word_1_88' title='bbox 1405 963 1531 1032; x_wconf 83' lang='lat' dir='ltr'><strong>quia</strong></span> <span class='ocrx_word' id='word_1_89' title='bbox 1578 976 1750 1030; x_wconf 89' lang='lat' dir='ltr'><strong>neque</strong></span> <span class='ocrx_word' id='word_1_90' title='bbox 1796 964 2071 1026; x_wconf 89' lang='lat' dir='ltr'><strong>emebant,</strong></span> 
     </span>
    </p>
   </div>
   <div class='ocr_carea' id='block_1_13' title="bbox 2187 961 3754 1032">
    <p class='ocr_par' dir='ltr' id='par_1_13' title="bbox 2187 961 3754 1032">
     <span class='ocr_line' id='line_1_13' title="bbox 2187 961 3754 1032; baseline -0.001 -18"><span class='ocrx_word' id='word_1_91' title='bbox 2187 962 2293 1029; x_wconf 74' lang='grc' dir='ltr'>ρίου</span> <span class='ocrx_word' id='word_1_92' title='bbox 2320 962 2555 1025; x_wconf 84' lang='grc' dir='ltr'><strong>δείπνου,</strong></span> <span class='ocrx_word' id='word_1_93' title='bbox 2592 961 2836 1032; x_wconf 82' lang='grc' dir='ltr'>πτωχούς</span> <span class='ocrx_word' id='word_1_94' title='bbox 2874 978 3023 1024; x_wconf 86' lang='grc' dir='ltr'>τινας</span> <span class='ocrx_word' id='word_1_95' title='bbox 3047 962 3140 1014; x_wconf 73' lang='grc' dir='ltr'><strong>καὶ</strong></span> <span class='ocrx_word' id='word_1_96' title='bbox 3162 961 3393 1030; x_wconf 78' lang='grc' dir='ltr'>τυφλοὺς</span> <span class='ocrx_word' id='word_1_97' title='bbox 3417 962 3511 1013; x_wconf 72' lang='grc' dir='ltr'>καὶ</span> <span class='ocrx_word' id='word_1_98' title='bbox 3535 962 3754 1029; x_wconf 72' lang='grc' dir='ltr'>ἀναπή-</span> 
     </span>
    </p>
   </div>
   <div class='ocr_carea' id='block_1_14' title="bbox 516 1052 2083 1131">
    <p class='ocr_par' dir='ltr' id='par_1_14' title="bbox 516 1052 2070 1131">
     <span class='ocr_line' id='line_1_14' title="bbox 516 1052 2070 1131; baseline -0.006 -16"><span class='ocrx_word' id='word_1_99' title='bbox 516 1075 692 1131; x_wconf 87' lang='lat' dir='ltr'><strong>neque</strong></span> <span class='ocrx_word' id='word_1_100' title='bbox 738 1060 1064 1121; x_wconf 90' lang='lat' dir='ltr'><strong>vendebant,</strong></span> <span class='ocrx_word' id='word_1_101' title='bbox 1113 1071 1289 1123; x_wconf 89' lang='lat' dir='ltr'><strong>neque</strong></span> <span class='ocrx_word' id='word_1_102' title='bbox 1334 1054 1536 1123; x_wconf 77' lang='lat' dir='ltr'><strong>nuptiis</strong></span> <span class='ocrx_word' id='word_1_103' title='bbox 1581 1068 1803 1122; x_wconf 84' lang='lat' dir='ltr'><strong>operam</strong></span> <span class='ocrx_word' id='word_1_104' title='bbox 1849 1052 2070 1116; x_wconf 87' lang='lat' dir='ltr'><strong>dabant,</strong></span> 
     </span>
    </p>
   </div>
   <div class='ocr_carea' id='block_1_15' title="bbox 2180 1052 3747 1131">
    <p class='ocr_par' dir='ltr' id='par_1_15' title="bbox 2180 1052 3747 1126">
     <span class='ocr_line' id='line_1_15' title="bbox 2180 1052 3747 1126; baseline -0.002 -20"><span class='ocrx_word' id='word_1_105' title='bbox 2180 1070 2322 1124; x_wconf 84' lang='grc' dir='ltr'>ρους,</span> <span class='ocrx_word' id='word_1_106' title='bbox 2367 1055 2492 1117; x_wconf 74' lang='grc' dir='ltr'>τοὺς</span> <span class='ocrx_word' id='word_1_107' title='bbox 2526 1053 2788 1125; x_wconf 77' lang='grc' dir='ltr'><strong>μηδαμῶς</strong></span> <span class='ocrx_word' id='word_1_108' title='bbox 2824 1054 3335 1126; x_wconf 82' lang='grc' dir='ltr'>παραιτησαμένους</span> <span class='ocrx_word' id='word_1_109' title='bbox 3383 1054 3479 1123; x_wconf 86' lang='grc' dir='ltr'><strong>τῆν</strong></span> <span class='ocrx_word' id='word_1_110' title='bbox 3524 1052 3747 1121; x_wconf 79' lang='grc' dir='ltr'><strong>κλῆσιν,</strong></span> 
     </span>
    </p>
   </div>
   <div class='ocr_carea' id='block_1_16' title="bbox 517 1144 2084 1220">
    <p class='ocr_par' dir='ltr' id='par_1_16' title="bbox 517 1144 2072 1220">
     <span class='ocr_line' id='line_1_16' title="bbox 517 1144 2072 1220; baseline -0.005 -16"><span class='ocrx_word' id='word_1_111' title='bbox 517 1166 689 1220; x_wconf 89' lang='lat' dir='ltr'><strong>neque</strong></span> <span class='ocrx_word' id='word_1_112' title='bbox 748 1151 855 1205; x_wconf 70' lang='lat' dir='ltr'><strong>aiio</strong></span> <span class='ocrx_word' id='word_1_113' title='bbox 901 1149 1140 1217; x_wconf 87' lang='lat' dir='ltr'><strong>quolibet</strong></span> <span class='ocrx_word' id='word_1_114' title='bbox 1201 1147 1420 1216; x_wconf 79' lang='lat' dir='ltr'><strong>negotio</strong></span> <span class='ocrx_word' id='word_1_115' title='bbox 1466 1144 1931 1207; x_wconf 85' lang='lat' dir='ltr'><strong>distrahebantur,</strong></span> <span class='ocrx_word' id='word_1_116' title='bbox 1980 1144 2072 1198; x_wconf 89' lang='lat' dir='ltr'><strong>sed</strong></span> 
     </span>
    </p>
   </div>
   <div class='ocr_carea' id='block_1_17' title="bbox 2184 1144 3751 1220">
    <p class='ocr_par' dir='ltr' id='par_1_17' title="bbox 2184 1145 3751 1218">
     <span class='ocr_line' id='line_1_17' title="bbox 2184 1145 3751 1218; baseline -0.001 -21"><span class='ocrx_word' id='word_1_117' title='bbox 2184 1145 2259 1199; x_wconf 77' lang='grc' dir='ltr'>5ιά</span> <span class='ocrx_word' id='word_1_118' title='bbox 2280 1146 2339 1198; x_wconf 85' lang='grc' dir='ltr'><strong>τὸ</strong></span> <span class='ocrx_word' id='word_1_119' title='bbox 2367 1148 2503 1216; x_wconf 87' lang='grc' dir='ltr'>μήτε</span> <span class='ocrx_word' id='word_1_120' title='bbox 2531 1147 2839 1218; x_wconf 76' lang='grc' dir='ltr'>ἀγοράζειν,</span> <span class='ocrx_word' id='word_1_121' title='bbox 2879 1148 3012 1217; x_wconf 84' lang='grc' dir='ltr'>μήτε</span> <span class='ocrx_word' id='word_1_122' title='bbox 3033 1146 3381 1216; x_wconf 83' lang='grc' dir='ltr'>πιπράσκειν,</span> <span class='ocrx_word' id='word_1_123' title='bbox 3414 1146 3547 1214; x_wconf 84' lang='grc' dir='ltr'>μήτε</span> <span class='ocrx_word' id='word_1_124' title='bbox 3576 1145 3751 1214; x_wconf 80' lang='grc' dir='ltr'>γάμῳ</span> 
     </span>
    </p>
   </div>
   <div class='ocr_carea' id='block_1_18' title="bbox 513 1233 2080 1310">
    <p class='ocr_par' dir='ltr' id='par_1_18' title="bbox 513 1233 2073 1310">
     <span class='ocr_line' id='line_1_18' title="bbox 513 1233 2073 1310; baseline -0.005 -15"><span class='ocrx_word' id='word_1_125' title='bbox 513 1251 766 1310; x_wconf 80' lang='lat' dir='ltr'><strong>prompte</strong></span> <span class='ocrx_word' id='word_1_126' title='bbox 813 1240 1166 1308; x_wconf 79' lang='lat' dir='ltr'><strong>expediteque</strong></span> <span class='ocrx_word' id='word_1_127' title='bbox 1237 1236 1469 1307; x_wconf 78' lang='lat' dir='ltr'><strong>gratiam</strong></span> <span class='ocrx_word' id='word_1_128' title='bbox 1514 1235 1869 1288; x_wconf 85' lang='lat' dir='ltr'><strong>admiserunt.</strong></span> <span class='ocrx_word' id='word_1_129' title='bbox 1927 1233 2073 1301; x_wconf 79' lang='lat' dir='ltr'><strong>Quos</strong></span> 
     </span>
    </p>
   </div>
   <div class='ocr_carea' id='block_1_19' title="bbox 2180 1233 3747 1310">
    <p class='ocr_par' dir='ltr' id='par_1_19' title="bbox 2180 1235 3747 1308">
     <span class='ocr_line' id='line_1_19' title="bbox 2180 1235 3747 1308; baseline -0.003 -18"><span class='ocrx_word' id='word_1_130' title='bbox 2180 1238 2472 1308; x_wconf 75' lang='grc' dir='ltr'>σχολάζειν,</span> <span class='ocrx_word' id='word_1_131' title='bbox 2507 1238 2632 1307; x_wconf 78' lang='grc' dir='ltr'>μήθ’</span> <span class='ocrx_word' id='word_1_132' title='bbox 2661 1239 2749 1307; x_wconf 75' lang='grc' dir='ltr'><strong>ὑφ’</strong></span> <span class='ocrx_word' id='word_1_133' title='bbox 2788 1238 2989 1308; x_wconf 76' lang='grc' dir='ltr'>ἐτέρων</span> <span class='ocrx_word' id='word_1_134' title='bbox 3030 1236 3191 1288; x_wconf 81' lang='grc' dir='ltr'>τινῶν</span> <span class='ocrx_word' id='word_1_135' title='bbox 3229 1235 3484 1287; x_wconf 79' lang='grc' dir='ltr'>τοιούτων</span> <span class='ocrx_word' id='word_1_136' title='bbox 3522 1235 3747 1305; x_wconf 81' lang='grc' dir='ltr'>περιέλ-</span> 
     </span>
    </p>
   </div>
   <div class='ocr_carea' id='block_1_20' title="bbox 514 1323 2081 1401">
    <p class='ocr_par' dir='ltr' id='par_1_20' title="bbox 514 1323 2071 1397">
     <span class='ocr_line' id='line_1_20' title="bbox 514 1323 2071 1397; baseline -0.005 -13"><span class='ocrx_word' id='word_1_137' title='bbox 514 1332 794 1395; x_wconf 87' lang='lat' dir='ltr'><strong>invitator,</strong></span> <span class='ocrx_word' id='word_1_138' title='bbox 828 1329 1002 1397; x_wconf 90' lang='lat' dir='ltr'><strong>primo</strong></span> <span class='ocrx_word' id='word_1_139' title='bbox 1033 1327 1248 1396; x_wconf 90' lang='lat' dir='ltr'><strong>quidem</strong></span> <span class='ocrx_word' id='word_1_140' title='bbox 1281 1325 1578 1379; x_wconf 85' lang='lat' dir='ltr'><strong>incolumes</strong></span> <span class='ocrx_word' id='word_1_141' title='bbox 1608 1324 1793 1387; x_wconf 80' lang='lat' dir='ltr'><strong>faciet,</strong></span> <span class='ocrx_word' id='word_1_142' title='bbox 1816 1324 1940 1393; x_wconf 93' lang='lat' dir='ltr'><strong>quia</strong></span> <span class='ocrx_word' id='word_1_143' title='bbox 1991 1323 2071 1376; x_wconf 86' lang='lat' dir='ltr'><strong>l&#39;a-</strong></span> 
     </span>
    </p>
   </div>
   <div class='ocr_carea' id='block_1_21' title="bbox 2181 1323 3748 1401">
    <p class='ocr_par' dir='ltr' id='par_1_21' title="bbox 2181 1328 3748 1401">
     <span class='ocr_line' id='line_1_21' title="bbox 2181 1328 3748 1401; baseline -0.001 -20"><span class='ocrx_word' id='word_1_144' title='bbox 2181 1328 2379 1393; x_wconf 74' lang='grc' dir='ltr'>ιιεσθαι,</span> <span class='ocrx_word' id='word_1_145' title='bbox 2414 1329 2705 1401; x_wconf 75' lang='grc' dir='ltr'><strong>προθύμως</strong></span> <span class='ocrx_word' id='word_1_146' title='bbox 2734 1330 2788 1383; x_wconf 83' lang='grc' dir='ltr'>δὲ</span> <span class='ocrx_word' id='word_1_147' title='bbox 2826 1331 2917 1382; x_wconf 75' lang='grc' dir='ltr'><strong>καὶ</strong></span> <span class='ocrx_word' id='word_1_148' title='bbox 2957 1328 3187 1398; x_wconf 75' lang='grc' dir='ltr'>ἑτοίμως</span> <span class='ocrx_word' id='word_1_149' title='bbox 3219 1328 3607 1397; x_wconf 84' lang='grc' dir='ltr'>καταδέχεσθαι</span> <span class='ocrx_word' id='word_1_150' title='bbox 3639 1329 3748 1397; x_wconf 71' lang='grc' dir='ltr'><strong>τὴν</strong></span> 
     </span>
    </p>
   </div>
   <div class='ocr_carea' id='block_1_22' title="bbox 510 1416 2077 1491">
    <p class='ocr_par' dir='ltr' id='par_1_22' title="bbox 510 1416 2073 1488">
     <span class='ocr_line' id='line_1_22' title="bbox 510 1416 2073 1488; baseline -0.004 -10"><span class='ocrx_word' id='word_1_151' title='bbox 510 1424 613 1478; x_wconf 87' lang='lat' dir='ltr'><strong>cile</strong></span> <span class='ocrx_word' id='word_1_152' title='bbox 642 1438 854 1478; x_wconf 90' lang='lat' dir='ltr'><strong>omnem</strong></span> <span class='ocrx_word' id='word_1_153' title='bbox 877 1423 1295 1488; x_wconf 91' lang='lat' dir='ltr'><strong>morbumatque</strong></span> <span class='ocrx_word' id='word_1_154' title='bbox 1322 1420 1630 1488; x_wconf 81' lang='lat' dir='ltr'><strong>languorem</strong></span> <span class='ocrx_word' id='word_1_155' title='bbox 1660 1426 1837 1472; x_wconf 88' lang='lat' dir='ltr'><strong>sanat.</strong></span> <span class='ocrx_word' id='word_1_156' title='bbox 1873 1416 2073 1471; x_wconf 84' lang='lat' dir='ltr'><strong>Deinde</strong></span> 
     </span>
    </p>
   </div>
   <div class='ocr_carea' id='block_1_23' title="bbox 2176 1416 3743 1491">
    <p class='ocr_par' dir='ltr' id='par_1_23' title="bbox 2176 1418 3743 1491">
     <span class='ocr_line' id='line_1_23' title="bbox 2176 1418 3743 1491; baseline -0.002 -19"><span class='ocrx_word' id='word_1_157' title='bbox 2176 1421 2349 1491; x_wconf 81' lang='grc' dir='ltr'>χάριν·</span> <span class='ocrx_word' id='word_1_158' title='bbox 2380 1418 2472 1482; x_wconf 78' lang='grc' dir='ltr'><strong>οὓς</strong></span> <span class='ocrx_word' id='word_1_159' title='bbox 2502 1420 2531 1471; x_wconf 98' lang='lat'><strong>6</strong></span> <span class='ocrx_word' id='word_1_160' title='bbox 2565 1419 2795 1481; x_wconf 82' lang='grc' dir='ltr'>καλέσας</span> <span class='ocrx_word' id='word_1_161' title='bbox 2824 1418 3037 1489; x_wconf 88' lang='grc' dir='ltr'>πρῶτον</span> <span class='ocrx_word' id='word_1_162' title='bbox 3063 1418 3162 1488; x_wconf 85' lang='grc' dir='ltr'>μὲν</span> <span class='ocrx_word' id='word_1_163' title='bbox 3188 1419 3355 1485; x_wconf 82' lang='grc' dir='ltr'>ὑγιεῖς</span> <span class='ocrx_word' id='word_1_164' title='bbox 3384 1420 3743 1488; x_wconf 81' lang='grc' dir='ltr'>καταστήσει,</span> 
     </span>
    </p>
   </div>
   <div class='ocr_carea' id='block_1_24' title="bbox 509 1505 2076 1584">
    <p class='ocr_par' dir='ltr' id='par_1_24' title="bbox 509 1505 2069 1581">
     <span class='ocr_line' id='line_1_24' title="bbox 509 1505 2069 1581; baseline -0.006 -13"><span class='ocrx_word' id='word_1_165' title='bbox 509 1526 616 1569; x_wconf 90' lang='lat' dir='ltr'><strong>etc.</strong></span> <span class='ocrx_word' id='word_1_166' title='bbox 658 1516 789 1581; x_wconf 70' lang='lat' dir='ltr'><strong>Qua:</strong></span> <span class='ocrx_word' id='word_1_167' title='bbox 833 1514 1013 1568; x_wconf 89' lang='lat' dir='ltr'><strong>omnia</strong></span> <span class='ocrx_word' id='word_1_168' title='bbox 1066 1513 1165 1567; x_wconf 88' lang='lat' dir='ltr'><strong>sibi</strong></span> <span class='ocrx_word' id='word_1_169' title='bbox 1218 1511 1614 1565; x_wconf 78' lang='lat' dir='ltr'><strong>interdixerunt</strong></span> <span class='ocrx_word' id='word_1_170' title='bbox 1645 1516 1958 1563; x_wconf 88' lang='lat' dir='ltr'><strong>recusantes</strong></span> <span class='ocrx_word' id='word_1_171' title='bbox 1996 1505 2069 1559; x_wconf 89' lang='lat' dir='ltr'><strong>illi</strong></span> 
     </span>
    </p>
   </div>
   <div class='ocr_carea' id='block_1_25' title="bbox 2179 1505 3746 1584">
    <p class='ocr_par' dir='ltr' id='par_1_25' title="bbox 2179 1508 3746 1584">
     <span class='ocr_line' id='line_1_25' title="bbox 2179 1508 3746 1584; baseline -0.002 -20"><span class='ocrx_word' id='word_1_172' title='bbox 2179 1508 2281 1575; x_wconf 76' lang='grc' dir='ltr'>οἷός</span> <span class='ocrx_word' id='word_1_173' title='bbox 2313 1529 2372 1564; x_wconf 91' lang='grc' dir='ltr'><strong>τε</strong></span> <span class='ocrx_word' id='word_1_174' title='bbox 2401 1512 2474 1564; x_wconf 84' lang='grc' dir='ltr'><strong>ῶν</strong></span> <span class='ocrx_word' id='word_1_175' title='bbox 2506 1512 2701 1584; x_wconf 75' lang='grc' dir='ltr'>ῥᾳδίως</span> <span class='ocrx_word' id='word_1_176' title='bbox 2734 1514 2912 1564; x_wconf 79' lang='grc' dir='ltr'>πᾶσαν</span> <span class='ocrx_word' id='word_1_177' title='bbox 2945 1512 3096 1564; x_wconf 88' lang='grc' dir='ltr'>νόσον</span> <span class='ocrx_word' id='word_1_178' title='bbox 3126 1510 3219 1563; x_wconf 76' lang='grc' dir='ltr'>καὶ</span> <span class='ocrx_word' id='word_1_179' title='bbox 3250 1512 3426 1563; x_wconf 86' lang='grc' dir='ltr'>πᾶσαν</span> <span class='ocrx_word' id='word_1_180' title='bbox 3465 1511 3746 1579; x_wconf 77' lang='grc' dir='ltr'>μαλακίαν</span> 
     </span>
    </p>
   </div>
   <div class='ocr_carea' id='block_1_26' title="bbox 509 1595 2076 1676">
    <p class='ocr_par' dir='ltr' id='par_1_26' title="bbox 509 1598 2072 1676">
     <span class='ocr_line' id='line_1_26' title="bbox 509 1598 2072 1676; baseline -0.006 -16"><span class='ocrx_word' id='word_1_181' title='bbox 509 1605 747 1662; x_wconf 61' lang='lat' dir='ltr'><strong>Iudaica:</strong></span> <span class='ocrx_word' id='word_1_182' title='bbox 784 1621 1067 1676; x_wconf 73' lang='lat' dir='ltr'><strong>synagogze</strong></span> <span class='ocrx_word' id='word_1_183' title='bbox 1112 1605 1379 1674; x_wconf 84' lang='lat' dir='ltr'><strong>principes</strong></span> <span class='ocrx_word' id='word_1_184' title='bbox 1427 1622 1441 1669; x_wconf 90' lang='lat'><strong>;</strong></span> <span class='ocrx_word' id='word_1_185' title='bbox 1485 1616 1714 1671; x_wconf 92' lang='lat' dir='ltr'><strong>quorum</strong></span> <span class='ocrx_word' id='word_1_186' title='bbox 1764 1600 1883 1654; x_wconf 84' lang='lat' dir='ltr'><strong>loco</strong></span> <span class='ocrx_word' id='word_1_187' title='bbox 1922 1598 2072 1666; x_wconf 89' lang='lat' dir='ltr'><strong>plebs</strong></span> 
     </span>
    </p>
   </div>
   <div class='ocr_carea' id='block_1_27' title="bbox 2179 1595 3746 1676">
    <p class='ocr_par' dir='ltr' id='par_1_27' title="bbox 2179 1595 3746 1675">
     <span class='ocr_line' id='line_1_27' title="bbox 2179 1595 3746 1675; baseline -0.005 -18"><span class='ocrx_word' id='word_1_188' title='bbox 2179 1604 2511 1675; x_wconf 83' lang='grc' dir='ltr'>θεραπεύειν·</span> <span class='ocrx_word' id='word_1_189' title='bbox 2549 1604 2755 1668; x_wconf 73' lang='grc' dir='ltr'>ἔπειτα,</span> <span class='ocrx_word' id='word_1_190' title='bbox 2794 1615 2900 1657; x_wconf 88' lang='lat' dir='ltr'><strong>etc.</strong></span> <span class='ocrx_word' id='word_1_191' title='bbox 2938 1603 3017 1672; x_wconf 88' lang='lat' dir='ltr'><strong>(ut</strong></span> <span class='ocrx_word' id='word_1_192' title='bbox 3042 1602 3143 1656; x_wconf 88' lang='lat' dir='ltr'><strong>col.</strong></span> <span class='ocrx_word' id='word_1_193' title='bbox 3168 1602 3317 1667; x_wconf 79' lang='grc'><strong>575).</strong></span> <span class='ocrx_word' id='word_1_194' title='bbox 3350 1595 3446 1652; x_wconf 85' lang='grc' dir='ltr'>Ὧν</span> <span class='ocrx_word' id='word_1_195' title='bbox 3484 1601 3746 1654; x_wconf 74' lang='grc' dir='ltr'>ἁπάντων</span> 
     </span>
    </p>
   </div>
   <div class='ocr_carea' id='block_1_28' title="bbox 511 1688 2078 1769">
    <p class='ocr_par' dir='ltr' id='par_1_28' title="bbox 511 1688 2072 1769">
     <span class='ocr_line' id='line_1_28' title="bbox 511 1688 2072 1769; baseline -0.007 -15"><span class='ocrx_word' id='word_1_196' title='bbox 511 1701 781 1769; x_wconf 83' lang='lat' dir='ltr'><strong>morigera</strong></span> <span class='ocrx_word' id='word_1_197' title='bbox 810 1700 930 1766; x_wconf 82' lang='lat' dir='ltr'><strong>fuit,</strong></span> <span class='ocrx_word' id='word_1_198' title='bbox 959 1715 1077 1768; x_wconf 66' lang='lat' dir='ltr'><strong>quae</strong></span> <span class='ocrx_word' id='word_1_199' title='bbox 1102 1699 1157 1751; x_wconf 90' lang='lat' dir='ltr'><strong>in</strong></span> <span class='ocrx_word' id='word_1_200' title='bbox 1198 1696 1392 1765; x_wconf 88' lang='lat' dir='ltr'><strong>plateis</strong></span> <span class='ocrx_word' id='word_1_201' title='bbox 1417 1696 1588 1759; x_wconf 89' lang='lat' dir='ltr'><strong>urbis,</strong></span> <span class='ocrx_word' id='word_1_202' title='bbox 1613 1708 1804 1760; x_wconf 87' lang='lat' dir='ltr'><strong>nempe</strong></span> <span class='ocrx_word' id='word_1_203' title='bbox 1837 1692 1888 1745; x_wconf 89' lang='lat' dir='ltr'><strong>in</strong></span> <span class='ocrx_word' id='word_1_204' title='bbox 1915 1688 2072 1763; x_wconf 84' lang='lat' dir='ltr'><strong>legali</strong></span> 
     </span>
    </p>
   </div>
   <div class='ocr_carea' id='block_1_29' title="bbox 2177 1688 3744 1769">
    <p class='ocr_par' dir='ltr' id='par_1_29' title="bbox 2177 1691 3744 1766">
     <span class='ocr_line' id='line_1_29' title="bbox 2177 1691 3744 1766; baseline -0.003 -18"><span class='ocrx_word' id='word_1_205' title='bbox 2177 1697 2468 1766; x_wconf 72' lang='grc' dir='ltr'>ἐστέρησαν</span> <span class='ocrx_word' id='word_1_206' title='bbox 2498 1696 2720 1756; x_wconf 82' lang='grc' dir='ltr'>ἑαυτοὺς</span> <span class='ocrx_word' id='word_1_207' title='bbox 2748 1696 2795 1746; x_wconf 87' lang='grc' dir='ltr'>οἱ</span> <span class='ocrx_word' id='word_1_208' title='bbox 2824 1692 3307 1763; x_wconf 80' lang='grc' dir='ltr'>παραιτησάμενοι,</span> <span class='ocrx_word' id='word_1_209' title='bbox 3332 1693 3429 1761; x_wconf 89' lang='grc' dir='ltr'><strong>τῆς</strong></span> <span class='ocrx_word' id='word_1_210' title='bbox 3472 1691 3744 1744; x_wconf 78' lang='grc' dir='ltr'>Ἰουδαίων</span> 
     </span>
    </p>
   </div>
   <div class='ocr_carea' id='block_1_30' title="bbox 512 1782 2079 1857">
    <p class='ocr_par' dir='ltr' id='par_1_30' title="bbox 512 1782 2067 1857">
     <span class='ocr_line' id='line_1_30' title="bbox 512 1782 2067 1857; baseline -0.01 -8"><span class='ocrx_word' id='word_1_211' title='bbox 512 1793 719 1857; x_wconf 83' lang='lat' dir='ltr'><strong>politia,</strong></span> <span class='ocrx_word' id='word_1_212' title='bbox 754 1793 985 1844; x_wconf 84' lang='lat' dir='ltr'><strong>vivebat.</strong></span> <span class='ocrx_word' id='word_1_213' title='bbox 1022 1820 1090 1829; x_wconf 91' lang='lat'><strong>—</strong></span> <span class='ocrx_word' id='word_1_214' title='bbox 1112 1790 1362 1844; x_wconf 83' lang='lat' dir='ltr'><strong>Fortasse</strong></span> <span class='ocrx_word' id='word_1_215' title='bbox 1414 1797 1590 1841; x_wconf 89' lang='lat' dir='ltr'><strong>autem</strong></span> <span class='ocrx_word' id='word_1_216' title='bbox 1618 1785 1705 1839; x_wconf 91' lang='lat' dir='ltr'><strong>his</strong></span> <span class='ocrx_word' id='word_1_217' title='bbox 1733 1782 2067 1847; x_wconf 86' lang='lat' dir='ltr'><strong>hominibus,</strong></span> 
     </span>
    </p>
   </div>
   <div class='ocr_carea' id='block_1_31' title="bbox 2175 1782 3742 1857">
    <p class='ocr_par' dir='ltr' id='par_1_31' title="bbox 2175 1783 3742 1856">
     <span class='ocr_line' id='line_1_31' title="bbox 2175 1783 3742 1856; baseline -0.002 -15"><span class='ocrx_word' id='word_1_218' title='bbox 2175 1787 2492 1856; x_wconf 80' lang='grc' dir='ltr'>συναγωγῆς</span> <span class='ocrx_word' id='word_1_219' title='bbox 2520 1788 2567 1839; x_wconf 91' lang='grc' dir='ltr'>οἱ</span> <span class='ocrx_word' id='word_1_220' title='bbox 2601 1787 2875 1856; x_wconf 79' lang='grc' dir='ltr'>ἄρχοντες·</span> <span class='ocrx_word' id='word_1_221' title='bbox 2914 1786 3029 1852; x_wconf 80' lang='grc' dir='ltr'>μεθ’</span> <span class='ocrx_word' id='word_1_222' title='bbox 3064 1785 3157 1847; x_wconf 81' lang='grc' dir='ltr'><strong>οὓς</strong></span> <span class='ocrx_word' id='word_1_223' title='bbox 3191 1785 3223 1854; x_wconf 82' lang='grc' dir='ltr'><strong>ἡ</strong></span> <span class='ocrx_word' id='word_1_224' title='bbox 3255 1783 3461 1854; x_wconf 72' lang='grc' dir='ltr'>πληθὺς</span> <span class='ocrx_word' id='word_1_225' title='bbox 3494 1786 3742 1855; x_wconf 76' lang='grc' dir='ltr'>ὑπήκου-</span> 
     </span>
    </p>
   </div>
   <div class='ocr_carea' id='block_1_32' title="bbox 507 1848 2074 1950">
    <p class='ocr_par' dir='ltr' id='par_1_32' title="bbox 507 1874 2067 1950">
     <span class='ocr_line' id='line_1_32' title="bbox 507 1874 2067 1950; baseline -0.008 -12"><span class='ocrx_word' id='word_1_226' title='bbox 507 1884 753 1938; x_wconf 85' lang='lat' dir='ltr'><strong>ethnicos</strong></span> <span class='ocrx_word' id='word_1_227' title='bbox 792 1883 1049 1937; x_wconf 89' lang='lat' dir='ltr'><strong>denotare</strong></span> <span class='ocrx_word' id='word_1_228' title='bbox 1077 1882 1309 1947; x_wconf 76' lang='lat' dir='ltr'><strong>volabat,</strong></span> <span class='ocrx_word' id='word_1_229' title='bbox 1334 1881 1423 1950; x_wconf 88' lang='lat' dir='ltr'><strong>qui</strong></span> <span class='ocrx_word' id='word_1_230' title='bbox 1465 1880 1529 1932; x_wconf 90' lang='lat' dir='ltr'><strong>ad</strong></span> <span class='ocrx_word' id='word_1_231' title='bbox 1558 1878 1673 1947; x_wconf 85' lang='lat' dir='ltr'><strong>ejus</strong></span> <span class='ocrx_word' id='word_1_232' title='bbox 1703 1874 2067 1944; x_wconf 81' lang='lat' dir='ltr'><strong>magisterium</strong></span> 
     </span>
    </p>
   </div>
   <div class='ocr_carea' id='block_1_33' title="bbox 2177 1848 3744 1950">
    <p class='ocr_par' dir='ltr' id='par_1_33' title="bbox 2177 1876 3744 1947">
     <span class='ocr_line' id='line_1_33' title="bbox 2177 1876 3744 1947; baseline -0.003 -13"><span class='ocrx_word' id='word_1_233' title='bbox 2177 1898 2285 1941; x_wconf 88' lang='grc' dir='ltr'>σεν,</span> <span class='ocrx_word' id='word_1_234' title='bbox 2324 1880 2399 1943; x_wconf 81' lang='grc' dir='ltr'><strong>ὡς</strong></span> <span class='ocrx_word' id='word_1_235' title='bbox 2445 1879 2724 1941; x_wconf 80' lang='grc' dir='ltr'>πλατείαις</span> <span class='ocrx_word' id='word_1_236' title='bbox 2758 1876 2963 1939; x_wconf 87' lang='grc' dir='ltr'>πόλεως</span> <span class='ocrx_word' id='word_1_237' title='bbox 2998 1878 3063 1946; x_wconf 81' lang='grc' dir='ltr'>τῇ</span> <span class='ocrx_word' id='word_1_238' title='bbox 3100 1876 3239 1928; x_wconf 88' lang='grc' dir='ltr'><strong>κατά</strong></span> <span class='ocrx_word' id='word_1_239' title='bbox 3286 1876 3446 1945; x_wconf 86' lang='grc' dir='ltr'>νόμον</span> <span class='ocrx_word' id='word_1_240' title='bbox 3494 1876 3744 1947; x_wconf 71' lang='grc' dir='ltr'>πολιτεία</span> 
     </span>
    </p>
   </div>
   <div class='ocr_carea' id='block_1_34' title="bbox 505 1965 2072 2039">
    <p class='ocr_par' dir='ltr' id='par_1_34' title="bbox 505 1972 2068 2037">
     <span class='ocr_line' id='line_1_34' title="bbox 505 1972 2068 2037; baseline -0.009 -6"><span class='ocrx_word' id='word_1_241' title='bbox 505 1989 660 2031; x_wconf 89' lang='lat' dir='ltr'><strong>erant</strong></span> <span class='ocrx_word' id='word_1_242' title='bbox 691 1975 987 2030; x_wconf 85' lang='lat' dir='ltr'><strong>accessuri.</strong></span> <span class='ocrx_word' id='word_1_243' title='bbox 1022 1973 1084 2028; x_wconf 91' lang='lat' dir='ltr'><strong>Hi</strong></span> <span class='ocrx_word' id='word_1_244' title='bbox 1120 1984 1277 2028; x_wconf 86' lang='lat' dir='ltr'><strong>antea</strong></span> <span class='ocrx_word' id='word_1_245' title='bbox 1311 1972 1608 2027; x_wconf 65' lang='lat' dir='ltr'><strong>idololatrm</strong></span> <span class='ocrx_word' id='word_1_246' title='bbox 1632 1982 1809 2034; x_wconf 89' lang='lat' dir='ltr'><strong>erant,</strong></span> <span class='ocrx_word' id='word_1_247' title='bbox 1839 1982 2068 2037; x_wconf 89' lang='lat' dir='ltr'><strong>quorum</strong></span> 
     </span>
    </p>
   </div>
   <div class='ocr_carea' id='block_1_35' title="bbox 2173 1965 3740 2039">
    <p class='ocr_par' dir='ltr' id='par_1_35' title="bbox 2173 1965 3740 2039">
     <span class='ocr_line' id='line_1_35' title="bbox 2173 1965 3740 2039; baseline 0 -18"><span class='ocrx_word' id='word_1_248' title='bbox 2173 1970 2339 2035; x_wconf 81' lang='grc' dir='ltr'>ζῶσα.</span> <span class='ocrx_word' id='word_1_249' title='bbox 2368 2002 2435 2010; x_wconf 90' lang='lat'><strong>—</strong></span> <span class='ocrx_word' id='word_1_250' title='bbox 2458 1970 2609 2039; x_wconf 86' lang='grc' dir='ltr'>Τάχα</span> <span class='ocrx_word' id='word_1_251' title='bbox 2630 1969 2686 2021; x_wconf 85' lang='grc' dir='ltr'>δὲ</span> <span class='ocrx_word' id='word_1_252' title='bbox 2708 1968 2796 2020; x_wconf 86' lang='grc' dir='ltr'><strong>διά</strong></span> <span class='ocrx_word' id='word_1_253' title='bbox 2822 1967 3023 2019; x_wconf 81' lang='grc' dir='ltr'>τούτων</span> <span class='ocrx_word' id='word_1_254' title='bbox 3051 1968 3175 2029; x_wconf 75' lang='grc' dir='ltr'>τοὺς</span> <span class='ocrx_word' id='word_1_255' title='bbox 3196 1966 3255 2030; x_wconf 78' lang='grc' dir='ltr'>ἐξ</span> <span class='ocrx_word' id='word_1_256' title='bbox 3281 1965 3448 2018; x_wconf 84' lang='grc' dir='ltr'>ἐθνῶν</span> <span class='ocrx_word' id='word_1_257' title='bbox 3471 1968 3740 2036; x_wconf 69' lang='grc' dir='ltr'>ᾐνίττετο,</span> 
     </span>
    </p>
   </div>
   <div class='ocr_carea' id='block_1_36' title="bbox 504 2057 2071 2134">
    <p class='ocr_par' dir='ltr' id='par_1_36' title="bbox 504 2066 2070 2131">
     <span class='ocr_line' id='line_1_36' title="bbox 504 2066 2070 2131; baseline -0.006 -11"><span class='ocrx_word' id='word_1_258' title='bbox 504 2067 715 2121; x_wconf 88' lang='lat' dir='ltr'><strong>animas</strong></span> <span class='ocrx_word' id='word_1_259' title='bbox 738 2067 861 2121; x_wconf 91' lang='lat' dir='ltr'><strong>mali</strong></span> <span class='ocrx_word' id='word_1_260' title='bbox 878 2067 1149 2120; x_wconf 66' lang='lat' dir='ltr'><strong>daemones</strong></span> <span class='ocrx_word' id='word_1_261' title='bbox 1170 2066 1498 2117; x_wconf 85' lang='lat' dir='ltr'><strong>vitiaveraut</strong></span> <span class='ocrx_word' id='word_1_262' title='bbox 1518 2080 1531 2125; x_wconf 88' lang='lat'><strong>;</strong></span> <span class='ocrx_word' id='word_1_263' title='bbox 1549 2076 1684 2131; x_wconf 89' lang='lat' dir='ltr'><strong>quos</strong></span> <span class='ocrx_word' id='word_1_264' title='bbox 1705 2067 2070 2113; x_wconf 88' lang='lat' dir='ltr'><strong>consentanee</strong></span> 
     </span>
    </p>
   </div>
   <div class='ocr_carea' id='block_1_37' title="bbox 2176 2057 3743 2134">
    <p class='ocr_par' dir='ltr' id='par_1_37' title="bbox 2176 2057 3743 2134">
     <span class='ocr_line' id='line_1_37' title="bbox 2176 2057 3743 2134; baseline -0.003 -17"><span class='ocrx_word' id='word_1_265' title='bbox 2176 2063 2246 2134; x_wconf 83' lang='grc' dir='ltr'><strong>τῷ</strong></span> <span class='ocrx_word' id='word_1_266' title='bbox 2288 2061 2468 2117; x_wconf 74' lang='grc' dir='ltr'><strong>αὑτοῦ</strong></span> <span class='ocrx_word' id='word_1_267' title='bbox 2526 2062 2666 2130; x_wconf 84' lang='grc' dir='ltr'>λόγῳ</span> <span class='ocrx_word' id='word_1_268' title='bbox 2718 2059 2994 2130; x_wconf 80' lang='grc' dir='ltr'>προσιέναι</span> <span class='ocrx_word' id='word_1_269' title='bbox 3046 2058 3354 2128; x_wconf 82' lang='grc' dir='ltr'>μέλλοντας.</span> <span class='ocrx_word' id='word_1_270' title='bbox 3408 2057 3651 2113; x_wconf 77' lang='grc' dir='ltr'>Τοιοῦτοι</span> <span class='ocrx_word' id='word_1_271' title='bbox 3685 2061 3743 2113; x_wconf 79' lang='grc' dir='ltr'>δὲ</span> 
     </span>
    </p>
   </div>
   <div class='ocr_carea' id='block_1_38' title="bbox 503 2149 2070 2226">
    <p class='ocr_par' dir='ltr' id='par_1_38' title="bbox 503 2150 2068 2226">
     <span class='ocr_line' id='line_1_38' title="bbox 503 2150 2068 2226; baseline -0.008 -12"><span class='ocrx_word' id='word_1_272' title='bbox 503 2160 807 2214; x_wconf 89' lang='lat' dir='ltr'><strong>invitatioui</strong></span> <span class='ocrx_word' id='word_1_273' title='bbox 826 2174 934 2213; x_wconf 64' lang='lat' dir='ltr'><strong>sua!</strong></span> <span class='ocrx_word' id='word_1_274' title='bbox 950 2158 1249 2226; x_wconf 86' lang='lat' dir='ltr'><strong>suscipiens</strong></span> <span class='ocrx_word' id='word_1_275' title='bbox 1263 2156 1600 2216; x_wconf 82' lang='lat' dir='ltr'><strong>convivator,</strong></span> <span class='ocrx_word' id='word_1_276' title='bbox 1614 2150 2068 2222; x_wconf 88' lang='lat' dir='ltr'><strong>primumquidem</strong></span> 
     </span>
    </p>
   </div>
   <div class='ocr_carea' id='block_1_39' title="bbox 2176 2149 3743 2226">
    <p class='ocr_par' dir='ltr' id='par_1_39' title="bbox 2176 2149 3743 2225">
     <span class='ocr_line' id='line_1_39' title="bbox 2176 2149 3743 2225; baseline -0.003 -18"><span class='ocrx_word' id='word_1_277' title='bbox 2176 2155 2416 2225; x_wconf 79' lang='grc' dir='ltr'>ὑπῆρχον</span> <span class='ocrx_word' id='word_1_278' title='bbox 2444 2155 2490 2206; x_wconf 84' lang='grc' dir='ltr'>οἱ</span> <span class='ocrx_word' id='word_1_279' title='bbox 2512 2154 2639 2224; x_wconf 67' lang='grc' dir='ltr'>πρὶν</span> <span class='ocrx_word' id='word_1_280' title='bbox 2668 2151 3047 2222; x_wconf 84' lang='grc' dir='ltr'>εἰδωλολάτραι</span> <span class='ocrx_word' id='word_1_281' title='bbox 3070 2149 3173 2201; x_wconf 77' lang='grc' dir='ltr'><strong>ὑπὸ</strong></span> <span class='ocrx_word' id='word_1_282' title='bbox 3195 2149 3461 2219; x_wconf 86' lang='grc' dir='ltr'>δαιμόνων</span> <span class='ocrx_word' id='word_1_283' title='bbox 3489 2153 3743 2223; x_wconf 80' lang='grc' dir='ltr'>πονηρῶν</span> 
     </span>
    </p>
   </div>
   <div class='ocr_carea' id='block_1_40' title="bbox 512 2239 2079 2319">
    <p class='ocr_par' dir='ltr' id='par_1_40' title="bbox 512 2242 2069 2319">
     <span class='ocr_line' id='line_1_40' title="bbox 512 2242 2069 2319; baseline -0.008 -14"><span class='ocrx_word' id='word_1_284' title='bbox 512 2266 677 2305; x_wconf 87' lang='lat' dir='ltr'><strong>sanos</strong></span> <span class='ocrx_word' id='word_1_285' title='bbox 693 2250 828 2303; x_wconf 83' lang='lat' dir='ltr'><strong>incol</strong></span> <span class='ocrx_word' id='word_1_286' title='bbox 839 2264 1094 2317; x_wconf 85' lang='lat' dir='ltr'><strong>umesqne</strong></span> <span class='ocrx_word' id='word_1_287' title='bbox 1111 2246 1589 2309; x_wconf 73' lang='lat' dir='ltr'><strong>eﬂiciet,ctelorum</strong></span> <span class='ocrx_word' id='word_1_288' title='bbox 1602 2242 1785 2297; x_wconf 85' lang='lat' dir='ltr'><strong>oculos</strong></span> <span class='ocrx_word' id='word_1_289' title='bbox 1798 2255 1976 2319; x_wconf 73' lang='lat' dir='ltr'><strong>resera</strong></span> <span class='ocrx_word' id='word_1_290' title='bbox 1984 2254 2069 2305; x_wconf 86' lang='lat' dir='ltr'><strong>ns,</strong></span> 
     </span>
    </p>
   </div>
   <div class='ocr_carea' id='block_1_41' title="bbox 2173 2239 3740 2319">
    <p class='ocr_par' dir='ltr' id='par_1_41' title="bbox 2173 2239 3740 2314">
     <span class='ocr_line' id='line_1_41' title="bbox 2173 2239 3740 2314; baseline -0.002 -16"><span class='ocrx_word' id='word_1_291' title='bbox 2173 2244 2266 2309; x_wconf 81' lang='grc' dir='ltr'>τὰς</span> <span class='ocrx_word' id='word_1_292' title='bbox 2296 2244 2471 2314; x_wconf 79' lang='grc' dir='ltr'>ψυχὰς</span> <span class='ocrx_word' id='word_1_293' title='bbox 2511 2242 2895 2313; x_wconf 80' lang='grc' dir='ltr'>λελωῦημένοι·</span> <span class='ocrx_word' id='word_1_294' title='bbox 2944 2241 3037 2304; x_wconf 73' lang='grc' dir='ltr'><strong>οὓς</strong></span> <span class='ocrx_word' id='word_1_295' title='bbox 3070 2239 3376 2303; x_wconf 81' lang='grc' dir='ltr'>ἀκολούθως</span> <span class='ocrx_word' id='word_1_296' title='bbox 3400 2245 3463 2311; x_wconf 81' lang='grc' dir='ltr'>τῇ</span> <span class='ocrx_word' id='word_1_297' title='bbox 3497 2244 3740 2310; x_wconf 79' lang='grc' dir='ltr'>ἐπαγγε-</span> 
     </span>
    </p>
   </div>
   <div class='ocr_carea' id='block_1_42' title="bbox 502 2331 2069 2409">
    <p class='ocr_par' dir='ltr' id='par_1_42' title="bbox 502 2332 2068 2407">
     <span class='ocr_line' id='line_1_42' title="bbox 502 2332 2068 2407; baseline -0.007 -11"><span class='ocrx_word' id='word_1_298' title='bbox 502 2340 672 2396; x_wconf 91' lang='lat' dir='ltr'><strong>omini</strong></span> <span class='ocrx_word' id='word_1_299' title='bbox 708 2342 895 2394; x_wconf 90' lang='lat' dir='ltr'><strong>morbo</strong></span> <span class='ocrx_word' id='word_1_300' title='bbox 933 2340 1185 2407; x_wconf 90' lang='lat' dir='ltr'><strong>omnique</strong></span> <span class='ocrx_word' id='word_1_301' title='bbox 1220 2337 1460 2407; x_wconf 81' lang='lat' dir='ltr'><strong>languori</strong></span> <span class='ocrx_word' id='word_1_302' title='bbox 1498 2335 1793 2389; x_wconf 87' lang='lat' dir='ltr'><strong>animarum</strong></span> <span class='ocrx_word' id='word_1_303' title='bbox 1833 2332 2068 2401; x_wconf 83' lang='lat' dir='ltr'><strong>ipsorum</strong></span> 
     </span>
    </p>
   </div>
   <div class='ocr_carea' id='block_1_43' title="bbox 2174 2331 3741 2409">
    <p class='ocr_par' dir='ltr' id='par_1_43' title="bbox 2174 2331 3741 2409">
     <span class='ocr_line' id='line_1_43' title="bbox 2174 2331 3741 2409; baseline -0.003 -19"><span class='ocrx_word' id='word_1_304' title='bbox 2174 2338 2257 2409; x_wconf 73' lang='grc' dir='ltr'>λίᾳ</span> <span class='ocrx_word' id='word_1_305' title='bbox 2288 2337 2681 2407; x_wconf 81' lang='grc' dir='ltr'>ὑποδεξάμενος</span> <span class='ocrx_word' id='word_1_306' title='bbox 2707 2338 2735 2389; x_wconf 92' lang='lat'><strong>6</strong></span> <span class='ocrx_word' id='word_1_307' title='bbox 2770 2333 3054 2403; x_wconf 79' lang='grc' dir='ltr'>ἑστιάτωρ,</span> <span class='ocrx_word' id='word_1_308' title='bbox 3090 2331 3281 2403; x_wconf 85' lang='grc' dir='ltr'>πρῶτα</span> <span class='ocrx_word' id='word_1_309' title='bbox 3315 2333 3412 2401; x_wconf 81' lang='grc' dir='ltr'><strong>μὲν</strong></span> <span class='ocrx_word' id='word_1_310' title='bbox 3446 2333 3618 2396; x_wconf 82' lang='grc' dir='ltr'>σώους</span> <span class='ocrx_word' id='word_1_311' title='bbox 3646 2336 3741 2387; x_wconf 74' lang='grc' dir='ltr'><strong>καὶ</strong></span> 
     </span>
    </p>
   </div>
   <div class='ocr_carea' id='block_1_44' title="bbox 504 2423 2071 2498">
    <p class='ocr_par' dir='ltr' id='par_1_44' title="bbox 504 2423 2065 2498">
     <span class='ocr_line' id='line_1_44' title="bbox 504 2423 2065 2498; baseline -0.006 -12"><span class='ocrx_word' id='word_1_312' title='bbox 504 2435 751 2497; x_wconf 81' lang='lat' dir='ltr'><strong>medens;</strong></span> <span class='ocrx_word' id='word_1_313' title='bbox 782 2432 1181 2486; x_wconf 86' lang='lat' dir='ltr'><strong>deindeiisdem</strong></span> <span class='ocrx_word' id='word_1_314' title='bbox 1213 2429 1509 2498; x_wconf 85' lang='lat' dir='ltr'><strong>spiritalem</strong></span> <span class='ocrx_word' id='word_1_315' title='bbox 1539 2440 1747 2482; x_wconf 69' lang='lat' dir='ltr'><strong>caenam</strong></span> <span class='ocrx_word' id='word_1_316' title='bbox 1772 2423 2065 2479; x_wconf 68' lang='lat' dir='ltr'><strong>exhibebit.</strong></span> 
     </span>
    </p>
   </div>
   <div class='ocr_carea' id='block_1_45' title="bbox 2170 2423 3737 2498">
    <p class='ocr_par' dir='ltr' id='par_1_45' title="bbox 2170 2423 3737 2498">
     <span class='ocr_line' id='line_1_45' title="bbox 2170 2423 3737 2498; baseline -0.002 -17"><span class='ocrx_word' id='word_1_317' title='bbox 2170 2430 2339 2497; x_wconf 75' lang='grc' dir='ltr'>ὑγιεῖς</span> <span class='ocrx_word' id='word_1_318' title='bbox 2383 2430 2838 2498; x_wconf 83' lang='grc' dir='ltr'>ἀποκαταστήσει,</span> <span class='ocrx_word' id='word_1_319' title='bbox 2880 2427 3095 2491; x_wconf 78' lang='grc' dir='ltr'>ἀνοίξας</span> <span class='ocrx_word' id='word_1_320' title='bbox 3142 2423 3357 2492; x_wconf 78' lang='grc' dir='ltr'>τυφλῶν</span> <span class='ocrx_word' id='word_1_321' title='bbox 3402 2425 3737 2495; x_wconf 67' lang='grc' dir='ltr'>ὀφθαλμοὺς,</span> 
     </span>
    </p>
   </div>
   <div class='ocr_carea' id='block_1_46' title="bbox 504 2516 2071 2592">
    <p class='ocr_par' dir='ltr' id='par_1_46' title="bbox 504 2516 2069 2592">
     <span class='ocr_line' id='line_1_46' title="bbox 504 2516 2069 2592; baseline -0.007 -15"><span class='ocrx_word' id='word_1_322' title='bbox 504 2522 667 2577; x_wconf 86' lang='lat' dir='ltr'><strong>Primi</strong></span> <span class='ocrx_word' id='word_1_323' title='bbox 701 2525 883 2592; x_wconf 87' lang='lat' dir='ltr'><strong>itaque</strong></span> <span class='ocrx_word' id='word_1_324' title='bbox 925 2523 1099 2576; x_wconf 89' lang='lat' dir='ltr'><strong>vocati</strong></span> <span class='ocrx_word' id='word_1_325' title='bbox 1140 2530 1265 2575; x_wconf 90' lang='lat' dir='ltr'><strong>sunt</strong></span> <span class='ocrx_word' id='word_1_326' title='bbox 1314 2518 1644 2581; x_wconf 85' lang='lat' dir='ltr'><strong>circumcisi,</strong></span> <span class='ocrx_word' id='word_1_327' title='bbox 1678 2518 1768 2587; x_wconf 94' lang='lat' dir='ltr'><strong>qui</strong></span> <span class='ocrx_word' id='word_1_328' title='bbox 1812 2516 2069 2569; x_wconf 88' lang='lat' dir='ltr'><strong>adversus</strong></span> 
     </span>
    </p>
   </div>
   <div class='ocr_carea' id='block_1_47' title="bbox 2171 2516 3738 2592">
    <p class='ocr_par' dir='ltr' id='par_1_47' title="bbox 2171 2520 3738 2591">
     <span class='ocr_line' id='line_1_47' title="bbox 2171 2520 3738 2591; baseline -0.001 -18"><span class='ocrx_word' id='word_1_329' title='bbox 2171 2521 2349 2574; x_wconf 83' lang='grc' dir='ltr'>πᾶσάν</span> <span class='ocrx_word' id='word_1_330' title='bbox 2370 2538 2429 2573; x_wconf 88' lang='grc' dir='ltr'><strong>τε</strong></span> <span class='ocrx_word' id='word_1_331' title='bbox 2454 2522 2606 2573; x_wconf 85' lang='grc' dir='ltr'>νόσον</span> <span class='ocrx_word' id='word_1_332' title='bbox 2627 2522 2719 2574; x_wconf 73' lang='grc' dir='ltr'><strong>καὶ</strong></span> <span class='ocrx_word' id='word_1_333' title='bbox 2740 2521 2919 2573; x_wconf 82' lang='grc' dir='ltr'>πᾶσαν</span> <span class='ocrx_word' id='word_1_334' title='bbox 2941 2522 3210 2591; x_wconf 87' lang='grc' dir='ltr'>μαλακίαν</span> <span class='ocrx_word' id='word_1_335' title='bbox 3226 2522 3332 2576; x_wconf 87' lang='grc' dir='ltr'><strong>τῶν</strong></span> <span class='ocrx_word' id='word_1_336' title='bbox 3350 2520 3535 2589; x_wconf 73' lang='grc' dir='ltr'>ψυχῶν</span> <span class='ocrx_word' id='word_1_337' title='bbox 3558 2520 3738 2572; x_wconf 86' lang='grc' dir='ltr'>αὑτῶν</span> 
     </span>
    </p>
   </div>
   <div class='ocr_carea' id='block_1_48' title="bbox 502 2608 2069 2684">
    <p class='ocr_par' dir='ltr' id='par_1_48' title="bbox 502 2608 2069 2684">
     <span class='ocr_line' id='line_1_48' title="bbox 502 2608 2069 2684; baseline -0.004 -17"><span class='ocrx_word' id='word_1_338' title='bbox 502 2615 730 2684; x_wconf 77' lang='lat' dir='ltr'><strong>gratiam</strong></span> <span class='ocrx_word' id='word_1_339' title='bbox 772 2614 1145 2669; x_wconf 84' lang='lat' dir='ltr'><strong>contumeliosi</strong></span> <span class='ocrx_word' id='word_1_340' title='bbox 1188 2613 1426 2667; x_wconf 82' lang='lat' dir='ltr'><strong>fuerunt.</strong></span> <span class='ocrx_word' id='word_1_341' title='bbox 1476 2610 1706 2665; x_wconf 87' lang='lat' dir='ltr'><strong>Secundi</strong></span> <span class='ocrx_word' id='word_1_342' title='bbox 1754 2608 2069 2677; x_wconf 54' lang='lat' dir='ltr'><strong>alienigenae</strong></span> 
     </span>
    </p>
   </div>
   <div class='ocr_carea' id='block_1_49' title="bbox 2170 2608 3737 2684">
    <p class='ocr_par' dir='ltr' id='par_1_49' title="bbox 2172 2610 3737 2682">
     <span class='ocr_line' id='line_1_49' title="bbox 2172 2610 3737 2682; baseline -0.003 -17"><span class='ocrx_word' id='word_1_343' title='bbox 2172 2612 2479 2682; x_wconf 74' lang='grc' dir='ltr'>ἰασάμενος·</span> <span class='ocrx_word' id='word_1_344' title='bbox 2508 2613 2695 2664; x_wconf 71' lang='grc' dir='ltr'>ἔπειτα</span> <span class='ocrx_word' id='word_1_345' title='bbox 2727 2610 2787 2663; x_wconf 86' lang='grc' dir='ltr'><strong>τὸ</strong></span> <span class='ocrx_word' id='word_1_346' title='bbox 2817 2612 3184 2680; x_wconf 82' lang='grc' dir='ltr'>πνευματικὸν</span> <span class='ocrx_word' id='word_1_347' title='bbox 3215 2613 3396 2673; x_wconf 86' lang='grc' dir='ltr'>αὑτοῖς</span> <span class='ocrx_word' id='word_1_348' title='bbox 3428 2610 3737 2681; x_wconf 74' lang='grc' dir='ltr'>παραθήσει</span> 
     </span>
    </p>
   </div>
   <div class='ocr_carea' id='block_1_50' title="bbox 500 2699 2067 2775">
    <p class='ocr_par' dir='ltr' id='par_1_50' title="bbox 500 2700 2067 2774">
     <span class='ocr_line' id='line_1_50' title="bbox 500 2700 2067 2774; baseline -0.006 -15"><span class='ocrx_word' id='word_1_349' title='bbox 500 2705 727 2770; x_wconf 83' lang='lat' dir='ltr'><strong>ethnici,</strong></span> <span class='ocrx_word' id='word_1_350' title='bbox 757 2706 846 2774; x_wconf 91' lang='lat' dir='ltr'><strong>qui</strong></span> <span class='ocrx_word' id='word_1_351' title='bbox 892 2715 1050 2758; x_wconf 87' lang='lat' dir='ltr'><strong>antea</strong></span> <span class='ocrx_word' id='word_1_352' title='bbox 1082 2719 1222 2758; x_wconf 68' lang='lat' dir='ltr'><strong>caeca</strong></span> <span class='ocrx_word' id='word_1_353' title='bbox 1262 2712 1440 2756; x_wconf 89' lang='lat' dir='ltr'><strong>mente</strong></span> <span class='ocrx_word' id='word_1_354' title='bbox 1480 2710 1657 2764; x_wconf 86' lang='lat' dir='ltr'><strong>erant,</strong></span> <span class='ocrx_word' id='word_1_355' title='bbox 1688 2708 1743 2755; x_wconf 85' lang='lat' dir='ltr'><strong>et</strong></span> <span class='ocrx_word' id='word_1_356' title='bbox 1790 2700 1987 2763; x_wconf 79' lang='lat' dir='ltr'><strong>mutili,</strong></span> <span class='ocrx_word' id='word_1_357' title='bbox 2014 2706 2067 2751; x_wconf 89' lang='lat' dir='ltr'><strong>et</strong></span> 
     </span>
    </p>
   </div>
   <div class='ocr_carea' id='block_1_51' title="bbox 2169 2699 3736 2775">
    <p class='ocr_par' dir='ltr' id='par_1_51' title="bbox 2169 2699 3736 2775">
     <span class='ocr_line' id='line_1_51' title="bbox 2169 2699 3736 2775; baseline -0.002 -19"><span class='ocrx_word' id='word_1_358' title='bbox 2169 2703 2402 2757; x_wconf 85' lang='grc' dir='ltr'>δεῖπνον.</span> <span class='ocrx_word' id='word_1_359' title='bbox 2430 2704 2644 2775; x_wconf 84' lang='grc' dir='ltr'>Πρῶτοι</span> <span class='ocrx_word' id='word_1_360' title='bbox 2682 2704 2779 2773; x_wconf 83' lang='grc' dir='ltr'><strong>μὲν</strong></span> <span class='ocrx_word' id='word_1_361' title='bbox 2810 2699 2903 2755; x_wconf 71' lang='grc' dir='ltr'>οὖν</span> <span class='ocrx_word' id='word_1_362' title='bbox 2932 2702 3236 2775; x_wconf 78' lang='grc' dir='ltr'>ἐκλήθησαν</span> <span class='ocrx_word' id='word_1_363' title='bbox 3256 2705 3300 2756; x_wconf 84' lang='lat' dir='ltr'><strong>oi</strong></span> <span class='ocrx_word' id='word_1_364' title='bbox 3330 2705 3392 2755; x_wconf 82' lang='grc' dir='ltr'>ὲκ</span> <span class='ocrx_word' id='word_1_365' title='bbox 3414 2702 3736 2773; x_wconf 82' lang='grc' dir='ltr'>περιτομῆς,</span> 
     </span>
    </p>
   </div>
   <div class='ocr_carea' id='block_1_52' title="bbox 499 2793 2066 2869">
    <p class='ocr_par' dir='ltr' id='par_1_52' title="bbox 499 2796 2062 2869">
     <span class='ocr_line' id='line_1_52' title="bbox 499 2796 2062 2869; baseline -0.006 -14"><span class='ocrx_word' id='word_1_366' title='bbox 499 2800 694 2860; x_wconf 81' lang='lat' dir='ltr'><strong>claudi,</strong></span> <span class='ocrx_word' id='word_1_367' title='bbox 727 2816 791 2855; x_wconf 89' lang='lat' dir='ltr'><strong>ac</strong></span> <span class='ocrx_word' id='word_1_368' title='bbox 828 2800 981 2863; x_wconf 90' lang='lat' dir='ltr'><strong>muti,</strong></span> <span class='ocrx_word' id='word_1_369' title='bbox 1011 2800 1099 2869; x_wconf 92' lang='lat' dir='ltr'><strong>qui</strong></span> <span class='ocrx_word' id='word_1_370' title='bbox 1128 2800 1289 2853; x_wconf 90' lang='lat' dir='ltr'><strong>etiam</strong></span> <span class='ocrx_word' id='word_1_371' title='bbox 1329 2798 1581 2851; x_wconf 86' lang='lat' dir='ltr'><strong>alacriter</strong></span> <span class='ocrx_word' id='word_1_372' title='bbox 1602 2796 2062 2865; x_wconf 77' lang='lat' dir='ltr'><strong>obtemperarent.</strong></span> 
     </span>
    </p>
   </div>
   <div class='ocr_carea' id='block_1_53' title="bbox 2172 2793 3739 2869">
    <p class='ocr_par' dir='ltr' id='par_1_53' title="bbox 2172 2793 3739 2868">
     <span class='ocr_line' id='line_1_53' title="bbox 2172 2793 3739 2868; baseline -0.005 -17"><span class='ocrx_word' id='word_1_373' title='bbox 2172 2798 2214 2851; x_wconf 87' lang='grc' dir='ltr'>οἳ</span> <span class='ocrx_word' id='word_1_374' title='bbox 2250 2798 2343 2852; x_wconf 79' lang='grc' dir='ltr'>καὶ</span> <span class='ocrx_word' id='word_1_375' title='bbox 2374 2798 2471 2867; x_wconf 81' lang='grc' dir='ltr'>τὴν</span> <span class='ocrx_word' id='word_1_376' title='bbox 2505 2797 2662 2867; x_wconf 88' lang='grc' dir='ltr'>χάριν</span> <span class='ocrx_word' id='word_1_377' title='bbox 2691 2795 3048 2868; x_wconf 79' lang='grc' dir='ltr'>καθύϐρισαν·</span> <span class='ocrx_word' id='word_1_378' title='bbox 3087 2795 3329 2865; x_wconf 86' lang='grc' dir='ltr'>δεύτεροι</span> <span class='ocrx_word' id='word_1_379' title='bbox 3354 2794 3409 2848; x_wconf 82' lang='grc' dir='ltr'><strong>δὲ</strong></span> <span class='ocrx_word' id='word_1_380' title='bbox 3444 2794 3559 2863; x_wconf 77' lang='grc' dir='ltr'>μετ’</span> <span class='ocrx_word' id='word_1_381' title='bbox 3595 2793 3739 2844; x_wconf 79' lang='grc' dir='ltr'>ὲκεί-</span> 
     </span>
    </p>
   </div>
   <div class='ocr_carea' id='block_1_54' title="bbox 496 2884 2063 2961">
    <p class='ocr_par' dir='ltr' id='par_1_54' title="bbox 496 2884 2063 2961">
     <span class='ocr_line' id='line_1_54' title="bbox 496 2884 2063 2961; baseline -0.006 -14"><span class='ocrx_word' id='word_1_382' title='bbox 496 2889 615 2947; x_wconf 83' lang='lat' dir='ltr'><strong>Jam</strong></span> <span class='ocrx_word' id='word_1_383' title='bbox 661 2891 714 2945; x_wconf 91' lang='lat' dir='ltr'><strong>in</strong></span> <span class='ocrx_word' id='word_1_384' title='bbox 759 2892 949 2961; x_wconf 89' lang='lat' dir='ltr'><strong>plateis</strong></span> <span class='ocrx_word' id='word_1_385' title='bbox 992 2902 1291 2952; x_wconf 89' lang='lat' dir='ltr'><strong>versantes,</strong></span> <span class='ocrx_word' id='word_1_386' title='bbox 1326 2890 1360 2942; x_wconf 91' lang='lat' dir='ltr'><strong>ii</strong></span> <span class='ocrx_word' id='word_1_387' title='bbox 1388 2889 1640 2943; x_wconf 88' lang='lat' dir='ltr'><strong>credendi</strong></span> <span class='ocrx_word' id='word_1_388' title='bbox 1690 2895 1815 2942; x_wconf 91' lang='lat' dir='ltr'><strong>sunt</strong></span> <span class='ocrx_word' id='word_1_389' title='bbox 1843 2885 1932 2954; x_wconf 94' lang='lat' dir='ltr'><strong>qui</strong></span> <span class='ocrx_word' id='word_1_390' title='bbox 1962 2884 2063 2939; x_wconf 88' lang='lat' dir='ltr'><strong>lata</strong></span> 
     </span>
    </p>
   </div>
   <div class='ocr_carea' id='block_1_55' title="bbox 2169 2884 3736 2961">
    <p class='ocr_par' dir='ltr' id='par_1_55' title="bbox 2169 2884 3736 2958">
     <span class='ocr_line' id='line_1_55' title="bbox 2169 2884 3736 2958; baseline -0.004 -13"><span class='ocrx_word' id='word_1_391' title='bbox 2169 2909 2288 2954; x_wconf 89' lang='grc' dir='ltr'>νους</span> <span class='ocrx_word' id='word_1_392' title='bbox 2315 2893 2361 2943; x_wconf 79' lang='grc' dir='ltr'>οἱ</span> <span class='ocrx_word' id='word_1_393' title='bbox 2385 2893 2447 2943; x_wconf 80' lang='grc' dir='ltr'>ἐκ</span> <span class='ocrx_word' id='word_1_394' title='bbox 2468 2890 2573 2942; x_wconf 89' lang='grc' dir='ltr'><strong>τῶν</strong></span> <span class='ocrx_word' id='word_1_395' title='bbox 2599 2890 2908 2958; x_wconf 67' lang='grc' dir='ltr'>ἀλλοφύλων</span> <span class='ocrx_word' id='word_1_396' title='bbox 2932 2890 3120 2949; x_wconf 82' lang='grc' dir='ltr'>ἐθνῶν,</span> <span class='ocrx_word' id='word_1_397' title='bbox 3148 2891 3195 2942; x_wconf 84' lang='grc' dir='ltr'>οἱ</span> <span class='ocrx_word' id='word_1_398' title='bbox 3224 2888 3351 2958; x_wconf 75' lang='grc' dir='ltr'>πρὶν</span> <span class='ocrx_word' id='word_1_399' title='bbox 3377 2886 3474 2949; x_wconf 87' lang='grc' dir='ltr'><strong>τάς</strong></span> <span class='ocrx_word' id='word_1_400' title='bbox 3498 2884 3736 2946; x_wconf 82' lang='grc' dir='ltr'>διανοίας</span> 
     </span>
    </p>
   </div>
   <div class='ocr_carea' id='block_1_56' title="bbox 496 2976 2063 3053">
    <p class='ocr_par' dir='ltr' id='par_1_56' title="bbox 496 2977 2063 3053">
     <span class='ocr_line' id='line_1_56' title="bbox 496 2977 2063 3053; baseline -0.005 -16"><span class='ocrx_word' id='word_1_401' title='bbox 496 2984 817 3053; x_wconf 86' lang='lat' dir='ltr'><strong>perditionis</strong></span> <span class='ocrx_word' id='word_1_402' title='bbox 849 2984 931 3036; x_wconf 85' lang='lat' dir='ltr'><strong>via</strong></span> <span class='ocrx_word' id='word_1_403' title='bbox 973 2983 1243 3045; x_wconf 85' lang='lat' dir='ltr'><strong>incedunt,</strong></span> <span class='ocrx_word' id='word_1_404' title='bbox 1284 2988 1338 3034; x_wconf 89' lang='lat' dir='ltr'><strong>et</strong></span> <span class='ocrx_word' id='word_1_405' title='bbox 1372 2980 1490 3034; x_wconf 90' lang='lat' dir='ltr'><strong>sine</strong></span> <span class='ocrx_word' id='word_1_406' title='bbox 1522 2979 1772 3033; x_wconf 90' lang='lat' dir='ltr'><strong>doctrina</strong></span> <span class='ocrx_word' id='word_1_407' title='bbox 1806 2977 2063 3048; x_wconf 89' lang='lat' dir='ltr'><strong>dogmati-</strong></span> 
     </span>
    </p>
   </div>
   <div class='ocr_carea' id='block_1_57' title="bbox 2171 2976 3738 3053">
    <p class='ocr_par' dir='ltr' id='par_1_57' title="bbox 2171 2976 3738 3053">
     <span class='ocr_line' id='line_1_57' title="bbox 2171 2976 3738 3053; baseline -0.004 -18"><span class='ocrx_word' id='word_1_408' title='bbox 2171 2984 2352 3053; x_wconf 60' lang='grc' dir='ltr'>τυςσλοὶ</span> <span class='ocrx_word' id='word_1_409' title='bbox 2394 2984 2486 3037; x_wconf 75' lang='grc' dir='ltr'><strong>καὶ</strong></span> <span class='ocrx_word' id='word_1_410' title='bbox 2529 2983 2797 3053; x_wconf 88' lang='grc' dir='ltr'>ἀνάπηροι</span> <span class='ocrx_word' id='word_1_411' title='bbox 2842 2983 2935 3035; x_wconf 73' lang='grc' dir='ltr'><strong>καὶ</strong></span> <span class='ocrx_word' id='word_1_412' title='bbox 2972 2982 3132 3052; x_wconf 74' lang='grc' dir='ltr'>χωλοὶ</span> <span class='ocrx_word' id='word_1_413' title='bbox 3166 2980 3259 3034; x_wconf 70' lang='lat' dir='ltr'><strong>xai</strong></span> <span class='ocrx_word' id='word_1_414' title='bbox 3307 2980 3498 3047; x_wconf 71' lang='grc' dir='ltr'>κωφοὶ,</span> <span class='ocrx_word' id='word_1_415' title='bbox 3547 2978 3597 3030; x_wconf 84' lang='grc' dir='ltr'>οἳ</span> <span class='ocrx_word' id='word_1_416' title='bbox 3642 2976 3738 3029; x_wconf 76' lang='grc' dir='ltr'>καὶ</span> 
     </span>
    </p>
   </div>
   <div class='ocr_carea' id='block_1_58' title="bbox 494 3068 2061 3149">
    <p class='ocr_par' dir='ltr' id='par_1_58' title="bbox 494 3068 2061 3141">
     <span class='ocr_line' id='line_1_58' title="bbox 494 3068 2061 3141; baseline -0.006 -10"><span class='ocrx_word' id='word_1_417' title='bbox 494 3078 665 3132; x_wconf 88' lang='lat' dir='ltr'><strong>busve</strong></span> <span class='ocrx_word' id='word_1_418' title='bbox 692 3077 899 3129; x_wconf 81' lang='lat' dir='ltr'><strong>vivunt.</strong></span> <span class='ocrx_word' id='word_1_419' title='bbox 930 3074 1069 3128; x_wconf 77' lang='lat' dir='ltr'><strong>Tum</strong></span> <span class='ocrx_word' id='word_1_420' title='bbox 1101 3074 1328 3127; x_wconf 84' lang='lat' dir='ltr'><strong>latentes</strong></span> <span class='ocrx_word' id='word_1_421' title='bbox 1358 3073 1408 3126; x_wconf 92' lang='lat' dir='ltr'><strong>iu</strong></span> <span class='ocrx_word' id='word_1_422' title='bbox 1443 3072 1674 3141; x_wconf 74' lang='lat' dir='ltr'><strong>angulis,</strong></span> <span class='ocrx_word' id='word_1_423' title='bbox 1708 3072 1741 3125; x_wconf 92' lang='lat' dir='ltr'><strong>ii</strong></span> <span class='ocrx_word' id='word_1_424' title='bbox 1782 3071 1875 3139; x_wconf 92' lang='lat' dir='ltr'><strong>qui</strong></span> <span class='ocrx_word' id='word_1_425' title='bbox 1920 3068 2061 3122; x_wconf 90' lang='lat' dir='ltr'><strong>mali-</strong></span> 
     </span>
    </p>
   </div>
   <div class='ocr_carea' id='block_1_59' title="bbox 2167 3068 3734 3149">
    <p class='ocr_par' dir='ltr' id='par_1_59' title="bbox 2169 3070 3734 3149">
     <span class='ocr_line' id='line_1_59' title="bbox 2169 3070 3734 3149; baseline -0.005 -19"><span class='ocrx_word' id='word_1_426' title='bbox 2169 3077 2459 3149; x_wconf 85' lang='grc' dir='ltr'>προθύμως</span> <span class='ocrx_word' id='word_1_427' title='bbox 2506 3077 2839 3147; x_wconf 85' lang='grc' dir='ltr'>ὑπήκουσαν·</span> <span class='ocrx_word' id='word_1_428' title='bbox 2896 3071 3002 3128; x_wconf 81' lang='grc' dir='ltr'>εἷεν</span> <span class='ocrx_word' id='word_1_429' title='bbox 3040 3076 3083 3128; x_wconf 83' lang='grc' dir='ltr'>δ’</span> <span class='ocrx_word' id='word_1_430' title='bbox 3120 3075 3184 3128; x_wconf 86' lang='grc' dir='ltr'><strong>ἂν</strong></span> <span class='ocrx_word' id='word_1_431' title='bbox 3228 3076 3285 3126; x_wconf 84' lang='grc' dir='ltr'><strong>ἐν</strong></span> <span class='ocrx_word' id='word_1_432' title='bbox 3315 3073 3594 3135; x_wconf 85' lang='grc' dir='ltr'>πλατείαις</span> <span class='ocrx_word' id='word_1_433' title='bbox 3635 3070 3734 3139; x_wconf 80' lang='grc' dir='ltr'>μὲν</span> 
     </span>
    </p>
   </div>
   <div class='ocr_carea' id='block_1_60' title="bbox 496 3161 2063 3243">
    <p class='ocr_par' dir='ltr' id='par_1_60' title="bbox 496 3161 2062 3237">
     <span class='ocr_line' id='line_1_60' title="bbox 496 3161 2062 3237; baseline -0.004 -16"><span class='ocrx_word' id='word_1_434' title='bbox 496 3171 624 3222; x_wconf 83' lang='lat' dir='ltr'><strong>tiam</strong></span> <span class='ocrx_word' id='word_1_435' title='bbox 659 3169 897 3237; x_wconf 89' lang='lat' dir='ltr'><strong>quolibet</strong></span> <span class='ocrx_word' id='word_1_436' title='bbox 925 3176 1181 3236; x_wconf 72' lang='lat' dir='ltr'><strong>praetextu</strong></span> <span class='ocrx_word' id='word_1_437' title='bbox 1211 3166 1404 3219; x_wconf 85' lang='lat' dir='ltr'><strong>velant.</strong></span> <span class='ocrx_word' id='word_1_438' title='bbox 1446 3162 1879 3231; x_wconf 73' lang='lat' dir='ltr'><strong>lieliquidemum</strong></span> <span class='ocrx_word' id='word_1_439' title='bbox 1906 3161 2062 3215; x_wconf 89' lang='lat' dir='ltr'><strong>tertio</strong></span> 
     </span>
    </p>
   </div>
   <div class='ocr_carea' id='block_1_61' title="bbox 2167 3161 3734 3243">
    <p class='ocr_par' dir='ltr' id='par_1_61' title="bbox 2167 3164 3734 3237">
     <span class='ocr_line' id='line_1_61' title="bbox 2167 3164 3734 3237; baseline -0.002 -20"><span class='ocrx_word' id='word_1_440' title='bbox 2167 3168 2211 3218; x_wconf 88' lang='lat' dir='ltr'><strong>oi</strong></span> <span class='ocrx_word' id='word_1_441' title='bbox 2247 3166 2344 3236; x_wconf 84' lang='grc' dir='ltr'>τὴν</span> <span class='ocrx_word' id='word_1_442' title='bbox 2372 3164 2679 3237; x_wconf 78' lang='grc' dir='ltr'>εὐρύχωρον</span> <span class='ocrx_word' id='word_1_443' title='bbox 2704 3165 2803 3235; x_wconf 87' lang='grc' dir='ltr'><strong>τῆς</strong></span> <span class='ocrx_word' id='word_1_444' title='bbox 2833 3165 3103 3228; x_wconf 84' lang='grc' dir='ltr'>ἀπωλείας</span> <span class='ocrx_word' id='word_1_445' title='bbox 3134 3165 3249 3217; x_wconf 80' lang='grc' dir='ltr'>ὁδὸν</span> <span class='ocrx_word' id='word_1_446' title='bbox 3284 3164 3609 3235; x_wconf 73' lang='grc' dir='ltr'>βαδίζοντες,</span> <span class='ocrx_word' id='word_1_447' title='bbox 3640 3164 3734 3216; x_wconf 82' lang='grc' dir='ltr'><strong>καὶ</strong></span> 
     </span>
    </p>
   </div>
   <div class='ocr_carea' id='block_1_62' title="bbox 494 3252 2061 3329">
    <p class='ocr_par' dir='ltr' id='par_1_62' title="bbox 494 3252 2061 3329">
     <span class='ocr_line' id='line_1_62' title="bbox 494 3252 2061 3329; baseline -0.003 -16"><span class='ocrx_word' id='word_1_448' title='bbox 494 3259 614 3316; x_wconf 88' lang='lat' dir='ltr'><strong>loco</strong></span> <span class='ocrx_word' id='word_1_449' title='bbox 655 3261 720 3315; x_wconf 90' lang='lat' dir='ltr'><strong>de</strong></span> <span class='ocrx_word' id='word_1_450' title='bbox 760 3261 863 3313; x_wconf 90' lang='lat' dir='ltr'><strong>viis</strong></span> <span class='ocrx_word' id='word_1_451' title='bbox 894 3260 1237 3329; x_wconf 68' lang='lat' dir='ltr'><strong>smpibusque</strong></span> <span class='ocrx_word' id='word_1_452' title='bbox 1281 3256 1491 3319; x_wconf 84' lang='lat' dir='ltr'><strong>vocati,</strong></span> <span class='ocrx_word' id='word_1_453' title='bbox 1537 3257 1729 3309; x_wconf 65' lang='lat' dir='ltr'><strong>animm</strong></span> <span class='ocrx_word' id='word_1_454' title='bbox 1778 3254 1828 3307; x_wconf 91' lang='lat' dir='ltr'><strong>in</strong></span> <span class='ocrx_word' id='word_1_455' title='bbox 1879 3252 2061 3308; x_wconf 83' lang='lat' dir='ltr'><strong>inferis</strong></span> 
     </span>
    </p>
   </div>
   <div class='ocr_carea' id='block_1_63' title="bbox 2165 3252 3732 3329">
    <p class='ocr_par' dir='ltr' id='par_1_63' title="bbox 2167 3252 3732 3327">
     <span class='ocr_line' id='line_1_63' title="bbox 2167 3252 3732 3327; baseline 0 -18"><span class='ocrx_word' id='word_1_456' title='bbox 2167 3256 2406 3327; x_wconf 79' lang='grc' dir='ltr'>βιοῦντες</span> <span class='ocrx_word' id='word_1_457' title='bbox 2432 3258 2556 3310; x_wconf 81' lang='grc' dir='ltr'>ἄνευ</span> <span class='ocrx_word' id='word_1_458' title='bbox 2591 3256 2811 3327; x_wconf 81' lang='grc' dir='ltr'>διδαχῆς</span> <span class='ocrx_word' id='word_1_459' title='bbox 2838 3256 2931 3310; x_wconf 74' lang='grc' dir='ltr'><strong>καὶ</strong></span> <span class='ocrx_word' id='word_1_460' title='bbox 2962 3256 3276 3326; x_wconf 87' lang='grc' dir='ltr'>δογμάτων·</span> <span class='ocrx_word' id='word_1_461' title='bbox 3319 3256 3377 3307; x_wconf 81' lang='grc' dir='ltr'>ἐν</span> <span class='ocrx_word' id='word_1_462' title='bbox 3422 3254 3477 3307; x_wconf 85' lang='grc' dir='ltr'>δὲ</span> <span class='ocrx_word' id='word_1_463' title='bbox 3510 3252 3732 3322; x_wconf 73' lang='grc' dir='ltr'>ῥύμαις.</span> 
     </span>
    </p>
   </div>
   <div class='ocr_carea' id='block_1_64' title="bbox 494 3345 2061 3419">
    <p class='ocr_par' dir='ltr' id='par_1_64' title="bbox 494 3345 2061 3413">
     <span class='ocr_line' id='line_1_64' title="bbox 494 3345 2061 3413; baseline -0.006 -6"><span class='ocrx_word' id='word_1_464' title='bbox 494 3354 746 3407; x_wconf 66' lang='lat' dir='ltr'><strong>detentae.</strong></span> <span class='ocrx_word' id='word_1_465' title='bbox 812 3352 975 3405; x_wconf 80' lang='lat' dir='ltr'><strong>Multa</strong></span> <span class='ocrx_word' id='word_1_466' title='bbox 1042 3351 1187 3405; x_wconf 88' lang='lat' dir='ltr'><strong>enim</strong></span> <span class='ocrx_word' id='word_1_467' title='bbox 1249 3356 1374 3404; x_wconf 86' lang='lat' dir='ltr'><strong>sunt</strong></span> <span class='ocrx_word' id='word_1_468' title='bbox 1417 3348 1661 3402; x_wconf 46' lang='lat' dir='ltr'><strong>illarum:</strong></span> <span class='ocrx_word' id='word_1_469' title='bbox 1708 3345 1899 3399; x_wconf 74' lang='lat' dir='ltr'><strong>itinera</strong></span> <span class='ocrx_word' id='word_1_470' title='bbox 1944 3358 2061 3413; x_wconf 75' lang='lat' dir='ltr'><strong>quae</strong></span> 
     </span>
    </p>
   </div>
   <div class='ocr_carea' id='block_1_65' title="bbox 2163 3345 3730 3419">
    <p class='ocr_par' dir='ltr' id='par_1_65' title="bbox 2163 3346 3730 3419">
     <span class='ocr_line' id='line_1_65' title="bbox 2163 3346 3730 3419; baseline -0.003 -17"><span class='ocrx_word' id='word_1_471' title='bbox 2163 3350 2213 3402; x_wconf 79' lang='lat' dir='ltr'><strong>oi</strong></span> <span class='ocrx_word' id='word_1_472' title='bbox 2264 3348 2637 3412; x_wconf 77' lang='grc' dir='ltr'>συστέλλοντες</span> <span class='ocrx_word' id='word_1_473' title='bbox 2674 3348 2769 3419; x_wconf 84' lang='grc' dir='ltr'>τὴν</span> <span class='ocrx_word' id='word_1_474' title='bbox 2819 3349 3015 3402; x_wconf 86' lang='grc' dir='ltr'>κακίαν</span> <span class='ocrx_word' id='word_1_475' title='bbox 3055 3349 3143 3419; x_wconf 79' lang='grc' dir='ltr'>οἵᾳ</span> <span class='ocrx_word' id='word_1_476' title='bbox 3182 3348 3381 3418; x_wconf 88' lang='grc' dir='ltr'>δήποτε</span> <span class='ocrx_word' id='word_1_477' title='bbox 3432 3346 3730 3417; x_wconf 79' lang='grc' dir='ltr'>προφάσει·</span> 
     </span>
    </p>
   </div>
   <div class='ocr_carea' id='block_1_66' title="bbox 494 3437 2061 3512">
    <p class='ocr_par' dir='ltr' id='par_1_66' title="bbox 494 3437 2061 3512">
     <span class='ocr_line' id='line_1_66' title="bbox 494 3437 2061 3512; baseline -0.006 -12"><span class='ocrx_word' id='word_1_478' title='bbox 494 3447 622 3500; x_wconf 88' lang='lat' dir='ltr'><strong>hinc</strong></span> <span class='ocrx_word' id='word_1_479' title='bbox 685 3446 883 3498; x_wconf 87' lang='lat' dir='ltr'><strong>abeunt</strong></span> <span class='ocrx_word' id='word_1_480' title='bbox 938 3443 1134 3512; x_wconf 87' lang='lat' dir='ltr'><strong>quibus</strong></span> <span class='ocrx_word' id='word_1_481' title='bbox 1184 3451 1305 3511; x_wconf 88' lang='lat' dir='ltr'><strong>post</strong></span> <span class='ocrx_word' id='word_1_482' title='bbox 1377 3439 1620 3510; x_wconf 78' lang='lat' dir='ltr'><strong>corporis</strong></span> <span class='ocrx_word' id='word_1_483' title='bbox 1677 3437 2061 3508; x_wconf 89' lang='lat' dir='ltr'><strong>depositionem</strong></span> 
     </span>
    </p>
   </div>
   <div class='ocr_carea' id='block_1_67' title="bbox 2164 3437 3731 3512">
    <p class='ocr_par' dir='ltr' id='par_1_67' title="bbox 2164 3439 3731 3510">
     <span class='ocr_line' id='line_1_67' title="bbox 2164 3439 3731 3510; baseline -0.001 -17"><span class='ocrx_word' id='word_1_484' title='bbox 2164 3442 2212 3493; x_wconf 83' lang='grc' dir='ltr'>οἱ</span> <span class='ocrx_word' id='word_1_485' title='bbox 2237 3442 2291 3493; x_wconf 82' lang='grc' dir='ltr'>δὲ</span> <span class='ocrx_word' id='word_1_486' title='bbox 2322 3440 2516 3502; x_wconf 78' lang='grc' dir='ltr'>λοιποὶ,</span> <span class='ocrx_word' id='word_1_487' title='bbox 2563 3443 2610 3493; x_wconf 82' lang='grc' dir='ltr'>οἱ</span> <span class='ocrx_word' id='word_1_488' title='bbox 2648 3440 2706 3506; x_wconf 83' lang='grc' dir='ltr'><strong>ἐξ</strong></span> <span class='ocrx_word' id='word_1_489' title='bbox 2739 3442 2979 3510; x_wconf 75' lang='grc' dir='ltr'>ἐσχάτων</span> <span class='ocrx_word' id='word_1_490' title='bbox 3014 3441 3121 3494; x_wconf 83' lang='grc' dir='ltr'><strong>ἀπὸ</strong></span> <span class='ocrx_word' id='word_1_491' title='bbox 3158 3439 3266 3492; x_wconf 91' lang='grc' dir='ltr'><strong>τῶν</strong></span> <span class='ocrx_word' id='word_1_492' title='bbox 3302 3439 3437 3492; x_wconf 86' lang='grc' dir='ltr'>ὁδῶν</span> <span class='ocrx_word' id='word_1_493' title='bbox 3466 3439 3560 3492; x_wconf 75' lang='grc' dir='ltr'><strong>καὶ</strong></span> <span class='ocrx_word' id='word_1_494' title='bbox 3590 3454 3731 3509; x_wconf 83' lang='grc' dir='ltr'>φρα-</span> 
     </span>
    </p>
   </div>
   <div class='ocr_carea' id='block_1_68' title="bbox 494 3530 2061 3604">
    <p class='ocr_par' dir='ltr' id='par_1_68' title="bbox 494 3530 2061 3604">
     <span class='ocr_line' id='line_1_68' title="bbox 494 3530 2061 3604; baseline -0.004 -16"><span class='ocrx_word' id='word_1_495' title='bbox 494 3538 808 3604; x_wconf 64' lang='lat' dir='ltr'><strong>praedicavit</strong></span> <span class='ocrx_word' id='word_1_496' title='bbox 855 3534 1133 3588; x_wconf 85' lang='lat' dir='ltr'><strong>Servatur.</strong></span> <span class='ocrx_word' id='word_1_497' title='bbox 1165 3533 1468 3587; x_wconf 86' lang='lat' dir='ltr'><strong>Clementer</strong></span> <span class='ocrx_word' id='word_1_498' title='bbox 1515 3546 1642 3585; x_wconf 89' lang='lat' dir='ltr'><strong>vero</strong></span> <span class='ocrx_word' id='word_1_499' title='bbox 1672 3530 1736 3584; x_wconf 88' lang='lat' dir='ltr'><strong>iis</strong></span> <span class='ocrx_word' id='word_1_500' title='bbox 1766 3531 1929 3583; x_wconf 79' lang='lat' dir='ltr'><strong>etiam</strong></span> <span class='ocrx_word' id='word_1_501' title='bbox 1969 3543 2061 3582; x_wconf 92' lang='lat' dir='ltr'><strong>ne-</strong></span> 
     </span>
    </p>
   </div>
   <div class='ocr_carea' id='block_1_69' title="bbox 2166 3530 3733 3604">
    <p class='ocr_par' dir='ltr' id='par_1_69' title="bbox 2166 3530 3733 3604">
     <span class='ocr_line' id='line_1_69' title="bbox 2166 3530 3733 3604; baseline -0.002 -20"><span class='ocrx_word' id='word_1_502' title='bbox 2166 3532 2320 3603; x_wconf 81' lang='grc' dir='ltr'>γμῶν</span> <span class='ocrx_word' id='word_1_503' title='bbox 2363 3532 2681 3603; x_wconf 86' lang='grc' dir='ltr'>καλούμενοι</span> <span class='ocrx_word' id='word_1_504' title='bbox 2726 3534 2920 3604; x_wconf 86' lang='grc' dir='ltr'>τρίτοι,</span> <span class='ocrx_word' id='word_1_505' title='bbox 2954 3533 3010 3587; x_wconf 88' lang='grc' dir='ltr'>αἰ</span> <span class='ocrx_word' id='word_1_506' title='bbox 3056 3534 3112 3584; x_wconf 85' lang='grc' dir='ltr'>ὲν</span> <span class='ocrx_word' id='word_1_507' title='bbox 3145 3532 3269 3602; x_wconf 77' lang='grc' dir='ltr'>ᾇδου</span> <span class='ocrx_word' id='word_1_508' title='bbox 3308 3531 3496 3601; x_wconf 74' lang='grc' dir='ltr'>ψυχαί·</span> <span class='ocrx_word' id='word_1_509' title='bbox 3543 3530 3733 3583; x_wconf 86' lang='grc' dir='ltr'>πολλαὶ</span> 
     </span>
    </p>
   </div>
   <div class='ocr_carea' id='block_1_70' title="bbox 494 3618 2061 3697">
    <p class='ocr_par' dir='ltr' id='par_1_70' title="bbox 494 3618 2061 3691">
     <span class='ocr_line' id='line_1_70' title="bbox 494 3618 2061 3691; baseline -0.003 -14"><span class='ocrx_word' id='word_1_510' title='bbox 494 3624 801 3677; x_wconf 86' lang='lat' dir='ltr'><strong>cessitatem</strong></span> <span class='ocrx_word' id='word_1_511' title='bbox 832 3623 1082 3691; x_wconf 89' lang='lat' dir='ltr'><strong>imponit,</strong></span> <span class='ocrx_word' id='word_1_512' title='bbox 1108 3623 1197 3691; x_wconf 90' lang='lat' dir='ltr'><strong>qui</strong></span> <span class='ocrx_word' id='word_1_513' title='bbox 1231 3622 1463 3675; x_wconf 90' lang='lat' dir='ltr'><strong>nondum</strong></span> <span class='ocrx_word' id='word_1_514' title='bbox 1508 3635 1602 3675; x_wconf 82' lang='lat' dir='ltr'><strong>sua</strong></span> <span class='ocrx_word' id='word_1_515' title='bbox 1643 3618 1916 3673; x_wconf 84' lang='lat' dir='ltr'><strong>voluntate</strong></span> <span class='ocrx_word' id='word_1_516' title='bbox 1956 3632 2061 3672; x_wconf 90' lang='lat' dir='ltr'><strong>mo-</strong></span> 
     </span>
    </p>
   </div>
   <div class='ocr_carea' id='block_1_71' title="bbox 2164 3618 3731 3697">
    <p class='ocr_par' dir='ltr' id='par_1_71' title="bbox 2164 3620 3731 3697">
     <span class='ocr_line' id='line_1_71' title="bbox 2164 3620 3731 3697; baseline 0 -19"><span class='ocrx_word' id='word_1_517' title='bbox 2164 3625 2271 3697; x_wconf 90' lang='grc' dir='ltr'><strong>γάρ</strong></span> <span class='ocrx_word' id='word_1_518' title='bbox 2310 3626 2418 3679; x_wconf 73' lang='grc' dir='ltr'>ὁδοὶ</span> <span class='ocrx_word' id='word_1_519' title='bbox 2464 3628 2571 3679; x_wconf 91' lang='grc' dir='ltr'><strong>τῶν</strong></span> <span class='ocrx_word' id='word_1_520' title='bbox 2606 3624 2928 3690; x_wconf 77' lang='grc' dir='ltr'>ἐξελθόντων</span> <span class='ocrx_word' id='word_1_521' title='bbox 2968 3627 3058 3680; x_wconf 80' lang='grc' dir='ltr'>τὸν</span> <span class='ocrx_word' id='word_1_522' title='bbox 3094 3626 3206 3697; x_wconf 83' lang='grc' dir='ltr'>βίον</span> <span class='ocrx_word' id='word_1_523' title='bbox 3238 3625 3443 3679; x_wconf 81' lang='grc' dir='ltr'>τοῦτον·</span> <span class='ocrx_word' id='word_1_524' title='bbox 3479 3620 3568 3688; x_wconf 78' lang='grc' dir='ltr'>αἷς</span> <span class='ocrx_word' id='word_1_525' title='bbox 3601 3627 3731 3696; x_wconf 70' lang='grc' dir='ltr'>ὲκήο</span> 
     </span>
    </p>
   </div>
   <div class='ocr_carea' id='block_1_72' title="bbox 493 3712 2060 3788">
    <p class='ocr_par' dir='ltr' id='par_1_72' title="bbox 493 3712 2060 3782">
     <span class='ocr_line' id='line_1_72' title="bbox 493 3712 2060 3782; baseline -0.001 -17"><span class='ocrx_word' id='word_1_526' title='bbox 493 3724 711 3768; x_wconf 87' lang='lat' dir='ltr'><strong>ventur.</strong></span> <span class='ocrx_word' id='word_1_527' title='bbox 740 3713 892 3768; x_wconf 83' lang='lat' dir='ltr'><strong>Talis</strong></span> <span class='ocrx_word' id='word_1_528' title='bbox 926 3723 1007 3768; x_wconf 91' lang='lat' dir='ltr'><strong>est</strong></span> <span class='ocrx_word' id='word_1_529' title='bbox 1030 3729 1183 3768; x_wconf 61' lang='lat' dir='ltr'><strong>coena</strong></span> <span class='ocrx_word' id='word_1_530' title='bbox 1214 3728 1334 3782; x_wconf 76' lang='lat' dir='ltr'><strong>qua:</strong></span> <span class='ocrx_word' id='word_1_531' title='bbox 1371 3713 1457 3767; x_wconf 90' lang='lat' dir='ltr'><strong>hic</strong></span> <span class='ocrx_word' id='word_1_532' title='bbox 1485 3712 1724 3766; x_wconf 90' lang='lat' dir='ltr'><strong>invitatis</strong></span> <span class='ocrx_word' id='word_1_533' title='bbox 1750 3720 1932 3780; x_wconf 87' lang='lat' dir='ltr'><strong>parata</strong></span> <span class='ocrx_word' id='word_1_534' title='bbox 1956 3721 2060 3766; x_wconf 87' lang='lat' dir='ltr'><strong>est.</strong></span> 
     </span>
    </p>
   </div>
   <div class='ocr_carea' id='block_1_73' title="bbox 2164 3712 3731 3788">
    <p class='ocr_par' dir='ltr' id='par_1_73' title="bbox 2167 3716 3731 3788">
     <span class='ocr_line' id='line_1_73' title="bbox 2167 3716 3731 3788; baseline -0.002 -17"><span class='ocrx_word' id='word_1_535' title='bbox 2167 3718 2291 3788; x_wconf 81' lang='grc' dir='ltr'>ρυξε</span> <span class='ocrx_word' id='word_1_536' title='bbox 2325 3717 2461 3788; x_wconf 83' lang='grc' dir='ltr'>μετὰ</span> <span class='ocrx_word' id='word_1_537' title='bbox 2493 3718 2590 3788; x_wconf 80' lang='grc' dir='ltr'>τὴν</span> <span class='ocrx_word' id='word_1_538' title='bbox 2621 3717 2880 3771; x_wconf 85' lang='grc' dir='ltr'>ἀπόθεσιν</span> <span class='ocrx_word' id='word_1_539' title='bbox 2907 3717 3002 3771; x_wconf 78' lang='grc' dir='ltr'>τοῦ</span> <span class='ocrx_word' id='word_1_540' title='bbox 3039 3716 3287 3788; x_wconf 87' lang='grc' dir='ltr'>σώματος</span> <span class='ocrx_word' id='word_1_541' title='bbox 3318 3720 3347 3771; x_wconf 90' lang='grc' dir='ltr'>ὁ</span> <span class='ocrx_word' id='word_1_542' title='bbox 3387 3718 3577 3788; x_wconf 85' lang='grc' dir='ltr'>Σωτήρ</span> <span class='ocrx_word' id='word_1_543' title='bbox 3596 3734 3609 3745; x_wconf 92' lang='grc'><strong>·</strong></span> <span class='ocrx_word' id='word_1_544' title='bbox 3649 3734 3731 3785; x_wconf 87' lang='grc' dir='ltr'><strong>φι-</strong></span> 
     </span>
    </p>
   </div>
   <div class='ocr_carea' id='block_1_74' title="bbox 495 3805 2062 3882">
    <p class='ocr_par' dir='ltr' id='par_1_74' title="bbox 495 3805 2062 3873">
     <span class='ocr_line' id='line_1_74' title="bbox 495 3805 2062 3873; baseline -0.001 -14"><span class='ocrx_word' id='word_1_545' title='bbox 495 3805 655 3861; x_wconf 87' lang='lat' dir='ltr'><strong>Tales</strong></span> <span class='ocrx_word' id='word_1_546' title='bbox 682 3807 842 3861; x_wconf 89' lang='lat' dir='ltr'><strong>etiam</strong></span> <span class='ocrx_word' id='word_1_547' title='bbox 884 3806 1083 3869; x_wconf 86' lang='lat' dir='ltr'><strong>vocati,</strong></span> <span class='ocrx_word' id='word_1_548' title='bbox 1113 3821 1343 3873; x_wconf 91' lang='lat' dir='ltr'><strong>quorum</strong></span> <span class='ocrx_word' id='word_1_549' title='bbox 1394 3805 1483 3859; x_wconf 87' lang='lat' dir='ltr'><strong>alii</strong></span> <span class='ocrx_word' id='word_1_550' title='bbox 1514 3816 1883 3867; x_wconf 88' lang='lat' dir='ltr'><strong>contumaces,</strong></span> <span class='ocrx_word' id='word_1_551' title='bbox 1916 3805 2062 3858; x_wconf 89' lang='lat' dir='ltr'><strong>ideo-</strong></span> 
     </span>
    </p>
   </div>
   <div class='ocr_carea' id='block_1_75' title="bbox 2158 3805 3725 3882">
    <p class='ocr_par' dir='ltr' id='par_1_75' title="bbox 2164 3808 3725 3882">
     <span class='ocr_line' id='line_1_75' title="bbox 2164 3808 3725 3882; baseline -0.003 -18"><span class='ocrx_word' id='word_1_552' title='bbox 2164 3810 2498 3882; x_wconf 82' lang='grc' dir='ltr'>λανθρῶπως</span> <span class='ocrx_word' id='word_1_553' title='bbox 2533 3811 2577 3863; x_wconf 81' lang='grc' dir='ltr'>δ’</span> <span class='ocrx_word' id='word_1_554' title='bbox 2619 3810 2865 3881; x_wconf 89' lang='grc' dir='ltr'>ἀνάγκην</span> <span class='ocrx_word' id='word_1_555' title='bbox 2898 3811 3161 3881; x_wconf 86' lang='grc' dir='ltr'>προσάγει</span> <span class='ocrx_word' id='word_1_556' title='bbox 3190 3813 3303 3873; x_wconf 87' lang='grc' dir='ltr'>τοῖς</span> <span class='ocrx_word' id='word_1_557' title='bbox 3334 3809 3516 3863; x_wconf 78' lang='grc' dir='ltr'>οὐκέτι</span> <span class='ocrx_word' id='word_1_558' title='bbox 3545 3808 3725 3874; x_wconf 76' lang='grc' dir='ltr'>αὐτεξ-</span> 
     </span>
    </p>
   </div>
   <div class='ocr_carea' id='block_1_76' title="bbox 493 3894 2060 3975">
    <p class='ocr_par' dir='ltr' id='par_1_76' title="bbox 493 3896 2060 3971">
     <span class='ocr_line' id='line_1_76' title="bbox 493 3896 2060 3971; baseline -0.001 -17"><span class='ocrx_word' id='word_1_559' title='bbox 493 3915 597 3969; x_wconf 87' lang='lat' dir='ltr'><strong>que</strong></span> <span class='ocrx_word' id='word_1_560' title='bbox 622 3899 829 3971; x_wconf 80' lang='lat' dir='ltr'><strong>jejuni;</strong></span> <span class='ocrx_word' id='word_1_561' title='bbox 860 3899 947 3953; x_wconf 87' lang='lat' dir='ltr'><strong>alii</strong></span> <span class='ocrx_word' id='word_1_562' title='bbox 981 3899 1254 3969; x_wconf 79' lang='lat' dir='ltr'><strong>morigeri,</strong></span> <span class='ocrx_word' id='word_1_563' title='bbox 1286 3898 1514 3966; x_wconf 86' lang='lat' dir='ltr'><strong>ideoque</strong></span> <span class='ocrx_word' id='word_1_564' title='bbox 1561 3897 1803 3951; x_wconf 85' lang='lat' dir='ltr'><strong>admissi.</strong></span> <span class='ocrx_word' id='word_1_565' title='bbox 1829 3896 1905 3950; x_wconf 85' lang='lat' dir='ltr'><strong>Tu</strong></span> <span class='ocrx_word' id='word_1_566' title='bbox 1933 3912 2060 3952; x_wconf 90' lang='lat' dir='ltr'><strong>vero</strong></span> 
     </span>
    </p>
   </div>
   <div class='ocr_carea' id='block_1_77' title="bbox 2179 3894 3746 3975">
    <p class='ocr_par' dir='ltr' id='par_1_77' title="bbox 2179 3894 3746 3975">
     <span class='ocr_line' id='line_1_77' title="bbox 2179 3894 3746 3975; baseline -0.004 -18"><span class='ocrx_word' id='word_1_567' title='bbox 2179 3905 2385 3967; x_wconf 62' lang='grc' dir='ltr'>συσίοις.</span> <span class='ocrx_word' id='word_1_568' title='bbox 2420 3903 2669 3959; x_wconf 75' lang='grc' dir='ltr'>Τοιοῦτον</span> <span class='ocrx_word' id='word_1_569' title='bbox 2706 3906 2802 3974; x_wconf 86' lang='grc' dir='ltr'><strong>μὲν</strong></span> <span class='ocrx_word' id='word_1_570' title='bbox 2831 3904 2894 3975; x_wconf 85' lang='grc' dir='ltr'>δὴ</span> <span class='ocrx_word' id='word_1_571' title='bbox 2940 3904 2999 3958; x_wconf 81' lang='grc' dir='ltr'><strong>τὸ</strong></span> <span class='ocrx_word' id='word_1_572' title='bbox 3034 3904 3267 3963; x_wconf 87' lang='grc' dir='ltr'>δεῖπνον,</span> <span class='ocrx_word' id='word_1_573' title='bbox 3309 3904 3447 3973; x_wconf 81' lang='grc' dir='ltr'>ὅπερ</span> <span class='ocrx_word' id='word_1_574' title='bbox 3501 3894 3746 3954; x_wconf 79' lang='grc' dir='ltr'>ἐνταῦθα’</span> 
     </span>
    </p>
   </div>
   <div class='ocr_carea' id='block_1_78' title="bbox 494 3988 2061 4068">
    <p class='ocr_par' dir='ltr' id='par_1_78' title="bbox 494 3988 2061 4059">
     <span class='ocr_line' id='line_1_78' title="bbox 494 3988 2061 4059; baseline -0.001 -13"><span class='ocrx_word' id='word_1_575' title='bbox 494 3991 621 4046; x_wconf 90' lang='lat' dir='ltr'><strong>mihi</strong></span> <span class='ocrx_word' id='word_1_576' title='bbox 648 3994 772 4046; x_wconf 88' lang='lat' dir='ltr'><strong>hinc</strong></span> <span class='ocrx_word' id='word_1_577' title='bbox 800 4001 1032 4046; x_wconf 88' lang='lat' dir='ltr'><strong>mentem</strong></span> <span class='ocrx_word' id='word_1_578' title='bbox 1064 3991 1314 4053; x_wconf 78' lang='lat' dir='ltr'><strong>transfer,</strong></span> <span class='ocrx_word' id='word_1_579' title='bbox 1334 4000 1442 4046; x_wconf 90' lang='lat' dir='ltr'><strong>etc.</strong></span> <span class='ocrx_word' id='word_1_580' title='bbox 1476 3988 1621 4044; x_wconf 87' lang='lat' dir='ltr'><strong>Beati</strong></span> <span class='ocrx_word' id='word_1_581' title='bbox 1650 4005 1778 4059; x_wconf 81' lang='lat' dir='ltr'><strong>ergo</strong></span> <span class='ocrx_word' id='word_1_582' title='bbox 1798 3990 1887 4058; x_wconf 90' lang='lat' dir='ltr'><strong>qui</strong></span> <span class='ocrx_word' id='word_1_583' title='bbox 1919 4005 2061 4044; x_wconf 91' lang='lat' dir='ltr'><strong>nunc</strong></span> 
     </span>
    </p>
   </div>
   <div class='ocr_carea' id='block_1_79' title="bbox 2162 3988 3729 4068">
    <p class='ocr_par' dir='ltr' id='par_1_79' title="bbox 2162 3996 3729 4068">
     <span class='ocr_line' id='line_1_79' title="bbox 2162 3996 3729 4068; baseline -0.002 -19"><span class='ocrx_word' id='word_1_584' title='bbox 2162 4000 2273 4060; x_wconf 83' lang='grc' dir='ltr'>τοῖς</span> <span class='ocrx_word' id='word_1_585' title='bbox 2300 3997 2613 4067; x_wconf 86' lang='grc' dir='ltr'>δαιτυμόσιν</span> <span class='ocrx_word' id='word_1_586' title='bbox 2643 3998 2985 4068; x_wconf 81' lang='grc' dir='ltr'>ἡτοίμασται·</span> <span class='ocrx_word' id='word_1_587' title='bbox 3016 3997 3109 4051; x_wconf 77' lang='grc' dir='ltr'>καὶ</span> <span class='ocrx_word' id='word_1_588' title='bbox 3138 3996 3367 4050; x_wconf 81' lang='grc' dir='ltr'>τοιοῦτοί</span> <span class='ocrx_word' id='word_1_589' title='bbox 3392 4012 3535 4058; x_wconf 88' lang='grc' dir='ltr'>τινες</span> <span class='ocrx_word' id='word_1_590' title='bbox 3554 3996 3604 4047; x_wconf 78' lang='grc' dir='ltr'>οἱ</span> <span class='ocrx_word' id='word_1_591' title='bbox 3635 4011 3729 4047; x_wconf 83' lang='grc' dir='ltr'>κα·-</span> 
     </span>
    </p>
   </div>
   <div class='ocr_carea' id='block_1_80' title="bbox 494 4083 2061 4160">
    <p class='ocr_par' dir='ltr' id='par_1_80' title="bbox 494 4083 2061 4152">
     <span class='ocr_line' id='line_1_80' title="bbox 494 4083 2061 4152; baseline -0.001 -14"><span class='ocrx_word' id='word_1_592' title='bbox 494 4085 742 4139; x_wconf 83' lang='lat' dir='ltr'><strong>esuriunt</strong></span> <span class='ocrx_word' id='word_1_593' title='bbox 789 4094 843 4138; x_wconf 92' lang='lat' dir='ltr'><strong>et</strong></span> <span class='ocrx_word' id='word_1_594' title='bbox 874 4085 1063 4138; x_wconf 88' lang='lat' dir='ltr'><strong>sitiunt</strong></span> <span class='ocrx_word' id='word_1_595' title='bbox 1103 4084 1389 4151; x_wconf 82' lang='lat' dir='ltr'><strong>justitiam,</strong></span> <span class='ocrx_word' id='word_1_596' title='bbox 1421 4083 1543 4152; x_wconf 91' lang='lat' dir='ltr'><strong>quia</strong></span> <span class='ocrx_word' id='word_1_597' title='bbox 1576 4091 1700 4137; x_wconf 92' lang='lat' dir='ltr'><strong>tunc</strong></span> <span class='ocrx_word' id='word_1_598' title='bbox 1736 4084 2061 4137; x_wconf 89' lang='lat' dir='ltr'><strong>saturabun-</strong></span> 
     </span>
    </p>
   </div>
   <div class='ocr_carea' id='block_1_81' title="bbox 2160 4083 3727 4160">
    <p class='ocr_par' dir='ltr' id='par_1_81' title="bbox 2162 4086 3727 4160">
     <span class='ocr_line' id='line_1_81' title="bbox 2162 4086 3727 4160; baseline -0.003 -19"><span class='ocrx_word' id='word_1_599' title='bbox 2162 4088 2429 4158; x_wconf 89' lang='grc' dir='ltr'>λούμενοι,</span> <span class='ocrx_word' id='word_1_600' title='bbox 2454 4090 2500 4141; x_wconf 89' lang='grc' dir='ltr'><strong>οί</strong></span> <span class='ocrx_word' id='word_1_601' title='bbox 2531 4090 2627 4160; x_wconf 84' lang='grc' dir='ltr'><strong>μὲν</strong></span> <span class='ocrx_word' id='word_1_602' title='bbox 2657 4089 2921 4153; x_wconf 84' lang='grc' dir='ltr'>ἀπειθεῖς,</span> <span class='ocrx_word' id='word_1_603' title='bbox 2950 4091 3044 4141; x_wconf 72' lang='grc' dir='ltr'>καὶ</span> <span class='ocrx_word' id='word_1_604' title='bbox 3071 4090 3158 4142; x_wconf 78' lang='grc' dir='ltr'><strong>διὰ</strong></span> <span class='ocrx_word' id='word_1_605' title='bbox 3189 4088 3346 4141; x_wconf 75' lang='grc' dir='ltr'>τοῦτο</span> <span class='ocrx_word' id='word_1_606' title='bbox 3372 4086 3727 4157; x_wconf 80' lang='grc' dir='ltr'>ἀπομένοντες</span> 
     </span>
    </p>
   </div>
   <div class='ocr_carea' id='block_1_82' title="bbox 495 4174 2062 4252">
    <p class='ocr_par' dir='ltr' id='par_1_82' title="bbox 495 4174 2060 4245">
     <span class='ocr_line' id='line_1_82' title="bbox 495 4174 2060 4245; baseline -0.001 -15"><span class='ocrx_word' id='word_1_607' title='bbox 495 4186 602 4241; x_wconf 89' lang='lat' dir='ltr'><strong>tur,</strong></span> <span class='ocrx_word' id='word_1_608' title='bbox 634 4191 786 4231; x_wconf 69' lang='lat' dir='ltr'><strong>caena</strong></span> <span class='ocrx_word' id='word_1_609' title='bbox 821 4175 965 4245; x_wconf 85' lang='lat' dir='ltr'><strong>regia</strong></span> <span class='ocrx_word' id='word_1_610' title='bbox 1011 4174 1314 4245; x_wconf 86' lang='lat' dir='ltr'><strong>epulantes,</strong></span> <span class='ocrx_word' id='word_1_611' title='bbox 1340 4184 1394 4229; x_wconf 89' lang='lat' dir='ltr'><strong>et</strong></span> <span class='ocrx_word' id='word_1_612' title='bbox 1429 4175 1554 4228; x_wconf 70' lang='lat' dir='ltr'><strong>vita:</strong></span> <span class='ocrx_word' id='word_1_613' title='bbox 1600 4188 1789 4243; x_wconf 86' lang='lat' dir='ltr'><strong>panem</strong></span> <span class='ocrx_word' id='word_1_614' title='bbox 1837 4176 2060 4243; x_wconf 83' lang='lat' dir='ltr'><strong>partici-</strong></span> 
     </span>
    </p>
   </div>
   <div class='ocr_carea' id='block_1_83' title="bbox 2159 4174 3726 4252">
    <p class='ocr_par' dir='ltr' id='par_1_83' title="bbox 2162 4180 3726 4252">
     <span class='ocr_line' id='line_1_83' title="bbox 2162 4180 3726 4252; baseline 0 -19"><span class='ocrx_word' id='word_1_615' title='bbox 2162 4180 2412 4249; x_wconf 78' lang='grc' dir='ltr'>ἄγευστοι</span> <span class='ocrx_word' id='word_1_616' title='bbox 2438 4197 2450 4210; x_wconf 97' lang='grc'><strong>·</strong></span> <span class='ocrx_word' id='word_1_617' title='bbox 2488 4184 2535 4233; x_wconf 88' lang='grc' dir='ltr'>οἱ</span> <span class='ocrx_word' id='word_1_618' title='bbox 2572 4181 2629 4233; x_wconf 83' lang='grc' dir='ltr'>δὲ</span> <span class='ocrx_word' id='word_1_619' title='bbox 2664 4181 2957 4244; x_wconf 79' lang='grc' dir='ltr'>εὐπειθεῖς,</span> <span class='ocrx_word' id='word_1_620' title='bbox 2988 4183 3081 4235; x_wconf 71' lang='grc' dir='ltr'>καὶ</span> <span class='ocrx_word' id='word_1_621' title='bbox 3112 4180 3198 4234; x_wconf 83' lang='grc' dir='ltr'>διὰ</span> <span class='ocrx_word' id='word_1_622' title='bbox 3227 4181 3384 4234; x_wconf 82' lang='grc' dir='ltr'>τοῦτο</span> <span class='ocrx_word' id='word_1_623' title='bbox 3414 4180 3726 4252; x_wconf 71' lang='grc' dir='ltr'>προλαμϐα-</span> 
     </span>
    </p>
   </div>
   <div class='ocr_carea' id='block_1_84' title="bbox 492 4266 2059 4345">
    <p class='ocr_par' dir='ltr' id='par_1_84' title="bbox 492 4266 2059 4336">
     <span class='ocr_line' id='line_1_84' title="bbox 492 4266 2059 4336; baseline 0 -15"><span class='ocrx_word' id='word_1_624' title='bbox 492 4278 702 4330; x_wconf 87' lang='lat' dir='ltr'><strong>pantes,</strong></span> <span class='ocrx_word' id='word_1_625' title='bbox 753 4270 982 4336; x_wconf 85' lang='lat' dir='ltr'><strong>novique</strong></span> <span class='ocrx_word' id='word_1_626' title='bbox 1027 4268 1214 4321; x_wconf 88' lang='lat' dir='ltr'><strong>calicis</strong></span> <span class='ocrx_word' id='word_1_627' title='bbox 1284 4266 1543 4320; x_wconf 69' lang='lat' dir='ltr'><strong>laetitiam.</strong></span> <span class='ocrx_word' id='word_1_628' title='bbox 1590 4266 1828 4333; x_wconf 83' lang='lat' dir='ltr'><strong>Quarum</strong></span> <span class='ocrx_word' id='word_1_629' title='bbox 1880 4282 2059 4322; x_wconf 90' lang='lat' dir='ltr'><strong>rerum</strong></span> 
     </span>
    </p>
   </div>
   <div class='ocr_carea' id='block_1_85' title="bbox 2155 4266 3722 4345">
    <p class='ocr_par' dir='ltr' id='par_1_85' title="bbox 2162 4271 3722 4345">
     <span class='ocr_line' id='line_1_85' title="bbox 2162 4271 3722 4345; baseline -0.003 -18"><span class='ocrx_word' id='word_1_630' title='bbox 2162 4274 2391 4345; x_wconf 89' lang='grc' dir='ltr'>νόμενοι.</span> <span class='ocrx_word' id='word_1_631' title='bbox 2428 4274 2499 4327; x_wconf 81' lang='grc' dir='ltr'><strong>Σὺ</strong></span> <span class='ocrx_word' id='word_1_632' title='bbox 2537 4274 2593 4327; x_wconf 86' lang='grc' dir='ltr'><em>δέ</em></span> <span class='ocrx_word' id='word_1_633' title='bbox 2630 4291 2719 4345; x_wconf 90' lang='grc' dir='ltr'><strong>μοι</strong></span> <span class='ocrx_word' id='word_1_634' title='bbox 2750 4271 2995 4327; x_wconf 79' lang='grc' dir='ltr'>ἐντεῦθεν</span> <span class='ocrx_word' id='word_1_635' title='bbox 3025 4272 3232 4344; x_wconf 75' lang='grc' dir='ltr'>μετάϐα</span> <span class='ocrx_word' id='word_1_636' title='bbox 3273 4276 3341 4344; x_wconf 78' lang='grc' dir='ltr'>τῇ</span> <span class='ocrx_word' id='word_1_637' title='bbox 3367 4272 3594 4344; x_wconf 78' lang='grc' dir='ltr'>διανοίᾳ,</span> <span class='ocrx_word' id='word_1_638' title='bbox 3622 4281 3722 4326; x_wconf 72' lang='grc' dir='ltr'>ου’.</span> 
     </span>
    </p>
   </div>
   <div class='ocr_carea' id='block_1_86' title="bbox 492 4356 2059 4435">
    <p class='ocr_par' dir='ltr' id='par_1_86' title="bbox 492 4356 2059 4429">
     <span class='ocr_line' id='line_1_86' title="bbox 492 4356 2059 4429; baseline 0 -17"><span class='ocrx_word' id='word_1_639' title='bbox 492 4360 731 4429; x_wconf 85' lang='lat' dir='ltr'><strong>symbola</strong></span> <span class='ocrx_word' id='word_1_640' title='bbox 784 4369 907 4412; x_wconf 91' lang='lat' dir='ltr'><strong>ante</strong></span> <span class='ocrx_word' id='word_1_641' title='bbox 965 4360 1272 4427; x_wconf 88' lang='lat' dir='ltr'><strong>passionem</strong></span> <span class='ocrx_word' id='word_1_642' title='bbox 1314 4374 1578 4427; x_wconf 87' lang='lat' dir='ltr'><strong>peragens</strong></span> <span class='ocrx_word' id='word_1_643' title='bbox 1607 4356 1902 4412; x_wconf 87' lang='lat' dir='ltr'><strong>Servator:</strong></span> <span class='ocrx_word' id='word_1_644' title='bbox 1938 4356 2059 4413; x_wconf 79' lang='lat' dir='ltr'><strong>Non</strong></span> 
     </span>
    </p>
   </div>
   <div class='ocr_carea' id='block_1_87' title="bbox 2157 4356 3724 4435">
    <p class='ocr_par' dir='ltr' id='par_1_87' title="bbox 2163 4362 3724 4435">
     <span class='ocr_line' id='line_1_87' title="bbox 2163 4362 3724 4435; baseline 0 -20"><span class='ocrx_word' id='word_1_645' title='bbox 2163 4364 2361 4433; x_wconf 81' lang='lat' dir='ltr'><strong>(utcol.</strong></span> <span class='ocrx_word' id='word_1_646' title='bbox 2379 4363 2528 4435; x_wconf 74' lang='lat'><strong>579.).</strong></span> <span class='ocrx_word' id='word_1_647' title='bbox 2547 4366 2822 4435; x_wconf 85' lang='grc' dir='ltr'>Μακάριοι</span> <span class='ocrx_word' id='word_1_648' title='bbox 2854 4364 3064 4432; x_wconf 81' lang='grc' dir='ltr'>γοῦνόί</span> <span class='ocrx_word' id='word_1_649' title='bbox 3092 4363 3185 4417; x_wconf 83' lang='grc' dir='ltr'>νῦν</span> <span class='ocrx_word' id='word_1_650' title='bbox 3218 4364 3505 4427; x_wconf 85' lang='grc' dir='ltr'>πεινῶντες</span> <span class='ocrx_word' id='word_1_651' title='bbox 3534 4364 3626 4417; x_wconf 81' lang='grc' dir='ltr'>καὶ</span> <span class='ocrx_word' id='word_1_652' title='bbox 3651 4362 3724 4415; x_wconf 88' lang='grc' dir='ltr'>δι-</span> 
     </span>
    </p>
   </div>
   <div class='ocr_carea' id='block_1_88' title="bbox 493 4448 2060 4528">
    <p class='ocr_par' dir='ltr' id='par_1_88' title="bbox 493 4448 2060 4519">
     <span class='ocr_line' id='line_1_88' title="bbox 493 4448 2060 4519; baseline 0.002 -19"><span class='ocrx_word' id='word_1_653' title='bbox 493 4448 686 4511; x_wconf 86' lang='lat' dir='ltr'><strong>bibam,</strong></span> <span class='ocrx_word' id='word_1_654' title='bbox 716 4450 906 4516; x_wconf 86' lang='lat' dir='ltr'><strong>inquit,</strong></span> <span class='ocrx_word' id='word_1_655' title='bbox 943 4450 1131 4501; x_wconf 88' lang='lat' dir='ltr'><strong>amodo</strong></span> <span class='ocrx_word' id='word_1_656' title='bbox 1163 4464 1229 4503; x_wconf 74' lang='lat' dir='ltr'><strong>ex</strong></span> <span class='ocrx_word' id='word_1_657' title='bbox 1254 4450 1352 4501; x_wconf 82' lang='lat' dir='ltr'><strong>hoc</strong></span> <span class='ocrx_word' id='word_1_658' title='bbox 1376 4450 1632 4517; x_wconf 83' lang='lat' dir='ltr'><strong>genimine</strong></span> <span class='ocrx_word' id='word_1_659' title='bbox 1669 4450 1791 4502; x_wconf 76' lang='lat' dir='ltr'><strong>vitis</strong></span> <span class='ocrx_word' id='word_1_660' title='bbox 1816 4465 1977 4519; x_wconf 78' lang='lat' dir='ltr'><strong>usque</strong></span> <span class='ocrx_word' id='word_1_661' title='bbox 2005 4451 2060 4503; x_wconf 79' lang='lat' dir='ltr'><strong>in</strong></span> 
     </span>
    </p>
   </div>
   <div class='ocr_carea' id='block_1_89' title="bbox 2158 4448 3725 4528">
    <p class='ocr_par' dir='ltr' id='par_1_89' title="bbox 2160 4454 3725 4528">
     <span class='ocr_line' id='line_1_89' title="bbox 2160 4454 3725 4528; baseline -0.001 -21"><span class='ocrx_word' id='word_1_662' title='bbox 2160 4454 2367 4523; x_wconf 75' lang='grc' dir='ltr'>ψῶντες</span> <span class='ocrx_word' id='word_1_663' title='bbox 2386 4457 2485 4526; x_wconf 77' lang='grc' dir='ltr'><strong>τὴν</strong></span> <span class='ocrx_word' id='word_1_664' title='bbox 2505 4457 2866 4527; x_wconf 85' lang='grc' dir='ltr'>δικαιοσύνην,</span> <span class='ocrx_word' id='word_1_665' title='bbox 2884 4459 2964 4511; x_wconf 73' lang='grc' dir='ltr'>ὅτι</span> <span class='ocrx_word' id='word_1_666' title='bbox 2989 4458 3106 4510; x_wconf 87' lang='grc' dir='ltr'>τότε</span> <span class='ocrx_word' id='word_1_667' title='bbox 3133 4456 3613 4528; x_wconf 82' lang='grc' dir='ltr'>χορτασθήσονται,</span> <span class='ocrx_word' id='word_1_668' title='bbox 3636 4454 3725 4507; x_wconf 82' lang='grc' dir='ltr'>τοῦ</span> 
     </span>
    </p>
   </div>
   <div class='ocr_carea' id='block_1_90' title="bbox 491 4518 2058 4618">
    <p class='ocr_par' dir='ltr' id='par_1_90' title="bbox 491 4518 2056 4608">
     <span class='ocr_line' id='line_1_90' title="bbox 491 4518 2056 4608; baseline 0.003 -17"><span class='ocrx_word' id='word_1_669' title='bbox 491 4541 627 4593; x_wconf 85' lang='lat' dir='ltr'><strong>diem</strong></span> <span class='ocrx_word' id='word_1_670' title='bbox 660 4540 832 4603; x_wconf 80' lang='lat' dir='ltr'><strong>illum,</strong></span> <span class='ocrx_word' id='word_1_671' title='bbox 864 4556 966 4608; x_wconf 84' lang='lat' dir='ltr'><strong>quo</strong></span> <span class='ocrx_word' id='word_1_672' title='bbox 995 4540 1128 4592; x_wconf 83' lang='lat' dir='ltr'><strong>illud</strong></span> <span class='ocrx_word' id='word_1_673' title='bbox 1163 4540 1424 4595; x_wconf 78' lang='lat' dir='ltr'><strong>vobiscum</strong></span> <span class='ocrx_word' id='word_1_674' title='bbox 1454 4556 1637 4593; x_wconf 80' lang='lat' dir='ltr'><strong>novum</strong></span> <span class='ocrx_word' id='word_1_675' title='bbox 1688 4541 1859 4596; x_wconf 81' lang='lat' dir='ltr'><strong>bibam</strong></span> <span class='ocrx_word' id='word_1_676' title='bbox 1890 4518 1945 4595; x_wconf 84' lang='lat' dir='ltr'><strong>in</strong></span> <span class='ocrx_word' id='word_1_677' title='bbox 1979 4559 2056 4596; x_wconf 74' lang='grc' dir='ltr'>τεο</span> 
     </span>
    </p>
   </div>
   <div class='ocr_carea' id='block_1_91' title="bbox 2159 4518 3726 4618">
    <p class='ocr_par' dir='ltr' id='par_1_91' title="bbox 2161 4518 3726 4618">
     <span class='ocr_line' id='line_1_91' title="bbox 2161 4518 3726 4618; baseline 0.003 -22"><span class='ocrx_word' id='word_1_678' title='bbox 2161 4518 2374 4598; x_wconf 81' lang='grc' dir='ltr'>δείπνου</span> <span class='ocrx_word' id='word_1_679' title='bbox 2402 4518 2493 4599; x_wconf 78' lang='grc' dir='ltr'>τοῦ</span> <span class='ocrx_word' id='word_1_680' title='bbox 2528 4518 2815 4617; x_wconf 45' lang='grc' dir='ltr'>βασιλικοῦ·</span> <span class='ocrx_word' id='word_1_681' title='bbox 2838 4518 3231 4618; x_wconf 57' lang='grc' dir='ltr'>ἐμφορούμενοι</span> <span class='ocrx_word' id='word_1_682' title='bbox 3264 4548 3357 4600; x_wconf 77' lang='grc' dir='ltr'><strong>καὶ</strong></span> <span class='ocrx_word' id='word_1_683' title='bbox 3387 4518 3726 4618; x_wconf 77' lang='grc' dir='ltr'>μεταλαμὸἀτ</span> 
     </span>
    </p>
   </div>
   <div class='ocr_carea' id='block_1_92' title="bbox 491 4629 2058 4711">
    <p class='ocr_par' dir='ltr' id='par_1_92' title="bbox 491 4629 2053 4702">
     <span class='ocr_line' id='line_1_92' title="bbox 491 4629 2053 4702; baseline 0.003 -17"><span class='ocrx_word' id='word_1_684' title='bbox 491 4648 591 4702; x_wconf 80' lang='lat' dir='ltr'><strong>gno</strong></span> <span class='ocrx_word' id='word_1_685' title='bbox 624 4629 800 4683; x_wconf 78' lang='lat' dir='ltr'><strong>Patris</strong></span> <span class='ocrx_word' id='word_1_686' title='bbox 834 4632 933 4684; x_wconf 86' lang='lat' dir='ltr'><strong>mei</strong></span> <span class='ocrx_word' id='word_1_687' title='bbox 958 4633 1026 4684; x_wconf 78' lang='grc'><strong>⁸⁸.</strong></span> <span class='ocrx_word' id='word_1_688' title='bbox 1054 4632 1214 4686; x_wconf 88' lang='lat' dir='ltr'><strong>Plena</strong></span> <span class='ocrx_word' id='word_1_689' title='bbox 1244 4643 1326 4687; x_wconf 90' lang='lat' dir='ltr'><strong>est</strong></span> <span class='ocrx_word' id='word_1_690' title='bbox 1356 4636 1613 4687; x_wconf 87' lang='lat' dir='ltr'><strong>bonarum</strong></span> <span class='ocrx_word' id='word_1_691' title='bbox 1640 4648 1822 4687; x_wconf 90' lang='lat' dir='ltr'><strong>rerum</strong></span> <span class='ocrx_word' id='word_1_692' title='bbox 1850 4650 2053 4700; x_wconf 88' lang='lat' dir='ltr'><strong>mensa,</strong></span> 
     </span>
    </p>
   </div>
   <div class='ocr_carea' id='block_1_93' title="bbox 2157 4629 3724 4711">
    <p class='ocr_par' dir='ltr' id='par_1_93' title="bbox 2158 4638 3724 4711">
     <span class='ocr_line' id='line_1_93' title="bbox 2158 4638 3724 4711; baseline 0.001 -22"><span class='ocrx_word' id='word_1_693' title='bbox 2158 4654 2339 4701; x_wconf 89' lang='grc' dir='ltr'>νοντες</span> <span class='ocrx_word' id='word_1_694' title='bbox 2369 4638 2461 4691; x_wconf 84' lang='grc' dir='ltr'>τοῦ</span> <span class='ocrx_word' id='word_1_695' title='bbox 2501 4640 2665 4711; x_wconf 82' lang='grc' dir='ltr'>ἄρτου</span> <span class='ocrx_word' id='word_1_696' title='bbox 2698 4641 2796 4709; x_wconf 86' lang='grc' dir='ltr'><strong>τῆς</strong></span> <span class='ocrx_word' id='word_1_697' title='bbox 2827 4640 2989 4711; x_wconf 78' lang='grc' dir='ltr'>ζωῆς,</span> <span class='ocrx_word' id='word_1_698' title='bbox 3021 4642 3112 4694; x_wconf 70' lang='grc' dir='ltr'>καὶ</span> <span class='ocrx_word' id='word_1_699' title='bbox 3138 4640 3239 4709; x_wconf 87' lang='grc' dir='ltr'><strong>τῆς</strong></span> <span class='ocrx_word' id='word_1_700' title='bbox 3276 4639 3611 4711; x_wconf 80' lang='grc' dir='ltr'>εὐφροσύνης</span> <span class='ocrx_word' id='word_1_701' title='bbox 3634 4638 3724 4691; x_wconf 83' lang='grc' dir='ltr'>τοῦ</span> 
     </span>
    </p>
   </div>
   <div class='ocr_carea' id='block_1_94' title="bbox 491 4725 2058 4803">
    <p class='ocr_par' dir='ltr' id='par_1_94' title="bbox 491 4726 2056 4797">
     <span class='ocr_line' id='line_1_94' title="bbox 491 4726 2056 4797; baseline 0.005 -22"><span class='ocrx_word' id='word_1_702' title='bbox 491 4740 593 4793; x_wconf 74' lang='lat' dir='ltr'><strong>qua</strong></span> <span class='ocrx_word' id='word_1_703' title='bbox 631 4735 917 4777; x_wconf 90' lang='lat' dir='ltr'><strong>vesceutur</strong></span> <span class='ocrx_word' id='word_1_704' title='bbox 955 4726 987 4777; x_wconf 91' lang='lat' dir='ltr'><strong>ii</strong></span> <span class='ocrx_word' id='word_1_705' title='bbox 1025 4727 1343 4794; x_wconf 89' lang='lat' dir='ltr'><strong>quibuscum</strong></span> <span class='ocrx_word' id='word_1_706' title='bbox 1385 4726 1560 4779; x_wconf 71' lang='lat' dir='ltr'><strong>[trdus</strong></span> <span class='ocrx_word' id='word_1_707' title='bbox 1604 4727 1889 4797; x_wconf 83' lang='lat' dir='ltr'><strong>disposuit,</strong></span> <span class='ocrx_word' id='word_1_708' title='bbox 1938 4744 2056 4797; x_wconf 87' lang='lat' dir='ltr'><strong>pro-</strong></span> 
     </span>
    </p>
   </div>
   <div class='ocr_carea' id='block_1_95' title="bbox 2154 4725 3721 4803">
    <p class='ocr_par' dir='ltr' id='par_1_95' title="bbox 2161 4725 3721 4803">
     <span class='ocr_line' id='line_1_95' title="bbox 2161 4725 3721 4803; baseline -0.001 -21"><span class='ocrx_word' id='word_1_709' title='bbox 2161 4731 2345 4783; x_wconf 80' lang='grc' dir='ltr'>καινοῦ</span> <span class='ocrx_word' id='word_1_710' title='bbox 2382 4732 2658 4803; x_wconf 82' lang='grc' dir='ltr'>ποτηρίου.</span> <span class='ocrx_word' id='word_1_711' title='bbox 2693 4725 2792 4784; x_wconf 82' lang='grc' dir='ltr'>Ὧν</span> <span class='ocrx_word' id='word_1_712' title='bbox 2820 4732 2887 4785; x_wconf 90' lang='grc' dir='ltr'><strong>τά</strong></span> <span class='ocrx_word' id='word_1_713' title='bbox 2924 4732 3167 4802; x_wconf 74' lang='grc' dir='ltr'>σύμϐολα</span> <span class='ocrx_word' id='word_1_714' title='bbox 3200 4732 3462 4784; x_wconf 81' lang='grc' dir='ltr'>ἐπιτελῶν</span> <span class='ocrx_word' id='word_1_715' title='bbox 3493 4730 3599 4801; x_wconf 78' lang='grc' dir='ltr'><strong>πρὸ</strong></span> <span class='ocrx_word' id='word_1_716' title='bbox 3634 4729 3721 4781; x_wconf 83' lang='grc' dir='ltr'>τοῦ</span> 
     </span>
    </p>
   </div>
   <div class='ocr_carea' id='block_1_96' title="bbox 491 4818 2058 4896">
    <p class='ocr_par' dir='ltr' id='par_1_96' title="bbox 491 4818 2053 4887">
     <span class='ocr_line' id='line_1_96' title="bbox 491 4818 2053 4887; baseline 0.002 -18"><span class='ocrx_word' id='word_1_717' title='bbox 491 4824 672 4887; x_wconf 81' lang='lat' dir='ltr'><strong>pterea</strong></span> <span class='ocrx_word' id='word_1_718' title='bbox 710 4819 848 4884; x_wconf 88' lang='lat' dir='ltr'><strong>quod</strong></span> <span class='ocrx_word' id='word_1_719' title='bbox 881 4832 1059 4871; x_wconf 83' lang='lat' dir='ltr'><strong>secum</strong></span> <span class='ocrx_word' id='word_1_720' title='bbox 1109 4820 1159 4871; x_wconf 91' lang='lat' dir='ltr'><strong>in</strong></span> <span class='ocrx_word' id='word_1_721' title='bbox 1213 4818 1599 4875; x_wconf 82' lang='lat' dir='ltr'><strong>tentationibus</strong></span> <span class='ocrx_word' id='word_1_722' title='bbox 1638 4820 2053 4887; x_wconf 83' lang='lat' dir='ltr'><strong>permanserint,</strong></span> 
     </span>
    </p>
   </div>
   <div class='ocr_carea' id='block_1_97' title="bbox 2155 4818 3722 4896">
    <p class='ocr_par' dir='ltr' id='par_1_97' title="bbox 2156 4822 3722 4896">
     <span class='ocr_line' id='line_1_97' title="bbox 2156 4822 3722 4896; baseline -0.003 -20"><span class='ocrx_word' id='word_1_723' title='bbox 2156 4823 2358 4887; x_wconf 87' lang='grc' dir='ltr'>πάθους</span> <span class='ocrx_word' id='word_1_724' title='bbox 2391 4827 2418 4877; x_wconf 92' lang='lat'><strong>6</strong></span> <span class='ocrx_word' id='word_1_725' title='bbox 2456 4826 2664 4896; x_wconf 79' lang='grc' dir='ltr'>Σωτὴρ,</span> <span class='ocrx_word' id='word_1_726' title='bbox 2714 4827 2794 4878; x_wconf 84' lang='grc' dir='ltr'><strong>Οὐ</strong></span> <span class='ocrx_word' id='word_1_727' title='bbox 2843 4824 2928 4895; x_wconf 80' lang='grc' dir='ltr'><strong>μὴ</strong></span> <span class='ocrx_word' id='word_1_728' title='bbox 2980 4827 3113 4884; x_wconf 78' lang='grc' dir='ltr'>πίω,</span> <span class='ocrx_word' id='word_1_729' title='bbox 3164 4825 3289 4894; x_wconf 73' lang='grc' dir='ltr'>ἔφη,</span> <span class='ocrx_word' id='word_1_730' title='bbox 3337 4826 3438 4877; x_wconf 75' lang='grc' dir='ltr'>ἀπ’</span> <span class='ocrx_word' id='word_1_731' title='bbox 3484 4823 3612 4890; x_wconf 73' lang='grc' dir='ltr'>ἄρτι</span> <span class='ocrx_word' id='word_1_732' title='bbox 3660 4822 3722 4873; x_wconf 74' lang='grc' dir='ltr'>ἐκ</span> 
     </span>
    </p>
   </div>
   <div class='ocr_carea' id='block_1_98' title="bbox 490 4901 2057 4986">
    <p class='ocr_par' dir='ltr' id='par_1_98' title="bbox 490 4910 2055 4982">
     <span class='ocr_line' id='line_1_98' title="bbox 490 4910 2055 4982; baseline 0.005 -22"><span class='ocrx_word' id='word_1_733' title='bbox 490 4917 548 4960; x_wconf 81' lang='grc' dir='ltr'><strong>ιιι</strong></span> <span class='ocrx_word' id='word_1_734' title='bbox 593 4910 915 4978; x_wconf 80' lang='lat' dir='ltr'><strong>manducent</strong></span> <span class='ocrx_word' id='word_1_735' title='bbox 957 4926 1019 4964; x_wconf 89' lang='lat' dir='ltr'><strong>ac</strong></span> <span class='ocrx_word' id='word_1_736' title='bbox 1060 4911 1246 4964; x_wconf 89' lang='lat' dir='ltr'><strong>bibant</strong></span> <span class='ocrx_word' id='word_1_737' title='bbox 1288 4911 1337 4963; x_wconf 92' lang='lat' dir='ltr'><strong>iu</strong></span> <span class='ocrx_word' id='word_1_738' title='bbox 1375 4927 1558 4964; x_wconf 87' lang='lat' dir='ltr'><strong>mensa</strong></span> <span class='ocrx_word' id='word_1_739' title='bbox 1607 4912 1744 4980; x_wconf 89' lang='lat' dir='ltr'><strong>ejus,</strong></span> <span class='ocrx_word' id='word_1_740' title='bbox 1780 4926 1917 4982; x_wconf 82' lang='lat' dir='ltr'><strong>pane</strong></span> <span class='ocrx_word' id='word_1_741' title='bbox 1945 4927 2055 4967; x_wconf 70' lang='lat' dir='ltr'><strong>coe-</strong></span> 
     </span>
    </p>
   </div>
   <div class='ocr_carea' id='block_1_99' title="bbox 2156 4901 3723 4986">
    <p class='ocr_par' dir='ltr' id='par_1_99' title="bbox 2156 4901 3723 4986">
     <span class='ocr_line' id='line_1_99' title="bbox 2156 4901 3723 4986; baseline -0.003 -17"><span class='ocrx_word' id='word_1_742' title='bbox 2156 4918 2371 4970; x_wconf 78' lang='grc' dir='ltr'>τούτου</span> <span class='ocrx_word' id='word_1_743' title='bbox 2393 4916 2497 4969; x_wconf 80' lang='grc' dir='ltr'>τοῦ</span> <span class='ocrx_word' id='word_1_744' title='bbox 2522 4917 2890 4985; x_wconf 79' lang='grc' dir='ltr'>γεννήματος</span> <span class='ocrx_word' id='word_1_745' title='bbox 2906 4916 3014 4985; x_wconf 81' lang='grc' dir='ltr'><strong>τῆς</strong></span> <span class='ocrx_word' id='word_1_746' title='bbox 3036 4901 3305 4986; x_wconf 63' lang='grc' dir='ltr'>ἀμπέλου</span> <span class='ocrx_word' id='word_1_747' title='bbox 3325 4917 3432 4980; x_wconf 83' lang='grc' dir='ltr'>ἕως</span> <span class='ocrx_word' id='word_1_748' title='bbox 3454 4914 3563 4981; x_wconf 78' lang='grc' dir='ltr'><strong>τῆς</strong></span> <span class='ocrx_word' id='word_1_749' title='bbox 3589 4912 3723 4981; x_wconf 72' lang='grc' dir='ltr'><strong>ἡμέ-</strong></span> 
     </span>
    </p>
   </div>
   <div class='ocr_carea' id='block_1_100' title="bbox 489 5000 2056 5079">
    <p class='ocr_par' dir='ltr' id='par_1_100' title="bbox 489 5000 2055 5072">
     <span class='ocr_line' id='line_1_100' title="bbox 489 5000 2055 5072; baseline 0.004 -20"><span class='ocrx_word' id='word_1_750' title='bbox 489 5000 605 5055; x_wconf 88' lang='lat' dir='ltr'><strong>lesti</strong></span> <span class='ocrx_word' id='word_1_751' title='bbox 660 5003 958 5054; x_wconf 87' lang='lat' dir='ltr'><strong>animarum</strong></span> <span class='ocrx_word' id='word_1_752' title='bbox 993 5010 1301 5055; x_wconf 84' lang='lat' dir='ltr'><strong>sanctarum</strong></span> <span class='ocrx_word' id='word_1_753' title='bbox 1348 5004 1611 5057; x_wconf 87' lang='lat' dir='ltr'><strong>nutritore</strong></span> <span class='ocrx_word' id='word_1_754' title='bbox 1650 5004 1801 5072; x_wconf 84' lang='lat' dir='ltr'><strong>pasti,</strong></span> <span class='ocrx_word' id='word_1_755' title='bbox 1846 5005 2055 5057; x_wconf 90' lang='lat' dir='ltr'><strong>viuum-</strong></span> 
     </span>
    </p>
   </div>
   <div class='ocr_carea' id='block_1_101' title="bbox 2153 5000 3720 5079">
    <p class='ocr_par' dir='ltr' id='par_1_101' title="bbox 2153 5008 3720 5079">
     <span class='ocr_line' id='line_1_101' title="bbox 2153 5008 3720 5079; baseline -0.004 -14"><span class='ocrx_word' id='word_1_756' title='bbox 2153 5029 2263 5078; x_wconf 78' lang='grc' dir='ltr'><strong>ρας</strong></span> <span class='ocrx_word' id='word_1_757' title='bbox 2301 5012 2555 5077; x_wconf 64' lang='grc' dir='ltr'>ἐκείνης,</span> <span class='ocrx_word' id='word_1_758' title='bbox 2593 5010 2739 5063; x_wconf 78' lang='grc' dir='ltr'>ὅταν</span> <span class='ocrx_word' id='word_1_759' title='bbox 2786 5010 2930 5063; x_wconf 82' lang='grc' dir='ltr'>αὐτὸ</span> <span class='ocrx_word' id='word_1_760' title='bbox 2964 5012 3114 5062; x_wconf 77' lang='grc' dir='ltr'>πίνω</span> <span class='ocrx_word' id='word_1_761' title='bbox 3151 5010 3277 5079; x_wconf 78' lang='grc' dir='ltr'>μεθ’</span> <span class='ocrx_word' id='word_1_762' title='bbox 3316 5008 3479 5077; x_wconf 79' lang='grc' dir='ltr'>ὑμῶν</span> <span class='ocrx_word' id='word_1_763' title='bbox 3517 5008 3720 5061; x_wconf 67' lang='grc' dir='ltr'>καινὸν</span> 
     </span>
    </p>
   </div>
   <div class='ocr_carea' id='block_1_102' title="bbox 487 5094 2054 5173">
    <p class='ocr_par' dir='ltr' id='par_1_102' title="bbox 487 5094 2051 5167">
     <span class='ocr_line' id='line_1_102' title="bbox 487 5094 2051 5167; baseline 0.004 -20"><span class='ocrx_word' id='word_1_764' title='bbox 487 5094 783 5164; x_wconf 71' lang='lat' dir='ltr'><strong>quelnovi</strong></span> <span class='ocrx_word' id='word_1_765' title='bbox 857 5094 1139 5163; x_wconf 84' lang='lat' dir='ltr'><strong>geniminis</strong></span> <span class='ocrx_word' id='word_1_766' title='bbox 1208 5108 1349 5147; x_wconf 66' lang='lat' dir='ltr'><strong>vera:</strong></span> <span class='ocrx_word' id='word_1_767' title='bbox 1419 5095 1544 5148; x_wconf 86' lang='lat' dir='ltr'><strong>vitis</strong></span> <span class='ocrx_word' id='word_1_768' title='bbox 1614 5098 2051 5167; x_wconf 81' lang='lat' dir='ltr'><strong>participautes,</strong></span> 
     </span>
    </p>
   </div>
   <div class='ocr_carea' id='block_1_103' title="bbox 2153 5094 3720 5173">
    <p class='ocr_par' dir='ltr' id='par_1_103' title="bbox 2154 5099 3720 5173">
     <span class='ocr_line' id='line_1_103' title="bbox 2154 5099 3720 5173; baseline -0.004 -16"><span class='ocrx_word' id='word_1_769' title='bbox 2154 5107 2223 5157; x_wconf 78' lang='grc' dir='ltr'>ἐι·</span> <span class='ocrx_word' id='word_1_770' title='bbox 2249 5104 2322 5171; x_wconf 76' lang='grc' dir='ltr'>τῇ</span> <span class='ocrx_word' id='word_1_771' title='bbox 2356 5105 2640 5170; x_wconf 72' lang='grc' dir='ltr'>,Βασιλείᾳ</span> <span class='ocrx_word' id='word_1_772' title='bbox 2665 5104 2772 5156; x_wconf 86' lang='grc' dir='ltr'>τοῦ</span> <span class='ocrx_word' id='word_1_773' title='bbox 2808 5102 3037 5170; x_wconf 77' lang='grc' dir='ltr'>Πατρός</span> <span class='ocrx_word' id='word_1_774' title='bbox 3068 5102 3232 5170; x_wconf 83' lang='grc' dir='ltr'>ἐμοῦ·</span> <span class='ocrx_word' id='word_1_775' title='bbox 3270 5101 3481 5173; x_wconf 86' lang='grc' dir='ltr'>πλήρης</span> <span class='ocrx_word' id='word_1_776' title='bbox 3508 5099 3720 5168; x_wconf 85' lang='grc' dir='ltr'>ἀγαθῶν</span> 
     </span>
    </p>
   </div>
   <div class='ocr_carea' id='block_1_104' title="bbox 490 5185 2057 5267">
    <p class='ocr_par' dir='ltr' id='par_1_104' title="bbox 490 5185 2049 5255">
     <span class='ocr_line' id='line_1_104' title="bbox 490 5185 2049 5255; baseline 0.003 -16"><span class='ocrx_word' id='word_1_777' title='bbox 490 5202 649 5255; x_wconf 82' lang='lat' dir='ltr'><strong>quam</strong></span> <span class='ocrx_word' id='word_1_778' title='bbox 684 5187 797 5254; x_wconf 89' lang='lat' dir='ltr'><strong>ipse</strong></span> <span class='ocrx_word' id='word_1_779' title='bbox 824 5187 1061 5239; x_wconf 89' lang='lat' dir='ltr'><strong>omnium</strong></span> <span class='ocrx_word' id='word_1_780' title='bbox 1105 5185 1243 5240; x_wconf 85' lang='lat' dir='ltr'><strong>Deus</strong></span> <span class='ocrx_word' id='word_1_781' title='bbox 1278 5201 1340 5240; x_wconf 87' lang='lat' dir='ltr'><strong>ac</strong></span> <span class='ocrx_word' id='word_1_782' title='bbox 1373 5197 1526 5255; x_wconf 85' lang='lat' dir='ltr'><strong>pater</strong></span> <span class='ocrx_word' id='word_1_783' title='bbox 1552 5190 1820 5255; x_wconf 74' lang='lat' dir='ltr'><strong>excoleris,</strong></span> <span class='ocrx_word' id='word_1_784' title='bbox 1853 5208 2049 5245; x_wconf 85' lang='lat' dir='ltr'><strong>novum</strong></span> 
     </span>
    </p>
   </div>
   <div class='ocr_carea' id='block_1_105' title="bbox 2151 5185 3718 5267">
    <p class='ocr_par' dir='ltr' id='par_1_105' title="bbox 2157 5187 3718 5267">
     <span class='ocr_line' id='line_1_105' title="bbox 2157 5187 3718 5267; baseline -0.003 -17"><span class='ocrx_word' id='word_1_785' title='bbox 2157 5198 2420 5267; x_wconf 80' lang='grc' dir='ltr'>τράπεζα,</span> <span class='ocrx_word' id='word_1_786' title='bbox 2453 5193 2521 5267; x_wconf 81' lang='grc' dir='ltr'>ἦς</span> <span class='ocrx_word' id='word_1_787' title='bbox 2552 5196 2950 5267; x_wconf 73' lang='grc' dir='ltr'>μεταλήψονται</span> <span class='ocrx_word' id='word_1_788' title='bbox 2979 5187 3058 5256; x_wconf 80' lang='grc' dir='ltr'>οἷς</span> <span class='ocrx_word' id='word_1_789' title='bbox 3082 5193 3179 5263; x_wconf 83' lang='grc' dir='ltr'><strong>τήν</strong></span> <span class='ocrx_word' id='word_1_790' title='bbox 3213 5193 3478 5262; x_wconf 84' lang='grc' dir='ltr'>διαθήκην</span> <span class='ocrx_word' id='word_1_791' title='bbox 3503 5191 3718 5246; x_wconf 84' lang='grc' dir='ltr'>διέθετο.</span> 
     </span>
    </p>
   </div>
   <div class='ocr_carea' id='block_1_106' title="bbox 486 5278 2053 5358">
    <p class='ocr_par' dir='ltr' id='par_1_106' title="bbox 486 5278 1534 5347">
     <span class='ocr_line' id='line_1_106' title="bbox 486 5278 1534 5347; baseline 0.005 -18"><span class='ocrx_word' id='word_1_792' title='bbox 486 5293 549 5330; x_wconf 83' lang='lat' dir='ltr'><strong>ex</strong></span> <span class='ocrx_word' id='word_1_793' title='bbox 582 5280 691 5345; x_wconf 85' lang='lat' dir='ltr'><strong>ipsa</strong></span> <span class='ocrx_word' id='word_1_794' title='bbox 725 5278 954 5331; x_wconf 74' lang='lat' dir='ltr'><strong>fructitm</strong></span> <span class='ocrx_word' id='word_1_795' title='bbox 992 5278 1172 5346; x_wconf 71' lang='lat' dir='ltr'><strong>ilignis</strong></span> <span class='ocrx_word' id='word_1_796' title='bbox 1208 5281 1534 5347; x_wconf 83' lang='lat' dir='ltr'><strong>propinabit.</strong></span> 
     </span>
    </p>
   </div>
   <div class='ocr_carea' id='block_1_107' title="bbox 2149 5278 3716 5358">
    <p class='ocr_par' dir='ltr' id='par_1_107' title="bbox 2158 5284 3716 5358">
     <span class='ocr_line' id='line_1_107' title="bbox 2158 5284 3716 5358; baseline -0.004 -17"><span class='ocrx_word' id='word_1_797' title='bbox 2158 5289 2243 5341; x_wconf 83' lang='grc' dir='ltr'><strong>διά</strong></span> <span class='ocrx_word' id='word_1_798' title='bbox 2270 5289 2330 5341; x_wconf 76' lang='grc' dir='ltr'><strong>τὸ</strong></span> <span class='ocrx_word' id='word_1_799' title='bbox 2372 5289 2734 5358; x_wconf 85' lang='grc' dir='ltr'>μεμενηκέναι</span> <span class='ocrx_word' id='word_1_800' title='bbox 2774 5288 2888 5357; x_wconf 81' lang='grc' dir='ltr'>μετ’</span> <span class='ocrx_word' id='word_1_801' title='bbox 2924 5284 3088 5337; x_wconf 76' lang='grc' dir='ltr'>αὑτοῦ</span> <span class='ocrx_word' id='word_1_802' title='bbox 3122 5287 3178 5337; x_wconf 83' lang='grc' dir='ltr'>ὲν</span> <span class='ocrx_word' id='word_1_803' title='bbox 3212 5288 3321 5347; x_wconf 85' lang='grc' dir='ltr'>τοῖς</span> <span class='ocrx_word' id='word_1_804' title='bbox 3373 5285 3716 5356; x_wconf 79' lang='grc' dir='ltr'>πειρασμοῖς.</span> 
     </span>
    </p>
   </div>
   <div class='ocr_carea' id='block_1_108' title="bbox 487 5370 3723 5454">
    <p class='ocr_par' dir='ltr' id='par_1_108' title="bbox 487 5370 3723 5454">
     <span class='ocr_line' id='line_1_108' title="bbox 487 5370 3723 5454; baseline -0.003 -18"><span class='ocrx_word' id='word_1_805' title='bbox 487 5370 553 5423; x_wconf 69' lang='grc' dir='ltr'><strong>ἶν’</strong></span> <span class='ocrx_word' id='word_1_806' title='bbox 585 5371 802 5425; x_wconf 65' lang='grc' dir='ltr'>ἐσθίουσι</span> <span class='ocrx_word' id='word_1_807' title='bbox 834 5373 926 5425; x_wconf 64' lang='grc' dir='ltr'>καὶ</span> <span class='ocrx_word' id='word_1_808' title='bbox 976 5372 1199 5424; x_wconf 72' lang='grc' dir='ltr'>πίνωσιν</span> <span class='ocrx_word' id='word_1_809' title='bbox 1248 5372 1340 5425; x_wconf 61' lang='grc' dir='ltr'><strong>ἐπὶ</strong></span> <span class='ocrx_word' id='word_1_810' title='bbox 1379 5373 1479 5441; x_wconf 72' lang='grc' dir='ltr'><strong>τῆς</strong></span> <span class='ocrx_word' id='word_1_811' title='bbox 1524 5373 1797 5445; x_wconf 79' lang='grc' dir='ltr'>τραπέζης</span> <span class='ocrx_word' id='word_1_812' title='bbox 1847 5379 2031 5443; x_wconf 74' lang='grc' dir='ltr'>αὑτοῦ,</span> <span class='ocrx_word' id='word_1_813' title='bbox 2090 5383 2238 5454; x_wconf 79' lang='grc' dir='ltr'>ἄρτῳ</span> <span class='ocrx_word' id='word_1_814' title='bbox 2289 5381 2386 5450; x_wconf 80' lang='grc' dir='ltr'><strong>μὲν</strong></span> <span class='ocrx_word' id='word_1_815' title='bbox 2426 5381 2661 5450; x_wconf 74' lang='grc' dir='ltr'>οὐρανίῳ</span> <span class='ocrx_word' id='word_1_816' title='bbox 2690 5380 2876 5449; x_wconf 74' lang='grc' dir='ltr'>ψυχῶν</span> <span class='ocrx_word' id='word_1_817' title='bbox 2908 5381 3077 5449; x_wconf 89' lang='grc' dir='ltr'>ἀγίων</span> <span class='ocrx_word' id='word_1_818' title='bbox 3136 5376 3409 5447; x_wconf 86' lang='grc' dir='ltr'>θρεπτικῷ</span> <span class='ocrx_word' id='word_1_819' title='bbox 3455 5382 3723 5446; x_wconf 79' lang='grc' dir='ltr'>τραφησό-</span> 
     </span>
    </p>
   </div>
   <div class='ocr_carea' id='block_1_109' title="bbox 490 5464 3722 5543">
    <p class='ocr_par' dir='ltr' id='par_1_109' title="bbox 490 5464 3722 5543">
     <span class='ocr_line' id='line_1_109' title="bbox 490 5464 3722 5543; baseline 0 -27"><span class='ocrx_word' id='word_1_820' title='bbox 490 5482 661 5534; x_wconf 87' lang='grc' dir='ltr'>μενοι,</span> <span class='ocrx_word' id='word_1_821' title='bbox 701 5466 844 5517; x_wconf 81' lang='grc' dir='ltr'>οἴνου</span> <span class='ocrx_word' id='word_1_822' title='bbox 880 5465 935 5517; x_wconf 85' lang='grc' dir='ltr'>δὲ</span> <span class='ocrx_word' id='word_1_823' title='bbox 977 5464 1071 5518; x_wconf 72' lang='grc' dir='ltr'>τοῦ</span> <span class='ocrx_word' id='word_1_824' title='bbox 1119 5465 1306 5517; x_wconf 73' lang='grc' dir='ltr'>καινοῦ</span> <span class='ocrx_word' id='word_1_825' title='bbox 1334 5468 1671 5535; x_wconf 84' lang='grc' dir='ltr'>γεννήματος</span> <span class='ocrx_word' id='word_1_826' title='bbox 1701 5467 1796 5536; x_wconf 81' lang='grc' dir='ltr'><strong>τῆς</strong></span> <span class='ocrx_word' id='word_1_827' title='bbox 1826 5469 2081 5542; x_wconf 84' lang='grc' dir='ltr'>ἀληθινῆς</span> <span class='ocrx_word' id='word_1_828' title='bbox 2112 5471 2359 5543; x_wconf 66' lang='grc' dir='ltr'>ἀμπέλου</span> <span class='ocrx_word' id='word_1_829' title='bbox 2404 5470 2855 5542; x_wconf 64' lang='grc' dir='ltr'>μεταληψόμενοι,</span> <span class='ocrx_word' id='word_1_830' title='bbox 2895 5471 2962 5541; x_wconf 77' lang='grc' dir='ltr'>ἢν</span> <span class='ocrx_word' id='word_1_831' title='bbox 2997 5469 3155 5532; x_wconf 86' lang='grc' dir='ltr'>αὑτὸς</span> <span class='ocrx_word' id='word_1_832' title='bbox 3181 5471 3209 5521; x_wconf 86' lang='grc' dir='ltr'>ὁ</span> <span class='ocrx_word' id='word_1_833' title='bbox 3241 5468 3349 5521; x_wconf 87' lang='grc' dir='ltr'><strong>τῶν</strong></span> <span class='ocrx_word' id='word_1_834' title='bbox 3406 5466 3542 5519; x_wconf 76' lang='grc' dir='ltr'>ὅλων</span> <span class='ocrx_word' id='word_1_835' title='bbox 3596 5465 3722 5527; x_wconf 80' lang='grc' dir='ltr'>Θεὸς</span> 
     </span>
    </p>
   </div>
   <div class='ocr_carea' id='block_1_110' title="bbox 486 5548 2651 5639">
    <p class='ocr_par' dir='ltr' id='par_1_110' title="bbox 486 5548 2651 5639">
     <span class='ocr_line' id='line_1_110' title="bbox 486 5548 2651 5639; baseline 0.005 -31"><span class='ocrx_word' id='word_1_836' title='bbox 486 5558 579 5609; x_wconf 72' lang='grc' dir='ltr'><strong>καὶ</strong></span> <span class='ocrx_word' id='word_1_837' title='bbox 606 5559 792 5628; x_wconf 77' lang='grc' dir='ltr'>Πατὴρ</span> <span class='ocrx_word' id='word_1_838' title='bbox 816 5559 1072 5629; x_wconf 88' lang='grc' dir='ltr'>γεωργῶν</span> <span class='ocrx_word' id='word_1_839' title='bbox 1104 5560 1162 5612; x_wconf 80' lang='grc' dir='ltr'>τὸ</span> <span class='ocrx_word' id='word_1_840' title='bbox 1188 5560 1370 5612; x_wconf 76' lang='grc' dir='ltr'>καινὸν</span> <span class='ocrx_word' id='word_1_841' title='bbox 1389 5560 1445 5626; x_wconf 78' lang='grc' dir='ltr'>ἐξ</span> <span class='ocrx_word' id='word_1_842' title='bbox 1475 5562 1643 5630; x_wconf 76' lang='grc' dir='ltr'>αὑτῆς</span> <span class='ocrx_word' id='word_1_843' title='bbox 1662 5562 1905 5634; x_wconf 77' lang='grc' dir='ltr'>γέννημα</span> <span class='ocrx_word' id='word_1_844' title='bbox 1930 5570 2042 5632; x_wconf 76' lang='grc' dir='ltr'>τοῖς</span> <span class='ocrx_word' id='word_1_845' title='bbox 2067 5569 2186 5621; x_wconf 83' lang='grc' dir='ltr'>τότε</span> <span class='ocrx_word' id='word_1_846' title='bbox 2214 5548 2381 5632; x_wconf 79' lang='grc' dir='ltr'>ἀξίοις</span> <span class='ocrx_word' id='word_1_847' title='bbox 2410 5567 2651 5639; x_wconf 77' lang='grc' dir='ltr'>παρέξει.</span> 
     </span>
    </p>
   </div>
   <div class='ocr_carea' id='block_1_111' title="bbox 626 5649 2193 5728">
    <p class='ocr_par' dir='ltr' id='par_1_111' title="bbox 626 5649 1769 5721">
     <span class='ocr_line' id='line_1_111' title="bbox 626 5649 1769 5721; baseline 0.007 -22"><span class='ocrx_word' id='word_1_848' title='bbox 626 5651 665 5681; x_wconf 77' lang='grc' dir='ltr'>’ί</span> <span class='ocrx_word' id='word_1_849' title='bbox 697 5649 849 5713; x_wconf 87' lang='lat' dir='ltr'><strong>Quod</strong></span> <span class='ocrx_word' id='word_1_850' title='bbox 876 5652 921 5702; x_wconf 75' lang='lat' dir='ltr'><strong>si</strong></span> <span class='ocrx_word' id='word_1_851' title='bbox 957 5668 1007 5703; x_wconf 84' lang='lat' dir='ltr'><strong>tu</strong></span> <span class='ocrx_word' id='word_1_852' title='bbox 1033 5663 1079 5704; x_wconf 82' lang='lat' dir='ltr'><strong>te</strong></span> <span class='ocrx_word' id='word_1_853' title='bbox 1111 5656 1397 5719; x_wconf 78' lang='lat' dir='ltr'><strong>peccaverit</strong></span> <span class='ocrx_word' id='word_1_854' title='bbox 1428 5654 1591 5721; x_wconf 73' lang='lat' dir='ltr'><strong>frater</strong></span> <span class='ocrx_word' id='word_1_855' title='bbox 1624 5664 1769 5708; x_wconf 76' lang='lat' dir='ltr'><strong>tuus.</strong></span> 
     </span>
    </p>
   </div>
   <div class='ocr_carea' id='block_1_112' title="bbox 1997 5649 3564 5728">
    <p class='ocr_par' dir='ltr' id='par_1_112' title="bbox 2332 5655 3564 5728">
     <span class='ocr_line' id='line_1_112' title="bbox 2332 5655 3564 5728; baseline -0.005 -15"><span class='ocrx_word' id='word_1_856' title='bbox 2332 5660 2473 5713; x_wconf 73' lang='grc' dir='ltr'><strong>Ἐὰν</strong></span> <span class='ocrx_word' id='word_1_857' title='bbox 2503 5660 2573 5711; x_wconf 82' lang='grc' dir='ltr'>δὲ</span> <span class='ocrx_word' id='word_1_858' title='bbox 2603 5658 2831 5728; x_wconf 75' lang='grc' dir='ltr'>ἁμάρτῃ</span> <span class='ocrx_word' id='word_1_859' title='bbox 2861 5660 2948 5723; x_wconf 80' lang='grc' dir='ltr'><strong>είς</strong></span> <span class='ocrx_word' id='word_1_860' title='bbox 2975 5657 3050 5710; x_wconf 82' lang='grc' dir='ltr'>σὲ</span> <span class='ocrx_word' id='word_1_861' title='bbox 3082 5660 3114 5711; x_wconf 85' lang='grc' dir='ltr'><strong>ό</strong></span> <span class='ocrx_word' id='word_1_862' title='bbox 3141 5655 3401 5723; x_wconf 61' lang='grc' dir='ltr'>ἀδελφός</span> <span class='ocrx_word' id='word_1_863' title='bbox 3429 5671 3564 5708; x_wconf 83' lang='grc' dir='ltr'>σου.</span> 
     </span>
    </p>
   </div>
   <div class='ocr_carea' id='block_1_113' title="bbox 556 5740 2123 5821">
    <p class='ocr_par' dir='ltr' id='par_1_113' title="bbox 556 5740 2046 5821">
     <span class='ocr_line' id='line_1_113' title="bbox 556 5740 2046 5821; baseline 0.007 -26"><span class='ocrx_word' id='word_1_864' title='bbox 556 5740 653 5795; x_wconf 81' lang='lat' dir='ltr'><strong>llic</strong></span> <span class='ocrx_word' id='word_1_865' title='bbox 682 5741 795 5795; x_wconf 92' lang='lat' dir='ltr'><strong>vult</strong></span> <span class='ocrx_word' id='word_1_866' title='bbox 824 5758 939 5807; x_wconf 89' lang='lat' dir='ltr'><strong>eos,</strong></span> <span class='ocrx_word' id='word_1_867' title='bbox 977 5744 1066 5812; x_wconf 92' lang='lat' dir='ltr'><strong>qui</strong></span> <span class='ocrx_word' id='word_1_868' title='bbox 1118 5744 1333 5813; x_wconf 78' lang='lat' dir='ltr'><strong>injuriis</strong></span> <span class='ocrx_word' id='word_1_869' title='bbox 1379 5744 1609 5799; x_wconf 80' lang='lat' dir='ltr'><strong>lacessiti</strong></span> <span class='ocrx_word' id='word_1_870' title='bbox 1650 5748 1888 5815; x_wconf 79' lang='lat' dir='ltr'><strong>fuerunt,</strong></span> <span class='ocrx_word' id='word_1_871' title='bbox 1918 5764 2046 5821; x_wconf 81' lang='lat' dir='ltr'><strong>erga</strong></span> 
     </span>
    </p>
   </div>
   <div class='ocr_carea' id='block_1_114' title="bbox 2153 5740 3720 5821">
    <p class='ocr_par' dir='ltr' id='par_1_114' title="bbox 2240 5747 3720 5821">
     <span class='ocr_line' id='line_1_114' title="bbox 2240 5747 3720 5821; baseline -0.007 -16"><span class='ocrx_word' id='word_1_872' title='bbox 2240 5751 2501 5805; x_wconf 75' lang='grc' dir='ltr'>Ἐνταῦθα</span> <span class='ocrx_word' id='word_1_873' title='bbox 2545 5752 2670 5813; x_wconf 74' lang='grc' dir='ltr'>τοὺς</span> <span class='ocrx_word' id='word_1_874' title='bbox 2698 5753 2755 5804; x_wconf 86' lang='grc' dir='ltr'>ὲν</span> <span class='ocrx_word' id='word_1_875' title='bbox 2802 5752 3051 5821; x_wconf 79' lang='grc' dir='ltr'>προκοπῇ</span> <span class='ocrx_word' id='word_1_876' title='bbox 3086 5747 3411 5819; x_wconf 81' lang='grc' dir='ltr'>γενομένους</span> <span class='ocrx_word' id='word_1_877' title='bbox 3444 5761 3720 5816; x_wconf 73' lang='grc' dir='ltr'>συγχωρηο</span> 
     </span>
    </p>
   </div>
   <div class='ocr_carea' id='block_1_115' title="bbox 557 5837 1693 5908">
    <p class='ocr_par' dir='ltr' id='par_1_115' title="bbox 557 5837 1693 5908">
     <span class='ocr_line' id='line_1_115' title="bbox 557 5837 1693 5908; baseline 0.005 -18"><span class='ocrx_word' id='word_1_878' title='bbox 557 5838 604 5869; x_wconf 77' lang='grc'><strong><em>⁸⁸</em></strong></span> <span class='ocrx_word' id='word_1_879' title='bbox 640 5837 831 5891; x_wconf 75' lang='lat' dir='ltr'><strong>Matth.</strong></span> <span class='ocrx_word' id='word_1_880' title='bbox 862 5854 1012 5904; x_wconf 76' lang='lat' dir='ltr'><strong>nvi,</strong></span> <span class='ocrx_word' id='word_1_881' title='bbox 1053 5838 1141 5892; x_wconf 73' lang='lat'><strong>29.</strong></span> <span class='ocrx_word' id='word_1_882' title='bbox 1243 5840 1284 5870; x_wconf 80' lang='lat'>&quot;</span> <span class='ocrx_word' id='word_1_883' title='bbox 1316 5839 1445 5895; x_wconf 82' lang='lat' dir='ltr'><strong>Luc.</strong></span> <span class='ocrx_word' id='word_1_884' title='bbox 1485 5857 1615 5908; x_wconf 64' lang='grc' dir='ltr'>χιιι,</span> <span class='ocrx_word' id='word_1_885' title='bbox 1641 5842 1693 5896; x_wconf 79' lang='grc'><strong>5.</strong></span> 
     </span>
    </p>
   </div>
  </div>
