1984 3260
708 201 878 231 (ΖΟΜΜΕΝΤ
884 201 967 230 ARIA
986 202 1019 230 IN
1038 202 1167 231 ιυοΑιι.

1697 203 1751 233 582

97 261 205 294 τιιοοῖις
227 259 301 288 εἶναι
316 261 374 293 τοῖς
387 262 515 289 πταίουσι
531 261 667 297 βούλεται,
683 260 844 297 Θεραπεύων
860 261 910 288 δει-

965 260 1113 289 otl'ensores
1131 268 1197 289 suos
1211 261 1404 296 indulgentiam
1420 269 1582 297 expromere
1599 266 1751 297 :sanatqne

98 309 152 345 νὴν
166 308 260 336 νόσον
271 309 302 335 ὲν
313 308 406 340 αὐτοῖς
419 307 549 340 πολλάκις
569 307 755 343 ἐμφυομένην,
770 306 910 334 ἐκκόπτων

96 355 152 390 τὴν
178 355 264 382 κατὰ
281 354 337 381 τῶν
350 354 501 381 πταιόντων
515 353 666 389 ἀποτομήν.
689 352 911 388 Κατεπαίρεσθαι

97 400 172 436 γοῦν
191 400 349 435 εἰώθαμεν,
366 399 404 431 ὡς
420 400 489 434 μήτε
508 398 697 434 παρακλήσεις
713 397 768 424 τῶν
787 398 912 434 ἡμαρτη-

98 448 212 479 κότων,
230 447 301 482 μήτε
312 446 366 472 τῶν
378 447 447 481 ὑπὲρ
459 446 546 471 αὐτῶν
556 445 758 480 πρεσϐευόντων
773 445 911 479 ἱκετηρίας

98 493 331 530 παραδέχεσθαι·
353 492 420 527 μηδὲ
445 492 497 527 μὴν
522 490 729 524 ὑπολογίζεσθαι
747 490 796 516 ὅσα
812 489 844 524 δὴ
865 490 911 515 καὶ

98 540 186 566 αὐτοὶ
215 540 243 566 οἱ
260 538 399 573 ἂνθρωποι
424 537 564 568 πταίοντες
584 535 747 570 συγγνώμης
768 535 816 570 τῆς
835 534 910 569 παρὰ

96 584 150 612 τοῦ
169 585 301 621 μεγάλου
321 583 415 620 κριτοῦ
435 582 560 617 δεόμεθα.
582 581 699 612 Εἰκότως
714 578 760 607 οὖν
783 580 857 615 παρὰ
872 579 911 614 τῷ

100 631 251 666 Ματθαίῳ
271 630 319 657 καὶ
331 631 364 665 τῇ
381 628 520 664 παραϐολῇ
538 628 681 663 κέχρηται,
695 629 723 653 ἐν
773 626 910 661 ὀφειλέται

98 678 284 713 εἰσάγονται,
310 677 325 702 6
352 676 400 710 μὲν
424 675 508 710 μυρία
530 674 647 700 τάλαντα
671 673 795 707 ὀφείλων,
820 672 838 699 ἃ.
864 672 911 698 καὶ

101 723 218 759 ἀφείθη
233 723 308 758 αὐτῷ
327 722 515 758 προσπεσόντι·
533 722 547 747 6
569 720 596 746 δὲ
612 720 708 746 ἑκατὸν
722 719 845 755 δηνάρια,
868 718 911 751 ἐφ’

100 767 144 802 οἷς
164 770 346 804 ἀπεπνίγετο
362 768 436 804 παρά
450 767 497 794 τοῦ
514 766 660 800 ἀφεθέντος
673 765 707 791 τὰ
724 765 809 791 πολλὰ
821 765 911 790 ἐκεῖνα

101 816 247 843 τάλαντα.
262 815 301 841 Δι’
315 813 348 850 ἧς
363 815 492 844 διδάσκει,
510 814 550 839 ὅτι
575 812 611 847 μὴ
630 811 717 842 ἄλλως
729 812 819 845 τυχεῖν
834 810 909 836 δυνα-

101 860 152 887 τόν
168 861 236 886 ἔστι
251 860 302 894 τῆς
317 859 461 893 βασιλείας,
478 858 528 884 κᾶν
541 857 625 884 πολλά
636 865 676 887 τις
689 855 859 891 κατορθώσῃ,
874 855 910 890 μὴ

102 907 153 934 τὸν
175 906 287 941 ἀγαθὸν
299 906 364 932 Θεὸν
382 905 570 940 μιμησάμενος
586 903 655 930 κατὰ
667 902 697 928 τὸ
712 902 909 937 ἁμνησίκακον·

964 306 1052 334 dirum
1078 305 1200 333 morbum
1223 313 1410 339 saepenumero
1435 306 1540 334 illorum
1557 306 1655 335 animis
1674 307 1750 337 inna-

963 356 1095 385 scentem,
1109 356 1190 386 atque
1202 351 1293 378 odium
1307 359 1360 386 quo
1367 351 1418 379 sibi
1434 352 1569 381 maleﬁcos
1584 361 1751 389 prosequun-

962 402 1007 425 tur
1023 402 1138 426 resecat.
1163 398 1268 433 Quippe
1289 399 1356 425 adeo
1384 399 1542 426 exacerbari
1570 399 1699 432 solemus.
1721 407 1751 429 ιιι

961 452 1049 478 neque
1072 446 1244 479 peccantium
1270 445 1484 477 obtestationes,
1505 452 1592 479 neque
1615 445 1751 480 supplices

963 490 1174 516 intercessorum
1199 498 1295 524 preces
1318 491 1501 522 admittamus.
1531 498 1617 524 neque
1643 497 1752 526 repute-

962 543 1023 562 mus
1048 541 1149 567 quanta
1176 541 1203 563 et
1228 544 1277 563 nos
1302 537 1427 563 humana:
1455 537 1621 564 conditionis
1641 542 1750 571 peccata

963 582 1066 616 ignosci
1087 582 1166 608 nobis
1184 589 1199 608 a
1216 589 1314 616 magno
1325 582 1416 615 judice
1431 589 1568 616 egeamus.
1585 583 1654 617 Apte
1671 583 1752 618 igitur

962 627 1030 661 apttd
1044 627 1195 654 Mattbmum
1207 629 1229 644 "
1244 628 1372 662 parabola
1393 628 1524 655 Servatur
1550 628 1645 659 utitur,
1662 629 1687 655 in
1698 636 1749 662 qua

962 674 1102 700 debitores
1114 674 1327 702 intrmlncuntnr
1342 683 1457 710 quorum
1475 674 1544 702 alter
1558 675 1649 702 decem
1666 674 1751 701 millia

963 719 1124 747 talentorum
1148 721 1272 752 debebat,
1296 728 1356 754 quae
1383 720 1433 755 ipsi
1460 720 1574 754 supplici
1601 720 1751 747 condonata

963 765 1054 797 fuere;
1073 767 1140 792 alter
1156 772 1244 792 autem
1258 771 1366 792 centum
1390 766 1526 797 denarios,
1539 774 1653 800 quorum
1670 773 1751 793 causa

963 810 1147 837 snﬂ'ocabatur
1169 812 1202 837 ab
1220 818 1262 842 eo,
1285 812 1327 837 cui
1345 815 1435 837 tantus
1454 811 1498 837 ille
1519 811 1680 838 talentorttm
1701 820 1752 838 nu—

965 864 1056 883 merus
1079 857 1210 884 remissus
1231 856 1328 883 fuerat.
1343 859 1400 889 Qua
1422 856 1551 890 purahola
1575 857 1664 888 docet.
1681 857 1752 884 haud

966 902 1051 929 licerc
1077 910 1189 936 regnum
1217 903 1341 936 adipisci,
1368 910 1523 936 quanquam
1548 902 1648 937 alioqui
1669 903 1752 929 multa

104 953 273 989 ἐπειδήπερ
289 954 306 987 ἡ
326 951 457 987 βασιλεία,
471 951 559 986 κρίσει
580 950 642 981 τοὺς
658 948 748 980 ἀξίους
764 948 910 983 παραδεχο-

965 953 1037 975 recte
1049 947 1148 981 aliquis
1164 948 1268 979 fecerit,
1288 948 1337 974 nisi
1358 947 1404 974 Dei
1421 948 1567 974 bonitatem
1590 948 1751 981 iujuriarum

106 999 197 1035 μένη,
215 1000 280 1030 τοὺς
296 998 333 1034 μὴ
355 997 576 1033 συγχωρητικοὺς
598 996 643 1022 καὶ
666 995 711 1021 τὸν
735 993 835 1027 ἀγαθὸν
858 993 912 1018 τῶν

103 1046 182 1072 ὅλων
209 1044 308 1081 κριτὴν
325 1044 395 1070 κατὰ
417 1043 495 1069 τοῦτο
510 1042 693 1077 μιμουμένους
714 1041 743 1066 οὑ
764 1039 913 1075 παραδέχε-

104 1101 166 1119 ται.
185 1092 229 1119 Οὐ
244 1091 299 1126 γὰρ
311 1090 343 1117 ἂν
360 1090 416 1125 ἔχει
430 1098 471 1121 τις
485 1090 570 1115 εἰπεῖν
585 1087 702 1114 τοσαῦτά
713 1095 774 1112 τινα
786 1085 913 1120 πεπλημ-

110 1139 272 1174 μεληκέναι
289 1138 328 1169 εἰς
342 1137 447 1167 ἑαυτὸν,
459 1137 508 1167 ὅσα
522 1144 575 1170 περ
598 1134 676 1165 αὐτὸς
688 1134 732 1159 τὸν
746 1132 834 1158 πάντα
847 1131 911 1166 χρό-

106 1193 157 1212 νον
168 1186 224 1220 τῆς
234 1184 317 1210 αὑτοῦ
328 1183 399 1219 ζωῆς
407 1183 482 1218 παρὰ
493 1183 523 1208 τὸ
536 1182 657 1220 βούλημα
667 1180 713 1206 τοῦ
725 1178 792 1205 θεοῦ
807 1177 911 1214 πράξας

111 1227 264 1265 sebalem;
275 1230 343 1256 ἐστι·
359 1229 424 1256 ποτὲ
438 1229 485 1264 μὲν
499 1228 553 1263 γὰρ
563 1227 608 1254 διὰ
617 1226 663 1253 τοῦ
675 1225 754 1259 λόγου
766 1225 909 1259 πταίομεν,

107 1277 181 1304 ποτὲ
202 1277 230 1303 δὲ
251 1276 284 1302 δι’
301 1276 420 1311 αἰσχρῶν
438 1275 484 1301 καὶ
507 1273 631 1308 πονηρῶν
649 1270 864 1306 ὲπιθυμημᾶτων
881 1278 910 1295 τε

108 1324 161 1350 καὶ
192 1322 330 1359 πράξεων.
355 1321 429 1356 Πλὴν
450 1321 524 1355 ὅμως
550 1319 668 1346 τοσαῦτα
685 1317 836 1347 πταίοντες,
861 1316 911 1342 οὐκ

108 1368 343 1403 ἁπογινὼσκομεν
356 1367 405 1398 τὰς
417 1366 492 1401 παρὰ
506 1365 545 1400 τῷ
560 1365 618 1399 Θεῷ
631 1364 749 1394 ἐλπίδας,
763 1362 807 1389 διὰ
819 1362 849 1388 τὸ
869 1370 911 1395 φι-

108 1412 180 1440 λανθ
186 1421 280 1449 ρωπον
294 1412 340 1438 καὶ
353 1411 513 1443 ἀνεξίκακον
524 1410 585 1444 ὲλεη
591 1408 699 1444 μονικόν
710 1416 739 1433 τε
751 1407 797 1433 καὶ
811 1414 911 1440 συγχω·

111 1457 234 1493 ρητικὺν
250 1456 297 1483 τοῦ
315 1456 392 1482 Θεοῦ.
416 1456 520 1481 Οὐκοῦν
539 1455 634 1480 ἕπεται
656 1453 695 1487 τῷ
718 1451 791 1486 αὑτῷ
808 1452 909 1486 μέτρῳ,

111 1503 162 1530 καὶ
181 1503 257 1538 ἡμᾶς
279 1504 387 1538 μετρεῖν
404 1503 460 1533 τοῖς
477 1503 516 1531 εἰς
532 1501 606 1535 ἡμᾶς
629 1499 825 1534 ἁμαρτάνουσι·
844 1497 910 1531 μηδὲ

111 1549 191 1576 κατὰ
213 1549 260 1575 τὸν
282 1548 384 1583 Πέτρον
401 1546 633 1582 ἀκριϐολογεῖσθαι
654 1546 685 1579 τῇ
710 1543 908 1578 φιλανθρωπίᾳ,

111 1594 162 1620 καὶ
189 1593 287 1629 μέχρις
304 1592 416 1627 ἑϐδόμου
433 1591 548 1626 ἀριθμοῦ
567 1592 621 1621 τοῖς
636 1590 676 1620 εἰς
698 1589 771 1623 ἡμᾶς
784 1589 909 1622 ἡμαρτη-

964 995 1103 1022 oblivione
1125 995 1257 1021 imitetur.
1277 994 1342 1020 Nam
1369 1002 1479 1029 regnum
1497 994 1568 1028 quod
1588 994 1694 1021 nonnisi
1711 994 1751 1028 ju-

964 1041 1035 1067 dicio
1058 1041 1185 1075 probatos
1211 1040 1318 1074 recipit,
1336 1040 1432 1066 alienis
1455 1048 1469 1066 a
1494 1040 1638 1067 clementia
1663 1048 1752 1074 neque

963 1086 1083 1113 omnium
1095 1086 1216 1119 judicem
1237 1086 1286 1113 hac
1303 1086 1402 1113 virtute
1419 1086 1586 1112 imitantibus
1610 1086 1750 1121 haudqua-

963 1140 1041 1166 quam
1064 1137 1147 1166 patet.
1170 1132 1261 1166 Neque
1284 1132 1355 1158 enim
1377 1131 1532 1166 quempiam
1555 1136 1628 1158 tanta
1651 1132 1677 1158 in
1699 1139 1749 1158 nos

962 1185 1089 1212 peccasse
1103 1177 1310 1209 aﬂirmabimns,
1326 1183 1425 1211 quanta
1442 1183 1545 1204 nosmet
1557 1185 1604 1212 per
1618 1177 1750 1204 universa:

963 1224 1024 1251 vitm
1047 1229 1153 1259 tempus
1175 1224 1307 1251 adversus
1325 1224 1370 1250 Dei
1385 1224 1551 1251 voluntatem
1567 1224 1746 1257 patravintus.

964 1270 1078 1304 ideoqm:
1098 1270 1234 1297 debitores
1265 1271 1412 1297 evasimus.
1442 1269 1508 1296 Nam
1522 1270 1604 1296 modo
1627 1277 1751 1297 sermone

961 1316 1132 1346 oii'endimus,
1148 1316 1227 1342 tuodo
1249 1316 1371 1350 turpibus
1386 1316 1545 1349 vitiosisque
1560 1315 1750 1348 cupiditatibus

961 1366 1042 1396 atque
1061 1362 1175 1388 actibus.
1195 1361 1376 1388 Nihilominus
1398 1362 1443 1395 qui
1470 1366 1544 1388 tanta
1558 1361 1749 1394 delinquimus,

962 1407 1085 1434 ﬁduciam
1109 1407 1231 1441 placandi
1258 1407 1303 1433 Dei
1328 1414 1380 1433 non
1396 1406 1558 1438 omittimus,
1573 1413 1652 1439 quem
1670 1404 1750 1432 bene-

962 1453 1050 1479 volmn
1073 1453 1242 1482 hominibus.
1265 1453 1414 1486 patientem
1431 1459 1463 1479 ac
1487 1452 1689 1478 misericordem
1703 1458 1750 1477 ve-

962 1499 1066 1532 niteque
1093 1506 1207 1532 pronum
1231 1498 1341 1525 scimus.
1370 1497 1589 1524 Consentaneum
1607 1502 1648 1524 est
1668 1497 1749 1531 igitur

962 1549 990 1569 ut
1004 1547 1096 1570 eadem
1119 1552 1247 1571 mensura
1274 1544 1316 1575 iis,
1330 1551 1445 1577 quorum
1466 1543 1575 1570 oll'eusae
1595 1543 1622 1569 in
1639 1550 1688 1569 nos
1704 1549 1751 1569 ex-

961 1590 1099 1619 stiterunt,
1122 1589 1272 1623 largiamur
1287 1598 1293 1615 :
1308 1596 1406 1623 neque,
1422 1594 1450 1615 ut
1465 1589 1528 1615 olim
1545 1588 1642 1615 Petrus
1650 1588 1685 1620 “,
1701 1587 1750 1614 Ini-

112 1639 179 1665 κόσι
194 1639 345 1674 συγχωρεῖν
356 1646 362 1652 '
383 1637 452 1664 κατὰ
468 1637 495 1663 δὲ
512 1636 557 1662 τὸν
572 1634 700 1670 συμπαθῆ
718 1634 765 1660 καὶ
778 1633 910 1668 ἐλεήμονα

964 1639 1025 1661 nnta
1046 1634 1231 1661 benevolentia
1254 1635 1350 1666 simus,
1372 1642 1458 1669 neque
1474 1634 1632 1668 iujuriarutn
1653 1633 1750 1660 remis-

112 1683 236 1719 Σωτῆρα
252 1683 330 1719 μέχρι
344 1683 390 1709 τοῦ
410 1682 639 1717 ἐόδομηκοντάκις
660 1680 740 1706 ὲπτά’
759 1680 788 1705 οὐ
805 1680 912 1710 πάντως

112 1730 149 1757 τὰ
155 1729 280 1757 τοσαῦτα
288 1738 321 1756 πε
326 1738 365 1765 ριε
369 1728 452 1764 ργαζο
457 1728 551 1763 μένους
560 1728 745 1763 ἁμαρτήματα
750 1747 756 1758 ,
766 1727 811 1752 καὶ
819 1726 892 1751 ὥσπε
898 1734 912 1760 ρ

112 1776 282 1813 ἀναγραφὴν
293 1775 382 1802 αὐτῶν
398 1775 574 1810 ποιουμένους
590 1773 650 1800 καθ’
663 1774 782 1807 εκάστην
795 1773 910 1807 ἡμέραν,

113 1823 147 1849 ὲκ
166 1822 195 1849 δὲ
215 1822 311 1848 τούτου
332 1821 362 1848 τὺ
382 1821 572 1856 ἀπεριόριστον
587 1819 809 1854 διδασκομένους.
826 1818 912 1844 Πυθο-

116 1868 203 1902 μένου
215 1867 271 1903 γὰρ
283 1867 329 1893 τοῦ
342 1866 446 1901 Πέτρου
459 1867 504 1892 ἐπὶ
516 1866 607 1896 πόσοις
619 1866 675 1896 τοῖς
685 1866 724 1896 εἰς
739 1864 811 1899 ἡμᾶς
824 1864 912 1898 ἀμαρ-

114 1913 279 1948 τανομένοις
302 1913 451 1947 συγχωρεῖν
481 1911 545 1941 δέοι,
569 1910 615 1936 καὶ
634 1909 750 1945 ἀριθμὸν
773 1908 911 1944 ὁρίσαντος

114 1960 165 1987 τὸν
187 1960 241 1991 ἕως
261 1959 385 1990 ἑπτάκις.
403 1960 417 1985 ὁ
434 1958 529 1992 Σωτὴρ
548 1957 593 1983 τὸν
614 1956 666 1987 ἕως
683 1954 912 1990 ἑϐδομηκοντάκις

115 2007 190 2034 ἑπτὰ
205 2007 347 2041 εἰσήγαγε,
365 2005 424 2032 καθ’
437 2005 466 2031 ὃν
478 2004 517 2030 δεῖ
529 2003 576 2029 καὶ
589 2003 663 2038 ἡμᾶς
677 2002 795 2036 ἀφιέναι,
809 2001 912 2032 εἰδότας

116 2053 167 2079 καὶ
181 2051 391 2087 πεπεισμένους,
405 2051 442 2082 ὡς
459 2050 533 2076 ἔσται
548 2048 643 2083 καιρὸς
659 2048 720 2074 καθ’
735 2047 764 2074 ὃν
778 2046 911 2082 συναρθή-

117 2107 198 2125 σεται
218 2098 286 2133 πρὸς
310 2098 383 2132 ἡμᾶς
400 2097 477 2130 λόγος
496 2096 548 2122 ὑπὸ
564 2095 612 2121 τοῦ
640 2095 747 2121 πάντων
774 2092 866 2128 κριτοῦ
882 2100 911 2118 τε

116 2145 168 2172 καὶ
183 2143 326 2179 βασιλέως,
341 2142 450 2169 ἐπειδὰν
465 2143 488 2168 οί
504 2142 602 2173 πάντες
616 2140 800 2176 παραστῶμεν
815 2137 853 2173 τῷ
868 2138 913 2173 βή-

119 2198 187 2225 ματι
199 2189 294 2220 αὐτοῦ,
309 2190 351 2215 ὅτε
366 2186 388 2222 ᾧ
404 2189 495 2224 μέτρῳ
510 2187 673 2224 μετροῦμεν,
686 2184 913 2220 ἀντιμετρηθήσε-

116 2244 164 2262 ται
177 2236 255 2271 ἡμῖν.
281 2235 309 2261 '0
333 2235 382 2270 μὲν
402 2235 456 2271 γὰρ
475 2234 561 2270 μέγας
582 2233 708 2268 βασιλεὺς
722 2231 846 2258 ἐντεῦθεν
861 2230 910 2265 ἤδη

118 2283 204 2310 πᾶσιν
213 2283 281 2317 ἡμῖν
293 2283 348 2312 τοῖς
359 2280 569 2316 χρεωφειλέταις
581 2278 686 2305 πολλῶν
696 2277 833 2304 ταλάντων
842 2276 912 2302 κατὰ

963 1681 1065 1707 sionem
1085 1682 1242 1715 septenario
1264 1688 1377 1708 numero
1400 1685 1586 1713 coarctemus;
1612 1680 1666 1706 into
1687 1686 1749 1706 vero

963 1727 1116 1761 septuagies
1141 1727 1243 1761 septies
1266 1734 1327 1753 cum
1357 1726 1490 1753 clemente
1527 1725 1750 1759 misericordique

965 1771 1109 1799 Servatore
1145 1780 1299 1807 parcamus.
1338 1773 1426 1805 Quare
1459 1771 1576 1799 oﬂ‘ensas
1605 1779 1638 1798 ue
1655 1770 1750 1798 sedulo

963 1818 1133 1849 ventilemus,
1152 1826 1238 1852 neque
1262 1820 1356 1845 barum
1379 1818 1458 1845 veluti
1482 1816 1707 1844 commentarium
1723 1817 1749 1843 in

963 1864 1021 1891 dies
1033 1864 1219 1891 confidamus.
1233 1864 1309 1891 Nunc
1322 1864 1393 1891 enim
1407 1863 1602 1897 indulgentiam
1623 1863 1682 1889 sine
1697 1862 1750 1889 line

965 1909 1104 1937 docemur.
1127 1910 1233 1937 Etenim
1258 1910 1443 1944 interrogante
1466 1909 1548 1936 Petro
1564 1908 1671 1942 quoties
1685 1915 1750 1942 pec-

963 1956 1091 1982 cantibus
1113 1956 1244 1982 adversns
1266 1963 1316 1982 nos
1332 1955 1471 1989 indulgere
1489 1959 1642 1989 oporteret,
1656 1961 1749 1980 nume-

966 2009 1080 2035 rumque
1100 2001 1282 2036 septenarium
1301 2001 1458 2032 deiiniente,
1475 2000 1605 2027 Servator
1617 2006 1700 2034 usque
1714 1999 1749 2025 ad

964 2047 1122 2082 septuagies
1145 2047 1246 2081 septies
1269 2047 1396 2081 produxit
1420 2047 1506 2073 veniae
1535 2046 1630 2072 dandae
1645 2053 1659 2071 ιι
1673 2044 1749 2071 nobis

964 2100 1124 2123 numerum;
1138 2092 1221 2126 probe
1245 2092 1373 2118 nimirum
1394 2093 1522 2123 consciis,
1537 2096 1643 2125 tempus
1666 2089 1750 2117 affore

963 2145 1017 2172 quo
1032 2138 1152 2165 rationes
1161 2138 1300 2164 uobiscum
1313 2142 1447 2171 ponentur
1455 2137 1488 2163 ab
1500 2136 1645 2163 universali
1660 2135 1749 2170 judice

963 2192 994 2211 ac
1009 2191 1081 2218 rege,
1096 2191 1156 2211 cum
1174 2191 1268 2211 omnes
1293 2189 1356 2210 ante
1377 2183 1436 2217 ejus
1458 2182 1576 2209 tribunal
1601 2181 1750 2209 constitue-

964 2238 1034 2258 mur.
1046 2234 1074 2256 et
1089 2237 1141 2264 qua
1165 2238 1292 2256 mensnra
1312 2229 1399 2257 mensi
1422 2229 1564 2259 fuerimus.
1591 2229 1750 2255 retnetietur

964 2276 1051 2302 nobis.
1063 2275 1168 2302 Etenim
1184 2283 1254 2302 nunc
1275 2282 1388 2310 magnus
1402 2283 1448 2302 rex
1467 2274 1574 2302 cunctis
1587 2274 1664 2301 nobis
1681 2274 1750 2300 mul-

117 2329 149 2355 τὸ
163 2328 270 2364 πρέπον
280 2327 360 2354 αὐτοῦ
375 2328 406 2361 τῇ
419 2325 610 2361 φιλανθρωπία
622 2325 651 2350 τὸ
661 2324 714 2350 πᾶν
724 2323 808 2357 ἀνῆκε
821 2322 908 2357 χρέος,

964 2327 1050 2348 lortnn
1068 2322 1229 2348 talentorum
1248 2321 1428 2353 debitoribus,
1442 2326 1520 2355 prout
1537 2328 1614 2347 suam
1627 2320 1749 2347 clemen-

116 2374 181 2405 δοὺς
204 2373 302 2408 ἄφεσιν
327 2372 530 2407 ἁμαρτημάτων
556 2371 602 2396 καὶ
628 2369 770 2403 ἐξαλείψας
794 2368 823 2394 τὸ
849 2367 909 2393 καθ’

116 2419 198 2456 ἡμῶν
211 2419 401 2454 χειρόγραφον⁸
423 2419 503 2452 ἡμεῖς
520 2417 541 2443 δ’
561 2417 607 2442 ἐπὶ
629 2415 741 2451 βραχέσι
757 2414 909 2448 πταίσμασι

118 2467 182 2498 τοὺς
205 2465 363 2495 συνδούλους
386 2463 583 2498 ἁποττνίγομεν,
602 2463 647 2488 καὶ
670 2459 909 2496 παρακαλούμενοι

117 2513 148 2539 οὗ
175 2511 371 2547 συγχωροῦμεν
387 2510 419 2536 τὰ
435 2511 474 2541 εἰς
497 2510 570 2544 ἡμᾶς
594 2507 771 2541 ἐπταισμένα,
798 2505 834 2540 μὴ
850 2505 910 2530 επι-

119 2557 283 2594 μετροῦντες
303 2557 337 2583 τὰ
354 2556 397 2582 ἴσα
417 2553 457 2586 οἷς
475 2554 548 2590 παρὰ
570 2553 635 2580 Θεοῦ
653 2553 841 2587 τετυχήκαμεν
856 2552 911 2581 τοῖς

118 2604 263 2640 ἡμετέροις
286 2603 415 2633 οἰκέταις,
433 2601 556 2634 Eii/67¢»;
578 2598 623 2626 οὖν
640 2599 827 2633 ἀγανάκτησις
849 2595 910 2622 καθ’

117 2651 196 2686 ἡμῶν
209 2649 422 2684 ἐξενεχῡήσεταν
445 2648 490 2674 καὶ
509 2649 523 2673 6
543 2647 590 2682 τὴν
606 2647 695 2672 πᾶσαν
714 2646 778 2680 ἡμῖν
801 2642 910 2677 ὀφειλὴν

117 2698 198 2732 ἀφεὶς
213 2697 350 2731 Δεσπότης
372 2695 459 2721 οὐκέτ’
481 2694 581 2728 ἀφήσει
605 2693 679 2727 ἡμῖν·
698 2691 754 2717 ἀλλ’
778 2687 800 2723 ᾧ
820 2689 910 2724 μέτρῳ

120 2745 334 2780 μεμετρήκαμεν
349 2740 507 2776 ἀσυμπαθεῖ
519 2740 566 2766 καὶ
583 2738 686 2765 ἁνελεεῐ
704 2737 751 2763 καὶ
767 2735 908 2769 ἀποτόμῳ,

118 2791 297 2826 ὲπιμετρήσει
320 2789 393 2823 ἡμῖν·
411 2787 457 2813 καὶ
471 2786 515 2811 τὸν
533 2785 563 2816 ἐξ
582 2784 658 2819 ἡμῶν
681 2784 752 2810 κατὰ
766 2782 819 2808 τῶν
841 2782 909 2816 ἡμε-

118 2836 204 2872 τέρων
220 2834 369 2862 συνδούλων
382 2834 443 2869 ὅρον
459 2832 519 2858 καθ’
533 2830 611 2866 ἡμῶν
630 2830 789 2865 ἐπαρτήσει.
813 2827 909 2862 Ἐφεύ-

155 2930 180 2948 ”
189 2929 273 2957 Hatth
301 2937 378 2963 mu,
393 2928 439 2956 ει.
478 2928 501 2944 ’³
515 2925 593 2959 ibid.,
606 2926 652 2953 2t.

960 2369 1023 2395 tiam
1047 2367 1169 2397 ducebat.
1191 2367 1311 2392 debitum
1333 2367 1446 2398 remisit,
1468 2367 1535 2392 dans
1558 2365 1677 2399 peccatis
1705 2371 1750 2390 ve-

961 2414 1055 2444 niam.
1078 2413 1224 2446 deletisque
1251 2412 1381 2446 Scriptum
1411 2417 1504 2439 contra
1532 2420 1580 2438 nos
1613 2411 1749 2443 t-birogra-

962 2460 1041 2495 phum
1059 2467 1066 2484 :
1081 2466 1129 2485 nos
1145 2464 1234 2485 autent
1253 2460 1324 2485 leves
1344 2460 1378 2485 ob
1392 2458 1487 2492 rulpas
1504 2464 1648 2484 conservos
1663 2455 1748 2482 suffo-

962 2513 1065 2535 camus.
1079 2510 1159 2538 atque
1178 2505 1311 2530 obsecrati
1336 2505 1446 2531 minime
1464 2504 1625 2530 l'eltllllllllth
1640 2509 1698 2535 qua!
1720 2501 1746 2527 ltt

965 2558 1013 2577 nos
1025 2555 1134 2584 peccata
1154 2550 1268 2580 inierint;
1288 2550 1465 2576 fattiiliariluts
1487 2549 1585 2575 nostris
1610 2547 1678 2573 hami
1699 2554 1747 2580 pa-

965 2599 1001 2623 ria
1026 2596 1156 2623 facientes
1173 2596 1215 2627 iis,
1241 2604 1299 2630 ιιιιίυ
1321 2604 1371 2623 nos
1385 2604 1398 2621 a
1416 2596 1473 2622 Dt-o
1489 2593 1627 2621 consecuti
1643 2600 1746 2620 sumus.

963 2643 1060 2670 Merito
1082 2643 1171 2675 itaque
1194 2643 1270 2668 nobis
1285 2643 1419 2667 irascetur
1435 2641 1457 2667 is
1470 2642 1514 2674 qui
1531 2646 1610 2665 omne
1627 2638 1746 2672 debitum

963 2688 1040 2715 nobis
1067 2691 1267 2714 condonavcrat
1293 2688 1420 2714 Dominus
1444 2696 1449 2712 :
1472 2675 1558 2718 neque
1582 2684 1638 2718 jam
1671 2683 1748 2710 nobis

962 2741 1070 2770 parcet;
1104 2736 1148 2762 sed
1170 2743 1221 2769 qua
1251 2742 1377 2761 tllt‘llSllt‘a
1408 2733 1492 2760 mensi
1517 2733 1660 2762 fuerimus.
1681 2731 1747 2759 dum

963 2781 1096 2815 videlicet,
1112 2780 1326 2807 inmnsericorde
1343 2785 1369 2806 et
1379 2786 1486 2814 aspera,
1501 2779 1594 2804 eadem
1614 2777 1690 2804 nobis
1705 2785 1747 2804 re-

962 2828 1079 2860 tribuet;
1109 2827 1243 2861 latamque
1258 2834 1273 2853 a
1290 2825 1368 2853 nobis
1391 2826 1520 2853 adversus
1540 2831 1683 2852 conservos
1698 2831 1748 2850 tto-

1024 2928 1079 2936 ’πρ
