3968 6508
472 416 579 473 εδδ

1143 412 1409 469 EUSEBII
1448 409 1920 469 CESARIENSIS
1951 410 2111 467 0P9.
2152 408 2332 464 PARS
2366 408 2451 462 ΠΙ.
2491 437 2561 447 —
2594 405 3000 462 EXEGETICA.

3598 394 3709 450 581

473 533 615 587 stro's
660 531 1007 595 sententiain,
1041 527 1107 583 de
1140 527 1406 581 nobismet
1441 526 1648 595 pariter
1676 526 1835 579 dicet.
1866 523 2036 579 Secus

2153 543 2222 594 σοι
2252 526 2307 578 δέ
2337 542 2419 587 τις
2446 523 2622 594 ἐαυτῷ
2657 522 2876 593 μέθοδον
2899 519 3108 590 ἀγαθῆς
3136 513 3459 586 ἀποφάσεως
3483 514 3584 583 τῆς
3611 499 3710 568 επἱ

471 638 602 678 vero
634 623 761 678 licet
800 625 995 692 cuique
1035 622 1191 674 bonae
1226 619 1504 673 sententia:
1546 604 1713 685 genus
1750 614 1852 670 sibi
1902 616 2040 684 apud

472 714 602 771 illud
647 714 880 769 tribunal
923 725 1263 779 comparare,
1315 708 1358 762 si
1394 708 1511 775 ipse
1559 714 1713 759 antea
1767 708 1838 759 sit
1888 705 2041 760 beni-

470 822 631 877 gnus,
671 814 725 858 et
756 806 945 859 alienis
969 812 1159 857 contra
1184 816 1241 854 se
1266 799 1503 869 peccatis
1537 798 1827 866 indulgeat.

650 898 695 931 ’δ
722 896 787 951 Et
834 888 1005 950 dicent
1038 896 1182 949 vobis
1207 911 1224 948 :
1251 893 1384 945 Ecce
1412 894 1519 956 hic,
1552 892 1629 946 vel
1658 906 1771 943 erce
1802 889 1930 942 illic.

544 988 669 1046 Hinc
702 991 999 1045 secundum
1048 984 1357 1039 Matthtcum
1407 982 1547 1035 dicta
1588 988 1711 1034 sunt
1752 980 1817 1034 de
1852 978 2040 1031 Hiero-

474 1082 804 1153 solymorum
853 1079 1088 1137 excidio.
1140 1076 1320 1142 Quare
1374 1073 1481 1127 illic
1525 1071 1826 1125 addebatur
1855 1086 1868 1120 :
1897 1057 2041 1121 Tunc

471 1174 560 1245 qui
593 1174 647 1226 in
696 1170 890 1225 Judwa
924 1180 1065 1233 sunt,
1093 1168 1301 1237 fugiant
1331 1167 1397 1218 ad
1430 1174 1634 1216 montes
1660 1162 1725 1214 ’⁸.
1755 1162 2042 1214 Verumta-

475 1283 596 1323 men
634 1268 721 1321 bic
755 1267 819 1319 de
848 1261 1170 1317 Antichristi
1209 1258 1544 1329 temporibus
1571 1255 1831 1309 Servator
1868 1253 2043 1323 prolo-

474 1357 691 1429 quitur;
727 1357 954 1425 ideoque
982 1355 1145 1409 verba
1180 1351 1267 1406 illa
1298 1366 1405 1405 nou
1434 1349 1831 1418 adjunguutur.

613 1449 661 1482 ³⁸
684 1446 922 1501 Primum
955 1454 1157 1515 oportet
1186 1444 1335 1497 illum
1368 1442 1533 1496 multa
1559 1443 1689 1509 pati.

547 1540 641 1595 llis
669 1541 850 1595 verbis
876 1540 1111 1593 futuram
1146 1550 1360 1606 quoque
1394 1535 1684 1603 aliquando
1718 1532 2042 1601 apostasiam

476 1633 657 1687 innuit
683 1633 807 1685 dum
845 1631 921 1684 ait
952 1646 967 1682 :
1005 1628 1243 1683 Primum
1282 1633 1495 1694 oportet
1531 1623 1676 1675 illum
1718 1623 1880 1675 multa
1909 1623 2039 1691 pati,

474 1732 531 1777 et
569 1721 845 1792 reprobari
892 1734 921 1772 a
967 1716 1319 1788 generatione
1358 1715 1481 1776 bac,
1509 1727 1701 1781 nempe
1740 1712 2041 1765 hominum.

477 1813 610 1869 Nam
658 1811 931 1881 repulsum
970 1794 1150 1877 atque.
1178 1808 1542 1876 improbatum
1590 1805 1655 1858 iri
1692 1801 2039 1872 Evangelium

2140 618 2231 670 τοῦ
2272 617 2647 687 δικαιωτηρίου
2682 613 3189 683 ἐξενεχθησομένης,
3218 613 3266 662 εί
3302 607 3585 679 προλαϐὼν
3614 618 3713 673 γε-

2141 728 2280 764 νοιτο
2310 709 2685 779 φιλάνθρωπος
2731 708 2825 758 καὶ
2866 705 2971 757 τῶν
3007 706 3086 766 είς
3122 702 3282 756 αὑτὸν
3326 697 3715 770 ἁμαρτανομέ-

2140 821 2244 856 νων
2276 801 2700 871 συθίχωρητικός.

2242 895 2350 948 Καὶ
2380 893 2623 962 ἐροῦσιν
2650 892 2821 962 ὐμῖνο
2868 889 3011 945 Ἰδοὺ
3044 883 3179 951 ὦδε,
3224 887 3260 953 ἢ
3294 884 3419 939 ἰδοὺ
3453 883 3599 938 ἐκεῖ.

2211 983 2391 1035 Ταῦτα
2434 982 2572 1035 κατά
2615 983 2712 1051 μὲν
2760 982 2851 1033 τὸν
2888 978 3160 1033 Ματθαῖον
3204 976 3421 1043 ἐλέγετο
3456 971 3715 1043 περὶτῆς

2142 1071 2472 1145 ἐρημώσεως
2535 1072 2888 1141 Ἰερουσαλήμ
2920 1070 3028 1138 (66)
3053 1086 3066 1098 '
3116 1068 3196 1120 διὸ
3229 1067 3322 1119 καὶ
3354 1065 3709 1135 προσέκειτο·

2147 1165 2282 1217 Τότε
2310 1166 2361 1216 ol
2388 1164 2457 1216 ἐν
2494 1162 2567 1230 τῇ
2619 1164 2874 1228 Ἰουδαίᾳ
2919 1159 3302 1229 φευγέτωσαν
3329 1160 3415 1221 εἰς
3457 1158 3529 1209 τὰ
3576 1155 3712 1224 ὄρη*

2141 1253 2371 1307 ἐνταῦθα
2401 1255 2455 1307 δὲ
2474 1254 2599 1325 περὶ
2628 1254 2735 1305 τῶν
2768 1255 2973 1324 καιρῶν
3000 1253 3090 1306 τοῦ
3124 1248 3489 1318 Ἀντιχρίστου
3517 1246 3715 1317 προλέ-

2141 1364 2253 1416 γει·
2290 1345 2368 1399 διὸ
2394 1347 2455 1398 ού
2496 1346 2811 1416 πρόσκειται
2844 1346 3016 1398 τοῦτο.

2387 1437 2624 1505 Πρῶτον
2662 1436 2752 1490 δεῖ
2782 1437 2967 1490 αὐτὸν
3004 1432 3202 1487 πολλὰ
3227 1430 3438 1485 παθεῖν

2209 1530 2509 1583 Αίνίττεται
2530 1530 2585 1582 δὲ
2618 1530 2709 1581 καὶ
2732 1531 2788 1581 ὲν
2816 1528 3026 1589 τούτοις
3051 1527 3149 1596 τήν
3176 1541 3305 1577 ποτε
3338 1520 3714 1591 γενησομένην

2141 1623 2474 1676 ἀποστασίαν
2513 1620 2712 1673 εἰπών’
2751 1620 2970 1691 Πρῶτον
3004 1618 3061 1670 δὲ
3089 1617 3169 1669 δεῖ
3196 1615 3358 1669 αὐτὸν
3394 1611 3562 1665 πολλὰ
3599 1628 3713 1663 πα-

2142 1715 2252 1767 θεῖν
2286 1714 2377 1767 καὶ
2409 1710 2906 1781 ἀποδοκιμασθῆναι
2952 1709 3058 1762 ἀπὸ
3104 1708 3201 1776 τῆς
3244 1706 3434 1775 γενεᾶς
3477 1703 3710 1772 ταύτης,

2140 1807 2375 1877 δηλονότι
2422 1806 2522 1875 τῆς
2566 1805 2672 1857 τῶν
2709 1802 3035 1874 ἀνθρώπων·
3067 1797 3435 1869 “causam
3473 1794 3581 1865 γὰρ
3614 1794 3713 1845 καὶ

477 1902 613 1972 ejus,
643 1899 1004 1970 populumque
1031 1897 1272 1964 ejusdem
1303 1908 1631 1964 magnopere
1672 1891 1923 1945 alilictum
1953 1891 2039 1955 iri,

2153 1899 2639 1971 ἀποδοκιμασθῆναι
2690 1897 2780 1949 τὸν
2825 1895 2953 1964 περὶ
3003 1890 3164 1945 αὑτοῦ
3204 1890 3383 1957 λόγον,
3433 1886 3604 1939 πολλά
3648 1901 3710 1936 τε

475 1992 802 2046 vaticinatus
833 2000 947 2056 est;
982 1990 1097 2043 sive
1124 1990 1176 2041 in
1207 1986 1518 2041 consecutis
1550 1985 1744 2039 deinde
1786 1998 2042 2053 persecu-

478 2083 738 2148 tionibus,
765 2078 964 2153 quibus
998 2079 1307 2134 furentibus
1342 2085 1600 2132 sexcenta
1635 2077 1751 2145 ipse
1783 2074 2043 2129 Servatur

475 2190 666 2245 passus
687 2184 790 2240 est,
827 2173 1134 2228 maledictis
1163 2172 1441 2226 hominum
1469 2170 1774 2238 appetitus;
1802 2169 1916 2222 sive
1943 2167 2043 2221 Ec-

477 2262 639 2319 clesia
669 2265 787 2332 ejus
816 2273 977 2332 atque
1009 2261 1253 2315 doctrina
1301 2273 1426 2312 cum
1475 2258 1848 2327 exagitaretur
1878 2266 2043 2325 atque

476 2350 908 2425 oppugnaretui';
969 2351 1083 2407 sive
1151 2350 1204 2405 in
1263 2349 1501 2403 universi
1558 2347 2042 2413 consummatione,

476 2460 601 2501 cum
631 2442 980 2514 Evangelium
1015 2439 1133 2509 ejus
1174 2440 1397 2493 omnino
1436 2438 1850 2508 improbabitur,
1883 2449 2045 2509 atque

476 2548 544 2589 ex
574 2531 1022 2587 hominum-coetu
1050 2530 1525 2584 exterminabitur.

631 2623 675 2656 ⁸⁷
702 2620 768 2674 Et
789 2623 922 2676 sicut
947 2622 1139 2674 accidit
1182 2618 1390 2673 Noachi
1424 2622 1759 2689 temporibus,
1787 2632 1891 2677 etc.

549 2714 639 2770 Sic
670 2715 833 2783 igitur
867 2712 1100 2782 repulso,
1136 2712 1211 2764 uti
1233 2710 1433 2765 dictum
1462 2718 1566 2775 est,
1595 2726 1692 2779 per
1718 2713 2043 2781 apostasiam

477 2821 727 2863 sermone
771 2805 1107 2875 evangelieo,
1166 2817 1319 2857 more
1371 2802 1637 2856 malorum
1685 2818 1804 2872 qua:
1858 2803 2044 2858 diluvii

479 2908 717 2968 tempore
742 2897 1104 2966 contigerunt,
1129 2894 1328 2963 impiis,
1362 2894 1555 2962 inquit,
1594 2894 1905 2949 hominibus
1933 2896 2048 2949 exi-

479 2990 610 3046 tium
632 2992 994 3060 superveniet.
1019 2987 1084 3041 Et
1114 2987 1328 3056 quidem
1366 2987 1507 3040 sicut
1536 3000 1724 3041 omnes
1756 2999 1880 3042 tunc
1917 3004 2045 3057 per—

478 3085 658 3139 ierunt
679 3123 695 3148 ,
735 3083 976 3151 exceptis
1020 3082 1284 3135 duntaxat
1308 3082 1399 3149 qui
1432 3096 1554 3135 cum
1580 3079 1802 3134 Noacbo
1834 3081 1886 3133 in
1918 3094 2043 3134 arca

479 3177 875 3241 constiterant;
905 3173 980 3226 ita
1014 3173 1067 3227 iu
1098 3172 1310 3226 Domini
1343 3174 1599 3238 adventu,
1629 3172 1844 3226 scelesti
1870 3172 2045 3225 homi-

480 3281 577 3323 nes
618 3281 715 3336 per
746 3264 1034 3334 apostasia:
1074 3272 1285 3332 tempus
1327 3264 1542 3317 luxuria
1587 3272 1642 3318 et
1693 3264 2047 3318 ebrietatibus

479 3366 535 3414 et
572 3357 772 3427 nuptiis
805 3363 859 3411 et
894 3357 1104 3411 caeteris
1144 3356 1265 3409 vita:
1294 3354 1658 3424 voluptatibus
1683 3355 1951 3422 occupati,
1985 3370 2047 3410 ea

482 3447 692 3503 ratione
720 3446 975 3515 peribunt
1002 3460 1107 3514 qua
1138 3444 1212 3498 illi
1251 3444 1455 3499 Noacbi
1479 3455 1639 3500 aetate
1676 3447 1886 3500 diluvio
1917 3446 2042 3500 sub-

484 3538 667 3593 mersi.
697 3537 774 3591 Ne
806 3537 929 3606 quis
951 3546 1129 3589 autem
1156 3536 1494 3589 existimaret
1522 3536 1619 3589 bos
1656 3550 1869 3605 quoque
1895 3535 2049 3603 aquis

480 3633 729 3684 obrutum
768 3628 855 3690 iri,
887 3640 1109 3681 necesse
1144 3624 1245 3679 fuit
1296 3625 1408 3679 Loti
1470 3628 1776 3695 exemplum
1809 3639 2048 3681 comme-

482 3735 695 3776 morare
722 3738 736 3785 ;
771 3721 941 3783 Sicut,
974 3719 1172 3788 inquit,
1203 3717 1321 3770 Loti
1350 3729 1576 3787 tempore
1598 3719 1816 3771 edebant
1838 3726 1889 3771 et
1912 3718 2051 3770 bibe-

480 3814 630 3874 bant,
680 3820 735 3865 et
782 3809 1035 3879 reliqua:
1070 3806 1240 3862 Porro
1298 3810 1384 3862 die
1435 3825 1537 3877 qua
1592 3807 1754 3862 Lotus
1809 3808 2049 3862 Sodomis

478 3916 717 3971 egressus
752 3908 852 3961 est.
880 3901 1013 3969 ignis
1046 3898 1172 3953 caelo
1197 3897 1329 3967 pluit
1361 3908 1676 3969 cunctosque
1698 3899 1897 3952 incolas
1930 3915 2049 3966 per-

479 3991 637 4045 didit.
673 3990 1021 4062 ﬂujusmodi,
1052 3991 1246 4059 inquit,
1277 3992 1391 4044 dies
1414 3990 1512 4044 erit
1539 4006 1643 4060 qua
1679 3988 1850 4043 Filius
1878 3990 2050 4043 homi-

482 4086 564 4139 nis
594 4084 913 4138 revelabitur
934 4083 1001 4139 ¹⁸.
1033 4084 1240 4151 Quibus
1268 4085 1448 4140 verbis
1500 4085 1725 4155 mystice
1761 4086 2048 4139 admodum

481 4188 546 4228 ac
570 4172 887 4227 terribiliter
916 4174 1094 4239 docet,
1135 4174 1251 4228 fore
1280 4183 1337 4227 ut
1388 4176 1513 4242 igne
1550 4188 1616 4226 ac
1647 4174 1857 4228 sulfure
1900 4173 2052 4228 caelis

484 4268 652 4321 misso
679 4266 873 4336 impios
901 4281 1089 4320 oumes
1119 4266 1199 4320 ira
1246 4265 1339 4321 Dei
1380 4266 1667 4333 corripiat.
1695 4267 1901 4320 Idcirco
1947 4265 2047 4318 im-

484 4356 603 4424 pios
632 4356 773 4409 hanc
818 4356 959 4411 diem
1002 4359 1193 4410 adesse
1236 4369 1457 4410 orantes
1496 4357 1806 4426 prophetica
1837 4370 1939 4409 vox
1972 4355 2053 4407 in-

486 4456 673 4515 crepat
744 4448 974 4501 dicens:
1010 4446 1102 4500 Vae
1146 4449 1565 4501 desiderantibus
1611 4451 1748 4500 diem
1804 4446 2051 4500 Domini!

2142 1993 2330 2046 παθεῖν
2355 1991 2443 2044 τὸν
2469 1990 2630 2044 αὑτοῦ
2656 1988 2803 2051 λαὸν,
2839 1986 3120 2039 ἐθέσπισεν
3138 2000 3153 2014 ο
3183 1983 3291 2036 εἴτε
3339 1984 3395 2033 ἐν
3430 1982 3541 2042 τοῖς
3571 1975 3711 2048 μετά

2140 2083 2311 2136 ταῦτα
2341 2082 2619 2150 διωγμοῖς,
2665 2077 2786 2131 καθ’
2816 2075 2909 2139 οὓς
2951 2074 3119 2145 μυρία
3157 2070 3422 2125 πέπονθεν
3454 2068 3614 2130 αὐτός
3648 2082 3708 2118 τε

2144 2172 2623 2244 βλασφημούμενος
2647 2172 2674 2223 ὁ
2701 2170 2887 2240 Σωτὴρ
2917 2166 3067 2238 παρὰ
3091 2168 3201 2228 τοῖς
3232 2162 3555 2234 ἀνθρώποις,
3585 2160 3619 2228 ἦ
3646 2175 3707 2210 τε

2155 2265 2448 2335 Ἐκκλησία
2491 2261 2655 2315 αὑτοῦ
2684 2262 2776 2314 καὶ
2809 2263 2837 2313 ὁ
2860 2259 3016 2327 λόγος
3047 2256 3397 2325 ἐλαυνόμενος
3422 2253 3516 2305 καὶ
3544 2250 3705 2304 πολε-

2146 2357 2438 2427 μούμενος
2474 2355 2583 2408 εἴτε
2615 2354 2751 2425 πρὸς
2795 2352 2871 2422 τῷ
2917 2352 3131 2403 πάντων
3169 2348 3332 2411 τέλει,
3365 2346 3484 2399 καθ’
3514 2346 3542 2397 ὃ
3571 2346 3709 2398 ἀπο-

2142 2447 2597 2517 δοκιμασθήσεται
2623 2445 2851 2515 πάμπαν
2873 2440 3198 2511 ἀποϐληθεὶς
3225 2439 3333 2492 ἀπὸ
3355 2437 3453 2507 τῆς
3482 2436 3589 2488 τῶν
3617 2435 3710 2495 ἀν·

2145 2540 2373 2611 θρώπων
2400 2540 2611 2608 γενεᾶςς

2144 2632 2251 2686 Καὶ
2268 2630 2458 2696 καθὼς
2478 2628 2709 2699 ἐγένετο
2730 2644 2798 2680 εν
2819 2625 2944 2690 ταῖς
2964 2623 3207 2693 ἡμέραις
3230 2621 3334 2675 τοῦ
3355 2620 3499 2685 Νῶε,
3520 2636 3574 2671 κ.
3588 2635 3639 2670 τ.
3656 2616 3706 2671 λ.

2214 2723 2373 2776 υῦτω
2412 2722 2612 2783 τοίνυν,
2658 2720 2732 2782 ὼς
2779 2718 3013 2790 εἴρηται,
3068 2713 3421 2784 ἐκϐληθέντος
3472 2711 3559 2765 διά
3614 2710 3712 2779 τὴν

2145 2814 2478 2868 ἀποστασίαν
2512 2812 2604 2866 τοῦ
2658 2812 2816 2879 λόγου
2868 2808 2961 2861 τοῦ
3006 2806 3381 2875 εὐαγγελικοϋ,
3430 2802 3570 2856 κατά
3615 2800 3712 2872 τὴν

2145 2908 2400 2977 ὁμοίωσιν
2441 2904 2549 2957 τῶν
2588 2903 2681 2956 ὲπὶ
2710 2902 2801 2955 τοῦ
2851 2896 3234 2967 κατακλυσμοῦ
3268 2893 3711 2966 συμϐεϐηκότων,

2146 3000 2174 3051 ὁ
2199 2997 2337 3050 κατά
2367 2996 2476 3049 τῶν
2501 2994 2712 3049 ἀσεϐῶν
2737 2992 2954 3063 ὄλεθρος
2983 2990 3352 3061 ἐπιστήσεται,
3378 2986 3529 3057 φησί.
3574 2984 3713 3036 Ἀλλ’

2147 3087 2222 3150 ὼς
2244 3087 2363 3139 τότε
2395 3086 2600 3148 πάντας
2636 3085 2733 3155 μὲν
2760 3082 3058 3145 ἀπώλεσεν,
3093 3082 3153 3135 οὺ
3180 3081 3285 3151 μὴν
3315 3079 3408 3133 καὶ
3434 3080 3558 3140 τοὺς
3594 3093 3715 3129 συν-

2148 3176 2418 3249 ηγμένους
2457 3178 2572 3246 ἃμα
2626 3175 2702 3245 τῷ
2745 3176 2866 3229 Νῶε
2913 3178 2969 3227 ὲν
3030 3176 3095 3244 τῇ
3146 3171 3383 3241 κιϐωτῷ,
3435 3169 3579 3223 οὕτω
3621 3170 3715 3223 καὶ

2150 3270 2241 3323 ἐπὶ
2277 3270 2378 3338 τῆς
2422 3268 2586 3322 αὑτοῦ
2626 3268 2925 3339 παρουσίας
2972 3269 3020 3320 οἱ
3072 3267 3168 3336 μὲν
3202 3265 3417 3328 ἀσεϐεῖς
3448 3261 3589 3316 κατά
3625 3260 3715 3315 τὸν

2149 3359 2334 3429 καιρὸν
2364 3358 2463 3427 τῆς
2501 3358 2832 3420 ἀποστασίας
2871 3359 3100 3427 τρυφαῖς
3141 3356 3233 3409 καὶ
3274 3354 3463 3425 μέθαις
3492 3353 3587 3405 καὶ
3620 3351 3717 3419 γά-

2152 3467 2271 3520 μοις
2297 3449 2388 3502 καὶ
2410 3452 2530 3511 ταῖς
2552 3448 2643 3501 τοῦ
2671 3447 2782 3517 βίου
2809 3446 3020 3518 ἡδοναῖς
3048 3445 3495 3517 κατατριϐόμενοι
3516 3443 3716 3513 ὁμοίως

2148 3546 2256 3605 τοῖς
2295 3544 2384 3594 ἐπὶ
2410 3541 2501 3594 τοῦ
2526 3540 2648 3593 Νῶε
2682 3538 3141 3600 κατακλυσθέντες
3166 3535 3508 3590 ἀπολοῦνται.
3548 3535 3717 3605 ’Υπὲρ

2148 3636 2203 3688 δὲ
2235 3636 2328 3688 τοῦ
2366 3636 2439 3705 μή
2468 3652 2587 3687 τινα
2618 3634 2835 3703 νομίσαι
2866 3633 2933 3685 δι’
2962 3632 3150 3694 ὓδατος
3176 3632 3268 3685 καὶ
3300 3630 3519 3692 τούτους
3542 3645 3715 3683 κατα-

2150 3726 2566 3797 κλυσθήσεσθαι,
2602 3726 2913 3794 ἀναγκαίως
2940 3723 3018 3792 τῷ
3058 3725 3149 3776 ἐπὶ
3176 3723 3269 3775 τοῦ
3300 3722 3423 3776 Λὼτ
3454 3722 3716 3791 κέχρηται

2151 3819 2580 3890 παραδείγματι,
2612 3816 2815 3881 Καθὼς
2836 3815 3092 3884 ἐγένετο,
3122 3814 3315 3881 λέγων,
3340 3814 3409 3865 ἐν
3431 3812 3558 3877 ταῖς
3586 3811 3720 3879 aps.

2143 3926 2278 3978 ραις
2295 3907 2443 3971 Λὼτ,
2462 3907 2935 3975 ἤσθιον,ἐπινον,
2963 3906 3057 3958 καὶ⁸
3084 3904 3150 3956 τὰ
3164 3904 3309 3973 ἑξῆς·
3331 3897 3411 3974 ⁷ῌ
3437 3900 3504 3954 δὲ
3530 3900 3719 3969 ἡμέρᾳ

2150 3997 2370 4065 ἐξῆλθε
2412 3996 2541 4051 Λὼτ
2580 3996 2699 4049 ἀπὸ
2740 3993 3016 4062 Σοδόμων
3040 3993 3241 4062 ἔϐρεξε
3275 3992 3393 4061 πῖῬ
3418 3993 3517 4044 ἀπ’
3546 3994 3719 4059 οὐρα-

2151 4087 2262 4141 νοῦ
2298 4088 2393 4140 καὶ
2436 4086 2710 4140 ἀπώλεσε
2757 4086 3006 4151 πάντας.
3054 4084 3215 4139 Κατὰ
3252 4084 3323 4136 τὰ
3357 4082 3507 4135 αὐτὰ
3548 4082 3721 4134 ἔσται

2150 4175 2190 4251 ᾖ
2232 4180 2421 4249 ἡμέρᾳ
2460 4184 2491 4233 ό
2535 4180 2664 4244 Υἱὸς
2705 4179 2811 4235 τοῦ
2851 4177 3163 4246 ἀνθρώπου
3209 4176 3717 4230 (incenduntura-

2155 4273 2358 4344 σφόδρα
2393 4274 2717 4343 ἀπορῤήτως
2760 4272 2875 4325 καὶ·
2899 4269 3145 4341 φοϐερῶς
3175 4269 3438 4321 διδάσκων
3471 4269 3552 4322 ὅτι
3589 4266 3721 4335 πυρὶ⁸

2154 4366 2247 4417 καὶ
2285 4364 2412 4434 θείῳ
2443 4368 2536 4418 ἀπ’
2568 4363 2795 4435 οὐρανοῦ
2830 4362 3308 4432 καταπεμπομένῳ
3343 4362 3466 4422 τοὺς
3508 4357 3721 4418 ἀσεϐεῖς

2155 4457 2361 4519 πάντας
2403 4458 2434 4525 ἡ
2483 4457 2618 4526 ὀργὴ
2660 4455 3068 4526 μετελεύσεται·
3106 4453 3186 4505 διὸ
3225 4456 3334 4515 τοῖς
3386 4452 3483 4521 μὲν
3511 4450 3721 4521 ἡμέραν

490 4532 641 4590 Cur?
680 4533 831 4588 Vobis
856 4536 968 4621 Ita’c
994 4536 1126 4600 dies,
1157 4538 1381 4590 tenebrae
1410 4548 1457 4590 et
1486 4553 1591 4590 non
1620 4536 1734 4598 lux.
1765 4539 1875 4589 dies
1915 4548 2046 4589 tene-

2154 4548 2356 4616 ταύτην
2389 4547 2675 4615 ἐπιστῆναι
2708 4545 3019 4615 εὐχομένοις
3067 4542 3318 4597 ἀσεϐέσιν
3346 4543 3378 4610 ἡ
3412 4538 3721 4610 προφητικὴ

488 4627 702 4682 brarstnt
725 4636 773 4679 et
804 4616 1069 4696 caliginis,
1091 4630 1200 4682 dies
1235 4630 1553 4681 calamitatis
1585 4637 1634 4681 et
1667 4631 1959 4680 exterminii
1984 4628 2048 4687 ¹⁹,

491 4717 693 4773 Sedulo
719 4728 899 4771 autem
928 4718 1188 4772 Servator
1219 4721 1306 4773 bic
1336 4734 1548 4789 quoque
1578 4720 1739 4783 cavit,
1765 4720 2052 4787 quominus

489 4813 697 4868 diceret
751 4813 927 4881 ignem
961 4822 1016 4866 et
1052 4814 1226 4867 sull'ur
1269 4823 1430 4867 antea
1465 4812 1601 4867 cmlo
1632 4814 1833 4883 pluisse
1867 4814 1919 4865 in
1948 4813 2050 4865 im-

491 4907 610 4977 pios
657 4904 1020 4959 Sodomorum
1064 4907 1235 4966 cives.
1267 4921 1428 4974 quam
1478 4905 1644 4961 Lotus
1674 4921 1924 4975 egressus
1958 4920 2050 4959 eo-

491 5014 610 5056 rum
637 5007 781 5052 cmtu
806 5000 1175 5065 se'pararetur.
1211 4977 1301 5051 Sic
1326 4997 1583 5050 diluvium
1623 5013 1795 5067 neque
1829 4998 2053 5051 inunda-

492 5091 592 5157 vit,
646 5105 820 5159 neque
871 5088 1061 5142 mersit
1105 5088 1388 5141 universos
1422 5088 1569 5141 orbis
1620 5088 1842 5154 incolas,
1872 5089 2053 5155 prius-

493 5197 654 5253 quam
708 5181 962 5237 Noachus
1009 5184 1060 5235 in
1111 5195 1293 5235 arcam
1333 5181 1601 5233 introiret.
1635 5180 1713 5233 ita
1752 5194 1971 5248 prorsus
2001 5180 2052 5232 in

496 5278 680 5333 mundi
721 5276 1186 5333 consummatione
1234 5276 1371 5329 haud
1405 5285 1528 5328 ante
1572 5286 1891 5327 eventurum
1931 5290 2051 5342 per-

495 5371 735 5426 euntium
769 5371 1053 5440 impiorum
1085 5369 1345 5421 diluvium
1399 5367 1497 5427 ait.
1528 5380 1688 5433 quam
1742 5366 1791 5417 in
1840 5365 2048 5418 caelesti

498 5476 625 5516 arca
660 5473 1055 5533 congregemur
1096 5461 1391 5516 incolumes
1438 5459 1766 5528 quicumque
1814 5468 1940 5511 tunc
1980 5457 2049 5526 pii

499 5554 745 5610 homines
771 5564 948 5621 erunt,
985 5568 1207 5623 prorsus
1238 5560 1294 5605 ut
1321 5550 1525 5605 Noachi
1569 5548 1869 5618 exemplum
1906 5562 2053 5602 reuo-

2158 4638 2307 4708 φωνὴ
2334 4636 2738 4689 ὲποινατείνεται
2768 4636 3023 4704 λέγουσαι
3053 4634 3195 4688 Οὐαὶ
3219 4636 3270 4685 ot
3295 4629 3723 4698 ἐπιθυμοῦντες

2157 4729 2270 4797 τὴν
2300 4728 2526 4797 ἡμέραν
2577 4730 2796 4796 Κυρίου
2814 4728 2832 4779 .'
2874 4729 2999 4782 Ἵνα
3045 4727 3102 4779 τί
3120 4742 3137 4789 ;
3170 4724 3337 4793 ’Υμῖν
3369 4724 3520 4790 αῦτη
3554 4724 3721 4777 ἔσται

2156 4821 2391 4883 σκότος,
2426 4818 2522 4871 καὶ
2560 4820 2630 4872 οὺ
2662 4816 2806 4886 φῶς,
2838 4817 3027 4886 ἡμέρα
3052 4818 3313 4881 σκότους
3345 4814 3440 4868 καὶ
3471 4814 3715 4883 γνόφου,

2154 4911 2341 4981 ἡμέρα
2378 4911 2777 4978 ταλαιπωρίας
2832 4910 2928 4962 καὶ
2993 4907 3351 4978 ἀφανισμοῦ.
3412 4904 3623 4975 Στόδρα
3664 4902 3717 4955 δὲ

2157 5006 2395 5075 ἀκριϐῶς
2429 5007 2519 5057 καὶ
2548 5002 2779 5055 ἐνταῦθα
2812 5004 3074 5072 ἐτήρησεν
3097 5005 3124 5055 ὁ
3151 5001 3338 5071 Σωτὴρ
3375 5000 3433 5052 ού
3465 4997 3720 5069 πρότερον

2156 5093 2216 5146 τὺ
2250 5095 2359 5165 πῦρ
2404 5093 2569 5147 εἰπὼν
2602 5094 2695 5147 ἀπ’
2736 5093 2963 5164 ούρανοῦ
3011 5094 3105 5145 καὶ
3151 5092 3211 5143 τὸ
3260 5091 3398 5143 θεῖον
3432 5087 3720 5158 κατεληλυ-

2160 5185 2305 5238 θέναι
2340 5187 2429 5238 ἐπὶ
2458 5188 2580 5249 τοὺς
2608 5187 2663 5237 ὲν
2691 5184 2942 5253 Σοδόμοις
2975 5182 3210 5245 ἀσεϐεῖς,
3242 5182 3274 5252 ἢ
3308 5182 3398 5234 τὸν
3430 5178 3551 5232 Λὼτ
3582 5178 3721 5244 ἐξελ-

2158 5273 2288 5337 θεῖν,
2326 5276 2418 5327 καὶ
2456 5274 2787 5344 χωρισθῆναι
2838 5272 2894 5337 ἐξ
2935 5272 3131 5325 αὐτῶν.
3178 5270 3333 5324 υῦτω
3366 5269 3459 5321 καὶ
3498 5269 3590 5320 ἐπὶ
3630 5266 3718 5319 τοῦ

2158 5366 2536 5435 κατακλυσμοῦ
2570 5367 2629 5418 οὐ
2660 5365 2921 5436 πρότερον
2952 5363 3184 5432 ἐπῆλθεν
3208 5359 3361 5425 οὗτος
3396 5360 3489 5414 καὶ
3520 5360 3719 5419 πάντας

2156 5459 2401 5512 ἀπώλεσε
2430 5460 2552 5521 τοῦς
2585 5459 2723 5511 κατά
2756 5458 2857 5527 γῆν
2883 5456 3186 5518 οἰκοῦντας,
3218 5456 3250 5525 ἧ
3287 5455 3375 5507 τὸν
3404 5451 3527 5505 Νῶε
3558 5449 3721 5502 εἰσελο

2159 5550 2269 5603 θεῖν
2309 5554 2387 5615 εἰς
2424 5551 2521 5619 τὴν
2564 5549 2813 5602 κιϐωτόν.
2860 5549 3017 5602 Κατά
3045 5547 3111 5599 τά
3144 5546 3281 5599 αῦτά
3313 5544 3483 5597 τοίνυν
3509 5542 3602 5595 καὶ
3634 5538 3719 5591 ἐπὶ

567 5737 614 5771 ³⁸
638 5736 767 5792 Luc.
799 5753 928 5804 xm,
951 5737 1044 5794 23.
1083 5739 1128 5770 "
1151 5738 1337 5792 Matth.
1368 5751 1515 5800 xxiv,
1536 5730 1626 5790 iii.
1704 5735 1748 5765 "
1779 5734 1909 5788 Luc.
1930 5734 2173 5789 κιτιλᾷ
2248 5735 2288 5767 ³⁷
2326 5734 2457 5787 ibid.
2494 5732 2583 5811 2η.
2659 5730 2850 5786 "Luc.
2887 5745 3015 5809 xvu\,
3044 5728 3228 5782 98-50.
3306 5728 3349 5758 "
3372 5727 3535 5779 Amos
3560 5739 3612 5786 v,
3642 5719 3719 5776 l8.

569 5832 681 5905 (66)
711 5831 909 5889 Confer
940 5833 1299 5905 TheOpbanize
1331 5833 1690 5904 fragmentum
1720 5847 1772 5899 χ,
1792 5830 1896 5887 col.
1918 5828 2047 5885 655.
