3968 6550
205 494 297 555 885
1393 484 1777 551 COMMENTA

1885 515 1898 546 ι
1931 491 2000 547 ΙΝ
2037 491 2288 548 LUCAM.

3334 496 3438 555 586

202 613 287 683 τῆς
316 608 629 673 συντελείας
654 607 714 663 οὐ
745 602 1007 683 πρότερον
1036 605 1253 664 ἔσεσθαι
1275 606 1367 663 τὸν
1391 608 1771 680 κατακλυσμὸν

1885 617 2050 666 retur.
2080 607 2287 674 Quibus
2313 607 2477 664 etiam
2503 614 2783 670 commode
2823 617 3034 672 dicetur
3063 618 3442 688 propheticum

202 706 291 774 τῆς
334 701 613 773 ἀπωλείας
643 701 751 757 τῶν
784 702 994 756 ἀσεϐῶν
1028 719 1211 775 φησιν,
1246 699 1280 773 ἢ
1326 701 1653 773 συναχθῆναι
1688 703 1768 765 είς

201 798 290 869 τὴν
329 796 656 869 ἐπουράνιον
705 796 798 850 τοῦ
846 797 982 850 Θεοῦ
1018 796 1270 859 κιϐωτὸν,
1313 797 1407 849 καὶ
1438 794 1767 865 διασωθῆναι

200 892 313 954 τοὺς
336 889 461 943 τότε
486 887 947 960 εὑρεθησομένους
968 890 1062 943 τοῦ
1087 888 1221 943 Θεοῦ
1255 887 1595 960 ἀνθρώπους,
1627 887 1768 942 κατά

200 981 252 1035 τὺ
278 981 632 1054 παράδειγμα
658 979 720 1034 τὸ
748 982 842 1035 ἐπὶ
887 983 980 1035 τοῦ
1015 981 1139 1036 Νῶε
1159 999 1173 1012 θ
1207 978 1288 1046 οἷς
1316 983 1408 1035 καὶ
1448 981 1767 1053 λεχθήσεται

199 1073 329 1128 κατά
370 1073 567 1145 καιρὸν
615 1074 677 1127 τὸ
726 1073 1061 1147 προφητικὸν
1109 1075 1310 1128 ἐκεῖνο·
1354 1066 1579 1139 Βάδιζε,
1617 1074 1766 1139 λαός

194 1183 319 1235 μου,
350 1165 598 1220 εἴσελθε
633 1166 719 1230 είς
742 1166 809 1219 τὸ
830 1166 1071 1236 ταμεῖόν
1094 1178 1233 1231 σου,
1268 1166 1362 1219 καὶ
1385 1165 1455 1217 τὰ
1485 1157 1629 1235 ἑξῆς,
1655 1164 1766 1229 ἕως

198 1252 262 1313 οὗ
306 1255 597 1326 παρέλθοι
640 1255 680 1325 ἠ
723 1256 869 1328 ὀργὴ
917 1259 1169 1326 Κυρίου·
1204 1256 1393 1329 ὥσπερ
1429 1256 1524 1309 καὶ
1552 1255 1645 1309 ἐπὶ
1672 1253 1766 1309 τοῦ

196 1347 308 1400 Λὼτ
334 1349 612 1420 ἐποίησεν,
646 1351 733 1403 ἴνα
777 1350 849 1421 μὴ
888 1350 937 1402 oi
981 1349 1177 1402 δίκαιοι
1224 1348 1625 1402 συναπόλωνται
1656 1348 1770 1410 τοῖς

197 1440 470 1493 ἀσεϐέσιν·
507 1441 679 1505 οὕτως
712 1440 805 1495 καὶ
852 1441 944 1495 ἐπὶ
974 1443 1073 1512 τῆς
1117 1440 1426 1504 συντελείας
1455 1439 1546 1493 τοῦ
1574 1439 1771 1503 αἰῶνος

198 1532 247 1583 οὐ
281 1532 548 1603 πρότερον
578 1531 714 1603 αῦτη
751 1532 921 1597 ἔσται,
952 1531 985 1603 ἢ
1031 1532 1242 1596 πάντας
1291 1532 1416 1595 τοὺς
1446 1530 1537 1583 ὲπὶ
1564 1530 1667 1601 γῆς
1694 1530 1773 1584 δι-

198 1624 371 1687 καίους
413 1625 513 1678 καὶ
553 1624 825 1689 θεοσεϐεῖς
856 1624 1217 1696 ἀφορισθῆναι
1255 1624 1363 1678 τῶν
1399 1620 1633 1686 ἀσεϐῶν,
1678 1622 1772 1677 καὶ

1874 700 2003 756 illud
2035 716 2048 753 2
2084 699 2253 763 Vade,
2294 700 2482 770 popule
2502 718 2666 767 meus,
2698 708 2839 761 intra
2856 707 2909 763 in
2934 710 3238 765 cubiculum
3270 720 3443 778 tuum,

1873 804 1929 850 et
1978 793 2215 863 reliqua;
2268 793 2431 847 donec
2467 803 2698 850 transeat
2754 798 3047 870 indignatio
3101 801 3314 857 Domini
3337 803 3431 858 8°:

1872 903 1972 943 ceu
2025 887 2160 942 Loto
2213 887 2431 951 accidit,
2462 903 2532 944 ne
2584 890 2712 945 boni
2764 906 2885 947 cum
2943 893 3203 964 improbis
3256 906 3432 951 morte

1874 980 2213 1037 irretiantur.
2255 980 2331 1036 Ita
2373 981 2559 1038 saeculi
2602 985 3001 1041 consummatio
3026 1003 3132 1042 non
3164 998 3291 1044 ante
3320 1004 3446 1044 eve-

1874 1072 2006 1139 niet,
2038 1087 2199 1143 quam
2226 1072 2354 1143 justi
2383 1080 2650 1145 quotquot
2676 1074 2729 1129 in
2760 1076 2892 1130 orbe
2920 1086 3083 1131 erunt
3111 1092 3174 1133 ac
3205 1078 3443 1150 religiosi

1877 1163 1943 1218 ab
1963 1164 2223 1234 improbis
2252 1165 2660 1231 discernantur,
2689 1175 2853 1236 atque
2882 1166 2936 1221 in
2962 1169 3170 1223 caelesti
3196 1168 3287 1224 Dei
3320 1185 3448 1224 arca

1876 1257 2289 1311 concludantur.
2310 1257 2463 1312 Tunc
2490 1258 2634 1313 enim
2661 1261 2879 1316 nemine
2896 1260 3009 1331 jam
3035 1260 3177 1316 inter
3200 1261 3449 1320 homines

1872 1346 2019 1417 justo
2069 1349 2385 1417 superstite,
2440 1350 2535 1405 sed
2597 1351 2915 1423 irreligiosis
2972 1351 3223 1408 omnibus
3282 1362 3447 1425 atque

1878 1441 2123 1497 scelestis
2167 1444 2267 1496 sub
2302 1442 2625 1498 Antichristi
2670 1444 2867 1499 vexillo
2907 1445 3247 1516 degentibus,
3277 1455 3441 1516 atque

1879 1532 2150 1601 apostasia
2194 1540 2305 1585 toto
2345 1532 2477 1587 orbe
2525 1533 2740 1600 diil‘usa,
2769 1535 2850 1589 ira
2885 1535 3103 1590 demum
3142 1535 3235 1593 Dei
3263 1535 3452 1605 plenos

1878 1623 2175 1679 sceleribus
2205 1623 2451 1680 homines
2479 1624 2717 1681 invadet.

197 1720 520 1792 συναχθῆναι
559 1723 639 1784 είς
686 1721 784 1792 τὴν
834 1722 1152 1793 ἐπουράνιον
1184 1720 1279 1775 τοῦ
1332 1721 1467 1774 Θεοῦ
1530 1718 1799 1774 κιϐωτόν
1869 1719 2011 1774 οὕτω
2059 1719 2166 1790 γὰρ
2226 1720 2422 1793 μηκέτι
2479 1722 2707 1793 μηδενὸς
2758 1723 2967 1778 δικαίου
3031 1725 3091 1779 ὲν
3148 1724 3457 1797 ἀνθρώποις

196 1813 598 1885 εὑρισκομένου,
634 1815 849 1869 πάντων
878 1815 935 1867 δὲ
962 1814 1135 1868 ἀθέων
1160 1814 1372 1868 ἀσεϐῶν
1403 1813 1510 1866 τῶν
1530 1812 1635 1866 ὑπὸ
1661 1811 1757 1866 τοῦ
1806 1812 2170 1885 Ἀντιχρίστου
2198 1814 2515 1882 γεγονότων,
2542 1814 2644 1885 τῆς
2683 1833 2743 1869 τε
2770 1816 3107 1883 ἀποστασίας
3146 1819 3265 1873 καθ’
3328 1818 3458 1890 ὅλης

197 1906 284 1976 τῆς
313 1907 644 1978 οἰκουμένης
688 1908 1061 1980 κρατησάσης,
1106 1909 1139 1979 ἡ
1177 1906 1272 1961 τοῦ
1303 1905 1436 1961 Θεοῦ
1463 1906 1600 1979 ὀργὴ
1640 1908 1767 1971 τοὺς
1804 1906 2020 1970 ἀσεϐεῖς
2062 1900 2463 1977 μετελεῦσεται.

300 1998 405 2054 Ἐν
443 1998 649 2069 ἐκείνῃ
687 1999 780 2070 τῇ
802 1997 992 2070 ἡμέρᾳ
1021 2000 1089 2066 ὃς
1121 1995 1402 2070 ἂνίὲσται
1428 1998 1527 2052 ἐπὶ
1556 1992 1663 2053 τοῦ

715 2069 999 2139 δώματος,
1033 2086 1086 2124 κ.
1124 2088 1175 2123 τ.
1208 2069 1257 2122 λ.

258 2163 525 2233 Σημαίνει
559 2159 615 2216 δὲ
661 2162 748 2217 διὰ
778 2162 981 2218 τούτων
1026 2162 1116 2216 τόν
1160 2162 1301 2215 κατὰ
1351 2161 1460 2215 τῶν
1504 2160 1772 2215 θεοσεϐῶν

197 2256 683 2327 ἐπενεχθησόμενον
702 2255 940 2327 διωγμόν
962 2254 1066 2309 ὑπὸ
1089 2254 1183 2308 τοῦ
1206 2252 1321 2307 υἱοῦ
1345 2254 1445 2324 τῆς
1476 2253 1770 2316 ἀπωλείας.

203 2348 440 2421 Ἦμέραν
466 2349 524 2402 δὲ
554 2348 766 2419 ἐκείνην
798 2347 1052 2419 ὀνομάζει
1082 2347 1174 2401 τὸν
1205 2347 1393 2419 χρόνον
1428 2345 1519 2398 τὸν
1548 2345 1652 2419 πρὸ
1674 2346 1773 2415 τῆς

199 2443 523 2505 συντελείας,
559 2444 615 2495 ὲν
646 2433 690 2510 ᾧ
716 2457 911 2511 φησιν’
954 2440 1017 2494 '0
1044 2441 1282 2510 φεύγων
1312 2438 1398 2509 μὴ
1431 2436 1777 2507 ἐπιστρεφέ-

197 2553 281 2597 τω,
330 2533 496 2605 μηδὲ
537 2531 801 2604 μιμητὴς
846 2532 1100 2601 γινέσθω
1142 2531 1254 2599 τῆς
1298 2531 1584 2601 γυναικὸς
1622 2530 1773 2596 Λὼτ,

196 2627 305 2697 ἥτις
334 2626 484 2697 μετὰ
514 2625 576 2678 τὸ
606 2627 796 2695 φυγεῖν
826 2622 920 2678 καὶ
944 2623 1049 2689 ἔξω
1071 2623 1324 2692 γενέσθαι
1350 2624 1448 2694 τῆς
1472 2621 1776 2693 Σοδομιτῶν

197 2718 390 2789 χώρας,
428 2719 733 2789 στραφεῖσα
766 2718 846 2779 εἰς
872 2715 937 2769 τὰ
974 2715 1169 2779 ὀπίσω,
1200 2713 1580 2786 ἀπενεκρώθη,
1607 2713 1772 2784 στήλη

201 2811 315 2875 ἁλὸς
362 2810 661 2882 γενομένη.
723 2809 983 2878 Ἀφειδεῖν
1036 2808 1144 2881 γὰρ
1193 2808 1315 2860 τότε
1368 2808 1633 2878 προσήκει
1678 2805 1776 2876 οὐχ

199 2904 549 2976 ὑπαρχόντων
582 2900 759 2974 μόνον,
782 2900 918 2955 ἀλλά
941 2900 1032 2954 καὶ
1063 2901 1163 2972 τῆς
1196 2898 1403 2952 ἑαυτῶν
1432 2899 1575 2969 ζωῆς
1603 2915 1660 2951 τε
1682 2898 1777 2951 καὶ

195 2994 359 3067 ψυχῆς
401 2994 535 3057 τοὺς
578 2994 637 3046 ἔν
677 2992 824 3065 μέσῳ
858 2992 957 3063 τῆς
996 2990 1331 3054 ἀποστασίας
1362 2988 1776 3060 καταληφθησο-

202 3086 407 3157 μένους,
449 3086 676 3155 μήποτε,
710 3083 1059 3156 βουληθέντες
1104 3078 1203 3154 τῆς
1245 3082 1454 3135 ἑαυτῶν
1493 3081 1778 3153 περιποιής

200 3180 382 3237 σπσθαι
422 3177 758 3249 προσκαίρου
791 3175 956 3246 ζωῆς,
991 3176 1085 3229 σὺν
1115 3173 1287 3247 ταύτῃ
1316 3174 1409 3227 καὶ
1437 3171 1535 3243 τὴν
1562 3170 1778 3225 αἰώνιον

199 3268 331 3341 ζωὴν
404 3267 752 3331 ἀπολέσειαν,
820 3267 885 3335 τῇ
940 3263 1244 3335 ἀποστασία
1304 3263 1529 3324 ἑαυτοὺς
1597 3277 1778 3331 παρα-

199 3362 389 3426 δόντες.

205 3456 383 3521 Ταύτῃ
406 3450 487 3518 τῇ
500 3449 673 3504 νυκτὶ
694 3448 935 3503 ἔσονται
951 3430 1058 3499 δύο
1078 3446 1176 3499 ἐπὶ
1193 3445 1409 3513 κλίνης
1417 3443 1579 3514 μιᾶς.
1594 3462 1628 3497 κ
1662 3442 1778 3495 τ.λ.

261 3544 480 3613 Σφόδρα
507 3542 564 3594 δὲ
594 3537 919 3610 θαυμαστῶς
955 3537 1047 3590 τὸν
1090 3538 1188 3608 τῆς
1225 3534 1558 3597 ἀποστασίας
1590 3532 1781 3606 καιρὸν

200 3636 285 3688 καὶ
311 3637 417 3707 τὴν
467 3633 725 3703 στέρησιν
766 3628 860 3682 τοῦ
904 3628 1090 3702 νοεροῦ
1133 3626 1348 3698 λογικοῦ
1393 3624 1571 3697 φωτὸς
1610 3625 1783 3679 νύκτα

200 3734 477 3805 ὠνόμασε³
514 3728 706 3791 νυκτὸς
732 3726 839 3798 γὰρ
868 3726 962 3779 καὶ
990 3725 1213 3788 σκότους
1246 3723 1444 3795 χείρων
1472 3722 1505 3792 ἡ
1530 3719 1649 3772 τότε
1675 3719 1782 3773 τῶν

202 3824 504 3898 ἀνθρώπων
535 3821 687 3873 ἔσται
714 3818 1047 3881 κατάστασις
1087 3815 1175 3868 διὰ
1204 3815 1302 3884 τὴν
1334 3812 1781 3883 ἐπικρατήσασαν

200 3916 367 3969 αὐτῶν
411 3912 595 3967 ἀνοιάν
622 3928 683 3963 τε
707 3912 800 3963 καὶ
843 3908 1069 3979 πλάνην.
1098 3906 1187 3958 Διό
1222 3919 1375 3976 φησιο
1408 3900 1570 3971 Λέγω
1606 3899 1779 3970 ὑμῖν·

200 4008 305 4061 Δύο
332 4007 589 4060 ἔσονται
618 4000 717 4055 ἐπὶ
744 3999 958 4066 κλίνης
983 3996 1080 4050 καὶ
1110 3996 1218 4048 δύο
1242 3994 1339 4047 ἐπὶ
1361 3991 1661 4063 μυλῶνος,
1695 3984 1783 4055 εἷς

200 4093 807 4168 παραλαμϐανόμενος
838 4090 918 4154 ὼς
950 4086 1264 4156 ἀλλότριος
1302 4084 1411 4152 τῆς
1446 4081 1649 4152 ὀργῆς,
1680 4078 1781 4133 καὶ

200 4186 656 4259 εἷς’ἀριέμενος,
688 4183 843 4237 ὥστε
884 4180 960 4249 τῇ
1005 4178 1152 4250 ὀργῇ
1189 4176 1782 4247 παραδοθησόμενος,

202 4287 232 4338 ὁ
269 4281 651 4351 θησαυρίσας
675 4273 865 4340 ἑαυτῷ
893 4273 1079 4344 ὀργὴν
1117 4273 1187 4325 ἐν
1222 4268 1412 4339 ἡμέρᾳ
1450 4266 1661 4339 ὀργῆςο
1714 4266 1782 4319 δι’

202 4367 270 4429 ὧν
300 4373 601 4442 παρίστησι
630 4368 720 4422 τὸν
751 4364 1028 4438 χωρισμὸν
1050 4362 1159 4416 τῶν
1185 4361 1354 4430 ἁγίων
1403 4361 1495 4413 καὶ
1520 4355 1784 4426 θεοφιλῶν

202 4466 389 4538 ψυχῶν
424 4463 516 4516 τὸν
546 4460 651 4515 ἀπὸ
673 4459 778 4512 τῶν
806 4455 1038 4511 ἀσεϐῶν.
1070 4453 1188 4506 Ἵνα
1221 4451 1329 4523 γὰρ
1361 4449 1435 4522 μὴ
1460 4446 1784 4519 ἀδιακρίτως

203 4556 503 4613 ἐπελθοῦσα
553 4555 587 4625 ἡ
642 4550 778 4624 ὀργὴ
815 4551 909 4604 καὶ
950 4547 1057 4601 τῶν
1106 4544 1328 4599 δικαίων
1376 4540 1781 4615 παραλήψεται,

2008 1997 2051 2029 ³¹
2082 1997 2390 2069 Quicunque
2421 1998 2514 2054 illa
2542 1999 2630 2055 die
2657 2000 2817 2071 fuerit
2840 2003 2896 2056 in
2924 2013 3080 2070 tecto,
3100 2016 3207 2062 etc.

1951 2150 2065 2207 Hoc
2090 2152 2236 2208 dicto
2266 2154 2541 2225 signiﬁcat
2576 2160 3010 2228 persecutionem
3061 2177 3223 2232 quam
3269 2163 3461 2219 adver-

1884 2259 1977 2298 sus
2010 2244 2182 2300 bonos
2217 2247 2517 2303 concitabit
2565 2251 2887 2320 perditionis
2940 2253 3104 2309 ﬁlius.
3158 2252 3273 2309 Diei
3322 2269 3456 2311 vero

1882 2334 2025 2391 illius
2050 2336 2270 2392 nomine
2306 2339 2545 2409 appellat
2590 2350 2823 2412 tempus,
2864 2345 3009 2415 quod
3037 2347 3459 2401 consummatioo

1882 2443 2005 2481 nem
2054 2429 2305 2498 proxime
2339 2433 2641 2499 praecedet;
2674 2449 2783 2503 quo
2835 2444 3100 2503 tempore,
3153 2436 3250 2497 ait,
3294 2450 3453 2492 nemo

1882 2520 2161 2589 respiciat,
2191 2537 2368 2591 neque
2398 2525 2517 2579 Loti
2549 2541 2774 2581 uxorem
2808 2527 3072 2594 imitetur,
3096 2545 3218 2599 quae
3250 2529 3303 2583 in
3328 2527 3455 2598 fuga

1882 2624 2165 2684 postquam
2214 2614 2617 2673 Sodomitarum
2670 2619 2806 2674 lines
2841 2631 3171 2688 excesserat,
3211 2636 3334 2677 cum
3371 2638 3460 2677 re-

1883 2706 2095 2776 spicere
2151 2707 2429 2774 voluisset,
2463 2710 2516 2763 in
2558 2721 2788 2766 mortem
2836 2712 3049 2779 incidit,
3105 2721 3286 2768 statua
3326 2714 3459 2770 salis

1883 2797 2097 2854 etl‘ecta.
2150 2799 2413 2871 Prodigos
2445 2803 2591 2857 enim
2630 2812 2758 2859 tunc
2786 2796 2907 2861 esse
2946 2814 3164 2875 Oportet
3217 2822 3324 2861 non
3376 2807 3458 2862 rei

1883 2888 2170 2947 familiaris
2207 2894 2604 2959 tantummodo,
2634 2910 2822 2950 verum
2855 2896 3016 2952 etiam
3048 2897 3172 2953 vita:
3193 2912 3306 2953 sua:
3340 2896 3459 2952 ani-

1886 2998 2093 3053 maeque
2126 2982 2261 3056 (67),
2300 2999 2393 3040 eos
2422 2985 2515 3054 qui
2572 2985 2625 3039 in
2678 2986 2965 3057 apostasite
3003 2996 3217 3043 aetatem
3268 2988 3458 3042 incur-

1886 3089 2040 3145 rent;
2069 3092 2136 3133 ne
2168 3077 2295 3132 dum
2346 3077 2585 3132 animam
2620 3094 2773 3133 suam
2820 3094 3148 3136 conservare
3181 3089 3459 3151 tempora-

1885 3168 2031 3238 lique
2064 3170 2183 3224 vita‘.
2215 3184 2441 3240 parcere
2486 3171 2722 3234 student,
2750 3173 2890 3227 hanc
2921 3171 3083 3228 simul
3113 3181 3167 3227 et
3194 3183 3456 3227 aeternam

1885 3261 2054 3315 vitam
2086 3261 2356 3327 amittant,
2388 3262 2515 3317 dum
2557 3278 2618 3319 se
2658 3264 2945 3334 apostasia;
3001 3264 3176 3320 victos
3222 3266 3455 3335 permit-

1809 3367 1852 3424 ο
1888 3361 2025 3407 tunt.

2046 3444 2089 3477 ³¹
2119 3444 2222 3499 Illa
2252 3456 2400 3501 nocte
2425 3447 2529 3501 duo
2551 3457 2703 3502 erunt
2738 3449 2793 3503 in
2827 3448 2959 3504 lecto
2981 3466 3107 3512 uno.
3146 3458 3255 3505 etc:

1952 3535 2178 3592 lirilice
2206 3537 2491 3593 admodum
2523 3542 2809 3609 apostasite
2847 3553 3055 3613 tempus
3083 3557 3148 3598 ac
3181 3543 3464 3602 rationalis

1883 3628 2167 3683 orbitatem
2214 3629 2434 3686 luminis
2474 3642 2690 3689 noctem
2746 3633 3054 3703 appellavit.
3095 3635 3267 3692 Nocte
3313 3638 3461 3694 enim

1885 3722 2235 3792 tenebrisque
2258 3723 2529 3779 deteriora
2560 3737 2723 3781 erunt
2752 3736 2879 3781 tunc
2917 3727 3200 3783 hominum
3239 3729 3459 3800 ingenia

1883 3824 2101 3884 propter
2125 3813 2349 3870 oausam
2380 3816 2446 3872 iis
2472 3818 2764 3873 amentiam
2810 3829 2970 3889 atque
2989 3835 3252 3880 errorem.
3269 3822 3462 3889 'Quare

1882 3905 1958 3959 ait
1990 3922 2003 3960 :
2042 3905 2177 3962 Dico
2212 3908 2364 3963 vobis
2394 3923 2408 3960 :
2449 3909 2564 3965 Duo
2590 3921 2750 3965 erunt
2780 3912 2833 3965 in
2868 3912 3027 3977 lecto,
3056 3923 3110 3967 et
3144 3912 3250 3967 duo
3284 3914 3337 3967 in
3373 3913 3461 3983 pi-

1884 3994 2094 4063 strino;
2126 4013 2264 4052 unus
2303 4000 2685 4065 assumendus,
2713 4002 2840 4071 quia
2888 4001 2982 4056 ira:
3014 4003 3341 4069 itnmerens;
3372 4002 3458 4057 al-

1886 4096 1969 4140 ter
2002 4088 2408 4157 r'elinquendus,
2441 4099 2628 4160 utpote
2666 4074 2850 4147 ultrici
2891 4092 2988 4147 irae
3031 4094 3336 4157 obnoxius,
3370 4093 3466 4165 qui

1885 4178 1987 4233 sibi
2018 4180 2266 4237 videlicet
2286 4181 2424 4236 iram
2454 4183 2844 4239 lhesaurizavit
2869 4185 2922 4239 in
2954 4185 3095 4241 diem
3120 4185 3233 4240 im.
3259 4185 3462 4252 Quam-

1885 4271 2073 4325 obrem
2111 4271 2255 4326 sistit
2291 4283 2606 4328 sanctarum
2648 4274 2866 4346 Deoque
2918 4277 3210 4332 chararum
3250 4278 3462 4333 anima-

1884 4377 2005 4417 rum
2050 4362 2119 4419 ab
2163 4362 2424 4436 improbis
2472 4367 2817 4423 divisionem.
2871 4370 3086 4425 Etenim
3144 4386 3213 4427 ne
3260 4380 3467 4426 temere

1885 4457 2275 4526 superveniens
2311 4458 2443 4513 ultio
2465 4460 2643 4530 justos
2679 4477 2897 4532 quoque
2926 4463 3176 4519 homines
3218 4464 3463 4534 corripe-

1888 4555 1992 4616 ret,
2018 4548 2168 4603 dedit
2202 4562 2415 4608 mature
2438 4567 2655 4623 operam
2688 4554 2830 4609 Deus
2860 4564 2919 4609 ut
2960 4553 3155 4611 Lotum
3195 4552 3464 4611 Sodomo-

203 4647 489 4723 προλαϐὼν
526 4646 555 4697 ὁ
594 4644 725 4708 Θεὸς
759 4642 946 4713 ῶσπερ
985 4639 1076 4693 τὸν
1122 4635 1245 4692 Λὼτ
1287 4633 1629 4707 προεξήγαγε
1683 4632 1778 4699 τῆς

1887 4652 2008 4691 rum
2032 4639 2200 4694 exitio
2226 4641 2572 4701 subduceret.
2636 4643 2898 4699 Similiter
2946 4645 3289 4717 impendente
3324 4660 3462 4703 con-

206 4713 451 4814 Σοδόμων
489 4734 890 4807 καταστροφῆς.
948 4732 1050 4785 Τὸν
1097 4729 1259 4784 αὐτὸν
1296 4728 1495 4799 τρόπον
1531 4724 1627 4779 καὶ
1675 4723 1778 4795 πρὸ

1889 4733 2290 4797 summatione.
2319 4736 2632 4806 priusquam
2689 4738 2887 4810 impios
2932 4713 3065 4795 ultio
3113 4741 3366 4808 invadat,
3394 4755 3466 4797 ne

204 4836 297 4907 τῆς
325 4832 653 4893 συντελείας,
688 4829 816 4900 πρὶν
845 4824 1089 4879 ἐπελθεῖν
1118 4821 1213 4894 τὴν
1249 4819 1390 4873 κατά
1418 4818 1525 4871 τῶν
1567 4816 1778 4870 ἀσεϐῶν

205 4928 392 5000 ὀργὴν,
410 4928 500 4980 ἵνα
526 4924 599 4995 μὴ
622 4923 716 4976 σὺν
744 4920 820 4991 τῷ
844 4920 1031 4989 κόσμῳ
1055 4913 1457 4987 κατακριθῶσιν
1484 4912 1534 4964 οἱ
1556 4912 1776 4974 δίκαιοι,

205 5019 479 5092 χωρισμὸς
506 5018 655 5071 ἔσται
683 5014 789 5069 τῶν
814 5010 1075 5082 θεοφιλῶν
1100 5008 1305 5079 ψυχῶν,
1334 5004 1579 5076 ἀγγέλων
1609 5003 1779 5067 αὑτὰς

206 5108 735 5185 διαχωριζόντωνριαὶ
752 5100 1237 5177 παραληψομένωνο
1258 5097 1398 5151 ὥστε
1422 5099 1479 5150 ὲν
1500 5097 1595 5168 μιᾷ
1616 5112 1781 5167 στρω-

210 5207 311 5276 μνῇ
338 5205 483 5257 δυοῖν
525 5198 932 5269 κατακειμένων
968 5196 1063 5249 ἓνα
1110 5192 1207 5265 μὲν
1238 5190 1327 5245 τὸν
1360 5189 1452 5243 τοῦ
1472 5187 1606 5241 Θεοῦ
1632 5188 1779 5252 ἄξιον

208 5292 747 5367 παραλαμϐάνεσθαι,
784 5290 874 5342 τὸν
899 5290 956 5342 δὲ
992 5287 1179 5357 ἓτερον
1229 5279 1673 5345 καταλείπεσθαι,
1700 5279 1776 5342 ὡς

209 5389 352 5455 ἀξιον
394 5388 493 5459 τῆς
527 5386 646 5439 τότε
680 5382 1127 5452 καταληψομένης
1173 5379 1297 5441 τοὺς
1327 5375 1541 5436 ἀσεϐεῖς
1584 5371 1775 5443 ὀργῆς.

209 5481 314 5535 Καὶ
337 5482 430 5535 ἐπὶ
449 5479 555 5532 τῶν
582 5478 669 5546 ὑφ’
696 5476 775 5529 ἐνὶ
800 5474 999 5545 μυλῶνι
1026 5469 1357 5541 ἀληθουσῶν,
1388 5467 1417 5519 ὁ
1441 5467 1601 5528 αὐτὸς
1622 5465 1778 5533 λόγος

211 5569 379 5627 ἔσται.
433 5568 761 5642 Ἀληθούσας
805 5567 863 5619 δὲ
908 5564 1153 5634 ὠνόμασε
1198 5562 1296 5626 τάς
1337 5560 1427 5614 τὸν
1462 5558 1652 5629 εὐτελῆ
1686 5558 1779 5610 καὶ

1888 4841 2010 4879 cum
2043 4826 2243 4880 mundo
2273 4826 2406 4896 justi
2437 4829 2785 4896 damnentur,
2813 4830 3105 4888 discrimen
3132 4832 3224 4889 ﬁet
3250 4832 3460 4888 anima-

1886 4930 2005 4970 rum
2044 4915 2149 4971 Deo
2172 4918 2485 4983 chararum,
2524 4922 2733 4990 angelis
2761 4936 2855 4978 eas
2898 4922 3265 4979 dividentibus
3290 4932 3454 4992 atque

1885 5009 2286 5066 assumentibus
2316 5026 2330 5063 :
2370 5011 2444 5066 ita
2476 5021 2535 5066 ut
2566 5028 2596 5068 e
2625 5013 2835 5069 duobus
2877 5015 2930 5069 in
2971 5020 3161 5072 eodem
3194 5016 3334 5072 lecto
3368 5016 3459 5085 ja-

1885 5103 2156 5171 centibus,
2182 5121 2321 5161 unus
2350 5106 2541 5178 dignus
2573 5118 2903 5175 assumatur,
2937 5111 3077 5165 alter
3105 5110 3453 5178 derelinqua-

1890 5206 2220 5267 tur,utpote
2267 5198 2487 5256 ultionis
2533 5216 2654 5272 quae
2701 5213 2828 5259 tunc
2873 5204 2940 5259 de
2989 5203 3169 5273 impiis
3217 5211 3463 5256 sumetur

1887 5304 2123 5345 merens.
2157 5288 2413 5361 Idemque
2438 5294 2648 5349 accidet
2674 5295 2882 5350 duabus
2907 5308 3127 5365 quoque
3150 5294 3201 5347 in
3224 5293 3459 5364 pistrino

1886 5382 2356 5439 commolentibus.
2390 5386 2653 5441 Molentes
2694 5396 2873 5441 autem
2918 5387 3047 5441 dicit
3098 5384 3364 5453 feminas,
3402 5395 3461 5440 ut

1886 5475 2149 5544 signiticet
2176 5477 2316 5543 vilis,
2338 5479 2698 5549 pauperrime
2719 5489 2884 5547 atque
2912 5478 3110 5533 iulimze
3129 5478 3460 5534 conditionis

1886 5559 2152 5618 homines.
2177 5561 2433 5620 Jacentes
2456 5574 2638 5621 autem
2668 5565 2720 5620 in
2750 5565 2905 5622 lectis
2939 5565 3095 5633 dicit,
3127 5581 3228 5637 pro
3258 5567 3460 5624 libera-

286 5756 333 5788 ³⁸
364 5756 467 5811 lsa.
494 5770 646 5820 XXVI,
670 5751 762 5810 20.
840 5751 881 5782 ³⁸
917 5750 1047 5804 Luc.
1081 5763 1213 5843 ΠΕ,
1252 5748 1341 5801 3|.
1420 5746 1463 5778 ³³
1510 5745 1643 5801 Luc.
1668 5760 1804 5813 xvn,
1827 5746 1916 5801 34.

288 5893 396 5963 (67)
419 5892 536 5961 Quo
568 5907 727 5965 sensu
779 5891 971 5965 animm
1022 5906 1237 5965 quoque
1280 5905 1390 5948 suae
1434 5889 1690 5961 prodigus
1741 5889 1937 5961 aliquis
1998 5906 2118 5949 esse
2156 5894 2350 5965 possit,
2407 5893 2606 5951 videsis
2646 5893 2785 5964 apud
2820 5890 3108 5948 Eusebium
3157 5889 3208 5943 in
3258 5888 3459 5945 nostris

223 5958 563 6036 Theophaniaz
588 5962 925 6034 fragmentis,
957 5958 1059 6017 col.
1099 5959 1223 6015 671.

530 6060 799 6120 ΡΑτιιοι.
849 6057 965 6120 Gn.
1013 6055 1240 6117 XXIV.

172 6137 203 6144 ω

3068 6045 3143 6106 19
