3968 6516
505 451 616 518 587

1177 451 1440 505 EUSEBH
1472 446 1945 508 "CIESARIENS‘S
1980 451 2132 507 OPP.
2173 451 2348 506 PARS
2385 451 2475 506 Ill.
2507 449 2585 492 ‘-—‘
2622 434 3036 509 EXEGETICA.

3640 456 3751 511 588

512 574 581 630 lis
633 585 687 630 et
730 575 886 628 lautae
936 571 1055 626 vitae
1115 572 1456 626 mortalibus.
1515 570 1664 627 lianc
1708 573 1874 642 ipsam
1931 572 2079 628 locu-

2194 573 2432 644 πενιχρὸν
2459 573 2548 626 καὶ
2575 572 2800 644 ἔσχατον
2830 575 2888 626 ἐν
2912 573 3216 644 ἀνθρώποις
3237 557 3586 638 διαντλούσας
3611 577 3748 646 βίον·

515 665 716 720 tionem
747 665 910 718 habet
942 662 1139 731 Moysis
1169 661 1471 730 Scriptura,
1503 661 1594 716 ubi
1623 662 1821 717 dicitur
1852 677 2076 732 perven-

514 767 634 810 tura
681 756 918 809 vindicta
964 768 992 805 a
1038 753 1341 807 Pharaonis
1383 754 1744 824 primogenito
1796 768 1964 822 usque
2010 753 2074 806 ad

512 846 802 907 mo‘lentem
835 843 1246 913 pinsentemque
1281 845 1335 898 in
1369 845 1620 914 pistrino.
1664 844 1898 899 Extremi
1931 845 2075 900 enim

513 937 760 992 humanae
790 935 1118 989 conditionis
1149 935 1386 1003 termini,
1413 938 1701 1004 opulentus
1726 936 1997 1001 videlicet,
2024 946 2078 992 et

512 1027 732 1084 humilis
761 1038 920 1096 atque
946 1026 1216 1095 abiectus,
1252 1027 1337 1082 bis
1366 1029 1546 1083 verbis
1589 1030 1947 1099 attinguutur.
1986 1031 2078 1084 Sic

512 1137 655 1175 nunc
709 1133 918 1190 quoque
976 1119 1108 1173 duos
1148 1119 1203 1173 in
1247 1118 1390 1175 lecto
1441 1135 1549 1174 uno
1575 1121 1894 1175 memoravit
1929 1120 2080 1175 Scri-

513 1225 668 1283 ptura
691 1253 706 1278 ,
737 1219 793 1266 ut
827 1212 1066 1266 liberalis
1097 1212 1219 1265 vita:
1242 1212 1488 1267 homines
1521 1213 1772 1267 innueret
1799 1229 1814 1279 ;
1851 1229 2077 1283 quorum

511 1319 653 1359 unus
699 1311 1038 1366 assumetur,
1087 1303 1318 1371 quisoei
1369 1303 1639 1358 electione
1679 1305 1908 1374 dignus;
1943 1305 2080 1359 alter

513 1395 867 1464 relinquetur,
892 1396 982 1463 qui
1014 1408 1190 1463 pinna:
1223 1403 1307 1448 est
1334 1393 1528 1450 afﬁnis.
1573 1393 1840 1450 Similiter
1874 1395 2076 1450 molen-

515 1493 595 1536 tes
623 1482 742 1535 duae
793 1483 1172 1549 intelliguntur
1198 1498 1318 1551 qua:
1345 1484 1489 1537 inter
1521 1485 1768 1539 homines
1791 1486 2076 1540 obscuram

510 1583 567 1626 et
623 1587 910 1642 pauperem
963 1575 1128 1628 vitam
1183 1576 1392 1641 agitant
1441 1590 1723 1644 :quarum
1776 1577 1904 1631 item
1961 1593 2080 1647 quae

508 1663 653 1734 iusta
681 1673 785 1730 est,
812 1661 1137 1732 asSumetur,
1168 1665 1338 1721 altera
1368 1665 1720 1734 relinquetur.

2176 660 2266 712 ἐπὶ
2307 662 2490 730 κλίνης
2515 662 2570 714 δέ
2586 662 2710 724 τοὺς
2739 662 2829 713 τόν
2869 663 3148 733 ἐλεύθερον
3174 664 3267 716 καὶ
3291 666 3475 717 ἄνετον
3496 665 3608 734 βίον
3631 683 3757 735 μετ-

2178 752 2518 822 ερχομένους.
2548 753 2715 804 Τοῦτο
2735 752 2790 804 δὲ
2815 757 3151 824 παραστήσει
3175 756 3206 824 ἡ
3226 755 3500 818 Μωῦσὲως
3561 759 3756 828 γραφὴ

2178 843 2234 893 ἐν
2333 860 2493 913 φησιν
2522 845 2550 895 6
2576 844 2732 911 λόγος
2769 843 2916 914 ἥξειν
2958 845 3054 916 τὴν
3079 845 3245 916 ὀργὴν
3274 844 3380 898 ἀπὸ
3405 849 3758 917 πρωτοτόκου

2177 935 2396 1007 Φαραὼ,
2447 938 2540 990 καὶ
2572 937 2676 999 ἕως
2709 938 2804 1008 τῆς
2852 937 3156 1008 ἀληθοῦσης
3204 939 3297 990 καὶ
3343 939 3651 1009 πεσσούσης
3697 943 3759 994 ἐν

2178 1028 2255 1098 τῷ
2291 1028 2508 1099 μυλῶνι.
2545 1027 2626 1079 Τά
2654 1026 2761 1100 γὰρ
2787 1029 2929 1100 άκρα
2957 1028 3063 1082 τῶν
3095 1028 3213 1080 κατ’
3247 1027 3568 1100 ἀνθρώπους
3597 1030 3759 1099 βίων,

2178 1119 2270 1172 τοῦ
2314 1136 2372 1171 τε
2418 1118 2625 1183 ἐνδόξου
2671 1119 2761 1172 τοῦ
2803 1120 3215 1192 ἀπερριμμένον
3252 1121 3344 1172 καὶ
3383 1123 3635 1191 ἐσχάτου,
3665 1123 3762 1176 διὰ

2179 1211 2382 1265 τούτοιν
2425 1213 2452 1263 6
2483 1211 2637 1279 λόγος
2665 1214 3002 1283 παρέστησεν
3025 1228 3038 1240 °
3071 1210 3243 1275 οὕτως
3271 1208 3363 1265 οὖν
3393 1214 3486 1265 καὶ
3519 1212 3761 1267 ἐνταῦθα

2179 1303 2272 1357 δύο
2314 1303 2405 1355 ἐπὶ
2450 1301 2633 1373 κλίνης
2677 1305 2803 1372 μιᾶς
2849 1304 3130 1372 εἰσήγαγε,
3170 1303 3294 1365 τοὺς
3335 1303 3431 1372 τήν
3463 1302 3762 1374 ἐλευθέραν

2181 1393 2326 1466 ζωὴν
2361 1394 2640 1464 μετιόντας
2673 1394 3046 1464 αἰνιξάμενοςο
3084 1394 3112 1444 6
3141 1389 3220 1456 εἷς
3245 1393 3760 1466 παραληφθήσεται,

2180 1488 2208 1538 6
2235 1485 2380 1552 ἄξιος
2405 1485 2505 1554 τῆς
2531 1485 2636 1537 ἀπὸ
2663 1485 2755 1537 τοῦ
2799 1484 2932 1537 Θεοῦ
2962 1484 3218 1554 ἐκλογῆς·
3249 1487 3277 1536 6
3299 1484 3354 1538 δὲ
3391 1485 3576 1556 ἕτερος
3622 1487 3762 1556 ἀφε-

2182 1578 2421 1648 θήσεται,
2451 1576 2689 1647 δηλονότι
2728 1578 2755 1629 6
2789 1579 2884 1646 τῆς
2913 1575 3079 1646 όργῆς
3102 1577 3299 1639 οἰκεῖος
3319 1593 3331 1605 ·
3363 1575 3625 1641 ὡσαύτως
3664 1577 3760 1630 δύο

2181 1669 2475 1739 ἀλήθουσαι
2510 1663 2618 1720 εἶεν
2652 1666 2716 1720 ἂν
2759 1669 2813 1719 αἱ
2859 1668 2918 1719 ἐν
2947 1665 3252 1737 ἀνθρώποις
3293 1665 3383 1719 τὸν
3423 1667 3615 1738 ἄτιμον
3661 1669 3762 1722 καὶ

2163 1759 2435 1829 -πενιχρὸν
2463 1758 2572 1828 βίον
2602 1756 2910 1828 μετιοῦσαν
2941 1750 3016 1811 ὧν
3037 1757 3197 1810 πάλιν
3223 1759 3255 1828 ή
3283 1757 3544 1828 κρείττων
3574 1777 3757 1831 παρα-

2180 1851 2536 1921 ληφθήσεται,
2567 1851 2598 1919 ἡ
2627 1849 2681 1901 δὲ
2708 1848 2869 1919 ἑτέρα
2895 1847 3246 1920 ἀφεθήσεται.

513 1931 559 1964 ³³
585 1931 777 2008 chunt
810 1931 858 1984 ei
874 1947 893 1984 .'
915 1929 1167 2008 Ubinam,
1196 1931 1585 2008 Domine?_Qui
1617 1931 1924 2008 respondit;
1945 1931 2044 1987 Ubi

2194 1914 2477 2008 Aéffobmr
2500 1914 2687 2003 αὐτῷ·
2727 1914 2870 2001 nae,
2906 1914 3132 2008 neptis;
3154 1939 3216 1989 Ὀ
3249 1938 3316 1990 δὲ
3340 1935 3508 1992 εἶπεν
3529 1938 3755 2004 αὐτοῖς’

606 2001 763 2072 fuerit
797 2017 1012 2073 corpus,
1053 2001 1181 2054 illuc
1204 2001 1655 2070 congregabantur
1685 2013 1731 2055 et
1757 2001 1970 2070 aquilae.

584 2093 994 2149 Sciscitantibus
1038 2092 1312 2160 discipulis
1353 2109 1368 2146 :
1409 2090 1652 2156 Ubinam,
1685 2090 1945 2146 Domine?
1985 2108 2079 2148 vo-

513 2188 858 2256 lentibusque
880 2200 1206 2256 cognoscere
1232 2224 1249 2250 ,
1285 2186 1503 2240 ubinam
1541 2185 1679 2240 alter
1723 2200 1791 2238 ex
1829 2185 1932 2239 illis
1966 2201 2072 2241 non

517 2278 812 2348 assumptis
848 2277 1215 2346 relinquetur:
1254 2272 1395 2341 Ubi,
1424 2275 1627 2344 inquit,
1663 2274 1824 2344 fuerit
1868 2293 2078 2345 corpus,

515 2369 600 2424 vel
640 2370 892 2432 cadaver,
925 2377 984 2422 ut
1018 2367 1094 2422 ait
1123 2366 1435 2434 Mattbaeus,
1460 2365 1587 2419 illuc
1625 2369 2084 2436 congregabantur

517 2472 567 2516 et
596 2461 787 2533 aquila:
811 2461 856 2492 ³⁸
889 2476 907 2515 :
954 2475 1020 2514 ex
1057 2460 1248 2514 avibus
1299 2458 1484 2513 nescio
1516 2457 1712 2527 quibus
1756 2459 2081 2514 cadaverum

517 2553 807 2610 voracibus
853 2551 1126 2622 principes
1158 2550 1328 2622 khujus
1379 2549 1562 2606 saeculi
1609 2549 1770 2604 ducta
1805 2563 2084 2621 compara-

519 2649 667 2702 tione
697 2645 1008 2718 signiﬁcans
1028 2684 1044 2711 ,
1075 2644 1166 2714 qui
1198 2652 1417 2699 sanctos
1449 2643 1542 2697 Dei
1593 2652 1718 2698 tunc
1749 2657 2084 2713 persequen-

520 2754 652 2797 tur:
691 2743 884 2812 quibus
935 2755 1043 2794 uno
1102 2741 1156 2794 in
1217 2737 1337 2794 loco
1387 2739 1611 2804 coactis,
1662 2738 1854 2792 eodem
1884 2739 2086 2807 pariter

519 2832 871 2902 compelletur
897 2831 988 2886 ille
1014 2831 1105 2900 qui
1139 2830 1390 2899 indignus
1417 2827 1627 2883 delectu
1650 2837 1754 2883 est.
1780 2821 1878 2883 Est
1904 2838 2084 2883 autem

512 2927 810 2998 jacentium
863 2927 914 2980 in
965 2925 1141 2988 lecto,
1190 2923 1364 2988 alter;
1408 2922 1494 2976 vel
1531 2915 1886 2988 molentium,
1928 2936 2031 2975 una
2068 2941 2081 2975 :

518 3017 608 3091 qui
665 3018 828 3072 etiam
876 3015 1158 3070 tradentur
1206 3009 1552 3080 congregatis
1602 3009 1890 3064 adversum
1941 3007 2085 3077 ipsos

511 3106 734 3180 aquilis.
760 3106 983 3178 Aquilas
1009 3120 1159 3170 vero,
1197 3103 1692 3172 Hierosolymorum
1739 3115 1953 3172 quoque
1986 3102 2087 3155 ob-

518 3214 763 3256 sessores
789 3197 1133 3268 propheticus
1176 3209 1358 3249 sermo
1403 3191 1728 3262 appellavit;
1770 3191 1932 3246 veluti
1963 3207 2084 3246 cum

519 3289 1110 3345 Nabuchodonosorum
1174 3284 1306 3338 dicit
1359 3284 1614 3351 grandem
1673 3293 1720 3336 et
1775 3297 2085 3352 magnarum

510 3373 728 3436 alarum
751 3379 982 3446 aquilam
1005 3377 1072 3431 ³⁸.
1119 3375 1231 3430 Nisi
1286 3374 1425 3428 forte
1474 3373 1580 3427 alio
1635 3388 1794 3428 sensu
1849 3373 2088 3427 vindices

508 3459 854 3542 fultricesque
904 3475 1227 3538 potestates,
1264 3480 1384 3535 quae
1438 3465 1634 3534 impios
1684 3463 1957 3529 invadent,
2006 3462 2091 3517 his

519 3563 700 3617 verbis
725 3563 1091 3615 denatantur:
1125 3557 1320 3624 quibus
1358 3571 1423 3608 ne
1457 3554 1599 3609 forte
1641 3555 1947 3618 tradamur,
1977 3568 2092 3608 mo-

509 3627 615 3722 inet
640 3649 832 3705 deinde
861 3648 1115 3703 Servator
1149 3656 1205 3698 ut
1233 3643 1490 3715 precibus
1522 3658 1741 3714 operam
1772 3643 1983 3699 demus.

612 3835 658 3868 ³⁸
685 3833 859 3889 Iudex
887 3830 1099 3904 quidam
1132 3837 1276 3892 erat,
1308 3827 1399 3896 qui
1427 3824 1593 3878 Deum
1623 3841 1724 3878 non
1765 3825 1998 3879 timebat.

593 3927 756 3982 Addit
788 3926 950 3980 etiam
982 3919 1288 3992 parabolam
1320 3919 1386 3974 de
1407 3917 1589 3988 judice
1628 3917 1946 3987 iniquitatis,
1986 3934 2092 3990 quo

509 3991 809 4075 ‘Icontlrmet
838 4018 1103 4072 orandum
1152 4029 1366 4084 semper
1418 4011 1672 4080 nullaque
1714 4012 1927 4082 ignavia
1975 4028 2093 4068 ces-

510 4104 774 4168 sandum.
807 4107 960 4177 Quod
1004 4117 1182 4161 autem
1222 4106 1298 4160 ait
1328 4105 1368 4136 ⁸⁷
1403 4103 1578 4158 :Nutn
1625 4103 1793 4158 Filius
1841 4104 2091 4172 hominis,

521 4220 648 4261 cum
702 4203 933 4266 venerit,
999 4199 1155 4254 ﬁdem
1203 4199 1255 4252 in
1306 4200 1442 4253 orbe
1493 4195 1778 4251 inveniet?
1827 4195 2092 4250 defectum

525 4295 653 4350 ﬁdei
695 4296 934 4348 futurum
968 4291 1226 4356 ostendit,
1256 4291 1327 4344 ita
1364 4301 1422 4344 ut
1454 4304 1612 4344 nemo
1641 4288 1810 4342 ﬁdelis
1841 4287 2091 4356 supersit,

524 4395 622 4438 aut
670 4385 761 4437 vix
810 4398 965 4438 rarus
1015 4383 1232 4452 aliquis,
1291 4381 1437 4436 ciréa
1491 4381 1741 4434 secunda:
1776 4379 1890 4446 ejus
1923 4379 2096 4432 mani-

524 4473 832 4528 festationis
876 4483 1112 4527 (etatem.
1159 4472 1213 4525 ld
1267 4487 1430 4541 porro
1487 4471 1775 4540 apostatici
1837 4469 2094 4538 temporis

2217 2011 2406 2062 ’Ὀπου
2429 2010 2495 2061 τὸ
2517 2009 2706 2077 σῶμα,
2721 2008 2842 2061 ἐκεῖ
2862 2007 3351 2076 συναχθήσονται
3369 2010 3463 2062 καὶ
3487 2012 3539 2062 οἱ
3554 2009 3720 2062 ἀετοί
3725 2052 3738 2062 .

2261 2101 2679 2172 Ἐρωτησάντων
2724 2101 2831 2152 τῶν
2883 2098 3167 2169 μαθητῶν·
3199 2100 3412 2167 Κύριε,
3467 2099 3618 2163 ποῦς
3668 2100 3762 2152 καὶ

2183 2191 2545 2262 βουληθέντων
2593 2191 2781 2261 μαθεῖν
2827 2190 2930 2243 ποῦ
2982 2190 3473 2263 καταλειφθήσεται
3505 2194 3532 2244 6
3573 2193 3762 2261 ἕτερος

2180 2281 2285 2334 τῶν
2319 2281 2439 2352 (μή)
2479 2279 2970 2351 παραληφθέντων·
3024 2281 3236 2343 Ὅπου,
3269 2282 3424 2351 φησὶ,
3461 2280 3529 2333 τὸ
3566 2279 3760 2349 σῶμα,

2181 2373 2214 2445 ἢ
2252 2372 2317 2426 τὸ
2361 2371 2567 2441 πτῶμα
2616 2372 2756 2425 κατά
2788 2371 3084 2438 Ματθαῖον,
3108 2371 3234 2438 ἐκεῖ
3266 2371 3763 2440 συναχθήσονται

2183 2466 2280 2519 καὶ
2311 2467 2364 2517 οἱ
2394 2465 2554 2517 ἀετοί
2568 2481 2580 2494 ’
2607 2463 2795 2536 ὥσπερ
2816 2464 3037 2527 οἰωνούς
3059 2481 3210 2528 τινας
3233 2464 3612 2536 νεκροόόρους,
3635 2464 3762 2526 τοὺς

2183 2558 2444 2630 ἄρχοντας
2481 2557 2574 2610 τοῦ
2608 2557 2800 2621 αἰῶνος
2829 2557 3021 2610 τούτου
3062 2555 3426 2627 αἰνιξάμενος,
3467 2558 3596 2620 τοὺς
3639 2551 3762 2608 τότε

2182 2648 2467 2712 διώκοντας
2499 2649 2624 2711 τοὺς
2650 2649 2836 2717 ἁγίους
2859 2649 2951 2701 τοῦ
2968 2649 3101 2702 Θεοῦ
3123 2667 3136 2680 ·
3158 2645 3232 2702 ὧν
3256 2649 3350 2702 ἐπὶ
3378 2649 3438 2701 τὸ
3468 2649 3601 2702 αὐτὸ
3634 2665 3757 2701 συν·

2184 2740 2454 2811 αχθέντων
2477 2781 2493 2805 ,
2567 2743 2684 2793 ἐκεῖ
2735 2740 2827 2792 καὶ
2883 2742 3010 2812 παρ’
3061 2742 3243 2804 αὐτοῖς
3292 2739 3685 2810 συναχθήσεται
3735 2741 3765 2792 6

2184 2823 2399 2894 ἀνάξιος
2429 2831 2527 2901 τῆς
2552 2829 2937 2902 παραλήψεως.
2974 2825 3081 2883 Ἦν
3111 2831 3158 2882 δ’
3188 2825 3342 2894 οὗτος
3381 2829 3489 2882 τῶν
3524 2830 3618 2882 ἐπὶ
3653 2829 3764 2883 adio

2184 2941 2280 2993 νης
2306 2922 2668 2976 καθευδόντων
2702 2923 2730 2974 6
2757 2923 2969 2993 ἕτεροςο
3006 2922 3040 2994 ἢ
3080 2921 3186 2974 τῶν
3217 2921 3528 2992 ἀληθουσῶν
3555 2925 3590 2994 ὴ
3627 2922 3729 2993 μία
3748 2937 3763 2952 ο

2184 3015 2232 3068 οἳ
2263 3016 2356 3068 καὶ
2387 3014 2853 3086 παραδοθήσονται
2877 3014 2991 3075 τοῖς
3013 3011 3421 3082 ἐπισυναχθεῖσι
3443 3014 3561 3066 κατ’
3585 3006 3768 3065 αὖτῶν

2187 3107 2383 3169 ἀετοῖς.
2428 3106 2644 3167 Ἀετοὺς
2672 3105 2727 3157 δὲ
2755 3104 2848 3156 καὶ
2871 3101 2997 3166 τοὺς
3027 3104 3128 3174 τῆς
3166 3105 3520 3176 Ἰερουσαλὴμ
3548 3105 3768 3175 πολιορο

2187 3197 2358 3267 κητὰς
2384 3199 2412 3249 6
2438 3197 2772 3268 προφητικός
2797 3197 2954 3263 λόγος
2977 3196 3284 3266 ὠνόμασεν·
3310 3197 3384 3258 ὡς
3403 3198 3490 3249 ὅτε
3517 3191 3643 3268 τωρ).
3669 3194 3766 3249 τοῦ

2189 3288 2654 3359 Ναόουχοδονόσορ
2710 3288 2877 3357 λέγει⁸
2925 3290 2987 3342 '0
3027 3287 3199 3352 ἀετὸς
3241 3291 3274 3341 ὁ
3303 3287 3490 3357 μέγας
3523 3291 3557 3341 ὁ
3580 3306 3766 3359 μεγα-

2188 3377 2585 3445 λοπτέρυγος·
2620 3377 2695 3447 μή
2743 3378 2859 3429 ποτ’
2888 3373 2980 3431 οῦν
3023 3377 3145 3430 καθ’
3190 3377 3386 3447 ἑτέραν
3432 3376 3673 3430 διάνοιαν
3709 3379 3770 3432 αἱ

2189 3465 2555 3536 τιμωρητικαὶ
2591 3465 2686 3516 καὶ
2716 3465 3032 3519 κολαστικαὶ
3061 3466 3336 3535 δυνάμεις,
3371 3467 3426 3518 αἱ
3472 3468 3596 3531 τοὺς
3639 3469 3769 3521 ἀσε-

2190 3554 2304 3617 6εἰς
2357 3554 2831 3624 μετελευσόμεναι,
2878 3555 2966 3607 διὰ
3014 3555 3122 3608 τῶν
3177 3555 3408 3609 ἐνταῦθα
3458 3555 3770 3627 λεγομένων

2190 3647 2363 3700 ἀετῶν
2396 3644 2774 3718 ἐδηλώθησαν·
2807 3641 2892 3712 αἷς
2925 3648 3010 3700 ἵνα
3038 3649 3111 3719 μὴ
3146 3640 3559 3719 παραδοθῶμεν,
3591 3649 3720 3720 ἑξῆς
3742 3651 3771 3702 6

2191 3740 2380 3811 Σωτὴρ
2411 3742 2662 3811 παραινεῖ
2688 3735 2870 3810 εὐχαῖς
2903 3734 3214 3810 σχολάζειν.

2332 3832 2542 3901 Ιφιτής
2577 3850 2665 3897 τις
2696 3827 2774 3900 ἦν
2805 3834 2910 3886 τὸν
2941 3831 3088 3885 Θεὸν
3113 3831 3200 3901 μὴ
3233 3831 3626 3900 φοϐούμενος.

2275 3924 2658 3978 Ἐπισυνάπτει
2698 3923 2827 3992 γοῦν
2872 3924 2966 3976 καὶ
3014 3922 3326 3994 παραϐολήν
3359 3923 3458 3993 τὴν
3505 3921 3636 3993 περὶ
3677 3921 3769 3974 τοῦ

2193 4015 2378 4089 κριτοῦ
2399 4018 2497 4087 τῆς
2513 4016 2744 4080 ἀδικίας,
2766 4015 2898 4086 πρὸς
2919 4013 2980 4068 τὸ
2995 4016 3104 4068 δεῖν
3126 4016 3352 4068 πάντοτε
3374 4008 3769 4084 προσεύχεσθαι

2193 4108 2286 4160 καὶ
2316 4108 2388 4178 μὴ
2438 4110 2713 4160 ἐκκακεῖν.
2760 4107 2832 4157 Τὸ
2880 4106 2935 4158 δὲ
2968 4108 3162 4159 εἰπεῖν·
3191 4101 3335 4176 *Αρα
3375 4102 3545 4158 ἐλθὼν
3575 4103 3605 4153 6
3644 4101 3771 4166 Υἱός

2193 4198 2285 4252 τοῦ
2313 4196 2597 4268 ἀνθρώπου
2628 4197 2847 4267 εὑρήσει
2875 4195 2972 4268 τὴν
2999 4197 3181 4251 πίστιν
3203 4193 3296 4250 ἐπὶ
3315 4197 3414 4266 τῆς
3437 4195 3572 4266 γῆς;
3601 4193 3772 4246 ἔκλειο

2193 4291 2284 4361 ψιν
2311 4289 2460 4360 δηλοῖ
2490 4289 2586 4360 τῆς
2618 4288 2871 4352 πίστεως,
2898 4287 2972 4350 ὡς
3003 4287 3206 4358 μηδένα
3245 4286 3433 4340 πιστὸν
3483 4283 3772 4357 εὑρεθήσε-

2196 4382 2338 4445 σθαι,
2367 4382 2398 4452 ἢ
2433 4382 2500 4433 εἷ’
2512 4398 2614 4433 που
2651 4379 2760 4451 ἄρα
2787 4379 3010 4433 σπάνιόν
3040 4397 3158 4432 τινα
3185 4377 3323 4432 κατά
3347 4379 3439 4431 τὸν
3465 4379 3562 4449 τῆς
3587 4375 3772 4430 δευτέ-

2200 4490 2296 4546 ρας
2329 4472 2491 4526 αὑτοῦ
2527 4473 2842 4541 θεοφανείας
2869 4468 3081 4543 ,γρόνον.
3101 4471 3272 4541 Ὅπερ
3308 4470 3445 4541 μέγα
3477 4469 3770 4539 τεκμήριον

523 4579 778 4633 magnum
808 4563 1016 4632 signum
1045 4563 1149 4616 erit
1169 4603 1184 4628 ,
1212 4578 1334 4615 cum
1365 4575 1490 4614 raro
1519 4567 1772 4614 occurret
1804 4558 1895 4628 qui
1936 4558 2086 4614 ﬁdem

2196 4565 2449 4634 τυγχάνει
2491 4563 2585 4616 τοῦ
2629 4560 2820 4635 καιροῦ
2849 4562 2950 4632 τῆς
2990 4558 3342 4624 ἀποστασίας,
3393 4563 3450 4612 ἐν
3479 4553 3523 4627 ᾧ
3554 4560 3773 4622 σπάνιος

525 4658 761 4711 retineat
789 4673 802 4708 :
835 4654 944 4708 imo
972 4667 1100 4709 vero
1131 4668 1198 4707 ne
1228 4667 1369 4706 unus
1416 4651 1634 4719 quidem
1691 4648 1922 4702 fortasse
1967 4649 2093 4714 erit,

526 4755 810 4816 propterea
860 4744 1003 4813 quod
1055 4743 1143 4796 alii
1183 4743 1444 4811 assumpti
1493 4741 1733 4803 fuerint,
1770 4739 1861 4793 alii
1895 4739 2091 4803 relicti,

527 4838 722 4909 aquilis
755 4851 946 4907 nempe
979 4835 1246 4888 tradendi.
1284 4834 1376 4888 Sic
1403 4848 1532 4903 ergo
1581 4832 1752 4886 deleta
1808 4833 1952 4885 inter
2001 4831 2096 4886 ho-

528 4933 704 4986 mines
738 4931 864 4995 ﬁde,
894 4929 1008 4999 ipse
1043 4928 1420 4998 superveniet,
1477 4937 1693 4981 sanctos
1723 4939 1851 4981 suos
1903 4925 1992 4995 qui
2029 4923 2096 4977 ab

526 5023 710 5094 impiis
734 5022 842 5077 leto
872 5020 1036 5076 dediti
1069 5019 1286 5083 fuerint,
1312 5019 1702 5072 vindicaturus.
1731 5016 1886 5072 Brevi
1919 5025 2096 5070 autem

527 5117 790 5172 ultionem
817 5114 1075 5187 patrabit,
1106 5121 1393 5183 propterea
1417 5112 1558 5182 quod
1592 5111 1645 5164 bi
1692 5111 1782 5164 ditt
1831 5119 2099 5178 noctuque

529 5211 595 5264 ad
627 5224 750 5264 eum
779 5208 1036 5263 clamant.
1065 5205 1131 5258 Et
1159 5205 1374 5274 quidem
1415 5215 1472 5257 ut
1502 5205 1566 5256 ad
1601 5218 1660 5258 se
1701 5202 1935 5256 clament
1955 5243 1970 5266 ,
1999 5204 2096 5256 do-

528 5303 643 5355 cuit
669 5315 764 5357 eos
792 5315 889 5371 per
921 5297 1237 5368 parabolam
1267 5295 1334 5350 dc
1359 5292 1538 5362 judice
1570 5293 1890 5361 iniquitatis.

529 5477 762 5534 “Homo
776 5481 987 5554 quidam
1010 5477 1198 5554 nobilis
1223 5477 1348 5530 abiit
1393 5476 1446 5527 in
1471 5472 2098 5554 regionemtonginquam

829 5553 1063 5617 accipere
1092 5550 1188 5602 sibi
1230 5561 1469 5617 regnum,
1509 5555 1555 5599 et
1587 5550 1792 5596 reverti.

603 5639 682 5695 En
707 5655 824 5708 qua:
854 5640 906 5693 in
940 5642 1040 5695 hac
1073 5638 1324 5709 parabola
1356 5636 1645 5692 edocemur
1672 5650 1686 5687 :
1722 5632 1960 5688 futurum
1996 5635 2100 5689 sci-

605 5880 648 5913 ³³
670 5877 798 5934 Luc.
828 5890 956 5941 xm,
977 5875 1066 5928 57.

1142 5873 1183 5906 ³⁸
1227 5873 1413 5931 Matth.
1442 5890 1589 5943 χειν,
1616 5874 1704 5932 ‘28.
1782 5875 1824 5907 "
1850 5873 2043 5928 Elech.
2076 5886 2233 5937 mu,
2259 5871 2312 5923 ‘5.

2199 4654 2350 4708 ἔσται
2374 4657 2401 4707 6
2427 4653 2852 4725 εὑρεθησόμενος
2878 4651 3092 4715 πιστός·
3115 4652 3257 4722 τάχα
3281 4651 3335 4704 δὲ
3359 4649 3478 4704 οὐδέ
3500 4643 3580 4713 εἷς
3601 4650 3770 4712 ἔσται,

2197 4747 2373 4801 διὰτὸ
2421 4747 2546 4810 τοὺς
2596 4747 2696 4815 μὲν
2743 4742 3290 4816 παραληφθήσεσθαι,
3327 4745 3451 4806 τοὺς
3495 4742 3551 4795 δὲ
3603 4759 3772 4795 κατα-

2199 4835 2586 4910 λειφθήσεσθαι
2609 4839 2720 4899 τοῖς
2746 4836 2924 4900 ἀετοῖς
2950 4835 3491 4907 παραδοθησομένους
3507 4849 3519 4862 ·
3553 4831 3696 4887 οὕτω
3718 4848 3773 4884 τε

2202 4928 2260 4995 ἐξ
2296 4927 2594 5000 ἀνθρώπων
2638 4926 2996 4998 ἐκλειπούσης
3037 4925 3138 4996 τῆς
3179 4925 3434 4987 πίστεως,
3467 4918 3630 4987 αὐτὸς
3671 4923 3776 4976 λοιο

2203 5021 2302 5073 πὺν
2324 5021 2673 5090 ἐπιστήσεται
2697 5019 2795 5089 τὴν
2819 5017 3094 5088 ἐκδίκησιν
3111 5016 3464 5087 ποιησόμενος
3485 5016 3593 5068 τῶν
3611 5015 3775 5083 ἁγίων

2207 5109 2369 5164 αὑτοῦ
2397 5110 2504 5164 τῶν
2548 5110 2651 5163 ὑπὸ
2690 5110 2797 5163 τῶν
2828 5108 3039 5162 ἀσεϐῶν
3079 5108 3455 5180 ἀνῃρημένων.
3503 5108 3591 5160 Ἐν
3628 5109 3774 5177 τάχει

2206 5199 2262 5252 δὲ
2310 5200 2525 5271 ποιήσει
2572 5199 2667 5271 τὴν
2713 5199 3009 5269 ἐκδίκησιν,
3037 5197 3126 5250 διὰ
3163 5197 3225 5250 τὺ
3268 5197 3394 5267 βοᾷν
3439 5195 3572 5268 πρὸς
3614 5194 3774 5248 αὑτὸν

2207 5292 2399 5354 νυκτὸς
2431 5291 2525 5343 καὶ
2559 5291 2767 5361 ἡμέρας
2791 5308 2805 5321 ο
2844 5290 2970 5361 βοᾷν
3012 5290 3066 5342 δὲ
3093 5289 3227 5361 πρὸς
3267 5287 3429 5340 αὑτὸν
3464 5286 3666 5350 ἐδίδαξε
3692 5284 3774 5338 διὰ

2208 5385 2304 5456 τῆς
2337 5385 2649 5456 παραϐολῆς
2681 5385 2774 5438 τοῦ
2806 5383 2992 5455 κριτοῦ
3021 5383 3120 5454 τῆς
3163 5381 3391 5445 ἀδικίας.

2211 5479 2542 5545 Ἄνθρωπός
2572 5495 2660 5542 τις
2691 5477 2944 5547 εὐγενὴς
2973 5475 3260 5542 ἐπορεύθη
3303 5476 3389 5547 εἰς
3431 5471 3651 5547 χώραν*
3665 5487 3772 5540 μα·-

2243 5541 2396 5614 κρᾰν
2419 5541 2832 5612 λαϐεῖνίὲαυὲῷ
2847 5541 3190 5612 βασιλείαν,
3223 5544 3320 5598 καὶ
3349 5541 3742 5610 ὑποστρέψαι.

2281 5638 2527 5692 Τοσαῦτα
2578 5639 2667 5692 διὰ
2717 5639 2815 5708 τῆς
2871 5636 3181 5706 παραϐολῆς
3232 5634 3634 5705 διδασκόμεθα,
3681 5632 3775 5703 τὴν

2416 5865 2459 5899 ³⁸
2493 5867 2625 5924 Luc.
2657 5867 2884 5932 “111,2.
2965 5864 3157 5918 "ibid.
3187 5864 3236 5918 8.
3317 5861 3508 5914 "Luc.
3535 5873 3645 5917 xu.
3679 5854 3769 5912 ﬂ.
