  <div class='ocr_page' id='page_1' title='image "/cluster/home/n/w/nwhite01/storage/ocr_20150623/24/hvd.32044019207729/300.png"; bbox 0 0 3968 6512; ppageno 0'>
   <div class='ocr_carea' id='block_1_1' title="bbox 231 443 354 508">
    <p class='ocr_par' dir='ltr' id='par_1_1' title="bbox 231 443 354 508">
     <span class='ocr_line' id='line_1_1' title="bbox 231 443 354 508; baseline -0.016 0"><span class='ocrx_word' id='word_1_1' title='bbox 231 443 354 508; x_wconf 78' lang='lat'><strong>589</strong></span> 
     </span>
    </p>
   </div>
   <div class='ocr_carea' id='block_1_2' title="bbox 1451 435 2339 497">
    <p class='ocr_par' dir='ltr' id='par_1_2' title="bbox 1451 435 2339 497">
     <span class='ocr_line' id='line_1_2' title="bbox 1451 435 2339 497; baseline -0.006 0"><span class='ocrx_word' id='word_1_2' title='bbox 1451 436 1948 497; x_wconf 76' lang='lat' dir='ltr'><strong>COMMENTARIA</strong></span> <span class='ocrx_word' id='word_1_3' title='bbox 1983 436 2048 491; x_wconf 85' lang='lat' dir='ltr'><strong>IN</strong></span> <span class='ocrx_word' id='word_1_4' title='bbox 2082 435 2339 492; x_wconf 81' lang='lat' dir='ltr'><strong>LUCAM.</strong></span> 
     </span>
    </p>
   </div>
   <div class='ocr_carea' id='block_1_3' title="bbox 235 551 1845 630">
    <p class='ocr_par' dir='ltr' id='par_1_3' title="bbox 235 553 1845 630">
     <span class='ocr_line' id='line_1_3' title="bbox 235 553 1845 630; baseline -0.008 -11"><span class='ocrx_word' id='word_1_5' title='bbox 235 561 572 630; x_wconf 63' lang='grc' dir='ltr'>μέλλουσαν</span> <span class='ocrx_word' id='word_1_6' title='bbox 595 558 758 615; x_wconf 79' lang='grc' dir='ltr'>αὐτοῦ</span> <span class='ocrx_word' id='word_1_7' title='bbox 781 561 876 613; x_wconf 72' lang='grc' dir='ltr'><strong>καὶ</strong></span> <span class='ocrx_word' id='word_1_8' title='bbox 901 559 1122 630; x_wconf 83' lang='grc' dir='ltr'><strong>μηδέπω</strong></span> <span class='ocrx_word' id='word_1_9' title='bbox 1146 555 1420 630; x_wconf 78' lang='grc' dir='ltr'>παροῦσαν</span> <span class='ocrx_word' id='word_1_10' title='bbox 1438 556 1710 628; x_wconf 89' lang='grc' dir='ltr'>βασιλείαν</span> <span class='ocrx_word' id='word_1_11' title='bbox 1721 553 1845 624; x_wconf 75' lang='grc'>(68),</span> 
     </span>
    </p>
   </div>
   <div class='ocr_carea' id='block_1_4' title="bbox 1951 551 3514 630">
    <p class='ocr_par' dir='ltr' id='par_1_4' title="bbox 1958 551 3514 630">
     <span class='ocr_line' id='line_1_4' title="bbox 1958 551 3514 630; baseline 0.006 -25"><span class='ocrx_word' id='word_1_12' title='bbox 1958 551 2084 606; x_wconf 88' lang='lat' dir='ltr'><strong>licet</strong></span> <span class='ocrx_word' id='word_1_13' title='bbox 2109 551 2310 608; x_wconf 86' lang='lat' dir='ltr'><strong>Christi</strong></span> <span class='ocrx_word' id='word_1_14' title='bbox 2363 553 2708 624; x_wconf 84' lang='lat' dir='ltr'><strong>nondumque</strong></span> <span class='ocrx_word' id='word_1_15' title='bbox 2754 570 2994 625; x_wconf 63' lang='lat' dir='ltr'><strong>praesens</strong></span> <span class='ocrx_word' id='word_1_16' title='bbox 3046 571 3291 628; x_wconf 90' lang='lat' dir='ltr'><strong>regnum,</strong></span> <span class='ocrx_word' id='word_1_17' title='bbox 3340 573 3514 630; x_wconf 87' lang='lat' dir='ltr'><strong>quan-</strong></span> 
     </span>
    </p>
   </div>
   <div class='ocr_carea' id='block_1_5' title="bbox 237 646 1850 724">
    <p class='ocr_par' dir='ltr' id='par_1_5' title="bbox 237 646 1850 724">
     <span class='ocr_line' id='line_1_5' title="bbox 237 646 1850 724; baseline -0.006 -16"><span class='ocrx_word' id='word_1_18' title='bbox 237 653 354 708; x_wconf 76' lang='grc' dir='ltr'>κᾶν</span> <span class='ocrx_word' id='word_1_19' title='bbox 387 652 668 724; x_wconf 68' lang='grc' dir='ltr'>αἰσθητὴν</span> <span class='ocrx_word' id='word_1_20' title='bbox 691 652 894 722; x_wconf 78' lang='grc' dir='ltr'>ταύτην</span> <span class='ocrx_word' id='word_1_21' title='bbox 913 651 1058 713; x_wconf 83' lang='grc' dir='ltr'>τινὲς</span> <span class='ocrx_word' id='word_1_22' title='bbox 1084 649 1462 720; x_wconf 78' lang='grc' dir='ltr'>ἐφαντάζοντο,</span> <span class='ocrx_word' id='word_1_23' title='bbox 1498 648 1595 719; x_wconf 82' lang='grc' dir='ltr'>τὴν</span> <span class='ocrx_word' id='word_1_24' title='bbox 1620 646 1724 701; x_wconf 85' lang='grc' dir='ltr'><strong>ἀπὸ</strong></span> <span class='ocrx_word' id='word_1_25' title='bbox 1747 647 1850 715; x_wconf 79' lang='grc' dir='ltr'><strong>γῆς</strong></span> 
     </span>
    </p>
   </div>
   <div class='ocr_carea' id='block_1_6' title="bbox 233 735 1853 816">
    <p class='ocr_par' dir='ltr' id='par_1_6' title="bbox 233 735 1853 816">
     <span class='ocr_line' id='line_1_6' title="bbox 233 735 1853 816; baseline -0.005 -19"><span class='ocrx_word' id='word_1_26' title='bbox 233 746 323 807; x_wconf 82' lang='grc' dir='ltr'>εις</span> <span class='ocrx_word' id='word_1_27' title='bbox 347 745 601 816; x_wconf 79' lang='grc' dir='ltr'>οὐρανὸν</span> <span class='ocrx_word' id='word_1_28' title='bbox 628 744 954 815; x_wconf 83' lang='grc' dir='ltr'>μετάστασίν</span> <span class='ocrx_word' id='word_1_29' title='bbox 977 760 1035 795; x_wconf 87' lang='grc' dir='ltr'><strong>τε</strong></span> <span class='ocrx_word' id='word_1_30' title='bbox 1056 744 1148 796; x_wconf 73' lang='grc' dir='ltr'><strong>καὶ</strong></span> <span class='ocrx_word' id='word_1_31' title='bbox 1161 740 1447 812; x_wconf 78' lang='grc' dir='ltr'><strong>ἀνάληψιν,</strong></span> <span class='ocrx_word' id='word_1_32' title='bbox 1472 740 1568 810; x_wconf 85' lang='grc' dir='ltr'>τὴν</span> <span class='ocrx_word' id='word_1_33' title='bbox 1595 735 1853 809; x_wconf 81' lang='grc' dir='ltr'><strong>δευτέραν</strong></span> 
     </span>
    </p>
   </div>
   <div class='ocr_carea' id='block_1_7' title="bbox 233 825 1850 904">
    <p class='ocr_par' dir='ltr' id='par_1_7' title="bbox 233 825 1850 904">
     <span class='ocr_line' id='line_1_7' title="bbox 233 825 1850 904; baseline -0.006 -13"><span class='ocrx_word' id='word_1_34' title='bbox 233 839 344 891; x_wconf 73' lang='grc' dir='ltr'>καὶ</span> <span class='ocrx_word' id='word_1_35' title='bbox 394 836 616 901; x_wconf 78' lang='grc' dir='ltr'>ἔνδοξον</span> <span class='ocrx_word' id='word_1_36' title='bbox 662 835 825 890; x_wconf 76' lang='grc' dir='ltr'>αὑτοῦ</span> <span class='ocrx_word' id='word_1_37' title='bbox 859 835 1196 904; x_wconf 81' lang='grc' dir='ltr'>θεοφάνειαν,</span> <span class='ocrx_word' id='word_1_38' title='bbox 1224 833 1320 904; x_wconf 83' lang='grc' dir='ltr'><strong>τὴν</strong></span> <span class='ocrx_word' id='word_1_39' title='bbox 1347 830 1597 904; x_wconf 84' lang='grc' dir='ltr'>κριτικὴν</span> <span class='ocrx_word' id='word_1_40' title='bbox 1631 830 1725 883; x_wconf 79' lang='grc' dir='ltr'>καὶ</span> <span class='ocrx_word' id='word_1_41' title='bbox 1759 825 1850 882; x_wconf 79' lang='grc' dir='ltr'><strong>τοῦ</strong></span> 
     </span>
    </p>
   </div>
   <div class='ocr_carea' id='block_1_8' title="bbox 235 919 1852 996">
    <p class='ocr_par' dir='ltr' id='par_1_8' title="bbox 235 919 1852 996">
     <span class='ocr_line' id='line_1_8' title="bbox 235 919 1852 996; baseline -0.009 -10"><span class='ocrx_word' id='word_1_42' title='bbox 235 930 374 986; x_wconf 78' lang='grc' dir='ltr'>κατ’</span> <span class='ocrx_word' id='word_1_43' title='bbox 415 926 584 991; x_wconf 78' lang='grc' dir='ltr'>ἀξίαν</span> <span class='ocrx_word' id='word_1_44' title='bbox 617 926 830 996; x_wconf 81' lang='grc' dir='ltr'><strong>ἑκάστῳ</strong></span> <span class='ocrx_word' id='word_1_45' title='bbox 867 925 1254 996; x_wconf 81' lang='grc' dir='ltr'><strong>διανεμητικὴν</strong></span> <span class='ocrx_word' id='word_1_46' title='bbox 1300 923 1568 990; x_wconf 80' lang='grc' dir='ltr'>ἐξουσίαν,</span> <span class='ocrx_word' id='word_1_47' title='bbox 1611 919 1710 992; x_wconf 74' lang='grc' dir='ltr'><strong>τὴν</strong></span> <span class='ocrx_word' id='word_1_48' title='bbox 1745 919 1852 972; x_wconf 90' lang='grc' dir='ltr'><strong>τῶν</strong></span> 
     </span>
    </p>
   </div>
   <div class='ocr_carea' id='block_1_9' title="bbox 232 1011 1850 1088">
    <p class='ocr_par' dir='ltr' id='par_1_9' title="bbox 232 1011 1850 1088">
     <span class='ocr_line' id='line_1_9' title="bbox 232 1011 1850 1088; baseline -0.006 -15"><span class='ocrx_word' id='word_1_49' title='bbox 232 1021 397 1074; x_wconf 67' lang='grc' dir='ltr'>οἰκεῖ</span> <span class='ocrx_word' id='word_1_50' title='bbox 403 1038 490 1072; x_wconf 89' lang='grc' dir='ltr'><strong>ων</strong></span> <span class='ocrx_word' id='word_1_51' title='bbox 514 1017 678 1072; x_wconf 78' lang='grc' dir='ltr'>αὑτοῦ</span> <span class='ocrx_word' id='word_1_52' title='bbox 704 1018 797 1070; x_wconf 76' lang='grc' dir='ltr'><strong>καὶ</strong></span> <span class='ocrx_word' id='word_1_53' title='bbox 823 1017 1028 1070; x_wconf 83' lang='grc' dir='ltr'>πιστῶν</span> <span class='ocrx_word' id='word_1_54' title='bbox 1056 1015 1462 1088; x_wconf 80' lang='grc' dir='ltr'>θεραπευόντων</span> <span class='ocrx_word' id='word_1_55' title='bbox 1483 1011 1850 1082; x_wconf 81' lang='grc' dir='ltr'><strong>εὐδοκίμησιν,</strong></span> 
     </span>
    </p>
   </div>
   <div class='ocr_carea' id='block_1_10' title="bbox 233 1101 1853 1184">
    <p class='ocr_par' dir='ltr' id='par_1_10' title="bbox 233 1101 1853 1184">
     <span class='ocr_line' id='line_1_10' title="bbox 233 1101 1853 1184; baseline -0.007 -19"><span class='ocrx_word' id='word_1_56' title='bbox 233 1112 346 1184; x_wconf 77' lang='grc' dir='ltr'>τὴν</span> <span class='ocrx_word' id='word_1_57' title='bbox 401 1111 522 1162; x_wconf 84' lang='grc' dir='ltr'><strong>τῶν</strong></span> <span class='ocrx_word' id='word_1_58' title='bbox 565 1111 640 1180; x_wconf 80' lang='grc' dir='ltr'>μὴ</span> <span class='ocrx_word' id='word_1_59' title='bbox 672 1108 929 1161; x_wconf 76' lang='grc' dir='ltr'>τοιούτων</span> <span class='ocrx_word' id='word_1_60' title='bbox 959 1108 1320 1176; x_wconf 81' lang='grc' dir='ltr'>κατάγνωσιν,</span> <span class='ocrx_word' id='word_1_61' title='bbox 1351 1105 1448 1176; x_wconf 81' lang='grc' dir='ltr'>τὴν</span> <span class='ocrx_word' id='word_1_62' title='bbox 1477 1102 1585 1156; x_wconf 89' lang='grc' dir='ltr'><strong>τῶν</strong></span> <span class='ocrx_word' id='word_1_63' title='bbox 1621 1101 1853 1156; x_wconf 88' lang='grc' dir='ltr'>πολιτῶν</span> 
     </span>
    </p>
   </div>
   <div class='ocr_carea' id='block_1_11' title="bbox 231 1193 1854 1271">
    <p class='ocr_par' dir='ltr' id='par_1_11' title="bbox 231 1193 1854 1271">
     <span class='ocr_line' id='line_1_11' title="bbox 231 1193 1854 1271; baseline -0.008 -14"><span class='ocrx_word' id='word_1_64' title='bbox 231 1199 346 1257; x_wconf 75' lang='grc' dir='ltr'><strong>τοῦ</strong></span> <span class='ocrx_word' id='word_1_65' title='bbox 388 1201 664 1271; x_wconf 74' lang='grc' dir='ltr'>βασιλέως</span> <span class='ocrx_word' id='word_1_66' title='bbox 697 1199 817 1253; x_wconf 84' lang='grc' dir='ltr'>κατ’</span> <span class='ocrx_word' id='word_1_67' title='bbox 852 1198 1014 1251; x_wconf 77' lang='grc' dir='ltr'>αὐτοῦ</span> <span class='ocrx_word' id='word_1_68' title='bbox 1059 1197 1344 1268; x_wconf 80' lang='grc' dir='ltr'>συσκευὴν,</span> <span class='ocrx_word' id='word_1_69' title='bbox 1389 1197 1489 1266; x_wconf 83' lang='grc' dir='ltr'>τὴν</span> <span class='ocrx_word' id='word_1_70' title='bbox 1534 1193 1854 1264; x_wconf 86' lang='grc' dir='ltr'>μετελευσο-</span> 
     </span>
    </p>
   </div>
   <div class='ocr_carea' id='block_1_12' title="bbox 242 1284 1851 1363">
    <p class='ocr_par' dir='ltr' id='par_1_12' title="bbox 242 1284 1851 1363">
     <span class='ocr_line' id='line_1_12' title="bbox 242 1284 1851 1363; baseline -0.003 -22"><span class='ocrx_word' id='word_1_71' title='bbox 242 1292 444 1363; x_wconf 82' lang='grc' dir='ltr'>μένην</span> <span class='ocrx_word' id='word_1_72' title='bbox 471 1292 669 1354; x_wconf 80' lang='grc' dir='ltr'>αὐτοὺς</span> <span class='ocrx_word' id='word_1_73' title='bbox 698 1290 932 1357; x_wconf 77' lang='grc' dir='ltr'><strong>ἐπαξίως</strong></span> <span class='ocrx_word' id='word_1_74' title='bbox 956 1284 1029 1343; x_wconf 83' lang='grc' dir='ltr'>ὧν</span> <span class='ocrx_word' id='word_1_75' title='bbox 1058 1289 1286 1360; x_wconf 77' lang='grc' dir='ltr'>ἔδρασαν</span> <span class='ocrx_word' id='word_1_76' title='bbox 1325 1287 1478 1356; x_wconf 86' lang='grc' dir='ltr'>δίκην</span> <span class='ocrx_word' id='word_1_77' title='bbox 1503 1303 1516 1315; x_wconf 87' lang='grc'>·</span> <span class='ocrx_word' id='word_1_78' title='bbox 1551 1284 1721 1338; x_wconf 78' lang='grc' dir='ltr'>ταῦτα</span> <span class='ocrx_word' id='word_1_79' title='bbox 1744 1284 1851 1356; x_wconf 80' lang='grc' dir='ltr'>γὰρ</span> 
     </span>
    </p>
   </div>
   <div class='ocr_carea' id='block_1_13' title="bbox 236 1375 1853 1454">
    <p class='ocr_par' dir='ltr' id='par_1_13' title="bbox 236 1375 1853 1454">
     <span class='ocr_line' id='line_1_13' title="bbox 236 1375 1853 1454; baseline -0.007 -16"><span class='ocrx_word' id='word_1_80' title='bbox 236 1383 400 1454; x_wconf 78' lang='grc' dir='ltr'>ὁμοῦ</span> <span class='ocrx_word' id='word_1_81' title='bbox 453 1383 634 1437; x_wconf 76' lang='grc' dir='ltr'>πάντα</span> <span class='ocrx_word' id='word_1_82' title='bbox 667 1381 755 1435; x_wconf 85' lang='grc' dir='ltr'>διὰ</span> <span class='ocrx_word' id='word_1_83' title='bbox 793 1381 901 1434; x_wconf 87' lang='grc' dir='ltr'><strong>τῶν</strong></span> <span class='ocrx_word' id='word_1_84' title='bbox 933 1378 1253 1432; x_wconf 90' lang='grc' dir='ltr'>ἐκτεθεισῶν</span> <span class='ocrx_word' id='word_1_85' title='bbox 1293 1376 1484 1447; x_wconf 79' lang='grc' dir='ltr'>φωνῶν</span> <span class='ocrx_word' id='word_1_86' title='bbox 1509 1376 1713 1446; x_wconf 85' lang='grc' dir='ltr'>ἐδήλου.</span> <span class='ocrx_word' id='word_1_87' title='bbox 1743 1375 1853 1427; x_wconf 74' lang='grc' dir='ltr'>Καὶ</span> 
     </span>
    </p>
   </div>
   <div class='ocr_carea' id='block_1_14' title="bbox 243 1463 1852 1540">
    <p class='ocr_par' dir='ltr' id='par_1_14' title="bbox 243 1463 1852 1540">
     <span class='ocr_line' id='line_1_14' title="bbox 243 1463 1852 1540; baseline -0.004 -17"><span class='ocrx_word' id='word_1_88' title='bbox 243 1470 492 1540; x_wconf 77' lang='grc' dir='ltr'>πρῶτον</span> <span class='ocrx_word' id='word_1_89' title='bbox 528 1469 626 1538; x_wconf 86' lang='grc' dir='ltr'>μὲν</span> <span class='ocrx_word' id='word_1_90' title='bbox 659 1469 940 1539; x_wconf 81' lang='grc' dir='ltr'>ἄνθρωπον</span> <span class='ocrx_word' id='word_1_91' title='bbox 975 1467 1133 1530; x_wconf 79' lang='grc' dir='ltr'>αὐτὸς</span> <span class='ocrx_word' id='word_1_92' title='bbox 1159 1466 1346 1520; x_wconf 74' lang='grc' dir='ltr'>ἑαυτὸν</span> <span class='ocrx_word' id='word_1_93' title='bbox 1375 1464 1620 1536; x_wconf 80' lang='grc' dir='ltr'>ὠνόμαζε</span> <span class='ocrx_word' id='word_1_94' title='bbox 1645 1463 1732 1518; x_wconf 79' lang='grc' dir='ltr'>διὰ</span> <span class='ocrx_word' id='word_1_95' title='bbox 1755 1463 1852 1535; x_wconf 83' lang='grc' dir='ltr'>τὴν</span> 
     </span>
    </p>
   </div>
   <div class='ocr_carea' id='block_1_15' title="bbox 243 1557 1854 1633">
    <p class='ocr_par' dir='ltr' id='par_1_15' title="bbox 243 1557 1854 1633">
     <span class='ocr_line' id='line_1_15' title="bbox 243 1557 1854 1633; baseline -0.004 -18"><span class='ocrx_word' id='word_1_96' title='bbox 243 1562 407 1615; x_wconf 81' lang='grc' dir='ltr'>κατὰ</span> <span class='ocrx_word' id='word_1_97' title='bbox 444 1563 626 1633; x_wconf 82' lang='grc' dir='ltr'>σάρκα</span> <span class='ocrx_word' id='word_1_98' title='bbox 649 1561 918 1631; x_wconf 86' lang='grc' dir='ltr'>γέννησιν,</span> <span class='ocrx_word' id='word_1_99' title='bbox 949 1559 1046 1630; x_wconf 82' lang='grc' dir='ltr'>τὴν</span> <span class='ocrx_word' id='word_1_100' title='bbox 1073 1558 1215 1612; x_wconf 85' lang='grc' dir='ltr'><strong>κατά</strong></span> <span class='ocrx_word' id='word_1_101' title='bbox 1255 1558 1535 1629; x_wconf 80' lang='grc' dir='ltr'>ἄνθρωπον</span> <span class='ocrx_word' id='word_1_102' title='bbox 1568 1557 1714 1627; x_wconf 81' lang='grc' dir='ltr'>αὐτῷ</span> <span class='ocrx_word' id='word_1_103' title='bbox 1762 1573 1854 1608; x_wconf 87' lang='grc' dir='ltr'>συ-</span> 
     </span>
    </p>
   </div>
   <div class='ocr_carea' id='block_1_16' title="bbox 243 1647 1852 1719">
    <p class='ocr_par' dir='ltr' id='par_1_16' title="bbox 243 1647 1852 1719">
     <span class='ocr_line' id='line_1_16' title="bbox 243 1647 1852 1719; baseline -0.004 -13"><span class='ocrx_word' id='word_1_104' title='bbox 243 1654 481 1706; x_wconf 74' lang='grc' dir='ltr'>στᾶσαν</span> <span class='ocrx_word' id='word_1_105' title='bbox 507 1670 521 1682; x_wconf 91' lang='grc'><strong>·</strong></span> <span class='ocrx_word' id='word_1_106' title='bbox 572 1652 760 1704; x_wconf 76' lang='grc' dir='ltr'>ἔπειτα</span> <span class='ocrx_word' id='word_1_107' title='bbox 805 1651 1021 1719; x_wconf 79' lang='grc' dir='ltr'>εὐγενῆ,</span> <span class='ocrx_word' id='word_1_108' title='bbox 1049 1649 1162 1703; x_wconf 82' lang='grc' dir='ltr'>ἀλλ’</span> <span class='ocrx_word' id='word_1_109' title='bbox 1210 1647 1362 1702; x_wconf 70' lang='grc' dir='ltr'>οὔπω</span> <span class='ocrx_word' id='word_1_110' title='bbox 1396 1648 1614 1718; x_wconf 83' lang='grc' dir='ltr'>βασιλέα</span> <span class='ocrx_word' id='word_1_111' title='bbox 1666 1647 1852 1700; x_wconf 80' lang='grc' dir='ltr'>ἑαυτὸν</span> 
     </span>
    </p>
   </div>
   <div class='ocr_carea' id='block_1_17' title="bbox 244 1739 1852 1813">
    <p class='ocr_par' dir='ltr' id='par_1_17' title="bbox 244 1739 1852 1813">
     <span class='ocr_line' id='line_1_17' title="bbox 244 1739 1852 1813; baseline -0.004 -16"><span class='ocrx_word' id='word_1_112' title='bbox 244 1745 478 1808; x_wconf 78' lang='grc' dir='ltr'>ἐκάλει,</span> <span class='ocrx_word' id='word_1_113' title='bbox 519 1743 608 1797; x_wconf 87' lang='grc' dir='ltr'><strong>διά</strong></span> <span class='ocrx_word' id='word_1_114' title='bbox 657 1743 717 1795; x_wconf 85' lang='grc' dir='ltr'><strong>τὸ</strong></span> <span class='ocrx_word' id='word_1_115' title='bbox 763 1742 986 1813; x_wconf 80' lang='grc' dir='ltr'>μηδέπω</span> <span class='ocrx_word' id='word_1_116' title='bbox 1014 1745 1079 1812; x_wconf 83' lang='grc' dir='ltr'>τῇ</span> <span class='ocrx_word' id='word_1_117' title='bbox 1114 1740 1360 1811; x_wconf 84' lang='grc' dir='ltr'>βασιλικῇ</span> <span class='ocrx_word' id='word_1_118' title='bbox 1404 1740 1530 1811; x_wconf 72' lang='grc' dir='ltr'>ἀξία</span> <span class='ocrx_word' id='word_1_119' title='bbox 1575 1739 1715 1793; x_wconf 84' lang='grc' dir='ltr'>κατὰ</span> <span class='ocrx_word' id='word_1_120' title='bbox 1753 1739 1852 1809; x_wconf 83' lang='grc' dir='ltr'>τὴν</span> 
     </span>
    </p>
   </div>
   <div class='ocr_carea' id='block_1_18' title="bbox 245 1827 1852 1905">
    <p class='ocr_par' dir='ltr' id='par_1_18' title="bbox 245 1827 1852 1905">
     <span class='ocr_line' id='line_1_18' title="bbox 245 1827 1852 1905; baseline -0.006 -18"><span class='ocrx_word' id='word_1_121' title='bbox 245 1833 496 1905; x_wconf 79' lang='grc' dir='ltr'>πρώτην</span> <span class='ocrx_word' id='word_1_122' title='bbox 535 1832 850 1901; x_wconf 72' lang='grc' dir='ltr'>θεοφάνειαν</span> <span class='ocrx_word' id='word_1_123' title='bbox 886 1829 1206 1901; x_wconf 79' lang='grc' dir='ltr'>κεχρῆσθαι.</span> <span class='ocrx_word' id='word_1_124' title='bbox 1242 1829 1354 1898; x_wconf 79' lang='grc' dir='ltr'><strong>Τῆς</strong></span> <span class='ocrx_word' id='word_1_125' title='bbox 1382 1828 1426 1880; x_wconf 88' lang='grc' dir='ltr'>δ’</span> <span class='ocrx_word' id='word_1_126' title='bbox 1456 1828 1732 1896; x_wconf 79' lang='grc' dir='ltr'>εὐγενείας</span> <span class='ocrx_word' id='word_1_127' title='bbox 1757 1827 1852 1878; x_wconf 84' lang='grc' dir='ltr'>αὑ-</span> 
     </span>
    </p>
   </div>
   <div class='ocr_carea' id='block_1_19' title="bbox 1955 643 3514 719">
    <p class='ocr_par' dir='ltr' id='par_1_19' title="bbox 1955 643 3514 719">
     <span class='ocr_line' id='line_1_19' title="bbox 1955 643 3514 719; baseline 0.006 -24"><span class='ocrx_word' id='word_1_128' title='bbox 1955 659 2114 712; x_wconf 87' lang='lat' dir='ltr'><strong>quam</strong></span> <span class='ocrx_word' id='word_1_129' title='bbox 2169 643 2222 698; x_wconf 91' lang='lat' dir='ltr'><strong>id</strong></span> <span class='ocrx_word' id='word_1_130' title='bbox 2269 644 2520 700; x_wconf 80' lang='lat' dir='ltr'><strong>sensibile</strong></span> <span class='ocrx_word' id='word_1_131' title='bbox 2572 646 2809 701; x_wconf 89' lang='lat' dir='ltr'><strong>nonnulli</strong></span> <span class='ocrx_word' id='word_1_132' title='bbox 2863 657 3068 703; x_wconf 83' lang='lat' dir='ltr'><strong>temere</strong></span> <span class='ocrx_word' id='word_1_133' title='bbox 3111 648 3514 719; x_wconf 77' lang='lat' dir='ltr'><strong>opinabantur;</strong></span> 
     </span>
    </p>
   </div>
   <div class='ocr_carea' id='block_1_20' title="bbox 1956 735 3515 814">
    <p class='ocr_par' dir='ltr' id='par_1_20' title="bbox 1956 735 3515 814">
     <span class='ocr_line' id='line_1_20' title="bbox 1956 735 3515 814; baseline 0.007 -25"><span class='ocrx_word' id='word_1_134' title='bbox 1956 735 2362 792; x_wconf 87' lang='lat' dir='ltr'><strong>translationem</strong></span> <span class='ocrx_word' id='word_1_135' title='bbox 2390 746 2591 793; x_wconf 88' lang='lat' dir='ltr'><strong>eterra</strong></span> <span class='ocrx_word' id='word_1_136' title='bbox 2619 737 2670 791; x_wconf 90' lang='lat' dir='ltr'><strong>in</strong></span> <span class='ocrx_word' id='word_1_137' title='bbox 2699 739 2927 806; x_wconf 79' lang='lat' dir='ltr'><strong>ccelum,</strong></span> <span class='ocrx_word' id='word_1_138' title='bbox 2962 741 3016 796; x_wconf 89' lang='lat' dir='ltr'><strong>id</strong></span> <span class='ocrx_word' id='word_1_139' title='bbox 3054 751 3138 797; x_wconf 91' lang='lat' dir='ltr'><strong>est</strong></span> <span class='ocrx_word' id='word_1_140' title='bbox 3187 745 3515 814; x_wconf 84' lang='lat' dir='ltr'><strong>assumptio-</strong></span> 
     </span>
    </p>
   </div>
   <div class='ocr_carea' id='block_1_21' title="bbox 1954 831 3514 906">
    <p class='ocr_par' dir='ltr' id='par_1_21' title="bbox 1954 831 3514 906">
     <span class='ocr_line' id='line_1_21' title="bbox 1954 831 3514 906; baseline 0.007 -24"><span class='ocrx_word' id='word_1_141' title='bbox 1954 844 2114 895; x_wconf 90' lang='lat' dir='ltr'><strong>nem;</strong></span> <span class='ocrx_word' id='word_1_142' title='bbox 2163 831 2455 885; x_wconf 86' lang='lat' dir='ltr'><strong>secundam</strong></span> <span class='ocrx_word' id='word_1_143' title='bbox 2494 831 2610 902; x_wconf 80' lang='lat' dir='ltr'><strong>ejus</strong></span> <span class='ocrx_word' id='word_1_144' title='bbox 2655 833 2946 902; x_wconf 81' lang='lat' dir='ltr'><strong>gloriosam</strong></span> <span class='ocrx_word' id='word_1_145' title='bbox 2989 835 3514 906; x_wconf 86' lang='lat' dir='ltr'><strong>manil‘estationem;</strong></span> 
     </span>
    </p>
   </div>
   <div class='ocr_carea' id='block_1_22' title="bbox 1949 915 3515 998">
    <p class='ocr_par' dir='ltr' id='par_1_22' title="bbox 1949 915 3515 998">
     <span class='ocr_line' id='line_1_22' title="bbox 1949 915 3515 998; baseline 0.008 -29"><span class='ocrx_word' id='word_1_146' title='bbox 1949 915 2291 984; x_wconf 77' lang='lat' dir='ltr'><strong>iudiciariam</strong></span> <span class='ocrx_word' id='word_1_147' title='bbox 2319 926 2374 973; x_wconf 87' lang='lat' dir='ltr'><strong>et</strong></span> <span class='ocrx_word' id='word_1_148' title='bbox 2404 934 2562 974; x_wconf 90' lang='lat' dir='ltr'><strong>suum</strong></span> <span class='ocrx_word' id='word_1_149' title='bbox 2589 922 2782 992; x_wconf 87' lang='lat' dir='ltr'><strong>cuique</strong></span> <span class='ocrx_word' id='word_1_150' title='bbox 2803 921 2893 990; x_wconf 83' lang='lat' dir='ltr'><strong>jus</strong></span> <span class='ocrx_word' id='word_1_151' title='bbox 2923 924 3234 980; x_wconf 78' lang='lat' dir='ltr'><strong>reddentem</strong></span> <span class='ocrx_word' id='word_1_152' title='bbox 3272 937 3515 998; x_wconf 85' lang='lat' dir='ltr'><strong>potesta-</strong></span> 
     </span>
    </p>
   </div>
   <div class='ocr_carea' id='block_1_23' title="bbox 1955 1007 3518 1084">
    <p class='ocr_par' dir='ltr' id='par_1_23' title="bbox 1955 1007 3518 1084">
     <span class='ocr_line' id='line_1_23' title="bbox 1955 1007 3518 1084; baseline 0.009 -24"><span class='ocrx_word' id='word_1_153' title='bbox 1955 1015 2099 1072; x_wconf 87' lang='lat' dir='ltr'><strong>tem;</strong></span> <span class='ocrx_word' id='word_1_154' title='bbox 2129 1007 2472 1064; x_wconf 76' lang='lat' dir='ltr'><strong>familiarium</strong></span> <span class='ocrx_word' id='word_1_155' title='bbox 2499 1026 2718 1067; x_wconf 92' lang='lat' dir='ltr'><strong>suorum</strong></span> <span class='ocrx_word' id='word_1_156' title='bbox 2738 1012 3080 1084; x_wconf 80' lang='lat' dir='ltr'><strong>ﬁdeliumque</strong></span> <span class='ocrx_word' id='word_1_157' title='bbox 3107 1031 3381 1073; x_wconf 89' lang='lat' dir='ltr'><strong>servorum</strong></span> <span class='ocrx_word' id='word_1_158' title='bbox 3404 1020 3518 1076; x_wconf 88' lang='lat' dir='ltr'><strong>col-</strong></span> 
     </span>
    </p>
   </div>
   <div class='ocr_carea' id='block_1_24' title="bbox 1955 1095 3511 1180">
    <p class='ocr_par' dir='ltr' id='par_1_24' title="bbox 1955 1095 3511 1180">
     <span class='ocr_line' id='line_1_24' title="bbox 1955 1095 3511 1180; baseline 0.012 -30"><span class='ocrx_word' id='word_1_159' title='bbox 1955 1095 2577 1166; x_wconf 82' lang='lat' dir='ltr'><strong>laudationetn;&#39;eorum</strong></span> <span class='ocrx_word' id='word_1_160' title='bbox 2604 1105 2697 1175; x_wconf 86' lang='lat' dir='ltr'><strong>qui</strong></span> <span class='ocrx_word' id='word_1_161' title='bbox 2753 1120 2913 1161; x_wconf 92' lang='lat' dir='ltr'><strong>secus</strong></span> <span class='ocrx_word' id='word_1_162' title='bbox 2964 1122 3024 1162; x_wconf 91' lang='lat' dir='ltr'><strong>se</strong></span> <span class='ocrx_word' id='word_1_163' title='bbox 3070 1111 3337 1180; x_wconf 77' lang='lat' dir='ltr'><strong>gesserint</strong></span> <span class='ocrx_word' id='word_1_164' title='bbox 3382 1127 3511 1168; x_wconf 86' lang='lat' dir='ltr'><strong>con-</strong></span> 
     </span>
    </p>
   </div>
   <div class='ocr_carea' id='block_1_25' title="bbox 1955 1187 3515 1269">
    <p class='ocr_par' dir='ltr' id='par_1_25' title="bbox 1955 1187 3515 1269">
     <span class='ocr_line' id='line_1_25' title="bbox 1955 1187 3515 1269; baseline 0.01 -27"><span class='ocrx_word' id='word_1_165' title='bbox 1955 1187 2389 1257; x_wconf 83' lang='lat' dir='ltr'><strong>demnationem;</strong></span> <span class='ocrx_word' id='word_1_166' title='bbox 2424 1193 2622 1248; x_wconf 83' lang='lat' dir='ltr'><strong>civium</strong></span> <span class='ocrx_word' id='word_1_167' title='bbox 2664 1196 2719 1250; x_wconf 91' lang='lat' dir='ltr'><strong>in</strong></span> <span class='ocrx_word' id='word_1_168' title='bbox 2751 1211 2931 1267; x_wconf 87' lang='lat' dir='ltr'><strong>regem</strong></span> <span class='ocrx_word' id='word_1_169' title='bbox 2972 1212 3129 1252; x_wconf 88' lang='lat' dir='ltr'><strong>suum</strong></span> <span class='ocrx_word' id='word_1_170' title='bbox 3153 1201 3515 1269; x_wconf 88' lang='lat' dir='ltr'><strong>conspiratio-</strong></span> 
     </span>
    </p>
   </div>
   <div class='ocr_carea' id='block_1_26' title="bbox 1954 1281 3519 1356">
    <p class='ocr_par' dir='ltr' id='par_1_26' title="bbox 1954 1281 3519 1356">
     <span class='ocr_line' id='line_1_26' title="bbox 1954 1281 3519 1356; baseline 0.01 -24"><span class='ocrx_word' id='word_1_171' title='bbox 1954 1293 2078 1332; x_wconf 92' lang='lat' dir='ltr'><strong>nem</strong></span> <span class='ocrx_word' id='word_1_172' title='bbox 2108 1287 2162 1334; x_wconf 89' lang='lat' dir='ltr'><strong>et</strong></span> <span class='ocrx_word' id='word_1_173' title='bbox 2193 1281 2515 1350; x_wconf 88' lang='lat' dir='ltr'><strong>condignam</strong></span> <span class='ocrx_word' id='word_1_174' title='bbox 2541 1283 2698 1340; x_wconf 79' lang='lat' dir='ltr'><strong>lactis</strong></span> <span class='ocrx_word' id='word_1_175' title='bbox 2726 1302 2941 1356; x_wconf 61' lang='lat' dir='ltr'><strong>paruam</strong></span> <span class='ocrx_word' id='word_1_176' title='bbox 2981 1306 2996 1343; x_wconf 89' lang='lat'><strong>:</strong></span> <span class='ocrx_word' id='word_1_177' title='bbox 3028 1287 3143 1344; x_wconf 65' lang='lat' dir='ltr'><strong>haec</strong></span> <span class='ocrx_word' id='word_1_178' title='bbox 3174 1292 3317 1346; x_wconf 90' lang='lat' dir='ltr'><strong>enim</strong></span> <span class='ocrx_word' id='word_1_179' title='bbox 3351 1285 3519 1348; x_wconf 87' lang='lat' dir='ltr'><strong>simul</strong></span> 
     </span>
    </p>
   </div>
   <div class='ocr_carea' id='block_1_27' title="bbox 1952 1373 3516 1454">
    <p class='ocr_par' dir='ltr' id='par_1_27' title="bbox 1952 1373 3516 1454">
     <span class='ocr_line' id='line_1_27' title="bbox 1952 1373 3516 1454; baseline 0.01 -30"><span class='ocrx_word' id='word_1_180' title='bbox 1952 1373 2132 1425; x_wconf 90' lang='lat' dir='ltr'><strong>omnia</strong></span> <span class='ocrx_word' id='word_1_181' title='bbox 2161 1374 2433 1441; x_wconf 76' lang='lat' dir='ltr'><strong>praedictis</strong></span> <span class='ocrx_word' id='word_1_182' title='bbox 2460 1376 2642 1432; x_wconf 81' lang='lat' dir='ltr'><strong>verbis</strong></span> <span class='ocrx_word' id='word_1_183' title='bbox 2671 1379 3030 1447; x_wconf 83' lang='lat' dir='ltr'><strong>signiﬁcabat.</strong></span> <span class='ocrx_word' id='word_1_184' title='bbox 3075 1382 3140 1437; x_wconf 84' lang='lat' dir='ltr'><strong>Et</strong></span> <span class='ocrx_word' id='word_1_185' title='bbox 3181 1384 3358 1453; x_wconf 88' lang='lat' dir='ltr'><strong>primo</strong></span> <span class='ocrx_word' id='word_1_186' title='bbox 3393 1386 3516 1454; x_wconf 91' lang='lat' dir='ltr'><strong>qui-</strong></span> 
     </span>
    </p>
   </div>
   <div class='ocr_carea' id='block_1_28' title="bbox 1953 1459 3513 1538">
    <p class='ocr_par' dir='ltr' id='par_1_28' title="bbox 1953 1459 3513 1538">
     <span class='ocr_line' id='line_1_28' title="bbox 1953 1459 3513 1538; baseline 0.011 -25"><span class='ocrx_word' id='word_1_187' title='bbox 1953 1459 2074 1514; x_wconf 88' lang='lat' dir='ltr'><strong>dem</strong></span> <span class='ocrx_word' id='word_1_188' title='bbox 2104 1463 2372 1518; x_wconf 87' lang='lat' dir='ltr'><strong>hominem</strong></span> <span class='ocrx_word' id='word_1_189' title='bbox 2403 1479 2461 1520; x_wconf 87' lang='lat' dir='ltr'><strong>se</strong></span> <span class='ocrx_word' id='word_1_190' title='bbox 2491 1467 2821 1536; x_wconf 89' lang='lat' dir='ltr'><strong>appellavit,</strong></span> <span class='ocrx_word' id='word_1_191' title='bbox 2850 1479 3069 1538; x_wconf 81' lang='lat' dir='ltr'><strong>propter</strong></span> <span class='ocrx_word' id='word_1_192' title='bbox 3105 1472 3379 1529; x_wconf 88' lang='lat' dir='ltr'><strong>carnalem</strong></span> <span class='ocrx_word' id='word_1_193' title='bbox 3413 1490 3513 1530; x_wconf 87' lang='lat' dir='ltr'><strong>na-</strong></span> 
     </span>
    </p>
   </div>
   <div class='ocr_carea' id='block_1_29' title="bbox 1954 1548 3514 1631">
    <p class='ocr_par' dir='ltr' id='par_1_29' title="bbox 1954 1548 3514 1631">
     <span class='ocr_line' id='line_1_29' title="bbox 1954 1548 3514 1631; baseline 0.012 -31"><span class='ocrx_word' id='word_1_194' title='bbox 1954 1548 2217 1605; x_wconf 87' lang='lat' dir='ltr'><strong>tivitatem</strong></span> <span class='ocrx_word' id='word_1_195' title='bbox 2241 1590 2257 1616; x_wconf 93' lang='lat'><strong>,</strong></span> <span class='ocrx_word' id='word_1_196' title='bbox 2284 1567 2404 1621; x_wconf 71' lang='lat' dir='ltr'><strong>quae</strong></span> <span class='ocrx_word' id='word_1_197' title='bbox 2430 1554 2532 1622; x_wconf 89' lang='lat' dir='ltr'><strong>ipsi</strong></span> <span class='ocrx_word' id='word_1_198' title='bbox 2566 1565 2626 1609; x_wconf 90' lang='lat' dir='ltr'><strong>ut</strong></span> <span class='ocrx_word' id='word_1_199' title='bbox 2659 1557 2863 1613; x_wconf 88' lang='lat' dir='ltr'><strong>homini</strong></span> <span class='ocrx_word' id='word_1_200' title='bbox 2903 1561 3146 1631; x_wconf 88' lang='lat' dir='ltr'><strong>contigit.</strong></span> <span class='ocrx_word' id='word_1_201' title='bbox 3178 1561 3381 1618; x_wconf 84' lang='lat' dir='ltr'><strong>Deinde</strong></span> <span class='ocrx_word' id='word_1_202' title='bbox 3415 1578 3514 1618; x_wconf 84' lang='lat' dir='ltr'><strong>no-</strong></span> 
     </span>
    </p>
   </div>
   <div class='ocr_carea' id='block_1_30' title="bbox 1951 1638 3511 1722">
    <p class='ocr_par' dir='ltr' id='par_1_30' title="bbox 1951 1638 3511 1722">
     <span class='ocr_line' id='line_1_30' title="bbox 1951 1638 3511 1722; baseline 0.01 -28"><span class='ocrx_word' id='word_1_203' title='bbox 1951 1638 2114 1696; x_wconf 82' lang='lat' dir='ltr'><strong>bilem</strong></span> <span class='ocrx_word' id='word_1_204' title='bbox 2164 1655 2223 1697; x_wconf 90' lang='lat' dir='ltr'><strong>se</strong></span> <span class='ocrx_word' id='word_1_205' title='bbox 2277 1643 2454 1710; x_wconf 82' lang='lat' dir='ltr'><strong>dixit,</strong></span> <span class='ocrx_word' id='word_1_206' title='bbox 2503 1661 2608 1701; x_wconf 94' lang='lat' dir='ltr'><strong>non</strong></span> <span class='ocrx_word' id='word_1_207' title='bbox 2663 1664 2866 1718; x_wconf 85' lang='lat' dir='ltr'><strong>regem,</strong></span> <span class='ocrx_word' id='word_1_208' title='bbox 2909 1652 3036 1720; x_wconf 86' lang='lat' dir='ltr'><strong>quia</strong></span> <span class='ocrx_word' id='word_1_209' title='bbox 3080 1653 3226 1722; x_wconf 87' lang='lat' dir='ltr'><strong>regia</strong></span> <span class='ocrx_word' id='word_1_210' title='bbox 3274 1654 3511 1709; x_wconf 90' lang='lat' dir='ltr'><strong>nondum</strong></span> 
     </span>
    </p>
   </div>
   <div class='ocr_carea' id='block_1_31' title="bbox 1951 1728 3513 1802">
    <p class='ocr_par' dir='ltr' id='par_1_31' title="bbox 1951 1728 3513 1802">
     <span class='ocr_line' id='line_1_31' title="bbox 1951 1728 3513 1802; baseline 0.011 -22"><span class='ocrx_word' id='word_1_211' title='bbox 1951 1728 2212 1798; x_wconf 87' lang='lat' dir='ltr'><strong>dignitate</strong></span> <span class='ocrx_word' id='word_1_212' title='bbox 2273 1732 2328 1786; x_wconf 92' lang='lat' dir='ltr'><strong>in</strong></span> <span class='ocrx_word' id='word_1_213' title='bbox 2383 1734 2556 1802; x_wconf 89' lang='lat' dir='ltr'><strong>prima</strong></span> <span class='ocrx_word' id='word_1_214' title='bbox 2603 1750 2703 1791; x_wconf 88' lang='lat' dir='ltr'><strong>sua</strong></span> <span class='ocrx_word' id='word_1_215' title='bbox 2759 1739 3194 1797; x_wconf 80' lang='lat' dir='ltr'><strong>manifestatione</strong></span> <span class='ocrx_word' id='word_1_216' title='bbox 3240 1741 3513 1797; x_wconf 88' lang='lat' dir='ltr'><strong>utebatur.</strong></span> 
     </span>
    </p>
   </div>
   <div class='ocr_carea' id='block_1_32' title="bbox 1951 1818 3514 1904">
    <p class='ocr_par' dir='ltr' id='par_1_32' title="bbox 1951 1818 3514 1904">
     <span class='ocr_line' id='line_1_32' title="bbox 1951 1818 3514 1904; baseline 0.011 -31"><span class='ocrx_word' id='word_1_217' title='bbox 1951 1818 2263 1879; x_wconf 85' lang='lat' dir='ltr'><strong>Nobilitatis</strong></span> <span class='ocrx_word' id='word_1_218' title='bbox 2292 1836 2470 1880; x_wconf 89' lang='lat' dir='ltr'><strong>autem</strong></span> <span class='ocrx_word' id='word_1_219' title='bbox 2502 1826 2618 1895; x_wconf 82' lang='lat' dir='ltr'><strong>ejus</strong></span> <span class='ocrx_word' id='word_1_220' title='bbox 2649 1837 2815 1885; x_wconf 86' lang='lat' dir='ltr'><strong>testes</strong></span> <span class='ocrx_word' id='word_1_221' title='bbox 2855 1831 2912 1896; x_wconf 85' lang='lat' dir='ltr'><strong>ii,</strong></span> <span class='ocrx_word' id='word_1_222' title='bbox 2943 1833 3034 1901; x_wconf 91' lang='lat' dir='ltr'><strong>qui</strong></span> <span class='ocrx_word' id='word_1_223' title='bbox 3067 1849 3233 1904; x_wconf 91' lang='lat' dir='ltr'><strong>genus</strong></span> <span class='ocrx_word' id='word_1_224' title='bbox 3268 1834 3412 1890; x_wconf 84' lang='lat' dir='ltr'><strong>illius</strong></span> <span class='ocrx_word' id='word_1_225' title='bbox 3447 1850 3514 1890; x_wconf 81' lang='lat' dir='ltr'><strong>ac</strong></span> 
     </span>
    </p>
   </div>
   <div class='ocr_carea' id='block_1_33' title="bbox 244 1893 1845 1997">
    <p class='ocr_par' dir='ltr' id='par_1_33' title="bbox 244 1893 1845 1997">
     <span class='ocr_line' id='line_1_33' title="bbox 244 1893 1845 1997; baseline -0.007 -17"><span class='ocrx_word' id='word_1_226' title='bbox 244 1893 347 1980; x_wconf 64' lang='grc' dir='ltr'><strong>τοῦ</strong></span> <span class='ocrx_word' id='word_1_227' title='bbox 385 1893 668 1997; x_wconf 74' lang='grc' dir='ltr'>μάρτυρες</span> <span class='ocrx_word' id='word_1_228' title='bbox 696 1924 744 1976; x_wconf 80' lang='grc' dir='ltr'>οἱ</span> <span class='ocrx_word' id='word_1_229' title='bbox 769 1922 864 1976; x_wconf 76' lang='grc' dir='ltr'><strong>τοῦ</strong></span> <span class='ocrx_word' id='word_1_230' title='bbox 890 1893 1079 1990; x_wconf 64' lang='grc' dir='ltr'>γένους</span> <span class='ocrx_word' id='word_1_231' title='bbox 1105 1922 1198 1974; x_wconf 75' lang='grc' dir='ltr'>καὶ</span> <span class='ocrx_word' id='word_1_232' title='bbox 1221 1893 1322 1989; x_wconf 76' lang='grc' dir='ltr'>τῆς</span> <span class='ocrx_word' id='word_1_233' title='bbox 1344 1921 1408 1973; x_wconf 85' lang='grc' dir='ltr'><strong>ἐκ</strong></span> <span class='ocrx_word' id='word_1_234' title='bbox 1437 1893 1713 1990; x_wconf 86' lang='grc' dir='ltr'>προγόνων</span> <span class='ocrx_word' id='word_1_235' title='bbox 1735 1919 1845 1972; x_wconf 87' lang='grc' dir='ltr'>δια-</span> 
     </span>
    </p>
   </div>
   <div class='ocr_carea' id='block_1_34' title="bbox 1951 1893 3511 1997">
    <p class='ocr_par' dir='ltr' id='par_1_34' title="bbox 1952 1912 3511 1997">
     <span class='ocr_line' id='line_1_34' title="bbox 1952 1912 3511 1997; baseline 0.012 -34"><span class='ocrx_word' id='word_1_236' title='bbox 1952 1912 2149 1965; x_wconf 90' lang='lat' dir='ltr'><strong>seriem</strong></span> <span class='ocrx_word' id='word_1_237' title='bbox 2179 1916 2582 1985; x_wconf 88' lang='lat' dir='ltr'><strong>progenitorum</strong></span> <span class='ocrx_word' id='word_1_238' title='bbox 2605 1919 2822 1988; x_wconf 83' lang='lat' dir='ltr'><strong>scriptis</strong></span> <span class='ocrx_word' id='word_1_239' title='bbox 2851 1922 3130 1997; x_wconf 81' lang='lat' dir='ltr'><strong>historicis</strong></span> <span class='ocrx_word' id='word_1_240' title='bbox 3163 1926 3511 1981; x_wconf 91' lang='lat' dir='ltr'><strong>commcnda-</strong></span> 
     </span>
    </p>
   </div>
   <div class='ocr_carea' id='block_1_35' title="bbox 245 2004 1849 2086">
    <p class='ocr_par' dir='ltr' id='par_1_35' title="bbox 245 2004 1849 2086">
     <span class='ocr_line' id='line_1_35' title="bbox 245 2004 1849 2086; baseline -0.004 -16"><span class='ocrx_word' id='word_1_241' title='bbox 245 2015 427 2086; x_wconf 79' lang='grc' dir='ltr'>δοχῆς</span> <span class='ocrx_word' id='word_1_242' title='bbox 451 2015 553 2086; x_wconf 81' lang='grc' dir='ltr'>τὴν</span> <span class='ocrx_word' id='word_1_243' title='bbox 588 2014 826 2085; x_wconf 77' lang='grc' dir='ltr'>ἱστορίαν</span> <span class='ocrx_word' id='word_1_244' title='bbox 847 2015 1031 2084; x_wconf 78' lang='grc' dir='ltr'>γραφῇ</span> <span class='ocrx_word' id='word_1_245' title='bbox 1059 2011 1526 2083; x_wconf 78' lang='grc' dir='ltr'>παραδεδωκότες·</span> <span class='ocrx_word' id='word_1_246' title='bbox 1563 2004 1638 2063; x_wconf 81' lang='grc' dir='ltr'>ὧν</span> <span class='ocrx_word' id='word_1_247' title='bbox 1680 2013 1708 2064; x_wconf 90' lang='grc' dir='ltr'>ὁ</span> <span class='ocrx_word' id='word_1_248' title='bbox 1752 2010 1849 2081; x_wconf 81' lang='grc' dir='ltr'>μέν</span> 
     </span>
    </p>
   </div>
   <div class='ocr_carea' id='block_1_36' title="bbox 243 2101 1846 2176">
    <p class='ocr_par' dir='ltr' id='par_1_36' title="bbox 243 2101 1846 2176">
     <span class='ocr_line' id='line_1_36' title="bbox 243 2101 1846 2176; baseline -0.001 -20"><span class='ocrx_word' id='word_1_249' title='bbox 243 2123 361 2168; x_wconf 78' lang='grc' dir='ltr'>τις,</span> <span class='ocrx_word' id='word_1_250' title='bbox 393 2108 506 2176; x_wconf 82' lang='grc' dir='ltr'>τὴν</span> <span class='ocrx_word' id='word_1_251' title='bbox 531 2105 671 2159; x_wconf 80' lang='grc' dir='ltr'><strong>κατά</strong></span> <span class='ocrx_word' id='word_1_252' title='bbox 712 2104 1029 2174; x_wconf 80' lang='grc' dir='ltr'>ἀνθρώπους</span> <span class='ocrx_word' id='word_1_253' title='bbox 1061 2101 1336 2170; x_wconf 80' lang='grc' dir='ltr'>εὐγένειαν</span> <span class='ocrx_word' id='word_1_254' title='bbox 1367 2101 1529 2155; x_wconf 80' lang='grc' dir='ltr'>αὐτοῦ</span> <span class='ocrx_word' id='word_1_255' title='bbox 1558 2101 1846 2172; x_wconf 81' lang='grc' dir='ltr'>παριστὰς,</span> 
     </span>
    </p>
   </div>
   <div class='ocr_carea' id='block_1_37' title="bbox 246 2193 1850 2268">
    <p class='ocr_par' dir='ltr' id='par_1_37' title="bbox 246 2193 1850 2268">
     <span class='ocr_line' id='line_1_37' title="bbox 246 2193 1850 2268; baseline -0.001 -21"><span class='ocrx_word' id='word_1_256' title='bbox 246 2197 418 2250; x_wconf 76' lang='grc' dir='ltr'>ἔνθεν</span> <span class='ocrx_word' id='word_1_257' title='bbox 440 2198 508 2268; x_wconf 89' lang='grc' dir='ltr'>δή</span> <span class='ocrx_word' id='word_1_258' title='bbox 535 2197 696 2249; x_wconf 89' lang='grc' dir='ltr'>ποθεν</span> <span class='ocrx_word' id='word_1_259' title='bbox 721 2194 1096 2265; x_wconf 79' lang='grc' dir='ltr'>εὐηγγελίζετο</span> <span class='ocrx_word' id='word_1_260' title='bbox 1111 2193 1303 2262; x_wconf 81' lang='grc' dir='ltr'>λέγων’</span> <span class='ocrx_word' id='word_1_261' title='bbox 1327 2194 1540 2258; x_wconf 76' lang='grc' dir='ltr'>Βίϐλος</span> <span class='ocrx_word' id='word_1_262' title='bbox 1560 2194 1850 2262; x_wconf 61' lang='grc' dir='ltr'>γεηέσεως</span> 
     </span>
    </p>
   </div>
   <div class='ocr_carea' id='block_1_38' title="bbox 259 2276 1848 2355">
    <p class='ocr_par' dir='ltr' id='par_1_38' title="bbox 259 2276 1848 2355">
     <span class='ocr_line' id='line_1_38' title="bbox 259 2276 1848 2355; baseline -0.006 -14"><span class='ocrx_word' id='word_1_263' title='bbox 259 2285 492 2355; x_wconf 82' lang='grc' dir='ltr'>Ἰησοῦ</span> <span class='ocrx_word' id='word_1_264' title='bbox 536 2284 789 2352; x_wconf 84' lang='grc' dir='ltr'>Χριστοῦ</span> <span class='ocrx_word' id='word_1_265' title='bbox 822 2283 955 2337; x_wconf 78' lang='grc' dir='ltr'>υἱοῦ</span> <span class='ocrx_word' id='word_1_266' title='bbox 999 2282 1194 2348; x_wconf 78' lang='grc' dir='ltr'>Δαόὶδ,</span> <span class='ocrx_word' id='word_1_267' title='bbox 1257 2281 1390 2334; x_wconf 77' lang='grc' dir='ltr'>υἱοῦ</span> <span class='ocrx_word' id='word_1_268' title='bbox 1449 2280 1710 2349; x_wconf 80' lang='grc' dir='ltr'><strong>Ἁϐραάμ·</strong></span> <span class='ocrx_word' id='word_1_269' title='bbox 1751 2276 1848 2332; x_wconf 85' lang='grc' dir='ltr'>εἷθ’</span> 
     </span>
    </p>
   </div>
   <div class='ocr_carea' id='block_1_39' title="bbox 248 2371 1850 2450">
    <p class='ocr_par' dir='ltr' id='par_1_39' title="bbox 248 2371 1850 2450">
     <span class='ocr_line' id='line_1_39' title="bbox 248 2371 1850 2450; baseline -0.005 -17"><span class='ocrx_word' id='word_1_270' title='bbox 248 2380 396 2450; x_wconf 77' lang='grc' dir='ltr'>ἑξῆς</span> <span class='ocrx_word' id='word_1_271' title='bbox 434 2377 650 2440; x_wconf 80' lang='grc' dir='ltr'>τούτοις</span> <span class='ocrx_word' id='word_1_272' title='bbox 707 2375 805 2447; x_wconf 77' lang='grc' dir='ltr'>τὴν</span> <span class='ocrx_word' id='word_1_273' title='bbox 840 2375 1187 2444; x_wconf 86' lang='grc' dir='ltr'>γενεαλογίαν</span> <span class='ocrx_word' id='word_1_274' title='bbox 1225 2373 1290 2426; x_wconf 90' lang='grc' dir='ltr'>δι’</span> <span class='ocrx_word' id='word_1_275' title='bbox 1325 2373 1601 2444; x_wconf 86' lang='grc' dir='ltr'>ἐπιδήμων</span> <span class='ocrx_word' id='word_1_276' title='bbox 1643 2371 1850 2444; x_wconf 86' lang='grc' dir='ltr'>ἀνδρῶν</span> 
     </span>
    </p>
   </div>
   <div class='ocr_carea' id='block_1_40' title="bbox 249 2463 1848 2538">
    <p class='ocr_par' dir='ltr' id='par_1_40' title="bbox 249 2463 1848 2538">
     <span class='ocr_line' id='line_1_40' title="bbox 249 2463 1848 2538; baseline -0.008 -13"><span class='ocrx_word' id='word_1_277' title='bbox 249 2471 356 2525; x_wconf 74' lang='grc' dir='ltr'>καὶ</span> <span class='ocrx_word' id='word_1_278' title='bbox 388 2467 490 2523; x_wconf 83' lang='grc' dir='ltr'>διὰ</span> <span class='ocrx_word' id='word_1_279' title='bbox 533 2465 810 2538; x_wconf 77' lang='grc' dir='ltr'>βασιλικοῦ</span> <span class='ocrx_word' id='word_1_280' title='bbox 851 2466 1040 2534; x_wconf 82' lang='grc' dir='ltr'>γένους</span> <span class='ocrx_word' id='word_1_281' title='bbox 1083 2464 1168 2517; x_wconf 86' lang='grc' dir='ltr'>ἐπ’</span> <span class='ocrx_word' id='word_1_282' title='bbox 1201 2463 1360 2516; x_wconf 78' lang='grc' dir='ltr'>αὑτὸν</span> <span class='ocrx_word' id='word_1_283' title='bbox 1397 2466 1648 2530; x_wconf 76' lang='grc' dir='ltr'>κατάγων</span> <span class='ocrx_word' id='word_1_284' title='bbox 1695 2463 1848 2533; x_wconf 82' lang='grc' dir='ltr'>ἵστη-</span> 
     </span>
    </p>
   </div>
   <div class='ocr_carea' id='block_1_41' title="bbox 251 2552 1850 2628">
    <p class='ocr_par' dir='ltr' id='par_1_41' title="bbox 251 2552 1850 2628">
     <span class='ocr_line' id='line_1_41' title="bbox 251 2552 1850 2628; baseline -0.006 -13"><span class='ocrx_word' id='word_1_285' title='bbox 251 2578 378 2615; x_wconf 85' lang='grc' dir='ltr'>σιν·</span> <span class='ocrx_word' id='word_1_286' title='bbox 412 2562 446 2614; x_wconf 82' lang='grc' dir='ltr'><strong>δ</strong></span> <span class='ocrx_word' id='word_1_287' title='bbox 473 2559 530 2611; x_wconf 79' lang='grc' dir='ltr'>δὲ</span> <span class='ocrx_word' id='word_1_288' title='bbox 574 2557 671 2628; x_wconf 81' lang='grc' dir='ltr'>τὴν</span> <span class='ocrx_word' id='word_1_289' title='bbox 704 2557 963 2610; x_wconf 83' lang='grc' dir='ltr'>ἀνωτάτω</span> <span class='ocrx_word' id='word_1_290' title='bbox 1005 2555 1099 2608; x_wconf 74' lang='grc' dir='ltr'>καὶ</span> <span class='ocrx_word' id='word_1_291' title='bbox 1141 2553 1246 2624; x_wconf 87' lang='grc' dir='ltr'><strong>πρὸ</strong></span> <span class='ocrx_word' id='word_1_292' title='bbox 1285 2553 1499 2606; x_wconf 84' lang='grc' dir='ltr'>πάντων</span> <span class='ocrx_word' id='word_1_293' title='bbox 1536 2552 1744 2606; x_wconf 75' lang='grc' dir='ltr'>αἰώνων</span> <span class='ocrx_word' id='word_1_294' title='bbox 1785 2555 1850 2606; x_wconf 89' lang='grc' dir='ltr'><strong>ἐκ</strong></span> 
     </span>
    </p>
   </div>
   <div class='ocr_carea' id='block_1_42' title="bbox 251 2643 1849 2718">
    <p class='ocr_par' dir='ltr' id='par_1_42' title="bbox 251 2643 1849 2718">
     <span class='ocr_line' id='line_1_42' title="bbox 251 2643 1849 2718; baseline -0.005 -12"><span class='ocrx_word' id='word_1_295' title='bbox 251 2652 404 2706; x_wconf 75' lang='grc' dir='ltr'>Θεοῦ</span> <span class='ocrx_word' id='word_1_296' title='bbox 454 2649 704 2718; x_wconf 81' lang='grc' dir='ltr'>γέννησιν</span> <span class='ocrx_word' id='word_1_297' title='bbox 742 2649 905 2700; x_wconf 78' lang='grc' dir='ltr'>αὑτοῦ</span> <span class='ocrx_word' id='word_1_298' title='bbox 931 2646 1215 2711; x_wconf 84' lang='grc' dir='ltr'>διδάσκων,</span> <span class='ocrx_word' id='word_1_299' title='bbox 1250 2647 1350 2716; x_wconf 80' lang='grc' dir='ltr'>τὴν</span> <span class='ocrx_word' id='word_1_300' title='bbox 1389 2643 1600 2716; x_wconf 84' lang='grc' dir='ltr'>ἀληθῶς</span> <span class='ocrx_word' id='word_1_301' title='bbox 1628 2645 1849 2716; x_wconf 82' lang='grc' dir='ltr'>πρώτην</span> 
     </span>
    </p>
   </div>
   <div class='ocr_carea' id='block_1_43' title="bbox 253 2732 1850 2807">
    <p class='ocr_par' dir='ltr' id='par_1_43' title="bbox 253 2732 1850 2807">
     <span class='ocr_line' id='line_1_43' title="bbox 253 2732 1850 2807; baseline -0.002 -17"><span class='ocrx_word' id='word_1_302' title='bbox 253 2739 355 2790; x_wconf 75' lang='grc' dir='ltr'>καὶ</span> <span class='ocrx_word' id='word_1_303' title='bbox 390 2737 566 2807; x_wconf 85' lang='grc' dir='ltr'>μόνην</span> <span class='ocrx_word' id='word_1_304' title='bbox 598 2735 873 2802; x_wconf 73' lang='grc' dir='ltr'>εὐγένειαν</span> <span class='ocrx_word' id='word_1_305' title='bbox 905 2734 1187 2804; x_wconf 85' lang='grc' dir='ltr'>παρεδίδου</span> <span class='ocrx_word' id='word_1_306' title='bbox 1224 2732 1422 2801; x_wconf 79' lang='grc' dir='ltr'>λέγων’</span> <span class='ocrx_word' id='word_1_307' title='bbox 1467 2735 1564 2786; x_wconf 66' lang='grc' dir='ltr'><strong>Ἰξν</strong></span> <span class='ocrx_word' id='word_1_308' title='bbox 1590 2733 1743 2802; x_wconf 78' lang='grc' dir='ltr'>ἀρχῇ</span> <span class='ocrx_word' id='word_1_309' title='bbox 1773 2734 1850 2802; x_wconf 80' lang='grc' dir='ltr'><strong>ἦν</strong></span> 
     </span>
    </p>
   </div>
   <div class='ocr_carea' id='block_1_44' title="bbox 254 2821 1850 2898">
    <p class='ocr_par' dir='ltr' id='par_1_44' title="bbox 254 2821 1850 2898">
     <span class='ocr_line' id='line_1_44' title="bbox 254 2821 1850 2898; baseline -0.003 -16"><span class='ocrx_word' id='word_1_310' title='bbox 254 2831 291 2882; x_wconf 86' lang='grc' dir='ltr'><strong>ό</strong></span> <span class='ocrx_word' id='word_1_311' title='bbox 326 2829 552 2898; x_wconf 70' lang='grc' dir='ltr'>Λόγος,</span> <span class='ocrx_word' id='word_1_312' title='bbox 574 2826 671 2880; x_wconf 80' lang='grc' dir='ltr'>καὶ</span> <span class='ocrx_word' id='word_1_313' title='bbox 697 2829 730 2880; x_wconf 82' lang='grc' dir='ltr'><em>ὀ</em></span> <span class='ocrx_word' id='word_1_314' title='bbox 747 2827 935 2894; x_wconf 82' lang='grc' dir='ltr'>Λόγος</span> <span class='ocrx_word' id='word_1_315' title='bbox 957 2821 1036 2894; x_wconf 83' lang='grc' dir='ltr'><strong>ἦν</strong></span> <span class='ocrx_word' id='word_1_316' title='bbox 1067 2823 1217 2892; x_wconf 82' lang='grc' dir='ltr'>πρὸς</span> <span class='ocrx_word' id='word_1_317' title='bbox 1249 2823 1356 2877; x_wconf 81' lang='grc' dir='ltr'><strong>τὸν</strong></span> <span class='ocrx_word' id='word_1_318' title='bbox 1386 2825 1550 2889; x_wconf 77' lang='grc' dir='ltr'>Θεὸν,</span> <span class='ocrx_word' id='word_1_319' title='bbox 1579 2825 1678 2878; x_wconf 76' lang='grc' dir='ltr'>καὶ</span> <span class='ocrx_word' id='word_1_320' title='bbox 1707 2825 1850 2890; x_wconf 81' lang='grc' dir='ltr'>Θεὸς</span> 
     </span>
    </p>
   </div>
   <div class='ocr_carea' id='block_1_45' title="bbox 254 2915 1494 2989">
    <p class='ocr_par' dir='ltr' id='par_1_45' title="bbox 254 2915 1494 2989">
     <span class='ocr_line' id='line_1_45' title="bbox 254 2915 1494 2989; baseline -0.004 -15"><span class='ocrx_word' id='word_1_321' title='bbox 254 2916 340 2989; x_wconf 61' lang='grc' dir='ltr'><strong>ἦν</strong></span> <span class='ocrx_word' id='word_1_322' title='bbox 375 2923 415 2974; x_wconf 83' lang='grc' dir='ltr'><strong>ό</strong></span> <span class='ocrx_word' id='word_1_323' title='bbox 450 2919 660 2988; x_wconf 83' lang='grc' dir='ltr'>Λόγος.</span> <span class='ocrx_word' id='word_1_324' title='bbox 686 2915 887 2971; x_wconf 79' lang='grc' dir='ltr'>Πάντα</span> <span class='ocrx_word' id='word_1_325' title='bbox 919 2916 991 2968; x_wconf 85' lang='grc' dir='ltr'>δι’</span> <span class='ocrx_word' id='word_1_326' title='bbox 1026 2916 1209 2968; x_wconf 81' lang='grc' dir='ltr'>αὐτοῦ</span> <span class='ocrx_word' id='word_1_327' title='bbox 1243 2915 1494 2984; x_wconf 64' lang='grc' dir='ltr'>ἐγένετο.</span> 
     </span>
    </p>
   </div>
   <div class='ocr_carea' id='block_1_46' title="bbox 277 3003 1846 3080">
    <p class='ocr_par' dir='ltr' id='par_1_46' title="bbox 277 3003 1846 3080">
     <span class='ocr_line' id='line_1_46' title="bbox 277 3003 1846 3080; baseline 0.003 -22"><span class='ocrx_word' id='word_1_328' title='bbox 277 3047 289 3058; x_wconf 88' lang='grc'><strong>..</strong></span> <span class='ocrx_word' id='word_1_329' title='bbox 346 3009 650 3080; x_wconf 81' lang='grc' dir='ltr'>’Λλλά-γάρ</span> <span class='ocrx_word' id='word_1_330' title='bbox 671 3003 824 3071; x_wconf 75' lang='grc' dir='ltr'>οὗτος</span> <span class='ocrx_word' id='word_1_331' title='bbox 851 3010 878 3060; x_wconf 87' lang='grc' dir='ltr'><strong>ό</strong></span> <span class='ocrx_word' id='word_1_332' title='bbox 909 3008 1012 3079; x_wconf 78' lang='grc' dir='ltr'><strong>πρὸ</strong></span> <span class='ocrx_word' id='word_1_333' title='bbox 1043 3007 1254 3060; x_wconf 82' lang='grc' dir='ltr'>πάντων</span> <span class='ocrx_word' id='word_1_334' title='bbox 1277 3006 1486 3061; x_wconf 82' lang='grc' dir='ltr'>αἰώνων</span> <span class='ocrx_word' id='word_1_335' title='bbox 1509 3006 1637 3072; x_wconf 83' lang='grc' dir='ltr'>Θεὸς</span> <span class='ocrx_word' id='word_1_336' title='bbox 1657 3010 1846 3078; x_wconf 84' lang='grc' dir='ltr'>Λόγος,</span> 
     </span>
    </p>
   </div>
   <div class='ocr_carea' id='block_1_47' title="bbox 256 3098 1848 3175">
    <p class='ocr_par' dir='ltr' id='par_1_47' title="bbox 256 3098 1848 3175">
     <span class='ocr_line' id='line_1_47' title="bbox 256 3098 1848 3175; baseline -0.004 -16"><span class='ocrx_word' id='word_1_337' title='bbox 256 3104 564 3175; x_wconf 76' lang='grc' dir='ltr'>γενόμενος</span> <span class='ocrx_word' id='word_1_338' title='bbox 590 3100 872 3173; x_wconf 81' lang='grc' dir='ltr'>ἄνθρωπος</span> <span class='ocrx_word' id='word_1_339' title='bbox 906 3098 1147 3168; x_wconf 79' lang='grc' dir='ltr'>εὐγενὴς,</span> <span class='ocrx_word' id='word_1_340' title='bbox 1187 3100 1279 3152; x_wconf 81' lang='grc' dir='ltr'><strong>καὶ</strong></span> <span class='ocrx_word' id='word_1_341' title='bbox 1310 3099 1399 3152; x_wconf 88' lang='grc' dir='ltr'><strong>τὸν</strong></span> <span class='ocrx_word' id='word_1_342' title='bbox 1428 3099 1523 3152; x_wconf 80' lang='grc' dir='ltr'><strong>σὺν</strong></span> <span class='ocrx_word' id='word_1_343' title='bbox 1545 3099 1848 3171; x_wconf 86' lang='grc' dir='ltr'>ἀνθρώποις</span> 
     </span>
    </p>
   </div>
   <div class='ocr_carea' id='block_1_48' title="bbox 1949 2006 3511 2076">
    <p class='ocr_par' dir='ltr' id='par_1_48' title="bbox 1949 2006 3511 2076">
     <span class='ocr_line' id='line_1_48' title="bbox 1949 2006 3511 2076; baseline 0.012 -23"><span class='ocrx_word' id='word_1_344' title='bbox 1949 2011 2171 2069; x_wconf 86' lang='lat' dir='ltr'><strong>verunt;</strong></span> <span class='ocrx_word' id='word_1_345' title='bbox 2215 2019 2351 2073; x_wconf 91' lang='lat' dir='ltr'><strong>quos</strong></span> <span class='ocrx_word' id='word_1_346' title='bbox 2384 2006 2524 2060; x_wconf 91' lang='lat' dir='ltr'><strong>inter</strong></span> <span class='ocrx_word' id='word_1_347' title='bbox 2548 2008 2764 2076; x_wconf 86' lang='lat' dir='ltr'><strong>quidam</strong></span> <span class='ocrx_word' id='word_1_348' title='bbox 2803 2012 2928 2066; x_wconf 93' lang='lat' dir='ltr'><strong>dum</strong></span> <span class='ocrx_word' id='word_1_349' title='bbox 2985 2015 3511 2074; x_wconf 81' lang='lat' dir='ltr'><strong>humanam‘Christi</strong></span> 
     </span>
    </p>
   </div>
   <div class='ocr_carea' id='block_1_49' title="bbox 1951 2094 3511 2174">
    <p class='ocr_par' dir='ltr' id='par_1_49' title="bbox 1951 2094 3511 2174">
     <span class='ocr_line' id='line_1_49' title="bbox 1951 2094 3511 2174; baseline 0.013 -28"><span class='ocrx_word' id='word_1_350' title='bbox 1951 2094 2293 2151; x_wconf 86' lang='lat' dir='ltr'><strong>nobilitatem</strong></span> <span class='ocrx_word' id='word_1_351' title='bbox 2343 2100 2598 2166; x_wconf 76' lang='lat' dir='ltr'><strong>exhibet,</strong></span> <span class='ocrx_word' id='word_1_352' title='bbox 2643 2103 2721 2158; x_wconf 88' lang='lat' dir='ltr'><strong>sic</strong></span> <span class='ocrx_word' id='word_1_353' title='bbox 2764 2105 3107 2174; x_wconf 86' lang='lat' dir='ltr'><strong>Evangelium</strong></span> <span class='ocrx_word' id='word_1_354' title='bbox 3162 2124 3322 2166; x_wconf 89' lang='lat' dir='ltr'><strong>orsus</strong></span> <span class='ocrx_word' id='word_1_355' title='bbox 3381 2120 3511 2166; x_wconf 82' lang='lat' dir='ltr'><strong>est:</strong></span> 
     </span>
    </p>
   </div>
   <div class='ocr_carea' id='block_1_50' title="bbox 1950 2183 3513 2272">
    <p class='ocr_par' dir='ltr' id='par_1_50' title="bbox 1950 2183 3513 2272">
     <span class='ocr_line' id='line_1_50' title="bbox 1950 2183 3513 2272; baseline 0.013 -35"><span class='ocrx_word' id='word_1_356' title='bbox 1950 2183 2107 2239; x_wconf 79' lang='lat' dir='ltr'><strong>Liber</strong></span> <span class='ocrx_word' id='word_1_357' title='bbox 2153 2191 2503 2256; x_wconf 75' lang='lat' dir='ltr'><strong>generationis</strong></span> <span class='ocrx_word' id='word_1_358' title='bbox 2555 2193 2683 2247; x_wconf 82' lang='lat' dir='ltr'><strong>Jesu</strong></span> <span class='ocrx_word' id='word_1_359' title='bbox 2730 2195 2925 2251; x_wconf 82' lang='lat' dir='ltr'><strong>Christi</strong></span> <span class='ocrx_word' id='word_1_360' title='bbox 2962 2199 3060 2266; x_wconf 81' lang='lat' dir='ltr'><strong>[ilii</strong></span> <span class='ocrx_word' id='word_1_361' title='bbox 3110 2200 3363 2267; x_wconf 83' lang='lat' dir='ltr'><strong>Davidis,</strong></span> <span class='ocrx_word' id='word_1_362' title='bbox 3408 2202 3513 2272; x_wconf 74' lang='lat' dir='ltr'><strong>ﬁlii</strong></span> 
     </span>
    </p>
   </div>
   <div class='ocr_carea' id='block_1_51' title="bbox 1949 2275 3512 2360">
    <p class='ocr_par' dir='ltr' id='par_1_51' title="bbox 1949 2275 3512 2360">
     <span class='ocr_line' id='line_1_51' title="bbox 1949 2275 3512 2360; baseline 0.015 -34"><span class='ocrx_word' id='word_1_363' title='bbox 1949 2275 2235 2330; x_wconf 80' lang='lat' dir='ltr'><strong>Abrahami</strong></span> <span class='ocrx_word' id='word_1_364' title='bbox 2280 2279 2344 2332; x_wconf 81' lang='grc'><strong>³³.</strong></span> <span class='ocrx_word' id='word_1_365' title='bbox 2400 2279 2602 2336; x_wconf 85' lang='lat' dir='ltr'><strong>Deinde</strong></span> <span class='ocrx_word' id='word_1_366' title='bbox 2631 2286 2941 2357; x_wconf 81' lang='lat' dir='ltr'><strong>genealogia</strong></span> <span class='ocrx_word' id='word_1_367' title='bbox 2973 2305 3070 2359; x_wconf 76' lang='lat' dir='ltr'><strong>per</strong></span> <span class='ocrx_word' id='word_1_368' title='bbox 3096 2291 3382 2360; x_wconf 76' lang='lat' dir='ltr'><strong>populares</strong></span> <span class='ocrx_word' id='word_1_369' title='bbox 3409 2294 3512 2348; x_wconf 83' lang='lat' dir='ltr'><strong>ho-</strong></span> 
     </span>
    </p>
   </div>
   <div class='ocr_carea' id='block_1_52' title="bbox 1951 2364 3512 2445">
    <p class='ocr_par' dir='ltr' id='par_1_52' title="bbox 1951 2364 3512 2445">
     <span class='ocr_line' id='line_1_52' title="bbox 1951 2364 3512 2445; baseline 0.013 -28"><span class='ocrx_word' id='word_1_370' title='bbox 1951 2364 2128 2420; x_wconf 85' lang='lat' dir='ltr'><strong>mines</strong></span> <span class='ocrx_word' id='word_1_371' title='bbox 2178 2383 2453 2437; x_wconf 77' lang='lat' dir='ltr'><strong>genusque</strong></span> <span class='ocrx_word' id='word_1_372' title='bbox 2505 2374 2709 2441; x_wconf 81' lang='lat' dir='ltr'><strong>regium</strong></span> <span class='ocrx_word' id='word_1_373' title='bbox 2766 2391 2936 2445; x_wconf 91' lang='lat' dir='ltr'><strong>usque</strong></span> <span class='ocrx_word' id='word_1_374' title='bbox 2988 2379 3052 2432; x_wconf 89' lang='lat' dir='ltr'><strong>ad</strong></span> <span class='ocrx_word' id='word_1_375' title='bbox 3103 2379 3378 2435; x_wconf 83' lang='lat' dir='ltr'><strong>Christum</strong></span> <span class='ocrx_word' id='word_1_376' title='bbox 3420 2382 3512 2438; x_wconf 87' lang='lat' dir='ltr'><strong>de-</strong></span> 
     </span>
    </p>
   </div>
   <div class='ocr_carea' id='block_1_53' title="bbox 1951 2456 3512 2529">
    <p class='ocr_par' dir='ltr' id='par_1_53' title="bbox 1951 2456 3512 2529">
     <span class='ocr_line' id='line_1_53' title="bbox 1951 2456 3512 2529; baseline 0.012 -19"><span class='ocrx_word' id='word_1_377' title='bbox 1951 2456 2107 2510; x_wconf 86' lang='lat' dir='ltr'><strong>ducta</strong></span> <span class='ocrx_word' id='word_1_378' title='bbox 2130 2497 2146 2523; x_wconf 91' lang='lat'><strong>,</strong></span> <span class='ocrx_word' id='word_1_379' title='bbox 2191 2457 2244 2510; x_wconf 89' lang='lat' dir='ltr'><strong>in</strong></span> <span class='ocrx_word' id='word_1_380' title='bbox 2279 2459 2379 2513; x_wconf 91' lang='lat' dir='ltr'><strong>hoc</strong></span> <span class='ocrx_word' id='word_1_381' title='bbox 2413 2471 2686 2529; x_wconf 87' lang='lat' dir='ltr'><strong>postremo</strong></span> <span class='ocrx_word' id='word_1_382' title='bbox 2729 2468 2996 2524; x_wconf 88' lang='lat' dir='ltr'><strong>consistit.</strong></span> <span class='ocrx_word' id='word_1_383' title='bbox 3022 2469 3176 2526; x_wconf 87' lang='lat' dir='ltr'><strong>Alius</strong></span> <span class='ocrx_word' id='word_1_384' title='bbox 3201 2481 3384 2527; x_wconf 89' lang='lat' dir='ltr'><strong>autem</strong></span> <span class='ocrx_word' id='word_1_385' title='bbox 3417 2488 3512 2528; x_wconf 82' lang='lat' dir='ltr'><strong>su-</strong></span> 
     </span>
    </p>
   </div>
   <div class='ocr_carea' id='block_1_54' title="bbox 1949 2550 3511 2620">
    <p class='ocr_par' dir='ltr' id='par_1_54' title="bbox 1949 2550 3511 2620">
     <span class='ocr_line' id='line_1_54' title="bbox 1949 2550 3511 2620; baseline 0.012 -19"><span class='ocrx_word' id='word_1_386' title='bbox 1949 2563 2172 2616; x_wconf 81' lang='lat' dir='ltr'><strong>pernam</strong></span> <span class='ocrx_word' id='word_1_387' title='bbox 2201 2550 2317 2620; x_wconf 83' lang='lat' dir='ltr'><strong>ejus</strong></span> <span class='ocrx_word' id='word_1_388' title='bbox 2336 2562 2460 2607; x_wconf 87' lang='lat' dir='ltr'><strong>ante</strong></span> <span class='ocrx_word' id='word_1_389' title='bbox 2487 2555 2666 2610; x_wconf 85' lang='lat' dir='ltr'><strong>omnia</strong></span> <span class='ocrx_word' id='word_1_390' title='bbox 2701 2558 2898 2614; x_wconf 65' lang='lat' dir='ltr'><strong>saacula</strong></span> <span class='ocrx_word' id='word_1_391' title='bbox 2929 2576 2992 2614; x_wconf 80' lang='lat' dir='ltr'><strong>ex</strong></span> <span class='ocrx_word' id='word_1_392' title='bbox 3033 2563 3137 2616; x_wconf 89' lang='lat' dir='ltr'><strong>Deo</strong></span> <span class='ocrx_word' id='word_1_393' title='bbox 3179 2563 3511 2619; x_wconf 78' lang='lat' dir='ltr'><strong>nativitatem</strong></span> 
     </span>
    </p>
   </div>
   <div class='ocr_carea' id='block_1_55' title="bbox 1951 2639 3514 2725">
    <p class='ocr_par' dir='ltr' id='par_1_55' title="bbox 1951 2639 3514 2725">
     <span class='ocr_line' id='line_1_55' title="bbox 1951 2639 3514 2725; baseline 0.012 -33"><span class='ocrx_word' id='word_1_394' title='bbox 1951 2639 2170 2706; x_wconf 81' lang='lat' dir='ltr'><strong>docens,</strong></span> <span class='ocrx_word' id='word_1_395' title='bbox 2201 2642 2531 2699; x_wconf 84' lang='lat' dir='ltr'><strong>nobilitatem</strong></span> <span class='ocrx_word' id='word_1_396' title='bbox 2574 2646 2712 2714; x_wconf 75' lang='lat' dir='ltr'><strong>ejus,</strong></span> <span class='ocrx_word' id='word_1_397' title='bbox 2756 2666 2876 2716; x_wconf 73' lang='lat' dir='ltr'><strong>quae</strong></span> <span class='ocrx_word' id='word_1_398' title='bbox 2914 2666 3043 2706; x_wconf 88' lang='lat' dir='ltr'><strong>vere</strong></span> <span class='ocrx_word' id='word_1_399' title='bbox 3074 2654 3248 2720; x_wconf 85' lang='lat' dir='ltr'><strong>prima</strong></span> <span class='ocrx_word' id='word_1_400' title='bbox 3287 2655 3514 2725; x_wconf 84' lang='lat' dir='ltr'><strong>solaque</strong></span> 
     </span>
    </p>
   </div>
   <div class='ocr_carea' id='block_1_56' title="bbox 1949 2731 3512 2808">
    <p class='ocr_par' dir='ltr' id='par_1_56' title="bbox 1949 2731 3512 2808">
     <span class='ocr_line' id='line_1_56' title="bbox 1949 2731 3512 2808; baseline 0.009 -26"><span class='ocrx_word' id='word_1_401' title='bbox 1949 2738 2054 2794; x_wconf 90' lang='lat' dir='ltr'><strong>est,</strong></span> <span class='ocrx_word' id='word_1_402' title='bbox 2096 2731 2317 2784; x_wconf 85' lang='lat' dir='ltr'><strong>tradidit</strong></span> <span class='ocrx_word' id='word_1_403' title='bbox 2348 2734 2575 2789; x_wconf 84' lang='lat' dir='ltr'><strong>dicens:</strong></span> <span class='ocrx_word' id='word_1_404' title='bbox 2619 2735 2682 2790; x_wconf 88' lang='lat' dir='ltr'><strong>In</strong></span> <span class='ocrx_word' id='word_1_405' title='bbox 2707 2739 2964 2808; x_wconf 83' lang='lat' dir='ltr'><strong>principio</strong></span> <span class='ocrx_word' id='word_1_406' title='bbox 3006 2751 3116 2794; x_wconf 83' lang='lat' dir='ltr'><strong>erat</strong></span> <span class='ocrx_word' id='word_1_407' title='bbox 3163 2740 3418 2808; x_wconf 80' lang='lat' dir='ltr'><strong>Verbum,</strong></span> <span class='ocrx_word' id='word_1_408' title='bbox 3461 2753 3512 2798; x_wconf 75' lang='lat' dir='ltr'><strong>et</strong></span> 
     </span>
    </p>
   </div>
   <div class='ocr_carea' id='block_1_57' title="bbox 1957 2813 3507 2889">
    <p class='ocr_par' dir='ltr' id='par_1_57' title="bbox 1957 2813 3507 2889">
     <span class='ocr_line' id='line_1_57' title="bbox 1957 2813 3507 2889; baseline 0.013 -22"><span class='ocrx_word' id='word_1_409' title='bbox 1957 2813 2186 2872; x_wconf 79' lang='lat' dir='ltr'><strong>Verbum</strong></span> <span class='ocrx_word' id='word_1_410' title='bbox 2225 2828 2341 2872; x_wconf 85' lang='lat' dir='ltr'><strong>erat</strong></span> <span class='ocrx_word' id='word_1_411' title='bbox 2388 2825 2526 2888; x_wconf 80' lang='lat' dir='ltr'><strong>apud</strong></span> <span class='ocrx_word' id='word_1_412' title='bbox 2562 2823 2760 2889; x_wconf 84' lang='lat' dir='ltr'><strong>Deum,</strong></span> <span class='ocrx_word' id='word_1_413' title='bbox 2806 2837 2859 2881; x_wconf 79' lang='lat' dir='ltr'><strong>et</strong></span> <span class='ocrx_word' id='word_1_414' title='bbox 2917 2829 3059 2885; x_wconf 84' lang='lat' dir='ltr'><strong>Deus</strong></span> <span class='ocrx_word' id='word_1_415' title='bbox 3102 2845 3216 2886; x_wconf 83' lang='lat' dir='ltr'><strong>erat</strong></span> <span class='ocrx_word' id='word_1_416' title='bbox 3261 2831 3507 2888; x_wconf 77' lang='lat' dir='ltr'><strong>Verbum.</strong></span> 
     </span>
    </p>
   </div>
   <div class='ocr_carea' id='block_1_58' title="bbox 1954 2904 2862 2980">
    <p class='ocr_par' dir='ltr' id='par_1_58' title="bbox 1954 2904 2862 2980">
     <span class='ocr_line' id='line_1_58' title="bbox 1954 2904 2862 2980; baseline 0.011 -20"><span class='ocrx_word' id='word_1_417' title='bbox 1954 2904 2143 2961; x_wconf 82' lang='lat' dir='ltr'><strong>Omnia</strong></span> <span class='ocrx_word' id='word_1_418' title='bbox 2168 2922 2258 2979; x_wconf 83' lang='lat' dir='ltr'><strong>per</strong></span> <span class='ocrx_word' id='word_1_419' title='bbox 2278 2911 2449 2979; x_wconf 75' lang='lat' dir='ltr'><strong>ipsum</strong></span> <span class='ocrx_word' id='word_1_420' title='bbox 2476 2913 2620 2980; x_wconf 81' lang='lat' dir='ltr'><strong>facta</strong></span> <span class='ocrx_word' id='word_1_421' title='bbox 2652 2928 2768 2970; x_wconf 83' lang='lat' dir='ltr'><strong>sunt</strong></span> <span class='ocrx_word' id='word_1_422' title='bbox 2797 2917 2862 2970; x_wconf 78' lang='lat'><strong>&quot;°.</strong></span> 
     </span>
    </p>
   </div>
   <div class='ocr_carea' id='block_1_59' title="bbox 2017 2998 3509 3085">
    <p class='ocr_par' dir='ltr' id='par_1_59' title="bbox 2017 2998 3509 3085">
     <span class='ocr_line' id='line_1_59' title="bbox 2017 2998 3509 3085; baseline 0.014 -33"><span class='ocrx_word' id='word_1_423' title='bbox 2017 2998 2186 3056; x_wconf 83' lang='lat' dir='ltr'><strong>Porro</strong></span> <span class='ocrx_word' id='word_1_424' title='bbox 2234 3001 2321 3057; x_wconf 88' lang='lat' dir='ltr'><strong>hic</strong></span> <span class='ocrx_word' id='word_1_425' title='bbox 2379 3014 2505 3058; x_wconf 87' lang='lat' dir='ltr'><strong>ante</strong></span> <span class='ocrx_word' id='word_1_426' title='bbox 2559 3008 2739 3062; x_wconf 87' lang='lat' dir='ltr'><strong>omnia</strong></span> <span class='ocrx_word' id='word_1_427' title='bbox 2795 3011 2989 3066; x_wconf 70' lang='lat' dir='ltr'><strong>saecula</strong></span> <span class='ocrx_word' id='word_1_428' title='bbox 3053 3015 3195 3070; x_wconf 89' lang='lat' dir='ltr'><strong>Deus</strong></span> <span class='ocrx_word' id='word_1_429' title='bbox 3249 3016 3509 3085; x_wconf 77' lang='lat' dir='ltr'><strong>Verbum,</strong></span> 
     </span>
    </p>
   </div>
   <div class='ocr_carea' id='block_1_60' title="bbox 1951 3089 3508 3171">
    <p class='ocr_par' dir='ltr' id='par_1_60' title="bbox 1951 3089 3508 3171">
     <span class='ocr_line' id='line_1_60' title="bbox 1951 3089 3508 3171; baseline 0.013 -26"><span class='ocrx_word' id='word_1_430' title='bbox 1951 3089 2128 3147; x_wconf 78' lang='lat' dir='ltr'><strong>factus</strong></span> <span class='ocrx_word' id='word_1_431' title='bbox 2155 3093 2313 3149; x_wconf 90' lang='lat' dir='ltr'><strong>homo</strong></span> <span class='ocrx_word' id='word_1_432' title='bbox 2346 3095 2559 3162; x_wconf 88' lang='lat' dir='ltr'><strong>nobilis,</strong></span> <span class='ocrx_word' id='word_1_433' title='bbox 2593 3114 2961 3171; x_wconf 82' lang='lat' dir='ltr'><strong>peragensque</strong></span> <span class='ocrx_word' id='word_1_434' title='bbox 3000 3105 3140 3161; x_wconf 90' lang='lat' dir='ltr'><strong>inter</strong></span> <span class='ocrx_word' id='word_1_435' title='bbox 3171 3108 3416 3164; x_wconf 82' lang='lat' dir='ltr'><strong>homines</strong></span> <span class='ocrx_word' id='word_1_436' title='bbox 3443 3110 3508 3164; x_wconf 87' lang='lat' dir='ltr'><strong>il-</strong></span> 
     </span>
    </p>
   </div>
   <div class='ocr_carea' id='block_1_61' title="bbox 259 3181 1845 3286">
    <p class='ocr_par' dir='ltr' id='par_1_61' title="bbox 259 3192 1845 3265">
     <span class='ocr_line' id='line_1_61' title="bbox 259 3192 1845 3265; baseline -0.005 -12"><span class='ocrx_word' id='word_1_437' title='bbox 259 3194 559 3263; x_wconf 77' lang='grc' dir='ltr'>διεξελθὼν</span> <span class='ocrx_word' id='word_1_438' title='bbox 619 3194 728 3265; x_wconf 87' lang='grc' dir='ltr'>βίον</span> <span class='ocrx_word' id='word_1_439' title='bbox 776 3193 866 3246; x_wconf 81' lang='grc' dir='ltr'><strong>τὸν</strong></span> <span class='ocrx_word' id='word_1_440' title='bbox 922 3192 1289 3263; x_wconf 67' lang='grc' dir='ltr'>ἐμφερόμενον</span> <span class='ocrx_word' id='word_1_441' title='bbox 1335 3193 1454 3253; x_wconf 88' lang='grc' dir='ltr'>ταῖς</span> <span class='ocrx_word' id='word_1_442' title='bbox 1505 3193 1634 3263; x_wconf 62' lang='grc' dir='ltr'><strong>περὶ⁹</strong></span> <span class='ocrx_word' id='word_1_443' title='bbox 1683 3192 1845 3245; x_wconf 79' lang='grc' dir='ltr'>αὑτοῦ</span> 
     </span>
    </p>
   </div>
   <div class='ocr_carea' id='block_1_62' title="bbox 1951 3181 3507 3286">
    <p class='ocr_par' dir='ltr' id='par_1_62' title="bbox 1951 3181 3507 3270">
     <span class='ocr_line' id='line_1_62' title="bbox 1951 3181 3507 3270; baseline 0.014 -35"><span class='ocrx_word' id='word_1_444' title='bbox 1951 3181 2037 3238; x_wconf 88' lang='lat' dir='ltr'><strong>lud</strong></span> <span class='ocrx_word' id='word_1_445' title='bbox 2067 3185 2188 3240; x_wconf 62' lang='lat' dir='ltr'><strong>vita</strong></span> <span class='ocrx_word' id='word_1_446' title='bbox 2216 3203 2406 3256; x_wconf 82' lang='lat' dir='ltr'><strong>genus,</strong></span> <span class='ocrx_word' id='word_1_447' title='bbox 2437 3193 2578 3260; x_wconf 92' lang='lat' dir='ltr'><strong>quod</strong></span> <span class='ocrx_word' id='word_1_448' title='bbox 2614 3193 2668 3245; x_wconf 90' lang='lat' dir='ltr'><strong>iu</strong></span> <span class='ocrx_word' id='word_1_449' title='bbox 2699 3197 3009 3265; x_wconf 85' lang='lat' dir='ltr'><strong>evangelica</strong></span> <span class='ocrx_word' id='word_1_450' title='bbox 3042 3200 3242 3270; x_wconf 88' lang='lat' dir='ltr'><strong>scripta</strong></span> <span class='ocrx_word' id='word_1_451' title='bbox 3274 3202 3507 3258; x_wconf 90' lang='lat' dir='ltr'><strong>relatum</strong></span> 
     </span>
    </p>
   </div>
   <div class='ocr_carea' id='block_1_63' title="bbox 260 3283 1844 3360">
    <p class='ocr_par' dir='ltr' id='par_1_63' title="bbox 260 3283 1844 3360">
     <span class='ocr_line' id='line_1_63' title="bbox 260 3283 1844 3360; baseline -0.004 -16"><span class='ocrx_word' id='word_1_452' title='bbox 260 3289 656 3360; x_wconf 78' lang='grc' dir='ltr'>εὐαγγελικαῖς</span> <span class='ocrx_word' id='word_1_453' title='bbox 688 3287 946 3359; x_wconf 80' lang='grc' dir='ltr'>γραφαῖς,</span> <span class='ocrx_word' id='word_1_454' title='bbox 1009 3284 1144 3355; x_wconf 87' lang='grc' dir='ltr'><strong>μετά</strong></span> <span class='ocrx_word' id='word_1_455' title='bbox 1197 3285 1293 3354; x_wconf 81' lang='grc' dir='ltr'>τὴν</span> <span class='ocrx_word' id='word_1_456' title='bbox 1338 3283 1488 3357; x_wconf 87' lang='grc' dir='ltr'><strong>παρά</strong></span> <span class='ocrx_word' id='word_1_457' title='bbox 1539 3284 1844 3356; x_wconf 87' lang='grc' dir='ltr'>ἀνθρώποις</span> 
     </span>
    </p>
   </div>
   <div class='ocr_carea' id='block_1_64' title="bbox 261 3377 1842 3454">
    <p class='ocr_par' dir='ltr' id='par_1_64' title="bbox 261 3377 1842 3454">
     <span class='ocr_line' id='line_1_64' title="bbox 261 3377 1842 3454; baseline -0.004 -17"><span class='ocrx_word' id='word_1_458' title='bbox 261 3383 526 3454; x_wconf 74' lang='grc' dir='ltr'>αὐτάρκη</span> <span class='ocrx_word' id='word_1_459' title='bbox 576 3378 876 3451; x_wconf 78' lang='grc' dir='ltr'>διατριὸὴν,</span> <span class='ocrx_word' id='word_1_460' title='bbox 915 3377 1148 3431; x_wconf 85' lang='grc' dir='ltr'>ἐπανιὼν</span> <span class='ocrx_word' id='word_1_461' title='bbox 1191 3378 1325 3448; x_wconf 83' lang='grc' dir='ltr'>πρὸς</span> <span class='ocrx_word' id='word_1_462' title='bbox 1361 3377 1450 3431; x_wconf 82' lang='grc' dir='ltr'>τὸν</span> <span class='ocrx_word' id='word_1_463' title='bbox 1497 3379 1689 3431; x_wconf 81' lang='grc' dir='ltr'>ἐαυτοῦ</span> <span class='ocrx_word' id='word_1_464' title='bbox 1729 3381 1842 3432; x_wconf 80' lang='grc' dir='ltr'><strong>Πα-</strong></span> 
     </span>
    </p>
   </div>
   <div class='ocr_carea' id='block_1_65' title="bbox 259 3469 1844 3546">
    <p class='ocr_par' dir='ltr' id='par_1_65' title="bbox 259 3469 1844 3546">
     <span class='ocr_line' id='line_1_65' title="bbox 259 3469 1844 3546; baseline -0.003 -18"><span class='ocrx_word' id='word_1_465' title='bbox 259 3473 430 3546; x_wconf 73' lang='grc' dir='ltr'>τόρα,</span> <span class='ocrx_word' id='word_1_466' title='bbox 461 3469 733 3542; x_wconf 86' lang='grc' dir='ltr'>ἐπορεύθη</span> <span class='ocrx_word' id='word_1_467' title='bbox 762 3472 839 3533; x_wconf 84' lang='grc' dir='ltr'><strong>είς</strong></span> <span class='ocrx_word' id='word_1_468' title='bbox 871 3471 1053 3541; x_wconf 80' lang='grc' dir='ltr'>χώραν</span> <span class='ocrx_word' id='word_1_469' title='bbox 1095 3469 1308 3540; x_wconf 72' lang='grc' dir='ltr'>μακρὰν</span> <span class='ocrx_word' id='word_1_470' title='bbox 1342 3469 1524 3524; x_wconf 76' lang='grc' dir='ltr'>λαϐεῖν</span> <span class='ocrx_word' id='word_1_471' title='bbox 1546 3471 1721 3542; x_wconf 86' lang='grc' dir='ltr'>ἐαυτῷ</span> <span class='ocrx_word' id='word_1_472' title='bbox 1752 3472 1844 3541; x_wconf 84' lang='grc' dir='ltr'>βα-</span> 
     </span>
    </p>
   </div>
   <div class='ocr_carea' id='block_1_66' title="bbox 262 3561 1844 3634">
    <p class='ocr_par' dir='ltr' id='par_1_66' title="bbox 262 3561 1844 3634">
     <span class='ocr_line' id='line_1_66' title="bbox 262 3561 1844 3634; baseline -0.001 -15"><span class='ocrx_word' id='word_1_473' title='bbox 262 3565 479 3620; x_wconf 77' lang='grc' dir='ltr'>σιλείαν</span> <span class='ocrx_word' id='word_1_474' title='bbox 510 3564 603 3618; x_wconf 74' lang='grc' dir='ltr'>καὶ</span> <span class='ocrx_word' id='word_1_475' title='bbox 634 3561 990 3633; x_wconf 73' lang='grc' dir='ltr'>ὑποστρέψαι.</span> <span class='ocrx_word' id='word_1_476' title='bbox 1024 3561 1221 3633; x_wconf 84' lang='grc' dir='ltr'>Χώραν</span> <span class='ocrx_word' id='word_1_477' title='bbox 1257 3562 1311 3615; x_wconf 83' lang='grc' dir='ltr'>δὲ</span> <span class='ocrx_word' id='word_1_478' title='bbox 1352 3562 1567 3634; x_wconf 77' lang='grc' dir='ltr'>μακρὰν</span> <span class='ocrx_word' id='word_1_479' title='bbox 1597 3563 1693 3634; x_wconf 83' lang='grc' dir='ltr'>τὴν</span> <span class='ocrx_word' id='word_1_480' title='bbox 1736 3564 1844 3618; x_wconf 82' lang='grc' dir='ltr'><strong>ἀπὸ</strong></span> 
     </span>
    </p>
   </div>
   <div class='ocr_carea' id='block_1_67' title="bbox 263 3653 1843 3728">
    <p class='ocr_par' dir='ltr' id='par_1_67' title="bbox 263 3653 1843 3728">
     <span class='ocr_line' id='line_1_67' title="bbox 263 3653 1843 3728; baseline 0.003 -22"><span class='ocrx_word' id='word_1_481' title='bbox 263 3655 376 3726; x_wconf 74' lang='grc' dir='ltr'><strong>τῆς</strong></span> <span class='ocrx_word' id='word_1_482' title='bbox 406 3655 487 3716; x_wconf 83' lang='grc' dir='ltr'><strong>είς</strong></span> <span class='ocrx_word' id='word_1_483' title='bbox 516 3655 740 3726; x_wconf 80' lang='grc' dir='ltr'>οὐρανὸν</span> <span class='ocrx_word' id='word_1_484' title='bbox 762 3655 943 3708; x_wconf 83' lang='grc' dir='ltr'>ἄνοδον</span> <span class='ocrx_word' id='word_1_485' title='bbox 976 3654 1159 3722; x_wconf 84' lang='grc' dir='ltr'>ἐδήλου</span> <span class='ocrx_word' id='word_1_486' title='bbox 1177 3654 1312 3723; x_wconf 81' lang='grc'>(69)·</span> <span class='ocrx_word' id='word_1_487' title='bbox 1332 3653 1513 3708; x_wconf 75' lang='grc' dir='ltr'>λαϐεῖν</span> <span class='ocrx_word' id='word_1_488' title='bbox 1541 3673 1600 3708; x_wconf 90' lang='grc' dir='ltr'><strong>τε</strong></span> <span class='ocrx_word' id='word_1_489' title='bbox 1629 3658 1725 3726; x_wconf 81' lang='grc' dir='ltr'><strong>τὴν</strong></span> <span class='ocrx_word' id='word_1_490' title='bbox 1747 3657 1843 3728; x_wconf 84' lang='grc' dir='ltr'>βα-</span> 
     </span>
    </p>
   </div>
   <div class='ocr_carea' id='block_1_68' title="bbox 267 3747 1842 3819">
    <p class='ocr_par' dir='ltr' id='par_1_68' title="bbox 267 3747 1842 3819">
     <span class='ocr_line' id='line_1_68' title="bbox 267 3747 1842 3819; baseline 0.001 -19"><span class='ocrx_word' id='word_1_491' title='bbox 267 3748 481 3801; x_wconf 72' lang='grc' dir='ltr'>σιλείαν</span> <span class='ocrx_word' id='word_1_492' title='bbox 515 3747 682 3817; x_wconf 78' lang='grc' dir='ltr'>αὐτὴν</span> <span class='ocrx_word' id='word_1_493' title='bbox 709 3747 922 3818; x_wconf 88' lang='grc' dir='ltr'>ἐκείνην</span> <span class='ocrx_word' id='word_1_494' title='bbox 955 3747 1137 3815; x_wconf 65' lang='grc' dir='ltr'>φησιν,</span> <span class='ocrx_word' id='word_1_495' title='bbox 1171 3747 1237 3815; x_wconf 76' lang='grc' dir='ltr'>ἢν</span> <span class='ocrx_word' id='word_1_496' title='bbox 1264 3748 1292 3799; x_wconf 85' lang='grc' dir='ltr'>ὁ</span> <span class='ocrx_word' id='word_1_497' title='bbox 1330 3749 1612 3819; x_wconf 78' lang='grc' dir='ltr'>προφήτης</span> <span class='ocrx_word' id='word_1_498' title='bbox 1647 3748 1842 3819; x_wconf 79' lang='grc' dir='ltr'>Δανιὴλ</span> 
     </span>
    </p>
   </div>
   <div class='ocr_carea' id='block_1_69' title="bbox 264 3836 1843 3911">
    <p class='ocr_par' dir='ltr' id='par_1_69' title="bbox 264 3836 1843 3911">
     <span class='ocr_line' id='line_1_69' title="bbox 264 3836 1843 3911; baseline 0 -17"><span class='ocrx_word' id='word_1_499' title='bbox 264 3841 518 3911; x_wconf 69' lang='grc' dir='ltr'>ᾐνίττετο</span> <span class='ocrx_word' id='word_1_500' title='bbox 553 3839 755 3909; x_wconf 81' lang='grc' dir='ltr'>λέγων’</span> <span class='ocrx_word' id='word_1_501' title='bbox 791 3839 900 3895; x_wconf 77' lang='grc' dir='ltr'><strong>Καὶ</strong></span> <span class='ocrx_word' id='word_1_502' title='bbox 953 3837 1078 3891; x_wconf 79' lang='grc' dir='ltr'>ἰδοὺ</span> <span class='ocrx_word' id='word_1_503' title='bbox 1117 3837 1249 3904; x_wconf 73' lang='grc' dir='ltr'><strong>Υἱὸς</strong></span> <span class='ocrx_word' id='word_1_504' title='bbox 1282 3836 1590 3907; x_wconf 81' lang='grc' dir='ltr'>ἀνθρώπου</span> <span class='ocrx_word' id='word_1_505' title='bbox 1619 3840 1716 3892; x_wconf 75' lang='grc' dir='ltr'>ἐπὶ</span> <span class='ocrx_word' id='word_1_506' title='bbox 1748 3857 1843 3894; x_wconf 86' lang='grc' dir='ltr'><strong>νε-</strong></span> 
     </span>
    </p>
   </div>
   <div class='ocr_carea' id='block_1_70' title="bbox 264 3927 1839 4002">
    <p class='ocr_par' dir='ltr' id='par_1_70' title="bbox 264 3927 1839 4002">
     <span class='ocr_line' id='line_1_70' title="bbox 264 3927 1839 4002; baseline -0.001 -15"><span class='ocrx_word' id='word_1_507' title='bbox 264 3930 481 4002; x_wconf 68' lang='grc' dir='ltr'>φελῶν</span> <span class='ocrx_word' id='word_1_508' title='bbox 515 3933 836 4001; x_wconf 79' lang='grc' dir='ltr'>ἐρχόμενος</span> <span class='ocrx_word' id='word_1_509' title='bbox 881 3927 990 4000; x_wconf 82' lang='grc' dir='ltr'><strong>ἦν·</strong></span> <span class='ocrx_word' id='word_1_510' title='bbox 1035 3929 1134 3982; x_wconf 79' lang='grc' dir='ltr'>καὶ</span> <span class='ocrx_word' id='word_1_511' title='bbox 1177 3930 1334 3995; x_wconf 82' lang='grc' dir='ltr'>αὐτῷ</span> <span class='ocrx_word' id='word_1_512' title='bbox 1379 3931 1554 3999; x_wconf 82' lang='grc' dir='ltr'>ἐδόθη</span> <span class='ocrx_word' id='word_1_513' title='bbox 1598 3932 1636 3999; x_wconf 82' lang='grc' dir='ltr'><em>ἠ</em></span> <span class='ocrx_word' id='word_1_514' title='bbox 1684 3933 1839 4002; x_wconf 76' lang='grc' dir='ltr'>ἀρχὴ</span> 
     </span>
    </p>
   </div>
   <div class='ocr_carea' id='block_1_71' title="bbox 266 4019 1842 4093">
    <p class='ocr_par' dir='ltr' id='par_1_71' title="bbox 266 4019 1842 4093">
     <span class='ocr_line' id='line_1_71' title="bbox 266 4019 1842 4093; baseline 0.001 -15"><span class='ocrx_word' id='word_1_515' title='bbox 266 4024 375 4078; x_wconf 74' lang='grc' dir='ltr'><strong>καὶ</strong></span> <span class='ocrx_word' id='word_1_516' title='bbox 401 4023 442 4090; x_wconf 76' lang='grc' dir='ltr'><strong><em>ἠ</em></strong></span> <span class='ocrx_word' id='word_1_517' title='bbox 474 4024 632 4093; x_wconf 77' lang='grc' dir='ltr'>τιμὴ,</span> <span class='ocrx_word' id='word_1_518' title='bbox 665 4023 762 4077; x_wconf 85' lang='grc' dir='ltr'>καὶ</span> <span class='ocrx_word' id='word_1_519' title='bbox 808 4024 846 4090; x_wconf 73' lang='grc' dir='ltr'><strong><em>ἡ</em></strong></span> <span class='ocrx_word' id='word_1_520' title='bbox 879 4023 1187 4087; x_wconf 73' lang='grc' dir='ltr'>βασιλεία.</span> <span class='ocrx_word' id='word_1_521' title='bbox 1228 4019 1298 4076; x_wconf 76' lang='grc' dir='ltr'><strong>Εὖ</strong></span> <span class='ocrx_word' id='word_1_522' title='bbox 1340 4023 1396 4076; x_wconf 85' lang='grc' dir='ltr'><strong>δὲ</strong></span> <span class='ocrx_word' id='word_1_523' title='bbox 1435 4025 1526 4077; x_wconf 75' lang='grc' dir='ltr'><strong>καὶ</strong></span> <span class='ocrx_word' id='word_1_524' title='bbox 1554 4025 1614 4076; x_wconf 76' lang='grc' dir='ltr'>τὸ</span> <span class='ocrx_word' id='word_1_525' title='bbox 1634 4027 1842 4080; x_wconf 75' lang='grc' dir='ltr'>λαϐεῖν</span> 
     </span>
    </p>
   </div>
   <div class='ocr_carea' id='block_1_72' title="bbox 265 4114 1837 4189">
    <p class='ocr_par' dir='ltr' id='par_1_72' title="bbox 265 4114 1837 4189">
     <span class='ocr_line' id='line_1_72' title="bbox 265 4114 1837 4189; baseline 0.002 -21"><span class='ocrx_word' id='word_1_526' title='bbox 265 4115 491 4188; x_wconf 82' lang='grc' dir='ltr'>εῐρηται</span> <span class='ocrx_word' id='word_1_527' title='bbox 513 4132 527 4145; x_wconf 80' lang='grc'><em>’</em></span> <span class='ocrx_word' id='word_1_528' title='bbox 552 4115 767 4178; x_wconf 78' lang='grc' dir='ltr'>πάντως</span> <span class='ocrx_word' id='word_1_529' title='bbox 796 4114 904 4186; x_wconf 82' lang='grc' dir='ltr'>γὰρ</span> <span class='ocrx_word' id='word_1_530' title='bbox 930 4114 1022 4168; x_wconf 79' lang='grc' dir='ltr'><strong>τοῦ</strong></span> <span class='ocrx_word' id='word_1_531' title='bbox 1056 4114 1266 4185; x_wconf 76' lang='grc' dir='ltr'>Πατρὸς</span> <span class='ocrx_word' id='word_1_532' title='bbox 1294 4115 1520 4180; x_wconf 83' lang='grc' dir='ltr'>διδόντος</span> <span class='ocrx_word' id='word_1_533' title='bbox 1547 4116 1837 4189; x_wconf 76' lang='grc' dir='ltr'>ἐλάμϐανε,</span> 
     </span>
    </p>
   </div>
   <div class='ocr_carea' id='block_1_73' title="bbox 267 4206 1838 4279">
    <p class='ocr_par' dir='ltr' id='par_1_73' title="bbox 267 4206 1838 4279">
     <span class='ocr_line' id='line_1_73' title="bbox 267 4206 1838 4279; baseline 0.003 -19"><span class='ocrx_word' id='word_1_534' title='bbox 267 4206 418 4262; x_wconf 80' lang='grc' dir='ltr'>κατὰ</span> <span class='ocrx_word' id='word_1_535' title='bbox 438 4207 499 4260; x_wconf 83' lang='grc' dir='ltr'><strong>τό</strong></span> <span class='ocrx_word' id='word_1_536' title='bbox 529 4220 542 4235; x_wconf 86' lang='grc'>⁶</span> <span class='ocrx_word' id='word_1_537' title='bbox 570 4207 818 4275; x_wconf 77' lang='grc' dir='ltr'>Αἶτησαι</span> <span class='ocrx_word' id='word_1_538' title='bbox 860 4207 1005 4276; x_wconf 64' lang='grc' dir='ltr'>παρ’.</span> <span class='ocrx_word' id='word_1_539' title='bbox 1021 4207 1187 4276; x_wconf 81' lang='grc' dir='ltr'>ἐμοῦ,</span> <span class='ocrx_word' id='word_1_540' title='bbox 1223 4209 1319 4261; x_wconf 79' lang='grc' dir='ltr'>καὶ</span> <span class='ocrx_word' id='word_1_541' title='bbox 1359 4207 1528 4262; x_wconf 84' lang='grc' dir='ltr'>δώσω</span> <span class='ocrx_word' id='word_1_542' title='bbox 1567 4225 1665 4262; x_wconf 89' lang='grc' dir='ltr'><strong>σοι</strong></span> <span class='ocrx_word' id='word_1_543' title='bbox 1695 4211 1838 4279; x_wconf 81' lang='grc' dir='ltr'><strong>ἔθνη</strong></span> 
     </span>
    </p>
   </div>
   <div class='ocr_carea' id='block_1_74' title="bbox 267 4298 1837 4372">
    <p class='ocr_par' dir='ltr' id='par_1_74' title="bbox 267 4298 1837 4372">
     <span class='ocr_line' id='line_1_74' title="bbox 267 4298 1837 4372; baseline 0.002 -21"><span class='ocrx_word' id='word_1_544' title='bbox 267 4299 390 4367; x_wconf 73' lang='grc' dir='ltr'><strong>τὴν</strong></span> <span class='ocrx_word' id='word_1_545' title='bbox 409 4300 810 4366; x_wconf 72' lang='grc' dir='ltr'>κληρονομίαν</span> <span class='ocrx_word' id='word_1_546' title='bbox 834 4315 969 4352; x_wconf 85' lang='grc' dir='ltr'>σου·</span> <span class='ocrx_word' id='word_1_547' title='bbox 997 4298 1032 4352; x_wconf 75' lang='grc' dir='ltr'><strong>ἃ</strong></span> <span class='ocrx_word' id='word_1_548' title='bbox 1061 4299 1124 4369; x_wconf 83' lang='grc' dir='ltr'><strong>δὴ</strong></span> <span class='ocrx_word' id='word_1_549' title='bbox 1156 4299 1375 4353; x_wconf 81' lang='grc' dir='ltr'>δοθέντα</span> <span class='ocrx_word' id='word_1_550' title='bbox 1401 4300 1546 4371; x_wconf 79' lang='grc' dir='ltr'>αὐτῷ</span> <span class='ocrx_word' id='word_1_551' title='bbox 1575 4302 1724 4372; x_wconf 88' lang='grc' dir='ltr'><strong>παρά</strong></span> <span class='ocrx_word' id='word_1_552' title='bbox 1746 4302 1837 4355; x_wconf 76' lang='grc' dir='ltr'><strong>τοῦ</strong></span> 
     </span>
    </p>
   </div>
   <div class='ocr_carea' id='block_1_75' title="bbox 269 4389 1836 4464">
    <p class='ocr_par' dir='ltr' id='par_1_75' title="bbox 269 4389 1836 4464">
     <span class='ocr_line' id='line_1_75' title="bbox 269 4389 1836 4464; baseline 0.002 -20"><span class='ocrx_word' id='word_1_553' title='bbox 269 4390 512 4444; x_wconf 82' lang='grc' dir='ltr'>Παλαισῦ</span> <span class='ocrx_word' id='word_1_554' title='bbox 539 4391 645 4446; x_wconf 87' lang='grc' dir='ltr'><strong>τῶν</strong></span> <span class='ocrx_word' id='word_1_555' title='bbox 679 4391 897 4463; x_wconf 83' lang='grc' dir='ltr'>ἡμερῶν</span> <span class='ocrx_word' id='word_1_556' title='bbox 928 4391 1334 4461; x_wconf 81' lang='grc' dir='ltr'>ὑποδεξάμενος,</span> <span class='ocrx_word' id='word_1_557' title='bbox 1371 4389 1523 4456; x_wconf 75' lang='grc' dir='ltr'>αὖθις</span> <span class='ocrx_word' id='word_1_558' title='bbox 1561 4392 1836 4464; x_wconf 78' lang='grc' dir='ltr'>ἐπανήξει.</span> 
     </span>
    </p>
   </div>
   <div class='ocr_carea' id='block_1_76' title="bbox 267 4482 1834 4556">
    <p class='ocr_par' dir='ltr' id='par_1_76' title="bbox 267 4482 1834 4556">
     <span class='ocr_line' id='line_1_76' title="bbox 267 4482 1834 4556; baseline 0.002 -20"><span class='ocrx_word' id='word_1_559' title='bbox 267 4482 364 4536; x_wconf 74' lang='grc' dir='ltr'>Διό</span> <span class='ocrx_word' id='word_1_560' title='bbox 405 4499 539 4554; x_wconf 81' lang='grc' dir='ltr'>φησι</span> <span class='ocrx_word' id='word_1_561' title='bbox 572 4482 756 4536; x_wconf 76' lang='grc' dir='ltr'>λαϐεῖν</span> <span class='ocrx_word' id='word_1_562' title='bbox 794 4484 969 4554; x_wconf 81' lang='grc' dir='ltr'>ἐαυτῷ</span> <span class='ocrx_word' id='word_1_563' title='bbox 1015 4483 1289 4553; x_wconf 86' lang='grc' dir='ltr'>βασιλείαν</span> <span class='ocrx_word' id='word_1_564' title='bbox 1332 4486 1424 4537; x_wconf 77' lang='grc' dir='ltr'><strong>καὶ</strong></span> <span class='ocrx_word' id='word_1_565' title='bbox 1469 4485 1834 4556; x_wconf 76' lang='grc' dir='ltr'>ὑποστρέψαι·</span> 
     </span>
    </p>
   </div>
   <div class='ocr_carea' id='block_1_77' title="bbox 267 4575 1920 4648">
    <p class='ocr_par' dir='ltr' id='par_1_77' title="bbox 267 4575 1920 4648">
     <span class='ocr_line' id='line_1_77' title="bbox 267 4575 1920 4648; baseline 0.001 -18"><span class='ocrx_word' id='word_1_566' title='bbox 267 4577 366 4630; x_wconf 79' lang='grc' dir='ltr'><strong>καὶ</strong></span> <span class='ocrx_word' id='word_1_567' title='bbox 389 4578 539 4638; x_wconf 82' lang='grc' dir='ltr'>ὅπως</span> <span class='ocrx_word' id='word_1_568' title='bbox 560 4575 615 4628; x_wconf 87' lang='grc' dir='ltr'><strong>δέ</strong></span> <span class='ocrx_word' id='word_1_569' title='bbox 643 4577 924 4646; x_wconf 82' lang='grc' dir='ltr'>ποιήσεται</span> <span class='ocrx_word' id='word_1_570' title='bbox 947 4576 1044 4648; x_wconf 80' lang='grc' dir='ltr'><strong>τὴν</strong></span> <span class='ocrx_word' id='word_1_571' title='bbox 1069 4577 1343 4640; x_wconf 87' lang='grc' dir='ltr'>ἐπάνοδον,</span> <span class='ocrx_word' id='word_1_572' title='bbox 1371 4579 1399 4628; x_wconf 82' lang='grc' dir='ltr'>ὁ</span> <span class='ocrx_word' id='word_1_573' title='bbox 1426 4577 1565 4640; x_wconf 87' lang='grc' dir='ltr'>θεῖος</span> <span class='ocrx_word' id='word_1_574' title='bbox 1582 4578 1838 4631; x_wconf 79' lang='grc' dir='ltr'>Ἀπόστο-</span> <span class='ocrx_word' id='word_1_575' title='bbox 1874 4587 1920 4646; x_wconf 84' lang='lat' dir='ltr'><strong>D</strong></span> 
     </span>
    </p>
   </div>
   <div class='ocr_carea' id='block_1_78' title="bbox 268 4668 1840 4738">
    <p class='ocr_par' dir='ltr' id='par_1_78' title="bbox 268 4668 1840 4738">
     <span class='ocr_line' id='line_1_78' title="bbox 268 4668 1840 4738; baseline -0.001 -15"><span class='ocrx_word' id='word_1_576' title='bbox 268 4669 362 4734; x_wconf 86' lang='grc' dir='ltr'><strong>λος</strong></span> <span class='ocrx_word' id='word_1_577' title='bbox 399 4669 654 4738; x_wconf 80' lang='grc' dir='ltr'>διασαφεῖ</span> <span class='ocrx_word' id='word_1_578' title='bbox 685 4668 884 4737; x_wconf 77' lang='grc' dir='ltr'>λέγων’</span> <span class='ocrx_word' id='word_1_579' title='bbox 942 4670 1059 4722; x_wconf 86' lang='grc' dir='ltr'>Ὅτι</span> <span class='ocrx_word' id='word_1_580' title='bbox 1101 4669 1282 4735; x_wconf 79' lang='grc' dir='ltr'>αὐτὸς</span> <span class='ocrx_word' id='word_1_581' title='bbox 1317 4673 1349 4722; x_wconf 86' lang='lat' dir='ltr'><strong>d</strong></span> <span class='ocrx_word' id='word_1_582' title='bbox 1388 4670 1600 4738; x_wconf 83' lang='grc' dir='ltr'>Κύριος</span> <span class='ocrx_word' id='word_1_583' title='bbox 1635 4670 1704 4722; x_wconf 83' lang='grc' dir='ltr'>ἐν</span> <span class='ocrx_word' id='word_1_584' title='bbox 1746 4687 1840 4722; x_wconf 81' lang='grc' dir='ltr'>κε-</span> 
     </span>
    </p>
   </div>
   <div class='ocr_carea' id='block_1_79' title="bbox 267 4761 1837 4833">
    <p class='ocr_par' dir='ltr' id='par_1_79' title="bbox 267 4761 1837 4833">
     <span class='ocr_line' id='line_1_79' title="bbox 267 4761 1837 4833; baseline -0.001 -16"><span class='ocrx_word' id='word_1_585' title='bbox 267 4764 584 4832; x_wconf 66' lang='grc' dir='ltr'>λεύσματι,</span> <span class='ocrx_word' id='word_1_586' title='bbox 607 4763 677 4816; x_wconf 81' lang='grc' dir='ltr'><strong>ὲν</strong></span> <span class='ocrx_word' id='word_1_587' title='bbox 697 4761 867 4831; x_wconf 76' lang='grc' dir='ltr'><em>φωνῇ</em></span> <span class='ocrx_word' id='word_1_588' title='bbox 899 4762 1294 4831; x_wconf 78' lang='grc' dir='ltr'>ἀρχαγγέλου,</span> <span class='ocrx_word' id='word_1_589' title='bbox 1327 4763 1424 4815; x_wconf 82' lang='grc' dir='ltr'>καὶ</span> <span class='ocrx_word' id='word_1_590' title='bbox 1456 4762 1525 4814; x_wconf 74' lang='grc' dir='ltr'><strong>ἐν</strong></span> <span class='ocrx_word' id='word_1_591' title='bbox 1551 4762 1837 4833; x_wconf 74' lang='grc' dir='ltr'>σάλπιγγι</span> 
     </span>
    </p>
   </div>
   <div class='ocr_carea' id='block_1_80' title="bbox 271 4853 1839 4925">
    <p class='ocr_par' dir='ltr' id='par_1_80' title="bbox 271 4853 1839 4925">
     <span class='ocr_line' id='line_1_80' title="bbox 271 4853 1839 4925; baseline -0.001 -15"><span class='ocrx_word' id='word_1_592' title='bbox 271 4855 423 4910; x_wconf 84' lang='grc' dir='ltr'>Θεοῦ</span> <span class='ocrx_word' id='word_1_593' title='bbox 447 4853 844 4920; x_wconf 79' lang='grc' dir='ltr'>καταϐήσεται</span> <span class='ocrx_word' id='word_1_594' title='bbox 893 4855 1009 4907; x_wconf 76' lang='grc' dir='ltr'>ἀπὸ</span> <span class='ocrx_word' id='word_1_595' title='bbox 1049 4854 1328 4922; x_wconf 75' lang='grc' dir='ltr'>οὐρανοῦ.</span> <span class='ocrx_word' id='word_1_596' title='bbox 1375 4855 1437 4906; x_wconf 83' lang='grc' dir='ltr'><strong>Ἠ</strong></span> <span class='ocrx_word' id='word_1_597' title='bbox 1467 4853 1522 4907; x_wconf 81' lang='grc' dir='ltr'><strong>δὲ</strong></span> <span class='ocrx_word' id='word_1_598' title='bbox 1562 4855 1839 4925; x_wconf 81' lang='grc' dir='ltr'>ἀποδημία</span> 
     </span>
    </p>
   </div>
   <div class='ocr_carea' id='block_1_81' title="bbox 269 4946 1842 5020">
    <p class='ocr_par' dir='ltr' id='par_1_81' title="bbox 269 4946 1842 5020">
     <span class='ocr_line' id='line_1_81' title="bbox 269 4946 1842 5020; baseline -0.003 -18"><span class='ocrx_word' id='word_1_599' title='bbox 269 4949 364 5002; x_wconf 83' lang='grc' dir='ltr'>καὶ</span> <span class='ocrx_word' id='word_1_600' title='bbox 403 4947 503 5020; x_wconf 81' lang='grc' dir='ltr'><strong>τὴν</strong></span> <span class='ocrx_word' id='word_1_601' title='bbox 547 4947 920 5018; x_wconf 84' lang='grc' dir='ltr'>μακροθυμίαν</span> <span class='ocrx_word' id='word_1_602' title='bbox 969 4946 1133 5017; x_wconf 88' lang='grc' dir='ltr'>δηλοῖ.</span> <span class='ocrx_word' id='word_1_603' title='bbox 1186 4946 1332 4999; x_wconf 80' lang='grc' dir='ltr'>Ἔδει</span> <span class='ocrx_word' id='word_1_604' title='bbox 1375 4946 1430 4999; x_wconf 82' lang='grc' dir='ltr'><strong>δὲ</strong></span> <span class='ocrx_word' id='word_1_605' title='bbox 1479 4946 1637 4999; x_wconf 78' lang='grc' dir='ltr'>αὐτὸν</span> <span class='ocrx_word' id='word_1_606' title='bbox 1676 4947 1842 5014; x_wconf 84' lang='grc' dir='ltr'>ἀναγ-</span> 
     </span>
    </p>
   </div>
   <div class='ocr_carea' id='block_1_82' title="bbox 269 5037 1838 5111">
    <p class='ocr_par' dir='ltr' id='par_1_82' title="bbox 269 5037 1838 5111">
     <span class='ocr_line' id='line_1_82' title="bbox 269 5037 1838 5111; baseline -0.001 -17"><span class='ocrx_word' id='word_1_607' title='bbox 269 5041 443 5104; x_wconf 78' lang='grc' dir='ltr'>καίως</span> <span class='ocrx_word' id='word_1_608' title='bbox 503 5041 584 5103; x_wconf 81' lang='grc' dir='ltr'><strong>είς</strong></span> <span class='ocrx_word' id='word_1_609' title='bbox 638 5041 736 5111; x_wconf 82' lang='grc' dir='ltr'>τὴν</span> <span class='ocrx_word' id='word_1_610' title='bbox 794 5040 1122 5110; x_wconf 86' lang='grc' dir='ltr'>δηλωθεῖσαν</span> <span class='ocrx_word' id='word_1_611' title='bbox 1176 5038 1388 5110; x_wconf 77' lang='grc' dir='ltr'>μακρὰν</span> <span class='ocrx_word' id='word_1_612' title='bbox 1443 5037 1624 5109; x_wconf 77' lang='grc' dir='ltr'>χώραν</span> <span class='ocrx_word' id='word_1_613' title='bbox 1691 5040 1838 5092; x_wconf 82' lang='grc' dir='ltr'>στεί-</span> 
     </span>
    </p>
   </div>
   <div class='ocr_carea' id='block_1_83' title="bbox 267 5130 1840 5205">
    <p class='ocr_par' dir='ltr' id='par_1_83' title="bbox 267 5130 1840 5205">
     <span class='ocr_line' id='line_1_83' title="bbox 267 5130 1840 5205; baseline -0.003 -16"><span class='ocrx_word' id='word_1_614' title='bbox 267 5131 487 5198; x_wconf 86' lang='grc' dir='ltr'>λασθαι,</span> <span class='ocrx_word' id='word_1_615' title='bbox 519 5135 680 5187; x_wconf 81' lang='grc' dir='ltr'>κάκεῖ</span> <span class='ocrx_word' id='word_1_616' title='bbox 703 5133 891 5205; x_wconf 83' lang='grc' dir='ltr'>χρόνον</span> <span class='ocrx_word' id='word_1_617' title='bbox 915 5131 1188 5203; x_wconf 68' lang='grc' dir='ltr'>διατρίψας</span> <span class='ocrx_word' id='word_1_618' title='bbox 1221 5130 1427 5184; x_wconf 85' lang='grc' dir='ltr'>πολλῶν</span> <span class='ocrx_word' id='word_1_619' title='bbox 1457 5131 1616 5183; x_wconf 71' lang='grc' dir='ltr'>ἕνεκα</span> <span class='ocrx_word' id='word_1_620' title='bbox 1635 5147 1648 5159; x_wconf 75' lang='grc' dir='ltr'><strong><em>ο</em></strong></span> <span class='ocrx_word' id='word_1_621' title='bbox 1681 5130 1755 5192; x_wconf 84' lang='grc' dir='ltr'><strong>ὡς</strong></span> <span class='ocrx_word' id='word_1_622' title='bbox 1776 5130 1840 5184; x_wconf 86' lang='grc' dir='ltr'>ἂν</span> 
     </span>
    </p>
   </div>
   <div class='ocr_carea' id='block_1_84' title="bbox 270 5204 1842 5296">
    <p class='ocr_par' dir='ltr' id='par_1_84' title="bbox 270 5204 1842 5296">
     <span class='ocr_line' id='line_1_84' title="bbox 270 5204 1842 5296; baseline -0.002 -18"><span class='ocrx_word' id='word_1_623' title='bbox 270 5204 327 5278; x_wconf 65' lang='grc' dir='ltr'><strong>ἐν</strong></span> <span class='ocrx_word' id='word_1_624' title='bbox 351 5225 431 5296; x_wconf 81' lang='grc' dir='ltr'>τῷ</span> <span class='ocrx_word' id='word_1_625' title='bbox 463 5226 662 5296; x_wconf 74' lang='grc' dir='ltr'>μεταξὺ</span> <span class='ocrx_word' id='word_1_626' title='bbox 687 5228 734 5278; x_wconf 77' lang='grc' dir='ltr'>οἱ</span> <span class='ocrx_word' id='word_1_627' title='bbox 759 5224 920 5278; x_wconf 79' lang='grc' dir='ltr'>αὐτοῦ</span> <span class='ocrx_word' id='word_1_628' title='bbox 946 5225 1272 5296; x_wconf 79' lang='grc' dir='ltr'>θεράποντες</span> <span class='ocrx_word' id='word_1_629' title='bbox 1311 5225 1404 5294; x_wconf 72' lang='grc' dir='ltr'>τῆς</span> <span class='ocrx_word' id='word_1_630' title='bbox 1447 5223 1652 5277; x_wconf 81' lang='grc' dir='ltr'>ἑαυτῶν</span> <span class='ocrx_word' id='word_1_631' title='bbox 1678 5225 1842 5294; x_wconf 79' lang='grc' dir='ltr'>ἐργα-</span> 
     </span>
    </p>
   </div>
   <div class='ocr_carea' id='block_1_85' title="bbox 271 5317 945 5389">
    <p class='ocr_par' dir='ltr' id='par_1_85' title="bbox 271 5317 945 5389">
     <span class='ocr_line' id='line_1_85' title="bbox 271 5317 945 5389; baseline 0 -19"><span class='ocrx_word' id='word_1_632' title='bbox 271 5317 392 5381; x_wconf 82' lang='grc' dir='ltr'>σίας</span> <span class='ocrx_word' id='word_1_633' title='bbox 413 5317 510 5389; x_wconf 74' lang='grc' dir='ltr'>τὴν</span> <span class='ocrx_word' id='word_1_634' title='bbox 531 5317 758 5389; x_wconf 74' lang='grc' dir='ltr'>δοκιμὴν</span> <span class='ocrx_word' id='word_1_635' title='bbox 790 5317 945 5371; x_wconf 87' lang='grc' dir='ltr'>δοῖεν.</span> 
     </span>
    </p>
   </div>
   <div class='ocr_carea' id='block_1_86' title="bbox 1950 3282 3507 3357">
    <p class='ocr_par' dir='ltr' id='par_1_86' title="bbox 1950 3282 3507 3357">
     <span class='ocr_line' id='line_1_86' title="bbox 1950 3282 3507 3357; baseline 0.013 -30"><span class='ocrx_word' id='word_1_636' title='bbox 1950 3284 2052 3335; x_wconf 85' lang='lat' dir='ltr'><strong>est.</strong></span> <span class='ocrx_word' id='word_1_637' title='bbox 2085 3287 2366 3347; x_wconf 87' lang='lat' dir='ltr'><strong>postquam</strong></span> <span class='ocrx_word' id='word_1_638' title='bbox 2401 3282 2536 3335; x_wconf 87' lang='lat' dir='ltr'><strong>satis</strong></span> <span class='ocrx_word' id='word_1_639' title='bbox 2564 3296 2687 3336; x_wconf 90' lang='lat' dir='ltr'><strong>cum</strong></span> <span class='ocrx_word' id='word_1_640' title='bbox 2742 3287 3059 3343; x_wconf 85' lang='lat' dir='ltr'><strong>mortalibus</strong></span> <span class='ocrx_word' id='word_1_641' title='bbox 3100 3301 3344 3347; x_wconf 85' lang='lat' dir='ltr'><strong>versatus</strong></span> <span class='ocrx_word' id='word_1_642' title='bbox 3385 3293 3507 3357; x_wconf 84' lang='lat' dir='ltr'><strong>l&#39;uit.</strong></span> 
     </span>
    </p>
   </div>
   <div class='ocr_carea' id='block_1_87' title="bbox 1949 3365 3508 3453">
    <p class='ocr_par' dir='ltr' id='par_1_87' title="bbox 1949 3365 3508 3453">
     <span class='ocr_line' id='line_1_87' title="bbox 1949 3365 3508 3453; baseline 0.013 -35"><span class='ocrx_word' id='word_1_643' title='bbox 1949 3367 2014 3419; x_wconf 87' lang='lat' dir='ltr'><strong>ad</strong></span> <span class='ocrx_word' id='word_1_644' title='bbox 2038 3365 2254 3423; x_wconf 84' lang='lat' dir='ltr'><strong>Patrem</strong></span> <span class='ocrx_word' id='word_1_645' title='bbox 2285 3386 2438 3426; x_wconf 90' lang='lat' dir='ltr'><strong>suum</strong></span> <span class='ocrx_word' id='word_1_646' title='bbox 2474 3375 2706 3441; x_wconf 89' lang='lat' dir='ltr'><strong>rediens,</strong></span> <span class='ocrx_word' id='word_1_647' title='bbox 2737 3377 3006 3447; x_wconf 84' lang='lat' dir='ltr'><strong>profectus</strong></span> <span class='ocrx_word' id='word_1_648' title='bbox 3038 3391 3120 3435; x_wconf 89' lang='lat' dir='ltr'><strong>est</strong></span> <span class='ocrx_word' id='word_1_649' title='bbox 3151 3382 3203 3435; x_wconf 90' lang='lat' dir='ltr'><strong>in</strong></span> <span class='ocrx_word' id='word_1_650' title='bbox 3232 3384 3508 3453; x_wconf 83' lang='lat' dir='ltr'><strong>regionem</strong></span> 
     </span>
    </p>
   </div>
   <div class='ocr_carea' id='block_1_88' title="bbox 1950 3457 3508 3544">
    <p class='ocr_par' dir='ltr' id='par_1_88' title="bbox 1950 3457 3508 3544">
     <span class='ocr_line' id='line_1_88' title="bbox 1950 3457 3508 3544; baseline 0.012 -33"><span class='ocrx_word' id='word_1_651' title='bbox 1950 3457 2320 3530; x_wconf 86' lang='lat' dir='ltr'><strong>longinquam,</strong></span> <span class='ocrx_word' id='word_1_652' title='bbox 2357 3474 2414 3518; x_wconf 91' lang='lat' dir='ltr'><strong>ut</strong></span> <span class='ocrx_word' id='word_1_653' title='bbox 2476 3481 2642 3535; x_wconf 88' lang='lat' dir='ltr'><strong>regno</strong></span> <span class='ocrx_word' id='word_1_654' title='bbox 2692 3485 2790 3526; x_wconf 92' lang='lat' dir='ltr'><strong>suo</strong></span> <span class='ocrx_word' id='word_1_655' title='bbox 2843 3483 3066 3544; x_wconf 90' lang='lat' dir='ltr'><strong>accepto</strong></span> <span class='ocrx_word' id='word_1_656' title='bbox 3120 3485 3508 3530; x_wconf 84' lang='lat' dir='ltr'><strong>reverteretur.</strong></span> 
     </span>
    </p>
   </div>
   <div class='ocr_carea' id='block_1_89' title="bbox 1948 3548 3513 3634">
    <p class='ocr_par' dir='ltr' id='par_1_89' title="bbox 1948 3548 3513 3634">
     <span class='ocr_line' id='line_1_89' title="bbox 1948 3548 3513 3634; baseline 0.012 -30"><span class='ocrx_word' id='word_1_657' title='bbox 1948 3548 2066 3604; x_wconf 79' lang='lat' dir='ltr'><strong>Jum</strong></span> <span class='ocrx_word' id='word_1_658' title='bbox 2096 3554 2372 3622; x_wconf 89' lang='lat' dir='ltr'><strong>regionem</strong></span> <span class='ocrx_word' id='word_1_659' title='bbox 2407 3558 2754 3630; x_wconf 87' lang='lat' dir='ltr'><strong>longinquam</strong></span> <span class='ocrx_word' id='word_1_660' title='bbox 2800 3562 2930 3618; x_wconf 90' lang='lat' dir='ltr'><strong>dicit</strong></span> <span class='ocrx_word' id='word_1_661' title='bbox 2966 3580 3065 3634; x_wconf 92' lang='lat' dir='ltr'><strong>pro</strong></span> <span class='ocrx_word' id='word_1_662' title='bbox 3113 3566 3285 3621; x_wconf 89' lang='lat' dir='ltr'><strong>reditu</strong></span> <span class='ocrx_word' id='word_1_663' title='bbox 3317 3566 3370 3622; x_wconf 90' lang='lat' dir='ltr'><strong>in</strong></span> <span class='ocrx_word' id='word_1_664' title='bbox 3400 3581 3513 3622; x_wconf 79' lang='lat' dir='ltr'><strong>cte-</strong></span> 
     </span>
    </p>
   </div>
   <div class='ocr_carea' id='block_1_90' title="bbox 1927 3639 3514 3728">
    <p class='ocr_par' dir='ltr' id='par_1_90' title="bbox 1927 3639 3514 3728">
     <span class='ocr_line' id='line_1_90' title="bbox 1927 3639 3514 3728; baseline 0.013 -35"><span class='ocrx_word' id='word_1_665' title='bbox 1927 3639 2056 3695; x_wconf 78' lang='lat' dir='ltr'><strong>‘ltun</strong></span> <span class='ocrx_word' id='word_1_666' title='bbox 2093 3658 2106 3696; x_wconf 90' lang='lat'><strong>:</strong></span> <span class='ocrx_word' id='word_1_667' title='bbox 2146 3660 2366 3716; x_wconf 86' lang='lat' dir='ltr'><strong>regnum</strong></span> <span class='ocrx_word' id='word_1_668' title='bbox 2403 3663 2530 3703; x_wconf 91' lang='lat' dir='ltr'><strong>vero</strong></span> <span class='ocrx_word' id='word_1_669' title='bbox 2563 3662 2838 3722; x_wconf 86' lang='lat' dir='ltr'><strong>acceptum</strong></span> <span class='ocrx_word' id='word_1_670' title='bbox 2872 3654 3001 3710; x_wconf 90' lang='lat' dir='ltr'><strong>illud</strong></span> <span class='ocrx_word' id='word_1_671' title='bbox 3033 3657 3212 3726; x_wconf 89' lang='lat' dir='ltr'><strong>ipsum</strong></span> <span class='ocrx_word' id='word_1_672' title='bbox 3242 3657 3336 3723; x_wconf 89' lang='lat' dir='ltr'><strong>ait,</strong></span> <span class='ocrx_word' id='word_1_673' title='bbox 3367 3658 3514 3728; x_wconf 87' lang='lat' dir='ltr'><strong>quod</strong></span> 
     </span>
    </p>
   </div>
   <div class='ocr_carea' id='block_1_91' title="bbox 1948 3736 3513 3807">
    <p class='ocr_par' dir='ltr' id='par_1_91' title="bbox 1948 3736 3513 3807">
     <span class='ocr_line' id='line_1_91' title="bbox 1948 3736 3513 3807; baseline 0.014 -22"><span class='ocrx_word' id='word_1_674' title='bbox 1948 3736 2209 3803; x_wconf 82' lang='lat' dir='ltr'><strong>propheta</strong></span> <span class='ocrx_word' id='word_1_675' title='bbox 2256 3738 2444 3796; x_wconf 87' lang='lat' dir='ltr'><strong>Daniel</strong></span> <span class='ocrx_word' id='word_1_676' title='bbox 2495 3742 2754 3800; x_wconf 88' lang='lat' dir='ltr'><strong>innuebat</strong></span> <span class='ocrx_word' id='word_1_677' title='bbox 2801 3747 2985 3803; x_wconf 89' lang='lat' dir='ltr'><strong>dicens</strong></span> <span class='ocrx_word' id='word_1_678' title='bbox 3030 3764 3047 3802; x_wconf 88' lang='lat'><strong>:</strong></span> <span class='ocrx_word' id='word_1_679' title='bbox 3091 3749 3155 3803; x_wconf 87' lang='lat' dir='ltr'><strong>Et</strong></span> <span class='ocrx_word' id='word_1_680' title='bbox 3196 3749 3513 3807; x_wconf 76' lang='lat' dir='ltr'><strong>ecceFilius</strong></span> 
     </span>
    </p>
   </div>
   <div class='ocr_carea' id='block_1_92' title="bbox 1949 3825 3514 3910">
    <p class='ocr_par' dir='ltr' id='par_1_92' title="bbox 1949 3825 3514 3910">
     <span class='ocr_line' id='line_1_92' title="bbox 1949 3825 3514 3910; baseline 0.008 -26"><span class='ocrx_word' id='word_1_681' title='bbox 1949 3825 2183 3884; x_wconf 80' lang='lat' dir='ltr'><strong>hominis</strong></span> <span class='ocrx_word' id='word_1_682' title='bbox 2211 3829 2263 3884; x_wconf 91' lang='lat' dir='ltr'><strong>in</strong></span> <span class='ocrx_word' id='word_1_683' title='bbox 2299 3833 2530 3890; x_wconf 91' lang='lat' dir='ltr'><strong>nubibus</strong></span> <span class='ocrx_word' id='word_1_684' title='bbox 2559 3837 2916 3905; x_wconf 83' lang='lat' dir='ltr'><strong>adventabat;</strong></span> <span class='ocrx_word' id='word_1_685' title='bbox 2959 3839 3168 3910; x_wconf 85' lang='lat' dir='ltr'><strong>ipsique</strong></span> <span class='ocrx_word' id='word_1_686' title='bbox 3203 3838 3384 3895; x_wconf 75' lang='lat' dir='ltr'><strong>datum</strong></span> <span class='ocrx_word' id='word_1_687' title='bbox 3427 3851 3514 3896; x_wconf 82' lang='lat' dir='ltr'><strong>est</strong></span> 
     </span>
    </p>
   </div>
   <div class='ocr_carea' id='block_1_93' title="bbox 1949 3917 3511 4002">
    <p class='ocr_par' dir='ltr' id='par_1_93' title="bbox 1949 3917 3511 4002">
     <span class='ocr_line' id='line_1_93' title="bbox 1949 3917 3511 4002; baseline 0.012 -31"><span class='ocrx_word' id='word_1_688' title='bbox 1949 3917 2235 3989; x_wconf 66' lang='lat' dir='ltr'><strong>inperium</strong></span> <span class='ocrx_word' id='word_1_689' title='bbox 2300 3935 2354 3978; x_wconf 92' lang='lat' dir='ltr'><strong>et</strong></span> <span class='ocrx_word' id='word_1_690' title='bbox 2408 3927 2580 3981; x_wconf 91' lang='lat' dir='ltr'><strong>honor</strong></span> <span class='ocrx_word' id='word_1_691' title='bbox 2621 3939 2677 3984; x_wconf 94' lang='lat' dir='ltr'><strong>et</strong></span> <span class='ocrx_word' id='word_1_692' title='bbox 2732 3946 2953 4002; x_wconf 82' lang='lat' dir='ltr'><strong>regnum</strong></span> <span class='ocrx_word' id='word_1_693' title='bbox 3006 3932 3071 3986; x_wconf 78' lang='lat'><strong>&quot;.</strong></span> <span class='ocrx_word' id='word_1_694' title='bbox 3137 3933 3301 3989; x_wconf 79' lang='lat' dir='ltr'><strong>Recte</strong></span> <span class='ocrx_word' id='word_1_695' title='bbox 3346 3937 3511 3990; x_wconf 86' lang='lat' dir='ltr'><strong>etiam</strong></span> 
     </span>
    </p>
   </div>
   <div class='ocr_carea' id='block_1_94' title="bbox 1948 4011 3512 4086">
    <p class='ocr_par' dir='ltr' id='par_1_94' title="bbox 1948 4011 3512 4086">
     <span class='ocr_line' id='line_1_94' title="bbox 1948 4011 3512 4086; baseline 0.01 -23"><span class='ocrx_word' id='word_1_696' title='bbox 1948 4011 2148 4064; x_wconf 84' lang='lat' dir='ltr'><strong>dictum</strong></span> <span class='ocrx_word' id='word_1_697' title='bbox 2178 4023 2260 4068; x_wconf 89' lang='lat' dir='ltr'><strong>est</strong></span> <span class='ocrx_word' id='word_1_698' title='bbox 2288 4017 2561 4085; x_wconf 79' lang='lat' dir='ltr'><strong>accipere;</strong></span> <span class='ocrx_word' id='word_1_699' title='bbox 2584 4033 2807 4086; x_wconf 82' lang='lat' dir='ltr'><strong>prorsus</strong></span> <span class='ocrx_word' id='word_1_700' title='bbox 2841 4023 2985 4075; x_wconf 70' lang='lat' dir='ltr'><strong>etaim</strong></span> <span class='ocrx_word' id='word_1_701' title='bbox 3013 4038 3043 4078; x_wconf 88' lang='lat' dir='ltr'><strong>a</strong></span> <span class='ocrx_word' id='word_1_702' title='bbox 3079 4022 3240 4078; x_wconf 89' lang='lat' dir='ltr'><strong>Patre</strong></span> <span class='ocrx_word' id='word_1_703' title='bbox 3271 4024 3324 4078; x_wconf 91' lang='lat' dir='ltr'><strong>id</strong></span> <span class='ocrx_word' id='word_1_704' title='bbox 3349 4026 3512 4079; x_wconf 85' lang='lat' dir='ltr'><strong>dante</strong></span> 
     </span>
    </p>
   </div>
   <div class='ocr_carea' id='block_1_95' title="bbox 1949 4107 3510 4179">
    <p class='ocr_par' dir='ltr' id='par_1_95' title="bbox 1949 4107 3510 4179">
     <span class='ocr_line' id='line_1_95' title="bbox 1949 4107 3510 4179; baseline 0.009 -23"><span class='ocrx_word' id='word_1_705' title='bbox 1949 4108 2176 4173; x_wconf 75' lang='lat' dir='ltr'><strong>accepit,</strong></span> <span class='ocrx_word' id='word_1_706' title='bbox 2207 4109 2499 4161; x_wconf 87' lang='lat' dir='ltr'><strong>secundum</strong></span> <span class='ocrx_word' id='word_1_707' title='bbox 2540 4107 2668 4164; x_wconf 90' lang='lat' dir='ltr'><strong>illud</strong></span> <span class='ocrx_word' id='word_1_708' title='bbox 2693 4108 2782 4168; x_wconf 72' lang='lat'><strong>“:</strong></span> <span class='ocrx_word' id='word_1_709' title='bbox 2818 4112 3038 4168; x_wconf 78' lang='lat' dir='ltr'><strong>Postulo</strong></span> <span class='ocrx_word' id='word_1_710' title='bbox 3079 4125 3112 4168; x_wconf 87' lang='lat' dir='ltr'><strong>a</strong></span> <span class='ocrx_word' id='word_1_711' title='bbox 3152 4131 3251 4179; x_wconf 81' lang='lat' dir='ltr'><strong>me,</strong></span> <span class='ocrx_word' id='word_1_712' title='bbox 3287 4125 3333 4169; x_wconf 85' lang='lat' dir='ltr'><strong>et</strong></span> <span class='ocrx_word' id='word_1_713' title='bbox 3372 4117 3510 4170; x_wconf 83' lang='lat' dir='ltr'><strong>dabo</strong></span> 
     </span>
    </p>
   </div>
   <div class='ocr_carea' id='block_1_96' title="bbox 1949 4197 3509 4272">
    <p class='ocr_par' dir='ltr' id='par_1_96' title="bbox 1949 4197 3509 4272">
     <span class='ocr_line' id='line_1_96' title="bbox 1949 4197 3509 4272; baseline 0.008 -25"><span class='ocrx_word' id='word_1_714' title='bbox 1949 4197 2044 4247; x_wconf 79' lang='lat' dir='ltr'><strong>tibi</strong></span> <span class='ocrx_word' id='word_1_715' title='bbox 2068 4209 2240 4264; x_wconf 78' lang='lat' dir='ltr'><strong>gentes</strong></span> <span class='ocrx_word' id='word_1_716' title='bbox 2259 4198 2612 4254; x_wconf 77' lang='lat' dir='ltr'><strong>Itwreditatem</strong></span> <span class='ocrx_word' id='word_1_717' title='bbox 2638 4215 2779 4256; x_wconf 84' lang='lat' dir='ltr'><strong>tuam</strong></span> <span class='ocrx_word' id='word_1_718' title='bbox 2804 4219 2822 4257; x_wconf 90' lang='lat'><strong><em>:</em></strong></span> <span class='ocrx_word' id='word_1_719' title='bbox 2844 4219 3005 4272; x_wconf 88' lang='lat' dir='ltr'><strong>quam</strong></span> <span class='ocrx_word' id='word_1_720' title='bbox 3037 4204 3196 4260; x_wconf 91' lang='lat' dir='ltr'><strong>simul</strong></span> <span class='ocrx_word' id='word_1_721' title='bbox 3220 4220 3284 4260; x_wconf 90' lang='lat' dir='ltr'><strong>ac</strong></span> <span class='ocrx_word' id='word_1_722' title='bbox 3307 4207 3374 4260; x_wconf 89' lang='lat' dir='ltr'><strong>ab</strong></span> <span class='ocrx_word' id='word_1_723' title='bbox 3393 4206 3509 4259; x_wconf 85' lang='lat' dir='ltr'><strong>An-</strong></span> 
     </span>
    </p>
   </div>
   <div class='ocr_carea' id='block_1_97' title="bbox 1947 4288 3511 4362">
    <p class='ocr_par' dir='ltr' id='par_1_97' title="bbox 1947 4288 3511 4362">
     <span class='ocr_line' id='line_1_97' title="bbox 1947 4288 3511 4362; baseline 0.01 -24"><span class='ocrx_word' id='word_1_724' title='bbox 1947 4288 2100 4357; x_wconf 92' lang='lat' dir='ltr'><strong>tiquo</strong></span> <span class='ocrx_word' id='word_1_725' title='bbox 2125 4289 2334 4345; x_wconf 89' lang='lat' dir='ltr'><strong>dierum</strong></span> <span class='ocrx_word' id='word_1_726' title='bbox 2366 4295 2633 4362; x_wconf 87' lang='lat' dir='ltr'><strong>acceperit</strong></span> <span class='ocrx_word' id='word_1_727' title='bbox 2653 4334 2668 4357; x_wconf 87' lang='lat'><strong>,</strong></span> <span class='ocrx_word' id='word_1_728' title='bbox 2701 4296 2882 4350; x_wconf 87' lang='lat' dir='ltr'><strong>statim</strong></span> <span class='ocrx_word' id='word_1_729' title='bbox 2934 4308 3252 4352; x_wconf 89' lang='lat' dir='ltr'><strong>revertetur.</strong></span> <span class='ocrx_word' id='word_1_730' title='bbox 3301 4295 3511 4354; x_wconf 84' lang='lat' dir='ltr'><strong>Idcirco</strong></span> 
     </span>
    </p>
   </div>
   <div class='ocr_carea' id='block_1_98' title="bbox 1949 4381 3508 4460">
    <p class='ocr_par' dir='ltr' id='par_1_98' title="bbox 1949 4381 3508 4460">
     <span class='ocr_line' id='line_1_98' title="bbox 1949 4381 3508 4460; baseline 0.01 -27"><span class='ocrx_word' id='word_1_731' title='bbox 1949 4381 2048 4446; x_wconf 87' lang='lat' dir='ltr'><strong>ait,</strong></span> <span class='ocrx_word' id='word_1_732' title='bbox 2079 4383 2144 4436; x_wconf 87' lang='lat' dir='ltr'><strong>ad</strong></span> <span class='ocrx_word' id='word_1_733' title='bbox 2179 4386 2552 4456; x_wconf 88' lang='lat' dir='ltr'><strong>accipiendum</strong></span> <span class='ocrx_word' id='word_1_734' title='bbox 2585 4388 2686 4442; x_wconf 90' lang='lat' dir='ltr'><strong>sibi</strong></span> <span class='ocrx_word' id='word_1_735' title='bbox 2735 4405 2957 4460; x_wconf 87' lang='lat' dir='ltr'><strong>regnum</strong></span> <span class='ocrx_word' id='word_1_736' title='bbox 3005 4402 3060 4446; x_wconf 91' lang='lat' dir='ltr'><strong>et</strong></span> <span class='ocrx_word' id='word_1_737' title='bbox 3108 4393 3508 4448; x_wconf 88' lang='lat' dir='ltr'><strong>revertendum.</strong></span> 
     </span>
    </p>
   </div>
   <div class='ocr_carea' id='block_1_99' title="bbox 1947 4469 3512 4550">
    <p class='ocr_par' dir='ltr' id='par_1_99' title="bbox 1947 4469 3512 4550">
     <span class='ocr_line' id='line_1_99' title="bbox 1947 4469 3512 4550; baseline 0.007 -25"><span class='ocrx_word' id='word_1_738' title='bbox 1947 4469 2186 4538; x_wconf 87' lang='lat' dir='ltr'><strong>Quanam</strong></span> <span class='ocrx_word' id='word_1_739' title='bbox 2221 4486 2401 4530; x_wconf 89' lang='lat' dir='ltr'><strong>autem</strong></span> <span class='ocrx_word' id='word_1_740' title='bbox 2442 4479 2652 4532; x_wconf 90' lang='lat' dir='ltr'><strong>ratione</strong></span> <span class='ocrx_word' id='word_1_741' title='bbox 2675 4480 2904 4534; x_wconf 84' lang='lat' dir='ltr'><strong>reditum</strong></span> <span class='ocrx_word' id='word_1_742' title='bbox 2929 4479 3180 4536; x_wconf 87' lang='lat' dir='ltr'><strong>Christus</strong></span> <span class='ocrx_word' id='word_1_743' title='bbox 3209 4483 3398 4550; x_wconf 90' lang='lat' dir='ltr'><strong>l&#39;aciet,</strong></span> <span class='ocrx_word' id='word_1_744' title='bbox 3430 4483 3512 4536; x_wconf 87' lang='lat' dir='ltr'><strong>di-</strong></span> 
     </span>
    </p>
   </div>
   <div class='ocr_carea' id='block_1_100' title="bbox 1947 4567 3509 4640">
    <p class='ocr_par' dir='ltr' id='par_1_100' title="bbox 1947 4567 3509 4640">
     <span class='ocr_line' id='line_1_100' title="bbox 1947 4567 3509 4640; baseline 0.01 -26"><span class='ocrx_word' id='word_1_745' title='bbox 1947 4577 2046 4620; x_wconf 83' lang='lat' dir='ltr'><strong>vus</strong></span> <span class='ocrx_word' id='word_1_746' title='bbox 2067 4567 2354 4635; x_wconf 84' lang='lat' dir='ltr'><strong>Apostolus</strong></span> <span class='ocrx_word' id='word_1_747' title='bbox 2373 4571 2712 4626; x_wconf 84' lang='lat' dir='ltr'><strong>demonstrat</strong></span> <span class='ocrx_word' id='word_1_748' title='bbox 2740 4573 2824 4628; x_wconf 88' lang='lat' dir='ltr'><strong>his</strong></span> <span class='ocrx_word' id='word_1_749' title='bbox 2847 4574 3027 4628; x_wconf 87' lang='lat' dir='ltr'><strong>verbis</strong></span> <span class='ocrx_word' id='word_1_750' title='bbox 3060 4593 3072 4628; x_wconf 91' lang='lat'><strong>:</strong></span> <span class='ocrx_word' id='word_1_751' title='bbox 3107 4573 3370 4640; x_wconf 84' lang='lat' dir='ltr'><strong>Quoniam</strong></span> <span class='ocrx_word' id='word_1_752' title='bbox 3399 4575 3509 4640; x_wconf 77' lang='lat' dir='ltr'><strong>ipse</strong></span> 
     </span>
    </p>
   </div>
   <div class='ocr_carea' id='block_1_101' title="bbox 1947 4657 3511 4738">
    <p class='ocr_par' dir='ltr' id='par_1_101' title="bbox 1947 4657 3511 4738">
     <span class='ocr_line' id='line_1_101' title="bbox 1947 4657 3511 4738; baseline 0.006 -27"><span class='ocrx_word' id='word_1_753' title='bbox 1947 4657 2200 4714; x_wconf 84' lang='lat' dir='ltr'><strong>Dominus</strong></span> <span class='ocrx_word' id='word_1_754' title='bbox 2243 4661 2298 4714; x_wconf 84' lang='lat' dir='ltr'><strong>in</strong></span> <span class='ocrx_word' id='word_1_755' title='bbox 2336 4660 2521 4730; x_wconf 86' lang='lat' dir='ltr'><strong>jussu,</strong></span> <span class='ocrx_word' id='word_1_756' title='bbox 2568 4665 2621 4717; x_wconf 84' lang='lat' dir='ltr'><strong>in</strong></span> <span class='ocrx_word' id='word_1_757' title='bbox 2663 4681 2784 4720; x_wconf 78' lang='lat' dir='ltr'><strong>voce</strong></span> <span class='ocrx_word' id='word_1_758' title='bbox 2831 4668 3168 4738; x_wconf 72' lang='lat' dir='ltr'><strong>archangeli,</strong></span> <span class='ocrx_word' id='word_1_759' title='bbox 3212 4680 3259 4723; x_wconf 78' lang='lat' dir='ltr'><strong>et</strong></span> <span class='ocrx_word' id='word_1_760' title='bbox 3296 4670 3352 4723; x_wconf 87' lang='lat' dir='ltr'><strong>in</strong></span> <span class='ocrx_word' id='word_1_761' title='bbox 3385 4673 3511 4723; x_wconf 79' lang='lat' dir='ltr'><strong>tuba</strong></span> 
     </span>
    </p>
   </div>
   <div class='ocr_carea' id='block_1_102' title="bbox 1951 4753 3508 4834">
    <p class='ocr_par' dir='ltr' id='par_1_102' title="bbox 1951 4753 3508 4834">
     <span class='ocr_line' id='line_1_102' title="bbox 1951 4753 3508 4834; baseline 0.008 -28"><span class='ocrx_word' id='word_1_762' title='bbox 1951 4753 2044 4806; x_wconf 83' lang='lat' dir='ltr'><strong>Dei</strong></span> <span class='ocrx_word' id='word_1_763' title='bbox 2083 4754 2352 4809; x_wconf 78' lang='lat' dir='ltr'><strong>descendet</strong></span> <span class='ocrx_word' id='word_1_764' title='bbox 2376 4760 2440 4811; x_wconf 84' lang='lat' dir='ltr'><strong>de</strong></span> <span class='ocrx_word' id='word_1_765' title='bbox 2477 4757 2603 4811; x_wconf 66' lang='lat' dir='ltr'><strong>carlo</strong></span> <span class='ocrx_word' id='word_1_766' title='bbox 2635 4759 2701 4814; x_wconf 73' lang='lat'><strong>&quot;.</strong></span> <span class='ocrx_word' id='word_1_767' title='bbox 2728 4759 2847 4815; x_wconf 86' lang='lat' dir='ltr'><strong>Jam</strong></span> <span class='ocrx_word' id='word_1_768' title='bbox 2869 4760 2956 4816; x_wconf 88' lang='lat' dir='ltr'><strong>ille</strong></span> <span class='ocrx_word' id='word_1_769' title='bbox 2981 4763 3159 4818; x_wconf 90' lang='lat' dir='ltr'><strong>abitus</strong></span> <span class='ocrx_word' id='word_1_770' title='bbox 3189 4763 3508 4834; x_wconf 88' lang='lat' dir='ltr'><strong>patientiam</strong></span> 
     </span>
    </p>
   </div>
   <div class='ocr_carea' id='block_1_103' title="bbox 1943 4851 3510 4925">
    <p class='ocr_par' dir='ltr' id='par_1_103' title="bbox 1943 4851 3510 4925">
     <span class='ocr_line' id='line_1_103' title="bbox 1943 4851 3510 4925; baseline 0.006 -28"><span class='ocrx_word' id='word_1_771' title='bbox 1943 4860 2157 4915; x_wconf 88' lang='lat' dir='ltr'><strong>quoque</strong></span> <span class='ocrx_word' id='word_1_772' title='bbox 2200 4851 2547 4918; x_wconf 79' lang='lat' dir='ltr'><strong>exspectandi</strong></span> <span class='ocrx_word' id='word_1_773' title='bbox 2578 4851 2868 4920; x_wconf 76' lang='lat' dir='ltr'><strong>significat.</strong></span> <span class='ocrx_word' id='word_1_774' title='bbox 2908 4854 2972 4908; x_wconf 86' lang='lat' dir='ltr'><strong>Et</strong></span> <span class='ocrx_word' id='word_1_775' title='bbox 3009 4856 3223 4925; x_wconf 84' lang='lat' dir='ltr'><strong>quidem</strong></span> <span class='ocrx_word' id='word_1_776' title='bbox 3258 4870 3510 4911; x_wconf 85' lang='lat' dir='ltr'><strong>necessa-</strong></span> 
     </span>
    </p>
   </div>
   <div class='ocr_carea' id='block_1_104' title="bbox 1946 4935 3504 5014">
    <p class='ocr_par' dir='ltr' id='par_1_104' title="bbox 1946 4935 3504 5014">
     <span class='ocr_line' id='line_1_104' title="bbox 1946 4935 3504 5014; baseline 0.005 -25"><span class='ocrx_word' id='word_1_777' title='bbox 1946 4935 2083 4990; x_wconf 90' lang='lat' dir='ltr'><strong>rium</strong></span> <span class='ocrx_word' id='word_1_778' title='bbox 2135 4946 2254 4990; x_wconf 88' lang='lat' dir='ltr'><strong>erat</strong></span> <span class='ocrx_word' id='word_1_779' title='bbox 2312 4948 2366 4990; x_wconf 92' lang='lat' dir='ltr'><strong>ut</strong></span> <span class='ocrx_word' id='word_1_780' title='bbox 2418 4940 2532 5009; x_wconf 91' lang='lat' dir='ltr'><strong>ipse</strong></span> <span class='ocrx_word' id='word_1_781' title='bbox 2584 4940 2689 4996; x_wconf 84' lang='lat' dir='ltr'><strong>iter</strong></span> <span class='ocrx_word' id='word_1_782' title='bbox 2746 4943 2797 4996; x_wconf 90' lang='lat' dir='ltr'><strong>in</strong></span> <span class='ocrx_word' id='word_1_783' title='bbox 2839 4944 3184 5014; x_wconf 79' lang='lat' dir='ltr'><strong>longinquam</strong></span> <span class='ocrx_word' id='word_1_784' title='bbox 3232 4944 3504 5014; x_wconf 83' lang='lat' dir='ltr'><strong>regionem</strong></span> 
     </span>
    </p>
   </div>
   <div class='ocr_carea' id='block_1_105' title="bbox 1943 5027 3509 5106">
    <p class='ocr_par' dir='ltr' id='par_1_105' title="bbox 1943 5027 3509 5106">
     <span class='ocr_line' id='line_1_105' title="bbox 1943 5027 3509 5106; baseline 0.006 -25"><span class='ocrx_word' id='word_1_785' title='bbox 1943 5027 2272 5098; x_wconf 88' lang='lat' dir='ltr'><strong>susciperet,</strong></span> <span class='ocrx_word' id='word_1_786' title='bbox 2305 5029 2488 5100; x_wconf 89' lang='lat' dir='ltr'><strong>ibique</strong></span> <span class='ocrx_word' id='word_1_787' title='bbox 2527 5033 2615 5086; x_wconf 92' lang='lat' dir='ltr'><strong>diu</strong></span> <span class='ocrx_word' id='word_1_788' title='bbox 2647 5045 2928 5100; x_wconf 87' lang='lat' dir='ltr'><strong>maneret,</strong></span> <span class='ocrx_word' id='word_1_789' title='bbox 2961 5051 3126 5106; x_wconf 91' lang='lat' dir='ltr'><strong>quum</strong></span> <span class='ocrx_word' id='word_1_790' title='bbox 3164 5037 3285 5090; x_wconf 89' lang='lat' dir='ltr'><strong>aliis</strong></span> <span class='ocrx_word' id='word_1_791' title='bbox 3326 5033 3509 5090; x_wconf 88' lang='lat' dir='ltr'><strong>multis</strong></span> 
     </span>
    </p>
   </div>
   <div class='ocr_carea' id='block_1_106' title="bbox 1943 5117 3507 5194">
    <p class='ocr_par' dir='ltr' id='par_1_106' title="bbox 1943 5117 3507 5194">
     <span class='ocr_line' id='line_1_106' title="bbox 1943 5117 3507 5194; baseline 0.005 -24"><span class='ocrx_word' id='word_1_792' title='bbox 1943 5117 2007 5170; x_wconf 89' lang='lat' dir='ltr'><strong>de</strong></span> <span class='ocrx_word' id='word_1_793' title='bbox 2040 5119 2236 5183; x_wconf 86' lang='lat' dir='ltr'><strong>causis,</strong></span> <span class='ocrx_word' id='word_1_794' title='bbox 2270 5130 2378 5173; x_wconf 88' lang='lat' dir='ltr'><strong>tum</strong></span> <span class='ocrx_word' id='word_1_795' title='bbox 2414 5131 2474 5176; x_wconf 87' lang='lat' dir='ltr'><strong>ut</strong></span> <span class='ocrx_word' id='word_1_796' title='bbox 2506 5123 2720 5178; x_wconf 89' lang='lat' dir='ltr'><strong>interim</strong></span> <span class='ocrx_word' id='word_1_797' title='bbox 2753 5127 2893 5180; x_wconf 87' lang='lat' dir='ltr'><strong>servi</strong></span> <span class='ocrx_word' id='word_1_798' title='bbox 2935 5127 3050 5194; x_wconf 83' lang='lat' dir='ltr'><strong>ejus</strong></span> <span class='ocrx_word' id='word_1_799' title='bbox 3083 5125 3358 5180; x_wconf 67' lang='lat' dir='ltr'><strong>industria:</strong></span> <span class='ocrx_word' id='word_1_800' title='bbox 3397 5139 3507 5179; x_wconf 71' lang='lat' dir='ltr'><strong>sua:</strong></span> 
     </span>
    </p>
   </div>
   <div class='ocr_carea' id='block_1_107' title="bbox 1945 5210 2591 5270">
    <p class='ocr_par' dir='ltr' id='par_1_107' title="bbox 1945 5210 2591 5270">
     <span class='ocr_line' id='line_1_107' title="bbox 1945 5210 2591 5270; baseline 0.006 -7"><span class='ocrx_word' id='word_1_801' title='bbox 1945 5210 2327 5267; x_wconf 88' lang='lat' dir='ltr'><strong>documentum</strong></span> <span class='ocrx_word' id='word_1_802' title='bbox 2353 5215 2591 5270; x_wconf 89' lang='lat' dir='ltr'><strong>ederent.</strong></span> 
     </span>
    </p>
   </div>
   <div class='ocr_carea' id='block_1_108' title="bbox 341 5548 2816 5620">
    <p class='ocr_par' dir='ltr' id='par_1_108' title="bbox 341 5548 2816 5620">
     <span class='ocr_line' id='line_1_108' title="bbox 341 5548 2816 5620; baseline 0 -17"><span class='ocrx_word' id='word_1_803' title='bbox 341 5551 386 5581; x_wconf 78' lang='lat'><strong>&quot;</strong></span> <span class='ocrx_word' id='word_1_804' title='bbox 408 5548 596 5604; x_wconf 81' lang='lat' dir='ltr'><strong>Matth.</strong></span> <span class='ocrx_word' id='word_1_805' title='bbox 639 5565 676 5614; x_wconf 84' lang='grc' dir='ltr'><strong>ι,</strong></span> <span class='ocrx_word' id='word_1_806' title='bbox 707 5551 756 5604; x_wconf 83' lang='lat' dir='ltr'><strong>l.</strong></span> <span class='ocrx_word' id='word_1_807' title='bbox 830 5551 873 5581; x_wconf 73' lang='grc' dir='ltr'><strong>⁸ο</strong></span> <span class='ocrx_word' id='word_1_808' title='bbox 903 5549 1057 5605; x_wconf 86' lang='lat' dir='ltr'><strong>.Ioan.</strong></span> <span class='ocrx_word' id='word_1_809' title='bbox 1087 5566 1122 5613; x_wconf 91' lang='lat' dir='ltr'><strong>I,</strong></span> <span class='ocrx_word' id='word_1_810' title='bbox 1154 5549 1203 5601; x_wconf 81' lang='lat' dir='ltr'><strong>l.</strong></span> <span class='ocrx_word' id='word_1_811' title='bbox 1282 5549 1323 5580; x_wconf 74' lang='lat'>&quot;</span> <span class='ocrx_word' id='word_1_812' title='bbox 1350 5548 1486 5603; x_wconf 87' lang='lat' dir='ltr'><strong>Dan.</strong></span> <span class='ocrx_word' id='word_1_813' title='bbox 1513 5548 1722 5612; x_wconf 74' lang='lat' dir='ltr'><strong>vu,-15.</strong></span> <span class='ocrx_word' id='word_1_814' title='bbox 1798 5550 1840 5580; x_wconf 70' lang='grc'><strong>⁸⁸</strong></span> <span class='ocrx_word' id='word_1_815' title='bbox 1865 5549 2007 5605; x_wconf 80' lang='lat' dir='ltr'><strong>Psal.</strong></span> <span class='ocrx_word' id='word_1_816' title='bbox 2035 5565 2093 5614; x_wconf 88' lang='lat' dir='ltr'><strong>tt,</strong></span> <span class='ocrx_word' id='word_1_817' title='bbox 2118 5551 2168 5606; x_wconf 88' lang='lat'><strong>8.</strong></span> <span class='ocrx_word' id='word_1_818' title='bbox 2265 5548 2347 5600; x_wconf 73' lang='lat' dir='ltr'><strong>“l</strong></span> <span class='ocrx_word' id='word_1_819' title='bbox 2374 5548 2566 5605; x_wconf 86' lang='lat' dir='ltr'><strong>Thess.</strong></span> <span class='ocrx_word' id='word_1_820' title='bbox 2624 5549 2816 5620; x_wconf 60' lang='grc' dir='ltr'>ινηίδ.</span> 
     </span>
    </p>
   </div>
   <div class='ocr_carea' id='block_1_109' title="bbox 342 5762 1820 5836">
    <p class='ocr_par' dir='ltr' id='par_1_109' title="bbox 342 5762 1820 5836">
     <span class='ocr_line' id='line_1_109' title="bbox 342 5762 1820 5836; baseline -0.003 -16"><span class='ocrx_word' id='word_1_821' title='bbox 342 5765 452 5836; x_wconf 85' lang='grc'><strong>(68)</strong></span> <span class='ocrx_word' id='word_1_822' title='bbox 502 5765 799 5836; x_wconf 88' lang='lat' dir='ltr'><strong>Sequentia</strong></span> <span class='ocrx_word' id='word_1_823' title='bbox 845 5762 1166 5836; x_wconf 75' lang='lat' dir='ltr'><strong>conferenda</strong></span> <span class='ocrx_word' id='word_1_824' title='bbox 1227 5770 1351 5816; x_wconf 88' lang='lat' dir='ltr'><strong>sunt</strong></span> <span class='ocrx_word' id='word_1_825' title='bbox 1409 5777 1534 5836; x_wconf 67' lang='lat' dir='ltr'><strong>cum</strong></span> <span class='ocrx_word' id='word_1_826' title='bbox 1601 5762 1820 5836; x_wconf 74' lang='lat' dir='ltr'><strong>Eusebii</strong></span> 
     </span>
    </p>
   </div>
   <div class='ocr_carea' id='block_1_110' title="bbox 276 5831 1561 5903">
    <p class='ocr_par' dir='ltr' id='par_1_110' title="bbox 276 5831 1561 5903">
     <span class='ocr_line' id='line_1_110' title="bbox 276 5831 1561 5903; baseline -0.002 -15"><span class='ocrx_word' id='word_1_827' title='bbox 276 5831 621 5903; x_wconf 63' lang='lat' dir='ltr'><strong>Theophaniie</strong></span> <span class='ocrx_word' id='word_1_828' title='bbox 664 5835 804 5903; x_wconf 86' lang='lat' dir='ltr'><strong>apud</strong></span> <span class='ocrx_word' id='word_1_829' title='bbox 850 5848 947 5888; x_wconf 79' lang='lat' dir='ltr'><strong>nos</strong></span> <span class='ocrx_word' id='word_1_830' title='bbox 989 5835 1290 5903; x_wconf 76' lang='lat' dir='ltr'><strong>fragmento</strong></span> <span class='ocrx_word' id='word_1_831' title='bbox 1317 5846 1446 5885; x_wconf 80' lang='lat' dir='ltr'><strong>ml.</strong></span> <span class='ocrx_word' id='word_1_832' title='bbox 1496 5831 1561 5885; x_wconf 86' lang='lat' dir='ltr'><strong>Et</strong></span> 
     </span>
    </p>
   </div>
   <div class='ocr_carea' id='block_1_111' title="bbox 275 5901 1819 5974">
    <p class='ocr_par' dir='ltr' id='par_1_111' title="bbox 275 5901 1819 5974">
     <span class='ocr_line' id='line_1_111' title="bbox 275 5901 1819 5974; baseline 0 -16"><span class='ocrx_word' id='word_1_833' title='bbox 275 5901 558 5963; x_wconf 70' lang='lat' dir='ltr'><strong>Eusebium</strong></span> <span class='ocrx_word' id='word_1_834' title='bbox 587 5901 782 5974; x_wconf 32' lang='lat' dir='ltr'><strong>quia—in</strong></span> <span class='ocrx_word' id='word_1_835' title='bbox 812 5903 930 5959; x_wconf 81' lang='lat' dir='ltr'><strong>aliis</strong></span> <span class='ocrx_word' id='word_1_836' title='bbox 957 5903 1210 5974; x_wconf 82' lang='lat' dir='ltr'><strong>operibus</strong></span> <span class='ocrx_word' id='word_1_837' title='bbox 1243 5901 1487 5969; x_wconf 80' lang='lat' dir='ltr'><strong>dixerat,</strong></span> <span class='ocrx_word' id='word_1_838' title='bbox 1519 5902 1819 5958; x_wconf 72' lang='lat' dir='ltr'><strong>contulisse</strong></span> 
     </span>
    </p>
   </div>
   <div class='ocr_carea' id='block_1_112' title="bbox 1935 5761 3503 5830">
    <p class='ocr_par' dir='ltr' id='par_1_112' title="bbox 1935 5761 3503 5830">
     <span class='ocr_line' id='line_1_112' title="bbox 1935 5761 3503 5830; baseline 0.001 -15"><span class='ocrx_word' id='word_1_839' title='bbox 1935 5778 2046 5816; x_wconf 89' lang='lat' dir='ltr'><strong>non</strong></span> <span class='ocrx_word' id='word_1_840' title='bbox 2073 5763 2237 5817; x_wconf 87' lang='lat' dir='ltr'><strong>semel</strong></span> <span class='ocrx_word' id='word_1_841' title='bbox 2263 5763 2314 5816; x_wconf 93' lang='lat' dir='ltr'><strong>in</strong></span> <span class='ocrx_word' id='word_1_842' title='bbox 2347 5761 2760 5830; x_wconf 77' lang='lat' dir='ltr'><strong>Theophanlnm,</strong></span> <span class='ocrx_word' id='word_1_843' title='bbox 2789 5762 2870 5818; x_wconf 87' lang='lat' dir='ltr'><strong>vel</strong></span> <span class='ocrx_word' id='word_1_844' title='bbox 2901 5763 3015 5816; x_wconf 82' lang='lat' dir='ltr'><strong>vice</strong></span> <span class='ocrx_word' id='word_1_845' title='bbox 3043 5776 3192 5818; x_wconf 81' lang='lat' dir='ltr'><strong>versa</strong></span> <span class='ocrx_word' id='word_1_846' title='bbox 3213 5803 3228 5825; x_wconf 85' lang='lat'><strong>,</strong></span> <span class='ocrx_word' id='word_1_847' title='bbox 3264 5761 3503 5816; x_wconf 78' lang='lat' dir='ltr'><strong>animad-</strong></span> 
     </span>
    </p>
   </div>
   <div class='ocr_carea' id='block_1_113' title="bbox 1603 5831 3463 5901">
    <p class='ocr_par' dir='ltr' id='par_1_113' title="bbox 1603 5831 3463 5901">
     <span class='ocr_line' id='line_1_113' title="bbox 1603 5831 3463 5901; baseline 0.001 -16"><span class='ocrx_word' id='word_1_848' title='bbox 1603 5834 1816 5901; x_wconf 86' lang='lat' dir='ltr'><strong>quidem</strong></span> <span class='ocrx_word' id='word_1_849' title='bbox 1925 5835 2085 5888; x_wconf 70' lang='lat' dir='ltr'><strong>venit</strong></span> <span class='ocrx_word' id='word_1_850' title='bbox 2113 5833 2181 5888; x_wconf 90' lang='lat' dir='ltr'><strong>cl.</strong></span> <span class='ocrx_word' id='word_1_851' title='bbox 2213 5831 2352 5886; x_wconf 85' lang='lat' dir='ltr'><strong>Lens</strong></span> <span class='ocrx_word' id='word_1_852' title='bbox 2375 5833 2424 5885; x_wconf 90' lang='lat' dir='ltr'><strong>in</strong></span> <span class='ocrx_word' id='word_1_853' title='bbox 2447 5833 2926 5901; x_wconf 72' lang='lat' dir='ltr'><strong>sua&#39;Theophanim</strong></span> <span class='ocrx_word' id='word_1_854' title='bbox 2951 5833 3171 5901; x_wconf 70' lang='lat' dir='ltr'><strong>Anglic:</strong></span> <span class='ocrx_word' id='word_1_855' title='bbox 3206 5834 3463 5888; x_wconf 87' lang='lat' dir='ltr'><strong>editione.</strong></span> 
     </span>
    </p>
   </div>
   <div class='ocr_carea' id='block_1_114' title="bbox 1994 5901 3499 5976">
    <p class='ocr_par' dir='ltr' id='par_1_114' title="bbox 1994 5901 3499 5976">
     <span class='ocr_line' id='line_1_114' title="bbox 1994 5901 3499 5976; baseline -0.001 -20"><span class='ocrx_word' id='word_1_856' title='bbox 1994 5903 2104 5975; x_wconf 81' lang='lat'><strong>(69)</strong></span> <span class='ocrx_word' id='word_1_857' title='bbox 2143 5901 2224 5959; x_wconf 82' lang='lat' dir='ltr'><strong>Cf.</strong></span> <span class='ocrx_word' id='word_1_858' title='bbox 2250 5904 2388 5971; x_wconf 86' lang='lat' dir='ltr'><strong>apud</strong></span> <span class='ocrx_word' id='word_1_859' title='bbox 2419 5918 2517 5960; x_wconf 90' lang='lat' dir='ltr'><strong>nos</strong></span> <span class='ocrx_word' id='word_1_860' title='bbox 2541 5901 2950 5974; x_wconf 78' lang='lat' dir='ltr'><strong>TbeOpItaniam,</strong></span> <span class='ocrx_word' id='word_1_861' title='bbox 2984 5906 3086 5960; x_wconf 88' lang='lat' dir='ltr'><strong>col.</strong></span> <span class='ocrx_word' id='word_1_862' title='bbox 3117 5902 3241 5968; x_wconf 79' lang='lat'><strong>687,</strong></span> <span class='ocrx_word' id='word_1_863' title='bbox 3279 5902 3374 5958; x_wconf 89' lang='lat' dir='ltr'><strong>lin.</strong></span> <span class='ocrx_word' id='word_1_864' title='bbox 3407 5901 3499 5976; x_wconf 56' lang='grc'><strong>48,</strong></span> 
     </span>
    </p>
   </div>
  </div>
