3968 6526
470 437 584 501 τοι

601 557 647 590 ιδ
697 555 902 608 Vocati:
929 563 1099 607 autem
1134 554 1308 608 decem
1332 554 1489 607 servis
1510 554 1640 617 suis,
1681 552 1824 605 dedit
1847 553 1918 608 eis

1082 626 1255 677 decem
1282 641 1448 678 muas.

556 721 659 775 Per
691 721 791 775 hos
829 719 1012 786 itaque
1058 716 1152 786 qui
1188 730 1340 770 mnas
1377 724 1736 783 acceperunt,
1762 715 2053 788 discipulos

480 828 611 870 suos
645 808 945 873 denotavit,
980 808 1179 878 quibus
1202 805 1444 877 singulas
1485 821 1639 860 muas
1673 807 1893 862 tradens
1914 847 1930 871 ,
1958 822 2054 877 pa-

480 920 703 977 remque
757 913 810 959 et
836 902 1067 958 similem
1116 900 1642 955 administrationem
1687 902 2050 966 committens,

479 995 744 1067 negotiari
783 1009 875 1048 eos
896 991 1083 1060 jussit,
1109 991 1279 1046 donec
1310 991 1425 1060 ipse
1468 991 1535 1046 de
1569 990 1859 1062 longinqua
1892 1006 2051 1061 pere-

480 1089 787 1161 grinatione
836 1084 1055 1141 rediret.
1082 1081 1386 1154 Negotiatio
1408 1093 1586 1138 autem
1619 1082 1757 1137 nulla
1785 1082 1889 1138 alia
1911 1094 2049 1150 erat,

480 1182 584 1237 nisi
618 1180 767 1251 regni
800 1178 921 1248 ejus
942 1175 1256 1247 praedicatio
1296 1175 1362 1228 ad
1392 1188 1581 1229 omnes
1610 1174 1857 1229 homines
1902 1191 1931 1229 a
1970 1176 2052 1229 di-

477 1272 699 1343 scipulis
722 1270 833 1325 suis
862 1267 1185 1339 peragenda.
1216 1266 1386 1321 Porro
1413 1281 1575 1319 unum
1607 1264 1735 1334 quid
1767 1266 1868 1320 hoc
1908 1276 2049 1331 erat,

479 1365 603 1433 quia
634 1378 798 1417 unum
831 1361 1073 1415 omnium
1100 1359 1471 1427 magisterium
1491 1398 1506 1421 ,
1539 1372 1646 1412 una
1690 1357 1822 1414 lides
1846 1400 1860 1423 ,
1886 1376 2049 1414 unum

474 1457 740 1527 baptisma
765 1494 779 1517 ,
814 1469 917 1508 una
950 1451 1195 1507 doctrina
1237 1451 1303 1505 ⁸³.
1352 1450 1643 1519 Propterea
1681 1467 1782 1505 una
1832 1453 2047 1522 quidem

476 1549 800 1615 mna,varia
832 1556 1011 1599 tamen
1063 1559 1223 1614 opera
1266 1544 1483 1609 evasit,
1530 1545 1825 1613 negotiatio
1866 1544 2047 1614 splen-

475 1644 620 1707 dida,
659 1653 713 1696 et
746 1640 865 1708 ejus
901 1640 975 1693 rei
1013 1638 1222 1694 fructus
1249 1639 1423 1692 dives.
1450 1638 1627 1705 Atque
1654 1637 1849 1691 horum
1882 1652 2047 1692 causa

474 1734 823 1802 longinquam
858 1730 1348 1803 peregrinationem
1395 1728 1590 1783 nobilis
1630 1728 1719 1783 ille
1751 1729 1832 1782 vir
1870 1743 2050 1782 susce-

472 1830 570 1899 pit.
624 1827 776 1882 Unde
828 1825 1029 1880 dictum
1070 1835 1153 1879 est
1194 1822 1304 1876 eia
1354 1821 1561 1877 Patre:
1610 1820 1743 1877 Sede
1785 1840 1816 1876 a
1849 1821 2047 1875 dextris

1158 431 1425 487 ElTSEBll
1466 426 1939 486 CASSARIENSIS
1977 431 2126 489 OPP.
2158 428 2349 488 PARS
2386 433 2475 489 Ill.
2506 463 2573 474 —-
2612 430 3026 490 EXEGETICA.

2087 557 2134 614 Α
2160 555 2437 618 Καλέσας
2464 553 2533 607 δὲ
2554 554 2699 608 δέκα
2731 553 2991 617 δούλους
3020 552 3257 618 ἑαυτοῦ,
3282 553 3502 607 ἔδωκεν
3523 552 3739 619 αὐτοῖς

3623 438 3739 495 592

2769 623 2913 677 δέκα
2956 622 3135 692 μνᾶς.

2242 718 2534 788 Ἑσήμαινε
2565 717 2741 770 τοίνυν
2766 716 2855 769 διὰ
2882 715 2990 768 τῶν
3028 716 3299 770 λαθόντων
3324 715 3421 780 τὰς
3450 716 3585 787 μνᾶς
3602 718 3737 781 τοὺς

2159 810 2353 864 ἐαυτοῦ
2392 810 2655 882 μαθητὰς,
2682 807 2763 873 οἷς
2790 808 2893 863 ἀνά
2938 809 3065 880 μίαν
3098 811 3231 880 μνᾶν
3277 808 3570 881 παραδοὺς.
3608 809 3737 879 ἴσην

2158 920 2216 956 τε
2238 904 2330 956 καὶ
2343 903 2532 974 ὁμοίαν
2558 905 2722 958 πᾶσιν
2750 903 3056 974 ἐγχειρίσας
3084 903 3185 975 τὴν
3211 902 3515 973 οἰκονομίαν
3534 941 3550 967 ,
3585 919 3733 973 πρα-

2158 996 2565 1068 γματεύσασθαι
2582 995 3035 1069 παρεκελεύσατο,
3073 994 3177 1059 ἕως
3222 994 3331 1067 (70)
3362 992 3427 1048 ἂν
3462 992 3735 1063 ἐπανέλθῃ

2157 1091 2257 1161 τῆς
2286 1091 2501 1162 μακρᾶς
2526 1090 2851 1162 ἀποδημίας.
2891 1090 2956 1143 Ἦ
2990 1089 3046 1142 δὲ
3072 1086 3420 1161 πραγματεία
3456 1086 3556 1139 οὐκ
3592 1085 3732 1157 άλλη

2156 1202 2240 1248 τις
2259 1179 2327 1255 ἦν
2348 1183 2481 1237 ἀλλά
2504 1184 2565 1237 τὸ
2596 1185 2855 1256 κήρυγμα
2876 1183 2936 1237 τὸ
2963 1183 3088 1253 περὶ
3116 1182 3215 1252 τῆς
3246 1179 3411 1234 αὐτοῦ
3456 1179 3735 1250 βασιλείας

2157 1279 2237 1340 εἰς
2264 1277 2470 1341 πάντας
2507 1276 2824 1348 ἀνθρώπους
2856 1276 2959 1330 ὑπὸ
3003 1274 3112 1328 τῶν
3145 1273 3324 1327 αὐτῶν
3354 1271 3518 1327 αὐτοῦ
3551 1273 3736 1345 μαθη-

2155 1369 2265 1421 τῶν
2291 1370 2748 1441 κατηγγελμένον.
2786 1370 2923 1423 Ἀλλ’
2952 1368 3009 1423 ἐν
3035 1365 3130 1439 μὲν
3162 1363 3229 1439 ἦν
3259 1365 3439 1433 τοῦτο,
3474 1368 3595 1420 ἐπεὶ
3634 1368 3735 1421 καὶ

2161 1463 2257 1534 μία
2281 1462 2386 1517 τῶν
2420 1464 2634 1518 πάντων
2658 1462 2993 1525 διδασκαλία,
3024 1462 3118 1515 καὶ
3156 1459 3253 1531 μία
3303 1460 3503 1523 πίστις,
3545 1460 3641 1513 καὶ
3670 1460 3733 1512 ἓν

2159 1557 2437 1628 βάπτισμα
2470 1557 2563 1610 καὶ
2582 1559 2609 1611 6
2635 1557 2793 1622 αὐτὸς
2824 1556 2978 1626 λόγος
3001 1555 3111 1627 (71)
3132 1572 3145 1584 ·
3180 1553 3260 1606 διὸ
3288 1552 3381 1607 καὶ
3405 1554 3501 1624 μία
3534 1554 3568 1625 ἡ
3598 1554 3731 1624 μνᾶ,

2155 1649 2411 1721 διάφορος
2437 1649 2493 1702 δέ
2518 1649 2701 1712 αὐτοῖς
2719 1652 2753 1721 ἡ
2772 1650 3005 1722 ἐργασία
3031 1648 3267 1719 ἐγένετο,
3284 1646 3379 1700 καὶ
3406 1647 3439 1718 ἠ
3470 1663 3735 1718 πραγμα-

2152 1741 2273 1794 τεία
2292 1741 2540 1813 λαμπρὰ,
2581 1742 2608 1794 ὅ
2645 1743 2691 1793 τ’
2722 1742 2816 1795 ἐπὶ
2861 1740 3033 1816 ταύτῃ
3078 1741 3245 1812 πόρος
3288 1738 3559 1803 πλούσιος.
3617 1738 3732 1793 Καὶ

2153 1830 2328 1885 ταῦτα
2350 1831 2447 1901 μὲν
2479 1826 2546 1902 ἦν
2580 1824 2652 1884 ὧν
2690 1830 2853 1885 ἓνεκα
2876 1830 2972 1902 τὴν
2996 1830 3211 1903 μακράν
3253 1829 3471 1900 πορείαν
3506 1828 3534 1879 6
3566 1828 3727 1896 εὐγε-

472 1922 621 1985 meis,
659 1919 821 1971 donec
861 1932 1052 1983 ponam
1084 1915 1322 1968 inimicos
1374 1922 1491 1967 tuo:
1528 1912 1812 1967 scabellum
1853 1913 2037 1982 pedum

2145 1924 2242 1995 νὴς
2275 1924 2553 1977 ἐστέλλετο
2596 1925 2901 1997 ἄνθρωπος.
2946 1924 3107 1977 ’Ὅθεν
3156 1922 3372 1991 ἐλέγετο
3421 1921 3569 1992 αὐτῷ
3623 1921 3730 1974 ὑπὸ

468 2011 759 2067 tuorum“.
790 2010 1019 2076 Quinam
1046 2022 1173 2061 vero
1204 2008 1313 2062 sint
1336 2005 1390 2061 lii
1419 2006 1646 2072 inimici,
1675 2006 1721 2061 si
1754 2007 1875 2075 quis
1900 2006 2043 2059 scire

468 2109 613 2165 avet,
649 2098 922 2169 parabolae
949 2104 1238 2152 contextus
1284 2096 1530 2159 docebit,
1564 2096 1651 2150 ubi
1696 2098 1844 2150 cives
1886 2096 2043 2150 indu-

465 2204 665 2247 cuntur
695 2190 837 2260 regis
864 2204 1082 2254 osores,
1118 2190 1343 2258 ejusque
1390 2188 1676 2258 imperium
1727 2188 2039 2243 detrectan-

466 2298 572 2350 tes,
605 2283 899 2341 eteﬂ'ronti
950 2282 1178 2337 audacia
1227 2281 1527 2351 elfrenique
1585 2297 1681 2336 ore
1745 2282 2036 2339 dicentes:

462 2379 727 2434 Nolumus
769 2376 913 2432 hunc
941 2387 1169 2444 regnare
1201 2387 1363 2442 super
1414 2388 1533 2428 nos.
1594 2373 1698 2429 Sed
1731 2375 1822 2439 lii,
1872 2390 2044 2444 quan-

463 2488 625 2543 quam
657 2472 825 2534 cives,
868 2483 1051 2539 regem
1105 2468 1381 2533 abnuuut;
1421 2466 1535 2536 ipse
1587 2478 1768 2524 autem
1815 2484 1845 2523 a
1879 2468 2042 2524 Patre

461 2565 618 2619 audit
652 2586 665 2621 :
695 2562 835 2619 Sede
887 2576 915 2613 a
951 2559 1155 2614 dextris
1173 2559 1328 2620 meis,
1371 2560 1541 2615 donec
1593 2560 1688 2614 tibi
1731 2562 1914 2615 hostes
1953 2575 2043 2629 pe-

460 2655 620 2711 dibus
659 2661 1066 2724 supponantur;
1102 2654 1340 2723 itemque
1376 2669 1391 2707 :
1438 2652 1720 2708 Dominari.
1762 2655 1819 2707 in
1865 2654 2037 2707 medio

460 2732 794 2801 iiiﬁnicorum
831 2756 1044 2799 tuorum
1068 2745 1135 2799 ‘7.

2146 2014 2242 2068 τοῦ
2291 2015 2502 2086 Πατρός
2536 2033 2549 2045 ³
2580 2013 2776 2069 Κάθου
2825 2015 2893 2068 ἐκ
2939 2012 3150 2077 δεξιῶν
3185 2030 3327 2081 μου,
3374 2010 3485 2075 ἕως
3533 2009 3613 2063 ἂν
3644 2008 3728 2063 θῶ

2147 2107 2290 2171 τοὺς
2337 2108 2586 2176 ἐχθρούς
2631 2123 2747 2161 σου
2792 2105 3124 2161 ὑποπόδιον
3167 2104 3288 2158 τῶν
3329 2103 3529 2157 ποδῶν
3583 2116 3723 2155 σου.

2147 2203 2338 2265 Ποίους
2359 2204 2436 2267 δὲ,
2463 2203 2626 2267 εἴτις
2664 2202 2886 2256 πύθοιτο
2924 2201 3114 2274 μαθεῖν
3157 2201 3374 2267 ἐθέλων,
3412 2198 3661 2270 ἐχθροὺς,
3695 2194 3729 2248 ὁ

2147 2293 2234 2347 διὰ
2268 2290 2367 2365 τῆς
2421 2294 2736 2366 παραϐολῆς
2775 2292 2972 2359 διδάξει
3006 2292 3195 2361 λόγος,
3244 2290 3579 2363 συμπολίτας
3614 2290 3728 2341 εἰσ-

2149 2386 2298 2455 ἀγων
2323 2387 2416 2439 τοῦ
2452 2386 2714 2457 βασιλέως
2748 2385 3033 2457 μισοῦντας
3050 2380 3209 2438 αὐτὸν
3238 2384 3330 2437 καὶ
3357 2380 3732 2454 παραιτουμέ-

2147 2491 2272 2542 νους
2303 2479 2466 2533 αὑτοῦ
2499 2478 2596 2551 τὴν
2634 2479 2827 2550 ἀρχὴν,
2853 2479 3032 2548 γυμνῇ
3055 2492 3113 2530 τε
3142 2478 3207 2547 τῇ
3242 2474 3448 2545 κεφαλῇ
3470 2473 3728 2541 λέγοντας

2144 2572 2239 2625 καὶ
2261 2571 2499 2644 ἀχαλίνῳ
2524 2574 2785 2644 στόματι·
2812 2572 2884 2624 Οὐ
2922 2570 3148 2641 θέλομεν
3191 2552 3379 2622 τοῦτον
3421 2565 3727 2638 βασιλεύειν

2143 2663 2232 2732 ἐφ’
2270 2666 2435 2734 ἡμᾶς.
2499 2665 2636 2717 Ἀλλ’
2666 2665 2716 2717 οἱ
2756 2662 2874 2735 μέν,
2921 2662 3124 2732 καίπερ
3162 2658 3313 2723 ὄντες
3356 2656 3591 2723 πολῖται,
3632 2655 3728 2709 τὸν

2145 2748 2367 2817 βασιλέα
2400 2750 2677 2823 ἠρνοῦντο,
2711 2752 2739 2803 6
2771 2750 2827 2804 δέ
2860 2748 2963 2803 ὑπὸ
2993 2748 3087 2803 τοῦ
3123 2747 3333 2819 Πατρδς
3376 2745 3581 2800 ἀκούειο
3609 2746 3728 2799 Κά-

461 2838 555 2891 θου
590 2839 655 2890 ἐκ
692 2834 880 2900 δεξιῶν
924 2849 1046 2906 μου,
1083 2835 1187 2899 ἕως
1236 2836 1299 2888 ἂν
1344 2837 1448 2889 ὑπὸ
1497 2836 1662 2901 πόδας
1719 2836 1947 2890 τεθῶσιν
1994 2838 2043 2891 οἱ
2080 2838 2266 2911 ἐχθροί
2319 2858 2432 2896 σου’
2470 2844 2584 2895 καί⁹
2613 2842 3016 2911 Κατακυρίευε
3051 2841 3121 2893 ἐν
3148 2840 3316 2910 μέσῳ
3352 2836 3470 2891 τῶν
3492 2834 3729 2905 ἐχθρῶν

458 2951 597 2990 σου.

529 3030 651 3086 Jam
683 3031 807 3101 quia
843 3045 1067 3101 regnum
1105 3028 1221 3098 ejus
1260 3030 1570 3085 abnuerunt
1616 3031 1822 3086 inimici
1864 3031 2035 3102 ipsius

459 3124 629 3189 cives,
664 3124 858 3177 merito
892 3123 973 3177 eis
999 3122 1220 3175 aiebat:
1257 3122 1546 3189 Auferetur
1572 3141 1604 3176 a
1636 3123 1776 3177 vobis
1822 3141 2035 3192 regnum

2225 3032 2379 3085 Ἐπεὶ
2404 3029 2460 3085 δὲ
2496 3032 2708 3104 ἔξαρνοι
2747 3033 2849 3103 τῆς
2880 3031 3153 3102 βασιλείας
3190 3028 3354 3082 αὐτοῦ
3393 3028 3640 3096 ἐγένοντο
3664 3025 3726 3078 οἱ

2144 3122 2327 3197 ἐχθροὶ
2361 3125 2525 3179 αὐτοῦ
2561 3125 2795 3188 πολῖται,
2831 3124 3053 3187 εἰκότως
3082 3123 3217 3195 πρὸς
3241 3122 3435 3183 αὐτοὺς
3461 3119 3719 3189 ἔφασκεν·

460 3217 579 3279 Dei.
613 3228 660 3271 et
691 3218 904 3270 dabitur
940 3218 1077 3287 genti
1122 3218 1339 3285 facienti
1391 3218 1594 3274 fructus
1630 3219 1746 3287 ejus
1769 3220 1832 3275 ‘3.
1877 3220 2036 3287 Qua:-

2157 3216 2493 3287 Ἁρθήσεται
2532 3217 2631 3286 ἀφ’
2662 3216 2830 3287 ὑμῶν
2870 3216 2909 3283 ἢ
2951 3215 3239 3281 ,βασιλεία
3271 3213 3375 3268 τοῦ
3414 3211 3583 3274 Θεοῦ,
3620 3209 3723 3265 καὶ

458 3324 584 3363 nam
615 3322 743 3363 vero
768 3318 913 3363 esset
953 3324 1083 3380 gens
1115 3324 1281 3380 regno
1326 3311 1485 3379 digna
1511 3350 1526 3374 ,
1572 3310 1898 3380 significavit
1946 3314 2035 3382 qui

2145 3306 2459 3377 δοθήσεται
2506 3311 2664 3365 ἔθνει
2710 3311 2978 3365 ποιοῦντι
3024 3309 3166 3375 τοὺς
3209 3308 3473 3377 καρποὺς
3508 3306 3720 3375 αὐτῆς.

459 3401 598 3456 dixit
641 3417 655 3454 :
696 3399 915 3455 Postula
954 3420 986 3456 a
1010 3419 1126 3467 me,
1167 3413 1213 3455 et
1248 3402 1382 3455 dabo
1410 3404 1504 3455 tibi
1537 3411 1712 3471 gentes
1752 3405 2038 3459 [neredita-

457 3503 559 3545 tem
580 3502 747 3548 tuam.
784 3493 1198 3550 Demonstrabat
1226 3503 1427 3556 autem.
1452 3496 1597 3549 cives
1623 3494 1874 3552 inimicos
1898 3496 2036 3564 ejus,

458 3586 602 3638 haud
630 3585 765 3645 alios
786 3600 906 3641 esse
947 3600 1111 3655 quam
1146 3586 1454 3642 Judaeorum
1492 3597 1731 3657 gentem,
1755 3589 1845 3658 qui
1876 3587 2037 3655 primi

458 3688 487 3725 a
522 3674 825 3731 Servatoris
848 3678 1019 3748 gratia
1066 3678 1324 3748 przeventi
1364 3678 1641 3732 contraria
1684 3679 1731 3732 ei
1770 3680 2036 3734 retribue-

457 3775 608 3820 runt.
649 3765 773 3821 ldeo
807 3769 872 3822 de
902 3768 1036 3838 ipsis
1080 3768 1395 3839 pr0phetice
1454 3768 1637 3822 aiebat
1671 3785 1683 3821 :
1726 3767 1859 3821 Mala
1903 3769 2035 3823 mihi

456 3858 833 3914 retribuerunt
864 3876 877 3912 :
913 3876 1014 3932 pro
1048 3875 1113 3917 eo
1141 3871 1196 3915 ut
1227 3876 1311 3915 me
1336 3860 1648 3931 diligerent,
1680 3860 2037 3915 detrahebant

458 3951 623 4018 milii,
661 3960 717 4006 et
772 3956 943 4023 gratis
995 3961 1461 4024 oppugnaverunt,
1511 3952 1804 4022 dolosaque
1854 3951 2035 4020 lingua

455 4052 646 4099 contra
675 4060 760 4100 me
786 4054 909 4099 sunt
936 4045 1095 4101 locuti
1119 4087 1134 4110 ,
1162 4056 1218 4101 et
1248 4043 1594 4099 sermonibus
1640 4044 1750 4097 odii
1797 4043 2035 4098 circum-

455 4137 717 4191 dederunt
745 4153 829 4192 me
852 4137 933 4204 ";
994 4154 1188 4208 nempe
1234 4137 1564 4208 blasphemis
1616 4151 1755 4207 quos
1808 4137 1862 4190 in
1909 4150 2033 4190 eum

448 4228 676 4298 jacnlari
722 4229 897 4285 solent
922 4232 1285 4298 sermonibus,
1317 4232 1676 4299 inipreeantes
1705 4229 1779 4294 ei,
1811 4228 2035 4299 ipsoque

453 4335 617 4390 opere
640 4323 1027 4392 propemodum
1050 4323 1291 4378 dicentes
1321 4338 1335 4375 :
1367 4322 1623 4378 Nolumus
1645 4322 1787 4377 hunc
1809 4337 2034 4391 regnare

457 4426 766 4481 supernos.
800 4412 1088 4482 Propterea
1119 4430 1224 4469 non
1255 4428 1421 4483 regno
1472 4422 1679 4468 tantum
1723 4412 2034 4484 spoliaban-

456 4513 579 4568 tur,
617 4520 801 4559 verum
835 4508 1000 4560 etiam
1043 4506 1280 4560 debitam
1337 4505 1601 4576 impietati
1654 4520 1766 4559 suae
1813 4519 2033 4574 pinnam

2140 3404 2297 3456 Ποῖον
2322 3403 2377 3457 δὲ
2406 3399 2475 3475 ἦν
2507 3400 2565 3456 τὸ
2599 3402 2747 3466 ἔθνος
2780 3402 2838 3455 τὸ
2872 3402 2972 3471 τῆς
3018 3401 3293 3473 βασιλείας
3329 3401 3497 3467 ἀξιον,
3532 3399 3723 3472 ἐδήλου

2136 3495 2166 3550 ὁ
2195 3495 2394 3552 εἰπών’
2430 3496 2686 3566 Αἵτησαι
2719 3496 2854 3564 παρ’
2886 3495 3052 3564 ἐμοῦ,
3094 3496 3193 3549 καὶ
3234 3494 3407 3547 δώσω
3435 3509 3535 3547 σοι
3571 3493 3721 3560 ἔθνη

2135 3588 2253 3657 τὴν
2281 3587 2685 3656 κληρονομίαν
2708 3601 2844 3639 σου.
2895 3586 3113 3657 Ἐδήλου
3142 3587 3197 3640 δὲ
3235 3584 3456 3645 πολίτας
3494 3581 3722 3653 ἐχθροὺς

2138 3676 2301 3731 αὐτοῦ
2324 3676 2420 3748 οὐχ
2442 3676 2662 3750 ἐτέρους
2684 3676 2777 3729 τοῦ
2815 3674 3079 3729 Ἰουδαίων
3119 3675 3322 3739 ἔθνους,
3356 3670 3405 3727 οἳ
3439 3671 3522 3743 δὴ,
3559 3669 3715 3742 πρῶ-

2134 3786 2218 3822 τοι
2250 3768 2349 3839 τῆς
2378 3766 2475 3821 τοῦ
2512 3769 2761 3839 Σωτῆρος
2802 3767 3021 3839 χάριτος
3052 3765 3361 3838 ἠξιωμένοι,
3404 3766 3517 3827 τοῖς
3563 3765 3715 3816 ἐνανο

2136 3858 2269 3923 τίοις
2302 3856 2463 3915 αὐτὸν
2507 3858 2800 3931 ἠμύναντο.
2849 3856 2941 3912 Διὸ
2980 3860 3106 3932 περλ⁵
3150 3857 3327 3911 αὐτῶν
3368 3852 3721 3925 προφητικῶς

2138 3954 2348 4022 ελεγενο
2394 3951 2893 4008 Ἀνταπεδίδοσάν
2908 3969 3009 4023 μοι
3038 3950 3288 4020 ator-npti-
3314 3947 3447 4002 ἀντὶ
3479 3943 3721 4017 ἀγαπᾷν

2130 4064 2229 4117 με,
2264 4045 2655 4101 ἐνδιέϐαλλόν
2677 4062 2774 4115 με,
2804 4044 2903 4099 καὶ
2930 4042 3319 4113 ἐπολέμησαν
3341 4036 3584 4108 δωρεὰν,
3614 4037 3713 4091 καί

2134 4139 2451 4207 ἐλάλησαν
2488 4139 2616 4190 κατ’
2666 4136 2814 4207 ἐμοῦ
2864 4135 3111 4206 γλώσσῃ
3152 4134 3347 4201 δολίᾳ,
3390 4130 3488 4185 καὶ
3509 4131 3715 4200 λόγοις

2130 4233 2354 4302 μίσους
2402 4231 2780 4283 ἐκύκλωσαν
2831 4228 2897 4282 δι’
2936 4220 3011 4281 ὧν
3056 4222 3452 4298 προϐάλλεσθαι
3489 4221 3713 4275 εἰώθασι

2136 4322 2257 4374 κατ’
2287 4320 2454 4374 αὑτοῦ
2499 4319 2833 4391 βλασφήμων
2864 4317 3057 4386 λόγων,
3095 4312 3479 4386 κατευχόμενοί
3511 4330 3568 4366 τε
3610 4312 3711 4366 αὑ-

2136 4411 2251 4475 τοῦ,
2282 4411 2376 4464 καὶ
2413 4409 2570 4481 μόνον
2603 4411 2703 4463 οὑκ
2732 4410 2914 4472 αὐτοῖς
2952 4404 3200 4476 λέγοντες
3246 4408 3356 4467 τοῖς
3391 4403 3603 4473 ἔργοις’
3635 4399 3711 4455 Οὐ

2137 4502 2363 4575 θέλομεν
2388 4501 2576 4555 τοῦτον
2607 4498 2922 4572 βασιλεῦσαι
2948 4500 3031 4568 ἐφ’
3053 4498 3217 4569 ἡμᾶς.
3248 4496 3340 4548 Διὸ
3456 4495 3515 4548 οὐ
3549 4492 3714 4564 μόνον

455 4594 715 4650 referent.
767 4595 926 4652 Cives
987 4612 1115 4653 vero
1166 4597 1284 4651 illos
1340 4596 1394 4651 in
1463 4594 1718 4666 parabola
1772 4593 2029 4665 appellat,

2145 4596 2235 4666 τῆς
2259 4595 2532 4666 βασιλείας
2558 4593 2999 4666 στερηθήσονται,
3030 4590 3166 4644 ἀλλά
3206 4587 3299 4643 καὶ
3335 4587 3605 4641 πείσονται
3641 4586 3713 4640 τά

454 4688 654 4758 quippe
681 4702 747 4743 ex
771 4689 959 4742 eadem
990 4688 1318 4759 cognatione
1354 4687 1617 4743 oriundos
1641 4727 1656 4752 ,
1682 4686 1939 4757 quoniam
1978 4696 2033 4740 et

454 4781 569 4851 ipse
596 4797 662 4835 ex
690 4780 878 4836 iisdem
918 4782 1356 4852 progenitoribus
1379 4795 1551 4851 genus
1574 4780 1806 4836 ducebat
1841 4794 2031 4835 secun-

452 4876 579 4932 dum
608 4876 789 4930 carnis
816 4876 1178 4941 nativitatem,
1203 4887 1257 4932 et
1276 4877 1400 4947 quia
1426 4891 1579 4943 teque
1604 4874 1703 4930 sub
1727 4873 1841 4945 lege
1865 4873 2029 4929 vitam

452 4968 706 5040 degebat.
748 4968 925 5038 Atque
971 4969 1083 5022 limc
1128 4968 1286 5039 primi
1333 4967 1449 5038 ejus
1493 4969 1756 5022 adventus
1814 4967 2027 5036 propria

452 5065 619 5122 suum
660 5058 789 5128 Qua:
830 5076 951 5115 cum
992 5062 1249 5115 Servatur
1298 5060 1370 5114 ita
1430 5060 1745 5123 docuisset,
1778 5058 2028 5126 deinceps

448 5153 685 5209 reditum
732 5170 888 5209 suum
929 5153 1223 5225 gloriosum
1267 5163 1431 5223 atque
1462 5150 1692 5221 regalem
1743 5151 1904 5212 sistit,
1950 5158 2029 5204 te-

451 5258 604 5303 stans
650 5245 766 5301 fore
818 5254 879 5299 ut
924 5246 991 5300 de
1041 5244 1294 5300 omnibus
1344 5253 1471 5298 tunc
1509 5242 1713 5311 justum
1765 5241 2026 5311 judicium

450 5348 725 5394 exerceat.
757 5338 892 5394 Nam
927 5339 993 5395 iis
1017 5338 1108 5410 qui
1141 5338 1280 5393 bene
1302 5350 1363 5391 ac
1390 5335 1620 5390 Iidelitcr
1658 5350 1840 5387 mnam
1888 5333 2024 5387 mul-

452 5429 849 5498 tiplicaverint,
890 5446 1189 5502 congruum
1237 5429 1515 5501 prmmium
1567 5427 1885 5489 conferens,
1921 5425 2020 5480 do-

450 5522 650 5575 minari
680 5537 862 5577 secum
890 5529 945 5580 et
970 5536 1308 5593 conregnare
1330 5519 1589 5577 concedet
1632 5538 1646 5575 :
1694 5520 1742 5573 ei
1777 5533 1903 5573 vero
1926 5516 2018 5587 qui

450 5626 550 5681 per
577 5615 879 5669 socordiam
920 5624 1083 5686 atque
1120 5612 1392 5682 ignaviam
1428 5611 1756 5667 dominicum
1798 5609 2019 5664 manda-

2131 4690 2385 4762 ἐπίχειρα
2415 4689 2515 4758 τῆς
2542 4686 2720 4739 αὐτῶν
2756 4683 3090 4747 δυσσεϐείας.
3140 4681 3370 4746 Πολίτας
3410 4680 3467 4733 δὲ
3514 4679 3710 4742 αὐτοὺς

2128 4780 2217 4834 διὰ
2250 4782 2348 4851 τῆς
2384 4777 2701 4851 παραϐολῆς
2740 4774 3044 4847 ὠνόμαζεν,
3080 4775 3173 4828 ἀτε
3206 4774 3270 4845 δὴ
3310 4774 3374 4827 ἐκ
3404 4772 3505 4842 τῆς
3537 4770 3710 4841 αὐτῆς

2127 4868 2482 4942 ὁρμωμένους
2506 4868 2653 4938 αὐτῷ
2684 4865 3021 4936 συγγενείας·
3053 4866 3175 4917 ἐπεὶ
3206 4864 3298 4917 καὶ
3327 4862 3485 4925 αὐτὸς
3513 4863 3576 4915 ἐκ
3600 4861 3709 4914 τῶν

2128 4963 2306 5017 αὐτῶν
2331 4959 2555 5035 ὡρμᾶτο
2583 4960 2943 5032 προπατόρων
2973 4958 3113 5012 κατά
3132 4959 3230 5029 τὴν
3257 4956 3515 5028 ἐνσαρκον
3542 4953 3706 5007 αὑτοῦ

2127 5054 2359 5124 γένεσιν,
2392 5054 2484 5107 καὶ
2514 5048 2740 5122 ἐπείπερ
2772 5050 2871 5120 τῆς
2899 5050 3130 5121 νομίμου
3160 5048 3357 5120 ὁμοίως
3380 5048 3560 5110 αὐτοῖς
3582 5064 3708 5117 μετ-

2124 5146 2209 5219 ῄει
2248 5146 2537 5209 πολιτείας.
2587 5144 2771 5198 Ταῦτα
2818 5143 2915 5214 μὲν
2957 5138 3049 5195 οὖν
3095 5140 3475 5213 παραστατικά
3520 5139 3585 5193 ἂν
3618 5139 3700 5210 εῐη

2124 5241 2224 5310 τῆς
2259 5237 2479 5310 πρώτης
2508 5234 2671 5290 αὐτοῦ
2698 5235 2954 5304 ἀφίξεως.
2994 5234 3147 5287 Ἐπεὶ
3173 5233 3228 5285 δὲ
3255 5230 3427 5286 ταῦτα
3458 5232 3486 5283 ὁ
3510 5229 3700 5301 Σωτὴρ

2130 5330 2317 5384 τοῦτον
2352 5328 2554 5395 ἐδίδαξε
2586 5326 2677 5380 τὸν
2700 5327 2919 5398 τρόπον,
2961 5324 3267 5386 ἀκολούθως
3313 5321 3411 5393 τὴν
3448 5319 3701 5374 ἐπάνοδον

2131 5423 2295 5477 αὐτοῦ
2315 5422 2413 5494 τὴν
2442 5421 2649 5485 ἔνδοξον
2680 5420 2774 5473 xui.
2803 5418 3087 5491 βασιλικὴν
3134 5416 3392 5488 παρίστη,
3429 5414 3698 5487 μαρτυρό-

2130 5535 2287 5589 μενος
2326 5515 2517 5568 ὁποίαν
2563 5514 2683 5568 τότε
2722 5513 3005 5582 ποιήσεται
3046 5511 3144 5583 τὴν
3188 5510 3328 5565 κατά
3369 5508 3586 5562 πάντων
3623 5507 3700 5561 διο

2124 5606 2466 5679 καιοκρισίαν
2488 5623 2501 5635 °
2534 5608 2645 5669 τοῖς
2682 5605 2777 5676 μὲν
2812 5605 2919 5676 γὰρ
2952 5600 3011 5657 εὖ
3054 5605 3149 5657 καὶ
3189 5602 3393 5667 πιστῶς
3430 5601 3526 5673 τὴν
3564 5600 3702 5672 μνᾶν

518 5773 567 5805 ⁸⁸
594 5770 727 5827 Luc.
755 5788 868 5838 xix,
896 5773 982 5829 15.
1058 5776 1102 5809 ⁸⁵
1128 5775 1324 5847 Ephes.
1353 5792 1426 5844 tv,
1450 5776 1503 5831 5.
1580 5776 1624 5807 “
1649 5774 1790 5832 Psal.
1816 5792 1923 5841 eis,
1952 5775 2000 5831 l.

2154 5775 2283 5837 ibid,
2308 5775 2365 5832 9..
2443 5775 2487 5807 “
2516 5774 2701 5833 Matth.
2727 5792 2838 5843 xxi,
2865 5776 2958 5830 45.
3031 5772 3237 5830 "Psal.
3259 5786 3411 5839 cvm,
3433 5768 3491 5825 2.

520 5895 632 5968 (70)
655 5895 788 5953 Cod.
827 5896 957 5951 ἐστ’.

2199 5896 2309 5967 (1|)
2334 5895 2410 5951 lta
2438 5897 2559 5952 cod.
