3968 6512
258 474 388 531 593

1468 464 1965 532 COMMENTARIA
2003 478 2071 533 IN
2111 460 2373 538 LUCAM.

3430 483 3539 538 594

252 594 759 651 πολυπλασιάσασι
790 595 887 665 τὴν
933 594 1246 666 πρέπουσαν
1292 594 1572 658 ἀποδιδοὺς
1612 593 1864 664 ἀμοιϐὴν,

1973 604 2083 650 tum
2114 596 2435 667 neglexerit,
2477 608 2533 651 et
2563 597 2721 653 otiari
2764 597 3056 667 feriarique
3090 596 3413 665 pratulerit,
3439 613 3535 650 ne-

251 685 577 758 συνάρχειν
624 685 770 757 αύτῷ
807 687 899 740 καὶ
949 686 1364 756 συμϐασιλεύειν
1414 687 1728 758 ἐπιτρέψει·
1783 685 1861 756 τῷ

1969 703 2073 757 que
2110 689 2421 758 negotiandi
2455 689 2693 743 laborem
2737 688 2978 759 perferre
3002 690 3253 753 voluerit,
3280 692 3534 746 acerbam

246 778 317 833 εδ
348 781 490 834 κατ’
518 781 672 834 δκνον
700 779 795 835 καὶ
825 778 1091 851 ῥαθυμίαν
1115 778 1408 849 ἠμεληκότι
1435 779 1535 849 τῆς
1556 779 1646 831 τοῦ
1667 781 1865 833 Δεσπὸ-
1973 794 2189 846 ρωηοηι
2216 780 2471 847 imponet.

247 886 363 925 του
420 871 900 943 παρακελεύσεως,
944 868 1139 942 ἀργίαν
1213 888 1272 922 τε
1348 872 1441 923 καὶ
1523 870 1716 941 σχολὴν
1779 871 2115 941 ηγαπηκότι,
2172 873 2305 944 μηδὲ
2358 873 2666 945 βουληθέντι
2722 874 2812 928 τὸν
2868 876 3026 929 πόνον
3080 876 3367 945 ὑπομεῖναι
3433 868 3536 943 τῆς

250 965 693 1036 πραγματείας,
725 965 925 1035 πικρὰν
950 966 1248 1035 ἐπαρτήσει
1275 965 1447 1035 δίκην.

384 1058 545 1111 Ἰσθι
569 1055 860 1121 ἐξουσίαν
896 1056 1053 1126 ἔχων
1078 1055 1278 1111 ἐπάνω
1315 1055 1460 1111 δέκα
1494 1058 1745 1113 πόλεων.

334 1147 636 1203 Βασιλεῖαι
660 1147 766 1220 γὰρ
793 1140 975 1213 αὗται,
993 1149 1294 1221 πρέπουσαι
1327 1150 1667 1221 προαγωγαὶ,
1697 1150 1869 1220 ἀρχάς

248 1239 591 1310 ἀνθρώπων
618 1239 713 1293 καὶ
739 1241 1034 1311 ἡγεμονίας
1077 1240 1185 1292 τῶν
1241 1240 1603 1312 ἀτελεστέρων
1636 1240 1717 1293 ἐτι
1763 1240 1866 1308 ψυ-

251 1332 383 1405 χῶν
419 1335 538 1396 τοῖς
582 1334 639 1385 ἐν
668 1332 832 1403 ὀλίγῳ
865 1334 961 1403 τὴν
995 1333 1224 1405 δοκιμὴν
1262 1333 1718 1405 παρεσχημένοις,
1768 1334 1866 1385 ἐπ-

250 1424 449 1491 αξίως
500 1416 573 1478 ὧν
618 1425 1140 1496 ἐπραγματεύσαντο
1165 1424 1303 1478 κατὰ
1339 1425 1430 1477 τὸν
1476 1424 1687 1495 πρῶτον
1726 1423 1861 1493 βίον,

250 1515 660 1588 χαριζόμεναι.
685 1516 891 1580 Μάθοις
922 1517 965 1569 δ’
1002 1517 1069 1571 ἂν
1094 1517 1201 1573 τῶν
1232 1516 1536 1589 εἰρημένων
1572 1515 1773 1571 δούλων
1802 1515 1864 1571 τὸ

250 1612 528 1681 γνήσιον,
563 1609 741 1664 καὶτὸ
772 1609 962 1663 πιστὸν
999 1610 1095 1680 τῆς
1124 1607 1503 1680 πραγματείας
1548 1607 1728 1680 ἔργοις
1762 1608 1860 1661 αύ-

252 1704 386 1764 τοῖς
423 1700 788 1772 παραλαϐών·
840 1701 916 1765 ὼς
952 1704 1038 1766 εὶς
1072 1700 1278 1756 πᾶσαν
1311 1700 1425 1769 τὴν
1453 1699 1568 1770 γῆν
1603 1699 1862 1768 ἐξῆλθεν

251 1796 290 1846 ό
322 1795 608 1863 φθόγγος
630 1791 847 1859 αὐτῶν,
884 1792 981 1850 καὶ
1010 1796 1097 1858 εὶς
1136 1793 1209 1848 τὰ
1253 1794 1477 1861 πέρατα
1517 1792 1627 1861 τῆς
1663 1795 1859 1846 οἰκου-

2005 1058 2050 1088 ⁸θ
2093 1055 2217 1110 Esto
2262 1064 2563 1124 potestatem
2602 1055 2797 1110 habent
2832 1072 2989 1124 super
3028 1056 3211 1109 decem
3240 1058 3493 1110 civitates.

2040 1151 2221 1221 Regna
2258 1149 2505 1205 videlicet
2546 1151 2661 1205 haec
2690 1160 2837 1213 sunt,
2872 1150 3194 1217 decor-.eqne
3230 1154 3535 1217 provectio-

1965 1259 2083 1310 nes,
2119 1259 2240 1312 qua:
2285 1243 2565 1311 imperium
2611 1242 2662 1297 in
2707 1242 2974 1307 homines,
3002 1252 3057 1296 et
3091 1242 3535 1309 imperfectarnm

1964 1336 2137 1389 adhuc
2169 1335 2468 1389 animarum
2495 1334 2748 1389 ducatum
2770 1374 2787 1399 ,
2820 1334 2889 1389 iis
2918 1335 3008 1403 qui
3044 1334 3097 1388 in
3135 1349 3192 1387 re
3237 1333 3338 1387 levi
3370 1348 3532 1401 expe-

1965 1427 2252 1483 rimentum
2294 1426 2639 1494 prmbuerint,
2674 1442 2770 1495 pro
2812 1425 3110 1494 superioris
3140 1425 3261 1479 vita:
3302 1424 3529 1487 meritis,

1963 1520 2282 1575 attribuunt.
2356 1518 2661 1588 Cognosces
2725 1530 2904 1573 autem
2969 1517 3348 1585 prmdictorum
3418 1529 3537 1570 ser-

1964 1625 2152 1664 vorum
2205 1608 2556 1679 probitatem,
2616 1618 2671 1664 et
2716 1609 3022 1679 negotiandi
3083 1608 3418 1670 fidelitatem,
3467 1621 3535 1659 ex

1964 1700 2212 1770 operibus
2256 1700 2388 1769 ipsis
2437 1715 2703 1770 arguens;
2785 1715 2976 1769 nempe
3036 1699 3177 1767 quod
3224 1700 3285 1752 iu
3332 1713 3537 1752 onmem
3590 1754 3597 1771 ,γ

1963 1801 2157 1845 terram
2202 1792 2328 1845 exiit
2380 1808 2538 1846 sonus
2588 1808 2805 1855 eorum,
2852 1802 2897 1845 et
2950 1792 3003 1844 in
3027 1790 3156 1858 lines
3187 1800 3342 1844 terra:
3385 1788 3538 1843 verba

248 1881 474 1952 μένης
504 1884 578 1936 τὰ
606 1883 844 1952 ῥήματα
871 1882 1087 1937 αὐτῶν.
1132 1884 1208 1936 Δι’
1252 1882 1430 1937 αὐτῶν
1485 1882 1593 1954 γὰρ
1643 1882 1861 1937 ἐκείνων

1973 1883 2195 1952 ipsorum
2229 1885 2295 1936 “.
2367 1882 2471 1937 Per
2532 1882 2650 1937 illos
2720 1884 2861 1936 enim
2918 1884 3225 1936 Servatoris
3282 1882 3533 1944 comites,

252 1975 381 2028 τῶν
411 1975 511 2029 τοῦ
534 1976 785 2045 Σωτῆρος
819 1976 1133 2047 γνωρίμων,
1165 1974 1258 2028 καὶ
1277 1974 1363 2028 διὰ
1393 1974 1501 2028 τῶν
1523 1974 1662 2047 μετά
1688 1975 1861 2030 ταῦτα

252 2068 359 2122 τὸν
387 2071 582 2139 ὅμοιον
600 2070 1291 2153 ἐκείνοιςέπανῃρημένων
1318 2068 1495 2140 ζῆλον,
1522 2068 1581 2133 ἐξ
1609 2069 1873 2124 ἁπάντων

251 2159 380 2213 τῶν
416 2158 593 2213 ἐθνῶν
618 2160 983 2231 ἀφορισθεῖσα
1005 2160 1082 2231 τῷ
1108 2158 1228 2230 Θεῷ
1276 2160 1588 2231 Ἐκκλησία,
1610 2162 1666 2212 ἐν
1699 2158 1862 2229 ὀλίγῳ

254 2253 458 2324 χρόνῳ
491 2252 592 2325 τὴν
621 2252 911 2323 σύμπασαν
934 2252 1257 2325 οἰκουμένην
1291 2253 1553 2324 ἐπλήρου.
1591 2251 1702 2305 Καὶ
1740 2250 1866 2304 καθῖ

253 2343 469 2419 ἕτερον
491 2344 550 2398 δὲ
576 2345 777 2416 τρόπον
805 2344 901 2419 τὴν
930 2344 1193 2417 ἐργασίαν
1220 2347 1533 2416 ποιήσονται
1561 2345 1608 2397 oi
1638 2343 1728 2396 τὸν
1756 2360 1859 2396 σωρ

256 2435 468 2507 τήριον
494 2435 652 2504 λόγον
666 2434 757 2489 τὸν
783 2436 1132 2504 εύαγγελικὸν
1159 2436 1556 2497 πιστευθέντες,
1584 2434 1649 2487 δι’
1686 2433 1865 2506 ἔργων

257 2528 368 2580 καὶ
389 2526 670 2599 πράξεων,
704 2527 817 2598 βίου
848 2545 906 2579 τε
939 2528 1032 2581 καὶ
1061 2527 1333 2590 πολιτείας
1369 2525 1729 2598 θεοπρεποῦς,
1766 2526 1862 2587 τὰς

255 2616 365 2672 τοῦ
400 2618 566 2687 λόγου
595 2619 943 2683 διδασκαλίας
973 2619 1432 2690 ἀποπληροῦντες.
1470 2613 1568 2671 Ὧν
1605 2619 1731 2681 τοὺς
1766 2619 1875 2688 μὲν.

256 2708 555 2781 διαφόρως
583 2712 1015 2782 ἐργασαμένους,
1048 2711 1327 2782 διαφόροις
1350 2715 1536 2782 τιμαῖς
1573 2711 1864 2781 ἀμείψεται

258 2801 539 2867 ὀδίκαιος
583 2804 794 2875 κριτὴς,
834 2804 1126 2860 ἀποδώσων
1168 2805 1381 2875 ἐκάστῳ
1418 2805 1515 2876 τὴν
1556 2804 1875 2875 ἐιτροσήκου-⁴

272 2907 375 2948 ταν
409 2894 472 2946 ἐν
496 2892 723 2961 ἀγαθοῖς
749 2894 1000 2966 ἀμοιϐήνο
1032 2894 1112 2966 τῷ
1149 2895 1193 2949 δ’
1232 2894 1567 2967 ἐγκρύψαντι
1604 2894 1729 2956 τοὺς
1774 2893 1863 2947 λό-

262 3000 410 3050 γους
466 2983 561 3036 καὶ
608 2983 967 3054 καταδήσαντι
1017 2986 1145 3055 παρ’
1198 2983 1396 3053 ἐαυτῷ,
1459 2983 1621 3055 μηδέν
1654 3000 1711 3035 τε
1750 2984 1864 3054 είρ-

265 3074 543 3146 γασμὲνῳ
572 3074 791 3146 πονηρῷ
820 3076 991 3145 δούλῳ
1038 3077 1132 3129 καὶ
1161 3076 1397 3147 όκνηρῷ,
1438 3076 1731 3145 τάπίχειρα
1767 3074 1866 3144 τῆς

265 3167 549 3237 πονηρίας
572 3167 798 3220 ἐποίσει.
830 3199 898 3208 ———-
930 3169 1002 3220 Τὸ
1032 3168 1214 3222 ἐπάνω
1251 3169 1383 3221 δέκα
1411 3168 1443 3238 ἢ
1474 3168 1630 3221 πέντε
1660 3166 1865 3219 πόλεων

1959 1991 2161 2046 perque
2201 1990 2295 2031 eos
2327 1977 2419 2045 qui
2469 1986 2653 2044 postea
2700 1991 2881 2043 parem
2931 1975 3103 2029 zelum
3163 1982 3533 2042 susceperunt,

1960 2083 2028 2123 ex
2070 2068 2277 2124 cunctis
2334 2068 2583 2138 gentibus
2629 2069 2825 2123 selecta
2885 2066 2992 2121 Deo
3051 2064 3312 2129 Ecclesia,
3382 2063 3534 2117 brevi

1962 2170 2203 2229 tempore
2253 2160 2585 2230 universum]
2621 2160 2877 2216 mundum
2928 2158 3175 2227 replevit.
3225 2156 3346 2212 Alio
3399 2170 3535 2225 quo-

1961 2266 2067 2321 que
2135 2252 2309 2308 modo»
2368 2252 2642 2322 negotium
2726 2267 2881 2307 suum
2947 2250 3146 2306 facient
3218 2250 3255 2304 ii
3336 2248 3534 2319 quibus

1962 2345 2594 2413 evangelicaServatoris
2614 2345 2861 2401 doctrina
2882 2344 3174 2400 commissa
3198 2342 3321 2407 luit,
3341 2357 3537 2409 nempe

1965 2437 2203 2490 moribus
2228 2445 2289 2489 et
2306 2436 2423 2489 vitm
2447 2435 2676 2503 actibus,
2709 2446 2762 2489 et
2790 2436 2949 2504 iligna
2972 2435 3547 2496 Deosconversatioue,

1963 2527 2223 2582 doetrinte
2261 2537 2524 2597 percepta
2560 2528 2933 2596 adimplentes.
2973 2527 3121 2594 Quos
3153 2526 3368 2581 diverse
3415 2540 3540 2593 ope-

1964 2630 2166 2683 rantes,
2200 2619 2427 2675 diversis
2458 2620 2693 2697 praemiis
2725 2620 2907 2686 justus
2948 2619 3117 2687 iudex
3157 2619 3537 2673 remunerabi—

1968 2722 2071 2774 tur,
2118 2712 2250 2766 dans
2297 2711 2493 2780 cuique
2526 2724 2820 2778 congruam
2874 2711 2949 2766 rei
3002 2711 3139 2766 bene
3176 2721 3339 2779 gestae
3380 2710 3540 2763 retri-

1963 2804 2259 2858 butiouem.
2299 2803 2687 2857 Verumtamen
2730 2803 2876 2856 illum
2908 2802 2998 2871 qui
3053 2803 3305 2856 traditam
3335 2800 3537 2856 doctri-

1965 2911 2091 2951 nam
2136 2894 2392 2951 celaverit
2434 2905 2595 2965 atqne
2651 2894 2787 2962 apud
2842 2910 2902 2949 se
2955 2894 3277 2958 obvolverit,
3336 2894 3536 2948 malum

1966 2988 2165 3042 scilicet
2188 3027 2204 3048 ,
2239 2986 2489 3057 ignavum
2525 2986 2766 3054 nihilque
2794 2996 3106 3056 operantem
3153 3001 3365 3041 servum
3388 3028 3402 3052 ,
3445 2986 3538 3039 de-

1968 3080 2072 3133 bita
2098 3080 2347 3148 nequitia:
2376 3095 2485 3134 sum
2518 3094 2672 3148 pinna
2704 3086 3079 3148 prosequetur.
3104 3108 3174 3118 ——
3200 3078 3393 3133 Decem
3449 3078 3546 3130 vel-

1967 3173 2204 3241 qninque
2260 3173 2472 3226 urbium
2544 3171 2862 3239 praefectura
2929 3170 3199 3244 significat
3253 3170 3543 3240 imperium

266 3259 461 3330 ἀρχήν
508 3276 631 3312 τινα
684 3259 778 3312 καὶ
824 3258 1069 3329 ἐξουσίαν
1132 3260 1294 3331 δηλοῖ,
1333 3260 1701 3331 δοθησομένην
1755 3261 1864 3321 τοῖς

1973 3266 2240 3335 quoddam
2288 3280 2350 3320 ac
2397 3272 2741 3334 potestatem,
2791 3279 2912 3333 quae
2964 3242 3167 3318 sanctis
3208 3263 3382 3317 danda
3435 3264 3543 3316 erit

267 3352 459 3418 ἁγίοις
517 3350 660 3405 κατά
721 3352 1123 3425 ὑποδεεστέρων
1177 3353 1269 3406 καὶ⁵
1333 3352 1423 3405 τοῦ
1495 3350 1865 3405 διευθύνεσθαι

267 3441 473 3507 ἀξίων.

358 3533 526 3587 nam
556 3534 665 3605 γὰρ
704 3535 813 3589 τῶν
855 3537 953 3606 μὲν
1002 3534 1167 3589 αὑτοῦ
1222 3536 1567 3607 θεραπόντων
1611 3535 1867 3605 τοιαύτην

269 3627 572 3698 ποιήσεται
599 3627 695 3699 τὴν
733 3626 1021 3703 διάκρισινο
1058 3626 1167 3679 τῶν
1202 3627 1257 3679 δέ
1290 3627 1364 3699 μὴ
1401 3629 1499 3699 τῆς
1530 3629 1699 3697 αὐτῆς
1744 3627 1865 3685 δου-

268 3716 428 3781 λείας
453 3716 892 3789 κατηξιωμένων,
934 3718 1106 3781 ἄλλως
1136 3718 1192 3770 δὲ
1227 3719 1463 3773 πολιτῶν
1492 3720 1656 3772 αὑτοῦ
1695 3736 1868 3787 γεγε-

270 3810 553 3881 νημένων,
605 3811 663 3863 ἐν
705 3809 916 3882 ἐχθρῶν
945 3810 1001 3863 δὲ
1031 3809 1125 3863 καὶ⁸
1172 3810 1469 3879 μισούντων
1513 3810 1673 3863 αὑτὸν
1713 3810 1867 3883 χώρα

269 3904 511 3966 ἑαυτοὺς
544 3903 976 3968 καταλεξάντων,
1022 3904 1315 3975 πρεσσείαν
1355 3921 1413 3956 τε
1450 3904 1866 3958 ἀπεσταλκότων

272 3994 704 4068 ἀπαρνουμένην
734 3994 897 4048 αὑτοῦ
928 3994 1025 4065 τὴν
1057 3993 1356 4065 βασιλείαν,
1392 3996 1573 4047 ὁποῖον
1601 3993 1750 4046 ἐσται
1776 3994 1865 4047 τέν-

279 4087 401 4153 λος,
433 4087 674 4159 παρίστη
709 4086 775 4140 δι’
809 4080 886 4140 ὧν
938 4085 1302 4139 ἐπανελθόντα
1342 4086 1430 4139 τὸν
1464 4084 1687 4155 βασιλέα
1728 4086 1869 4139 κατά

271 4183 382 4253 τὴν
412 4180 671 4251 δευτέραν
707 4181 800 4233 καὶ⁵
832 4179 1111 4251 βασιλικὴν
1164 4178 1327 4232 αὐτοῦ
1384 4177 1722 4247 θεοφάνειαν,
1771 4194 1868 4246 φο-

274 4272 448 4345 ϐερὰν
494 4271 768 4340 ἀπόφασιν
811 4270 1039 4335 ἐξοίσειν
1087 4269 1207 4323 κατ’
1241 4267 1418 4323 αὐτῶν
1458 4266 1723 4337 προύλεγε
1768 4266 1867 4336 τὴν

273 4367 568 4437 φήσασανο
600 4363 747 4435 Πλὴν
780 4364 907 4427 τοὺς
946 4362 1172 4433 ἐχθρούς
1204 4378 1303 4432 μου
1340 4360 1599 4422 ἐκείνους,
1639 4360 1763 4422 τοὺς
1793 4359 1866 4429 μὴ

279 4453 622 4528 θελήσαντάς
648 4471 715 4525 με
742 4452 1053 4525 βασιλεῦσαι
1094 4454 1180 4505 ἐπ’
1214 4450 1430 4515 αὐτοὺς,
1469 4449 1702 4518 ἀγάγετε
1740 4441 1865 4504 ὦδε,

277 4548 377 4602 καὶ
402 4544 789 4615 κατασφάξατε
818 4542 1123 4615 ἔμπροσθέν
1151 4558 1249 4613 μου
1269 4540 1403 4611 (72).
1796 4556 1805 4559 ν

578 4638 675 4691 Ἐν
701 4636 847 4703 ποίᾳ
868 4635 1121 4703 ἐξουσίᾳ
1145 4634 1332 4689 ταῦτα
1357 4631 1545 4696 ποιεῖς
1567 4647 1585 4693 ;

350 4729 526 4794 Αὐτὸς
561 4728 660 4800 μὲν
690 4728 826 4800 ἔργα
875 4727 1063 4797 θεῖκῆς
1104 4726 1386 4797 δυνάμεως
1442 4722 1728 4786 ἐπιτελῶν,
1774 4739 1863 4775 τε-

280 4824 509 4895 ραστίας
554 4822 649 4875 καὶ
702 4819 1037 4892 παραδόξους
1084 4820 1312 4889 πράξεις
1357 4817 1710 4881 ἐνεδείκνυτο,
1757 4815 1867 4868 ἐδίς

280 4913 452 4969 δασκέ
497 4930 557 4966 τε
606 4913 833 4983 οὐράνια
884 4912 1211 4984 μαθήματαον
1262 4912 1313 4964 οἱ
1360 4911 1406 4964 δ’
1451 4910 1877 4981 ἀποθαυμάζεινλ

280 5008 423 5072 δέον,
456 5006 743 5079 γνωρίζειν
780 5022 840 5060 τε
886 5006 951 5059 ἐκ
979 5004 1084 5058 τῶν
1120 5004 1293 5073 λόγων
1322 5004 1418 5057 καὶ
1450 5004 1562 5058 τῶν
1591 5004 1877 5075 πράξεων,

281 5098 357 5161 ὡς
381 5098 491 5168 ἄρα
512 5097 673 5162 αὐτὸς
701 5098 795 5169 είη.
815 5098 845 5150 ό
866 5097 1097 5169 Χριστὸς
1120 5098 1148 5150 ό
1182 5095 1287 5154 ὑπὸ
1320 5094 1430 5149 τῶν
1452 5094 1746 5167 προφητῶν
1770 5112 1862 5146 κε-

283 5189 649 5261 κηρυγμένος,
688 5189 843 5243 τοῦτο
877 5189 976 5260 μὲν
1010 5189 1110 5241 οὐκ
1141 5188 1431 5261 ἔπραττον,
1468 5188 1554 5241 ἐπ’
1583 5189 1863 5260 ἀνατροπῇ

284 5280 340 5333 δὲ
372 5279 468 5333 τοῦ
506 5279 740 5352 πλήθους
766 5281 1085 5343 ἐπιστάντες
1104 5278 1337 5349 ἀθρόως,
1367 5277 1645 5347 ἐπετίμων
1668 5276 1867 5329 πυνθα-

287 5372 500 5441 νόμενοι
525 5371 584 5423 ἐν
612 5371 743 5442 ποία
763 5370 980 5443 ἐξουσίᾳ
1014 5371 1100 5441 εἴη
1130 5370 1301 5425 ταῦτα
1331 5369 1521 5433 ποιῶν,
1573 5369 1667 5422 καὶ
1714 5368 1866 5439 παρά

276 5464 427 5541 ,τίνος
444 5462 658 5535 εἰλήφει
688 5463 787 5535 τὴν
817 5465 910 5518 τοῦ
938 5465 1008 5517 τά
1028 5464 1205 5518 τοιάδε
1234 5464 1494 5535 πράττειν
1518 5461 1689 5526 ἀδεῶς
1718 5461 1870 5527 ἐξου-

290 5572 429 5609 σιαν.

617 5648 921 5718 Ἐρωτήσω
948 5646 1103 5718 ὑμᾶς
1118 5647 1297 5716 κάγὼ,
1324 5664 1377 5701 κ.
1407 5664 1459 5700 τ.
1490 5646 1542 5703 λ.

370 5737 731 5804 ’Λνεξικάκως
764 5739 859 5793 καὶ
887 5739 1076 5810 πράως
1125 5738 1322 5801 αὐτοὺς
1352 5737 1642 5808 δεξάμενος
1678 5738 1708 5790 ό
1745 5736 1859 5789 K5-

1894 4594 1943 4653 D

1967 3372 2130 3427 super
2163 3358 2501 3412 infirmiores
2523 3366 2686 3426 atque
2715 3356 3093 3411 emendatione
3120 3355 3335 3425 dignos.

2038 3537 2166 3594 Tale
2214 3538 2395 3607 itaque
2437 3536 2506 3591 de
2559 3536 2732 3593 servis
2774 3535 2887 3591 suis
2934 3534 3196 3603 judicium
3243 3533 3533 3588 exercebit.

1967 3630 2187 3685 Illorum
2223 3642 2402 3684 autem
2434 3629 2525 3699 qui
2567 3646 2739 3699 neque
2777 3629 2828 3682 in
2859 3641 3140 3682 servorum
3168 3625 3286 3694 ejus
3312 3640 3540 3679 numero

1965 3737 2088 3776 esse
2118 3723 2397 3776 voluerunt
2422 3760 2437 3785 ,
2467 3736 2777 3790 quanquam
2816 3719 2963 3773 cives
3004 3718 3171 3787 ipsius
3202 3724 3380 3770 essent
3400 3757 3415 3782 ,
3446 3715 3540 3769 sed

1969 3816 2020 3868 i-n
2055 3816 2287 3869 hostium
2334 3826 2495 3884 atque
2538 3829 2756 3868 osorum
2801 3812 3045 3880 partibus
3089 3825 3146 3865 se
3182 3811 3537 3873 collocarunt,

1970 3905 2402 3974 legationemque
2451 3905 2714 3958 miserunt
2754 3912 2811 3955 ut
2854 3916 3080 3972 regnum
3112 3901 3229 3969 ejus
3275 3901 3542 3955 detrecta-

1968 4006 2122 4061 rent,
2149 3997 2369 4066 quinam
2399 3997 2581 4051 exitus
2614 3996 2683 4049 sit
2725 3994 2975 4057 futurus,
3015 3992 3253 4047 ostendit
3289 4004 3553 4052 narrans,

1970 4102 2148 4157 regem
2181 4102 2486 4149 reversum,
2518 4089 2752 4139 secunda
2778 4082 3028 4137 videlicet
3053 4082 3214 4151 regali
3244 4082 3332 4135 Dei
3363 4082 3539 4133 mani-

1968 4178 2288 4241 fcstatione,
2320 4176 2618 4231 terribilem
2662 4175 2983 4229 sententiam
3028 4174 3259 4227 laturum
3298 4172 3379 4226 his
3412 4186 3537 4224 ver-

1970 4270 2053 4324 bis
2082 4288 2095 4323 :
2120 4270 2495 4324 Verumtamen
2522 4266 2768 4320 inimicos
2796 4278 2945 4319 meos
2976 4264 3095 4320 illos
3122 4303 3139 4327 ,
3179 4264 3270 4332 qui
3311 4276 3396 4315 me
3443 4274 3540 4314 no-

1971 4361 2187 4414 luerunt
2218 4374 2443 4429 regnare
2479 4372 2641 4427 super
2685 4372 2783 4423 se,
2820 4356 3071 4411 adducite
3101 4356 3205 4409 huc
3241 4364 3295 4409 et
3333 4352 3540 4407 interti-

1970 4451 2076 4504 cite
2110 4466 2293 4504 coram
2332 4464 2437 4505 me.

2304 4638 2351 4668 ⁸²
2382 4635 2445 4690 1η
2477 4654 2583 4706 qua
2617 4647 2873 4705 potestate
2905 4638 3015 4692 lucc
3055 4636 3228 4705 facis?

2039 4728 2156 4797 Ipse
2200 4729 2420 4797 quidem
2451 4730 2647 4782 divina:
2679 4729 2894 4783 virtutis
2920 4743 3084 4797 opera
3127 4736 3351 4797 patrans
3372 4766 3385 4791 ,
3418 4738 3545 4794 por-

1969 4827 2115 4873 tenta
2167 4828 2221 4873 et
2264 4818 2539 4873 mirabiles
2593 4829 2747 4873 actus
2790 4818 3019 4884 edebat;
3062 4818 3331 4886 simulque
3376 4814 3542 4870 coele-

1965 4924 2101 4968 stem
2128 4913 2428 4968 doctrinam
2463 4914 2730 4969 tradebat.
2762 4914 2843 4968 llli
2876 4924 3057 4967 autem
3086 4914 3175 4981 qui
3222 4914 3333 4966 haec
3365 4909 3540 4976 suspi-

1963 5020 2087 5059 cere
2144 5004 2491 5071 debuissent,
2553 5013 2722 5075 atque
2768 5020 2834 5060 ex
2904 5006 3065 5059 dictis
3120 5004 3391 5073 gestisque
3452 5015 3542 5053 co-

1966 5104 2228 5167 gnoscere
2256 5096 2400 5152 hunc
2422 5112 2542 5152 esse
2567 5097 2844 5153 Christum
2876 5098 2945 5151 de
2971 5110 3077 5166 quo
3102 5093 3377 5164 prophetae
3410 5090 3545 5143 vati-

1968 5190 2133 5244 cinati
2184 5188 2439 5255 fuerant;
2494 5191 2717 5245 minime
2752 5204 2932 5244 rermn
2966 5189 3017 5243 id
3048 5189 3329 5251 fecerunt;
3357 5198 3542 5238 verum

1966 5284 2033 5335 ad
2081 5283 2462 5337 concitandam
2505 5283 2717 5354 plebem
2764 5282 2945 5337 subito
2978 5278 3255 5343 conversi,
3299 5277 3559 5341 increpa!

1969 5376 2101 5429 bant
2131 5390 2279 5441 eum,
2330 5375 2729 5448 interrogantes
2779 5389 3013 5445 quanam
3058 5368 3383 5426 auctoritate
3430 5368 3545 5421 haec

1967 5464 2206 5530 faceret,
2260 5466 2345 5521 vel
2389 5482 2419 5521 a
2488 5482 2722 5536 quonam
2778 5474 2927 5519 tanta
2982 5463 3239 5533 prmditus
3285 5459 3543 5515 facultate

1969 5557 2186 5625 fuisset,
2226 5567 2284 5613 ut
2319 5559 2431 5614 haee
2458 5559 2804 5613 confidenter
2838 5566 3043 5627 ageret.

2281 5652 2328 5683 ⁸³
2359 5650 2707 5721 Interrogabo
2747 5660 2793 5705 et
2828 5667 2922 5722 ego
2954 5667 3042 5704 ros
3063 5690 3077 5714 ,
3117 5658 3223 5705 etc.

2037 5741 2317 5797 Patienter
2345 5758 2407 5797 ac
2435 5752 2716 5799 mansuete
2757 5746 3026 5815 postulata
3058 5756 3241 5798 eorum
3268 5740 3544 5807 excipiens

366 5833 411 5867 “
444 5832 575 5890 Luc.
604 5850 718 5899 xtx,
747 5835 834 5889 17.
912 5835 957 5865 ’ί
993 5834 1134 5890 Psnl.
1165 5850 1323 5900 xvm,
1362 5835 1416 5889 5.
1492 5835 1536 5866 ³¹
1560 5834 1696 5889 Luc.
1730 5849 1820 5896 xx,

1996 5835 2040 5867 ³³
2077 5837 2205 5892 ibid.
2246 5839 2300 5895 5.

368 5921 488 5997 (79.)
516 5927 719 5983 Confer
741 5928 1149 5998 Tlieophaniam,
1181 5931 1317 6000 apud
1346 5944 1441 5985 nos
1474 5933 1578 5986 col,
1614 5930 1717 5984 690
1748 5928 1840 5983 (tu.
