  <div class='ocr_page' id='page_1' title='image "/cluster/home/n/w/nwhite01/storage/ocr_20150623/24/hvd.32044019207729/303.png"; bbox 0 0 3968 6508; ppageno 0'>
   <div class='ocr_carea' id='block_1_1' title="bbox 453 450 2046 544">
    <p class='ocr_par' dir='ltr' id='par_1_1' title="bbox 453 470 2046 544">
     <span class='ocr_line' id='line_1_1' title="bbox 453 470 2046 544; baseline -0.006 -1"><span class='ocrx_word' id='word_1_1' title='bbox 453 487 557 544; x_wconf 71' lang='grc'><strong>595</strong></span> <span class='ocrx_word' id='word_1_2' title='bbox 1159 483 1429 543; x_wconf 79' lang='lat' dir='ltr'><strong>EUSEBH</strong></span> <span class='ocrx_word' id='word_1_3' title='bbox 1469 470 1946 542; x_wconf 48' lang='lat' dir='ltr'><strong>CES&#39;A&#39;RIENSIS</strong></span> <span class='ocrx_word' id='word_1_4' title='bbox 1985 481 2046 536; x_wconf 91' lang='lat' dir='ltr'><strong>Ol</strong></span> 
     </span>
    </p>
   </div>
   <div class='ocr_carea' id='block_1_2' title="bbox 2154 450 3703 544">
    <p class='ocr_par' dir='ltr' id='par_1_2' title="bbox 2174 450 3703 532">
     <span class='ocr_line' id='line_1_2' title="bbox 2174 450 3703 532; baseline -0.01 -1"><span class='ocrx_word' id='word_1_5' title='bbox 2174 457 2493 532; x_wconf 60' lang='lat' dir='ltr'><strong>panS&#39;m‘.‘</strong></span> <span class='ocrx_word' id='word_1_6' title='bbox 2520 450 2590 515; x_wconf 56' lang='grc' dir='ltr'><strong>ἓξ</strong></span> <span class='ocrx_word' id='word_1_7' title='bbox 2631 463 3035 529; x_wconf 74' lang='lat' dir='ltr'><strong>EXEGETICA.</strong></span> <span class='ocrx_word' id='word_1_8' title='bbox 3585 453 3703 518; x_wconf 62' lang='lat'><strong>&#39;59::</strong></span> 
     </span>
    </p>
   </div>
   <div class='ocr_carea' id='block_1_3' title="bbox 454 581 2046 676">
    <p class='ocr_par' dir='ltr' id='par_1_3' title="bbox 454 601 2046 676">
     <span class='ocr_line' id='line_1_3' title="bbox 454 601 2046 676; baseline -0.006 -14"><span class='ocrx_word' id='word_1_9' title='bbox 454 607 732 672; x_wconf 88' lang='lat' dir='ltr'><strong>Dominus,</strong></span> <span class='ocrx_word' id='word_1_10' title='bbox 762 605 1073 663; x_wconf 77' lang='lat' dir='ltr'><strong>sciscitatur</strong></span> <span class='ocrx_word' id='word_1_11' title='bbox 1105 605 1219 676; x_wconf 88' lang='lat' dir='ltr'><strong>ipse</strong></span> <span class='ocrx_word' id='word_1_12' title='bbox 1245 619 1458 676; x_wconf 88' lang='lat' dir='ltr'><strong>quoque</strong></span> <span class='ocrx_word' id='word_1_13' title='bbox 1502 604 1566 659; x_wconf 89' lang='lat' dir='ltr'><strong>de</strong></span> <span class='ocrx_word' id='word_1_14' title='bbox 1600 603 1804 659; x_wconf 84' lang='lat' dir='ltr'><strong>Joanne</strong></span> <span class='ocrx_word' id='word_1_15' title='bbox 1845 601 2015 671; x_wconf 84' lang='lat' dir='ltr'><strong>hapti-</strong></span> <span class='ocrx_word' id='word_1_16' title='bbox 2043 651 2046 662; x_wconf 79' lang='grc'><strong>,</strong></span> 
     </span>
    </p>
   </div>
   <div class='ocr_carea' id='block_1_4' title="bbox 2154 581 3704 676">
    <p class='ocr_par' dir='ltr' id='par_1_4' title="bbox 2156 581 3704 666">
     <span class='ocr_line' id='line_1_4' title="bbox 2156 581 3704 666; baseline -0.012 -16"><span class='ocrx_word' id='word_1_17' title='bbox 2156 614 2231 661; x_wconf 86' lang='grc' dir='ltr'><strong>ιος</strong></span> <span class='ocrx_word' id='word_1_18' title='bbox 2258 595 2503 666; x_wconf 72' lang='grc' dir='ltr'>ἀνερωτᾷ</span> <span class='ocrx_word' id='word_1_19' title='bbox 2527 591 2652 663; x_wconf 81' lang='grc' dir='ltr'><strong>περί</strong></span> <span class='ocrx_word' id='word_1_20' title='bbox 2699 590 2942 644; x_wconf 81' lang='grc' dir='ltr'><strong>Ἰωάννου</strong></span> <span class='ocrx_word' id='word_1_21' title='bbox 2966 585 3057 640; x_wconf 81' lang='grc' dir='ltr'><strong>τοῦ</strong></span> <span class='ocrx_word' id='word_1_22' title='bbox 3077 581 3398 643; x_wconf 79' lang='grc' dir='ltr'>Βαπτιστοῦ,</span> <span class='ocrx_word' id='word_1_23' title='bbox 3430 581 3490 634; x_wconf 81' lang='grc' dir='ltr'><strong>σύ</strong></span> <span class='ocrx_word' id='word_1_24' title='bbox 3523 581 3704 634; x_wconf 79' lang='grc' dir='ltr'>πόθεν</span> 
     </span>
    </p>
   </div>
   <div class='ocr_carea' id='block_1_5' title="bbox 454 673 2046 766">
    <p class='ocr_par' dir='ltr' id='par_1_5' title="bbox 454 673 2017 766">
     <span class='ocr_line' id='line_1_5' title="bbox 454 673 2017 766; baseline -0.006 -12"><span class='ocrx_word' id='word_1_25' title='bbox 454 707 669 766; x_wconf 76' lang='lat' dir='ltr'><strong>aatore;</strong></span> <span class='ocrx_word' id='word_1_26' title='bbox 706 713 805 755; x_wconf 90' lang='lat' dir='ltr'><strong>nec</strong></span> <span class='ocrx_word' id='word_1_27' title='bbox 845 699 986 754; x_wconf 88' lang='lat' dir='ltr'><strong>unde</strong></span> <span class='ocrx_word' id='word_1_28' title='bbox 1021 697 1066 753; x_wconf 91' lang='lat' dir='ltr'><strong>is</strong></span> <span class='ocrx_word' id='word_1_29' title='bbox 1100 673 1278 762; x_wconf 73' lang='lat' dir='ltr'><strong>esset,</strong></span> <span class='ocrx_word' id='word_1_30' title='bbox 1310 673 1403 752; x_wconf 78' lang='lat' dir='ltr'><strong>sed</strong></span> <span class='ocrx_word' id='word_1_31' title='bbox 1433 697 1573 751; x_wconf 91' lang='lat' dir='ltr'><strong>unde</strong></span> <span class='ocrx_word' id='word_1_32' title='bbox 1614 694 1864 764; x_wconf 80' lang='lat' dir='ltr'><strong>baptismi</strong></span> <span class='ocrx_word' id='word_1_33' title='bbox 1893 707 2017 746; x_wconf 89' lang='lat' dir='ltr'><strong>nor-</strong></span> 
     </span>
    </p>
   </div>
   <div class='ocr_carea' id='block_1_6' title="bbox 2154 673 3704 766">
    <p class='ocr_par' dir='ltr' id='par_1_6' title="bbox 2154 673 3704 758">
     <span class='ocr_line' id='line_1_6' title="bbox 2154 673 3704 758; baseline -0.013 -16"><span class='ocrx_word' id='word_1_34' title='bbox 2154 691 2202 758; x_wconf 75' lang='grc' dir='ltr'><strong>ίη</strong></span> <span class='ocrx_word' id='word_1_35' title='bbox 2231 687 2409 751; x_wconf 79' lang='grc' dir='ltr'>αὐτὸς,</span> <span class='ocrx_word' id='word_1_36' title='bbox 2452 683 2588 738; x_wconf 85' lang='grc' dir='ltr'><strong>ἀλλά</strong></span> <span class='ocrx_word' id='word_1_37' title='bbox 2623 682 2802 736; x_wconf 77' lang='grc' dir='ltr'>πόθεν</span> <span class='ocrx_word' id='word_1_38' title='bbox 2849 680 2939 732; x_wconf 85' lang='grc' dir='ltr'><strong>τὸν</strong></span> <span class='ocrx_word' id='word_1_39' title='bbox 2978 677 3071 730; x_wconf 80' lang='grc' dir='ltr'>τοῦ</span> <span class='ocrx_word' id='word_1_40' title='bbox 3107 675 3477 746; x_wconf 76' lang='grc' dir='ltr'><strong>βαπτίσματος</strong></span> <span class='ocrx_word' id='word_1_41' title='bbox 3523 673 3704 740; x_wconf 80' lang='grc' dir='ltr'>νόμον</span> 
     </span>
    </p>
   </div>
   <div class='ocr_carea' id='block_1_7' title="bbox 456 763 2046 859">
    <p class='ocr_par' dir='ltr' id='par_1_7' title="bbox 456 763 2019 859">
     <span class='ocr_line' id='line_1_7' title="bbox 456 763 2019 859; baseline -0.004 -15"><span class='ocrx_word' id='word_1_42' title='bbox 456 806 599 846; x_wconf 84' lang='lat' dir='ltr'><strong>mam</strong></span> <span class='ocrx_word' id='word_1_43' title='bbox 643 763 956 859; x_wconf 77' lang='lat' dir='ltr'><strong>accepisset.</strong></span> <span class='ocrx_word' id='word_1_44' title='bbox 1001 789 1133 844; x_wconf 84' lang='lat' dir='ltr'><strong>Nam</strong></span> <span class='ocrx_word' id='word_1_45' title='bbox 1167 790 1270 843; x_wconf 88' lang='lat' dir='ltr'><strong>sibi</strong></span> <span class='ocrx_word' id='word_1_46' title='bbox 1311 789 1409 857; x_wconf 86' lang='lat' dir='ltr'><strong>ipsi</strong></span> <span class='ocrx_word' id='word_1_47' title='bbox 1439 763 1806 842; x_wconf 85' lang='lat' dir='ltr'><strong>testimonium</strong></span> <span class='ocrx_word' id='word_1_48' title='bbox 1840 785 2019 855; x_wconf 66' lang='lat' dir='ltr'><strong>perhl«</strong></span> 
     </span>
    </p>
   </div>
   <div class='ocr_carea' id='block_1_8' title="bbox 2154 763 3706 859">
    <p class='ocr_par' dir='ltr' id='par_1_8' title="bbox 2154 763 3706 850">
     <span class='ocr_line' id='line_1_8' title="bbox 2154 763 3706 850; baseline -0.012 -18"><span class='ocrx_word' id='word_1_49' title='bbox 2154 780 2348 850; x_wconf 87' lang='grc' dir='ltr'>ἰλήφοι.</span> <span class='ocrx_word' id='word_1_50' title='bbox 2388 776 2462 828; x_wconf 89' lang='grc' dir='ltr'>Τὸ</span> <span class='ocrx_word' id='word_1_51' title='bbox 2493 775 2591 846; x_wconf 83' lang='grc' dir='ltr'><strong>μὲν</strong></span> <span class='ocrx_word' id='word_1_52' title='bbox 2622 773 2731 844; x_wconf 84' lang='grc' dir='ltr'><strong>γὰρ</strong></span> <span class='ocrx_word' id='word_1_53' title='bbox 2767 771 2927 824; x_wconf 82' lang='grc' dir='ltr'>αὑτὸν</span> <span class='ocrx_word' id='word_1_54' title='bbox 2979 769 3109 838; x_wconf 76' lang='grc' dir='ltr'>περὶ</span> <span class='ocrx_word' id='word_1_55' title='bbox 3142 764 3332 819; x_wconf 79' lang='grc' dir='ltr'>ἑαυτοῦ</span> <span class='ocrx_word' id='word_1_56' title='bbox 3393 763 3706 835; x_wconf 71' lang='grc' dir='ltr'><strong>μαρτυρεῖν</strong></span> 
     </span>
    </p>
   </div>
   <div class='ocr_carea' id='block_1_9' title="bbox 458 854 2046 952">
    <p class='ocr_par' dir='ltr' id='par_1_9' title="bbox 458 854 2020 952">
     <span class='ocr_line' id='line_1_9' title="bbox 458 854 2020 952; baseline -0.006 -15"><span class='ocrx_word' id='word_1_57' title='bbox 458 883 614 948; x_wconf 89' lang='lat' dir='ltr'><strong>bere,</strong></span> <span class='ocrx_word' id='word_1_58' title='bbox 656 882 874 952; x_wconf 86' lang='lat' dir='ltr'><strong>plenum</strong></span> <span class='ocrx_word' id='word_1_59' title='bbox 921 882 1030 936; x_wconf 89' lang='lat' dir='ltr'><strong>odii</strong></span> <span class='ocrx_word' id='word_1_60' title='bbox 1063 854 1345 951; x_wconf 29' lang='lat' dir='ltr'><strong>negotium.</strong></span> <span class='ocrx_word' id='word_1_61' title='bbox 1372 879 1718 934; x_wconf 73' lang='lat' dir='ltr'><strong>existimabat</strong></span> <span class='ocrx_word' id='word_1_62' title='bbox 1750 887 1803 931; x_wconf 88' lang='lat' dir='ltr'><strong>et</strong></span> <span class='ocrx_word' id='word_1_63' title='bbox 1840 854 2020 930; x_wconf 82' lang='lat' dir='ltr'><strong>osten-</strong></span> 
     </span>
    </p>
   </div>
   <div class='ocr_carea' id='block_1_10' title="bbox 2154 854 3704 952">
    <p class='ocr_par' dir='ltr' id='par_1_10' title="bbox 2155 854 3704 942">
     <span class='ocr_line' id='line_1_10' title="bbox 2155 854 3704 942; baseline -0.014 -17"><span class='ocrx_word' id='word_1_64' title='bbox 2155 870 2358 942; x_wconf 84' lang='grc' dir='ltr'>παχθὲς</span> <span class='ocrx_word' id='word_1_65' title='bbox 2382 870 2566 938; x_wconf 77' lang='grc' dir='ltr'>ἡγεῖτο</span> <span class='ocrx_word' id='word_1_66' title='bbox 2589 867 2682 918; x_wconf 72' lang='grc' dir='ltr'><strong>καὶ</strong></span> <span class='ocrx_word' id='word_1_67' title='bbox 2716 859 3152 934; x_wconf 81' lang='grc' dir='ltr'>περιαυτολόγον’</span> <span class='ocrx_word' id='word_1_68' title='bbox 3183 857 3242 909; x_wconf 85' lang='grc' dir='ltr'><strong>τὸ</strong></span> <span class='ocrx_word' id='word_1_69' title='bbox 3279 857 3324 908; x_wconf 89' lang='grc' dir='ltr'>δ’</span> <span class='ocrx_word' id='word_1_70' title='bbox 3368 857 3461 908; x_wconf 67' lang='grc' dir='ltr'><strong>ἐπὶ</strong></span> <span class='ocrx_word' id='word_1_71' title='bbox 3507 854 3704 906; x_wconf 77' lang='grc' dir='ltr'>ἰωάν-</span> 
     </span>
    </p>
   </div>
   <div class='ocr_carea' id='block_1_11' title="bbox 458 950 2046 1041">
    <p class='ocr_par' dir='ltr' id='par_1_11' title="bbox 458 950 2020 1041">
     <span class='ocr_line' id='line_1_11' title="bbox 458 950 2020 1041; baseline -0.004 -15"><span class='ocrx_word' id='word_1_72' title='bbox 458 950 696 1029; x_wconf 81' lang='lat' dir='ltr'><strong>talionis.</strong></span> <span class='ocrx_word' id='word_1_73' title='bbox 743 972 1049 1041; x_wconf 63' lang='lat' dir='ltr'><strong>Ceteroqui</strong></span> <span class='ocrx_word' id='word_1_74' title='bbox 1100 950 1414 1041; x_wconf 84' lang='lat' dir='ltr'><strong>provocatio</strong></span> <span class='ocrx_word' id='word_1_75' title='bbox 1465 970 1531 1024; x_wconf 92' lang='lat' dir='ltr'><strong>ad</strong></span> <span class='ocrx_word' id='word_1_76' title='bbox 1569 967 1834 1023; x_wconf 78' lang='lat' dir='ltr'><strong>Joannem</strong></span> <span class='ocrx_word' id='word_1_77' title='bbox 1889 967 2020 1021; x_wconf 89' lang='lat' dir='ltr'><strong>taci-</strong></span> 
     </span>
    </p>
   </div>
   <div class='ocr_carea' id='block_1_12' title="bbox 2154 950 3707 1041">
    <p class='ocr_par' dir='ltr' id='par_1_12' title="bbox 2155 950 3707 1041">
     <span class='ocr_line' id='line_1_12' title="bbox 2155 950 3707 1041; baseline -0.012 -24"><span class='ocrx_word' id='word_1_78' title='bbox 2155 984 2218 1037; x_wconf 94' lang='grc' dir='ltr'><strong>ην</strong></span> <span class='ocrx_word' id='word_1_79' title='bbox 2244 963 2590 1033; x_wconf 77' lang='grc' dir='ltr'><strong>ἀναπέμπειν</strong></span> <span class='ocrx_word' id='word_1_80' title='bbox 2620 960 2900 1030; x_wconf 77' lang='grc' dir='ltr'><strong>λεληθυῖαν</strong></span> <span class='ocrx_word' id='word_1_81' title='bbox 2922 959 3020 1028; x_wconf 80' lang='grc' dir='ltr'>τὴν</span> <span class='ocrx_word' id='word_1_82' title='bbox 3054 955 3180 1026; x_wconf 77' lang='grc' dir='ltr'>περὶ</span> <span class='ocrx_word' id='word_1_83' title='bbox 3215 950 3405 1006; x_wconf 73' lang='grc' dir='ltr'>ἑαυτοῦ</span> <span class='ocrx_word' id='word_1_84' title='bbox 3441 951 3707 1041; x_wconf 71' lang='grc' dir='ltr'>διδασκα-</span> 
     </span>
    </p>
   </div>
   <div class='ocr_carea' id='block_1_13' title="bbox 458 1039 2046 1128">
    <p class='ocr_par' dir='ltr' id='par_1_13' title="bbox 458 1039 2022 1121">
     <span class='ocr_line' id='line_1_13' title="bbox 458 1039 2022 1121; baseline -0.003 -2"><span class='ocrx_word' id='word_1_85' title='bbox 458 1075 566 1119; x_wconf 90' lang='lat' dir='ltr'><strong>tam</strong></span> <span class='ocrx_word' id='word_1_86' title='bbox 595 1065 906 1121; x_wconf 74' lang='lat' dir='ltr'><strong>continebat</strong></span> <span class='ocrx_word' id='word_1_87' title='bbox 935 1039 1137 1120; x_wconf 80' lang='lat' dir='ltr'><strong>Christi</strong></span> <span class='ocrx_word' id='word_1_88' title='bbox 1167 1061 1678 1117; x_wconf 78' lang='lat' dir='ltr'><strong>manifestationem.</strong></span> <span class='ocrx_word' id='word_1_89' title='bbox 1731 1059 2022 1115; x_wconf 82' lang='lat' dir='ltr'><strong>Universos</strong></span> 
     </span>
    </p>
   </div>
   <div class='ocr_carea' id='block_1_14' title="bbox 2154 1039 3704 1128">
    <p class='ocr_par' dir='ltr' id='par_1_14' title="bbox 2158 1039 3704 1128">
     <span class='ocr_line' id='line_1_14' title="bbox 2158 1039 3704 1128; baseline -0.013 -17"><span class='ocrx_word' id='word_1_90' title='bbox 2158 1059 2241 1112; x_wconf 90' lang='grc' dir='ltr'><strong>ίαν</strong></span> <span class='ocrx_word' id='word_1_91' title='bbox 2273 1057 2573 1128; x_wconf 84' lang='grc' dir='ltr'>περιεῖχεν·</span> <span class='ocrx_word' id='word_1_92' title='bbox 2599 1052 2912 1123; x_wconf 80' lang='grc' dir='ltr'><strong>ὡμολόγητο</strong></span> <span class='ocrx_word' id='word_1_93' title='bbox 2945 1050 3052 1121; x_wconf 84' lang='grc' dir='ltr'><strong>γὰρ</strong></span> <span class='ocrx_word' id='word_1_94' title='bbox 3093 1046 3242 1117; x_wconf 80' lang='grc' dir='ltr'><strong>παρά</strong></span> <span class='ocrx_word' id='word_1_95' title='bbox 3277 1044 3438 1100; x_wconf 77' lang='grc' dir='ltr'>παντὶ</span> <span class='ocrx_word' id='word_1_96' title='bbox 3465 1040 3542 1111; x_wconf 83' lang='grc' dir='ltr'>τῷ</span> <span class='ocrx_word' id='word_1_97' title='bbox 3580 1039 3704 1109; x_wconf 85' lang='grc' dir='ltr'><strong>λαῷ</strong></span> 
     </span>
    </p>
   </div>
   <div class='ocr_carea' id='block_1_15' title="bbox 455 1132 2046 1227">
    <p class='ocr_par' dir='ltr' id='par_1_15' title="bbox 455 1150 2019 1227">
     <span class='ocr_line' id='line_1_15' title="bbox 455 1150 2019 1227; baseline -0.004 -19"><span class='ocrx_word' id='word_1_98' title='bbox 455 1157 601 1210; x_wconf 88' lang='lat' dir='ltr'><strong>enim</strong></span> <span class='ocrx_word' id='word_1_99' title='bbox 628 1156 858 1227; x_wconf 90' lang='lat' dir='ltr'><strong>populus</strong></span> <span class='ocrx_word' id='word_1_100' title='bbox 888 1154 1164 1210; x_wconf 86' lang='lat' dir='ltr'><strong>fatebatur</strong></span> <span class='ocrx_word' id='word_1_101' title='bbox 1194 1152 1460 1209; x_wconf 86' lang='lat' dir='ltr'><strong>Joannem</strong></span> <span class='ocrx_word' id='word_1_102' title='bbox 1490 1153 1749 1206; x_wconf 85' lang='lat' dir='ltr'><strong>divinitus</strong></span> <span class='ocrx_word' id='word_1_103' title='bbox 1775 1150 2019 1205; x_wconf 88' lang='lat' dir='ltr'><strong>missum.</strong></span> 
     </span>
    </p>
   </div>
   <div class='ocr_carea' id='block_1_16' title="bbox 2154 1132 3709 1227">
    <p class='ocr_par' dir='ltr' id='par_1_16' title="bbox 2154 1132 3709 1227">
     <span class='ocr_line' id='line_1_16' title="bbox 2154 1132 3709 1227; baseline -0.014 -22"><span class='ocrx_word' id='word_1_104' title='bbox 2154 1151 2387 1219; x_wconf 83' lang='grc' dir='ltr'>Ιωάννης</span> <span class='ocrx_word' id='word_1_105' title='bbox 2438 1147 2497 1211; x_wconf 84' lang='grc' dir='ltr'>ἐξ</span> <span class='ocrx_word' id='word_1_106' title='bbox 2543 1143 2788 1216; x_wconf 81' lang='grc' dir='ltr'>οὐρανῶν</span> <span class='ocrx_word' id='word_1_107' title='bbox 2839 1141 3185 1213; x_wconf 76' lang='grc' dir='ltr'><strong>ὡρμημένος.</strong></span> <span class='ocrx_word' id='word_1_108' title='bbox 3235 1132 3400 1227; x_wconf 70' lang='grc' dir='ltr'>Οὗτος</span> <span class='ocrx_word' id='word_1_109' title='bbox 3433 1135 3491 1188; x_wconf 80' lang='grc' dir='ltr'>δὲ</span> <span class='ocrx_word' id='word_1_110' title='bbox 3533 1134 3709 1227; x_wconf 72' lang='grc' dir='ltr'>αὐτὸς</span> 
     </span>
    </p>
   </div>
   <div class='ocr_carea' id='block_1_17' title="bbox 454 1225 2046 1314">
    <p class='ocr_par' dir='ltr' id='par_1_17' title="bbox 454 1225 2024 1314">
     <span class='ocr_line' id='line_1_17' title="bbox 454 1225 2024 1314; baseline -0.006 -11"><span class='ocrx_word' id='word_1_111' title='bbox 454 1225 751 1304; x_wconf 18' lang='grc' dir='ltr'>Ροιτοίίιίο</span> <span class='ocrx_word' id='word_1_112' title='bbox 779 1249 920 1302; x_wconf 87' lang='lat' dir='ltr'><strong>idem</strong></span> <span class='ocrx_word' id='word_1_113' title='bbox 966 1245 1331 1302; x_wconf 90' lang='lat' dir='ltr'><strong>testimonium</strong></span> <span class='ocrx_word' id='word_1_114' title='bbox 1360 1243 1684 1314; x_wconf 68' lang='lat' dir='ltr'><strong>praebuerat,</strong></span> <span class='ocrx_word' id='word_1_115' title='bbox 1727 1242 1868 1297; x_wconf 88' lang='lat' dir='ltr'><strong>unde</strong></span> <span class='ocrx_word' id='word_1_116' title='bbox 1895 1239 2024 1295; x_wconf 88' lang='lat' dir='ltr'><strong>Ser-</strong></span> 
     </span>
    </p>
   </div>
   <div class='ocr_carea' id='block_1_18' title="bbox 2154 1225 3711 1314">
    <p class='ocr_par' dir='ltr' id='par_1_18' title="bbox 2156 1225 3711 1313">
     <span class='ocr_line' id='line_1_18' title="bbox 2156 1225 3711 1313; baseline -0.013 -18"><span class='ocrx_word' id='word_1_117' title='bbox 2156 1239 2418 1313; x_wconf 84' lang='grc' dir='ltr'>μαρτύρει</span> <span class='ocrx_word' id='word_1_118' title='bbox 2455 1237 2534 1309; x_wconf 83' lang='grc' dir='ltr'>τῷ</span> <span class='ocrx_word' id='word_1_119' title='bbox 2562 1237 2773 1308; x_wconf 79' lang='grc' dir='ltr'>Σωτῆρι</span> <span class='ocrx_word' id='word_1_120' title='bbox 2812 1234 2974 1289; x_wconf 87' lang='grc' dir='ltr'>πόθεν</span> <span class='ocrx_word' id='word_1_121' title='bbox 3008 1233 3092 1303; x_wconf 61' lang='lat' dir='ltr'><strong>sit;</strong></span> <span class='ocrx_word' id='word_1_122' title='bbox 3131 1231 3231 1302; x_wconf 74' lang='grc' dir='ltr'><strong>τὴν</strong></span> <span class='ocrx_word' id='word_1_123' title='bbox 3282 1226 3527 1292; x_wconf 76' lang='grc' dir='ltr'>ἐξουσίαν</span> <span class='ocrx_word' id='word_1_124' title='bbox 3557 1225 3711 1294; x_wconf 83' lang='grc' dir='ltr'>εἰλη-</span> 
     </span>
    </p>
   </div>
   <div class='ocr_carea' id='block_1_19' title="bbox 455 1320 2046 1410">
    <p class='ocr_par' dir='ltr' id='par_1_19' title="bbox 455 1333 2023 1410">
     <span class='ocr_line' id='line_1_19' title="bbox 455 1333 2023 1410; baseline -0.004 -17"><span class='ocrx_word' id='word_1_125' title='bbox 455 1351 616 1395; x_wconf 83' lang='lat' dir='ltr'><strong>valor</strong></span> <span class='ocrx_word' id='word_1_126' title='bbox 657 1350 973 1410; x_wconf 88' lang='lat' dir='ltr'><strong>potestatem</strong></span> <span class='ocrx_word' id='word_1_127' title='bbox 1004 1339 1321 1408; x_wconf 80' lang='lat' dir='ltr'><strong>accepisset.</strong></span> <span class='ocrx_word' id='word_1_128' title='bbox 1363 1335 1496 1392; x_wconf 86' lang='lat' dir='ltr'><strong>Cum</strong></span> <span class='ocrx_word' id='word_1_129' title='bbox 1535 1335 1678 1389; x_wconf 92' lang='lat' dir='ltr'><strong>enim</strong></span> <span class='ocrx_word' id='word_1_130' title='bbox 1710 1334 1761 1389; x_wconf 89' lang='lat' dir='ltr'><strong>ei</strong></span> <span class='ocrx_word' id='word_1_131' title='bbox 1806 1333 2023 1403; x_wconf 88' lang='lat' dir='ltr'><strong>quidam</strong></span> 
     </span>
    </p>
   </div>
   <div class='ocr_carea' id='block_1_20' title="bbox 2154 1320 3710 1410">
    <p class='ocr_par' dir='ltr' id='par_1_20' title="bbox 2154 1320 3710 1403">
     <span class='ocr_line' id='line_1_20' title="bbox 2154 1320 3710 1403; baseline -0.01 -18"><span class='ocrx_word' id='word_1_132' title='bbox 2154 1335 2261 1398; x_wconf 80' lang='grc' dir='ltr'>›ὠς.</span> <span class='ocrx_word' id='word_1_133' title='bbox 2300 1333 2388 1397; x_wconf 81' lang='grc' dir='ltr'>Ὠς</span> <span class='ocrx_word' id='word_1_134' title='bbox 2431 1332 2541 1403; x_wconf 84' lang='grc' dir='ltr'><strong>γὰρ</strong></span> <span class='ocrx_word' id='word_1_135' title='bbox 2584 1327 2924 1401; x_wconf 82' lang='grc' dir='ltr'>ἀπήγγελλον</span> <span class='ocrx_word' id='word_1_136' title='bbox 2973 1323 3119 1394; x_wconf 81' lang='grc' dir='ltr'><strong>αὐτῷ</strong></span> <span class='ocrx_word' id='word_1_137' title='bbox 3165 1339 3327 1385; x_wconf 83' lang='grc' dir='ltr'>τινες,</span> <span class='ocrx_word' id='word_1_138' title='bbox 3361 1322 3440 1374; x_wconf 87' lang='grc' dir='ltr'>ὃτι</span> <span class='ocrx_word' id='word_1_139' title='bbox 3493 1320 3710 1389; x_wconf 74' lang='grc' dir='ltr'>Ἰησοῦς</span> 
     </span>
    </p>
   </div>
   <div class='ocr_carea' id='block_1_21' title="bbox 457 1410 2046 1500">
    <p class='ocr_par' dir='ltr' id='par_1_21' title="bbox 457 1427 2022 1500">
     <span class='ocr_line' id='line_1_21' title="bbox 457 1427 2022 1500; baseline -0.005 -14"><span class='ocrx_word' id='word_1_140' title='bbox 457 1431 793 1487; x_wconf 85' lang='lat' dir='ltr'><strong>nuntiassent</strong></span> <span class='ocrx_word' id='word_1_141' title='bbox 819 1430 998 1487; x_wconf 82' lang='lat' dir='ltr'><strong>Jesom</strong></span> <span class='ocrx_word' id='word_1_142' title='bbox 1030 1431 1327 1500; x_wconf 80' lang='lat' dir='ltr'><strong>baptizare,</strong></span> <span class='ocrx_word' id='word_1_143' title='bbox 1363 1427 1666 1497; x_wconf 75' lang='lat' dir='ltr'><strong>huiusmodi</strong></span> <span class='ocrx_word' id='word_1_144' title='bbox 1706 1440 2022 1496; x_wconf 83' lang='lat' dir='ltr'><strong>responsum</strong></span> 
     </span>
    </p>
   </div>
   <div class='ocr_carea' id='block_1_22' title="bbox 2154 1410 3713 1500">
    <p class='ocr_par' dir='ltr' id='par_1_22' title="bbox 2154 1410 3713 1493">
     <span class='ocr_line' id='line_1_22' title="bbox 2154 1410 3713 1493; baseline -0.009 -20"><span class='ocrx_word' id='word_1_145' title='bbox 2154 1421 2397 1489; x_wconf 67' lang='lat' dir='ltr'><strong>LamiCet,</strong></span> <span class='ocrx_word' id='word_1_146' title='bbox 2435 1421 2749 1493; x_wconf 75' lang='grc' dir='ltr'>ἀποκριθεὶς</span> <span class='ocrx_word' id='word_1_147' title='bbox 2777 1414 2931 1472; x_wconf 74' lang='grc' dir='ltr'>εἶπεν</span> <span class='ocrx_word' id='word_1_148' title='bbox 2963 1417 3176 1478; x_wconf 75' lang='grc' dir='ltr'>αὐτοῖς’</span> <span class='ocrx_word' id='word_1_149' title='bbox 3234 1413 3309 1465; x_wconf 82' lang='grc' dir='ltr'><strong>Οὐ</strong></span> <span class='ocrx_word' id='word_1_150' title='bbox 3357 1411 3583 1464; x_wconf 82' lang='grc' dir='ltr'>δύναται</span> <span class='ocrx_word' id='word_1_151' title='bbox 3612 1410 3713 1462; x_wconf 83' lang='grc' dir='ltr'><strong>ἆν-</strong></span> 
     </span>
    </p>
   </div>
   <div class='ocr_carea' id='block_1_23' title="bbox 456 1496 2046 1594">
    <p class='ocr_par' dir='ltr' id='par_1_23' title="bbox 456 1496 2027 1594">
     <span class='ocr_line' id='line_1_23' title="bbox 456 1496 2027 1594; baseline -0.004 -16"><span class='ocrx_word' id='word_1_152' title='bbox 456 1525 627 1579; x_wconf 84' lang='lat' dir='ltr'><strong>edidit</strong></span> <span class='ocrx_word' id='word_1_153' title='bbox 657 1541 672 1578; x_wconf 91' lang='lat'><strong>:</strong></span> <span class='ocrx_word' id='word_1_154' title='bbox 709 1523 825 1579; x_wconf 88' lang='lat' dir='ltr'><strong>Non</strong></span> <span class='ocrx_word' id='word_1_155' title='bbox 857 1532 1029 1594; x_wconf 87' lang='lat' dir='ltr'><strong>potest</strong></span> <span class='ocrx_word' id='word_1_156' title='bbox 1059 1496 1220 1577; x_wconf 83' lang='lat' dir='ltr'><strong>homo</strong></span> <span class='ocrx_word' id='word_1_157' title='bbox 1243 1537 1274 1575; x_wconf 90' lang='lat' dir='ltr'><strong>a</strong></span> <span class='ocrx_word' id='word_1_158' title='bbox 1318 1496 1494 1590; x_wconf 84' lang='lat' dir='ltr'><strong>seipso</strong></span> <span class='ocrx_word' id='word_1_159' title='bbox 1548 1520 1838 1590; x_wconf 81' lang='lat' dir='ltr'><strong>quidquam</strong></span> <span class='ocrx_word' id='word_1_160' title='bbox 1887 1518 2027 1573; x_wconf 86' lang='lat' dir='ltr'><strong>acci-</strong></span> 
     </span>
    </p>
   </div>
   <div class='ocr_carea' id='block_1_24' title="bbox 2154 1496 3711 1594">
    <p class='ocr_par' dir='ltr' id='par_1_24' title="bbox 2154 1496 3711 1594">
     <span class='ocr_line' id='line_1_24' title="bbox 2154 1496 3711 1594; baseline -0.011 -22"><span class='ocrx_word' id='word_1_161' title='bbox 2154 1533 2342 1589; x_wconf 76' lang='grc' dir='ltr'>ιρωπος</span> <span class='ocrx_word' id='word_1_162' title='bbox 2389 1515 2686 1586; x_wconf 74' lang='grc' dir='ltr'>λαμϐάνειν</span> <span class='ocrx_word' id='word_1_163' title='bbox 2743 1512 2835 1582; x_wconf 86' lang='grc' dir='ltr'>ἀφ’</span> <span class='ocrx_word' id='word_1_164' title='bbox 2892 1509 3086 1563; x_wconf 72' lang='grc' dir='ltr'>ἑαυτοῦ</span> <span class='ocrx_word' id='word_1_165' title='bbox 3151 1505 3322 1569; x_wconf 81' lang='grc' dir='ltr'>οὐδὲν,</span> <span class='ocrx_word' id='word_1_166' title='bbox 3379 1503 3474 1557; x_wconf 82' lang='grc' dir='ltr'>ἐὰν</span> <span class='ocrx_word' id='word_1_167' title='bbox 3534 1502 3610 1594; x_wconf 69' lang='grc' dir='ltr'><strong>μὴ</strong></span> 
     </span>
    </p>
   </div>
   <div class='ocr_carea' id='block_1_25' title="bbox 460 1593 2046 1688">
    <p class='ocr_par' dir='ltr' id='par_1_25' title="bbox 460 1593 2027 1688">
     <span class='ocr_line' id='line_1_25' title="bbox 460 1593 2027 1688; baseline -0.003 -19"><span class='ocrx_word' id='word_1_168' title='bbox 460 1631 623 1688; x_wconf 90' lang='lat' dir='ltr'><strong>pere,</strong></span> <span class='ocrx_word' id='word_1_169' title='bbox 669 1616 771 1669; x_wconf 83' lang='lat' dir='ltr'><strong>nisi</strong></span> <span class='ocrx_word' id='word_1_170' title='bbox 816 1593 867 1668; x_wconf 87' lang='lat' dir='ltr'><strong>ei</strong></span> <span class='ocrx_word' id='word_1_171' title='bbox 912 1614 1094 1667; x_wconf 90' lang='lat' dir='ltr'><strong>datum</strong></span> <span class='ocrx_word' id='word_1_172' title='bbox 1137 1610 1302 1666; x_wconf 85' lang='lat' dir='ltr'><strong>fuerit</strong></span> <span class='ocrx_word' id='word_1_173' title='bbox 1341 1611 1408 1665; x_wconf 89' lang='lat' dir='ltr'><strong>de</strong></span> <span class='ocrx_word' id='word_1_174' title='bbox 1440 1608 1580 1664; x_wconf 69' lang='lat' dir='ltr'><strong>caelo</strong></span> <span class='ocrx_word' id='word_1_175' title='bbox 1616 1609 1865 1678; x_wconf 87' lang='lat' dir='ltr'><strong>desuper.</strong></span> <span class='ocrx_word' id='word_1_176' title='bbox 1918 1606 2027 1664; x_wconf 79' lang='lat' dir='ltr'><strong>Vos</strong></span> 
     </span>
    </p>
   </div>
   <div class='ocr_carea' id='block_1_26' title="bbox 2154 1593 3716 1688">
    <p class='ocr_par' dir='ltr' id='par_1_26' title="bbox 2154 1593 3716 1678">
     <span class='ocr_line' id='line_1_26' title="bbox 2154 1593 3716 1678; baseline -0.012 -17"><span class='ocrx_word' id='word_1_177' title='bbox 2154 1608 2409 1678; x_wconf 77' lang='grc' dir='ltr'>εδομὲνον</span> <span class='ocrx_word' id='word_1_178' title='bbox 2469 1605 2618 1676; x_wconf 80' lang='grc' dir='ltr'>αὐτῷ</span> <span class='ocrx_word' id='word_1_179' title='bbox 2679 1606 2744 1658; x_wconf 84' lang='grc' dir='ltr'><strong>ἐκ</strong></span> <span class='ocrx_word' id='word_1_180' title='bbox 2801 1601 2895 1656; x_wconf 82' lang='grc' dir='ltr'><strong>τοῦ</strong></span> <span class='ocrx_word' id='word_1_181' title='bbox 2965 1597 3195 1672; x_wconf 80' lang='grc' dir='ltr'>οὐρανοῦ</span> <span class='ocrx_word' id='word_1_182' title='bbox 3253 1596 3481 1651; x_wconf 85' lang='grc' dir='ltr'>ἀνωθεν.</span> <span class='ocrx_word' id='word_1_183' title='bbox 3541 1593 3716 1646; x_wconf 71' lang='grc' dir='ltr'>Αὐτοὶ</span> 
     </span>
    </p>
   </div>
   <div class='ocr_carea' id='block_1_27' title="bbox 461 1681 2046 1770">
    <p class='ocr_par' dir='ltr' id='par_1_27' title="bbox 461 1681 2024 1769">
     <span class='ocr_line' id='line_1_27' title="bbox 461 1681 2024 1769; baseline -0.003 -9"><span class='ocrx_word' id='word_1_184' title='bbox 461 1681 594 1761; x_wconf 68' lang='lat' dir='ltr'><strong>inihi</strong></span> <span class='ocrx_word' id='word_1_185' title='bbox 634 1706 765 1761; x_wconf 84' lang='lat' dir='ltr'><strong>dicti</strong></span> <span class='ocrx_word' id='word_1_186' title='bbox 799 1705 902 1760; x_wconf 89' lang='lat' dir='ltr'><strong>mei</strong></span> <span class='ocrx_word' id='word_1_187' title='bbox 941 1712 1106 1759; x_wconf 84' lang='lat' dir='ltr'><strong>testes</strong></span> <span class='ocrx_word' id='word_1_188' title='bbox 1143 1704 1299 1769; x_wconf 88' lang='lat' dir='ltr'><strong>estis,</strong></span> <span class='ocrx_word' id='word_1_189' title='bbox 1328 1717 1416 1758; x_wconf 93' lang='lat' dir='ltr'><strong>me</strong></span> <span class='ocrx_word' id='word_1_190' title='bbox 1445 1701 1717 1757; x_wconf 84' lang='lat' dir='ltr'><strong>Christum</strong></span> <span class='ocrx_word' id='word_1_191' title='bbox 1749 1716 1857 1756; x_wconf 90' lang='lat' dir='ltr'><strong>non</strong></span> <span class='ocrx_word' id='word_1_192' title='bbox 1882 1715 2024 1768; x_wconf 90' lang='lat' dir='ltr'><strong>esse,</strong></span> 
     </span>
    </p>
   </div>
   <div class='ocr_carea' id='block_1_28' title="bbox 2154 1681 3716 1770">
    <p class='ocr_par' dir='ltr' id='par_1_28' title="bbox 2154 1681 3716 1770">
     <span class='ocr_line' id='line_1_28' title="bbox 2154 1681 3716 1770; baseline -0.011 -18"><span class='ocrx_word' id='word_1_193' title='bbox 2154 1700 2286 1770; x_wconf 72' lang='grc' dir='ltr'>ιμείς</span> <span class='ocrx_word' id='word_1_194' title='bbox 2343 1695 2672 1768; x_wconf 79' lang='grc' dir='ltr'>μαρτυρεῖτέ</span> <span class='ocrx_word' id='word_1_195' title='bbox 2735 1711 2847 1766; x_wconf 82' lang='grc' dir='ltr'>μοι,</span> <span class='ocrx_word' id='word_1_196' title='bbox 2909 1693 2990 1746; x_wconf 83' lang='grc' dir='ltr'>ὅτι</span> <span class='ocrx_word' id='word_1_197' title='bbox 3020 1687 3172 1745; x_wconf 79' lang='grc' dir='ltr'>εἶπον</span> <span class='ocrx_word' id='word_1_198' title='bbox 3197 1707 3211 1723; x_wconf 75' lang='grc'><strong><em>⁸</em></strong></span> <span class='ocrx_word' id='word_1_199' title='bbox 3244 1690 3358 1743; x_wconf 80' lang='grc' dir='ltr'>Οὐκ</span> <span class='ocrx_word' id='word_1_200' title='bbox 3383 1687 3499 1755; x_wconf 79' lang='grc' dir='ltr'><strong>εἰμί</strong></span> <span class='ocrx_word' id='word_1_201' title='bbox 3535 1684 3648 1752; x_wconf 81' lang='grc' dir='ltr'><strong>ἐγὼ</strong></span> <span class='ocrx_word' id='word_1_202' title='bbox 3683 1681 3716 1736; x_wconf 88' lang='grc' dir='ltr'><strong><em>ὁ</em></strong></span> 
     </span>
    </p>
   </div>
   <div class='ocr_carea' id='block_1_29' title="bbox 462 1773 2046 1866">
    <p class='ocr_par' dir='ltr' id='par_1_29' title="bbox 462 1794 2031 1866">
     <span class='ocr_line' id='line_1_29' title="bbox 462 1794 2031 1866; baseline -0.001 -18"><span class='ocrx_word' id='word_1_203' title='bbox 462 1806 830 1852; x_wconf 77' lang='lat' dir='ltr'><strong>verumtamen</strong></span> <span class='ocrx_word' id='word_1_204' title='bbox 875 1796 1002 1850; x_wconf 87' lang='lat' dir='ltr'><strong>huic</strong></span> <span class='ocrx_word' id='word_1_205' title='bbox 1029 1795 1335 1850; x_wconf 80' lang='lat' dir='ltr'><strong>adventanti</strong></span> <span class='ocrx_word' id='word_1_206' title='bbox 1363 1795 1696 1866; x_wconf 67' lang='lat' dir='ltr'><strong>praemissum</strong></span> <span class='ocrx_word' id='word_1_207' title='bbox 1717 1794 1791 1858; x_wconf 61' lang='grc' dir='ltr'>ἰς</span> <span class='ocrx_word' id='word_1_208' title='bbox 1833 1801 1888 1848; x_wconf 92' lang='lat' dir='ltr'><strong>et</strong></span> <span class='ocrx_word' id='word_1_209' title='bbox 1911 1808 2031 1848; x_wconf 83' lang='lat' dir='ltr'><strong>rur-</strong></span> 
     </span>
    </p>
   </div>
   <div class='ocr_carea' id='block_1_30' title="bbox 2154 1773 3716 1866">
    <p class='ocr_par' dir='ltr' id='par_1_30' title="bbox 2154 1773 3716 1863">
     <span class='ocr_line' id='line_1_30' title="bbox 2154 1773 3716 1863; baseline -0.013 -18"><span class='ocrx_word' id='word_1_210' title='bbox 2154 1791 2396 1863; x_wconf 76' lang='grc' dir='ltr'>ίριστὺς,</span> <span class='ocrx_word' id='word_1_211' title='bbox 2455 1788 2572 1843; x_wconf 82' lang='grc' dir='ltr'>ἀλλ’</span> <span class='ocrx_word' id='word_1_212' title='bbox 2623 1789 2706 1842; x_wconf 85' lang='grc' dir='ltr'><strong>ὄτι</strong></span> <span class='ocrx_word' id='word_1_213' title='bbox 2767 1783 3176 1854; x_wconf 79' lang='grc' dir='ltr'><strong>ἀπεσταλμένος</strong></span> <span class='ocrx_word' id='word_1_214' title='bbox 3224 1780 3342 1851; x_wconf 70' lang='grc' dir='ltr'>εἰμὶ</span> <span class='ocrx_word' id='word_1_215' title='bbox 3397 1773 3716 1848; x_wconf 80' lang='grc' dir='ltr'>ἔμπροσθεν</span> 
     </span>
    </p>
   </div>
   <div class='ocr_carea' id='block_1_31' title="bbox 461 1867 2046 1956">
    <p class='ocr_par' dir='ltr' id='par_1_31' title="bbox 461 1885 2030 1956">
     <span class='ocr_line' id='line_1_31' title="bbox 461 1885 2030 1956; baseline -0.004 -12"><span class='ocrx_word' id='word_1_216' title='bbox 461 1905 556 1944; x_wconf 88' lang='lat' dir='ltr'><strong>sus</strong></span> <span class='ocrx_word' id='word_1_217' title='bbox 582 1907 596 1943; x_wconf 87' lang='lat'><strong>:</strong></span> <span class='ocrx_word' id='word_1_218' title='bbox 632 1889 734 1954; x_wconf 83' lang='lat' dir='ltr'><strong>Qui</strong></span> <span class='ocrx_word' id='word_1_219' title='bbox 757 1889 1032 1942; x_wconf 72' lang='lat' dir='ltr'><strong>desursum</strong></span> <span class='ocrx_word' id='word_1_220' title='bbox 1058 1889 1213 1951; x_wconf 78' lang='lat' dir='ltr'><strong>venit,</strong></span> <span class='ocrx_word' id='word_1_221' title='bbox 1243 1903 1407 1956; x_wconf 80' lang='lat' dir='ltr'><strong>supra</strong></span> <span class='ocrx_word' id='word_1_222' title='bbox 1431 1902 1608 1940; x_wconf 86' lang='lat' dir='ltr'><strong>omnes</strong></span> <span class='ocrx_word' id='word_1_223' title='bbox 1633 1894 1708 1940; x_wconf 84' lang='lat' dir='ltr'><strong>est</strong></span> <span class='ocrx_word' id='word_1_224' title='bbox 1727 1886 1806 1950; x_wconf 85' lang='lat'><strong>&quot;;</strong></span> <span class='ocrx_word' id='word_1_225' title='bbox 1837 1885 2030 1939; x_wconf 84' lang='lat' dir='ltr'><strong>denuo-</strong></span> 
     </span>
    </p>
   </div>
   <div class='ocr_carea' id='block_1_32' title="bbox 2154 1867 3718 1956">
    <p class='ocr_par' dir='ltr' id='par_1_32' title="bbox 2154 1867 3718 1942">
     <span class='ocr_line' id='line_1_32' title="bbox 2154 1867 3718 1942; baseline -0.012 -6"><span class='ocrx_word' id='word_1_226' title='bbox 2154 1880 2340 1936; x_wconf 54' lang='grc' dir='ltr'>,κείνου</span> <span class='ocrx_word' id='word_1_227' title='bbox 2364 1898 2380 1912; x_wconf 72' lang='grc'><strong>⁸</strong></span> <span class='ocrx_word' id='word_1_228' title='bbox 2410 1882 2503 1934; x_wconf 74' lang='grc' dir='ltr'><strong>καὶ</strong></span> <span class='ocrx_word' id='word_1_229' title='bbox 2547 1878 2730 1932; x_wconf 71' lang='grc' dir='ltr'><strong>πάλινρ</strong></span> <span class='ocrx_word' id='word_1_230' title='bbox 2768 1877 2823 1930; x_wconf 91' lang='grc' dir='ltr'><strong><em>Ὁ</em></strong></span> <span class='ocrx_word' id='word_1_231' title='bbox 2868 1876 3099 1929; x_wconf 77' lang='grc' dir='ltr'>ἄνωθεν</span> <span class='ocrx_word' id='word_1_232' title='bbox 3146 1872 3470 1942; x_wconf 82' lang='grc' dir='ltr'><strong>ἐρχόμενος</strong></span> <span class='ocrx_word' id='word_1_233' title='bbox 3508 1867 3718 1920; x_wconf 77' lang='grc' dir='ltr'>ἐπάνω</span> 
     </span>
    </p>
   </div>
   <div class='ocr_carea' id='block_1_33' title="bbox 461 1957 2046 2050">
    <p class='ocr_par' dir='ltr' id='par_1_33' title="bbox 461 1977 2031 2050">
     <span class='ocr_line' id='line_1_33' title="bbox 461 1977 2031 2050; baseline -0.001 -18"><span class='ocrx_word' id='word_1_234' title='bbox 461 1995 567 2050; x_wconf 89' lang='lat' dir='ltr'><strong>que</strong></span> <span class='ocrx_word' id='word_1_235' title='bbox 595 1996 610 2032; x_wconf 93' lang='lat'>:</span> <span class='ocrx_word' id='word_1_236' title='bbox 646 1979 808 2033; x_wconf 79' lang='lat' dir='ltr'><strong>Pater</strong></span> <span class='ocrx_word' id='word_1_237' title='bbox 843 1979 1018 2048; x_wconf 84' lang='lat' dir='ltr'><strong>diligit</strong></span> <span class='ocrx_word' id='word_1_238' title='bbox 1047 1977 1271 2043; x_wconf 78' lang='lat' dir='ltr'><strong>Filium,</strong></span> <span class='ocrx_word' id='word_1_239' title='bbox 1304 1989 1356 2032; x_wconf 86' lang='lat' dir='ltr'><strong>et</strong></span> <span class='ocrx_word' id='word_1_240' title='bbox 1385 1979 1564 2033; x_wconf 80' lang='lat' dir='ltr'><strong>omnia</strong></span> <span class='ocrx_word' id='word_1_241' title='bbox 1599 1977 1815 2030; x_wconf 78' lang='lat' dir='ltr'><strong>tradidit</strong></span> <span class='ocrx_word' id='word_1_242' title='bbox 1849 1977 2031 2030; x_wconf 86' lang='lat' dir='ltr'><strong>manui</strong></span> 
     </span>
    </p>
   </div>
   <div class='ocr_carea' id='block_1_34' title="bbox 2154 1957 3720 2050">
    <p class='ocr_par' dir='ltr' id='par_1_34' title="bbox 2154 1957 3720 2050">
     <span class='ocr_line' id='line_1_34' title="bbox 2154 1957 3720 2050; baseline -0.013 -20"><span class='ocrx_word' id='word_1_243' title='bbox 2154 1975 2379 2029; x_wconf 73' lang='grc' dir='ltr'>τάντων</span> <span class='ocrx_word' id='word_1_244' title='bbox 2415 1971 2577 2026; x_wconf 76' lang='grc' dir='ltr'>ἐστι·</span> <span class='ocrx_word' id='word_1_245' title='bbox 2619 1970 2716 2024; x_wconf 82' lang='grc' dir='ltr'>καὶ</span> <span class='ocrx_word' id='word_1_246' title='bbox 2761 1964 2938 2030; x_wconf 77' lang='grc' dir='ltr'>αὗθις-ο</span> <span class='ocrx_word' id='word_1_247' title='bbox 3006 1966 3060 2019; x_wconf 90' lang='grc' dir='ltr'><em>Ὁ</em></span> <span class='ocrx_word' id='word_1_248' title='bbox 3106 1963 3310 2032; x_wconf 78' lang='grc' dir='ltr'>Πατὴρ</span> <span class='ocrx_word' id='word_1_249' title='bbox 3356 1957 3572 2050; x_wconf 12' lang='grc' dir='ltr'>ἀταπᾷῗ</span> <span class='ocrx_word' id='word_1_250' title='bbox 3602 1957 3720 2050; x_wconf 67' lang='grc' dir='ltr'>τόν</span> 
     </span>
    </p>
   </div>
   <div class='ocr_carea' id='block_1_35' title="bbox 461 2068 2030 2141">
    <p class='ocr_par' dir='ltr' id='par_1_35' title="bbox 461 2068 2030 2141">
     <span class='ocr_line' id='line_1_35' title="bbox 461 2068 2030 2141; baseline -0.001 -16"><span class='ocrx_word' id='word_1_251' title='bbox 461 2073 576 2141; x_wconf 88' lang='lat' dir='ltr'><strong>ejus</strong></span> <span class='ocrx_word' id='word_1_252' title='bbox 597 2071 663 2125; x_wconf 80' lang='grc'>⁸⁸.</span> <span class='ocrx_word' id='word_1_253' title='bbox 698 2069 802 2136; x_wconf 84' lang='lat' dir='ltr'><strong>Qui</strong></span> <span class='ocrx_word' id='word_1_254' title='bbox 825 2070 986 2124; x_wconf 80' lang='lat' dir='ltr'><strong>credit</strong></span> <span class='ocrx_word' id='word_1_255' title='bbox 1014 2070 1067 2123; x_wconf 83' lang='lat' dir='ltr'><strong>in</strong></span> <span class='ocrx_word' id='word_1_256' title='bbox 1087 2068 1312 2135; x_wconf 82' lang='lat' dir='ltr'><strong>Fili-um,</strong></span> <span class='ocrx_word' id='word_1_257' title='bbox 1338 2068 1488 2123; x_wconf 78' lang='lat' dir='ltr'><strong>habet</strong></span> <span class='ocrx_word' id='word_1_258' title='bbox 1514 2069 1668 2122; x_wconf 81' lang='lat' dir='ltr'><strong>vitam</strong></span> <span class='ocrx_word' id='word_1_259' title='bbox 1694 2078 1943 2123; x_wconf 67' lang='lat' dir='ltr'><strong>(sternant</strong></span> <span class='ocrx_word' id='word_1_260' title='bbox 1962 2068 2030 2124; x_wconf 84' lang='lat'><strong>&quot;.</strong></span> 
     </span>
    </p>
   </div>
   <div class='ocr_carea' id='block_1_36' title="bbox 463 2160 2034 2236">
    <p class='ocr_par' dir='ltr' id='par_1_36' title="bbox 463 2160 2034 2236">
     <span class='ocr_line' id='line_1_36' title="bbox 463 2160 2034 2236; baseline -0.002 -19"><span class='ocrx_word' id='word_1_261' title='bbox 463 2163 628 2236; x_wconf 71' lang='lat' dir='ltr'><strong>Igitur</strong></span> <span class='ocrx_word' id='word_1_262' title='bbox 653 2179 718 2220; x_wconf 78' lang='lat' dir='ltr'><strong>ex</strong></span> <span class='ocrx_word' id='word_1_263' title='bbox 740 2162 968 2219; x_wconf 85' lang='lat' dir='ltr'><strong>Joannis</strong></span> <span class='ocrx_word' id='word_1_264' title='bbox 996 2163 1307 2219; x_wconf 90' lang='lat' dir='ltr'><strong>testimonio</strong></span> <span class='ocrx_word' id='word_1_265' title='bbox 1335 2160 1680 2232; x_wconf 88' lang='lat' dir='ltr'><strong>perspicuum</strong></span> <span class='ocrx_word' id='word_1_266' title='bbox 1719 2169 1871 2225; x_wconf 88' lang='lat' dir='ltr'><strong>erat,</strong></span> <span class='ocrx_word' id='word_1_267' title='bbox 1897 2175 2034 2231; x_wconf 90' lang='lat' dir='ltr'><strong>qua-</strong></span> 
     </span>
    </p>
   </div>
   <div class='ocr_carea' id='block_1_37' title="bbox 465 2254 2034 2328">
    <p class='ocr_par' dir='ltr' id='par_1_37' title="bbox 465 2254 2034 2328">
     <span class='ocr_line' id='line_1_37' title="bbox 465 2254 2034 2328; baseline -0.001 -16"><span class='ocrx_word' id='word_1_268' title='bbox 465 2273 590 2312; x_wconf 91' lang='lat' dir='ltr'><strong>nam</strong></span> <span class='ocrx_word' id='word_1_269' title='bbox 630 2266 895 2328; x_wconf 87' lang='lat' dir='ltr'><strong>potestate</strong></span> <span class='ocrx_word' id='word_1_270' title='bbox 919 2255 1035 2311; x_wconf 66' lang='lat' dir='ltr'><strong>haec.</strong></span> <span class='ocrx_word' id='word_1_271' title='bbox 1066 2254 1322 2310; x_wconf 88' lang='lat' dir='ltr'><strong>Servator</strong></span> <span class='ocrx_word' id='word_1_272' title='bbox 1353 2254 1583 2322; x_wconf 82' lang='lat' dir='ltr'><strong>faceret,</strong></span> <span class='ocrx_word' id='word_1_273' title='bbox 1613 2264 1669 2310; x_wconf 88' lang='lat' dir='ltr'><strong>et</strong></span> <span class='ocrx_word' id='word_1_274' title='bbox 1699 2254 1944 2326; x_wconf 86' lang='lat' dir='ltr'><strong>quisnam</strong></span> <span class='ocrx_word' id='word_1_275' title='bbox 1982 2255 2034 2311; x_wconf 89' lang='lat' dir='ltr'><strong>ei</strong></span> 
     </span>
    </p>
   </div>
   <div class='ocr_carea' id='block_1_38' title="bbox 465 2344 1507 2419">
    <p class='ocr_par' dir='ltr' id='par_1_38' title="bbox 465 2344 1507 2419">
     <span class='ocr_line' id='line_1_38' title="bbox 465 2344 1507 2419; baseline -0.003 -16"><span class='ocrx_word' id='word_1_276' title='bbox 465 2349 575 2404; x_wconf 93' lang='lat' dir='ltr'><strong>vim</strong></span> <span class='ocrx_word' id='word_1_277' title='bbox 609 2347 917 2419; x_wconf 89' lang='lat' dir='ltr'><strong>bujusmodi</strong></span> <span class='ocrx_word' id='word_1_278' title='bbox 946 2346 1262 2418; x_wconf 22' lang='lat' dir='ltr'><strong>.impertitus</strong></span> <span class='ocrx_word' id='word_1_279' title='bbox 1295 2344 1507 2402; x_wconf 82' lang='lat' dir='ltr'><strong>fuisset.</strong></span> 
     </span>
    </p>
   </div>
   <div class='ocr_carea' id='block_1_39' title="bbox 644 2520 1850 2596">
    <p class='ocr_par' dir='ltr' id='par_1_39' title="bbox 644 2520 1850 2596">
     <span class='ocr_line' id='line_1_39' title="bbox 644 2520 1850 2596; baseline -0.006 -16"><span class='ocrx_word' id='word_1_280' title='bbox 644 2527 691 2559; x_wconf 80' lang='grc'><strong><em>⁸⁸</em></strong></span> <span class='ocrx_word' id='word_1_281' title='bbox 723 2525 890 2580; x_wconf 82' lang='lat' dir='ltr'><strong>Erunt</strong></span> <span class='ocrx_word' id='word_1_282' title='bbox 918 2526 1068 2596; x_wconf 80' lang='lat' dir='ltr'><strong>signa</strong></span> <span class='ocrx_word' id='word_1_283' title='bbox 1099 2524 1153 2579; x_wconf 85' lang='lat' dir='ltr'><strong>in</strong></span> <span class='ocrx_word' id='word_1_284' title='bbox 1191 2523 1300 2578; x_wconf 89' lang='lat' dir='ltr'><strong>sole</strong></span> <span class='ocrx_word' id='word_1_285' title='bbox 1332 2533 1381 2578; x_wconf 89' lang='lat' dir='ltr'><strong>et</strong></span> <span class='ocrx_word' id='word_1_286' title='bbox 1412 2522 1538 2576; x_wconf 83' lang='lat' dir='ltr'><strong>luna</strong></span> <span class='ocrx_word' id='word_1_287' title='bbox 1571 2538 1633 2576; x_wconf 84' lang='lat' dir='ltr'><strong>ac</strong></span> <span class='ocrx_word' id='word_1_288' title='bbox 1667 2520 1850 2575; x_wconf 85' lang='lat' dir='ltr'><strong>stellis.</strong></span> 
     </span>
    </p>
   </div>
   <div class='ocr_carea' id='block_1_40' title="bbox 541 2614 2038 2686">
    <p class='ocr_par' dir='ltr' id='par_1_40' title="bbox 541 2614 2038 2686">
     <span class='ocr_line' id='line_1_40' title="bbox 541 2614 2038 2686; baseline -0.004 -14"><span class='ocrx_word' id='word_1_289' title='bbox 541 2616 693 2672; x_wconf 80' lang='lat' dir='ltr'><strong>Tunc</strong></span> <span class='ocrx_word' id='word_1_290' title='bbox 718 2618 858 2671; x_wconf 89' lang='lat' dir='ltr'><strong>enim</strong></span> <span class='ocrx_word' id='word_1_291' title='bbox 883 2616 1020 2671; x_wconf 82' lang='lat' dir='ltr'><strong>facta</strong></span> <span class='ocrx_word' id='word_1_292' title='bbox 1050 2617 1161 2686; x_wconf 89' lang='lat' dir='ltr'><strong>jam</strong></span> <span class='ocrx_word' id='word_1_293' title='bbox 1191 2615 1433 2671; x_wconf 80' lang='lat' dir='ltr'><strong>mortalis</strong></span> <span class='ocrx_word' id='word_1_294' title='bbox 1464 2614 1621 2682; x_wconf 87' lang='lat' dir='ltr'><strong>hujus</strong></span> <span class='ocrx_word' id='word_1_295' title='bbox 1649 2617 1769 2668; x_wconf 65' lang='lat' dir='ltr'><strong>vitae</strong></span> <span class='ocrx_word' id='word_1_296' title='bbox 1795 2627 2038 2667; x_wconf 86' lang='lat' dir='ltr'><strong>consum-</strong></span> 
     </span>
    </p>
   </div>
   <div class='ocr_carea' id='block_1_41' title="bbox 469 2705 2040 2780">
    <p class='ocr_par' dir='ltr' id='par_1_41' title="bbox 469 2705 2040 2780">
     <span class='ocr_line' id='line_1_41' title="bbox 469 2705 2040 2780; baseline -0.004 -15"><span class='ocrx_word' id='word_1_297' title='bbox 469 2710 730 2774; x_wconf 84' lang='lat' dir='ltr'><strong>matione,</strong></span> <span class='ocrx_word' id='word_1_298' title='bbox 750 2719 1109 2780; x_wconf 68' lang='lat' dir='ltr'><strong>praetereunte</strong></span> <span class='ocrx_word' id='word_1_299' title='bbox 1132 2708 1288 2778; x_wconf 85' lang='lat' dir='ltr'><strong>hujus</strong></span> <span class='ocrx_word' id='word_1_300' title='bbox 1308 2708 1492 2762; x_wconf 89' lang='lat' dir='ltr'><strong>mundi</strong></span> <span class='ocrx_word' id='word_1_301' title='bbox 1522 2707 1712 2775; x_wconf 75' lang='lat' dir='ltr'><strong>ﬁgura,</strong></span> <span class='ocrx_word' id='word_1_302' title='bbox 1739 2717 1796 2760; x_wconf 89' lang='lat' dir='ltr'><strong>ut</strong></span> <span class='ocrx_word' id='word_1_303' title='bbox 1812 2705 1888 2759; x_wconf 89' lang='lat' dir='ltr'><strong>ait</strong></span> <span class='ocrx_word' id='word_1_304' title='bbox 1906 2707 2040 2776; x_wconf 83' lang='lat' dir='ltr'><strong>Apo-</strong></span> 
     </span>
    </p>
   </div>
   <div class='ocr_carea' id='block_1_42' title="bbox 469 2797 2039 2870">
    <p class='ocr_par' dir='ltr' id='par_1_42' title="bbox 469 2797 2039 2870">
     <span class='ocr_line' id='line_1_42' title="bbox 469 2797 2039 2870; baseline -0.004 -12"><span class='ocrx_word' id='word_1_305' title='bbox 469 2801 640 2858; x_wconf 89' lang='lat' dir='ltr'><strong>stolus</strong></span> <span class='ocrx_word' id='word_1_306' title='bbox 658 2802 725 2870; x_wconf 78' lang='lat'><strong>&quot;,</strong></span> <span class='ocrx_word' id='word_1_307' title='bbox 751 2815 945 2856; x_wconf 90' lang='lat' dir='ltr'><strong>novum</strong></span> <span class='ocrx_word' id='word_1_308' title='bbox 974 2799 1226 2856; x_wconf 62' lang='lat' dir='ltr'><strong>sarculum</strong></span> <span class='ocrx_word' id='word_1_309' title='bbox 1251 2797 1520 2856; x_wconf 87' lang='lat' dir='ltr'><strong>succedet.</strong></span> <span class='ocrx_word' id='word_1_310' title='bbox 1545 2797 1678 2851; x_wconf 85' lang='lat' dir='ltr'><strong>Nam</strong></span> <span class='ocrx_word' id='word_1_311' title='bbox 1707 2813 1803 2868; x_wconf 83' lang='lat' dir='ltr'><strong>pro</strong></span> <span class='ocrx_word' id='word_1_312' title='bbox 1828 2797 2039 2852; x_wconf 91' lang='lat' dir='ltr'><strong>cunctis</strong></span> 
     </span>
    </p>
   </div>
   <div class='ocr_carea' id='block_1_43' title="bbox 468 2889 2037 2962">
    <p class='ocr_par' dir='ltr' id='par_1_43' title="bbox 468 2889 2037 2962">
     <span class='ocr_line' id='line_1_43' title="bbox 468 2889 2037 2962; baseline -0.004 -12"><span class='ocrx_word' id='word_1_313' title='bbox 468 2895 650 2950; x_wconf 83' lang='lat' dir='ltr'><strong>sensui</strong></span> <span class='ocrx_word' id='word_1_314' title='bbox 700 2893 876 2950; x_wconf 82' lang='lat' dir='ltr'><strong>obviis</strong></span> <span class='ocrx_word' id='word_1_315' title='bbox 925 2893 1323 2957; x_wconf 74' lang='lat' dir='ltr'><strong>luminat-ibus,</strong></span> <span class='ocrx_word' id='word_1_316' title='bbox 1364 2891 1454 2962; x_wconf 83' lang='lat' dir='ltr'><strong>qui</strong></span> <span class='ocrx_word' id='word_1_317' title='bbox 1509 2892 1746 2947; x_wconf 85' lang='lat' dir='ltr'><strong>anterius</strong></span> <span class='ocrx_word' id='word_1_318' title='bbox 1785 2889 2037 2944; x_wconf 66' lang='lat' dir='ltr'><strong>Saeculum</strong></span> 
     </span>
    </p>
   </div>
   <div class='ocr_carea' id='block_1_44' title="bbox 469 2981 2041 3056">
    <p class='ocr_par' dir='ltr' id='par_1_44' title="bbox 469 2981 2041 3056">
     <span class='ocr_line' id='line_1_44' title="bbox 469 2981 2041 3056; baseline -0.004 -15"><span class='ocrx_word' id='word_1_319' title='bbox 469 2986 833 3048; x_wconf 81' lang='lat' dir='ltr'><strong>illustrabant,</strong></span> <span class='ocrx_word' id='word_1_320' title='bbox 869 2985 1203 3056; x_wconf 87' lang='lat' dir='ltr'><strong>splendescet</strong></span> <span class='ocrx_word' id='word_1_321' title='bbox 1233 2984 1488 3052; x_wconf 84' lang='lat' dir='ltr'><strong>deinceps</strong></span> <span class='ocrx_word' id='word_1_322' title='bbox 1516 2983 1632 3052; x_wconf 70' lang='lat' dir='ltr'><strong>ipse</strong></span> <span class='ocrx_word' id='word_1_323' title='bbox 1659 2981 2041 3052; x_wconf 85' lang='lat' dir='ltr'><strong>apparebitque</strong></span> 
     </span>
    </p>
   </div>
   <div class='ocr_carea' id='block_1_45' title="bbox 471 3073 2040 3146">
    <p class='ocr_par' dir='ltr' id='par_1_45' title="bbox 471 3073 2040 3146">
     <span class='ocr_line' id='line_1_45' title="bbox 471 3073 2040 3146; baseline -0.004 -12"><span class='ocrx_word' id='word_1_324' title='bbox 471 3078 732 3134; x_wconf 88' lang='lat' dir='ltr'><strong>Servator</strong></span> <span class='ocrx_word' id='word_1_325' title='bbox 757 3087 962 3140; x_wconf 82' lang='lat' dir='ltr'><strong>noster,</strong></span> <span class='ocrx_word' id='word_1_326' title='bbox 997 3078 1272 3146; x_wconf 85' lang='lat' dir='ltr'><strong>princeps,</strong></span> <span class='ocrx_word' id='word_1_327' title='bbox 1296 3085 1351 3130; x_wconf 89' lang='lat' dir='ltr'><strong>et</strong></span> <span class='ocrx_word' id='word_1_328' title='bbox 1377 3075 1665 3140; x_wconf 88' lang='lat' dir='ltr'><strong>luminare,</strong></span> <span class='ocrx_word' id='word_1_329' title='bbox 1700 3084 1754 3128; x_wconf 90' lang='lat' dir='ltr'><strong>et</strong></span> <span class='ocrx_word' id='word_1_330' title='bbox 1786 3089 1880 3127; x_wconf 81' lang='lat' dir='ltr'><strong>rex</strong></span> <span class='ocrx_word' id='word_1_331' title='bbox 1917 3073 2040 3128; x_wconf 87' lang='lat' dir='ltr'><strong>novi</strong></span> 
     </span>
    </p>
   </div>
   <div class='ocr_carea' id='block_1_46' title="bbox 470 3165 2040 3236">
    <p class='ocr_par' dir='ltr' id='par_1_46' title="bbox 470 3165 2040 3236">
     <span class='ocr_line' id='line_1_46' title="bbox 470 3165 2040 3236; baseline -0.003 -12"><span class='ocrx_word' id='word_1_332' title='bbox 470 3169 651 3224; x_wconf 61' lang='lat' dir='ltr'><strong>seculi</strong></span> <span class='ocrx_word' id='word_1_333' title='bbox 688 3169 1119 3223; x_wconf 89' lang='lat' dir='ltr'><strong>constituendus.</strong></span> <span class='ocrx_word' id='word_1_334' title='bbox 1175 3166 1347 3219; x_wconf 86' lang='lat' dir='ltr'><strong>Tanta</strong></span> <span class='ocrx_word' id='word_1_335' title='bbox 1384 3180 1550 3236; x_wconf 89' lang='lat' dir='ltr'><strong>porro</strong></span> <span class='ocrx_word' id='word_1_336' title='bbox 1587 3165 1697 3219; x_wconf 91' lang='lat' dir='ltr'><strong>erit</strong></span> <span class='ocrx_word' id='word_1_337' title='bbox 1741 3165 2040 3219; x_wconf 82' lang='lat' dir='ltr'><strong>divinitatis</strong></span> 
     </span>
    </p>
   </div>
   <div class='ocr_carea' id='block_1_47' title="bbox 472 3256 2039 3328">
    <p class='ocr_par' dir='ltr' id='par_1_47' title="bbox 472 3256 2039 3328">
     <span class='ocr_line' id='line_1_47' title="bbox 472 3256 2039 3328; baseline -0.003 -13"><span class='ocrx_word' id='word_1_338' title='bbox 472 3262 528 3317; x_wconf 85' lang='lat' dir='ltr'><strong>in</strong></span> <span class='ocrx_word' id='word_1_339' title='bbox 571 3276 636 3316; x_wconf 85' lang='lat' dir='ltr'><strong>eo</strong></span> <span class='ocrx_word' id='word_1_340' title='bbox 671 3261 783 3325; x_wconf 89' lang='lat' dir='ltr'><strong>vis,</strong></span> <span class='ocrx_word' id='word_1_341' title='bbox 822 3269 1038 3328; x_wconf 89' lang='lat' dir='ltr'><strong>tamque</strong></span> <span class='ocrx_word' id='word_1_342' title='bbox 1065 3258 1268 3313; x_wconf 74' lang='lat' dir='ltr'><strong>eximia</strong></span> <span class='ocrx_word' id='word_1_343' title='bbox 1310 3256 1554 3328; x_wconf 86' lang='lat' dir='ltr'><strong>ejusdem</strong></span> <span class='ocrx_word' id='word_1_344' title='bbox 1595 3256 1788 3326; x_wconf 76' lang='lat' dir='ltr'><strong>gloria,</strong></span> <span class='ocrx_word' id='word_1_345' title='bbox 1821 3265 1878 3310; x_wconf 92' lang='lat' dir='ltr'><strong>ut</strong></span> <span class='ocrx_word' id='word_1_346' title='bbox 1903 3273 2039 3326; x_wconf 78' lang='lat' dir='ltr'><strong>pra:-</strong></span> 
     </span>
    </p>
   </div>
   <div class='ocr_carea' id='block_1_48' title="bbox 2143 2047 3718 2131">
    <p class='ocr_par' dir='ltr' id='par_1_48' title="bbox 2143 2047 3718 2131">
     <span class='ocr_line' id='line_1_48' title="bbox 2143 2047 3718 2131; baseline -0.013 -10"><span class='ocrx_word' id='word_1_347' title='bbox 2143 2067 2298 2131; x_wconf 55' lang='lat' dir='ltr'><strong>ne»,</strong></span> <span class='ocrx_word' id='word_1_348' title='bbox 2329 2065 2426 2119; x_wconf 75' lang='grc' dir='ltr'>καὶ</span> <span class='ocrx_word' id='word_1_349' title='bbox 2457 2063 2656 2118; x_wconf 79' lang='grc' dir='ltr'>πάντα</span> <span class='ocrx_word' id='word_1_350' title='bbox 2680 2061 2937 2117; x_wconf 76' lang='grc' dir='ltr'>δέδωκεν</span> <span class='ocrx_word' id='word_1_351' title='bbox 2978 2059 3048 2114; x_wconf 77' lang='grc' dir='ltr'><strong>ἐν</strong></span> <span class='ocrx_word' id='word_1_352' title='bbox 3094 2057 3170 2126; x_wconf 76' lang='grc' dir='ltr'>τῇ</span> <span class='ocrx_word' id='word_1_353' title='bbox 3213 2054 3361 2126; x_wconf 79' lang='grc' dir='ltr'>χειρὶ</span> <span class='ocrx_word' id='word_1_354' title='bbox 3401 2049 3609 2106; x_wconf 81' lang='grc' dir='ltr'>αὐτοῦ.</span> <span class='ocrx_word' id='word_1_355' title='bbox 3655 2047 3718 2101; x_wconf 83' lang='grc' dir='ltr'>Ὀ</span> 
     </span>
    </p>
   </div>
   <div class='ocr_carea' id='block_1_49' title="bbox 2136 2139 3722 2222">
    <p class='ocr_par' dir='ltr' id='par_1_49' title="bbox 2136 2139 3722 2222">
     <span class='ocr_line' id='line_1_49' title="bbox 2136 2139 3722 2222; baseline -0.013 -9"><span class='ocrx_word' id='word_1_356' title='bbox 2136 2159 2434 2213; x_wconf 80' lang='grc' dir='ltr'><strong>πιστεύων</strong></span> <span class='ocrx_word' id='word_1_357' title='bbox 2454 2160 2543 2222; x_wconf 81' lang='grc' dir='ltr'><strong>εἰς</strong></span> <span class='ocrx_word' id='word_1_358' title='bbox 2563 2156 2670 2210; x_wconf 63' lang='grc' dir='ltr'>τόν</span> <span class='ocrx_word' id='word_1_359' title='bbox 2709 2155 2848 2209; x_wconf 80' lang='grc' dir='ltr'><strong>Υὶὸν</strong></span> <span class='ocrx_word' id='word_1_360' title='bbox 2869 2154 2994 2222; x_wconf 78' lang='grc' dir='ltr'>ἔχει</span> <span class='ocrx_word' id='word_1_361' title='bbox 3028 2150 3180 2218; x_wconf 81' lang='grc' dir='ltr'><strong>ζωὴν</strong></span> <span class='ocrx_word' id='word_1_362' title='bbox 3219 2146 3476 2202; x_wconf 76' lang='grc' dir='ltr'>αἰώνιον.</span> <span class='ocrx_word' id='word_1_363' title='bbox 3503 2139 3722 2197; x_wconf 73' lang='grc' dir='ltr'>Οὐκοῦν</span> 
     </span>
    </p>
   </div>
   <div class='ocr_carea' id='block_1_50' title="bbox 2135 2229 3723 2322">
    <p class='ocr_par' dir='ltr' id='par_1_50' title="bbox 2135 2229 3723 2322">
     <span class='ocr_line' id='line_1_50' title="bbox 2135 2229 3723 2322; baseline -0.014 -15"><span class='ocrx_word' id='word_1_364' title='bbox 2135 2253 2243 2307; x_wconf 83' lang='grc' dir='ltr'><strong>ἀπὸ</strong></span> <span class='ocrx_word' id='word_1_365' title='bbox 2268 2252 2369 2322; x_wconf 84' lang='grc' dir='ltr'><strong>τῆς</strong></span> <span class='ocrx_word' id='word_1_366' title='bbox 2404 2250 2652 2304; x_wconf 82' lang='grc' dir='ltr'>Ἰωάννου</span> <span class='ocrx_word' id='word_1_367' title='bbox 2685 2247 2813 2318; x_wconf 73' lang='grc' dir='ltr'>περὶ</span> <span class='ocrx_word' id='word_1_368' title='bbox 2844 2244 3009 2300; x_wconf 82' lang='grc' dir='ltr'>αὑτοῦ</span> <span class='ocrx_word' id='word_1_369' title='bbox 3037 2241 3340 2315; x_wconf 81' lang='grc' dir='ltr'>μαρτυρίας</span> <span class='ocrx_word' id='word_1_370' title='bbox 3367 2236 3525 2308; x_wconf 79' lang='grc' dir='ltr'>δῆλος</span> <span class='ocrx_word' id='word_1_371' title='bbox 3555 2229 3625 2304; x_wconf 78' lang='grc' dir='ltr'>ἦν</span> <span class='ocrx_word' id='word_1_372' title='bbox 3654 2234 3723 2286; x_wconf 78' lang='grc' dir='ltr'>ὲν</span> 
     </span>
    </p>
   </div>
   <div class='ocr_carea' id='block_1_51' title="bbox 2136 2324 3723 2416">
    <p class='ocr_par' dir='ltr' id='par_1_51' title="bbox 2136 2324 3723 2416">
     <span class='ocr_line' id='line_1_51' title="bbox 2136 2324 3723 2416; baseline -0.013 -17"><span class='ocrx_word' id='word_1_373' title='bbox 2136 2343 2265 2416; x_wconf 86' lang='grc' dir='ltr'>ποίᾳ</span> <span class='ocrx_word' id='word_1_374' title='bbox 2297 2342 2516 2414; x_wconf 72' lang='grc' dir='ltr'>ἐξουσίᾳ</span> <span class='ocrx_word' id='word_1_375' title='bbox 2547 2341 2723 2396; x_wconf 85' lang='grc' dir='ltr'>ταῦτα</span> <span class='ocrx_word' id='word_1_376' title='bbox 2749 2338 3016 2410; x_wconf 75' lang='grc' dir='ltr'>ἔπραττεν</span> <span class='ocrx_word' id='word_1_377' title='bbox 3041 2338 3069 2390; x_wconf 87' lang='grc' dir='ltr'>ὁ</span> <span class='ocrx_word' id='word_1_378' title='bbox 3100 2333 3309 2405; x_wconf 83' lang='grc' dir='ltr'>Σωτὴρ,</span> <span class='ocrx_word' id='word_1_379' title='bbox 3341 2330 3436 2386; x_wconf 75' lang='grc' dir='ltr'>καὶ</span> <span class='ocrx_word' id='word_1_380' title='bbox 3458 2329 3542 2391; x_wconf 87' lang='grc' dir='ltr'><strong>τίς</strong></span> <span class='ocrx_word' id='word_1_381' title='bbox 3565 2324 3723 2397; x_wconf 78' lang='grc' dir='ltr'>αὐτῷ</span> 
     </span>
    </p>
   </div>
   <div class='ocr_carea' id='block_1_52' title="bbox 2135 2432 3044 2507">
    <p class='ocr_par' dir='ltr' id='par_1_52' title="bbox 2135 2432 3044 2507">
     <span class='ocr_line' id='line_1_52' title="bbox 2135 2432 3044 2507; baseline -0.008 -16"><span class='ocrx_word' id='word_1_382' title='bbox 2135 2436 2354 2492; x_wconf 83' lang='grc' dir='ltr'><strong>δεδώκει</strong></span> <span class='ocrx_word' id='word_1_383' title='bbox 2372 2435 2472 2507; x_wconf 74' lang='grc' dir='ltr'>τὴν</span> <span class='ocrx_word' id='word_1_384' title='bbox 2495 2433 2750 2504; x_wconf 80' lang='grc' dir='ltr'>τοιαύτην</span> <span class='ocrx_word' id='word_1_385' title='bbox 2775 2432 3044 2498; x_wconf 79' lang='grc' dir='ltr'>ἐξουσίαν.</span> 
     </span>
    </p>
   </div>
   <div class='ocr_carea' id='block_1_53' title="bbox 2141 2515 3719 2597">
    <p class='ocr_par' dir='ltr' id='par_1_53' title="bbox 2141 2515 3719 2597">
     <span class='ocr_line' id='line_1_53' title="bbox 2141 2515 3719 2597; baseline -0.012 -13"><span class='ocrx_word' id='word_1_386' title='bbox 2141 2532 2344 2583; x_wconf 85' lang='grc' dir='ltr'>Ἔσται</span> <span class='ocrx_word' id='word_1_387' title='bbox 2371 2527 2587 2597; x_wconf 82' lang='grc' dir='ltr'>σημεῖα</span> <span class='ocrx_word' id='word_1_388' title='bbox 2618 2527 2693 2580; x_wconf 76' lang='grc' dir='ltr'>ἐν</span> <span class='ocrx_word' id='word_1_389' title='bbox 2718 2525 2874 2592; x_wconf 73' lang='grc' dir='ltr'>ἡλίῳ</span> <span class='ocrx_word' id='word_1_390' title='bbox 2907 2522 3004 2577; x_wconf 78' lang='grc' dir='ltr'><strong>καί</strong></span> <span class='ocrx_word' id='word_1_391' title='bbox 3037 2519 3290 2587; x_wconf 77' lang='grc' dir='ltr'>σελήνῃ,</span> <span class='ocrx_word' id='word_1_392' title='bbox 3313 2516 3435 2586; x_wconf 53' lang='grc' dir='ltr'>καὶ,</span> <span class='ocrx_word' id='word_1_393' title='bbox 3451 2515 3719 2584; x_wconf 75' lang='grc' dir='ltr'>ἄστροις.</span> 
     </span>
    </p>
   </div>
   <div class='ocr_carea' id='block_1_54' title="bbox 2211 2607 3722 2694">
    <p class='ocr_par' dir='ltr' id='par_1_54' title="bbox 2211 2607 3722 2694">
     <span class='ocr_line' id='line_1_54' title="bbox 2211 2607 3722 2694; baseline -0.013 -17"><span class='ocrx_word' id='word_1_394' title='bbox 2211 2621 2524 2694; x_wconf 82' lang='grc' dir='ltr'>Τηνικαῡτα</span> <span class='ocrx_word' id='word_1_395' title='bbox 2555 2620 2662 2693; x_wconf 84' lang='grc' dir='ltr'><strong>γὰρ</strong></span> <span class='ocrx_word' id='word_1_396' title='bbox 2707 2620 2808 2690; x_wconf 81' lang='grc' dir='ltr'>τῆς</span> <span class='ocrx_word' id='word_1_397' title='bbox 2849 2615 3156 2677; x_wconf 76' lang='grc' dir='ltr'>συντελείας</span> <span class='ocrx_word' id='word_1_398' title='bbox 3209 2611 3302 2666; x_wconf 76' lang='grc' dir='ltr'>τοῦ</span> <span class='ocrx_word' id='word_1_399' title='bbox 3355 2607 3548 2680; x_wconf 78' lang='grc' dir='ltr'>θνητοῦ</span> <span class='ocrx_word' id='word_1_400' title='bbox 3601 2607 3722 2677; x_wconf 84' lang='grc' dir='ltr'>βίου</span> 
     </span>
    </p>
   </div>
   <div class='ocr_carea' id='block_1_55' title="bbox 2137 2699 3717 2785">
    <p class='ocr_par' dir='ltr' id='par_1_55' title="bbox 2137 2699 3717 2785">
     <span class='ocr_line' id='line_1_55' title="bbox 2137 2699 3717 2785; baseline -0.013 -16"><span class='ocrx_word' id='word_1_401' title='bbox 2137 2714 2456 2785; x_wconf 81' lang='grc' dir='ltr'>γενομένης,</span> <span class='ocrx_word' id='word_1_402' title='bbox 2488 2711 2852 2784; x_wconf 81' lang='grc' dir='ltr'>παρελθόντος</span> <span class='ocrx_word' id='word_1_403' title='bbox 2878 2727 2936 2762; x_wconf 85' lang='grc' dir='ltr'><strong>τε</strong></span> <span class='ocrx_word' id='word_1_404' title='bbox 2959 2707 3053 2760; x_wconf 83' lang='grc' dir='ltr'>τοῦ</span> <span class='ocrx_word' id='word_1_405' title='bbox 3084 2706 3360 2776; x_wconf 80' lang='grc' dir='ltr'>σχήματος</span> <span class='ocrx_word' id='word_1_406' title='bbox 3378 2700 3473 2754; x_wconf 80' lang='grc' dir='ltr'>τοῦ</span> <span class='ocrx_word' id='word_1_407' title='bbox 3507 2699 3717 2768; x_wconf 70' lang='grc' dir='ltr'>κόσμου</span> 
     </span>
    </p>
   </div>
   <div class='ocr_carea' id='block_1_56' title="bbox 2137 2789 3721 2862">
    <p class='ocr_par' dir='ltr' id='par_1_56' title="bbox 2137 2789 3721 2862">
     <span class='ocr_line' id='line_1_56' title="bbox 2137 2789 3721 2862; baseline -0.01 -4"><span class='ocrx_word' id='word_1_408' title='bbox 2137 2805 2326 2860; x_wconf 84' lang='grc' dir='ltr'>τούτου</span> <span class='ocrx_word' id='word_1_409' title='bbox 2365 2803 2504 2858; x_wconf 87' lang='grc' dir='ltr'><strong>κατά</strong></span> <span class='ocrx_word' id='word_1_410' title='bbox 2544 2803 2636 2856; x_wconf 83' lang='grc' dir='ltr'>τὸν</span> <span class='ocrx_word' id='word_1_411' title='bbox 2671 2801 3008 2862; x_wconf 76' lang='grc' dir='ltr'>Ἀπόστολον,</span> <span class='ocrx_word' id='word_1_412' title='bbox 3053 2797 3170 2859; x_wconf 87' lang='grc' dir='ltr'>νέος</span> <span class='ocrx_word' id='word_1_413' title='bbox 3213 2793 3346 2848; x_wconf 81' lang='grc' dir='ltr'>αἰὼν</span> <span class='ocrx_word' id='word_1_414' title='bbox 3378 2789 3721 2860; x_wconf 78' lang='grc' dir='ltr'>διαλήψεται.</span> 
     </span>
    </p>
   </div>
   <div class='ocr_carea' id='block_1_57' title="bbox 2153 2880 3725 2968">
    <p class='ocr_par' dir='ltr' id='par_1_57' title="bbox 2153 2880 3725 2968">
     <span class='ocr_line' id='line_1_57' title="bbox 2153 2880 3725 2968; baseline -0.012 -18"><span class='ocrx_word' id='word_1_415' title='bbox 2153 2897 2296 2948; x_wconf 75' lang='grc' dir='ltr'>Ἀντὶ</span> <span class='ocrx_word' id='word_1_416' title='bbox 2342 2896 2450 2968; x_wconf 81' lang='grc' dir='ltr'>γὰρ</span> <span class='ocrx_word' id='word_1_417' title='bbox 2509 2895 2728 2949; x_wconf 82' lang='grc' dir='ltr'>πάντων</span> <span class='ocrx_word' id='word_1_418' title='bbox 2771 2893 2879 2947; x_wconf 88' lang='grc' dir='ltr'><strong>τῶν</strong></span> <span class='ocrx_word' id='word_1_419' title='bbox 2926 2888 3199 2961; x_wconf 77' lang='grc' dir='ltr'>αἰσθητῶν</span> <span class='ocrx_word' id='word_1_420' title='bbox 3257 2887 3556 2955; x_wconf 81' lang='grc' dir='ltr'>φωστήρων</span> <span class='ocrx_word' id='word_1_421' title='bbox 3611 2880 3725 2933; x_wconf 76' lang='grc' dir='ltr'><strong>τῶν</strong></span> 
     </span>
    </p>
   </div>
   <div class='ocr_carea' id='block_1_58' title="bbox 2142 2970 3724 3060">
    <p class='ocr_par' dir='ltr' id='par_1_58' title="bbox 2142 2970 3724 3060">
     <span class='ocr_line' id='line_1_58' title="bbox 2142 2970 3724 3060; baseline -0.014 -16"><span class='ocrx_word' id='word_1_422' title='bbox 2142 2989 2270 3060; x_wconf 72' lang='grc' dir='ltr'>πρὶν</span> <span class='ocrx_word' id='word_1_423' title='bbox 2301 2988 2641 3058; x_wconf 79' lang='grc' dir='ltr'>φωτιζόντων</span> <span class='ocrx_word' id='word_1_424' title='bbox 2679 2988 2769 3040; x_wconf 84' lang='grc' dir='ltr'><strong>τὸν</strong></span> <span class='ocrx_word' id='word_1_425' title='bbox 2816 2985 2920 3056; x_wconf 78' lang='grc' dir='ltr'>πρὸ</span> <span class='ocrx_word' id='word_1_426' title='bbox 2964 2983 3152 3035; x_wconf 85' lang='grc' dir='ltr'>τούτου</span> <span class='ocrx_word' id='word_1_427' title='bbox 3205 2978 3374 3032; x_wconf 81' lang='grc' dir='ltr'>αἰῶνα</span> <span class='ocrx_word' id='word_1_428' title='bbox 3421 2970 3724 3042; x_wconf 79' lang='grc' dir='ltr'>ἐπιλάμψει</span> 
     </span>
    </p>
   </div>
   <div class='ocr_carea' id='block_1_59' title="bbox 2141 3061 3722 3146">
    <p class='ocr_par' dir='ltr' id='par_1_59' title="bbox 2141 3061 3722 3146">
     <span class='ocr_line' id='line_1_59' title="bbox 2141 3061 3722 3146; baseline -0.006 -14"><span class='ocrx_word' id='word_1_429' title='bbox 2141 3080 2326 3134; x_wconf 85' lang='grc' dir='ltr'>λοιπὸν</span> <span class='ocrx_word' id='word_1_430' title='bbox 2383 3079 2544 3144; x_wconf 76' lang='grc' dir='ltr'>αὐτὸς</span> <span class='ocrx_word' id='word_1_431' title='bbox 2619 3081 2714 3132; x_wconf 73' lang='grc' dir='ltr'>καὶ</span> <span class='ocrx_word' id='word_1_432' title='bbox 2769 3076 3159 3146; x_wconf 77' lang='grc' dir='ltr'>ἐπιφανήσεται</span> <span class='ocrx_word' id='word_1_433' title='bbox 3221 3072 3250 3123; x_wconf 85' lang='grc' dir='ltr'>ὁ</span> <span class='ocrx_word' id='word_1_434' title='bbox 3307 3066 3493 3137; x_wconf 79' lang='grc' dir='ltr'>Σωτὴρ</span> <span class='ocrx_word' id='word_1_435' title='bbox 3539 3061 3722 3134; x_wconf 64' lang='grc' dir='ltr'>ἡμῶν,</span> 
     </span>
    </p>
   </div>
   <div class='ocr_carea' id='block_1_60' title="bbox 2142 3151 3726 3243">
    <p class='ocr_par' dir='ltr' id='par_1_60' title="bbox 2142 3151 3726 3243">
     <span class='ocr_line' id='line_1_60' title="bbox 2142 3151 3726 3243; baseline -0.028 3"><span class='ocrx_word' id='word_1_436' title='bbox 2142 3172 2382 3243; x_wconf 81' lang='grc' dir='ltr'>ἀρχηγὸς</span> <span class='ocrx_word' id='word_1_437' title='bbox 2419 3171 2513 3224; x_wconf 73' lang='grc' dir='ltr'>καὶ</span> <span class='ocrx_word' id='word_1_438' title='bbox 2544 3169 2788 3240; x_wconf 79' lang='grc' dir='ltr'>φωστὴρ,</span> <span class='ocrx_word' id='word_1_439' title='bbox 2826 3167 2919 3220; x_wconf 71' lang='grc' dir='ltr'><strong>καὶ</strong></span> <span class='ocrx_word' id='word_1_440' title='bbox 2939 3163 3186 3236; x_wconf 83' lang='grc' dir='ltr'>βασιλεὺς</span> <span class='ocrx_word' id='word_1_441' title='bbox 3224 3158 3316 3212; x_wconf 78' lang='grc' dir='ltr'>τοῦ</span> <span class='ocrx_word' id='word_1_442' title='bbox 3363 3156 3480 3209; x_wconf 88' lang='grc' dir='ltr'>νέου</span> <span class='ocrx_word' id='word_1_443' title='bbox 3525 3151 3726 3212; x_wconf 83' lang='grc' dir='ltr'>αἰῶνος</span> 
     </span>
    </p>
   </div>
   <div class='ocr_carea' id='block_1_61' title="bbox 2143 3243 3727 3333">
    <p class='ocr_par' dir='ltr' id='par_1_61' title="bbox 2143 3243 3727 3333">
     <span class='ocr_line' id='line_1_61' title="bbox 2143 3243 3727 3333; baseline -0.014 -19"><span class='ocrx_word' id='word_1_444' title='bbox 2143 3263 2637 3333; x_wconf 84' lang='grc' dir='ltr'>καταστησόμενος.</span> <span class='ocrx_word' id='word_1_445' title='bbox 2670 3257 2917 3328; x_wconf 78' lang='grc' dir='ltr'>Τοσαύτη</span> <span class='ocrx_word' id='word_1_446' title='bbox 2947 3255 3004 3308; x_wconf 85' lang='grc' dir='ltr'><strong>δέ</strong></span> <span class='ocrx_word' id='word_1_447' title='bbox 3035 3271 3120 3316; x_wconf 90' lang='grc' dir='ltr'><strong>τις</strong></span> <span class='ocrx_word' id='word_1_448' title='bbox 3165 3250 3372 3319; x_wconf 77' lang='grc' dir='ltr'>ἔσταιή</span> <span class='ocrx_word' id='word_1_449' title='bbox 3401 3247 3498 3316; x_wconf 82' lang='grc' dir='ltr'>τῆς</span> <span class='ocrx_word' id='word_1_450' title='bbox 3536 3243 3727 3333; x_wconf 49' lang='grc' dir='ltr'>θεότηῖ</span> 
     </span>
    </p>
   </div>
   <div class='ocr_carea' id='block_1_62' title="bbox 469 3331 2046 3421">
    <p class='ocr_par' dir='ltr' id='par_1_62' title="bbox 469 3349 2039 3414">
     <span class='ocr_line' id='line_1_62' title="bbox 469 3349 2039 3414; baseline -0.003 -7"><span class='ocrx_word' id='word_1_451' title='bbox 469 3360 684 3407; x_wconf 87' lang='lat' dir='ltr'><strong>sentem</strong></span> <span class='ocrx_word' id='word_1_452' title='bbox 727 3349 894 3407; x_wconf 85' lang='lat' dir='ltr'><strong>solem</strong></span> <span class='ocrx_word' id='word_1_453' title='bbox 932 3366 995 3405; x_wconf 85' lang='lat' dir='ltr'><strong>ac</strong></span> <span class='ocrx_word' id='word_1_454' title='bbox 1036 3351 1214 3405; x_wconf 88' lang='lat' dir='ltr'><strong>lunam</strong></span> <span class='ocrx_word' id='word_1_455' title='bbox 1261 3359 1317 3404; x_wconf 90' lang='lat' dir='ltr'><strong>et</strong></span> <span class='ocrx_word' id='word_1_456' title='bbox 1346 3358 1539 3405; x_wconf 70' lang='lat' dir='ltr'><strong>caetera</strong></span> <span class='ocrx_word' id='word_1_457' title='bbox 1574 3349 1695 3404; x_wconf 67' lang='lat' dir='ltr'><strong>coeli</strong></span> <span class='ocrx_word' id='word_1_458' title='bbox 1731 3349 2039 3414; x_wconf 88' lang='lat' dir='ltr'><strong>luminaria,</strong></span> 
     </span>
    </p>
   </div>
   <div class='ocr_carea' id='block_1_63' title="bbox 2154 3331 3725 3421">
    <p class='ocr_par' dir='ltr' id='par_1_63' title="bbox 2154 3331 3725 3421">
     <span class='ocr_line' id='line_1_63' title="bbox 2154 3331 3725 3421; baseline -0.016 -12"><span class='ocrx_word' id='word_1_459' title='bbox 2154 3371 2234 3417; x_wconf 70' lang='grc' dir='ltr'><strong>τος</strong></span> <span class='ocrx_word' id='word_1_460' title='bbox 2298 3331 2469 3407; x_wconf 70' lang='grc' dir='ltr'>αὐτού</span> <span class='ocrx_word' id='word_1_461' title='bbox 2510 3353 2758 3421; x_wconf 87' lang='grc' dir='ltr'>δύναμις,</span> <span class='ocrx_word' id='word_1_462' title='bbox 2820 3348 2912 3401; x_wconf 72' lang='grc' dir='ltr'><strong>καὶ</strong></span> <span class='ocrx_word' id='word_1_463' title='bbox 2967 3348 3000 3418; x_wconf 80' lang='grc' dir='ltr'><strong>ἡ</strong></span> <span class='ocrx_word' id='word_1_464' title='bbox 3067 3340 3473 3413; x_wconf 79' lang='grc' dir='ltr'>ἀνυπέρϐλητος</span> <span class='ocrx_word' id='word_1_465' title='bbox 3552 3331 3725 3389; x_wconf 79' lang='grc' dir='ltr'>αὑτοῦ</span> 
     </span>
    </p>
   </div>
   <div class='ocr_carea' id='block_1_64' title="bbox 471 3441 1887 3513">
    <p class='ocr_par' dir='ltr' id='par_1_64' title="bbox 471 3441 1887 3513">
     <span class='ocr_line' id='line_1_64' title="bbox 471 3441 1887 3513; baseline -0.001 -17"><span class='ocrx_word' id='word_1_466' title='bbox 471 3444 684 3513; x_wconf 90' lang='lat' dir='ltr'><strong>potiore</strong></span> <span class='ocrx_word' id='word_1_467' title='bbox 717 3458 816 3498; x_wconf 87' lang='lat' dir='ltr'><strong>suo</strong></span> <span class='ocrx_word' id='word_1_468' title='bbox 849 3441 1054 3498; x_wconf 91' lang='lat' dir='ltr'><strong>lumine</strong></span> <span class='ocrx_word' id='word_1_469' title='bbox 1086 3441 1396 3496; x_wconf 87' lang='lat' dir='ltr'><strong>obvelatura</strong></span> <span class='ocrx_word' id='word_1_470' title='bbox 1430 3443 1502 3496; x_wconf 88' lang='lat' dir='ltr'><strong>sit</strong></span> <span class='ocrx_word' id='word_1_471' title='bbox 1529 3450 1582 3494; x_wconf 84' lang='lat' dir='ltr'><strong>et</strong></span> <span class='ocrx_word' id='word_1_472' title='bbox 1609 3452 1887 3510; x_wconf 80' lang='lat' dir='ltr'><strong>opertum.</strong></span> 
     </span>
    </p>
   </div>
   <div class='ocr_carea' id='block_1_65' title="bbox 2146 3425 3730 3511">
    <p class='ocr_par' dir='ltr' id='par_1_65' title="bbox 2146 3425 3730 3511">
     <span class='ocr_line' id='line_1_65' title="bbox 2146 3425 3730 3511; baseline -0.015 -13"><span class='ocrx_word' id='word_1_473' title='bbox 2146 3443 2290 3508; x_wconf 81' lang='grc' dir='ltr'>δόξα,</span> <span class='ocrx_word' id='word_1_474' title='bbox 2325 3444 2400 3507; x_wconf 82' lang='grc' dir='ltr'>ὡς</span> <span class='ocrx_word' id='word_1_475' title='bbox 2429 3444 2520 3496; x_wconf 86' lang='grc' dir='ltr'><strong>τὸν</strong></span> <span class='ocrx_word' id='word_1_476' title='bbox 2561 3442 2656 3496; x_wconf 77' lang='grc' dir='ltr'>νῦν</span> <span class='ocrx_word' id='word_1_477' title='bbox 2708 3440 2855 3511; x_wconf 77' lang='grc' dir='ltr'>ἥλιον</span> <span class='ocrx_word' id='word_1_478' title='bbox 2908 3438 3000 3491; x_wconf 78' lang='grc' dir='ltr'><strong>καὶ</strong></span> <span class='ocrx_word' id='word_1_479' title='bbox 3041 3434 3140 3506; x_wconf 86' lang='grc' dir='ltr'>τὴν</span> <span class='ocrx_word' id='word_1_480' title='bbox 3178 3431 3404 3502; x_wconf 83' lang='grc' dir='ltr'>σελήνην</span> <span class='ocrx_word' id='word_1_481' title='bbox 3452 3427 3546 3480; x_wconf 68' lang='grc' dir='ltr'><strong>καί⁵</strong></span> <span class='ocrx_word' id='word_1_482' title='bbox 3597 3425 3730 3488; x_wconf 63' lang='grc' dir='ltr'>τοὺς</span> 
     </span>
    </p>
   </div>
   <div class='ocr_carea' id='block_1_66' title="bbox 470 3518 3727 3613">
    <p class='ocr_par' dir='ltr' id='par_1_66' title="bbox 470 3518 3727 3613">
     <span class='ocr_line' id='line_1_66' title="bbox 470 3518 3727 3613; baseline -0.006 -20"><span class='ocrx_word' id='word_1_483' title='bbox 470 3539 694 3604; x_wconf 79' lang='grc' dir='ltr'>λοιποὺς·</span> <span class='ocrx_word' id='word_1_484' title='bbox 735 3543 792 3595; x_wconf 86' lang='grc' dir='ltr'><strong>ἐν</strong></span> <span class='ocrx_word' id='word_1_485' title='bbox 831 3539 1044 3613; x_wconf 77' lang='grc' dir='ltr'>οὐρανῷ</span> <span class='ocrx_word' id='word_1_486' title='bbox 1083 3539 1374 3610; x_wconf 83' lang='grc' dir='ltr'>φωστῆρας</span> <span class='ocrx_word' id='word_1_487' title='bbox 1411 3536 1499 3591; x_wconf 85' lang='grc' dir='ltr'>διὰ</span> <span class='ocrx_word' id='word_1_488' title='bbox 1545 3536 1642 3608; x_wconf 76' lang='grc' dir='ltr'>τὴν</span> <span class='ocrx_word' id='word_1_489' title='bbox 1681 3537 1776 3590; x_wconf 81' lang='grc' dir='ltr'>τοῦ</span> <span class='ocrx_word' id='word_1_490' title='bbox 1827 3539 2137 3610; x_wconf 80' lang='grc' dir='ltr'>κρείττονος</span> <span class='ocrx_word' id='word_1_491' title='bbox 2207 3539 2508 3610; x_wconf 78' lang='grc' dir='ltr'>παράθεσιν</span> <span class='ocrx_word' id='word_1_492' title='bbox 2573 3535 2950 3608; x_wconf 78' lang='grc' dir='ltr'>ἀποκρυϐῆναι</span> <span class='ocrx_word' id='word_1_493' title='bbox 2992 3530 3084 3584; x_wconf 83' lang='grc' dir='ltr'><strong>καὶ</strong></span> <span class='ocrx_word' id='word_1_494' title='bbox 3125 3525 3462 3596; x_wconf 73' lang='grc' dir='ltr'>καλυφθῆναι</span> <span class='ocrx_word' id='word_1_495' title='bbox 3529 3523 3595 3591; x_wconf 79' lang='grc' dir='ltr'>τῇ</span> <span class='ocrx_word' id='word_1_496' title='bbox 3623 3518 3727 3572; x_wconf 80' lang='grc' dir='ltr'><strong>αὕ-</strong></span> 
     </span>
    </p>
   </div>
   <div class='ocr_carea' id='block_1_67' title="bbox 472 3636 841 3707">
    <p class='ocr_par' dir='ltr' id='par_1_67' title="bbox 472 3636 841 3707">
     <span class='ocr_line' id='line_1_67' title="bbox 472 3636 841 3707; baseline 0.005 -18"><span class='ocrx_word' id='word_1_497' title='bbox 472 3636 568 3690; x_wconf 81' lang='grc' dir='ltr'>τοῦ</span> <span class='ocrx_word' id='word_1_498' title='bbox 595 3636 841 3707; x_wconf 77' lang='grc' dir='ltr'>δυνάμει.</span> 
     </span>
    </p>
   </div>
   <div class='ocr_carea' id='block_1_68' title="bbox 583 3727 1680 3798">
    <p class='ocr_par' dir='ltr' id='par_1_68' title="bbox 583 3727 1680 3798">
     <span class='ocr_line' id='line_1_68' title="bbox 583 3727 1680 3798; baseline 0.01 -29"><span class='ocrx_word' id='word_1_499' title='bbox 583 3729 595 3740; x_wconf 80' lang='grc'>⁶</span> <span class='ocrx_word' id='word_1_500' title='bbox 839 3729 886 3762; x_wconf 73' lang='grc' dir='ltr'><strong>σο</strong></span> <span class='ocrx_word' id='word_1_501' title='bbox 913 3729 1045 3794; x_wconf 67' lang='lat' dir='ltr'><strong>Quae</strong></span> <span class='ocrx_word' id='word_1_502' title='bbox 1075 3727 1271 3782; x_wconf 83' lang='lat' dir='ltr'><strong>mundo</strong></span> <span class='ocrx_word' id='word_1_503' title='bbox 1301 3729 1680 3798; x_wconf 74' lang='lat' dir='ltr'><strong>supervenient.</strong></span> 
     </span>
    </p>
   </div>
   <div class='ocr_carea' id='block_1_69' title="bbox 548 3820 2048 3892">
    <p class='ocr_par' dir='ltr' id='par_1_69' title="bbox 548 3820 2048 3892">
     <span class='ocr_line' id='line_1_69' title="bbox 548 3820 2048 3892; baseline -0.002 -17"><span class='ocrx_word' id='word_1_504' title='bbox 548 3820 753 3892; x_wconf 80' lang='lat' dir='ltr'><strong>Nempe</strong></span> <span class='ocrx_word' id='word_1_505' title='bbox 797 3836 884 3876; x_wconf 86' lang='lat' dir='ltr'><strong>res</strong></span> <span class='ocrx_word' id='word_1_506' title='bbox 928 3832 1220 3875; x_wconf 86' lang='lat' dir='ltr'><strong>eventuras</strong></span> <span class='ocrx_word' id='word_1_507' title='bbox 1270 3821 1384 3890; x_wconf 88' lang='lat' dir='ltr'><strong>ipse</strong></span> <span class='ocrx_word' id='word_1_508' title='bbox 1428 3820 1697 3888; x_wconf 84' lang='lat' dir='ltr'><strong>explicat,</strong></span> <span class='ocrx_word' id='word_1_509' title='bbox 1751 3820 1877 3875; x_wconf 87' lang='lat' dir='ltr'><strong>dum</strong></span> <span class='ocrx_word' id='word_1_510' title='bbox 1925 3835 2048 3872; x_wconf 77' lang='lat' dir='ltr'><strong>mox</strong></span> 
     </span>
    </p>
   </div>
   <div class='ocr_carea' id='block_1_70' title="bbox 479 3907 2052 3964">
    <p class='ocr_par' dir='ltr' id='par_1_70' title="bbox 479 3907 2052 3964">
     <span class='ocr_line' id='line_1_70' title="bbox 479 3907 2052 3964; baseline 0.001 -2"><span class='ocrx_word' id='word_1_511' title='bbox 479 3907 668 3964; x_wconf 85' lang='lat' dir='ltr'><strong>addit:</strong></span> <span class='ocrx_word' id='word_1_512' title='bbox 698 3909 833 3964; x_wconf 78' lang='lat' dir='ltr'><strong>Nam</strong></span> <span class='ocrx_word' id='word_1_513' title='bbox 863 3909 1092 3964; x_wconf 83' lang='lat' dir='ltr'><strong>virtutes</strong></span> <span class='ocrx_word' id='word_1_514' title='bbox 1120 3908 1378 3964; x_wconf 71' lang='lat' dir='ltr'><strong>caelorum</strong></span> <span class='ocrx_word' id='word_1_515' title='bbox 1404 3909 1904 3964; x_wconf 85' lang='lat' dir='ltr'><strong>commovebuntur.</strong></span> <span class='ocrx_word' id='word_1_516' title='bbox 1958 3911 2052 3964; x_wconf 85' lang='lat' dir='ltr'><strong>Et-</strong></span> 
     </span>
    </p>
   </div>
   <div class='ocr_carea' id='block_1_71' title="bbox 479 4000 2049 4074">
    <p class='ocr_par' dir='ltr' id='par_1_71' title="bbox 479 4000 2049 4074">
     <span class='ocr_line' id='line_1_71' title="bbox 479 4000 2049 4074; baseline 0.003 -19"><span class='ocrx_word' id='word_1_517' title='bbox 479 4001 628 4055; x_wconf 88' lang='lat' dir='ltr'><strong>enim</strong></span> <span class='ocrx_word' id='word_1_518' title='bbox 673 4016 796 4056; x_wconf 91' lang='lat' dir='ltr'><strong>cum</strong></span> <span class='ocrx_word' id='word_1_519' title='bbox 825 4001 914 4055; x_wconf 89' lang='lat' dir='ltr'><strong>Dei</strong></span> <span class='ocrx_word' id='word_1_520' title='bbox 947 4000 1116 4056; x_wconf 85' lang='lat' dir='ltr'><strong>Filius</strong></span> <span class='ocrx_word' id='word_1_521' title='bbox 1143 4017 1266 4055; x_wconf 87' lang='lat' dir='ltr'><strong>cum</strong></span> <span class='ocrx_word' id='word_1_522' title='bbox 1299 4001 1498 4057; x_wconf 87' lang='lat' dir='ltr'><strong>virtute</strong></span> <span class='ocrx_word' id='word_1_523' title='bbox 1539 4002 1815 4072; x_wconf 82' lang='lat' dir='ltr'><strong>gloriaque</strong></span> <span class='ocrx_word' id='word_1_524' title='bbox 1848 4003 2049 4074; x_wconf 81' lang='lat' dir='ltr'><strong>ingenti</strong></span> 
     </span>
    </p>
   </div>
   <div class='ocr_carea' id='block_1_72' title="bbox 479 4093 2050 4164">
    <p class='ocr_par' dir='ltr' id='par_1_72' title="bbox 479 4093 2050 4164">
     <span class='ocr_line' id='line_1_72' title="bbox 479 4093 2050 4164; baseline 0.004 -22"><span class='ocrx_word' id='word_1_525' title='bbox 479 4093 690 4156; x_wconf 82' lang='lat' dir='ltr'><strong>veniet,</strong></span> <span class='ocrx_word' id='word_1_526' title='bbox 721 4101 884 4162; x_wconf 84' lang='lat' dir='ltr'><strong>atque</strong></span> <span class='ocrx_word' id='word_1_527' title='bbox 913 4107 980 4148; x_wconf 82' lang='lat' dir='ltr'><strong>ex</strong></span> <span class='ocrx_word' id='word_1_528' title='bbox 1022 4093 1187 4163; x_wconf 88' lang='lat' dir='ltr'><strong>impia</strong></span> <span class='ocrx_word' id='word_1_529' title='bbox 1230 4094 1571 4162; x_wconf 88' lang='lat' dir='ltr'><strong>superbaque</strong></span> <span class='ocrx_word' id='word_1_530' title='bbox 1602 4094 1892 4164; x_wconf 84' lang='lat' dir='ltr'><strong>tyrannide</strong></span> <span class='ocrx_word' id='word_1_531' title='bbox 1925 4109 2050 4162; x_wconf 89' lang='lat' dir='ltr'><strong>per-</strong></span> 
     </span>
    </p>
   </div>
   <div class='ocr_carea' id='block_1_73' title="bbox 479 4181 2047 4255">
    <p class='ocr_par' dir='ltr' id='par_1_73' title="bbox 479 4181 2047 4255">
     <span class='ocr_line' id='line_1_73' title="bbox 479 4181 2047 4255; baseline 0.003 -22"><span class='ocrx_word' id='word_1_532' title='bbox 479 4181 700 4236; x_wconf 84' lang='lat' dir='ltr'><strong>ditionis</strong></span> <span class='ocrx_word' id='word_1_533' title='bbox 740 4181 908 4237; x_wconf 80' lang='lat' dir='ltr'><strong>iilium</strong></span> <span class='ocrx_word' id='word_1_534' title='bbox 939 4182 1154 4254; x_wconf 89' lang='lat' dir='ltr'><strong>dejiciet</strong></span> <span class='ocrx_word' id='word_1_535' title='bbox 1186 4183 1470 4253; x_wconf 76' lang='lat' dir='ltr'><strong>praesentia</strong></span> <span class='ocrx_word' id='word_1_536' title='bbox 1499 4199 1594 4238; x_wconf 88' lang='lat' dir='ltr'><strong>sua</strong></span> <span class='ocrx_word' id='word_1_537' title='bbox 1618 4225 1632 4248; x_wconf 90' lang='lat'><strong>,</strong></span> <span class='ocrx_word' id='word_1_538' title='bbox 1670 4199 1906 4255; x_wconf 90' lang='lat' dir='ltr'><strong>eumque</strong></span> <span class='ocrx_word' id='word_1_539' title='bbox 1933 4185 2047 4253; x_wconf 85' lang='lat' dir='ltr'><strong>spi-</strong></span> 
     </span>
    </p>
   </div>
   <div class='ocr_carea' id='block_1_74' title="bbox 479 4273 2050 4344">
    <p class='ocr_par' dir='ltr' id='par_1_74' title="bbox 479 4273 2050 4344">
     <span class='ocr_line' id='line_1_74' title="bbox 479 4273 2050 4344; baseline 0.001 -18"><span class='ocrx_word' id='word_1_540' title='bbox 479 4273 585 4326; x_wconf 89' lang='lat' dir='ltr'><strong>ritu</strong></span> <span class='ocrx_word' id='word_1_541' title='bbox 637 4273 751 4328; x_wconf 89' lang='lat' dir='ltr'><strong>oris</strong></span> <span class='ocrx_word' id='word_1_542' title='bbox 800 4275 884 4328; x_wconf 88' lang='lat' dir='ltr'><strong>sui</strong></span> <span class='ocrx_word' id='word_1_543' title='bbox 935 4276 1202 4342; x_wconf 86' lang='lat' dir='ltr'><strong>perimet;</strong></span> <span class='ocrx_word' id='word_1_544' title='bbox 1261 4287 1388 4330; x_wconf 90' lang='lat' dir='ltr'><strong>tunc</strong></span> <span class='ocrx_word' id='word_1_545' title='bbox 1416 4275 1728 4330; x_wconf 66' lang='lat' dir='ltr'><strong>coelestibus</strong></span> <span class='ocrx_word' id='word_1_546' title='bbox 1771 4274 2050 4344; x_wconf 88' lang='lat' dir='ltr'><strong>spiritibus</strong></span> 
     </span>
    </p>
   </div>
   <div class='ocr_carea' id='block_1_75' title="bbox 481 4366 2048 4440">
    <p class='ocr_par' dir='ltr' id='par_1_75' title="bbox 481 4366 2048 4440">
     <span class='ocr_line' id='line_1_75' title="bbox 481 4366 2048 4440; baseline -0.001 -18"><span class='ocrx_word' id='word_1_547' title='bbox 481 4368 854 4437; x_wconf 88' lang='lat' dir='ltr'><strong>supremisque</strong></span> <span class='ocrx_word' id='word_1_548' title='bbox 899 4378 955 4423; x_wconf 92' lang='lat' dir='ltr'><strong>ct</strong></span> <span class='ocrx_word' id='word_1_549' title='bbox 989 4369 1246 4440; x_wconf 79' lang='lat' dir='ltr'><strong>angelicis</strong></span> <span class='ocrx_word' id='word_1_550' title='bbox 1288 4370 1384 4424; x_wconf 88' lang='lat' dir='ltr'><strong>Dei</strong></span> <span class='ocrx_word' id='word_1_551' title='bbox 1431 4369 1698 4422; x_wconf 86' lang='lat' dir='ltr'><strong>ministris</strong></span> <span class='ocrx_word' id='word_1_552' title='bbox 1726 4367 1918 4422; x_wconf 79' lang='lat' dir='ltr'><strong>Filium</strong></span> <span class='ocrx_word' id='word_1_553' title='bbox 1955 4366 2048 4420; x_wconf 87' lang='lat' dir='ltr'><strong>Dei</strong></span> 
     </span>
    </p>
   </div>
   <div class='ocr_carea' id='block_1_76' title="bbox 479 4459 2048 4529">
    <p class='ocr_par' dir='ltr' id='par_1_76' title="bbox 479 4459 2048 4529">
     <span class='ocr_line' id='line_1_76' title="bbox 479 4459 2048 4529; baseline -0.002 -15"><span class='ocrx_word' id='word_1_554' title='bbox 479 4459 935 4528; x_wconf 86' lang='lat' dir='ltr'><strong>stipantibuscum</strong></span> <span class='ocrx_word' id='word_1_555' title='bbox 966 4474 1141 4529; x_wconf 90' lang='lat' dir='ltr'><strong>eoque</strong></span> <span class='ocrx_word' id='word_1_556' title='bbox 1171 4459 1606 4524; x_wconf 87' lang='lat' dir='ltr'><strong>adventantibus,</strong></span> <span class='ocrx_word' id='word_1_557' title='bbox 1642 4467 1787 4523; x_wconf 88' lang='lat' dir='ltr'><strong>tunc,</strong></span> <span class='ocrx_word' id='word_1_558' title='bbox 1809 4459 2048 4526; x_wconf 87' lang='lat' dir='ltr'><strong>inquam,</strong></span> 
     </span>
    </p>
   </div>
   <div class='ocr_carea' id='block_1_77' title="bbox 2403 3706 3477 3787">
    <p class='ocr_par' dir='ltr' id='par_1_77' title="bbox 2403 3706 3477 3787">
     <span class='ocr_line' id='line_1_77' title="bbox 2403 3706 3477 3787; baseline -0.02 -10"><span class='ocrx_word' id='word_1_559' title='bbox 2403 3721 2524 3777; x_wconf 80' lang='grc' dir='ltr'><strong>Τῶν</strong></span> <span class='ocrx_word' id='word_1_560' title='bbox 2569 3715 2991 3787; x_wconf 74' lang='grc' dir='ltr'>ὑπερχομένων</span> <span class='ocrx_word' id='word_1_561' title='bbox 3034 3710 3107 3779; x_wconf 78' lang='grc' dir='ltr'>τῇ</span> <span class='ocrx_word' id='word_1_562' title='bbox 3141 3706 3477 3775; x_wconf 68' lang='grc' dir='ltr'>οἰκουμένῃ.</span> 
     </span>
    </p>
   </div>
   <div class='ocr_carea' id='block_1_78' title="bbox 2221 3791 3732 3880">
    <p class='ocr_par' dir='ltr' id='par_1_78' title="bbox 2221 3791 3732 3880">
     <span class='ocr_line' id='line_1_78' title="bbox 2221 3791 3732 3880; baseline -0.018 -10"><span class='ocrx_word' id='word_1_563' title='bbox 2221 3817 2357 3870; x_wconf 84' lang='grc' dir='ltr'>Τίνα</span> <span class='ocrx_word' id='word_1_564' title='bbox 2404 3814 2460 3866; x_wconf 81' lang='grc' dir='ltr'><strong>δὲ</strong></span> <span class='ocrx_word' id='word_1_565' title='bbox 2501 3812 2568 3866; x_wconf 78' lang='grc' dir='ltr'><strong>τὰ</strong></span> <span class='ocrx_word' id='word_1_566' title='bbox 2603 3808 2962 3880; x_wconf 77' lang='grc' dir='ltr'>ἐπερχόμενα,</span> <span class='ocrx_word' id='word_1_567' title='bbox 2999 3800 3290 3874; x_wconf 81' lang='grc' dir='ltr'>ἑρμηνεύει</span> <span class='ocrx_word' id='word_1_568' title='bbox 3315 3796 3630 3849; x_wconf 81' lang='grc' dir='ltr'>συνάπτων·</span> 
     </span>
    </p>
   </div>
   <div class='ocr_carea' id='block_1_79' title="bbox 2151 3879 3729 3976">
    <p class='ocr_par' dir='ltr' id='par_1_79' title="bbox 2151 3879 3729 3976">
     <span class='ocr_line' id='line_1_79' title="bbox 2151 3879 3729 3976; baseline -0.019 -16"><span class='ocrx_word' id='word_1_569' title='bbox 2151 3907 2262 3976; x_wconf 72' lang='grc' dir='ltr'><strong>γὰρ</strong></span> <span class='ocrx_word' id='word_1_570' title='bbox 2307 3903 2594 3972; x_wconf 77' lang='grc' dir='ltr'>δυνάμεις</span> <span class='ocrx_word' id='word_1_571' title='bbox 2624 3879 2741 3953; x_wconf 52' lang='grc' dir='ltr'>τῶν·</span> <span class='ocrx_word' id='word_1_572' title='bbox 2773 3893 3043 3964; x_wconf 72' lang='grc' dir='ltr'>οὐρανῶν</span> <span class='ocrx_word' id='word_1_573' title='bbox 3079 3879 3729 3976; x_wconf 35' lang='grc' dir='ltr'>σαλευθήσονται-ξΐοῦ</span> 
     </span>
    </p>
   </div>
   <div class='ocr_carea' id='block_1_80' title="bbox 2151 3973 3732 4068">
    <p class='ocr_par' dir='ltr' id='par_1_80' title="bbox 2151 3973 3732 4068">
     <span class='ocr_line' id='line_1_80' title="bbox 2151 3973 3732 4068; baseline -0.018 -17"><span class='ocrx_word' id='word_1_574' title='bbox 2151 3973 2262 4068; x_wconf 24' lang='grc' dir='ltr'>ἧὰϋρ</span> <span class='ocrx_word' id='word_1_575' title='bbox 2307 3994 2436 4048; x_wconf 76' lang='grc' dir='ltr'>Υἰοῧ</span> <span class='ocrx_word' id='word_1_576' title='bbox 2469 3993 2563 4046; x_wconf 84' lang='grc' dir='ltr'><strong>τοῦ</strong></span> <span class='ocrx_word' id='word_1_577' title='bbox 2589 3990 2723 4046; x_wconf 82' lang='grc' dir='ltr'>Θεοῦ</span> <span class='ocrx_word' id='word_1_578' title='bbox 2761 3989 2896 4060; x_wconf 74' lang='grc' dir='ltr'>μετὰ</span> <span class='ocrx_word' id='word_1_579' title='bbox 2918 3987 3197 4054; x_wconf 83' lang='grc' dir='ltr'>δυνάμεως</span> <span class='ocrx_word' id='word_1_580' title='bbox 3226 3981 3319 4034; x_wconf 76' lang='grc' dir='ltr'><strong>καὶ</strong></span> <span class='ocrx_word' id='word_1_581' title='bbox 3343 3978 3502 4047; x_wconf 79' lang='grc' dir='ltr'>δόξης</span> <span class='ocrx_word' id='word_1_582' title='bbox 3527 3973 3732 4042; x_wconf 73' lang='grc' dir='ltr'>πολλῆς</span> 
     </span>
    </p>
   </div>
   <div class='ocr_carea' id='block_1_81' title="bbox 2155 4073 3732 4159">
    <p class='ocr_par' dir='ltr' id='par_1_81' title="bbox 2155 4073 3732 4159">
     <span class='ocr_line' id='line_1_81' title="bbox 2155 4073 3732 4159; baseline -0.018 -15"><span class='ocrx_word' id='word_1_583' title='bbox 2155 4088 2604 4159; x_wconf 80' lang='grc' dir='ltr'>ἐπιστησομένου,</span> <span class='ocrx_word' id='word_1_584' title='bbox 2630 4085 2723 4138; x_wconf 73' lang='grc' dir='ltr'>καὶ</span> <span class='ocrx_word' id='word_1_585' title='bbox 2753 4083 2850 4152; x_wconf 75' lang='grc' dir='ltr'>τὴν</span> <span class='ocrx_word' id='word_1_586' title='bbox 2879 4081 3034 4134; x_wconf 81' lang='grc' dir='ltr'>ἄθεον</span> <span class='ocrx_word' id='word_1_587' title='bbox 3059 4078 3150 4130; x_wconf 72' lang='grc' dir='ltr'><strong>καὶ</strong></span> <span class='ocrx_word' id='word_1_588' title='bbox 3174 4073 3510 4146; x_wconf 77' lang='grc' dir='ltr'>μεγάλαυχον</span> <span class='ocrx_word' id='word_1_589' title='bbox 3537 4083 3732 4159; x_wconf 48' lang='grc' dir='ltr'>τυρανέ</span> 
     </span>
    </p>
   </div>
   <div class='ocr_carea' id='block_1_82' title="bbox 2157 4157 3728 4244">
    <p class='ocr_par' dir='ltr' id='par_1_82' title="bbox 2157 4157 3728 4244">
     <span class='ocr_line' id='line_1_82' title="bbox 2157 4157 3728 4244; baseline -0.017 -11"><span class='ocrx_word' id='word_1_590' title='bbox 2157 4179 2275 4232; x_wconf 90' lang='grc' dir='ltr'>νίδα</span> <span class='ocrx_word' id='word_1_591' title='bbox 2314 4157 2408 4230; x_wconf 80' lang='grc' dir='ltr'>τοῦ</span> <span class='ocrx_word' id='word_1_592' title='bbox 2444 4173 2564 4229; x_wconf 86' lang='grc' dir='ltr'><strong>υἱοῦ</strong></span> <span class='ocrx_word' id='word_1_593' title='bbox 2591 4174 2689 4244; x_wconf 80' lang='grc' dir='ltr'><strong>τῆς</strong></span> <span class='ocrx_word' id='word_1_594' title='bbox 2721 4170 2993 4232; x_wconf 73' lang='grc' dir='ltr'>ἀπωλείας</span> <span class='ocrx_word' id='word_1_595' title='bbox 3029 4167 3318 4238; x_wconf 81' lang='grc' dir='ltr'>καταργεῖν</span> <span class='ocrx_word' id='word_1_596' title='bbox 3352 4160 3632 4233; x_wconf 85' lang='grc' dir='ltr'>μέλλοντος</span> <span class='ocrx_word' id='word_1_597' title='bbox 3663 4157 3728 4226; x_wconf 81' lang='grc' dir='ltr'>τῇ</span> 
     </span>
    </p>
   </div>
   <div class='ocr_carea' id='block_1_83' title="bbox 2157 4244 3732 4338">
    <p class='ocr_par' dir='ltr' id='par_1_83' title="bbox 2157 4244 3732 4338">
     <span class='ocr_line' id='line_1_83' title="bbox 2157 4244 3732 4338; baseline -0.017 -14"><span class='ocrx_word' id='word_1_598' title='bbox 2157 4268 2448 4338; x_wconf 67' lang='grc' dir='ltr'>ἐπιφανείᾳ</span> <span class='ocrx_word' id='word_1_599' title='bbox 2493 4265 2592 4335; x_wconf 82' lang='grc' dir='ltr'>τῆς</span> <span class='ocrx_word' id='word_1_600' title='bbox 2643 4259 2940 4333; x_wconf 83' lang='grc' dir='ltr'>παρουσίας</span> <span class='ocrx_word' id='word_1_601' title='bbox 2977 4257 3162 4321; x_wconf 79' lang='grc' dir='ltr'>αὑτοῦ,</span> <span class='ocrx_word' id='word_1_602' title='bbox 3206 4253 3510 4308; x_wconf 84' lang='grc' dir='ltr'>ἀναλίσκειν</span> <span class='ocrx_word' id='word_1_603' title='bbox 3557 4265 3617 4301; x_wconf 87' lang='grc' dir='ltr'><strong>τε</strong></span> <span class='ocrx_word' id='word_1_604' title='bbox 3653 4244 3732 4315; x_wconf 83' lang='grc' dir='ltr'>τῷ</span> 
     </span>
    </p>
   </div>
   <div class='ocr_carea' id='block_1_84' title="bbox 2159 4340 3734 4434">
    <p class='ocr_par' dir='ltr' id='par_1_84' title="bbox 2159 4340 3734 4434">
     <span class='ocr_line' id='line_1_84' title="bbox 2159 4340 3734 4434; baseline -0.016 -17"><span class='ocrx_word' id='word_1_605' title='bbox 2159 4363 2428 4434; x_wconf 87' lang='grc' dir='ltr'>πνεύματι</span> <span class='ocrx_word' id='word_1_606' title='bbox 2481 4359 2575 4412; x_wconf 78' lang='grc' dir='ltr'>τοῦ</span> <span class='ocrx_word' id='word_1_607' title='bbox 2625 4357 2888 4426; x_wconf 87' lang='grc' dir='ltr'>στόματος</span> <span class='ocrx_word' id='word_1_608' title='bbox 2934 4352 3118 4414; x_wconf 78' lang='grc' dir='ltr'>αὐτοῦ,</span> <span class='ocrx_word' id='word_1_609' title='bbox 3162 4351 3270 4403; x_wconf 86' lang='grc' dir='ltr'><strong>τῶν</strong></span> <span class='ocrx_word' id='word_1_610' title='bbox 3303 4365 3361 4400; x_wconf 90' lang='grc' dir='ltr'><strong>τε</strong></span> <span class='ocrx_word' id='word_1_611' title='bbox 3398 4340 3734 4415; x_wconf 79' lang='grc' dir='ltr'>ἐπουρανίων</span> 
     </span>
    </p>
   </div>
   <div class='ocr_carea' id='block_1_85' title="bbox 2162 4432 3734 4524">
    <p class='ocr_par' dir='ltr' id='par_1_85' title="bbox 2162 4432 3734 4524">
     <span class='ocr_line' id='line_1_85' title="bbox 2162 4432 3734 4524; baseline -0.016 -17"><span class='ocrx_word' id='word_1_612' title='bbox 2162 4432 2484 4524; x_wconf 58' lang='grc' dir='ltr'>πνευμάτων</span> <span class='ocrx_word' id='word_1_613' title='bbox 2526 4449 2620 4503; x_wconf 76' lang='grc' dir='ltr'><strong>καὶ</strong></span> <span class='ocrx_word' id='word_1_614' title='bbox 2645 4447 2750 4500; x_wconf 91' lang='grc' dir='ltr'><strong>τῶν</strong></span> <span class='ocrx_word' id='word_1_615' title='bbox 2772 4447 2929 4499; x_wconf 86' lang='grc' dir='ltr'>θείων</span> <span class='ocrx_word' id='word_1_616' title='bbox 2959 4445 3050 4498; x_wconf 71' lang='grc' dir='ltr'>καὶ</span> <span class='ocrx_word' id='word_1_617' title='bbox 3072 4439 3374 4510; x_wconf 84' lang='grc' dir='ltr'>ἁγγελικῶν</span> <span class='ocrx_word' id='word_1_618' title='bbox 3407 4432 3734 4504; x_wconf 83' lang='grc' dir='ltr'>λειτουργῶν</span> 
     </span>
    </p>
   </div>
   <div class='ocr_carea' id='block_1_86' title="bbox 479 4525 2046 4618">
    <p class='ocr_par' dir='ltr' id='par_1_86' title="bbox 479 4551 2046 4606">
     <span class='ocr_line' id='line_1_86' title="bbox 479 4551 2046 4606; baseline 0.001 -2"><span class='ocrx_word' id='word_1_619' title='bbox 479 4551 690 4604; x_wconf 79' lang='lat' dir='ltr'><strong>accidet</strong></span> <span class='ocrx_word' id='word_1_620' title='bbox 732 4559 788 4604; x_wconf 93' lang='lat' dir='ltr'><strong>ut</strong></span> <span class='ocrx_word' id='word_1_621' title='bbox 827 4551 1088 4604; x_wconf 68' lang='lat' dir='ltr'><strong>cmlorum</strong></span> <span class='ocrx_word' id='word_1_622' title='bbox 1129 4553 1360 4605; x_wconf 89' lang='lat' dir='ltr'><strong>virtutes</strong></span> <span class='ocrx_word' id='word_1_623' title='bbox 1399 4560 1865 4606; x_wconf 86' lang='lat' dir='ltr'><strong>commoveantur.</strong></span> <span class='ocrx_word' id='word_1_624' title='bbox 1902 4551 2046 4605; x_wconf 87' lang='lat' dir='ltr'><strong>Tunc</strong></span> 
     </span>
    </p>
   </div>
   <div class='ocr_carea' id='block_1_87' title="bbox 2154 4525 3733 4618">
    <p class='ocr_par' dir='ltr' id='par_1_87' title="bbox 2156 4525 3733 4606">
     <span class='ocr_line' id='line_1_87' title="bbox 2156 4525 3733 4606; baseline -0.017 -4"><span class='ocrx_word' id='word_1_625' title='bbox 2156 4547 2251 4602; x_wconf 80' lang='grc' dir='ltr'><strong>τοῦ</strong></span> <span class='ocrx_word' id='word_1_626' title='bbox 2286 4546 2420 4600; x_wconf 83' lang='grc' dir='ltr'>Θεοῦ</span> <span class='ocrx_word' id='word_1_627' title='bbox 2447 4544 2536 4597; x_wconf 76' lang='grc' dir='ltr'><strong>τὸν</strong></span> <span class='ocrx_word' id='word_1_628' title='bbox 2569 4542 2695 4595; x_wconf 72' lang='grc' dir='ltr'>Υἱὸν</span> <span class='ocrx_word' id='word_1_629' title='bbox 2737 4538 2830 4593; x_wconf 80' lang='grc' dir='ltr'>τοῦ</span> <span class='ocrx_word' id='word_1_630' title='bbox 2865 4537 2996 4590; x_wconf 87' lang='grc' dir='ltr'><strong>Θεοῦ</strong></span> <span class='ocrx_word' id='word_1_631' title='bbox 3031 4530 3468 4606; x_wconf 84' lang='grc' dir='ltr'>δορυφορούντων</span> <span class='ocrx_word' id='word_1_632' title='bbox 3512 4526 3605 4579; x_wconf 70' lang='grc' dir='ltr'><strong>καὶ</strong></span> <span class='ocrx_word' id='word_1_633' title='bbox 3637 4525 3733 4576; x_wconf 81' lang='grc' dir='ltr'><strong>σὺν</strong></span> 
     </span>
    </p>
   </div>
   <div class='ocr_carea' id='block_1_88' title="bbox 480 4639 2052 4710">
    <p class='ocr_par' dir='ltr' id='par_1_88' title="bbox 480 4639 2052 4710">
     <span class='ocr_line' id='line_1_88' title="bbox 480 4639 2052 4710; baseline 0.001 -17"><span class='ocrx_word' id='word_1_634' title='bbox 480 4639 611 4693; x_wconf 92' lang='lat' dir='ltr'><strong>illud</strong></span> <span class='ocrx_word' id='word_1_635' title='bbox 635 4640 798 4694; x_wconf 85' lang='lat' dir='ltr'><strong>etiam</strong></span> <span class='ocrx_word' id='word_1_636' title='bbox 829 4641 1127 4695; x_wconf 88' lang='lat' dir='ltr'><strong>veridicum</strong></span> <span class='ocrx_word' id='word_1_637' title='bbox 1150 4642 1343 4697; x_wconf 86' lang='lat' dir='ltr'><strong>evadet</strong></span> <span class='ocrx_word' id='word_1_638' title='bbox 1367 4661 1380 4697; x_wconf 90' lang='lat'>:</span> <span class='ocrx_word' id='word_1_639' title='bbox 1416 4641 1655 4696; x_wconf 83' lang='lat' dir='ltr'><strong>Attallite</strong></span> <span class='ocrx_word' id='word_1_640' title='bbox 1681 4652 1882 4710; x_wconf 84' lang='lat' dir='ltr'><strong>portas,</strong></span> <span class='ocrx_word' id='word_1_641' title='bbox 1911 4643 2052 4706; x_wconf 78' lang='lat' dir='ltr'><strong>prin-</strong></span> 
     </span>
    </p>
   </div>
   <div class='ocr_carea' id='block_1_89' title="bbox 477 4731 2049 4803">
    <p class='ocr_par' dir='ltr' id='par_1_89' title="bbox 477 4731 2049 4803">
     <span class='ocr_line' id='line_1_89' title="bbox 477 4731 2049 4803; baseline 0.001 -19"><span class='ocrx_word' id='word_1_642' title='bbox 477 4731 647 4797; x_wconf 78' lang='lat' dir='ltr'><strong>cipes,</strong></span> <span class='ocrx_word' id='word_1_643' title='bbox 685 4739 922 4796; x_wconf 72' lang='lat' dir='ltr'><strong>vestras,</strong></span> <span class='ocrx_word' id='word_1_644' title='bbox 969 4742 1018 4784; x_wconf 84' lang='lat' dir='ltr'><strong>et</strong></span> <span class='ocrx_word' id='word_1_645' title='bbox 1067 4733 1297 4785; x_wconf 84' lang='lat' dir='ltr'><strong>introibit</strong></span> <span class='ocrx_word' id='word_1_646' title='bbox 1320 4731 1430 4786; x_wconf 74' lang='lat' dir='ltr'><strong>Rex</strong></span> <span class='ocrx_word' id='word_1_647' title='bbox 1473 4733 1658 4803; x_wconf 80' lang='lat' dir='ltr'><strong>gloria:</strong></span> <span class='ocrx_word' id='word_1_648' title='bbox 1689 4733 1755 4787; x_wconf 76' lang='lat'><strong>“.</strong></span> <span class='ocrx_word' id='word_1_649' title='bbox 1807 4732 2049 4799; x_wconf 88' lang='lat' dir='ltr'><strong>Quonam</strong></span> 
     </span>
    </p>
   </div>
   <div class='ocr_carea' id='block_1_90' title="bbox 477 4820 2053 4892">
    <p class='ocr_par' dir='ltr' id='par_1_90' title="bbox 477 4820 2053 4892">
     <span class='ocr_line' id='line_1_90' title="bbox 477 4820 2053 4892; baseline 0.004 -20"><span class='ocrx_word' id='word_1_650' title='bbox 477 4835 613 4875; x_wconf 88' lang='lat' dir='ltr'><strong>vero</strong></span> <span class='ocrx_word' id='word_1_651' title='bbox 652 4820 932 4886; x_wconf 84' lang='lat' dir='ltr'><strong>introibit,</strong></span> <span class='ocrx_word' id='word_1_652' title='bbox 979 4822 1082 4876; x_wconf 92' lang='lat' dir='ltr'><strong>nisi</strong></span> <span class='ocrx_word' id='word_1_653' title='bbox 1127 4821 1180 4876; x_wconf 93' lang='lat' dir='ltr'><strong>in</strong></span> <span class='ocrx_word' id='word_1_654' title='bbox 1218 4835 1408 4876; x_wconf 89' lang='lat' dir='ltr'><strong>recens</strong></span> <span class='ocrx_word' id='word_1_655' title='bbox 1439 4822 1695 4877; x_wconf 65' lang='lat' dir='ltr'><strong>saeculum</strong></span> <span class='ocrx_word' id='word_1_656' title='bbox 1748 4838 2053 4892; x_wconf 78' lang='lat' dir='ltr'><strong>novumque</strong></span> 
     </span>
    </p>
   </div>
   <div class='ocr_carea' id='block_1_91' title="bbox 478 4909 2052 4983">
    <p class='ocr_par' dir='ltr' id='par_1_91' title="bbox 478 4909 2052 4983">
     <span class='ocr_line' id='line_1_91' title="bbox 478 4909 2052 4983; baseline 0.002 -19"><span class='ocrx_word' id='word_1_657' title='bbox 478 4911 710 4966; x_wconf 83' lang='lat' dir='ltr'><strong>orbem?</strong></span> <span class='ocrx_word' id='word_1_658' title='bbox 765 4909 912 4964; x_wconf 89' lang='lat' dir='ltr'><strong>Sane</strong></span> <span class='ocrx_word' id='word_1_659' title='bbox 953 4910 1316 4967; x_wconf 91' lang='lat' dir='ltr'><strong>invisibilibus</strong></span> <span class='ocrx_word' id='word_1_660' title='bbox 1353 4911 1798 4983; x_wconf 86' lang='lat' dir='ltr'><strong>ineorporeisque</strong></span> <span class='ocrx_word' id='word_1_661' title='bbox 1830 4915 2052 4967; x_wconf 85' lang='lat' dir='ltr'><strong>virtuti-</strong></span> 
     </span>
    </p>
   </div>
   <div class='ocr_carea' id='block_1_92' title="bbox 476 5001 2054 5072">
    <p class='ocr_par' dir='ltr' id='par_1_92' title="bbox 476 5001 2054 5072">
     <span class='ocr_line' id='line_1_92' title="bbox 476 5001 2054 5072; baseline 0 -16"><span class='ocrx_word' id='word_1_662' title='bbox 476 5002 578 5056; x_wconf 78' lang='lat' dir='ltr'><strong>bus</strong></span> <span class='ocrx_word' id='word_1_663' title='bbox 601 5042 616 5067; x_wconf 90' lang='lat'><strong>,</strong></span> <span class='ocrx_word' id='word_1_664' title='bbox 651 5017 770 5072; x_wconf 64' lang='lat' dir='ltr'><strong>quae</strong></span> <span class='ocrx_word' id='word_1_665' title='bbox 799 5002 895 5056; x_wconf 82' lang='lat' dir='ltr'><strong>tati</strong></span> <span class='ocrx_word' id='word_1_666' title='bbox 928 5001 1066 5058; x_wconf 67' lang='lat' dir='ltr'><strong>caelo</strong></span> <span class='ocrx_word' id='word_1_667' title='bbox 1095 5002 1480 5068; x_wconf 85' lang='lat' dir='ltr'><strong>moderantur,</strong></span> <span class='ocrx_word' id='word_1_668' title='bbox 1524 5018 1555 5056; x_wconf 89' lang='lat' dir='ltr'><strong>e</strong></span> <span class='ocrx_word' id='word_1_669' title='bbox 1583 5019 1679 5058; x_wconf 87' lang='lat' dir='ltr'><strong>sua</strong></span> <span class='ocrx_word' id='word_1_670' title='bbox 1704 5013 1906 5058; x_wconf 64' lang='lat' dir='ltr'><strong>aeterna</strong></span> <span class='ocrx_word' id='word_1_671' title='bbox 1943 5010 2054 5058; x_wconf 88' lang='lat' dir='ltr'><strong>sta-</strong></span> 
     </span>
    </p>
   </div>
   <div class='ocr_carea' id='block_1_93' title="bbox 482 5092 2053 5164">
    <p class='ocr_par' dir='ltr' id='par_1_93' title="bbox 482 5092 2053 5164">
     <span class='ocr_line' id='line_1_93' title="bbox 482 5092 2053 5164; baseline 0.003 -16"><span class='ocrx_word' id='word_1_672' title='bbox 482 5097 628 5150; x_wconf 85' lang='lat' dir='ltr'><strong>tione</strong></span> <span class='ocrx_word' id='word_1_673' title='bbox 653 5096 968 5160; x_wconf 85' lang='lat' dir='ltr'><strong>commotis,</strong></span> <span class='ocrx_word' id='word_1_674' title='bbox 997 5096 1170 5164; x_wconf 90' lang='lat' dir='ltr'><strong>ipsum</strong></span> <span class='ocrx_word' id='word_1_675' title='bbox 1203 5094 1400 5149; x_wconf 81' lang='lat' dir='ltr'><strong>ccelum</strong></span> <span class='ocrx_word' id='word_1_676' title='bbox 1432 5097 1744 5150; x_wconf 86' lang='lat' dir='ltr'><strong>universum</strong></span> <span class='ocrx_word' id='word_1_677' title='bbox 1779 5107 1833 5151; x_wconf 87' lang='lat' dir='ltr'><strong>et</strong></span> <span class='ocrx_word' id='word_1_678' title='bbox 1857 5096 1939 5150; x_wconf 89' lang='lat' dir='ltr'><strong>sol</strong></span> <span class='ocrx_word' id='word_1_679' title='bbox 1987 5092 2053 5152; x_wconf 84' lang='lat' dir='ltr'><strong>ac</strong></span> 
     </span>
    </p>
   </div>
   <div class='ocr_carea' id='block_1_94' title="bbox 479 5185 2056 5257">
    <p class='ocr_par' dir='ltr' id='par_1_94' title="bbox 479 5185 2056 5257">
     <span class='ocr_line' id='line_1_94' title="bbox 479 5185 2056 5257; baseline 0.003 -17"><span class='ocrx_word' id='word_1_680' title='bbox 479 5185 602 5240; x_wconf 85' lang='lat' dir='ltr'><strong>luna</strong></span> <span class='ocrx_word' id='word_1_681' title='bbox 636 5186 911 5257; x_wconf 66' lang='lat' dir='ltr'><strong>stellaeque</strong></span> <span class='ocrx_word' id='word_1_682' title='bbox 937 5187 1265 5249; x_wconf 89' lang='lat' dir='ltr'><strong>transibunt,</strong></span> <span class='ocrx_word' id='word_1_683' title='bbox 1303 5186 1577 5256; x_wconf 79' lang='lat' dir='ltr'><strong>patefacto</strong></span> <span class='ocrx_word' id='word_1_684' title='bbox 1607 5194 1770 5253; x_wconf 71' lang='lat' dir='ltr'><strong>cmlo,</strong></span> <span class='ocrx_word' id='word_1_685' title='bbox 1802 5198 1858 5241; x_wconf 91' lang='lat' dir='ltr'><strong>et</strong></span> <span class='ocrx_word' id='word_1_686' title='bbox 1877 5189 2056 5256; x_wconf 87' lang='lat' dir='ltr'><strong>januis</strong></span> 
     </span>
    </p>
   </div>
   <div class='ocr_carea' id='block_1_95' title="bbox 479 5279 2056 5352">
    <p class='ocr_par' dir='ltr' id='par_1_95' title="bbox 479 5279 2056 5352">
     <span class='ocr_line' id='line_1_95' title="bbox 479 5279 2056 5352; baseline 0.002 -20"><span class='ocrx_word' id='word_1_687' title='bbox 479 5294 601 5349; x_wconf 72' lang='lat' dir='ltr'><strong>quae</strong></span> <span class='ocrx_word' id='word_1_688' title='bbox 629 5281 697 5335; x_wconf 88' lang='lat' dir='ltr'><strong>ab</strong></span> <span class='ocrx_word' id='word_1_689' title='bbox 738 5279 871 5336; x_wconf 85' lang='lat' dir='ltr'><strong>orbe</strong></span> <span class='ocrx_word' id='word_1_690' title='bbox 919 5282 1138 5335; x_wconf 89' lang='lat' dir='ltr'><strong>condito</strong></span> <span class='ocrx_word' id='word_1_691' title='bbox 1177 5279 1376 5336; x_wconf 62' lang='lat' dir='ltr'><strong>clause</strong></span> <span class='ocrx_word' id='word_1_692' title='bbox 1408 5280 1658 5344; x_wconf 81' lang='lat' dir='ltr'><strong>fuerant,</strong></span> <span class='ocrx_word' id='word_1_693' title='bbox 1696 5281 1808 5352; x_wconf 89' lang='lat' dir='ltr'><strong>jam</strong></span> <span class='ocrx_word' id='word_1_694' title='bbox 1841 5296 2056 5336; x_wconf 75' lang='lat' dir='ltr'><strong>resera-</strong></span> 
     </span>
    </p>
   </div>
   <div class='ocr_carea' id='block_1_96' title="bbox 482 5372 2054 5443">
    <p class='ocr_par' dir='ltr' id='par_1_96' title="bbox 482 5372 2054 5443">
     <span class='ocr_line' id='line_1_96' title="bbox 482 5372 2054 5443; baseline 0.002 -20"><span class='ocrx_word' id='word_1_695' title='bbox 482 5372 590 5437; x_wconf 89' lang='lat' dir='ltr'><strong>tis;</strong></span> <span class='ocrx_word' id='word_1_696' title='bbox 640 5383 799 5440; x_wconf 89' lang='lat' dir='ltr'><strong>atque</strong></span> <span class='ocrx_word' id='word_1_697' title='bbox 853 5376 925 5427; x_wconf 88' lang='lat' dir='ltr'><strong>ita</strong></span> <span class='ocrx_word' id='word_1_698' title='bbox 986 5372 1394 5443; x_wconf 72' lang='lat' dir='ltr'><strong>supercmleStia</strong></span> <span class='ocrx_word' id='word_1_699' title='bbox 1441 5373 1721 5443; x_wconf 85' lang='lat' dir='ltr'><strong>patebunt,</strong></span> <span class='ocrx_word' id='word_1_700' title='bbox 1756 5383 2054 5428; x_wconf 69' lang='lat' dir='ltr'><strong>aeternum-</strong></span> 
     </span>
    </p>
   </div>
   <div class='ocr_carea' id='block_1_97' title="bbox 480 5463 2050 5536">
    <p class='ocr_par' dir='ltr' id='par_1_97' title="bbox 480 5463 2050 5536">
     <span class='ocr_line' id='line_1_97' title="bbox 480 5463 2050 5536; baseline 0.001 -20"><span class='ocrx_word' id='word_1_701' title='bbox 480 5477 586 5531; x_wconf 86' lang='lat' dir='ltr'><strong>que</strong></span> <span class='ocrx_word' id='word_1_702' title='bbox 639 5463 731 5517; x_wconf 86' lang='lat' dir='ltr'><strong>Dei</strong></span> <span class='ocrx_word' id='word_1_703' title='bbox 797 5481 1018 5535; x_wconf 68' lang='lat' dir='ltr'><strong>regnum</strong></span> <span class='ocrx_word' id='word_1_704' title='bbox 1075 5467 1427 5536; x_wconf 85' lang='lat' dir='ltr'><strong>conspicuum</strong></span> <span class='ocrx_word' id='word_1_705' title='bbox 1467 5467 1676 5520; x_wconf 89' lang='lat' dir='ltr'><strong>cunctis</strong></span> <span class='ocrx_word' id='word_1_706' title='bbox 1721 5469 1868 5519; x_wconf 85' lang='lat' dir='ltr'><strong>erit:</strong></span> <span class='ocrx_word' id='word_1_707' title='bbox 1913 5463 2050 5533; x_wconf 84' lang='lat' dir='ltr'><strong>quod</strong></span> 
     </span>
    </p>
   </div>
   <div class='ocr_carea' id='block_1_98' title="bbox 479 5556 2052 5626">
    <p class='ocr_par' dir='ltr' id='par_1_98' title="bbox 479 5556 2052 5626">
     <span class='ocr_line' id='line_1_98' title="bbox 479 5556 2052 5626; baseline 0.003 -19"><span class='ocrx_word' id='word_1_708' title='bbox 479 5569 612 5608; x_wconf 86' lang='lat' dir='ltr'><strong>sane</strong></span> <span class='ocrx_word' id='word_1_709' title='bbox 644 5571 862 5623; x_wconf 81' lang='lat' dir='ltr'><strong>regnum</strong></span> <span class='ocrx_word' id='word_1_710' title='bbox 901 5566 960 5611; x_wconf 87' lang='lat' dir='ltr'><strong>ut</strong></span> <span class='ocrx_word' id='word_1_711' title='bbox 1007 5556 1115 5611; x_wconf 91' lang='lat' dir='ltr'><strong>cito</strong></span> <span class='ocrx_word' id='word_1_712' title='bbox 1152 5557 1322 5623; x_wconf 89' lang='lat' dir='ltr'><strong>adsit,</strong></span> <span class='ocrx_word' id='word_1_713' title='bbox 1358 5557 1497 5612; x_wconf 89' lang='lat' dir='ltr'><strong>votis</strong></span> <span class='ocrx_word' id='word_1_714' title='bbox 1537 5572 1656 5613; x_wconf 87' lang='lat' dir='ltr'><strong>esse</strong></span> <span class='ocrx_word' id='word_1_715' title='bbox 1700 5556 2052 5626; x_wconf 75' lang='lat' dir='ltr'><strong>ﬂagitandum</strong></span> 
     </span>
    </p>
   </div>
   <div class='ocr_carea' id='block_1_99' title="bbox 482 5646 2051 5720">
    <p class='ocr_par' dir='ltr' id='par_1_99' title="bbox 482 5646 2051 5720">
     <span class='ocr_line' id='line_1_99' title="bbox 482 5646 2051 5720; baseline 0.004 -22"><span class='ocrx_word' id='word_1_716' title='bbox 482 5646 739 5701; x_wconf 88' lang='lat' dir='ltr'><strong>Servator</strong></span> <span class='ocrx_word' id='word_1_717' title='bbox 781 5646 996 5715; x_wconf 88' lang='lat' dir='ltr'><strong>docuit,</strong></span> <span class='ocrx_word' id='word_1_718' title='bbox 1035 5649 1163 5704; x_wconf 83' lang='lat' dir='ltr'><strong>dum</strong></span> <span class='ocrx_word' id='word_1_719' title='bbox 1200 5649 1252 5703; x_wconf 91' lang='lat' dir='ltr'><strong>in</strong></span> <span class='ocrx_word' id='word_1_720' title='bbox 1299 5664 1459 5718; x_wconf 84' lang='lat' dir='ltr'><strong>prece</strong></span> <span class='ocrx_word' id='word_1_721' title='bbox 1504 5649 1595 5704; x_wconf 85' lang='lat' dir='ltr'><strong>illa</strong></span> <span class='ocrx_word' id='word_1_722' title='bbox 1640 5649 1821 5703; x_wconf 89' lang='lat' dir='ltr'><strong>dicere</strong></span> <span class='ocrx_word' id='word_1_723' title='bbox 1851 5647 2051 5720; x_wconf 87' lang='lat' dir='ltr'><strong>jussit:</strong></span> 
     </span>
    </p>
   </div>
   <div class='ocr_carea' id='block_1_100' title="bbox 549 5811 1838 5876">
    <p class='ocr_par' dir='ltr' id='par_1_100' title="bbox 549 5811 1838 5876">
     <span class='ocr_line' id='line_1_100' title="bbox 549 5811 1838 5876; baseline 0.004 -9"><span class='ocrx_word' id='word_1_724' title='bbox 549 5811 596 5843; x_wconf 80' lang='grc'><strong>⁵⁸</strong></span> <span class='ocrx_word' id='word_1_725' title='bbox 624 5811 780 5867; x_wconf 83' lang='lat' dir='ltr'><strong>Joan.</strong></span> <span class='ocrx_word' id='word_1_726' title='bbox 815 5829 894 5874; x_wconf 86' lang='grc' dir='ltr'>ιιι.</span> <span class='ocrx_word' id='word_1_727' title='bbox 925 5811 1015 5868; x_wconf 72' lang='grc'><strong>26.</strong></span> <span class='ocrx_word' id='word_1_728' title='bbox 1091 5815 1137 5847; x_wconf 81' lang='grc'><strong>⁸³</strong></span> <span class='ocrx_word' id='word_1_729' title='bbox 1171 5815 1298 5870; x_wconf 81' lang='lat' dir='ltr'><strong>ibid.</strong></span> <span class='ocrx_word' id='word_1_730' title='bbox 1345 5817 1431 5872; x_wconf 78' lang='lat' dir='ltr'><strong>5i.</strong></span> <span class='ocrx_word' id='word_1_731' title='bbox 1511 5819 1556 5851; x_wconf 78' lang='grc'><strong>⁸⁸</strong></span> <span class='ocrx_word' id='word_1_732' title='bbox 1584 5819 1714 5876; x_wconf 86' lang='lat' dir='ltr'><strong>ibid.</strong></span> <span class='ocrx_word' id='word_1_733' title='bbox 1749 5819 1838 5875; x_wconf 78' lang='grc'><strong>55.</strong></span> 
     </span>
    </p>
   </div>
   <div class='ocr_carea' id='block_1_101' title="bbox 483 5880 1270 5952">
    <p class='ocr_par' dir='ltr' id='par_1_101' title="bbox 483 5880 1270 5952">
     <span class='ocr_line' id='line_1_101' title="bbox 483 5880 1270 5952; baseline -0.004 -12"><span class='ocrx_word' id='word_1_734' title='bbox 483 5897 592 5940; x_wconf 73' lang='lat' dir='ltr'><strong>xu.</strong></span> <span class='ocrx_word' id='word_1_735' title='bbox 628 5880 715 5937; x_wconf 66' lang='lat'><strong>96.</strong></span> <span class='ocrx_word' id='word_1_736' title='bbox 794 5885 836 5915; x_wconf 84' lang='lat'>“</span> <span class='ocrx_word' id='word_1_737' title='bbox 861 5883 1000 5938; x_wconf 77' lang='lat' dir='ltr'><strong>Psal.</strong></span> <span class='ocrx_word' id='word_1_738' title='bbox 1037 5900 1189 5952; x_wconf 72' lang='lat' dir='ltr'><strong>nm,</strong></span> <span class='ocrx_word' id='word_1_739' title='bbox 1222 5885 1270 5938; x_wconf 88' lang='lat'><strong>7.</strong></span> 
     </span>
    </p>
   </div>
   <div class='ocr_carea' id='block_1_102' title="bbox 1947 5814 2272 5874">
    <p class='ocr_par' dir='ltr' id='par_1_102' title="bbox 1947 5814 2272 5874">
     <span class='ocr_line' id='line_1_102' title="bbox 1947 5814 2272 5874; baseline -0.025 1"><span class='ocrx_word' id='word_1_740' title='bbox 1947 5818 1992 5852; x_wconf 62' lang='grc' dir='ltr'><strong><em>’τ</em></strong></span> <span class='ocrx_word' id='word_1_741' title='bbox 2026 5817 2156 5874; x_wconf 87' lang='lat' dir='ltr'><strong>ibid.</strong></span> <span class='ocrx_word' id='word_1_742' title='bbox 2184 5814 2272 5869; x_wconf 79' lang='lat'><strong>56.</strong></span> 
     </span>
    </p>
   </div>
   <div class='ocr_carea' id='block_1_103' title="bbox 2157 4615 3733 4710">
    <p class='ocr_par' dir='ltr' id='par_1_103' title="bbox 2157 4615 3733 4710">
     <span class='ocr_line' id='line_1_103' title="bbox 2157 4615 3733 4710; baseline -0.018 -17"><span class='ocrx_word' id='word_1_743' title='bbox 2157 4638 2304 4710; x_wconf 80' lang='grc' dir='ltr'>αὐτῷ</span> <span class='ocrx_word' id='word_1_744' title='bbox 2332 4634 2739 4707; x_wconf 85' lang='grc' dir='ltr'>παρεσομένων,</span> <span class='ocrx_word' id='word_1_745' title='bbox 2773 4631 2830 4683; x_wconf 82' lang='grc' dir='ltr'>αἱ</span> <span class='ocrx_word' id='word_1_746' title='bbox 2859 4629 3111 4698; x_wconf 77' lang='grc' dir='ltr'>δυνάμεις</span> <span class='ocrx_word' id='word_1_747' title='bbox 3133 4623 3239 4677; x_wconf 90' lang='grc' dir='ltr'><strong>τῶν</strong></span> <span class='ocrx_word' id='word_1_748' title='bbox 3267 4617 3509 4692; x_wconf 85' lang='grc' dir='ltr'>οὐρανῶν</span> <span class='ocrx_word' id='word_1_749' title='bbox 3541 4615 3733 4668; x_wconf 85' lang='grc' dir='ltr'>σαλευ-</span> 
     </span>
    </p>
   </div>
   <div class='ocr_carea' id='block_1_104' title="bbox 2156 4710 3735 4800">
    <p class='ocr_par' dir='ltr' id='par_1_104' title="bbox 2156 4710 3735 4800">
     <span class='ocr_line' id='line_1_104' title="bbox 2156 4710 3735 4800; baseline -0.015 -19"><span class='ocrx_word' id='word_1_750' title='bbox 2156 4729 2407 4800; x_wconf 82' lang='grc' dir='ltr'>θήσονται</span> <span class='ocrx_word' id='word_1_751' title='bbox 2431 4743 2444 4754; x_wconf 90' lang='grc'><strong>·</strong></span> <span class='ocrx_word' id='word_1_752' title='bbox 2473 4725 2548 4787; x_wconf 84' lang='grc' dir='ltr'><strong>ὡς</strong></span> <span class='ocrx_word' id='word_1_753' title='bbox 2574 4723 2694 4776; x_wconf 85' lang='grc' dir='ltr'>τότε</span> <span class='ocrx_word' id='word_1_754' title='bbox 2728 4717 3068 4793; x_wconf 80' lang='grc' dir='ltr'>πληροῦσθαι</span> <span class='ocrx_word' id='word_1_755' title='bbox 3091 4716 3172 4770; x_wconf 68' lang='grc' dir='ltr'>τό*</span> <span class='ocrx_word' id='word_1_756' title='bbox 3201 4715 3404 4800; x_wconf 62' lang='grc' dir='ltr'>ᾎρατε</span> <span class='ocrx_word' id='word_1_757' title='bbox 3426 4710 3646 4773; x_wconf 71' lang='grc' dir='ltr'>πύλας,</span> <span class='ocrx_word' id='word_1_758' title='bbox 3675 4723 3735 4800; x_wconf 68' lang='grc' dir='ltr'><strong>ρ.</strong></span> 
     </span>
    </p>
   </div>
   <div class='ocr_carea' id='block_1_105' title="bbox 2154 4796 3736 4889">
    <p class='ocr_par' dir='ltr' id='par_1_105' title="bbox 2154 4796 3736 4889">
     <span class='ocr_line' id='line_1_105' title="bbox 2154 4796 3736 4889; baseline -0.016 -15"><span class='ocrx_word' id='word_1_759' title='bbox 2154 4796 2462 4889; x_wconf 62' lang='grc' dir='ltr'>ἄρχοντες,</span> <span class='ocrx_word' id='word_1_760' title='bbox 2489 4814 2675 4886; x_wconf 80' lang='grc' dir='ltr'>ὑμῶν,</span> <span class='ocrx_word' id='word_1_761' title='bbox 2704 4813 2800 4867; x_wconf 80' lang='grc' dir='ltr'>καὶ</span> <span class='ocrx_word' id='word_1_762' title='bbox 2822 4809 3230 4866; x_wconf 74' lang='grc' dir='ltr'>εἰσελεύσεται</span> <span class='ocrx_word' id='word_1_763' title='bbox 3241 4796 3286 4858; x_wconf 52' lang='grc' dir='ltr'><strong>’ὀ</strong></span> <span class='ocrx_word' id='word_1_764' title='bbox 3312 4799 3610 4864; x_wconf 78' lang='grc' dir='ltr'>Βασιλεὺς</span> <span class='ocrx_word' id='word_1_765' title='bbox 3625 4796 3736 4889; x_wconf 73' lang='grc' dir='ltr'>τῆς</span> 
     </span>
    </p>
   </div>
   <div class='ocr_carea' id='block_1_106' title="bbox 2157 4887 3736 4979">
    <p class='ocr_par' dir='ltr' id='par_1_106' title="bbox 2157 4887 3736 4979">
     <span class='ocr_line' id='line_1_106' title="bbox 2157 4887 3736 4979; baseline -0.015 -14"><span class='ocrx_word' id='word_1_766' title='bbox 2157 4887 2363 4979; x_wconf 57' lang='grc' dir='ltr'>δόξης.</span> <span class='ocrx_word' id='word_1_767' title='bbox 2395 4909 2504 4963; x_wconf 78' lang='grc' dir='ltr'><strong>Ποῦ</strong></span> <span class='ocrx_word' id='word_1_768' title='bbox 2534 4908 2589 4961; x_wconf 84' lang='grc' dir='ltr'>δὲ</span> <span class='ocrx_word' id='word_1_769' title='bbox 2616 4901 2978 4960; x_wconf 77' lang='grc' dir='ltr'>εἰσελεύσεται</span> <span class='ocrx_word' id='word_1_770' title='bbox 3012 4901 3045 4972; x_wconf 83' lang='grc' dir='ltr'>ἢ</span> <span class='ocrx_word' id='word_1_771' title='bbox 3069 4903 3150 4963; x_wconf 87' lang='grc' dir='ltr'><strong>εἰς</strong></span> <span class='ocrx_word' id='word_1_772' title='bbox 3181 4898 3273 4951; x_wconf 85' lang='grc' dir='ltr'><strong>τὸν</strong></span> <span class='ocrx_word' id='word_1_773' title='bbox 3299 4895 3417 4950; x_wconf 76' lang='grc' dir='ltr'>νέον</span> <span class='ocrx_word' id='word_1_774' title='bbox 3443 4887 3736 4947; x_wconf 65' lang='grc' dir='ltr'>αἰῶναικαὶ</span> 
     </span>
    </p>
   </div>
   <div class='ocr_carea' id='block_1_107' title="bbox 2155 4983 3736 5074">
    <p class='ocr_par' dir='ltr' id='par_1_107' title="bbox 2155 4983 3736 5074">
     <span class='ocr_line' id='line_1_107' title="bbox 2155 4983 3736 5074; baseline -0.015 -16"><span class='ocrx_word' id='word_1_775' title='bbox 2155 5004 2256 5074; x_wconf 82' lang='grc' dir='ltr'>τὴν</span> <span class='ocrx_word' id='word_1_776' title='bbox 2283 5002 2474 5072; x_wconf 81' lang='grc' dir='ltr'>καινὴν</span> <span class='ocrx_word' id='word_1_777' title='bbox 2516 4999 2876 5069; x_wconf 82' lang='grc' dir='ltr'>οἰκουμένην;</span> <span class='ocrx_word' id='word_1_778' title='bbox 2910 4993 3016 5048; x_wconf 78' lang='grc' dir='ltr'>Καὶ</span> <span class='ocrx_word' id='word_1_779' title='bbox 3057 4992 3120 5064; x_wconf 82' lang='grc' dir='ltr'>δὴ</span> <span class='ocrx_word' id='word_1_780' title='bbox 3156 4990 3264 5043; x_wconf 90' lang='grc' dir='ltr'><strong>τῶν</strong></span> <span class='ocrx_word' id='word_1_781' title='bbox 3301 4986 3582 5057; x_wconf 85' lang='grc' dir='ltr'>δυνάμεων</span> <span class='ocrx_word' id='word_1_782' title='bbox 3632 4983 3736 5035; x_wconf 87' lang='grc' dir='ltr'><strong>τῶν</strong></span> 
     </span>
    </p>
   </div>
   <div class='ocr_carea' id='block_1_108' title="bbox 2159 5075 3737 5166">
    <p class='ocr_par' dir='ltr' id='par_1_108' title="bbox 2159 5075 3737 5166">
     <span class='ocr_line' id='line_1_108' title="bbox 2159 5075 3737 5166; baseline -0.015 -15"><span class='ocrx_word' id='word_1_783' title='bbox 2159 5096 2383 5166; x_wconf 86' lang='grc' dir='ltr'>ἀφανῶν</span> <span class='ocrx_word' id='word_1_784' title='bbox 2425 5095 2521 5148; x_wconf 65' lang='grc' dir='ltr'>καὶ</span> <span class='ocrx_word' id='word_1_785' title='bbox 2552 5091 2880 5163; x_wconf 83' lang='grc' dir='ltr'>ἀσωμάτων,</span> <span class='ocrx_word' id='word_1_786' title='bbox 2937 5088 3022 5140; x_wconf 56' lang='grc' dir='ltr'>δι’*</span> <span class='ocrx_word' id='word_1_787' title='bbox 3045 5080 3120 5140; x_wconf 85' lang='grc' dir='ltr'>ὧν</span> <span class='ocrx_word' id='word_1_788' title='bbox 3168 5087 3197 5137; x_wconf 86' lang='grc' dir='ltr'>ὁ</span> <span class='ocrx_word' id='word_1_789' title='bbox 3244 5082 3467 5152; x_wconf 85' lang='grc' dir='ltr'>σύμπας</span> <span class='ocrx_word' id='word_1_790' title='bbox 3511 5075 3737 5166; x_wconf 73' lang='grc' dir='ltr'>οὐρανὸς</span> 
     </span>
    </p>
   </div>
   <div class='ocr_carea' id='block_1_109' title="bbox 2158 5164 3733 5256">
    <p class='ocr_par' dir='ltr' id='par_1_109' title="bbox 2158 5164 3733 5256">
     <span class='ocr_line' id='line_1_109' title="bbox 2158 5164 3733 5256; baseline -0.017 -14"><span class='ocrx_word' id='word_1_791' title='bbox 2158 5189 2461 5252; x_wconf 81' lang='grc' dir='ltr'>διοικεῖται,</span> <span class='ocrx_word' id='word_1_792' title='bbox 2487 5186 2586 5256; x_wconf 83' lang='grc' dir='ltr'><strong>τῆς</strong></span> <span class='ocrx_word' id='word_1_793' title='bbox 2626 5183 2686 5247; x_wconf 80' lang='grc' dir='ltr'><strong>ἐξ</strong></span> <span class='ocrx_word' id='word_1_794' title='bbox 2727 5180 2920 5242; x_wconf 81' lang='grc' dir='ltr'>αἰῶνος</span> <span class='ocrx_word' id='word_1_795' title='bbox 2952 5179 3193 5238; x_wconf 84' lang='grc' dir='ltr'>στάσεως</span> <span class='ocrx_word' id='word_1_796' title='bbox 3239 5164 3733 5244; x_wconf 84' lang='grc' dir='ltr'>παρακινηθεισῶν,</span> 
     </span>
    </p>
   </div>
   <div class='ocr_carea' id='block_1_110' title="bbox 2158 5254 3736 5346">
    <p class='ocr_par' dir='ltr' id='par_1_110' title="bbox 2158 5254 3736 5346">
     <span class='ocr_line' id='line_1_110' title="bbox 2158 5254 3736 5346; baseline -0.017 -12"><span class='ocrx_word' id='word_1_797' title='bbox 2158 5281 2254 5334; x_wconf 75' lang='grc' dir='ltr'>καὶ</span> <span class='ocrx_word' id='word_1_798' title='bbox 2279 5278 2440 5341; x_wconf 82' lang='grc' dir='ltr'>αὐτὸς</span> <span class='ocrx_word' id='word_1_799' title='bbox 2461 5279 2490 5331; x_wconf 86' lang='grc' dir='ltr'>ὁ</span> <span class='ocrx_word' id='word_1_800' title='bbox 2520 5254 2740 5346; x_wconf 80' lang='grc' dir='ltr'>σύμπας</span> <span class='ocrx_word' id='word_1_801' title='bbox 2765 5271 2988 5343; x_wconf 84' lang='grc' dir='ltr'>οὐρανὸς</span> <span class='ocrx_word' id='word_1_802' title='bbox 3009 5269 3157 5340; x_wconf 77' lang='grc' dir='ltr'>ἥλιός</span> <span class='ocrx_word' id='word_1_803' title='bbox 3183 5281 3242 5320; x_wconf 84' lang='grc' dir='ltr'><strong>τε</strong></span> <span class='ocrx_word' id='word_1_804' title='bbox 3269 5265 3364 5319; x_wconf 73' lang='grc' dir='ltr'>καὶ</span> <span class='ocrx_word' id='word_1_805' title='bbox 3394 5261 3611 5331; x_wconf 79' lang='grc' dir='ltr'>σελήνη,</span> <span class='ocrx_word' id='word_1_806' title='bbox 3644 5254 3736 5310; x_wconf 74' lang='grc' dir='ltr'><strong>καὶ</strong></span> 
     </span>
    </p>
   </div>
   <div class='ocr_carea' id='block_1_111' title="bbox 2158 5346 3736 5444">
    <p class='ocr_par' dir='ltr' id='par_1_111' title="bbox 2158 5346 3736 5444">
     <span class='ocr_line' id='line_1_111' title="bbox 2158 5346 3736 5444; baseline -0.017 -17"><span class='ocrx_word' id='word_1_807' title='bbox 2158 5373 2388 5444; x_wconf 82' lang='grc' dir='ltr'>ἀστέρες</span> <span class='ocrx_word' id='word_1_808' title='bbox 2416 5368 2859 5441; x_wconf 82' lang='grc' dir='ltr'>παρελεύσονται,</span> <span class='ocrx_word' id='word_1_809' title='bbox 2891 5360 3239 5431; x_wconf 77' lang='grc' dir='ltr'>ἀνοιγομένου</span> <span class='ocrx_word' id='word_1_810' title='bbox 3255 5357 3352 5410; x_wconf 79' lang='grc' dir='ltr'>τοῦ</span> <span class='ocrx_word' id='word_1_811' title='bbox 3368 5350 3621 5426; x_wconf 79' lang='grc' dir='ltr'>οὐρανοῦ,</span> <span class='ocrx_word' id='word_1_812' title='bbox 3647 5346 3736 5402; x_wconf 81' lang='grc' dir='ltr'><strong>καὶ</strong></span> 
     </span>
    </p>
   </div>
   <div class='ocr_carea' id='block_1_112' title="bbox 2161 5445 3738 5527">
    <p class='ocr_par' dir='ltr' id='par_1_112' title="bbox 2161 5445 3738 5527">
     <span class='ocr_line' id='line_1_112' title="bbox 2161 5445 3738 5527; baseline -0.016 -10"><span class='ocrx_word' id='word_1_813' title='bbox 2161 5463 2268 5517; x_wconf 89' lang='grc' dir='ltr'><strong>τῶν</strong></span> <span class='ocrx_word' id='word_1_814' title='bbox 2323 5460 2384 5526; x_wconf 75' lang='grc' dir='ltr'><strong>ἐξ</strong></span> <span class='ocrx_word' id='word_1_815' title='bbox 2427 5462 2622 5522; x_wconf 83' lang='grc' dir='ltr'>αἰῶνος</span> <span class='ocrx_word' id='word_1_816' title='bbox 2673 5455 3070 5527; x_wconf 82' lang='grc' dir='ltr'>κεκλεισμένων</span> <span class='ocrx_word' id='word_1_817' title='bbox 3109 5448 3272 5506; x_wconf 76' lang='grc' dir='ltr'>αὐτοῦ</span> <span class='ocrx_word' id='word_1_818' title='bbox 3329 5445 3508 5500; x_wconf 75' lang='grc' dir='ltr'>πυλῶν</span> <span class='ocrx_word' id='word_1_819' title='bbox 3541 5456 3738 5496; x_wconf 86' lang='grc' dir='ltr'>αναπε-</span> 
     </span>
    </p>
   </div>
   <div class='ocr_carea' id='block_1_113' title="bbox 2159 5532 3737 5625">
    <p class='ocr_par' dir='ltr' id='par_1_113' title="bbox 2159 5532 3737 5625">
     <span class='ocr_line' id='line_1_113' title="bbox 2159 5532 3737 5625; baseline -0.016 -16"><span class='ocrx_word' id='word_1_820' title='bbox 2159 5554 2526 5625; x_wconf 86' lang='grc' dir='ltr'>ταννυμένων,</span> <span class='ocrx_word' id='word_1_821' title='bbox 2573 5553 2647 5615; x_wconf 85' lang='grc' dir='ltr'>ὼς</span> <span class='ocrx_word' id='word_1_822' title='bbox 2695 5550 2760 5604; x_wconf 79' lang='grc' dir='ltr'><strong>ἂν</strong></span> <span class='ocrx_word' id='word_1_823' title='bbox 2793 5550 3005 5619; x_wconf 80' lang='grc' dir='ltr'>ὀφθεῖεν</span> <span class='ocrx_word' id='word_1_824' title='bbox 3051 5539 3466 5613; x_wconf 77' lang='grc' dir='ltr'>τά.ὐπουρὰνια,</span> <span class='ocrx_word' id='word_1_825' title='bbox 3502 5535 3596 5588; x_wconf 83' lang='grc' dir='ltr'>καὶ</span> <span class='ocrx_word' id='word_1_826' title='bbox 3628 5532 3737 5604; x_wconf 53' lang='lat' dir='ltr'><strong>ne:</strong></span> 
     </span>
    </p>
   </div>
   <div class='ocr_carea' id='block_1_114' title="bbox 2163 5624 3738 5713">
    <p class='ocr_par' dir='ltr' id='par_1_114' title="bbox 2163 5624 3738 5713">
     <span class='ocr_line' id='line_1_114' title="bbox 2163 5624 3738 5713; baseline -0.016 -12"><span class='ocrx_word' id='word_1_827' title='bbox 2163 5647 2357 5710; x_wconf 88' lang='grc' dir='ltr'>αἰῶνος</span> <span class='ocrx_word' id='word_1_828' title='bbox 2418 5643 2511 5698; x_wconf 78' lang='grc' dir='ltr'>τοῦ</span> <span class='ocrx_word' id='word_1_829' title='bbox 2541 5644 2675 5697; x_wconf 73' lang='grc' dir='ltr'>Θεοῦ</span> <span class='ocrx_word' id='word_1_830' title='bbox 2720 5642 2963 5713; x_wconf 86' lang='grc' dir='ltr'>βασιλεία</span> <span class='ocrx_word' id='word_1_831' title='bbox 2990 5635 3252 5709; x_wconf 80' lang='grc' dir='ltr'>φανηθείη</span> <span class='ocrx_word' id='word_1_832' title='bbox 3301 5633 3412 5694; x_wconf 83' lang='grc' dir='ltr'>τοῖς</span> <span class='ocrx_word' id='word_1_833' title='bbox 3442 5629 3607 5682; x_wconf 76' lang='grc' dir='ltr'>πᾶσιν</span> <span class='ocrx_word' id='word_1_834' title='bbox 3627 5642 3640 5656; x_wconf 71' lang='grc' dir='ltr'><strong>ο</strong></span> <span class='ocrx_word' id='word_1_835' title='bbox 3673 5624 3738 5695; x_wconf 69' lang='grc' dir='ltr'>ἢν</span> 
     </span>
    </p>
   </div>
   <div class='ocr_carea' id='block_1_115' title="bbox 2379 5793 3739 5879">
    <p class='ocr_par' dir='ltr' id='par_1_115' title="bbox 2379 5793 3739 5879">
     <span class='ocr_line' id='line_1_115' title="bbox 2379 5793 3739 5879; baseline -0.019 -8"><span class='ocrx_word' id='word_1_836' title='bbox 2379 5814 2424 5846; x_wconf 82' lang='grc'><strong>³⁸</strong></span> <span class='ocrx_word' id='word_1_837' title='bbox 2451 5813 2581 5869; x_wconf 77' lang='lat' dir='ltr'><strong>Luc.</strong></span> <span class='ocrx_word' id='word_1_838' title='bbox 2620 5829 2729 5879; x_wconf 68' lang='lat' dir='ltr'><strong>xxi,</strong></span> <span class='ocrx_word' id='word_1_839' title='bbox 2771 5812 2860 5867; x_wconf 70' lang='grc'><strong>25.</strong></span> <span class='ocrx_word' id='word_1_840' title='bbox 2968 5811 3013 5842; x_wconf 63' lang='grc'><strong>⁸³</strong></span> <span class='ocrx_word' id='word_1_841' title='bbox 3045 5808 3060 5863; x_wconf 95' lang='lat' dir='ltr'><strong>l</strong></span> <span class='ocrx_word' id='word_1_842' title='bbox 3089 5805 3212 5863; x_wconf 82' lang='lat' dir='ltr'><strong>Cor.</strong></span> <span class='ocrx_word' id='word_1_843' title='bbox 3239 5819 3332 5869; x_wconf 81' lang='lat' dir='ltr'><strong>\‘ll,</strong></span> <span class='ocrx_word' id='word_1_844' title='bbox 3367 5801 3453 5856; x_wconf 81' lang='lat'><strong>5|.</strong></span> <span class='ocrx_word' id='word_1_845' title='bbox 3534 5798 3577 5827; x_wconf 78' lang='grc'><strong>⁶⁰</strong></span> <span class='ocrx_word' id='word_1_846' title='bbox 3607 5793 3739 5850; x_wconf 74' lang='lat' dir='ltr'><strong>Luc.</strong></span> 
     </span>
    </p>
   </div>
  </div>
