3968 6512
1173 410 1446 470 EUSEBII
1483 411 1961 470 CIESARIENSIS
1983 413 2133 472 OPP.
2174 412 2356 469 PARS
2395 413 2480 471 Ill.
2511 445 2582 456 —
2618 410 3029 470 EXEGETICA.

3638 406 3759 465 ϐω

477 534 608 591 item
641 532 812 589 Filius
851 533 1123 601 hominis,
1160 544 1217 589 et
1242 534 1451 602 nubes,
1495 543 1551 590 et
1577 534 1760 590 datum
1792 535 1929 590 Filio
1967 536 2031 592 ho

2161 536 2417 605 χύμενον
2455 535 2525 589 ἐν
2575 532 2799 603 νεφέλῃ
2838 529 2988 603 μετὰ
3012 529 3215 597 δόξης,
3258 526 3609 601 παραθήσεις
3642 527 3756 598 τὴδ

478 626 642 682 minis
672 640 892 695 regnum
932 625 1300 695 spectabatur.
1341 626 1446 682 Sed
1475 626 1619 681 enim
1656 635 1783 681 tunc
1830 627 2031 696 quidem

2152 625 2246 679 τοῦ
2268 625 2463 697 Δανιὴλ
2501 623 2857 697 προφητείαν,
2889 622 2956 675 δι’
2981 617 3048 693 ἦς
3072 620 3162 673 καὶ¹
3194 622 3222 673 6
3242 619 3367 683 Υἱὸς
3392 618 3483 672 τοῦ
3512 616 3757 688 ἀνθρώ-ε

475 733 616 774 unus
664 718 930 788 propheta
980 718 1163 773 divino
1206 717 1409 789 Spiritu
1467 718 1755 774 instinctus
1808 717 2043 773 futuram

475 819 589 860 rem
616 806 907 873 cernebat;
954 812 1011 861 at
1036 807 1524 863 consummationis
1554 818 1795 877 tempore
1832 822 2041 875 omnes,

472 907 533 950 ut
565 895 644 950 ait
676 894 934 951 Servator
959 898 1023 963 ⁸⁸,
1053 898 1312 952 videbunt
1343 913 1464 953 eum
1491 900 1793 956 venientem
1821 898 1873 954 iu
1901 899 2043 955 nube

469 1002 594 1045 cum
628 989 832 1044 virtute
871 1005 1062 1059 magna
1116 990 1329 1044 vivilica
1386 1002 1442 1045 et
1494 992 1874 1045 illuminatriec
1918 991 2042 1045 novi

471 1079 679 1147 muli,
725 1096 957 1151 eumque
998 1081 1169 1151 gloria
1214 1098 1429 1154 magna,
1459 1084 1637 1140 Patris
1672 1083 1922 1139 videlicet
1966 1082 2041 1137 div

465 1173 717 1229 vinitate.

2154 736 2278 783 που,
2319 717 2413 771 καὶ
2448 720 2481 788 ἡ
2509 716 2726 787 νεφέλη,
2769 716 2861 768 καὶ
2892 716 2925 785 ή
2952 712 3026 783 τῷ
3049 712 3143 766 τοῦ
3174 710 3457 783 ἀνθρώπου
3496 710 3753 781 δοθησο-

2156 810 2290 882 μένη
2324 809 2567 879 βασιλεία
2594 807 2898 880 ὲθεωρεῖτο.
2945 804 3101 858 Ἀλλά
3129 804 3249 857 τότε
3276 804 3371 874 μὲν
3394 799 3472 866 εἷς
3510 802 3755 873 προφή-

2149 918 2249 972 της
2274 900 2403 972 θείῳ
2427 899 2702 971 Πνεύματι
2733 896 3152 969 θεοφορούμενος
3195 896 3255 948 τὸ
3289 894 3478 966 μέλλον
3506 893 3752 947 ἔσεσθαι

2149 996 2365 1048 ὲθεᾶτοο
2408 994 2550 1047 κατὰ
2587 993 2644 1046 δὲ
2688 991 2777 1045 τὸν
2810 992 2909 1062 τῆς
2942 989 3245 1052 συντελείας
3275 990 3463 1061 καιρὸν
3500 987 3751 1050 πάντες,

2148 1082 2224 1147 ὦς
2280 1100 2443 1154 φησιν
2505 1084 2533 1136 6
2566 1080 2793 1153 Σωτὴρ,
2862 1080 3027 1135 αὑτὸν
3074 1081 3293 1151 θῲονται
3333 1080 3640 1151 ἐρχόμενον
3685 1080 3751 1135 ὲν

2145 1176 2343 1249 νεφέλῃ
2373 1176 2507 1246 μετὰ
2536 1175 2818 1248 δυνάμεως
2841 1175 3041 1246 πολλῆς
3069 1174 3463 1245 ζωοποιητικῆς
3500 1172 3607 1224 καὶ
3630 1188 3754 1240 φω-

464 1271 715 1339 τιστικῆς
740 1268 835 1323 τοῦ
861 1270 981 1323 νέου
1006 1269 1219 1335 αἰῶνος,
1251 1272 1344 1327 καὶ
1373 1273 1511 1343 μετὰ
1532 1272 1687 1345 δόξης
1720 1272 1941 1343 πολλῆς,
1966 1272 2064 1343 τῆς
2087 1271 2359 1343 πατρικῆς
2387 1270 2583 1342 δηλαδὴ
2607 1270 2875 1343 θεότητος.

538 1365 898 1433 Quandouam
926 1381 1053 1422 vero
1074 1367 1187 1422 haec
1220 1367 1388 1423 (ient?
1408 1367 1539 1424 Cum
1571 1370 1808 1439 gentium
1842 1380 2049 1439 tempo-

465 1473 526 1517 ra
562 1458 828 1529 completa
856 1459 1073 1519 fuerint.
1125 1461 1335 1516 Etenim
1364 1462 1610 1517 absoluto
1637 1466 1777 1534 quod
1820 1464 1886 1520 iis
1916 1464 2049 1520 deti-

2219 1367 2357 1420 Πότε
2407 1366 2463 1420 δὲ
2510 1366 2682 1420 ταῦτα
2734 1365 2921 1431 iicreat;
2960 1365 3127 1419 Ὅταν
3170 1363 3496 1436 πληρωθῶσι
3546 1364 3751 1436 καιροὶ

2143 1458 2334 1513 ἐθνῶν.
2372 1457 2779 1530 Περαιωθείσης
2805 1457 2915 1529 γὰρ
2941 1457 3043 1528 τῆς
3076 1456 3385 1529 ὡρισμένης
3413 1460 3525 1521 τοῖς
3550 1456 3748 1511 ἔθνεσι

462 1548 637 1605 ultum
695 1549 876 1607 fuerat
917 1561 1138 1610 artatum
1189 1552 1385 1624 spatio,
1432 1554 1584 1616 signa
1635 1557 2031 1610 consummandi

2140 1551 2501 1625 προθεσμίας,
2529 1550 2680 1604 ἔσται
2708 1553 2907 1622 σημεῖα
2926 1550 3027 1620 τῆς
3046 1550 3139 1603 τοῦ
3164 1551 3366 1621 κόσμου
3390 1549 3745 1613 συντελείας,

461 1643 649 1698 mundi
716 1648 1026 1702 exstabunt.
1082 1645 1457 1716 Cujuscemodi
1515 1662 1643 1701 vero
1692 1648 1840 1717 signa
1900 1648 2039 1711 haec,

2137 1645 2364 1699 Ποταπά
2395 1645 2450 1698 δὲ
2479 1647 2698 1716 σημεῖα,
2726 1644 2806 1716 τῷ
2835 1642 3099 1713 Ματθαίῳ
3120 1644 3148 1695 6
3171 1643 3383 1706 Λουκᾶς
3404 1640 3745 1714 παρεχώρη-

460 1732 711 1790 Mattbaao
771 1734 819 1767 “
870 1735 1047 1791 Lucas
1100 1738 1387 1792 dicendum
1440 1739 1706 1807 permisit.
1760 1738 2031 1809 Oportehil

2142 1754 2233 1790 σεν
2281 1737 2532 1801 ἐξειπεῖν.
2593 1736 2791 1807 Ἐχρῆν
2840 1735 2969 1807 γὰρ,
3012 1732 3295 1805 μέλλοντος
3342 1733 3438 1787 τοῦ
3484 1733 3743 1803 μεγάλου

460 1827 625 1893 enim,
676 1843 869 1900 magno
924 1830 1195 1899 luminari,
1251 1833 1370 1903 ipso
1422 1833 1637 1904 inquam
1687 1833 1797 1889 Deo
1840 1832 2036 1900 Verbo,

456 1931 583 1974 cum
608 1919 805 1977 virtute
828 1922 1105 1993 gloriaque
1121 1923 1286 1979 multa
1312 1924 1540 1981 alterum
1561 1926 1844 1980 adventum
1879 1940 2033 1979 suum

456 2018 765 2077 03tensuro,
813 2013 1131 2070 subtrahere
1171 2026 1345 2073 semet
1396 2031 1459 2073 ac
1503 2018 1695 2073 cedere
1736 2017 1923 2081 solem,
1952 2017 2034 2070 lu-

457 2114 691 2171 namque
728 2111 783 2157 et
817 2113 1009 2158 extera
1040 2105 1242 2171 sidera,
1274 2116 1332 2161 ut
1361 2105 1481 2162 loco
1519 2085 1757 2162 omnium
1798 2110 1909 2178 ipse
1940 2107 2032 2162 Fi-

452 2188 561 2245 lius
580 2190 816 2247 hominis
844 2193 1048 2263 lucens,
1080 2211 1277 2252 novum
1299 2198 1550 2254 saeculum
1581 2198 1862 2266 illumiuet,
1886 2200 2033 2270 prio-

454 2292 519 2340 re
546 2284 729 2340 mundi
753 2285 922 2357 ﬁgura
951 2296 1337 2358 praetereunte,
1363 2292 1654 2347 secundum
1679 2291 2029 2361 apostolicum

452 2375 823 2433 testimonium
859 2381 1001 2450 quod
1031 2384 1150 2443 ait:
1189 2382 1434 2440 Prwlerit
1477 2386 1616 2440 enim
1662 2386 1833 2456 ﬁgura
1871 2386 2029 2455 hujus

452 2468 639 2523 mundi
664 2470 733 2523 ἀ.
766 2470 898 2526 Cum
925 2488 1054 2543 ergo
1070 2475 1184 2530 haec
1210 2476 1379 2544 ligura
1408 2477 1722 2545 prateribit,
1756 2479 1912 2533 simul
1936 2480 2029 2532 alt-

452 2559 607 2617 ibunt
664 2562 745 2617 sol
794 2578 856 2617 ac
886 2564 1012 2619 luna
1055 2574 1109 2621 et
1145 2566 1337 2622 stellae.
1362 2565 1815 2623 Obtenebrabitur
1846 2580 2025 2624 autem

453 2661 581 2708 tunc
634 2652 736 2715 sol.
782 2668 886 2707 non
915 2657 1055 2724 quod
1081 2671 1236 2710 suum
1264 2656 1442 2711 lumen
1479 2658 1779 2711 amissurus
1810 2658 1898 2720 sit,
1934 2660 2027 2713 sed

449 2746 854 2815 comparatione
898 2746 1123 2817 majoris
1178 2748 1516 2808 obscuratus.
1580 2748 1719 2817 Ergo
1787 2748 2025 2803 laborum

447 2836 612 2892 veluti
647 2854 868 2894 suorum
908 2840 1189 2906 praamium
1227 2842 1421 2907 capiet,
1459 2850 1513 2895 ut
1539 2841 1629 2895 ﬁat
1660 2842 2023 2911 septemplex;

448 2927 672 2998 ipsaque
695 2928 818 2987 luna
850 2940 907 2984 ut
931 2931 1011 2985 sol
1048 2931 1185 2997 erit;
1221 2932 1389 2986 stella:
1415 2933 1643 3002 denique
1680 2932 1927 2985 eamdem
1970 2933 2022 2987 in

445 3018 639 3075 melius
681 3020 1082 3089 provectionem
1113 3022 1483 3092 experientur.
1539 3022 1643 3077 Sed
1686 3032 1860 3077 tamen
1898 3032 2025 3075 tunc

2142 1826 2444 1896 φωστῆρος,
2485 1824 2649 1877 αὑτοῦ
2683 1825 2739 1877 δὲ
2770 1823 2865 1877 τοῦ
2896 1823 3031 1877 Θεοῦ
3064 1824 3238 1891 Λόγου
3272 1822 3404 1893 μετά
3438 1823 3744 1893 δυνάμεως

2139 1916 2233 1969 καὶ
2266 1915 2421 1985 δόξης
2447 1914 2646 1985 πολλῆς
2671 1915 2771 1987 τὴν
2797 1916 3054 1988 δευτέραν
3083 1913 3249 1969 αὑτοῦ
3283 1914 3553 1969 ποιεῖσθαι
3591 1932 3742 1984 παρ-

2135 2007 2321 2061 ουσίαν
2357 2006 2786 2061 ὑποστέλλεσθαι
2838 2009 2933 2062 καὶ
2995 2009 3378 2080 ὑπαναχωρεῖν
3432 2007 3524 2062 τὸν
3573 2007 3740 2079 ἧλιιν

2137 2100 2232 2152 καὶ
2262 2101 2360 2171 τὴν
2394 2098 2643 2172 σελήνην,
2678 2102 2772 2156 καὶ¹
2802 2102 2931 2167 τοὺς
2963 2103 3217 2175 ἀστέρας,
3254 2102 3339 2157 ἵνα
3361 2101 3479 2159 ἀντὶ
3499 2102 3739 2155 πάντων

2135 2192 2297 2258 αὐτὸς
2336 2196 2364 2247 6
2398 2194 2527 2258 Υἱὸς
2553 2194 2645 2248 τοῦ
2668 2194 2956 2268 ἀνθρώπου
2990 2196 3349 2268 καταλάμψας
3382 2196 3602 2268 φωτίσῃ
3639 2194 3738 2249 τὸν

2133 2286 2253 2340 νέον
2312 2287 2500 2353 αἰῶνα,
2565 2287 2660 2341 τοῦ
2720 2290 2988 2363 προτέρου
3038 2292 3312 2362 σχήματος
3362 2290 3455 2343 τοῦ
3509 2290 3732 2360 κόσμου

2136 2378 2496 2450 παρελθόντος
2525 2380 2665 2434 κατά
2691 2382 2791 2452 τὴν
2814 2382 3173 2453 ἀποστολικὴν
3200 2383 3523 2453 μαρτυρίαν,
3548 2383 3587 2453 ἦ
3625 2399 3735 2453 φη-

2136 2490 2215 2527 σι·
2251 2472 2503 2543 Παράγει
2549 2475 2659 2543 γὰρ
2704 2474 2772 2528 τὸ
2806 2474 3014 2544 σχῆμα
3054 2476 3159 2529 τοῦ
3200 2476 3433 2544 κόσμου
3462 2476 3729 2528 τούτου*

2134 2563 2353 2619 ἐπειδὰν
2381 2560 2474 2617 οὖν
2507 2564 2664 2618 τοῦτο
2700 2566 2959 2638 παρέλθοι
2999 2566 3058 2619 τὸ
3091 2568 3294 2638 σχῆμα,
3334 2565 3728 2639 συμπαρελεύ-

2136 2672 2289 2711 σεται
2317 2655 2466 2725 αὑτῴ
2494 2658 2587 2709 καὶ
2619 2658 2646 2709 6
2664 2657 2814 2727 ἥλιος
2841 2657 2934 2710 καὶ
2967 2660 2999 2728 ἡ
3038 2658 3256 2730 σελήνη,
3284 2659 3376 2712 καὶ
3398 2660 3445 2711 οἱ
3462 2659 3723 2730 ἀστέρες.

2133 2748 2547 2818 Σκοτισθήσεται
2580 2749 2636 2801 δὲ
2669 2751 2697 2801 6
2729 2749 2880 2819 ἥλιος
2906 2748 3047 2812 τότε,
3084 2751 3181 2820 οὑχ
3215 2750 3354 2803 ὥστε
3388 2749 3728 2820 στερηθῆναι

2128 2840 2223 2895 τοῦ
2258 2841 2459 2895 οἰκείου
2497 2841 2692 2909 φωτὸς,
2737 2840 2870 2894 ἀλλά
2917 2841 3213 2913 παραθέσει
3263 2842 3358 2895 τοῦ
3404 2841 3724 2913 κρείττονος

2133 2932 2576 3003 ἀμαυρούμενος’
2614 2932 2848 3004 ἀμοιϐῆς
2888 2935 3017 3001 γοῦν
3066 2933 3174 2987 τῶν
3231 2932 3395 2988 αὑτοῦ
3447 2934 3722 3004 καμάτων

2132 3022 2225 3074 καὶ
2252 3021 2412 3084 αὐτὸς
2438 3021 2707 3087 τεύξεται,
2744 3024 3127 3079 έπταπλασίων
3161 3025 3554 3096 γενησόμενος·
3593 3026 3628 3096 ἦ
3659 3042 3719 3077 τε

445 3110 526 3171 sol
558 3120 612 3166 et
641 3111 767 3167 luua
797 3112 1131 3178 otiabuutur,
1191 3129 1366 3184 neque
1422 3115 1561 3169 ullus
1606 3114 1705 3169 erit
1748 3114 2020 3168 stellarum

2140 3113 2324 3187 σελήνη
2360 3114 2453 3169 καὶ
2484 3115 2620 3186 αὑτὴ
2650 3115 2799 3169 ἔσται
2820 3118 2895 3180 ὡς
2922 3117 2949 3168 ὁ
2972 3116 3121 3188 ἥλιος
3141 3134 3154 3147 ·
3194 3119 3286 3173 καὶ
3314 3122 3359 3172 oi
3396 3120 3632 3191 ἀστέρες
3659 3119 3718 3173 δὲ

445 3218 595 3271 usus,
647 3206 773 3274 quia
818 3207 929 3275 jam
988 3222 1091 3260 uox
1134 3221 1241 3261 non
1280 3208 1415 3273 erit;
1450 3206 1651 3262 etenim
1696 3207 1775 3261 lue
1808 3217 2025 3276 quoque

2140 3203 2225 3273 τῆς
2252 3204 2443 3274 ὁμοίας
2460 3204 2738 3270 τεύξονται
2768 3207 2859 3259 ἐπὶ
2884 3207 2943 3260 τὸ
2972 3211 3217 3280 κρεῖττον
3243 3209 3563 3280 μεταὸολῆς.
3590 3210 3722 3282 Ἀρ-

443 3294 729 3365 quiescent
778 3312 882 3351 una
937 3311 1059 3351 eum
1113 3298 1252 3353 cado
1290 3300 1549 3353 servitute
1607 3298 1861 3354 liheratze.
1933 3299 2024 3353 Sic

2140 3299 2280 3369 (ήσει
2312 3298 2368 3351 δὲ
2395 3299 2515 3351 τότε
2543 3302 2570 3353 6
2588 3300 2735 3372 ἥλιος
2759 3302 2851 3354 καὶ
2884 3304 2915 3373 ἡ
2948 3303 3141 3374 σελήνη
3165 3319 3179 3334 ·
3207 3303 3321 3356 ἀλλ’
3346 3303 3463 3356 οὐδὲ
3488 3304 3713 3373 ἄστρων

444 3386 609 3456 igitur
657 3402 852 3442 novum
899 3389 1153 3443 saeculum
1206 3390 1412 3458 absque
1464 3389 1597 3455 sole,
1632 3390 1753 3445 luna
1826 3390 2022 3444 stellis~

2140 3405 2205 3451 τις
2239 3387 2388 3441 ἔσται
2417 3390 2534 3442 τότε
2560 3391 2738 3462 χρεία,
2773 3393 2965 3468 νυκτὸς
2990 3394 3063 3465 μὴ
3084 3392 3277 3465 οὔσηςο
3301 3394 3717 3453 ἀναπαύσονται¹

441 3494 549 3549 que
608 3480 733 3545 erit,
793 3479 1011 3537 luminis
1071 3480 1242 3539 nostri
1291 3481 1377 3539 die
1418 3493 1639 3541 sanctas
1689 3484 1897 3541 animas
1954 3484 2019 3540 il-

2140 3481 2177 3533 ἲὲ
2202 3482 2292 3534 καὶ
2319 3482 2469 3535 αὐτοὶ
2496 3483 2949 3555 ἐλευθερωθέντες
2972 3487 3068 3538 σὺν
3094 3486 3171 3557 τῷ
3194 3485 3408 3558 οὐρανῷ
3428 3503 3441 3516 ·
3470 3486 3620 3540 οὕτω
3650 3503 3711 3538 τε

441 3568 722 3631 lustrante.
2120 3574 2148 3626 6
2164 3573 2280 3636 νέος
2311 3572 2442 3626 αἰὼν
2472 3574 2687 3645 ἀνήλιος
2718 3574 2868 3630 ἔσται
2889 3579 2981 3629 καὶ
3000 3578 3276 3649 ἀσέληνος,
3300 3578 3391 3631 καὶ
3413 3577 3712 3648 ἄναστρος,

2124 3664 2333 3735 ἡμέρας
2370 3664 2463 3717 τοῦ
2492 3665 2759 3737 ἡμετέρου
2795 3667 2972 3735 φωτὸς
3001 3668 3101 3732 τὰς
3136 3667 3295 3737 ἁγίας
3328 3666 3713 3736 καταυγαζούυ

2122 3771 2221 3824 σης
2252 3754 2446 3824 ψυχάς.

2189 3847 2320 3901 Τίνα
2351 3864 2413 3916 γε
2453 3848 2559 3919 μὴν
2591 3848 2657 3902 τά
2689 3850 3029 3922 ἐπερχόμενα
3059 3853 3122 3923 τῇ
3156 3851 3449 3925 οἰκουμένῃ
3481 3852 3623 3922 μετὰ
3645 3850 3707 3905 τὸ

2116 3941 2244 4004 τοὺς
2280 3940 2570 4011 φωστῆρας
2606 3942 2972 4013 σκοτισθῆναι,
3024 3944 3118 3997 καὶ
3163 3943 3249 3997 διὰ
3276 3944 3351 4007 τί,
3408 3943 3500 3996 καὶ
3534 3944 3708 3997 πόθεν

2116 4038 2148 4106 ή
2185 4034 2381 4105 συνοχὴ
2414 4034 2520 4088 τῶν
2554 4034 2722 4087 ἐθνῶν
2757 4035 2927 4099 ἔσται,
2965 4036 3291 4109 παρίστησιν
3327 4034 3450 4106 ἑξῆς
3488 4034 3698 4103 λέγων’

434 4109 558 4166 Prae
584 4115 888 4185 confusione
919 4118 1124 4171 sonitus
1162 4120 1323 4172 maris
1363 4131 1408 4173 et
1447 4122 1699 4188 [lueluum
1736 4121 2015 4174 arescenti-

2140 4129 2226 4179 Ἐν
2272 4128 2488 4195 ἀπορίᾳ
2529 4128 2811 4196 ἡκούσης
2844 4129 3162 4195 θαλάσσης
3190 4127 3286 4182 καὶ
3318 4127 3516 4182 σάλου
3547 4129 3698 4183 ἀπο-

433 4206 526 4261 btts
555 4207 872 4263 hominibus.
914 4210 978 4263 Et
1026 4212 1155 4264 milii
1188 4211 1401 4265 videtur
1429 4214 1625 4268 docere
1668 4212 1856 4268 futura:
1888 4225 2011 4269 tunc

2140 4222 2439 4289 {t‘vzo'rtwr
2460 4220 2801 4289 ἀνθρώπων.
2837 4222 2944 4277 Καί
2970 4240 3057 4293 μοι
3086 4222 3233 4275 δοκεί
3259 4221 3359 4291 τῆς
3390 4222 3511 4275 τότε
3538 4239 3700 4292 γενηο

432 4298 808 4354 conversionis
833 4299 1046 4355 initium
1077 4300 1193 4357 fore
1219 4303 1286 4355 ab
1312 4304 1543 4357 humida:
1570 4305 1886 4361 substantia:
1916 4304 2011 4358 de-

2140 4315 2353 4385 ιομένης
2388 4314 2481 4367 τοῦ
2512 4316 2713 4378 παντὸς
2745 4315 2954 4386 τροπῆς
2973 4316 3071 4387 τὴν
3099 4315 3272 4387 ἀρχὴν
3306 4314 3522 4369 ἔσεσθαι
3554 4314 3700 4369 διδά-

432 4383 595 4438 feetu.
628 4384 740 4448 llac
763 4390 906 4442 enim
934 4390 986 4445 iu
1017 4391 1209 4455 primis
1236 4394 1489 4461 absorpta
1528 4394 1609 4446 vel
1637 4404 1907 4459 concreta,
1937 4394 2007 4447 ita

2140 4383 2267 4461 rxstv
2302 4383 2409 4461 ἀπὸ
2438 4408 2729 4477 ἐκλείψεως
2758 4383 2856 4479 τῆς
2891 4383 3061 4481 όγρᾶς
3096 4383 3301 4473 οὖσίας.
3340 4410 3555 4481 Ταύτης
3590 4409 3698 4478 γὰρ

432 4485 495 4529 ut
535 4492 710 4547 neque
738 4482 946 4535 sonitus
970 4482 1082 4552 jam
1110 4484 1274 4536 maris
1314 4485 1652 4548 exaudiatur,
1701 4502 1875 4555 neque
1909 4485 2011 4539 llu-

2140 4497 2341 4569 τρὼτης
2375 4500 2735 4571 ἁναποθείσιης
2760 4502 2791 4572 ἢ
2817 4502 3214 4573 ἀποπαγείσης,
3240 4502 3315 4566 ὠς
3352 4502 3541 4574 μηκέτ’
3564 4497 3697 4573 ἦχον

428 4574 610 4620 ctuum
646 4568 762 4635 ejus
788 4571 1084 4630 commotio
1124 4572 1193 4625 ob
1246 4574 1471 4631 nimium
1502 4585 1689 4628 aestum
1728 4578 1839 4641 liat,
1885 4579 2009 4630 reli-

2140 4590 2389 4663 δαλάσσης
2424 4593 2772 4656 ἀκούσεσθαι,
2805 4594 2939 4666 μηδὲ
2972 4594 3062 4647 τὸν
3094 4594 3202 4648 τῶν
3232 4596 3490 4667 κυμάτων
3524 4597 3694 4665 αὐτῆς

426 4670 547 4727 qua:
590 4660 773 4717 mundi
819 4671 999 4729 partes
1044 4662 1186 4716 haud
1229 4664 1432 4719 diutius
1470 4676 1726 4720 consueta
1764 4666 2007 4724 fruentes

2140 4683 2276 4737 πάλον
2312 4660 2554 4754 γίνεσθαι
2596 4686 2661 4739 δι’
2702 4660 2911 4758 αὐχμόν
2944 4660 3369 4759 ὑπερϐάλλοντα,
3420 4688 3489 4743 τὰ
3533 4660 3696 4742 λοιπά

424 4749 776 4817 vaporalione
797 4765 863 4807 ex
888 4751 1113 4809 humido
1125 4752 1397 4809 elemento
1419 4757 1634 4821 emissa,
1653 4759 2003 4816 mutationem

2140 4776 2253 4848 ιέρη
2289 4749 2383 4830 τοῦ
2426 4777 2629 4849 κόσμου
2677 4749 2872 4850 μηκέτι
2914 4779 3014 4850 τῆς
3046 4749 3306 4850 συνήθους
3347 4749 3695 4853 μεταλαμϐά-

423 4841 944 4915 conversionemque
973 4846 1264 4915 patientur,
1300 4847 1452 4916 cujus
1483 4850 1560 4905 rei
1593 4851 1745 4921 signa
1781 4854 1831 4907 in
1868 4854 2002 4920 sole,

2141 4841 2268 4925 οντα
2301 4841 2713 4941 ἀναθυμιάσεως
2740 4841 2808 4925 εκ
2839 4872 2939 4941 τῆς
2963 4841 3135 4944 όγρᾶς
3162 4841 3686 4943 οὐσίας’ἀναπεμπο-

422 4931 544 4988 luna
596 4932 873 5006 stellisque
920 4938 1227 4993 exstabunt.
1292 4938 1425 4995 Nam
1471 4942 1550 4997 sic
1587 4944 1724 4998 facta
1767 4948 1999 5003 universi

2140 4959 2298 5029 ιένης,
2335 4962 2541 5033 τροπὴν
2563 4962 2655 5015 καὶ
2685 4962 2984 5034 μεταϐολὴν
3006 4965 3278 5018 πείσεται·
3311 4966 3386 5029 ὡς
3407 4967 3470 5018 ἐκ
3500 4965 3688 5019 τούτου

419 5027 789 5095 perversione,
844 5030 1144 5104 mundique
1194 5034 1681 5102 causummatioue,
1729 5040 2003 5096 exteriore

2140 5027 2397 5123 'svﬁoasa-t
2446 5027 2645 5125 σημεῖα
2678 5027 2735 5108 έν
2783 5055 2916 5127 ήλίῳ
2941 5027 3039 5109 καὶ
3066 5057 3285 5129 σελήνῃ,
3323 5027 3414 5110 καὶ
3448 5057 3683 5127 ἄστροις.

419 5114 520 5173 hac
570 5115 741 5189 ﬁgura
791 5128 1153 5190 praetereunte
1215 5121 1429 5196 (priora
1480 5127 1624 5181 enim
1674 5128 1897 5187 abibunt
1946 5140 2003 5186 ut

2140 5114 2581 5215 Ανακλήσεὼςτε
2603 5146 2711 5219 γὰρ
2742 5114 2836 5200 τοί)
2859 5114 3060 5212 παντὸς
3094 5114 3413 5222 γενομένης,
3440 5151 3533 5204 καὶ
3555 5114 3685 5207 ’συν-

418 5209 723 5278 posteriora
770 5213 1193 5288 subintroeant),
1239 5234 1580 5290 consequens
1620 5222 1727 5277 erit
1774 5234 1833 5278 ut
1876 5227 2001 5283 cteli

2144 5209 2463 5300 ελείας-τοῦ
2503 5209 2728 5310 κόσμου,
2778 5242 2871 5294 καί⁵
2911 5209 3251 5314 παράγοντος
3282 5209 3386 5297 10:3-
3400 5209 3687 5316 σχήματος

419 5314 633 5374 quoque
665 5302 1013 5364 luminariqu
1041 5313 1331 5372 conversio
1360 5314 1603 5383 quaedam
1628 5317 1864 5373 eveniat.

2140 5328 2297 5382 θύτου
2329 5328 2422 5381 τοῦ
2454 5302 2778 5401 φαινομένου
2810 5302 3245 5405 (παρελεύσεται-
3273 5336 3381 5408 γὰρ
3401 5302 3479 5389 cc;
3494 5302 3683 5407 ⁸πρῶτα

2106 5420 2171 5477 ἵν’
2210 5421 2405 5491 ἐπιστῇ
2437 5420 2503 5474 τὰ
2536 5421 2828 5495 δεύτερα),
2871 5424 3163 5480 ἀκόλουθον
3203 5424 3271 5499 ἦν
3305 5429 3400 5481 καὶ
3430 5427 3539 5481 τῶν
3565 5426 3683 5479 κατ¹

638 5574 651 5587 .
732 5575 759 5587 Δ
2100 5512 2328 5581 οὐρανὸν
2360 5514 2660 5585 φωστήρων
2691 5518 2897 5587 τροπήν
2926 5535 3045 5571 τινα
3068 5517 3304 5572 ἔσεσθαι.

487 5569 610 5629 Haec
637 5574 690 5631 in
728 5575 836 5633 tino
866 5588 1168 5652 temporum
1194 5592 1373 5647 erunt,
1409 5598 1530 5639 cum
1573 5592 1843 5658 apostasia
1876 5588 1986 5645 lict.

2170 5602 2213 5653 Τ
2216 5602 2355 5656 αὕτα
2382 5602 2439 5657 δὲ
2471 5605 2562 5658 ἐπὶ
2592 5606 2732 5660 τέλει
2760 5608 2868 5663 τῶν
2890 5610 3096 5681 χρόνων
3123 5611 3295 5675 ἔσται,
3322 5613 3419 5683 τῆς
3439 5613 3673 5666 ἀποσταη

418 5659 544 5719 Nam
596 5679 718 5721 cum
760 5669 1053 5740 impietatis
1093 5686 1335 5731 monstra
1384 5674 1693 5735 Servatoris
1725 5681 1989 5738 adventus

2140 5694 2221 5758 ίας
2242 5695 2661 5771 ἐνεργουμένης.
2692 5659 3012 5774 Μελλούῆσῖς
3376 5659 3669 5776 ,θεομαχίας

508 3834 765 3901 Quaenam
806 3852 937 3892 vero
980 3849 1369 3907 superventura
1399 3839 1508 3895 sint
1539 3840 1737 3895 mundo
1774 3852 1895 3911 post
1921 3840 2018 3895 lu-

438 3928 723 3987 utiuarium
760 3930 1219 3999 obscuratiouem,
1263 3945 1317 3987 et
1364 3935 1737 4002 quamobrem,
1783 3942 1838 3989 et
1876 3935 2015 3988 unde

436 4037 683 4090 pressura
709 4024 947 4093 gentium
974 4035 1233 4081 eventura
1264 4028 1351 4093 sit,
1378 4027 1615 4080 declarat
1643 4042 1762 4080 mox
1790 4028 2008 4083 dicens:

483 5850 530 5887 θ’
553 5847 743 5908 Matth.
780 5868 930 5924 ant,
959 5854 1049 5913 6i.
1127 5860 1171 5893 "
1202 5861 1395 5925 Matth,
1431 5878 1582 5931 XXIV,
1616 5865 1709 5923 39.
1793 5871 1837 5902 7°
1872 5872 1890 5926 ι
1926 5873 2055 5931 Cor.
2091 5892 2190 5945 vn,
2239 5878 2329 5936 51.
