3968 6548
211 451 323 510 601

1436 460 1943 522 COMMENTARIA
1980 467 2049 523 IN
2084 467 2340 525 LUCAM.

3377 490 3482 546 602

216 570 432 643 τέρατα
463 576 760 645 καταργεῐν
808 573 909 645 τῆς
944 574 1265 645 ἐπιφανείας
1295 576 1390 631 τοῦ
1425 580 1696 653 Σωτῆρος,
1740 582 1810 636 τὰ

1929 586 2159 653 ierimet,
2209 589 2309 644 irae
2356 589 2506 646 initia
2538 592 2667 650 hinc
2704 607 2882 665 erunt,
2923 614 2988 654 ex
3035 611 3169 657 testu
3197 601 3405 660 scilicet
3426 615 3483 662 et

214 661 519 735 εῆςώργῆς
549 665 809 737 προοίμια
855 667 920 719 ὲκ
978 666 1144 720 τῶνδε
1190 667 1435 740 ἄρξεται,
1485 673 1545 737 ἐξ
1585 674 1807 745 αὐχμῶν

205 753 425 825 δηλαδὴ
470 754 566 809 καὶ
610 756 843 827 ἀπορίας
897 757 1031 828 ἤχου
1069 757 1375 832 Θαλάσσης·
1420 755 1481 815 οὗ
1514 765 1808 835 γενομένου

207 846 661 918 ὲπακολουθήσει
688 849 883 921 συνοχὴ
903 848 1010 903 τῶν
1038 851 1130 904 ὲπί
1153 851 1257 923 γῆς
1287 852 1477 919 ἐθνῶν,
1504 856 1811 927 ἀποψυχόν-

206 954 330 991 των
362 937 668 1010 ἀνθρώπων
696 940 802 995 ἀπὸ
831 940 997 1011 φόϐου
1032 943 1126 996 καὶ
1159 944 1484 1015 προσδοκίας
1511 948 1619 1003 τῶν
1644 950 1809 1022 ἐπερ-

208 1028 474 1099 χομένων
499 1031 567 1100 τῇ
589 1031 899 1106 οἰκουμένῃ.
930 1033 1062 1086 Τίνα
1089 1034 1147 1087 δὲ
1169 1035 1238 1093 τὰ
1259 1038 1618 1110 ἐπερχόμενα,
1644 1040 1815 1111 ἑρμη-

207 1120 369 1174 νεύει
430 1123 715 1177 συνάπτων
764 1124 891 1197 ἑξῆς
927 1126 1020 1179 καὶ
1088 1125 1292 1197 λέγων·
1344 1134 1413 1184 At
1474 1131 1584 1200 γὰρ
1634 1131 1815 1185 δυνά-

197 1230 351 1281 μεις
423 1213 545 1269 τῶν
606 1216 873 1284 οὐρανῶν
927 1218 1411 1286 σαλευθήσονται
1431 1239 1444 1252 ο
1508 1223 1603 1276 τοῦ
1680 1224 1810 1278 Υίοῦ

213 1306 311 1361 τοῦ
374 1306 513 1361 Θεοῦ
574 1307 712 1379 μετὰ
762 1308 918 1381 δόξης
955 1312 1402 1384 ὲπιστησομένου,
1444 1313 1540 1367 καὶ
1582 1314 1683 1386 τὴν
1717 1333 1813 1386 με-

1914 681 2106 736 marini
2135 682 2342 739 sonitus
2375 687 2698 743 cessatione.
2731 689 2848 758 Quo
2874 692 3032 761 facto,
3063 710 3313 765 pressura
3348 712 3481 767 gen-

1919 774 2047 828 tium
2092 790 2187 845 per
2213 777 2399 831 orbem
2444 778 2564 847 erit,
2600 785 2971 841 arescentibus
3010 787 3318 844 hominibus
3373 805 3484 858 pra:

1915 865 2109 920 timore
2164 876 2218 922 et
2264 882 2451 922 eorum
2501 876 2899 943 exspectatione
2939 893 3058 947 qua:
3106 881 3306 937 mundo
3357 890 3485 937 sunt

1915 964 2195 1010 eventura.
2237 955 2493 1024 Quaenam
2526 976 2655 1016 vero
2682 963 2791 1018 haec
2823 964 2951 1031 sint,
2986 967 3062 1022 ait
3090 983 3213 1023 mox
3254 984 3484 1041 pergens

1920 1044 2100 1100 dicere
2146 1063 2159 1098 :
2202 1045 2336 1102 Nam
2396 1051 2623 1109 virtutes
2659 1055 2917 1110 malorum
2955 1048 3482 1117 commovebuntur:

1920 1133 2054 1190 Filio
2077 1136 2167 1191 Dei
2198 1139 2405 1196 scilicet
2438 1158 2558 1197 cum
2599 1144 2765 1214 gloria
2798 1147 3137 1213 adventante,
3170 1150 3485 1222 superbam-

1920 1241 2024 1296 que
2050 1226 2141 1283 ﬁlii
2160 1229 2329 1301 culpa:
2360 1234 2695 1302 tyrannidem
2716 1235 2938 1307 jamjam
2961 1254 3241 1307 eversuro,
3260 1242 3489 1299 cmlesti—

1918 1317 2019 1374 bus
2052 1335 2173 1375 eum
2203 1325 2484 1380 ordinibus
2518 1328 2923 1385 comitantibus.

212 1403 501 1500 γάλαυχον
521 1404 813 1477 τυραννίδα
832 1405 926 1464 τοῦ
949 1406 1066 1461 υἰοῢ
1093 1408 1192 1479 τῆς
1253 1408 1525 1481 ἁμαρτίας
1584 1414 1880 1482 καταργεῖν
1921 1414 2224 1484 μέλλοντος,
2264 1418 2372 1472 τῶν
2402 1438 2459 1473 τε
2504 1414 2926 1497 ὑπερουρανίων’
2944 1426 3237 1497 ταγμάτων
3266 1426 3490 1500 δορυφο-

213 1495 487 1569 ρούντων.

208 1591 331 1646 Καὶ
370 1586 508 1665 εἴτε
557 1590 907 1665 παραϐολὴν
948 1593 1170 1665 αὐτοῖς·
1206 1594 1384 1648 Ἴδετε
1419 1596 1534 1663 τὴν
1585 1596 1808 1665 συκῆν,

281 1678 344 1714 κ.
380 1678 434 1715 τ.
457 1660 508 1714 λ.
541 1660 704 1738 Οὕτω
735 1663 832 1716 καὶ
859 1663 1030 1733 ὑμεῖς
1060 1665 1209 1719 ὅταν
1241 1666 1405 1734 ἴδητε
1438 1660 1626 1721 ταῦτα
1651 1660 1808 1738 quid?

276 1748 466 1800 μενα,
492 1749 547 1786 κ.
567 1749 617 1785 τ.
633 1730 683 1787 λ.

283 1823 434 1875 Ποῖα
462 1821 638 1877 ταῦτα
669 1822 930 1895 γινόμενα
962 1823 1077 1879 ἀλλ’
1109 1827 1144 1897 ἢ
1175 1826 1244 1881 τὰ
1267 1827 1674 1900 προλεγόμενα;
1713 1830 1815 1883 Ἱε-

1985 1598 2028 1630 τί
2055 1598 2300 1677 Diajtque
2322 1602 2397 1655 eis
2414 1603 2738 1677 parabolant.
2771 1605 2955 1661 Videte
2978 1609 3280 1677 ﬁculneam,
3311 1619 3418 1667 etc.

2128 1667 2224 1725 Ita
2250 1680 2298 1725 et
2330 1667 2423 1726 vos
2442 1688 2560 1726 cum
2593 1675 2822 1730 videritis
2847 1678 2957 1731 hwc
2978 1667 3121 1747 'ﬁeri,
3147 1688 3250 1735 etc.

1992 1828 2249 1897 Quaenam
2310 1844 2439 1886 vero
2493 1830 2634 1888 facta
2686 1831 2972 1903 intelligit?
3015 1835 3387 1917 Hierosolyma
3423 1838 3494 1895 ab

210 1914 512 1987 ρουσαλὴμ
537 1915 885 1987 πατουμένην
927 1918 1034 1972 ὑπὸ
1074 1918 1265 1984 ἐθνῶν,
1291 1919 1389 1991 τὴν
1424 1920 1814 1992 συμπλήρωσιν

1929 1918 2148 1975 :tbnicis
2202 1920 2552 1987 conculcata,
2608 1930 2854 1992 tempora
2907 1926 3147 1995 gentium
3197 1914 3490 1997 completa,

205 2007 323 2061 τῶν
354 2007 574 2079 καιρῶν
605 2006 712 2061 τῶν
745 2007 933 2075 ἐθνῶν,
986 2012 1114 2075 τοὺς
1156 2011 1255 2082 τῆς
1296 2011 1629 2075 ἀποστασίας
1687 2012 1812 2083 χρό’

208 2116 365 2163 νους,
408 2098 481 2153 τὰ
514 2100 573 2153 ὲν
601 2102 712 2165 τοῖς
754 2101 1038 2173 φωστῆρσι
1072 2103 1165 2156 καὶ
1204 2106 1315 2167 τοῖς
1340 2103 1560 2175 ἄστροις
1589 2106 1811 2174 σημεῖα,

205 2192 312 2263 τὴν
367 2191 467 2245 ἐπὶ
511 2193 616 2263 γῆς
660 2191 890 2263 συνοχὴν
934 2193 1042 2247 τῶν
1072 2194 1264 2261 ὲθνῶν,
1300 2195 1399 2266 τὴν
1432 2194 1672 2265 ἔκλειψιν
1719 2196 1815 2252 καὶ

211 2284 463 2356 ἀπορίαν
509 2284 604 2339 τοῦ
644 2286 775 2358 ἤχου
808 2286 901 2340 τοῦ
934 2287 1099 2341 σάλου
1144 2288 1245 2359 τῆς
1275 2286 1571 2356 θαλάσσης.
1605 2286 1812 2353 Ταῦτα,

208 2379 410 2447 φησὶν,
468 2377 681 2432 ἅπαντα
716 2379 843 2432 ὅταν
884 2378 1034 2449 ἴδητε
1079 2378 1361 2450 γινόμενα,
1402 2378 1698 2449 γινώσκετε
1732 2380 1813 2432 ὅτι

208 2471 308 2523 ἐπὶ
361 2469 563 2542 θύραις
608 2470 755 2524 ἐστὶν
789 2472 821 2542 ἠ
854 2470 1101 2543 βασιλεία
1144 2470 1240 2525 τοῦ
1274 2471 1434 2537 Θεοῦ,
1486 2471 1649 2543 ἑτέρα
1681 2467 1815 2527 οὖσα

211 2562 376 2634 παρὰ
415 2562 491 2616 τὰ
515 2561 899 2635 προλεχθέντα.
935 2563 1017 2617 Τά
1053 2564 1152 2635 μὲν
1179 2563 1289 2636 γὰρ
1322 2563 1581 2635 προοίμια
1618 2560 1685 2636 ἦν
1720 2564 1818 2618 καὶ

215 2654 531 2725 μελλόντων
560 2654 780 2725 ἀγαθῶν
809 2658 1030 2727 σημεῖα,
1054 2655 1130 2720 ὡς
1152 2656 1247 2709 καὶ
1278 2655 1327 2709 οἱ
1344 2660 1443 2728 τῆς
1472 2655 1645 2726 συκῆς
1673 2657 1817 2709 ἁπα-

210 2745 297 2800 λοί⁵
324 2746 522 2800 κλάδοι
543 2748 640 2801 καὶ
668 2747 737 2800 τά
765 2747 939 2818 φύλλα
970 2750 1169 2820 σημεῖα
1190 2746 1285 2802 τοῦ
1315 2748 1600 2819 μέλλοντος
1623 2747 1816 2819 θέρους

212 2842 319 2912 τῆς
344 2857 408 2893 τε
446 2839 556 2893 τῶν
595 2841 798 2895 λοιπῶν
829 2841 1010 2910 φυτῶν
1043 2841 1138 2894 καὶ
1171 2841 1501 2913 σπερμάτων
1534 2857 1817 2911 καρποφο-

218 2933 352 3004 ρίας
371 2949 385 2962 ·
428 2931 499 2987 τὰ
529 2932 585 2986 δὲ
605 2932 699 2986 τοῦ
733 2932 1016 3003 μέλλοντος
1036 2933 1252 3003 καὶτῆς
1284 2934 1344 2986 ὲν
1375 2932 1524 3005 αύτῴ
1556 2950 1820 3004 συστησο-

218 3024 403 3096 μένης
461 3023 738 3095 βασιλείας
777 3024 1019 3098 οὐρανῶν
1069 3024 1330 3097 προοίμια
1374 3027 1469 3079 καὶ
1506 3028 1704 3097 σημεῖα
1748 3026 1818 3080 τὰ

218 3113 601 3186 προλεχθέντα
631 3110 720 3187 ἦν.
752 3115 901 3187 Αὓτη
928 3115 984 3169 δὲ
1018 3117 1051 3187 ἡ
1082 3115 1326 3186 βασιλεία
1362 3117 1456 3170 καὶ
1487 3117 1556 3171 τὰ
1585 3119 1643 3171 ἐν
1678 3118 1814 3192 αὐτῇ

216 3205 415 3260 οὐκέτι
454 3206 599 3281 λόγῳ
631 3208 959 3281 παραδοτέα,
994 3208 1118 3262 οὐδὲ
1146 3208 1356 3281 θνητῶν
1380 3211 1570 3273 ἀκοαῖς
1599 3209 1812 3263 λεκτέα.

1918 2012 2202 2083 apostasia!
2246 2023 2483 2079 aetatem,
2523 2014 2577 2068 in
2615 2014 2726 2070 sole
2759 2015 3037 2086 stellisque
3066 2016 3241 2088 signa,
3273 2019 3327 2073 in
3359 2019 3495 2075 orbe

1917 2118 2221 2174 pressuram
2268 2105 2526 2175 gentium,
2573 2106 2843 2162 defectum
2897 2110 3241 2180 quietemque
3280 2110 3494 2166 sonitus

1913 2196 2214 2266 ﬂuctusque
2239 2197 2458 2253 marini.
2491 2198 2635 2264 Haec,
2678 2199 2872 2271 inquit,
2904 2202 3085 2256 omnia
3120 2217 3242 2257 cum
3274 2202 3391 2258 ﬁeri
3414 2202 3497 2257 vi-

1916 2287 2127 2355 deritis,
2167 2294 2283 2342 tum
2331 2289 2546 2345 demum
2590 2291 2780 2346 adesse
2827 2292 2878 2346 in
2909 2292 3115 2347 foribus
3149 2308 3374 2364 regnum
3398 2294 3495 2351 Dei

1915 2379 2144 2447 scitote;
2193 2389 2247 2434 et
2277 2381 2494 2450 quidem
2535 2397 2565 2436 a
2603 2383 2765 2438 dictis
2798 2385 2957 2440 rebus
2995 2386 3150 2455 plane
3197 2387 3492 2443 diversum.

1916 2471 2009 2528 llla
2046 2474 2191 2528 enim
2244 2474 2547 2532 futurorum
2592 2476 2857 2534 bonorum
2907 2482 3125 2536 exordia
3174 2480 3396 2538 fuerunt
3439 2490 3497 2538 et

1919 2566 2157 2635 indicia;
2195 2568 2354 2623 sicuti
2392 2570 2562 2625 teneri
2613 2570 2753 2628 licus
2796 2574 2930 2627 rami
2980 2583 3034 2629 et
3070 2573 3217 2643 folia,
3256 2585 3497 2632 ventura:

1918 2662 2125 2716 aestatis
2154 2660 2306 2732 signa
2332 2671 2479 2727 sunt,
2506 2671 2561 2718 et
2582 2674 2901 2718 caeterarum
2924 2664 3176 2721 arborum
3206 2667 3499 2722 seminum-

1917 2767 2023 2823 que
2049 2752 2285 2808 fructum
2311 2754 2656 2824 portendunt.
2689 2753 2877 2810 Futuri
2900 2766 3078 2811 autem
3103 2758 3309 2823 saeculi,
3335 2768 3500 2828 atque

1918 2840 1975 2897 in
2022 2858 2087 2898 eo
2128 2843 2491 2899 constituendi
2538 2845 2797 2902 caelorum
2848 2848 2998 2918 regni
3032 2850 3294 2919 prooemia
3336 2860 3499 2918 atque

1919 2934 2116 2991 indicia
2151 2935 2239 2990 illa
2280 2936 2519 2991 fuerunt.
2561 2938 2614 2992 Id
2653 2952 2785 2993 vero
2814 2953 3067 3006 regnum,
3094 2940 3321 3010 ejusque
3357 2943 3501 2998 bona

1920 3025 2062 3081 baud
2097 3027 2208 3097 jam
2245 3042 2497 3084 sermone
2544 3029 2680 3085 tradi
2725 3040 2949 3100 queunt,
2988 3047 3162 3103 neque
3195 3034 3261 3088 ad
3298 3042 3506 3088 morta-

1920 3118 2050 3173 lium
2078 3134 2240 3175 aures
2268 3121 2575 3190 prtedicari.
2620 3120 2983 3188 Quamobrem
3036 3127 3104 3180 de
3135 3126 3219 3181 bis
3263 3126 3505 3181 reticen—

1922 3210 2046 3264 dum
2072 3219 2175 3264 est.
2210 3207 2393 3280 Neque
2418 3210 2556 3265 enim
2586 3210 2769 3265 oculus
2797 3212 2946 3279 vidit,
2978 3228 3140 3283 neque
3165 3213 3311 3265 auris
3340 3212 3502 3265 audi-

220 3298 436 3371 Διόπερ
475 3274 890 3372 ἀποσιωπητέον
919 3274 1116 3356 ταῦτα.
1180 3274 1516 3372 ’ὀφθαλμὸς
1560 3302 1671 3372 γὰρ
1708 3305 1820 3357 οὐκ

1929 3304 2017 3370 vit,
2061 3319 2221 3372 neque
2266 3304 2321 3357 in
2355 3320 2445 3357 cor
2485 3304 2711 3358 hominis
2749 3306 3006 3371 ascendit,
3037 3321 3155 3376 qua:
3183 3305 3504 3375 prwparauit

220 3388 375 3458 εἶδε,
398 3391 498 3446 καὶ
525 3387 636 3458 οὖς
662 3396 773 3448 οὐκ
796 3393 1047 3463 ἢκουσε,
1070 3394 1171 3449 καὶ
1191 3395 1292 3449 ἐπὶ
1318 3394 1570 3465 καρδίαν
1596 3394 1822 3465 ἀνθρώ-

224 3500 356 3539 που
411 3487 523 3540 οὐκ
571 3486 753 3554 ἀνέϐη
788 3485 907 3541 ὅσα
942 3486 1275 3557 ἡτοίμασεν
1296 3491 1329 3541 ό
1359 3486 1502 3554 Θεὸς
1534 3488 1659 3555 τοῖς
1684 3489 1824 3559 ἀγα·-

224 3575 437 3631 πῶσιν
475 3580 682 3633 αὐτόν.
711 3578 857 3651 Πλὴν
883 3577 1072 3653 ὥσπερ
1110 3579 1252 3633 κατὰ
1284 3579 1375 3633 τὸν
1409 3579 1678 3634 ἐνεστῶτα
1711 3579 1823 3648 βίον

222 3669 385 3740 ἥλιος
406 3669 544 3740 μετὰ
570 3669 879 3743 χειμερίους
906 3670 1113 3749 τροπὰς
1141 3670 1300 3741 ἔαρος
1329 3671 1681 3741 ἐνισταμένου
1702 3670 1820 3742 θερ-

227 3761 344 3833 μὴν
369 3763 566 3815 ἀκτῖνα
592 3761 821 3833 βάλλων,
842 3761 912 3817 τὰ
936 3763 1042 3816 ὑπὸ
1062 3764 1164 3834 γῆν
1190 3763 1543 3835 κρυπτόμενα
1567 3762 1822 3827 ζωοποιεῖ

228 3850 552 3922 σπέρματα,
577 3850 673 3903 τοῦ
698 3852 964 3924 προτέρου
993 3851 1360 3922 μεταϐαλόντα
1381 3854 1676 3923 σχήματος,
1702 3871 1821 3907 νεα-

230 3944 303 4015 ρὰ
333 3943 391 3995 δὲ
411 3940 535 4012 φύει
556 3941 650 3995 καὶ
667 3943 910 4015 τέθηλεν,
941 3944 1146 4015 ὡραίαν
1174 3944 1267 3997 καὶ
1297 3943 1568 4016 πολυανθῆ
1594 3946 1691 4018 τὴν
1712 3944 1822 3999 τῶν

228 4038 362 4108 ἄρτι
394 4034 639 4106 φυέντων
671 4035 907 4109 βλάστην
941 4036 1321 4108 παρεχόμενα’
1365 4036 1508 4091 κατὰ
1534 4036 1625 4090 τὸν
1663 4036 1825 4091 αὑτὸν

225 4128 438 4201 τρόπον
468 4130 563 4182 καὶ
598 4130 631 4199 ἡ
659 4128 865 4193 ἔνδοξος
899 4128 993 4181 τοῦ
1023 4128 1361 4197 Μονογενοῦς
1390 4128 1484 4183 τοῦ
1518 4128 1653 4182 Θεοῦ
1701 4130 1827 4200 ἄφι-

235 4223 346 4289 ξις,
380 4222 558 4292 φωτὸς
593 4221 878 4291 ζωογόνοις
903 4222 1084 4276 ἀκτῖσι
1132 4222 1222 4277 τὸν
1261 4222 1377 4281 νέον
1419 4222 1591 4276 αἰῶνα
1625 4238 1831 4277 καταυε-

230 4314 480 4383 γάσασα,
510 4312 579 4365 τὰ
613 4311 1030 4384 ἀποκρυφθέντα
1060 4311 1229 4367 πάλαι
1247 4310 1388 4365 κατά
1408 4311 1500 4365 τὸν
1516 4310 1825 4386 ἔμπροσθεν

231 4405 433 4471 αἰῶνα,
471 4406 567 4459 καὶ
595 4416 652 4458 εν
679 4404 757 4475 τῷ
784 4404 946 4457 παντὶ
976 4404 1164 4476 κόσμῳ
1181 4402 1633 4459 διασκεδασθέντα
1660 4402 1829 4473 σπέρς

237 4515 412 4575 ματα,
445 4496 692 4553 τουτέστι
730 4496 854 4559 τοὺς
894 4496 951 4549 ὲν
985 4496 1088 4566 γῆς
1117 4494 1331 4566 χώματι
1370 4494 1825 4565 κεκοιμημένους,

1926 3394 2066 3449 Deus
2089 3396 2422 3466 diligentibus
2444 3412 2561 3449 eum
2580 3396 2648 3449 τ’.
2684 3393 3065 3450 Verumtamen
3096 3397 3253 3452 sicuti
3286 3397 3338 3451 in
3367 3413 3506 3466 pra:-

1928 3486 2068 3543 senti
2104 3500 2284 3542 rerum
2328 3495 2472 3542 statu
2505 3486 2585 3541 sol
2627 3495 2750 3556 post
2786 3486 3045 3541 hibernas
3097 3488 3503 3555 conversiones,

1928 3593 2056 3633 vere
2099 3579 2355 3646 instante,
2394 3578 2747 3633 calidioribus
2788 3577 2952 3631 radiis
2986 3578 3224 3645 emissis,
3279 3578 3506 3634 latentia

1926 3668 2027 3723 sub
2054 3669 2170 3723 solo
2198 3669 2407 3723 semina
2439 3668 2695 3731 vivificat,
2727 3683 2847 3737 quae
2884 3668 3064 3736 priore
3100 3666 3274 3737 ﬁgura
3304 3667 3505 3737 posita,

1929 3758 2141 3813 novella
2175 3768 2510 3814 enascuntur
2559 3773 2624 3813 ac
2669 3757 2951 3827 pullulant,
3016 3756 3408 3829 pulchrumque
3452 3766 3510 3813 et

1928 3849 2176 3905 ﬂoridum
2233 3852 2471 3907 recentis
2523 3860 2733 3907 naturae
2782 3867 3003 3922 germen
3053 3852 3381 3916 ostendunt;
3430 3850 3509 3909 ita

1931 3942 2198 4012 gloriosus
2230 3941 2502 4014 Unigeniti
2532 3944 2796 3997 adventus
2839 3942 3038 3997 viviﬁci
3082 3942 3301 3997 luminis
3344 3942 3510 4014 gadiis

1932 4051 2133 4091 novum
2182 4036 2438 4092 saeculum
2488 4035 2791 4100 illustrans,
2818 4035 3025 4090 occulta
3074 4037 3202 4091 olim
3241 4035 3421 4105 prio're
3454 4036 3510 4089 in

1934 4129 2133 4184 sarculo
2164 4138 2326 4197 atque
2351 4128 2483 4182 orbe
2512 4129 2765 4182 universo
2800 4128 3041 4197 dispersa
3074 4130 3304 4192 semina,
3339 4127 3390 4181 id
3426 4136 3511 4181 est

1936 4219 2185 4276 homines
2230 4220 2283 4275 in
2338 4230 2500 4275 terra:
2563 4221 2826 4291 sepulcris
2872 4222 3138 4285 conditos,
3196 4219 3513 4275 melioribus

1933 4326 2095 4381 quam
2124 4320 2283 4366 autea
2323 4312 2643 4382 corporibus
2675 4312 2957 4382 formaque
2986 4310 3299 4382 augustiore
3337 4311 3511 4364 dona-

1935 4416 2040 4470 tos,
2084 4406 2138 4460 in
2184 4404 2356 4459 lucem
2385 4405 2593 4460 emittet
2626 4423 2641 4459 :
2680 4405 2942 4476 pulsaque
2992 4412 3187 4470 morte,
3214 4402 3328 4473 ipsa
3357 4401 3513 4458 dein-

1935 4509 2063 4563 ceps
2088 4494 2195 4548 vita
2226 4494 2349 4548 novi
2372 4495 2549 4548 saeculi
2577 4492 2861 4562 imperium
2891 4493 3115 4574 tenebit.

237 4592 520 4665 κρείττοσι
556 4590 802 4662 σώμασιν
836 4591 869 4663 ἢ
908 4591 1047 4651 κατὰ
1074 4590 1142 4645 τὰ
1170 4591 1433 4663 πρότερον
1474 4589 1742 4662 θειότερόν
1773 4608 1833 4644 τε
1884 4591 2480 4663 μετεσχηματισμένοις
2535 4590 2616 4653 εἰς
2648 4587 2766 4658 φῶς
2799 4586 3056 4660 προάξει·
3097 4589 3193 4642 καὶ
3233 4587 3329 4642 τοῦ
3360 4587 3516 4643 θανά.

236 4704 336 4741 του
382 4686 845 4758 καταργηθέντος,
901 4687 1039 4758 αὑτὴ
1079 4686 1266 4741 λοιπὸν
1302 4689 1336 4758 ἡ
1379 4686 1494 4761 ζωὴ
1524 4686 1829 4759 βασιλεύσει
1864 4686 1961 4749 τοῦ
1996 4687 2117 4742 νέου
2146 4687 2361 4751 αἰῶνος.

544 4783 627 4836 Οὐ
650 4781 737 4854 μὴ
772 4781 1038 4852 παρέλθῃ
1064 4783 1103 4851 ἠ
1139 4783 1314 4852 γενεὰ
1349 4782 1523 4852 αὕτη.

319 4872 459 4927 Ποία
487 4872 650 4943 γενεά
689 4872 803 4927 ἀλλ’
837 4876 871 4946 ἡ
928 4874 1087 4947 καινὴ
1129 4875 1224 4929 καὶ
1265 4874 1387 4940 νέα,
1415 4874 1484 4946 ἣν
1515 4876 1677 4940 αὐτὸς
1707 4893 1834 4931 συν-

240 4967 545 5037 εστήσατος
574 4964 703 5039 περὶ
721 4960 789 5039 ἦς
816 4968 874 5018 ἐν
903 4968 1260 5039 προφητείαις
1293 4968 1476 5039 εἴρητο
1494 4986 1507 5000 °
1543 4969 1835 5039 Γραφήτω

244 5058 399 5126 αὕτη
434 5057 545 5129 (74)
561 5061 649 5125 εις
675 5058 889 5129 γενεὰν
904 5058 1134 5127 ἑτέραν,
1149 5060 1249 5113 καὶ
1275 5059 1425 5127 λαὸς
1441 5063 1474 5115 ό
1496 5058 1835 5130 κτιζόμενος

243 5154 481 5208 αἰνέσει
507 5155 616 5208 τὸν
652 5154 904 5224 Κύριον’
950 5155 1044 5207 καὶ
1085 5153 1248 5207 πάλιν
1268 5170 1282 5183 °
1339 5150 1840 5223 Ἀναγγελήσεται

244 5247 330 5314 τῷ
351 5246 551 5316 Κυρίῳ
577 5244 756 5317 τενεά
777 5245 817 5314 ἡ
845 5244 1159 5316 ἐρχομένη.
1193 5245 1394 5317 Διόπερ
1434 5242 1717 5307 δεικτικῶς
1760 5244 1841 5308 εἰς

245 5340 376 5403 τοὺς
406 5337 742 5400 ἀποστόλους
769 5336 957 5401 αὐτοῦ,
980 5336 1073 5391 καὶ
1095 5336 1195 5407 τὴν
1226 5334 1285 5402 ἐξ
1309 5334 1488 5388 αὐτῶν
1512 5332 1607 5388 καὶ
1638 5333 1703 5387 δι’
1732 5334 1834 5388 αὑ·

245 5431 357 5487 τῶν
388 5432 511 5487 καθ’
544 5430 673 5502 ὅλης
699 5432 798 5503 τῆς
828 5430 1151 5501 οἰκουμένης
1194 5426 1601 5499 συστησομένην
1645 5425 1838 5497 καινὴν

248 5524 444 5594 γενεὰν
470 5524 571 5594 τῆς
601 5523 761 5592 ἁγίας
800 5522 1123 5594 Ἐκκλησίας
1150 5520 1314 5574 αὑτοῦ
1339 5518 1581 5592 ἀφορῶν,
1612 5518 1795 5587 ἔλεγεν
1816 5537 1830 5550 '

260 5618 343 5671 Οὐ
364 5617 453 5688 μὴ
488 5616 760 5687 παρέλθῃ
798 5616 837 5685 ή
871 5614 1047 5687 γενεὰ
1070 5615 1245 5681 αὕτη,
1271 5614 1383 5680 ἕως
1405 5614 1481 5668 ἂν
1514 5611 1710 5666 πάντα
1748 5612 1841 5683 γέ-

1855 4786 1901 4843 D

2209 4784 2255 4825 ’P
2275 4782 2399 4837 Non
2426 4783 2709 4852 praeteribit
2738 4781 3003 4853 generatio
3036 4779 3166 4834 hac.

2011 4876 2269 4945 Quaenam
2329 4884 2412 4931 est
2470 4875 2586 4931 haec
2638 4875 2940 4945 generatio,
2988 4874 3092 4928 nisi
3125 4886 3264 4927 nova
3308 4872 3393 4927 illa
3430 4886 3516 4925 re-

1935 4986 2170 5041 censque
2225 4973 2293 5024 ab
2325 4984 2391 5023 eo
2424 4968 2751 5025 constituta?
2785 4968 2850 5023 de
2888 4982 2991 5038 qua
3036 4966 3089 5021 in
3125 4963 3397 5019 vaticiniis
3435 4961 3517 5016 di-

1942 5072 2087 5117 ctum
2122 5069 2207 5117 est
2237 5079 2250 5116 :
2285 5060 2708 5117 Scribaturrha’c
2751 5060 2805 5114 in
2851 5058 3186 5130 generatione
3235 5056 3423 5118 altera,
3469 5062 3519 5107 et

1940 5153 2161 5225 populus
2216 5154 2304 5224 qui
2348 5164 2559 5207 creatur
2597 5152 2834 5210 laudabit
2868 5146 3251 5215 Dominum";
3297 5159 3520 5200 rursus-

1942 5261 2048 5316 que
2077 5264 2092 5300 :
2120 5244 2536 5299 Annuntiabitur
2559 5243 2781 5299 Domino
2806 5243 3070 5312 generatio
3092 5238 3389 5295 uentura”.
3417 5236 3522 5291 Ita-

1946 5355 2052 5410 que
2076 5339 2356 5394 evidenter
2385 5340 2452 5394 ad
2475 5353 2600 5394 suos
2628 5336 2901 5407 apostolos
2929 5344 3091 5404 atque
3117 5332 3183 5387 ad
3218 5331 3523 5387 institutam

1944 5446 2009 5485 ex
2040 5432 2173 5500 ipsis
2203 5439 2259 5486 et
2287 5446 2386 5501 per
2409 5431 2557 5501 ipsos
2586 5429 2639 5484 iu
2662 5430 2795 5485 orbe
2818 5426 3071 5482 universo
3095 5437 3290 5479 novam
3321 5430 3523 5477 sanctas

1945 5522 2200 5591 Ecclesiae
2252 5523 2654 5593 generationem
2693 5520 2940 5575 Christus
2973 5516 3268 5586 respiciens
3301 5513 3523 5570 aiebat:

1949 5614 2072 5669 Non
2115 5617 2400 5687 pra'teiibit
2443 5616 2710 5684 generatio
2747 5616 2881 5680 hwc,
2922 5612 3085 5666 donec
3137 5608 3316 5664 omnia
3360 5607 3519 5680 ﬁant.

326 5779 367 5810 τί
399 5778 532 5851 ιιιε.
569 5794 685 5844 xxr,
730 5777 921 5832 29-51.
996 5776 1042 5808 τ’
1072 5775 1088 5830 Ι
1116 5774 1243 5830 Cor.
1276 5790 1339 5838 ιι,
1376 5774 1431 5829 9.
1506 5775 1552 5808 ⁷³
1584 5775 1713 5832 Luc.
1755 5791 1820 5829 xx

1929 5776 2002 5831 52.
2081 5778 2274 5833 7‘Psal.
2319 5793 2393 5842 Cl,
2440 5775 2525 5831 19.
2601 5775 2647 5806 ⁷⁸
2678 5774 2820 5829 Psal.
2856 5789 2965 5836 XXI,
3009 5770 3099 5826 '52.

333 5869 449 5941 (74)
478 5867 727 5939 Videtur,
756 5869 861 5928 nisi
888 5869 1065 5941 fallor,
1122 5867 1389 5926 Eusebius
1425 5868 1571 5925 haud
1638 5868 1955 5925 neutraliter
2008 5870 2146 5942 αὕτη
2208 5870 2529 5941 intelligere,
2563 5876 2620 5925 ut
2655 5867 2770 5936 alii,
2802 5866 2894 5924 scd
2925 5865 2990 5922 de
3017 5865 3131 5938 ipsa
3162 5861 3517 5935 generatione

254 5955 358 6019 seu
380 5952 559 5999 actate.
