3968 6512
475 445 580 502 603

1149 435 1422 494 EUSEBII
1461 432 1945 491 CESARIENSIS
1982 431 2132 486 OPP.
2174 427 2355 484 PARS
2391 425 2493 483 111.’
2518 454 2588 465 ·-
2626 424 3033 482 EXEGETICA.

3621 428 3754 484 60$

475 562 786 618 hlansurum
817 559 1012 630 quippe
1043 572 1108 613 ac
1138 559 1458 613 duraturum
1492 555 1747 624 populum
1779 569 1932 609 suum
1960 554 2051 608 Ec-

2163 565 2348 616 νηται.
2373 547 2659 618 Διαμενεῖν
2691 546 2810 617 γάρ.
2844 562 2978 616 φησι
3029 543 3121 598 καὶ
3157 543 3460 614 διαρκέσειν
3485 542 3571 597 τὸν
3596 545 3752 597 λαὸν

470 655 804 725 clesiamque
835 661 1056 708 eatenus
1093 651 1244 716 dicit,
1279 648 1456 720 quoad
1485 640 1599 718 ipsa
1638 647 1916 716 generatio
1953 662 2044 701 su-

472 755 685 816 perstes
715 745 890 799 adhuc
919 743 1098 797 omnia
1122 742 1390 809 inspiciat,
1419 754 1482 795 ac
1503 739 1911 808 praedictionum
1948 738 2042 792 do-

475 837 797 895 minicarum
824 845 1072 890 eventum
1097 832 1266 887 oculis
1303 831 1715 900 contempletur.

655 929 703 961 "
720 928 909 982 Cavete
937 943 1000 981 ne
1037 925 1171 994 forte
1195 935 1479 994 graventur
1501 923 1661 976 corda
1700 934 1870 976 vestra

1086 998 1142 1048 in
1163 994 1404 1062 crapula.

547 1085 848 1156 Discipulos
879 1085 1131 1138 admonet
1162 1091 1220 1135 ut
1242 1081 1472 1150 prompti
1505 1081 1613 1137 sint
1639 1090 1800 1149 atque
1829 1077 1896 1133 ad
1928 1078 2046 1149 ejus

477 1180 764 1234 adventum
801 1177 1178 1246 excipiendum
1233 1175 1406 1242 parati
1457 1187 1474 1226 :
1525 1171 1677 1240 cujus
1735 1186 1928 1240 nempe
1964 1171 2043 1226 rei

476 1269 648 1339 gratia
701 1277 922 1323 cunctos
975 1266 1265 1336 magisterii
1317 1265 1398 1319 sui
1437 1277 1716 1318 sermones
1770 1260 2041 1317 faciebat:

477 1359 798 1428 sobriosque
832 1372 895 1412 ac
919 1358 1109 1427 vigiles
1149 1369 1270 1408 esse
1309 1353 1485 1420 jubet.
1529 1363 1584 1406 et
1633 1361 1799 1409 totam
1841 1363 2042 1406 morta-

476 1447 546 1503 lls
586 1448 710 1503 vita:
759 1459 969 1502 noctem
1011 1447 1286 1500 insomnes
1343 1445 1640 1513 transigere
1690 1461 1704 1497 :
1765 1453 2045 1512 propterea

474 1542 619 1608 quod
668 1537 1147 1594 consummationis
1197 1545 1406 1604 tempus
1456 1534 1655 1589 neiuini
1692 1533 1762 1588 sit
1800 1534 2048 1603 explora-

480 1640 614 1684 tum.
647 1659 718 1670 —
750 1630 1016 1689 Cavenda.
1054 1627 1246 1695 inquit,
1279 1625 1430 1680 vobis
1464 1634 1549 1682 est
1593 1625 1833 1695 crapulae
1858 1639 2047 1694 grave-

478 1723 568 1784 do,
611 1733 668 1776 ut
693 1721 913 1792 vigilare
947 1721 1200 1791 possitis;
1238 1733 1304 1773 ne
1338 1718 1555 1787 inopina
1589 1733 1682 1774 vos
1711 1719 1930 1772 invadat
1957 1718 2045 1772 illa

476 1815 592 1872 dies
617 1829 632 1866 :
662 1814 812 1884 cujus
850 1828 1012 1868 causa
1047 1827 1202 1868 sacer
1233 1811 1396 1866 etiam
1414 1809 1702 1881 Apostolus
1733 1808 2048 1864 hortabatur

2145 639 2311 695 αὐτοῦ
2343 641 2435 693 καὶ
2461 640 2560 709 τὴν
2603 637 2938 708 Ἐκκλησίαν
2965 639 3044 700 εἰς
3076 637 3250 689 ἐκεῖνο
3292 635 3483 706 καιροῦ
3513 639 3592 700 εἰς
3637 637 3747 689 ὅτε

2143 733 2503 803 αὐτοπτήσειε
2531 730 2730 794 πάντα,
2757 729 2852 783 καὶ
2871 728 2971 792 τὰς
2997 727 3250 791 ἐκϐάσεις
3269 726 3376 780 τῶν
3403 727 3497 779 τοῦ
3541 728 3751 798 Σωτῆο

2146 840 2238 896 ρος
2268 822 2622 894 προρρήσεων
2649 819 2944 890 ὀφθαλμοῖς
2977 819 3299 891 παράλαὼι.

2143 914 2477 984 Προσέχετε
2521 912 2756 984 ἑαυτοῖς
2781 912 3013 984 μήποτε
3047 911 3436 984 ,βαρυνθῶσιν
3463 912 3634 982 ὑμῶν
3674 915 3749 968 αἱ

2601 983 2838 1052 καρδίαι
2862 983 2931 1034 ἐν
2951 983 3271 1051 κραιπάλῃ.

2214 1075 2481 1150 Διεγείρει
2511 1075 2638 1138 τοὺς
2670 1072 2916 1144 μαθητὰς
2947 1073 3040 1128 ἐπὶ
3097 1073 3158 1125 τὸ
3206 1073 3435 1126 πάντοτε
3481 1073 3752 1145 ἑτοίμους

2145 1163 2284 1220 εἶναι
2312 1164 2898 1238 παρασιωυαζομένους
2933 1165 3013 1229 εἰς
3052 1165 3150 1234 τὴν
3199 1164 3364 1218 αὐτοῦ
3401 1167 3748 1236 παρουσίαν.

2145 1261 2229 1328 ἐφ’
2254 1260 2320 1328 ἢν
2342 1259 2501 1322 αὐτὸς
2540 1259 2688 1328 ἡμᾶς
2732 1255 3031 1328 παρορμῶν
3068 1258 3195 1320 τοὺς
3229 1257 3433 1320 πάντας
3458 1257 3751 1328 τῆς-διδα-

2149 1352 2374 1414 σκαλίας
2407 1353 2642 1407 ἐποιεῖτο
2672 1348 2862 1418 λόγους
2883 1367 2896 1380 ·
2943 1348 3132 1419 νήφειν
3161 1365 3221 1401 τε
3245 1349 3338 1402 καὶ
3369 1349 3752 1420 ἐγρηγορέναι

2149 1444 2602 1516 παρακελεύεται,
2662 1443 2756 1496 καὶ
2787 1443 3086 1512 ἀγρυπνεῖν
3140 1440 3228 1494 διὰ
3279 1441 3456 1512 πάσης
3499 1443 3601 1514 τῆς
3635 1442 3750 1496 τοῦ

2147 1537 2342 1607 θνητοῦ
2379 1536 2492 1607 βίου
2525 1534 2737 1597 νυκτὸς,
2763 1534 2851 1586 διὰ
2878 1533 2938 1586 τὸ
2974 1532 3160 1604 μηδενὶ
3187 1531 3459 1604 γνώριμον
3489 1535 3583 1588 τὸν
3612 1552 3754 1588 και-

2151 1627 2367 1699 ρον-τῆς
2395 1626 2698 1694 συντελείας
2725 1625 3008 1696 ὑπάρχειν.
3042 1652 3108 1664 -
3139 1623 3277 1676 Ἀλλ’
3309 1625 3435 1694 ὑμῖν
3463 1641 3548 1693 γε,
3573 1626 3748 1696 φησι,

2151 1721 2451 1791 φυλακτέον
2487 1721 2548 1773 τὺ
2576 1718 2825 1773 ἐντεῦθεν
2859 1718 3042 1789 βάρος,
3071 1717 3158 1770 ἴνα
3187 1717 3486 1789 δυνήσησθε
3517 1717 3750 1788 νήφειν,

2154 1814 2361 1883 μήποτε
2395 1813 2586 1881 ἐπιστῇ
2626 1809 2892 1879 αἰφνίδιος
2923 1810 3008 1877 ἐφ’
3059 1810 3202 1878 ὑμᾶς
3231 1809 3470 1880 ἡήμέρα
3506 1808 3704 1879 ἐκείνη
3732 1826 3748 1840 ·

476 1904 718 1958 scribens
760 1919 776 1958 :
816 1902 1058 1969 Fratres,
1098 1901 1263 1973 probe
1281 1901 1452 1965 scitis,
1491 1901 1631 1955 diem
1662 1900 1896 1960 Domini,
1929 1909 2047 1953 tan-

2163 1905 2277 1975 περὶ
2314 1899 2382 1974 ἦς
2437 1903 2531 1955 καὶ
2570 1903 2599 1954 ὁ
2634 1901 2775 1971 ἱερὸς
2814 1898 3136 1962 Ἀπόστολος
3190 1899 3421 1970 παρῄνει
3472 1897 3748 1969 γράφωνο

477 2010 638 2064 quam
667 1994 838 2050 furem
859 1997 910 2049 in
932 2003 1108 2058 nocte,
1126 2003 1412 2050 venturam
1427 1995 1495 2048 ⁷-⁷.
1514 1992 1645 2048 Cum
1673 2008 1798 2048 vero
1812 1992 2045 2048 dixerim

476 2099 581 2156 pax
629 2096 687 2142 et
738 2089 1026 2153 securitas,
1070 2098 1196 2140 tune
1225 2086 1534 2156 repentinus
1573 2086 1652 2142 eis
1705 2087 2046 2154 superveniet

476 2181 751 2235 interitus.
797 2179 907 2234 Vos
937 2189 1118 2234 autem
1157 2180 1295 2233 haud
1344 2179 1637 2235 versamini
1687 2179 1740 2234 in
1785 2178 2044 2246 tenebris,

475 2269 553 2324 ita
575 2277 632 2322 ut
659 2285 754 2324 vos
785 2270 898 2323 dies
925 2269 1014 2322 illa
1049 2278 1303 2337 tanquam
1333 2267 1422 2321 fur
1447 2270 1905 2338 comprehendat:
1931 2285 2046 2323 om-

476 2375 576 2416 nes
607 2362 750 2415 enim
788 2377 883 2416 vos
919 2361 1010 2415 lilii
1039 2360 1174 2416 lueis
1194 2361 1349 2425 estis,
1373 2359 1574 2430 ﬁliique
1595 2361 1783 2416 dei'“.
1815 2361 2048 2432 Vigilan-

474 2454 605 2509 dum
640 2463 724 2509 est
760 2455 921 2525 igitur
959 2469 1062 2509 non
1099 2453 1270 2510 solum
1307 2455 1376 2509 ob
1409 2455 1646 2510 subitum
1687 2465 1849 2527 atque
1895 2457 2046 2512 inex-

477 2556 778 2615 spectatum
818 2548 1027 2602 Domini
1061 2549 1374 2614 adventum,
1404 2563 1589 2602 verum
1629 2549 1794 2604 etiam
1830 2558 2050 2619 propter

475 2637 616 2696 furis
650 2639 892 2694 insidias.
928 2639 1034 2694 Fur
1081 2651 1257 2695 autem
1297 2640 1428 2694 hora
1475 2641 1736 2710 cujusque
1767 2641 2051 2695 mortualis

476 2732 818 2802 intelligitur,
855 2734 938 2788 vel
969 2735 1130 2788 etiam
1167 2735 1256 2790 ille
1280 2735 1370 2807 qui
1410 2734 1671 2806 cujusque
1693 2736 1927 2790 animam
1951 2750 2047 2790 ex-

473 2835 736 2892 cepturus
789 2835 874 2881 est
910 2827 1154 2897 angelus.
1211 2827 1348 2882 Tum
1409 2828 1500 2897 qni
1552 2827 1655 2882 sibi
1699 2828 2047 2894 attenderint,

477 2925 737 2986 tanquam
767 2932 962 2987 caprea
991 2919 1240 2989 laqueum
1271 2919 1541 2987 vitabunt,
1566 2919 1647 2974 vel
1677 2930 1736 2974 ut
1763 2921 1880 2976 avis
1904 2921 2052 2977 deci-

476 3009 662 3080 pulam
713 3027 728 3064 :
784 3011 876 3082 qui
932 3026 1058 3065 vero
1104 3012 1324 3082 crapula
1370 3013 1577 3083 gravati
1643 3013 1841 3068 fuerint
1889 3025 2053 3085 atque

478 3102 534 3158 in
573 3112 803 3158 mortem
840 3103 1126 3174 consopiti,
1163 3105 1216 3159 in
1253 3104 1553 3174 periculum
1595 3106 1870 3176 inopinum
1920 3108 2058 3163 inci-

479 3193 628 3249 dent.

584 3461 632 3493 ⁷⁸
673 3461 893 3532 Vigilate
919 3464 1093 3534 itaque
1123 3464 1264 3518 omni
1297 3473 1532 3534 tempore
1553 3475 1780 3530 orantes,
1811 3475 1916 3524 etc.

552 3550 648 3606 His
675 3567 982 3607 consonans
1006 3553 1296 3623 Apostolus
1326 3555 1504 3610 aiebat
1536 3575 1553 3608 τ
1585 3556 1870 3624 Propterea
1905 3559 2052 3612 acci-

477 3643 586 3708 pite
613 3654 941 3696 armaturam
966 3643 1085 3709 Dei,
1112 3656 1166 3698 ut
1183 3647 1394 3714 possitis
1429 3650 1666 3700 resistere
1695 3648 1748 3700 in
1773 3650 1856 3702 die
1888 3650 2047 3714 malo,

480 3747 526 3792 et
549 3737 605 3788 in
628 3735 869 3789 omnibus
889 3736 1105 3804 perfecti
1131 3748 1288 3793 stare.
1311 3738 1459 3795 State
1475 3755 1600 3810 ergo
1630 3741 1883 3807 succincti
1917 3741 2055 3796 Ium-

482 3826 574 3883 θοι
597 3839 790 3882 vestros
817 3827 871 3882 in
897 3832 1113 3884 veritate
1128 3831 1198 3884 ".
2045 3829 2048 3832 ’

656 4007 703 4040 ⁸⁰
722 4007 787 4062 Ut
816 4010 1138 4065 manducetis
1166 4020 1213 4065 et
1235 4010 1425 4065 bibatis
1466 4012 1521 4066 in
1543 4027 1720 4066 mensa
1746 4028 1882 4068 mea.

549 4100 834 4171 Signiﬁcat
855 4103 1063 4172 plenam
1093 4104 1353 4158 bonorum
1376 4118 1640 4167 mensam,
1659 4103 1811 4172 cujus
1836 4105 2058 4173 partici-

480 4208 576 4264 pes
611 4205 770 4249 erunt
799 4194 834 4248 ii
862 4195 1182 4264 quibuscum
1223 4196 1401 4252 foedus
1450 4197 1567 4260 icit,
1600 4207 1885 4264 propterea
1915 4199 2058 4266 quod

481 4299 664 4340 secum
691 4289 1089 4356 permanserint
1121 4289 1173 4340 in
1209 4289 1616 4343 tentationibus.
1648 4288 1724 4341 Ex
1749 4287 1866 4355 ejus
1897 4289 2061 4357 igitur

484 4391 670 4431 mensa
703 4378 1103 4432 manducabunt
1134 4388 1190 4432 et
1225 4380 1405 4434 bibent
1433 4397 1448 4444 ;
1495 4395 1634 4448 pane
1667 4380 1918 4435 videlicet
1947 4395 2063 4435 ραι-

482 4464 604 4521 lesti
643 4468 944 4522 animarum
991 4471 1259 4524 nutritore
1300 4474 1478 4539 pasti;
1516 4472 1734 4541 potique
1786 4471 1910 4526 vino
1936 4472 2060 4526 novi

483 4558 744 4629 germinis
773 4562 898 4617 vitis
931 4578 1071 4618 verae
1123 4580 1140 4616 :.
1193 4565 1512 4633 propinante
1538 4567 1665 4634 ipso
1694 4565 2052 4634 agricolarum

483 4651 726 4705 omnium
756 4652 892 4716 Deo;
913 4654 1002 4724 qui
1041 4656 1308 4711 novellum
1344 4672 1405 4711 ex
1440 4660 1555 4727 ipsa
1584 4656 1820 4712 fructum
1851 4657 1937 4713 his
1971 4659 2058 4729 qui

488 4750 620 4797 tunc
652 4743 796 4814 digni
830 4757 1010 4813 erunt,
1043 4749 1340 4805 exhibebit.

766 4855 810 4886 ⁸⁸
838 4857 904 4909 At
932 4857 1020 4911 ille
1063 4861 1264 4926 negavit
1304 4860 1482 4942 dicens
1516 4877 1535 4915 .'
1566 4861 1780 4930 Mulier,

1060 4945 1162 4982 non
1203 4947 1318 4984 nam
1349 4948 1486 4988 eum.

449 5008 481 5094 Ἰ
561 5017 770 5073 Videsis
819 5029 1151 5089 quantopere
1183 5023 1395 5077 veritati
1434 5025 1649 5081 studeat
1691 5026 2055 5098 evangelista;

487 5111 758 5180 quomodo
801 5108 965 5164 Petro
1009 5111 1148 5166 haud
1187 5112 1540 5180 gratiﬁcetur,
1574 5116 1667 5170 sed
1697 5115 1903 5184 lapsum
1943 5117 2058 5186 ejus

487 5199 717 5254 candide
751 5209 986 5254 enarret.
1018 5198 1275 5257 Videlicet
1306 5203 1446 5271 quod
1479 5205 1654 5258 cmtcri
1687 5206 1948 5274 magistro
1973 5211 2060 5262 de-

488 5300 634 5346 serto
665 5291 996 5361 diﬂ'ngerinl,
1030 5292 1119 5347 ille
1142 5303 1321 5349 autem
1359 5296 1610 5351 omnibus
1642 5295 1708 5350 iis
1739 5300 2060 5367 prmpositus

489 5382 764 5450 apostolus
787 5394 948 5454 atque
971 5386 1390 5456 discipulus,i|le
1417 5390 1668 5460 inclytus,
1700 5390 1943 5457 inquam,
1965 5391 2065 5449 Pen

491 5483 628 5538 trus,
658 5478 842 5543 procul
868 5481 1198 5536 cruciatibus
1227 5491 1283 5536 et
1308 5485 1716 5554 magistratuum
1748 5484 1930 5550 minis,
1982 5496 2063 5541 ter

491 5561 765 5619 Christum
797 5572 1096 5638 negaverit.

2163 1995 2437 2062 Ἀδελφοὶ,
2475 1993 2651 2047 οίδατε
2699 1993 2966 2065 ἀκριϐῶς,
2997 1995 3076 2046 ὅτι
3107 1995 3138 2062 ἡ
3185 1991 3367 2061 ἡμέρα
3394 1991 3624 2060 Κυρίου,
3666 1991 3753 2054 ὡς

2152 2085 2390 2157 κλέπτης
2439 2087 2496 2138 ὲν
2532 2085 2710 2147 νυκτὶ,
2748 2085 2922 2148 οὕτως
2963 2085 3198 2156 ἔρχεται.
3230 2083 3400 2136 Ὅταν
3427 2083 3483 2135 δὲ
3505 2082 3753 2135 εἴπωσιν

2151 2178 2337 2249 εἰρήνη
2365 2177 2459 2230 καὶ
2490 2177 2778 2245 ἀσφάλεια,
2815 2175 2935 2256 τότε
2957 2174 3216 2244 αἰφνίδιος
3238 2173 3419 2237 αὐτοῖς
3448 2173 3753 2243 ἐφίσταται

2151 2267 2387 2338 ὄλεθρος.
2434 2265 2621 2336 Ὑμεῖς
2648 2266 2703 2318 δὲ
2742 2265 2841 2318 οὐκ
2867 2265 2990 2316 ἐστὲ
3042 2265 3100 2315 ὲν
3151 2264 3351 2326 σκότει,
3389 2262 3474 2315 ἵνα
3505 2262 3660 2330 ὑμᾶς
3713 2262 3748 2330 ή

2153 2359 2333 2431 ἡμέρα
2362 2359 2438 2422 ὡς
2467 2357 2702 2429 κλέπτης
2728 2355 3040 2429 καταλάϐῃ·
3076 2355 3271 2418 πάντες
3303 2354 3414 2424 γάρ
3442 2354 3603 2424 ὑμεῖς
3631 2353 3754 2407 υἱοὶ

2153 2453 2330 2524 φωτός
2364 2455 2487 2506 ὲστε
2522 2453 2614 2505 καὶ
2646 2453 2753 2504 υἱοὶ
2785 2450 3019 2523 ἡμέρας.
3055 2449 3432 2520 Γρηγορητέον
3461 2444 3553 2502 οὖν
3604 2449 3754 2519 ἡμῖν

2154 2543 2213 2594 οὐ
2251 2542 2408 2612 μόνον
2436 2541 2524 2594 διὰ
2555 2541 2651 2612 τὴν
2681 2541 2882 2612 ἀθρόαν
2941 2540 3036 2593 καὶ
3071 2539 3472 2611 ἀπροσδόκητον
3500 2539 3594 2592 τοῦ
3645 2542 3753 2592 Δε-

2157 2635 2352 2688 σπότου
2385 2634 2589 2704 ἄφιξιν,
2643 2634 2777 2687 ἀλλά
2812 2635 2906 2688 καὶ
2937 2635 3027 2688 διὰ
3076 2633 3167 2686 τὸν
3211 2632 3449 2702 κλέπτην
3477 2634 3572 2686 τὸν
3613 2636 3750 2703 ἐφε-

2154 2727 2432 2799 δρεύοντα.
2469 2728 2527 2780 Ὀ
2551 2727 2607 2780 δὲ
2655 2727 2892 2796 κλέπτης
2927 2727 3074 2780 ἐστὶν
3099 2727 3128 2779 ὁ
3161 2724 3352 2796 καιρὸς
3377 2725 3478 2795 τῆς
3504 2725 3749 2779 ἑκάστου

2155 2816 2446 2888 τελευτῆςο
2483 2816 2517 2887 ἦ
2545 2818 2640 2870 καὶ⁸
2665 2818 2694 2869 ὁ
2728 2816 2942 2886 μέλλων
2961 2815 3058 2887 τὴν
3094 2815 3322 2868 ἑκάστου
3355 2813 3530 2884 ψυχὴν
3557 2831 3634 2866 πα
3644 2832 3752 2885 ρα-

2157 2911 2457 2982 λαμϐάνειν
2518 2909 2767 2979 ἄγγελος.
2818 2909 2906 2972 Ὠς
2955 2907 3121 2975 παγὶς
3163 2905 3272 2978 γὰρ
3314 2908 3348 2977 ἡ
3401 2905 3496 2960 τοῦ
3530 2907 3750 2978 Κυρίου

2159 3005 2438 3076 παρουσία
2469 3001 2819 3055 ἐπελεύσεται
2847 3000 2940 3052 ἐπὶ
2990 2999 3196 3061 πάντας
3216 2997 3343 3061 τοὺς
3367 2999 3425 3050 ὲν
3461 3000 3525 3069 τῇ
3556 3000 3624 3068 γῇ
3650 3015 3666 3028 ·
3697 2999 3748 3051 οι

2164 3096 2259 3165 μὲν
2282 3091 2374 3148 οὖν
2409 3094 2767 3166 προσέχοντες
2794 3094 3003 3154 ἑαυτοῖς
3033 3088 3312 3154 σώζονται,
3336 3088 3524 3160 ῶσπερ
3541 3089 3749 3159 δορκὰς

2163 3189 2226 3240 ἐκ
2254 3186 2485 3258 βρόχων,
2514 3185 2606 3238 καὶ
2637 3184 2826 3256 ῶσπερ
2853 3184 3041 3254 ὄρνεον
3077 3183 3140 3235 ὲκ
3175 3181 3421 3250 παγίδος·
3472 3183 3518 3233 οἱ
3571 3180 3627 3232 δὲ
3680 3184 3747 3251 τῇ

2081 3263 2122 3319 C
2159 3279 2299 3353 μέθῃ
2327 3277 2707 3349 βεϐαρημένοι,
2735 3276 2828 3330 καὶ
2859 3277 2937 3338 εἰς
2966 3274 3194 3328 θάνατον
3220 3272 3614 3335 ὑπνώττοντεςς
3646 3273 3747 3324 ὲκ-

2153 3371 2440 3425 πίπτουσιν
2464 3372 2543 3434 εἰς
2568 3369 2826 3440 ἀδόκητον
2857 3368 3118 3422 κίνδυνον.

2165 3463 2540 3533 Ἀτρυπνεῖτε
2563 3459 2678 3517 οὖν
2699 3462 2768 3514 ἐν
2796 3461 2973 3514 παντὶ
2993 3455 3175 3529 καιρῷ
3200 3460 3491 3530 δεόμενοι,
3524 3474 3578 3511 κ.
3608 3474 3663 3510 τ.
3697 3457 3746 3510 λ.

2227 3556 2452 3621 Τούτοις
2481 3555 2720 3627 συνᾴδων
2752 3555 2781 3608 ὁ
2820 3553 3144 3616 Ἀπόστολος
3178 3553 3329 3621 ἔλεγε
3356 3570 3370 3583 ·
3421 3549 3526 3604 Διά
3565 3548 3750 3602 τοῦτο

2155 3649 2482 3704 ἀναλάϐετε
2499 3648 2611 3716 τὴν
2631 3647 2978 3701 πανοπλίαν
2997 3646 3102 3700 τοῦ
3124 3644 3292 3709 Θεοῦ,
3319 3645 3419 3697 ἵνα
3439 3639 3748 3708 δυνηθῆτε

2155 3739 2514 3808 ἀντιστῆναι
2551 3739 2621 3792 ὲν
2650 3737 2726 3806 τῇ
2750 3738 2941 3807 ἡμέρᾳ
2973 3735 3047 3806 τῇ
3082 3732 3334 3803 πονηρᾷ,
3379 3734 3477 3786 καὶ
3507 3732 3756 3786 ἅπαντα.

2157 3831 2658 3902 κατεργασάμενοι
2687 3829 2927 3899 στῆναι.
2969 3829 3157 3898 Στῆτε
3188 3823 3303 3883 οὖν
3343 3823 3746 3894 περιζωσάμε-

2158 3942 2252 3979 νοι
2275 3925 2390 3992 τὴν
2412 3923 2613 3993 όσςρὺν
2639 3923 2808 3991 ὑμῶν
2843 3923 2927 3976 ὲνη
2944 3923 3216 3989 ἀληθείᾳ.

2161 4018 2285 4071 Ἵνα
2313 4017 2550 4084 ἐσθίητε
2603 4016 2702 4070 καὶ
2737 4017 2949 4082 πίνητε
2991 4015 3088 4068 ἐπὶ
3121 4013 3232 4080 τῆς
3258 4011 3550 4080 τραπέζης
3599 4027 3740 4078 pou.-

2235 4109 2502 4162 Τοιούτων
2536 4108 2690 4162 ἔσται
2737 4107 2952 4178 πλήρης
3001 4105 3222 4174 ἀγαθῶν
3261 4104 3532 4176 τράπεζα,
3558 4097 3627 4174 ἧς
3649 4119 3746 4173 με.-

2159 4201 2490 4272 ταλήψονται
2525 4196 2608 4265 οἷς
2644 4201 2743 4274 τὴν
2765 4199 3043 4272 Διαθήκην
3065 4198 3269 4252 διέθετο
3295 4197 3385 4252 διὰ
3408 4197 3469 4249 τὸ
3503 4212 3744 4266 μεμενη-

2162 4294 2314 4347 κέναι
2350 4294 2465 4365 μετ’
2508 4293 2674 4347 αὐτοῦ
2731 4295 2790 4347 ὲν
2820 4296 2934 4357 τοῖς
2967 4293 3296 4364 πειρασμοῖς
3319 4308 3332 4323 ·
3380 4291 3468 4343 ἵνα
3522 4287 3746 4341 ὲσθίωσι

2164 4385 2258 4439 καὶ
2292 4386 2488 4439 πίωσιν
2523 4387 2613 4438 ἐπὶ
2665 4389 2764 4455 τῆς
2786 4384 3064 4457 τραπέζης
3098 4382 3297 4436 αὐτοῦ·
3323 4383 3475 4456 ἄρτῳ
3512 4382 3611 4452 μὲν
3648 4380 3742 4434 οὺ-

2166 4477 2336 4548 ρανίῳ
2357 4477 2545 4549 ψυχῶν
2578 4478 2749 4547 ἁγίων
2782 4476 3088 4549 θρεπτικῶς
3123 4475 3553 4547 τραφησόμενοι,
3599 4473 3741 4525 οἴνου

2091 4603 2135 4659 υ
2163 4568 2220 4622 δὲ
2274 4570 2369 4623 τοῦ
2421 4570 2607 4623 καινοῦ
2659 4573 2995 4642 γεννήματος
3028 4569 3128 4638 τῆς
3184 4567 3448 4638 ἀληθινῆς
3494 4567 3741 4638 ἀμπέλου

2177 4661 2612 4733 μεταληψόμενοι
2637 4680 2649 4693 ·
2682 4663 2748 4734 ἢν
2773 4663 2933 4724 αὐτὸς
2964 4662 2993 4713 ὁ
3020 4660 3129 4713 τῶν
3155 4660 3294 4712 ὅλων
3321 4659 3452 4722 Θεδς
3483 4657 3743 4728 γεωργῶν

2164 4754 2225 4807 τὸ
2247 4753 2428 4808 καινὸν
2450 4753 2508 4820 ἐξ
2539 4752 2711 4824 αὐτῆς
2744 4753 2984 4825 γέννημα
3008 4755 3120 4816 τοῖς
3152 4751 3272 4804 τότε
3305 4751 3477 4815 ἀξίοις
3495 4749 3740 4820 παρέξει.

2175 4863 2231 4916 Ὁ
2261 4863 2330 4916 δὲ
2358 4863 2665 4932 ἠρνήσατο
2697 4864 2904 4932 αὐτὸν,
2938 4864 3135 4933 λέγων
3159 4881 3172 4894 ·
3221 4863 3432 4926 Γύναι,
3463 4863 3572 4916 οὐκ
3613 4855 3741 4914 οΐδα

2849 4935 2999 4989 αὑτό
3004 4953 3056 4988 ν.

2235 5027 2375 5098 ’Ἡρα
2420 5027 2476 5082 δὲ
2514 5026 2575 5079 τὸ
2615 5026 2904 5096 eamea;
2937 5025 3030 5079 τοῦ
3074 5024 3482 5093 εὐαγγελιστοῦ,
3512 5023 3629 5085 πῶς
3680 5022 3742 5074 οὐ

2165 5119 2583 5190 καταχαρίζεται
2622 5118 2699 5189 τῷ
2746 5119 2956 5189 Πέτρῳ,
2987 5117 3121 5171 ἀλλὰ
3167 5117 3226 5169 τὸ
3279 5116 3450 5178 πάθος
3477 5113 3639 5167 αὑτοῦ
3670 5113 3740 5175 ὡς

2164 5210 2275 5282 ἔχει
2302 5212 2585 5282 διηγεῖται,
2615 5215 2696 5267 ὅτι
2723 5214 2772 5266 οξ
2811 5213 2908 5282 μὲν
2936 5211 3084 5265 ἄλλοι
3131 5209 3488 5270 ἀπολιπόντες
3533 5207 3624 5259 τὸν
3667 5206 3742 5258 δι-

2168 5302 2433 5357 δάσκαλον
2470 5304 2691 5375 ᾤχοντο,
2726 5307 2754 5358 ὁ
2806 5304 2863 5356 δὲ
2920 5303 3137 5358 πάντων
3171 5301 3349 5356 αὐτῶν
3380 5299 3742 5371 προκεκριμέ-

2169 5413 2257 5458 νος
2286 5396 2582 5459 ἀπόστολός
2614 5415 2673 5449 τε
2705 5397 2799 5450 καὶ
2830 5394 3098 5467 μαθητὴς,
3141 5394 3301 5456 αὐτὸς
3327 5394 3532 5453 ἐκεῖνος
3559 5394 3588 5444 ὁ
3611 5390 3740 5460 βοώ-

2173 5503 2329 5556 μενος
2345 5487 2565 5558 Πέτρος,
2588 5487 2831 5556 βασάνων
2855 5487 3011 5549 ὲκτὺς
3026 5487 3120 5538 καὶ
3143 5483 3470 5555 ἀρχοντικῆς
3496 5481 3738 5551 ἀπειλῆς,

2168 5577 2349 5648 τρίτον
2376 5579 2537 5632 αὑτὸν
2567 5578 2879 5650 ἐξωμόσατο
2910 5579 3044 5648 (75).

562 5653 793 5744 ἷξὲίκὶσ.
811 5675 922 5726 κκι»
950 5661 1042 5718 5'3.
1117 5665 1160 5696 ττ
1188 5664 1206 5718 l
1231 5663 1421 5720 Thess.
1448 5680 1500 5731 v,
1537 5667 1591 5721 2.
1667 5668 1741 5700 πθ
1779 5667 1912 5723 ibid.
1948 5668 2001 5734 ι,
2022 5669 2051 5722 5

2163 5669 2198 5700 ’⁸
2227 5669 2356 5725 Luc.
2397 5687 2512 5736 XM,
2544 5672 2631 5728 56.
2707 5674 2752 5706 ⁷⁸
2789 5672 2989 5744 prcs.
3024 5669 3190 5737 νι,15.
3265 5668 3310 5700 ⁸ο
3343 5667 3469 5722 Luc.
3497 5681 3628 5731 χχιι,
3653 5663 3736 5718 30.

493 5723 534 5756 "
569 5723 698 5781 ibid.
726 5725 814 5780 57.

565 5820 676 5892 (75)
702 5820 1081 5906 Fragmentum
1123 5831 1222 5887 hoc
1259 5838 1527 5902 sumptum
1584 5833 1795 5890 videtur
1857 5849 1932 5904 ex.
1988 5832 2344 5903 “muenia,
2395 5836 2488 5892 lib.
2542 5852 2593 5906 ι’,
2629 5836 2718 5893 40.
2751 5836 2826 5894 lbi
2881 5847 3056 5895 tamen
3107 5835 3368 5894 Eusebius
3415 5843 3662 5888 versatur
3689 5830 3736 5884 in

496 5891 673 5947 11.ιι·‹;ο
700 5891 919 5959 κινίϐϋ.
