3968 6522
202 435 329 493 605
1281 441 1761 498 FRAGMNTUM
1818 443 1884 497 IN
1926 443 2142 501 EPIST.
2175 446 2266 499 AD
2301 448 2505 504 IIEBR.

202 556 347 611 Δύο
402 557 634 627 ἄνδρες
696 558 1045 645 ἐπέστησαν
1112 562 1319 645 αὐταῖς
1367 564 1436 617 ἐν
1493 562 1826 629 ἐσθήσεσιν
1855 572 1901 626 Α
1952 622 1960 630 ,

792 633 1293 698 ἀστραπτούσαις.

286 720 519 791 Χαρᾶς
556 722 649 773 καὶ
700 722 934 788 γέλωτος
987 726 1187 793 σημεῖα
1220 724 1578 795 γνωρίσματά
1631 742 1689 777 τε
1732 726 1829 795 τῆς

206 812 527 882 σωτηρίου
570 812 915 875 ἀναστάσεως
962 814 1090 885 ὁρᾷν
1122 814 1446 884 παρέχονται
1474 817 1563 868 καὶ
1606 816 1693 868 διὰ
1734 819 1829 888 τῆς

204 903 457 974 λευκῆς
482 903 795 975 περιϐολῆς,
837 903 974 957 ὥστε
1011 906 1103 957 καὶ
1130 906 1236 957 ἀπὸ
1265 905 1356 957 τοῦ
1385 909 1654 976 σχήματος
1687 924 1818 977 συμο

203 994 436 1048 ϐαλεῖν
469 994 572 1058 τὰς
603 1000 863 1064 γυναῖκας
902 998 961 1050 τὸ
1005 998 1223 1067 φαιδρὸν
1259 997 1358 1066 τῆς
1392 998 1678 1069 ἐγέρσεως,
1733 1001 1827 1053 καὶ

200 1087 325 1156 τῆς
360 1089 477 1141 τοῦ
504 1089 697 1158 Πάσχα
729 1089 923 1160 ἑορτῆς
951 1091 1045 1142 σὺν
1073 1092 1183 1151 τοῖς
1216 1089 1553 1159 λευχείμοσιν
1577 1090 1826 1158 ἀγγέλοις

206 1180 627 1250 ἀπάρξασθαι.
686 1181 925 1250 Μωῦσῆς
960 1182 1058 1250 μὲν
1098 1182 1204 1252 γὰρ
1256 1181 1465 1251 πληγὰς
1516 1182 1824 1249 Αἰγυπτίων

210 1272 467 1341 μέλλων
489 1274 850 1326 διακονεῖσθαι
883 1274 1225 1345 καταλλήλως
1254 1275 1316 1326 ἐν
1333 1274 1490 1342 φλογὶ
1530 1275 1701 1345 πυρὸς
1732 1275 1825 1327 τὸν

3381 440 3491 508 ποθ’

2135 565 2313 619 "Duo
2344 568 2442 620 viri
2473 576 2722 621 steterunt
2752 567 3032 623 socusillas
3061 568 3115 622 in
3152 577 3288 623 vute

2593 637 2828 704 fulgenti.

2003 723 2220 779 Laetitia:
2242 723 2541 795 'gaudiique
2565 726 2738 792 signa,
2779 735 2833 779 et
2863 725 3167 780 Servatoris
3202 742 3487 797 resurgen-

1929 816 1997 868 tis
2034 815 2226 868 indicia
2266 816 2473 868 obtutui
2501 814 2756 867 exhibent
2784 815 3008 868 vestium
3038 816 3288 880 candore,
3327 815 3399 868 ita
3426 823 3486 868 ut

1927 920 1992 959 ex
2016 904 2199 958 habitu
2230 919 2444 974 quoque
2466 906 2834 969 coniectarent
2858 904 3109 958 mulieres
3133 906 3486 961 resurrectio-

1928 999 2011 1051 nis
2038 997 2386 1060 hilaritatem,
2421 995 2801 1064 Paschalisqne
2832 996 2954 1049 festi
2997 1012 3118 1050 cum
3153 998 3346 1051 albatis
3385 1013 3486 1052 an-

1926 1089 2057 1158 gelis
2103 1088 2337 1143 initium.
2389 1088 2600 1159 Moyses
2623 1098 2808 1149 contra
2846 1086 3489 1159 Egyptiacarnmplaga-

1928 1194 2044 1231 rum
2074 1179 2286 1232 futurus
2316 1179 2587 1244 minister,
2624 1178 2676 1231 in
2706 1179 2919 1232 ﬂamma
2959 1179 3100 1248 ignis
3130 1180 3377 1249 angelum
3403 1180 3487 1234 in-

1927 1278 2006 1322 tra
2040 1268 2229 1322 rubum
2261 1278 2562 1324 versantem
2593 1270 2931 1337 spectavit”.
2981 1268 3124 1323 Idem
3180 1271 3360 1337 pravis
3390 1271 3487 1323 ho-

206 1362 319 1413 ἐπὶ
352 1360 473 1430 τῆς
523 1361 686 1431 βάτου
733 1363 957 1430 ἄγγελον
983 1361 1155 1433 ἐώρα·
1190 1364 1221 1415 6
1248 1364 1292 1415 δ’
1334 1362 1498 1426 αὐτὸς
1535 1356 1823 1434 μοχθηροῖς

205 1452 477 1522 ἀνδράσι
503 1452 826 1523 νομοθετῶν,
862 1452 970 1523 πῦρ
996 1454 1385 1507 καταναλίσκον
1414 1454 1504 1507 τὸν
1532 1454 1662 1507 Θεὸν
1686 1451 1820 1507 εἶναι

205 1540 457 1607 ἔλεγεν,
509 1542 885 1611 τιμωρητικὸν
926 1542 1020 1594 καὶ
1073 1542 1334 1613 κολαστὴν
1382 1546 1563 1607 αὐτοῖς
1603 1543 1819 1596 ἔσεσθαι

208 1630 409 1684 αὑτὸν
438 1631 833 1700 αἰνιττόμενος·
867 1630 946 1683 διὸ
979 1632 1070 1684 καὶ
1120 1635 1177 1685 ἐν
1211 1632 1382 1703 στύλῳ
1423 1634 1592 1703 πυρὸς
1639 1635 1820 1703 ἠγεῖτο

211 1722 434 1776 αὐτῶν
466 1724 495 1775 6
520 1722 671 1786 Θεὸς.
704 1721 859 1775 Οὕτω
892 1726 1001 1785 τοῖς
1044 1724 1263 1777 ἀσεϐέσι
1288 1725 1537 1793 γενέσθαι
1567 1726 1692 1789 τοὺς
1720 1727 1819 1794 ἀγ-

209 1816 439 1884 γέλους
466 1817 641 1886 πυρὸς
670 1816 840 1885 φλόγα
864 1814 1097 1880 ἐδίδαξεν
1125 1815 1290 1869 εἰπών
1310 1835 1322 1846 ·
1372 1818 1425 1868 '0
1455 1817 1641 1871 ποιῶν
1676 1819 1817 1884 τοὺς

1927 1360 2163 1415 minibus
2210 1359 2379 1429 legem
2415 1363 2680 1424 scribens,
2721 1362 2884 1416 Deum
2914 1362 3229 1431 jappellabat
3265 1361 3487 1415 edacem

1926 1452 2121 1520 ignem,
2153 1452 2452 1520 punitorem
2484 1469 2548 1506 ac
2580 1454 2844 1508 vindicem
2874 1454 3003 1522 ipsis
3029 1455 3143 1507 fore
3169 1454 3397 1507 innuens
3416 1451 3485 1507 ⁸⁸.

1922 1546 2105 1607 Quare
2143 1543 2194 1595 in
2240 1544 2389 1611 ignea
2426 1544 2671 1598 columna
2718 1547 3055 1613 praecedebat
3096 1545 3216 1599 illos
3260 1547 3396 1600 Deus
3416 1545 3485 1599 ⁸⁸.

1923 1636 2013 1689 Sic
2046 1634 2204 1689 etiam
2235 1636 2413 1705 impiis
2456 1637 2568 1690 fore
2620 1637 2837 1706 angelos
2864 1638 3016 1706 quasi
3053 1638 3189 1707 ignis
3216 1636 3488 1691 ﬂammam

1921 1724 2310 1778 demonstravit
2347 1726 2565 1780 dicens:
2599 1726 2700 1791 Qui
2739 1727 2862 1794 facit
2889 1727 3155 1780 ministros
3185 1743 3307 1780 suos
3326 1729 3487 1796 ﬂam-

1919 1832 2057 1869 mam
2087 1816 2221 1887 ignis
2242 1817 2309 1871 ⁸⁸.
2347 1818 2451 1872 Sed
2491 1834 2596 1872 non
2634 1822 2732 1872 hac
2762 1820 2943 1888 specie
2977 1818 3230 1872 viderunt
3267 1818 3488 1888 angelos

207 1905 638 1974 λειτουργοὺς
685 1904 869 1958 αὐτοῦ
899 1905 1088 1972 πυρὸς
1116 1906 1329 1974 φλόγα.
1372 1905 1508 1958 Ἀλλ’
1540 1906 1600 1959 οὐ
1647 1906 1819 1959 τοιού-

1923 1906 1976 1960 in
2002 1915 2354 1960 monumento
2391 1907 2666 1973 mulieres,
2702 1909 2793 1962 sed
2825 1908 3021 1962 hilares
3044 1917 3210 1977 atque
3239 1922 3486 1969 serenus.

209 2014 361 2063 τους
418 2000 476 2052 αἱ
533 2001 788 2066 γυναῖκες
814 1999 938 2061 τοὺς
967 1997 1095 2050 εἴσω
1143 1998 1237 2051 τοῦ
1293 1999 1572 2070 μνήματος
1609 1999 1812 2071 ἐώρων,

211 2089 515 2159 γαληνοὺς
540 2089 597 2141 δέ
631 2107 782 2151 τινας
808 2090 898 2141 καὶ
925 2088 1197 2160 φαιδροὺς,
1223 2089 1365 2152 οἴους
1394 2092 1559 2161 ἐχρῆν
1588 2092 1679 2144 ἐπὶ
1713 2094 1814 2144 42--

218 2180 451 2233 σπότω)
476 2182 620 2252 χαρᾷ
654 2180 747 2233 καὶ
780 2179 1022 2251 βασιλείᾳ
1050 2180 1347 2249 φαίνεσθαι.
1389 2182 1509 2233 Ἐπὶ
1564 2183 1659 2253 μὲν
1706 2183 1814 2255 γὰρ

212 2271 304 2342 τῷ
334 2272 514 2324 πάθει
544 2271 639 2324 τοῦ
673 2272 921 2340 Σωτῆρος
951 2274 979 2324 ὁ
1001 2272 1148 2341 ἥλιος
1181 2271 1411 2337 ἐξέλιπε,
1443 2273 1630 2337 σκότος
1656 2292 1814 2346 περι·-

213 2363 424 2417 6αλὼν
446 2363 525 2434 τῷ
555 2366 734 2427 παντὶ,
766 2362 975 2434 θρήνων
1001 2381 1059 2416 τε
1088 2366 1177 2417 καὶ
1203 2364 1429 2427 πένθους
1449 2365 1691 2435 σύμϐολα
1704 2368 1815 2429 τοῖς

219 2454 542 2524 σταυροῦσι
572 2454 660 2505 τὸν
691 2454 814 2505 Υίὸν
836 2453 928 2505 τοῦ
952 2453 1088 2505 Θεοῦ
1120 2454 1329 2517 δεικνύς
1355 2471 1368 2482 ·
1402 2455 1494 2507 καὶ
1515 2455 1687 2518 οὐδεὶς
1718 2457 1816 2525 μὲν

218 2546 498 2614 ἐφαίνετο
537 2546 644 2597 τῶν
687 2544 930 2613 ἀγγέλων
976 2544 1035 2596 τὸ
1066 2544 1367 2615 τηνικαῦτα
1403 2546 1478 2609 ὡς
1518 2547 1662 2609 εἰκὸς
1707 2550 1815 2610 τοῖς

226 2634 752 2707 μαθηταῖς,ὁμοίως
773 2638 867 2689 καὶ
895 2636 1069 2689 αὐτῶν
1090 2630 1190 2689 ὧδε
1223 2638 1385 2689 κάκεῖ
1410 2636 1816 2692 διασκεδασθέν-

216 2743 369 2780 των.
400 2728 463 2778 Εἰ
500 2727 547 2780 δ’
581 2729 688 2798 ἄρα
736 2729 828 2780 καὶ
871 2728 1101 2798 ὀφθῆναί
1141 2746 1261 2782 τινα
1304 2730 1488 2800 ἐχρῆν,
1520 2731 1659 2799 τάχα
1711 2747 1813 2783 που

217 2819 332 2892 τὴν
391 2819 639 2872 ἐναντίαν
669 2822 780 2883 τοῖς
812 2820 1149 2891 λευχείμοσιν
1197 2820 1502 2893 ἀνθρώποις
1550 2822 1647 2893 τὴν
1688 2825 1817 2876 ἀνα-

221 2909 439 2982 στολὴν
483 2911 821 2975 ἀνεδείξατο·
864 2912 1058 2964 αὐτίκα
1109 2912 1239 2981 γοῦν
1286 2914 1378 2965 ἐπὶ
1410 2913 1487 2983 τῷ
1534 2913 1693 2967 πάθει
1721 2915 1820 2987 οὐχ

220 3001 395 3072 ἣλιος
429 3000 588 3073 μόνον
631 3003 944 3069 ἐσκότασεν,
976 3002 1111 3056 ἀλλά
1139 3003 1233 3056 καὶ
1269 3006 1297 3056 ό
1324 3004 1510 3075 Σωτὴρ
1540 3008 1689 3074 φωνῇ
1723 3022 1819 3074 με-

222 3095 389 3167 γάλῃ
411 3094 619 3166 κράξας
639 3095 816 3165 ἀφῆκε
842 3096 901 3147 τὸ
934 3095 1165 3167 πνεῦμα,
1197 3096 1258 3148 τὸ
1308 3097 1701 3168 καταπέτασμα
1722 3098 1814 3152 τοῦ

224 3186 376 3241 ναοῦ
408 3186 631 3258 ἐσχίσθη
657 3190 735 3250 είς
759 3187 869 3245 δύο.
901 3189 1180 3258 μονονουχὶ
1206 3190 1688 3260 περιρῤηξαμένων
1725 3192 1818 3243 καὶ

1920 1997 2217 2062 cuiusmodi
2242 2012 2336 2052 eos
2361 1998 2526 2052 videri
2559 2001 2841 2067 Oportebat
2878 2000 2929 2052 in
2972 1999 3181 2052 Domini
3213 1999 3406 2066 gaudio
3433 2006 3489 2051 et

1916 2104 2100 2158 regno.
2126 2088 2181 2142 In
2207 2088 2511 2143 Servatoris
2538 2089 2755 2156 quidem
2796 2090 2940 2142 obitu
2976 2088 3053 2142 sol
3090 2088 3308 2151 defecit,
3341 2096 3489 2141 tene-

1915 2180 2026 2233 hrte
2059 2180 2296 2248 undique
2330 2194 2389 2233 se
2414 2179 2776 2240 intendentes,
2826 2179 3183 2232 lamentorum
3224 2188 3278 2231 et
3314 2176 3490 2230 luctus

1915 2270 2153 2340 symbola
2194 2270 2636 2341 cruciﬁgentibus
2666 2272 2860 2326 Filium
2898 2271 2990 2324 Dei
3027 2270 3488 2323 demonstrarunt.

1915 2363 2204 2433 Nullusque
2234 2380 2298 2420 eo
2330 2374 2573 2433 tempore
2615 2365 2835 2433 angelus
2861 2364 3175 2432 apparuisse
3203 2360 3481 2428 discipulis

1917 2455 2146 2520 videtur,
2184 2456 2316 2523 ipsis
2346 2471 2560 2524 quoque
2600 2457 2700 2510 hac
2745 2456 2867 2508 illac
2906 2454 3245 2522 dispersione
3292 2453 3491 2505 distra-

1917 2549 2039 2602 ctis.
2076 2548 2229 2614 Quod
2264 2548 2306 2601 si
2343 2564 2503 2616 quem
2539 2564 2799 2616 apparere
2849 2563 2986 2616 Opus
3029 2547 3234 2607 fuisset,
3272 2552 3492 2599 contra-

1918 2640 2074 2702 riam,
2105 2650 2162 2692 nt
2200 2640 2453 2703 arbitror,
2480 2641 2673 2695 alhatis
2709 2639 3021 2693 hominibus
3061 2646 3267 2691 vestem
3294 2649 3405 2705 prae
3431 2649 3493 2688 se

1919 2730 2184 2784 tulissent.
2220 2728 2337 2783 Jam
2364 2732 2621 2799 primum,
2651 2730 2702 2783 in
2729 2730 2975 2797 passione
3014 2742 3120 2781 non
3145 2727 3225 2781 soi
3250 2736 3493 2779 tantum-

1919 2824 2076 2875 modo
2110 2822 2431 2876 oliscuratus
2458 2830 2562 2885 est,
2606 2822 2699 2875 sed
2750 2829 2803 2875 et
2842 2820 3101 2874 Servator
3138 2832 3330 2887 magna
3358 2827 3494 2868 voce

1918 2913 2228 2968 exclamans
2262 2914 2512 2981 spiritum
2542 2912 2744 2977 emisit,
2786 2911 2967 2980 templi
3012 2911 3187 2965 velum
3238 2908 3490 2963 bifariam

1918 3006 2171 3070 scissum,
2220 3006 2348 3075 ipsis
2381 3006 2763 3074 propemodum
2793 3003 3054 3072 dispersis
3098 3002 3187 3072 qui
3234 3000 3490 3070 templum

1923 3097 2227 3152 incolebant
2247 3096 2477 3163 angelis,
2510 3096 2601 3165 qui
2634 3104 2687 3150 et
2718 3094 2847 3149 illud
2875 3094 3245 3148 venerandum
3280 3100 3492 3145 textum

1920 3189 2216 3252 sciderunt,
2255 3196 2313 3239 ut
2351 3186 2522 3241 nudus
2562 3202 2624 3241 ac
2683 3189 2928 3240 desertus
2972 3185 3211 3254 ipsorum
3245 3182 3491 3238 custodia

227 3278 555 3333 αὐτῶντῶν
584 3279 749 3332 πάλαι
769 3280 830 3331 τὸ
866 3280 1005 3351 ἱερὸν
1047 3281 1392 3334 ἐνοικούντων
1415 3280 1681 3349 ἀγγέλων,
1718 3298 1815 3334 πε-

1924 3278 2141 3331 relictus
2172 3278 2259 3331 ille
2290 3292 2611 3331 arcanarum
2664 3286 2823 3345 atque
2871 3277 3266 3329 inaccessarum
3310 3287 3491 3328 rerum

231 3368 625 3440 ριρῤηξάντων
647 3387 706 3421 τε
749 3370 806 3421 τὸ
853 3371 1045 3439 σεμνὸν
1095 3368 1342 3439 ὕφασμα,
1373 3370 1447 3432 ὡς
1484 3370 1569 3434 ἂν,
1613 3370 1817 3440 γυμνὸς

228 3460 341 3512 καὶ
369 3460 577 3531 ἔρημος
599 3459 945 3529 ἀπολειφθεὶς
990 3462 1087 3532 τῆς
1123 3463 1298 3516 αὐτῶν
1338 3464 1601 3533 φρουρᾶς,
1640 3464 1668 3514 6
1709 3463 1817 3516 τῶν

228 3553 464 3606 ἀϐάτων
492 3555 585 3606 καὶ
610 3554 816 3607 ἀδύτων
839 3556 1021 3620 τόπος,
1055 3557 1270 3627 ἕτοιμος
1295 3558 1507 3627 ἐχθροῖς
1534 3557 1627 3610 καὶ
1660 3556 1819 3610 πολε-

235 3647 390 3713 μίοις
444 3647 766 3717 κατασταίη.
811 3648 967 3701 Ἀλλά
1019 3648 1189 3703 ταῦτα
1235 3652 1332 3720 μὲν
1377 3652 1468 3703 ἐπὶ
1512 3651 1591 3721 τῷ
1656 3650 1815 3705 πάθει

234 3733 557 3787 συνέϐαινεν
578 3752 591 3765 ο
626 3735 718 3787 ἐπὶ
763 3736 817 3789 δὲ
849 3740 914 3807 τῇ
952 3739 1202 3810 σωτηρίῳ
1225 3740 1536 3801 ἀναστάσει,
1560 3741 1634 3803 ὡς
1675 3742 1819 3811 ζωῆς

233 3816 466 3885 ἄγγελοι
516 3820 610 3871 καὶ
646 3820 745 3888 τῆς
772 3822 1116 3884 ἀναστάσεως
1147 3824 1402 3893 κήρυκες,
1428 3824 1519 3876 τὸν
1552 3825 1715 3877 τόπον
1757 3819 1818 3878 οὗ

232 3900 423 3953 ἔκειτο
449 3900 511 3952 τὸ
536 3902 692 3973 σῶμα
722 3908 1019 3975 περιεῖπον,
1060 3905 1119 3969 ἐξ
1153 3908 1318 3978 αὐτῆς
1347 3907 1532 3980 ὥσπερ
1577 3909 1675 3979 τῆς
1721 3912 1819 3962 ἐπ-

234 3991 393 4061 αφῆς
420 3993 512 4047 τοῦ
539 3995 703 4048 τόπου
750 3996 1057 4068 ἁγιωσύνης
1088 4000 1389 4069 κρείττονος
1422 4000 1454 4069 ἢ
1479 4001 1597 4053 κατ’
1626 4002 1821 4066 αὐτοὺς

239 4084 634 4155 μετασχόντες,
658 4089 751 4141 καὶ
789 4089 889 4159 τῆς
912 4090 1258 4153 ἀναστάσεως
1302 4091 1465 4145 αὐτοῦ
1508 4093 1824 4146 κοινωνοῦν-

1923 3368 2092 3433 locus,
2138 3369 2576 3437 belligerantihus
2607 3368 2849 3422 hostibus
2879 3367 3096 3437 pervius
3116 3373 3342 3433 pateret.
3385 3362 3491 3417 Sed

1924 3458 2038 3514 haec
2060 3460 2274 3529 quidem
2306 3459 2578 3529 passionis
2608 3467 2849 3528 tempore
2883 3458 3245 3527 contigerunt.
3272 3454 3493 3508 Verum-

1924 3558 2099 3605 tamen
2131 3549 2421 3606 Servatore
2454 3560 2790 3619 resnrgente,
2832 3565 2929 3604 ceu
2955 3550 3075 3602 vitae
3098 3549 3293 3609 nuntii,
3324 3555 3379 3600 et
3409 3559 3497 3600 re-

1921 3639 2276 3694 surrectionis
2307 3655 2605 3709 prtecones,
2655 3640 2830 3695 locum
2874 3640 2962 3693 ubi
3018 3652 3219 3706 corpus
3246 3636 3494 3706 iacuerat

1925 3733 2217 3799 Stipabaut,
2245 3731 2363 3800 ipso
2391 3732 2787 3799 quodammodo
2818 3730 2921 3785 loci
2949 3739 3206 3784 contactu
3233 3726 3495 3781 sanctita-

1928 3831 2032 3877 tem
2059 3822 2272 3892 propria
2316 3823 2575 3893 majorem
2622 3822 3026 3893 participautes,
3068 3837 3133 3874 ac
3166 3818 3381 3873 Domini
3409 3832 3496 3871 re-

1926 3914 2247 3969 surrectioni
2295 3914 2777 3968 communicantes.
2824 3912 2948 3966 Ideo
2979 3911 3157 3965 vultus
3191 3909 3391 3963 hilares
3428 3922 3495 3960 ac

1924 4003 2282 4072 Itetabundos,
2320 4014 2375 4059 et
2410 4005 2586 4060 albam
2623 4015 2825 4059 vestem
2859 4003 2996 4058 festo
3045 4001 3355 4058 Servatoris
3387 3999 3494 4053 diei

1930 4095 2338 4149 convenientem
2369 4096 2671 4164 gestabant.

235 4192 355 4241 τες.
383 4178 475 4230 Διὸ
507 4179 706 4249 φαιδρὰ
739 4182 832 4232 καὶ
882 4179 1169 4250 μειδιῶντα
1206 4182 1495 4252 πρόσωπα,
1527 4183 1714 4254 σχῆμά
1735 4200 1796 4235 τε
1822 4183 2087 4254 σωτηρίου
2116 4182 2312 4254 ἑορτῆς
2333 4183 2665 4253 παρέφαινον
2686 4180 3175 4250 λευχειμονοῦντες.

282 4314 620 4336 μ...

427 4390 703 4448 EUSEBII
736 4393 1213 4451 FRAGMENTUM
1254 4398 1344 4451 EX
1379 4398 1626 4453 CODICE
1666 4397 2177 4455 MEDIOLANENSI
2202 4440 2216 4464 ,
2257 4398 2324 4453 IN
2364 4397 2507 4465 QUO
2547 4396 2677 4450 EST
2717 4394 2997 4451 CATENA
3034 4392 3323 4447 PATRUM

1132 4492 1537 4549 GRECORUM
1578 4492 1645 4546 IN
1690 4493 2081 4549 EPISTOLAM
2118 4494 2209 4546 AD
2249 4490 2615 4547 HEBIUEOS.

1566 4607 1717 4678 (MAI,
1756 4609 1914 4675 ihid.,
1945 4624 1998 4679 p.
2024 4608 2175 4677 207.)

332 4726 415 4781 Ad
458 4739 579 4793 cap.
614 4722 728 4792 XII,
762 4724 847 4778 I8.
879 4725 1237 4781 ΕΥΣΕΒΙΟΥ.
1266 4727 1497 4796 Λέγεται
1522 4727 1630 4800 γὰρ
1656 4728 1819 4783 κατά-

1995 4728 2231 4784 Ειιειειιιι.
2269 4726 2478 4781 Dicitur
2528 4725 2671 4779 Deus
2723 4722 2773 4775 in
2832 4728 3068 4775 montem
3116 4718 3502 4780 descendisse,

245 4818 410 4882 ϐασις
450 4816 567 4871 θεία
596 4818 687 4869 ἐπὶ
725 4817 785 4869 τὸ
815 4816 939 4888 ὅρος
964 4819 1242 4886 γεγονέναι
1270 4818 1389 4872 καθ’
1424 4819 1481 4873 ὃν
1516 4818 1824 4890 ἐνομοθέτει

247 4911 461 4981 καιρὸν,
477 4910 564 4963 ἵνα
593 4908 792 4971 πάντες
815 4908 1114 4962 θεάσωνται
1140 4909 1237 4981 τὴν
1263 4910 1540 4982 ἐνέργειαν
1558 4911 1651 4965 τοῦ
1666 4910 1820 4964 Θεοῦ’

244 5002 549 5065 κατάϐασις
575 5002 682 5071 γὰρ
710 5000 845 5073 αὕτη
874 5006 1048 5073 σαφής
1078 5006 1246 5067 ἐστιν,
1282 5004 1339 5055 οὐ
1370 5003 1443 5074 μὴ
1476 5003 1826 5075 τοπική.Τῶν

247 5096 379 5166 γοῦν
433 5093 717 5164 φυομένων
748 5095 887 5145 κατὰ
927 5095 987 5148 τὸ
1028 5095 1151 5167 ὅρος
1190 5096 1534 5165 φλεγομένων
1558 5097 1823 5168 σφοδρῶς,

247 5188 398 5240 οὐδὲν
426 5187 486 5240 τὸ
510 5186 619 5255 πῦρ
641 5184 943 5246 ὲξανάλωσε
964 5205 976 5217 ⁸
1038 5188 1349 5256 σαλπίγγων
1389 5206 1447 5240 τε
1501 5189 1673 5258 φωναὶ
1705 5206 1825 5257 σφο-

247 5278 505 5350 δρότερον
540 5280 918 5350 συνηκούοντο,
940 5279 1012 5352 μὴ
1036 5282 1410 5352 προκειμένων
1438 5283 1685 5355 ὀργάνων
1714 5300 1825 5335 τοι-

246 5367 440 5433 ούτων,
479 5368 613 5439 μηδὲ
638 5368 732 5421 τοῦ
760 5371 1126 5440 φωνήσαντος,
1179 5370 1312 5424 ἀλλά
1358 5371 1477 5442 θείᾳ
1511 5375 1819 5443 κατασκευῇ

246 5460 552 5532 γινομένων
608 5462 881 5515 ἁπάντων.
923 5463 1085 5514 Ὥστε
1130 5464 1299 5531 σαφὲς
1346 5460 1484 5517 εἶναι
1519 5465 1607 5517 διὰ
1647 5464 1823 5518 ταῦτα

246 5553 348 5622 τὴν
392 5552 693 5606 κατάϐασιν
743 5553 890 5606 θείαν
930 5554 1229 5621 γεγονέναι,
1264 5556 1357 5607 καὶ
1397 5555 1484 5607 τὸν
1511 5556 1642 5609 Θεὸν
1692 5557 1818 5610 ἄνευ

250 5646 392 5708 τινος
447 5644 720 5698 δεικνύναι
764 5647 860 5715 τὴν
915 5646 1108 5697 ἑαυτοῦ
1140 5646 1227 5699 διὰ
1275 5648 1490 5700 πάντων
1541 5648 1821 5719 μεγαλειό-

248 5752 408 5809 τητα.

346 5850 369 5882 ¹
394 5847 525 5904 Luc.
554 5865 702 5916 xxiv,
729 5849 779 5903 4.
858 5849 902 5882 ⁸³
928 5848 1098 5906 Exod.
1139 5865 1223 5916 ιιι,
1246 5849 1300 5903 2.
1378 5850 1424 5883 “
1452 5850 1605 5907 Deut.
1646 5868 1717 5918 IV,
1745 5850 1811 5906 Ξῖ

1923 5851 1955 5881 ⁸⁵
1997 5848 2166 5904 Exod.
2202 5864 2356 5913 mu,
2387 5847 2476 5902 El.

1929 4835 2039 4889 quo
2078 4829 2316 4887 tempore
2352 4817 2440 4872 lex
2477 4814 2807 4878 tradebatur,
2846 4821 2904 4865 ut
2936 4810 3117 4866 cuncti
3151 4810 3360 4865 scilicet
3405 4807 3498 4860 Dei

1930 4911 2222 4967 efﬁcaciam
2270 4908 2535 4962 viderent.
2578 4902 2876 4973 Caeteroqui
2913 4903 3029 4957 haac
3068 4901 3372 4965 descensio,
3405 4913 3501 4949 e1-

1929 5013 2096 5059 terna:
2139 5000 2463 5057 ostensionis
2523 4997 2658 5064 fuit,
2716 5015 2819 5052 non
2872 4996 3085 5051 localis.
3138 4993 3498 5060 Quamobrem

1931 5091 2242 5149 ardentibus
2284 5089 2411 5144 licet
2452 5088 2722 5152 omnibus,
2750 5101 2869 5157 quze
2914 5088 2965 5139 in
2999 5092 3181 5138 monte
3228 5081 3501 5149 germina-

1930 5187 2093 5249 bant,
2139 5183 2270 5238 nihil
2318 5191 2495 5236 tamen
2548 5183 2669 5252 igne
2736 5180 3175 5236 consumebatur.
3227 5174 3501 5227 Tubarum

1930 5290 2143 5346 quoque
2188 5274 2394 5329 sonitus
2428 5273 2732 5345 gravissimi
2778 5270 3157 5331 audiebantur,
3186 5278 3496 5335 quanquam

1935 5366 2115 5421 nullus
2162 5366 2235 5421 ibi
2298 5381 2430 5421 usus
2491 5366 2969 5419 instrumentorum
3024 5368 3181 5420 erat,
3233 5368 3501 5424 nemoque

1927 5461 2197 5523 clamans,
2238 5459 2333 5513 sed
2387 5457 2478 5512 Dei
2535 5454 2909 5509 tantummodo
2950 5466 3112 5522 opera
3160 5450 3276 5504 hzec
3315 5448 3501 5503 ortinia

1928 5552 2145 5606 ﬁebant.
2180 5550 2360 5616 Quare
2408 5547 2744 5617 exploratum
2792 5552 2908 5609 est,
2956 5542 3191 5596 divinam
3239 5540 3498 5609 hujusce—

1930 5644 2071 5699 modi
2101 5643 2266 5698 fuisse
2288 5642 2719 5702 descensionem,
2747 5636 3027 5704 Deumque
3046 5632 3250 5702 aliaque
3274 5632 3382 5687 ullo
3404 5631 3503 5685 ad-

1931 5736 2187 5791 miniculo
2218 5750 2369 5789 suam
2403 5733 2453 5786 in
2467 5730 2713 5785 omnibus
2727 5727 3030 5784 ostendisse
3051 5725 3499 5797 magnitudinem.

2553 5843 2596 5877 ⁸⁸
2628 5844 2770 5900 Psal.
2798 5857 2912 5907 cm,
2947 5842 2999 5896 4.
