4008 6506
534 435 630 493 607
1242 439 1509 496 EUSEBII
1546 441 2016 525 CESARIENSIS
2053 441 2203 498 OPP.
2244 441 2424 495 PARS
2462 440 2624 497 IV.—
2662 441 3079 498 DOGMATICA.
3641 438 3763 493 608

556 588 3746 628 Ἢ

614 764 1471 981 EUSEBII
1534 799 2255 982 OPEBA
2310 798 3645 985 DOGMATICA.

1452 1277 1655 1401 DE
1742 1274 2815 1405 THEOPHANIA.

1254 1512 1480 1583 (Angelo
1515 1512 1641 1581 MAI,
1680 1512 2003 1567 Bibliotheca
2041 1528 2172 1567 nova
2209 1511 2454 1581 Patrum,
2496 1515 2586 1580 ιν,
2626 1515 2730 1571 110
2767 1527 2820 1571 et
2858 1515 3008 1585 510.);

2185 1646 2196 1657 ς

2102 1675 2174 1695 -ι
2193 1664 2196 1669 ’

1832 1814 2456 1910 MONITUM.

592 2037 744 2093 Inter
789 2047 980 2093 cetera
1024 2034 1235 2091 Eusebii
1268 2035 1610 2090 Ca'sariensis
1644 2053 1801 2106 opera
1842 2036 1991 2091 divus
2031 2034 2401 2107 Hieronymus,
2434 2040 2513 2095 De
2547 2039 2679 2093 viris
2718 2041 2793 2095 ill.
2827 2058 2940 2109 cap.
2968 2041 3056 2107 81,
3088 2042 3252 2095 libros
3286 2030 3515 2112 quinque
3549 2041 3767 2111 Θεοφα-

516 2128 699 2197 νεζας,
748 2131 801 2185 id
843 2140 919 2185 est
974 2130 1046 2184 De
1086 2130 1175 2182 Dei
1227 2127 1695 2194 manilestalione,
1740 2129 2117 2182 nominauerat.
2152 2126 2285 2181 Item
2332 2129 2496 2199 Syrus
2546 2130 2833 2187 Ebediesus
2880 2133 2933 2187 in
2977 2143 3246 2187 auctorum
3292 2135 3553 2202 catalogo,
3606 2149 3766 2200 quem

520 2220 845 2279 Echellensis
878 2226 1069 2295 primo,
1098 2222 1285 2278 deinde
1313 2223 1629 2278 Assemanus
1666 2224 1971 2289 ediderunt,
2019 2223 2154 2276 idem
2196 2221 2408 2277 Eusebii
2440 2241 2567 2294 apus
2600 2237 3089 2281 commemoraverat
3127 2227 3190 2280 de
3234 2222 3420 2279 Greca
3449 2226 3517 2278 ad
3557 2225 3763 2295 Syria-

514 2328 630 2367 cam
683 2316 919 2385 Knguam
960 2315 1296 2369 translatum.
1345 2314 1517 2370 erci
1557 2316 1830 2385 originalis
1870 2314 2125 2383 deperditi
2173 2316 2352 2382 viginti
2394 2334 2485 2387 ego
2527 2317 2820 2386 fragmenta
2860 2320 2915 2372 in
2958 2317 3223 2372 Vaticanis
3264 2317 3528 2371 codicibus
3573 2318 3768 2369 obser—

515 2415 657 2466 sata,
684 2406 822 2460 inter
846 2403 1069 2461 Veteres
1097 2424 1233 2460 meos
1264 2407 1564 2474 Scriptores
1592 2416 1629 2459 t.
1657 2404 1709 2470 Ῑ,
1733 2407 1815 2460 ed.
1845 2422 1971 2470 sec.,
1998 2422 2134 2459 anno
2158 2406 2315 2471 1851,
2340 2416 2386 2459 et
2418 2417 2456 2461 t.
2497 2404 2660 2471 VIII,
2688 2426 2777 2462 an.
2802 2409 2960 2475 1855,
2986 2410 3392 2478 divulgaveram.
3419 2410 3550 2464 Ecce
3582 2420 3764 2461 autem

515 2497 871 2566 significatam
905 2498 1052 2553 nobis
1087 2500 1150 2552 ab
1180 2498 1440 2554 Ebediesu
1477 2499 1757 2570 Syriacam
1802 2499 2085 2553 Eusebiani
2123 2500 2289 2567 operis
2331 2500 2754 2564 translationem,
2802 2502 2906 2553 duo
2939 2503 3171 2571 perdocti
3201 2514 3247 2555 et
3290 2502 3517 2555 illustres
3566 2512 3769 2556 nostra

514 2591 689 2644 aetatis
727 2590 884 2660 Angli
916 2606 943 2645 ι
975 2591 1195 2644 tenebris
1241 2591 1462 2661 denique
1489 2602 1758 2658 eruerunt,
1786 2590 2038 2645 Tatamus
2070 2601 2221 2661 atque
2266 2589 2437 2654 Leus;
2470 2607 2691 2660 quorum
2736 2591 2826 2645 ille
2874 2608 2937 2646 ex
2975 2592 3292 2661 Egyptiaco
3341 2594 3395 2647 in
3428 2593 3606 2647 Nitria
3644 2612 3767 2646 mo-

514 2682 746 2736 nasterio
786 2682 1024 2737 Sceteusi
1059 2682 1289 2735 codicem
1331 2698 1469 2735 anno
1500 2682 1635 2738 1839
1682 2684 1735 2735 in
1770 2682 2012 2752 Angliam
2053 2682 2274 2745 detulit;
2316 2682 2450 2733 alter
2490 2691 2663 2733 autem
2714 2681 2991 2751 Syriacum
3029 2683 3167 2735 hunc
3210 2694 3403 2737 textum
3444 2702 3582 2738 anno
3622 2684 3770 2740 1842

513 2771 779 2839 Londini,
817 2780 865 2825 et
915 2782 1158 2841 sequente
1205 2788 1344 2825 anno
1385 2772 1664 2841 Anglicum
1708 2772 1939 2841 ejusdem
1993 2772 2477 2839 interpretationem
2541 2769 2897 2842 Cantabrigite
2939 2790 3053 2826 cum
3110 2775 3331 2829 eruditis
3379 2776 3769 2845 prolegomenis

512 2866 829 2936 scholiisque
865 2865 1148 2936 impressit.
1172 2866 1240 2920 Et
1278 2866 1531 2937 Syriacus
1561 2868 1769 2937 quidem
1803 2876 1973 2921 textus
2010 2868 2241 2919 nondum
2268 2866 2336 2919 ad
2374 2882 2476 2932 me,
2516 2869 2655 2938 quod
2685 2868 2858 2933 doleo,
2898 2869 3159 2937 pervenit;
3200 2888 3315 2925 cum
3354 2882 3527 2926 tamen
3571 2874 3773 2941 Angli-

512 2978 629 3016 cum
670 2961 937 3015 desinente
976 2976 1116 3014 anno
1150 2959 1289 3014 1816
1316 2958 1583 3013 commode
1616 2960 1823 3013 demum
1871 2972 2053 3012 nactus
2092 2958 2307 3029 fuerim,
2347 2974 2561 3027 eumque
2612 2960 2844 3014 studiose
2883 2960 3117 3031 legerim,
3168 2963 3344 3016 statim
3384 2968 3596 3033 cognovi
3642 2966 3771 3034 [rae

512 3066 720 3125 gmenta
754 3055 940 3111 Graeca
970 3071 1087 3125 qua:
1121 3071 1213 3123 ego
1239 3054 1432 3109 multos
1463 3064 1583 3108 ante
1613 3071 1781 3108 annos
1807 3054 2097 3121 edideram,
2134 3070 2315 3123 reapse
2345 3056 2414 3108 ad
2443 3054 2659 3109 Eusebii
2691 3055 3118 3125 Theophaniam,
3149 3066 3301 3124 prout
3337 3059 3569 3123 ipsorum
3609 3061 3758 3113 tituli

512 3152 771 3221 ferebant,
808 3151 1066 3221 pertinere
1098 3151 1241 3219 (nam
1272 3150 1436 3204 sicubi
1472 3150 1674 3204 codices
1702 3151 1802 3203 mei
1834 3166 1950 3202 cum
1988 3149 2210 3219 Syriaco
2242 3167 2343 3205 non
2371 3150 2502 3205 satis
2532 3160 2853 3221 congruunt,
2893 3153 2945 3205 id
2986 3152 3093 3206 suis
3126 3152 3253 3207 locis
3284 3164 3462 3222 postea
3500 3154 3758 3225 dicetur).

515 3246 623 3303 Sed
657 3256 707 3300 et
755 3246 965 3315 insuper
1000 3246 1260 3314 comperi,
1294 3245 1590 3313 fragmenta
1633 3244 1773 3313 alia,
1812 3262 1903 3298 nec
1933 3246 2106 3298 brevia
2150 3262 2240 3299 nec
2278 3245 2613 3314 paenitenda,
2646 3260 2763 3315 qua:
2796 3261 2888 3314 ego
2926 3246 2979 3300 in
3040 3243 3307 3301 Vaticanis
3350 3257 3654 3300 catenarum
3686 3250 3760 3300 ad

516 3341 717 3397 Lucum
759 3341 1028 3396 codicibus
1070 3340 1169 3395 sub.
1211 3339 1427 3394 Eusebii
1472 3349 1674 3393 tantum
1729 3340 1936 3393 nomine
1980 3356 2319 3407 aspexeram,
2364 3340 2584 3410 ideoque
2628 3349 2879 3409 tanquam
2922 3340 3208 3393 Eusebiani
3250 3342 3319 3394 ad
3368 3339 3577 3395 Lucam,
3614 3358 3766 3394 com-

514 3435 761 3490 mentarii
800 3445 1064 3505 segmenta
1098 3437 1153 3489 in
1192 3436 1441 3504 praedicto
1473 3434 1673 3504 Script.
1695 3443 1804 3489 vet.
1836 3444 1975 3488 tomo
2008 3437 2176 3503 primo
2209 3445 2571 3500 attexueram;
2598 3435 2849 3502 comperi,
2888 3439 3125 3504 inquam,
3167 3436 3277 3490 [nec
3317 3453 3522 3506 quoque
3566 3439 3770 3505 partim

513 3546 579 3586 es:
607 3531 956 3600 Theophania
1002 3531 1167 3600 fuisse
1205 3532 1460 3597 detracta,
1497 3531 1551 3584 id
1590 3532 1730 3601 quod
1775 3529 2024 3600 Syriacus
2078 3542 2249 3585 textus
2290 3530 2368 3585 vel
2418 3530 2588 3601 potius
2634 3529 2962 3598 Anglicanus
3003 3547 3082 3587 me
3136 3531 3304 3585 docet.
3348 3530 3479 3596 Quae
3514 3548 3594 3584 res
3642 3548 3769 3583 cum

516 3640 596 3678 me
630 3640 944 3693 magnOpere
986 3625 1374 3693 delectavisset,
1413 3626 1657 3679 constitui
1704 3628 1945 3696 protinus
1990 3625 2175 3681 Greca
2220 3626 2400 3680 omnia
2434 3624 2801 3695 Theophaniaz
2843 3642 2876 3679 a
2914 3642 3007 3679 me»
3036 3627 3159 3680 olim
3218 3627 3417 3682 detecta
3466 3627 3767 3696 fragmenta

514 3732 654 3770 nunc
694 3734 1028 3786 congregare.
1062 3717 1252 3772 Latina
1281 3720 1438 3772 etiam
1468 3718 1662 3787 facere,
1690 3730 1845 3789 atque
1879 3729 1932 3771 ut
1969 3718 2211 3772 monebat
2251 3718 2488 3787 impressi
2517 3718 2736 3788 Anglice
2782 3718 2951 3787 operis
2983 3719 3173 3784 series,
3218 3718 3346 3773 locis
3379 3721 3617 3789 quodque
3650 3722 3767 3773 suis

512 3810 791 3866 collocare.
817 3809 957 3865 Nam
1000 3811 1373 3867 Vaticanarum
1410 3823 1715 3868 catenarum
1744 3823 1984 3868 auctores
2017 3810 2231 3868 Eusebii
2272 3813 2673 3882 Theophaniam
2704 3822 2852 3866 extra
2903 3812 3021 3866 libri
3069 3814 3303 3867 ordinem
3332 3828 3427 3881 pro
3468 3829 3575 3866 suo
3607 3813 3764 3866 libito

513 3915 901 3972 excerpserunt,
938 3906 1013 3960 vel
1054 3907 1225 3975 potius
1259 3916 1411 3974 prout
1456 3905 1786 3976 evangelicte,
1822 3922 1979 3974 quam
2025 3906 2125 3973 ipsi
2169 3906 2536 3975 sequebantur.
2571 3904 2804 3959 historice
2845 3920 3030 3959 cursus
3075 3905 3338 3973 poscebat.
3375 3904 3631 3973 Exemplo
3692 3907 3765 3959 sit

515 3997 753 4049 narratio
781 3998 845 4051 de
873 3998 1069 4051 Christi
1103 3998 1317 4052 Domini
1350 4006 1539 4063 morte,
1576 4013 1733 4068 quam
1766 3995 2024 4051 Eusebius
2048 3996 2195 4065 [libro
2243 3997 2396 4050 tertio
2434 3995 2602 4049 medio
2646 3999 2855 4062 scribit,
2900 3996 3115 4051 Nicetas
3157 4004 3368 4059 autem,
3414 3996 3567 4048 unius
3586 4013 3627 4066 ιι
3672 4016 3768 4053 ca-

513 4090 651 4143 tenis
698 4100 908 4155 auctor,
956 4090 1050 4145 sub
1085 4091 1243 4160 ﬁnem
1280 4107 1390 4145 sua:
1440 4091 1825 4145 lucubrationis
1854 4099 1908 4143 ut
1955 4106 2051 4158 par
2095 4098 2208 4143 erat
2241 4089 2447 4158 posuit,
2493 4105 2672 4156 nempe
2706 4091 2761 4143 in
2804 4091 2998 4159 pagina
3041 4087 3237 4141 codicis
3287 4091 3642 4143 trecentesimo
3680 4108 3765 4145 se-

511 4185 705 4252 ptima,
747 4200 866 4253 quae
901 4199 932 4236 a
969 4181 1075 4252 ﬁne
1106 4184 1187 4237 sui
1227 4182 1505 4238 voluminis
1548 4198 1733 4252 parum
1771 4180 1934 4234 abest.
1984 4177 2185 4235 Nicetes
2220 4180 2448 4235 codicem
2504 4182 2621 4237 Vat.
2653 4182 2783 4236 1611
2829 4182 3003 4235 littera
3033 4179 3078 4232 Α
3117 4180 3351 4249 designo.
3378 4178 3609 4233 Macarii
3642 4197 3762 4234 vero

511 4276 955 4347 Clirgsocepliali,
1000 4278 1218 4332 diversa:
1268 4288 1467 4332 catenae
1519 4276 1783 4343 auctoris,
1828 4276 1916 4345 qui
1961 4274 2085 4327 item
2125 4274 2531 4344 Theophaniam
2572 4276 2885 4329 nominatim
2941 4272 3231 4341 aliquando
3264 4272 3495 4339 expilet,
3532 4273 3762 4327 codicem

524 4366 644 4421 Vat.
684 4367 825 4423 1610
855 4370 1043 4423 deuoto
1078 4368 1259 4423 littera
1300 4368 1362 4423 E.
1389 4368 1538 4423 Alias
1580 4368 1786 4421 demum
1819 4376 2030 4420 catenas
2069 4367 2223 4430 duas,
2267 4364 2383 4420 Vat.
2430 4364 2548 4421 I’al.
2584 4366 2705 4421 Vat.
2743 4366 2812 4420 20
2845 4375 2893 4420 et
2927 4365 3105 4419 Ottob.
3145 4362 3267 4417 Vat.
3312 4363 3435 4427 100,
3469 4381 3585 4433 qua:
3627 4365 3758 4418 milii

512 4459 799 4528 symbolam
837 4461 1251 4531 fragmentorum
1286 4462 1472 4516 horum
1504 4461 1866 4528 contulerunt,
1897 4462 2085 4515 litteris
2116 4461 2156 4515 Β
2182 4471 2230 4515 et
2258 4461 2297 4516 L
2326 4464 2644 4517 demonstro.
2690 4461 2915 4516 Unicum
2963 4460 3184 4529 denique
3226 4460 3454 4527 primum
3498 4458 3764 4528 fragmen-

513 4564 625 4608 tum
663 4570 728 4608 ει
754 4558 908 4609 codd.
948 4556 1333 4611 Mediolanensi
1367 4570 1414 4613 et
1461 4558 1738 4611 Parisiaco
1770 4558 1927 4613 simul
1966 4560 2163 4630 adfuit.
2204 4558 2357 4613 Hanc
2388 4560 2559 4629 itaque
2597 4559 2900 4613 ercorum
2946 4557 3295 4625 Tlieopltania:
3341 4556 3759 4626 fragmentorum

514 4652 867 4717 tempestivam
894 4653 1069 4706 hercle
1105 4654 1384 4707 editionem
1423 4670 1559 4708 nunc
1581 4670 1738 4721 curo,
1768 4664 1879 4707 tum
1917 4665 1974 4708 ut
2010 4654 2225 4709 Eusebii
2256 4657 2485 4709 nativum
2515 4664 2735 4718 textum,
2770 4664 3025 4721 quantum
3069 4654 3152 4723 fas
3180 4660 3279 4715 est,
3327 4657 3391 4707 ab
3426 4654 3640 4708 interitu
3678 4669 3761 4707 re-

514 4756 717 4807 vocem;
741 4752 854 4795 tum
882 4754 934 4796 ut
976 4742 1140 4814 Syrus
1179 4746 1435 4813 interpres
1477 4745 1656 4817 sicubi:
1682 4756 1903 4800 mentem
1939 4746 2171 4801 auctoris
2212 4724 2317 4799 non
2347 4755 2421 4799 est
2462 4754 2731 4799 assecutus
2767 4745 2923 4813 (quod
2951 4744 2999 4798 ei
3043 4748 3325 4802 identidem
3368 4746 3623 4799 accidisse
3648 4743 3760 4797 sine

486 4828 675 4887 .dubio
722 4832 1241 4905 animadvertimus),
1292 4836 1592 4890 authentico
1636 4836 1945 4890 documento
1991 4834 2313 4888 emendetur.
2354 4832 2468 4887 Nec
2515 4850 2641 4888 sane
2690 4834 2869 4887 dubito
2916 4834 3043 4903 quin
3096 4834 3318 4904 opellam
3364 4850 3530 4888 meam
3582 4834 3660 4889 vir
3690 4836 3755 4887 cl-

515 4925 653 4983 Leus
682 4927 805 4982 boni
834 4930 1103 4997 consulat,
1146 4947 1326 5001 meque
1367 4933 1416 4985 ei
1454 4948 1767 5001 magnopere
1814 4931 2007 5001 favere,
2049 4938 2247 4983 certum
2290 4930 2497 4983 habeat.
2539 4928 2669 4983 Htec
2711 4930 2955 4994 interim;
2994 4945 3216 4999 namque
3260 4941 3309 4985 et
3354 4930 3488 4983 alios
3526 4941 3638 4983 tum
3669 4929 3756 4982 abs

490 5016 644 5084 'Leo,
697 5029 807 5073 tum
850 5022 915 5074 ab
952 5021 1187 5092 ejusdem
1238 5023 1423 5093 gloria:
1461 5025 1604 5078 socio
1646 5024 1713 5080 cl.
1756 5023 1847 5079 W.
1886 5023 2166 5088 Curetono,
2203 5040 2383 5077 sacros
2427 5033 2704 5090 auctores,
2747 5022 3036 5091 privsertim
3089 5039 3334 5093 magnum
3372 5023 3755 5083 Athanasium,

515 5112 769 5183 Cyrillum
814 5126 971 5185 atque
1018 5118 1412 5188 Eplmemium,
1450 5130 1841 5189 exspectamus;
1869 5138 1997 5192 quos
2028 5137 2163 5175 nunc
2212 5122 2422 5191 quidem
2462 5120 2668 5191 cupidis
2717 5121 2847 5175 votis
2888 5123 3207 5190 expetimus;
3238 5120 3416 5175 statim
3460 5136 3519 5173 ac
3553 5134 3670 5174 vero
3705 5118 3757 5170 in

515 5218 843 5279 conspectum
880 5212 1135 5281 venerint,
1166 5216 1609 5271 exosculabimur.
3176 5224 3179 5225 ⁷
