4008 6520
1610 421 1698 481 DE
1737 416 2200 481 ΤΗΕΟΡΠᾹΝΙΛ.

3396 436 3505 492 610

266 592 3464 624 ww

609 750 1328 875 ΕΥΣΕΒΙΟΥ
1387 747 1745 865 ΠΕΡΙ
1794 747 2094 859 ΤΗΣ
2152 745 3154 865 ΘΕΟΦΑΝΕΙΑΣ.

1076 1120 1637 1238 EUSEBII
1714 1113 2698 1234 CAESARIENSIS

707 1358 1140 1452 OPERIS
1214 1360 1361 1449 DE
1437 1355 2229 1448 THEOPHANIA
2304 1356 3065 1448 FRAGMENTA.

967 1681 1023 1733 A'
1057 1679 1152 1750 (ι).

318 1777 404 1852 (2)
446 1778 661 1847 Ὠσπερ
684 1774 741 1829 δὲ
767 1772 858 1827 ἐπὶ
877 1772 970 1826 τοῦ
996 1772 1115 1826 καθ’
1142 1772 1289 1842 ἡμᾶς
1329 1770 1785 1843 παραδείγματος,
1810 1771 1839 1825 ὁ

250 1870 353 1941 μὲν
380 1870 621 1941 ἀόρατος
650 1866 743 1920 καὶ
770 1863 976 1935 ἀφανὴς
1003 1866 1060 1915 ὲν
1089 1864 1221 1933 ἡμῖν
1256 1860 1399 1928 νοῦς,
1442 1862 1500 1915 ὃν
1528 1864 1676 1926 ὅστις
1708 1862 1837 1916 ποτὲ

245 1964 343 2017 καὶ
389 1963 583 2025 ὁποῖος
626 1960 702 2013 ὢν
741 1959 843 2029 τὴν
885 1956 1071 2011 οὐσίαν
1108 1956 1361 2026 ὑπάρχει,
1397 1955 1571 2019 οὐδεὶς
1617 1955 1836 2009 πώποτε

245 2052 568 2126 ἀνθρώπων
600 2048 761 2121 ἔγνω,
793 2048 1041 2121 βασιλεὺς
1066 2048 1110 2101 δ’
1140 2042 1229 2101 οἷα
1256 2050 1312 2101 ὲν
1339 2036 1669 2119 ἀπορρήτοις
1706 2046 1838 2101 εῐσω

243 2148 362 2209 τοῖς
412 2143 585 2198 αὑτοῦ
624 2142 870 2213 ταμείοις
901 2139 1290 2209 καθιδρυμένος
1324 2138 1395 2192 τά
1431 2142 1704 2211 πρακταϊα
1740 2139 1835 2209 (2‘)

246 2236 598 2308 βουλεύεται⁸
627 2234 781 2304 λόγος
804 2233 847 2287 δ’
882 2232 941 2297 ἐξ
966 2231 1129 2286 αὐτοῦ
1168 2232 1401 2304 πρόεισι,
1440 2231 1729 2302 μονογενὴς
1749 2225 1836 2283 οἶα

245 2329 467 2401 πατρὸς
500 2328 558 2395 ἐξ
598 2327 804 2381 ἀδύτων
848 2323 1031 2395 μυχῶν
1074 2320 1488 2393 γεγεννημένος,
1532 2320 1591 2385 ὃς
1633 2322 1697 2393 δὴ
1741 2320 1837 2374 καὶ

244 2420 484 2491 πρῶτος
515 2418 623 2471 τῶν
654 2416 931 2489 πατρικῶν
972 2418 1084 2479 τοῖς
1116 2416 1248 2469 πᾶσι
1284 2412 1606 2466 καθίσταται
1629 2413 1835 2483 νοημάι-

244 2530 356 2565 των
383 2510 645 2581 ἄγγελος,
670 2512 748 2571 εἰς
784 2507 1015 2580 φανερόν
1046 2524 1105 2559 τε
1132 2504 1390 2577 κηρύττει
1416 2504 1483 2558 τὰ
1508 2505 1567 2559 ὲν
1590 2505 1838 2576 ἀπορρήά

240 2620 361 2668 τοις
390 2604 482 2674 τῷ
521 2604 687 2675 πατρὶ
723 2600 1138 2673 βεϐουλευμένα,
1183 2598 1363 2671 ἔργοις
1402 2616 1463 2653 τε
1506 2598 1741 2652 ἐπιτελεῖ
1767 2598 1836 2652 τὰ

247 2696 626 2767 βουλεύματα,
664 2693 867 2766 προῖὼν
896 2696 974 2757 είς
1014 2693 1113 2757 τὰς
1152 2693 1369 2747 πάντων
1409 2690 1597 2755 ἀκοάς·
1640 2689 1739 2743 εἶθ’
1786 2694 1835 2746 oi

251 2787 349 2856 μὲν
380 2786 496 2855 τῆς
524 2788 586 2838 ἐκ
614 2784 706 2838 τοῦ
728 2784 885 2853 λόγου
913 2783 1414 2856 μεταλαμϐάνουσιν
1435 2780 1716 2851 ὠφελείας,
1745 2780 1835 2834 τὸν

246 2876 291 2928 δ’
332 2875 528 2946 ἀφανῆ
570 2876 661 2928 καὶ
702 2875 929 2947 ἀόρατον
970 2876 1092 2929 νοῦν
1136 2875 1226 2928 τὸν
1265 2872 1359 2927 τοῦ
1398 2873 1556 2941 λόγου
1598 2872 1830 2944 πατέρα,

246 2968 435 3031 οὐδεὶς
464 2965 680 3019 πώποτε
704 2967 991 3038 ὀφθαλμῶν
1016 2962 1144 3019 εἶδε·
1172 2964 1310 3019 κατὰ
1335 2963 1505 3016 ταῦτα
1526 2962 1609 3034 δὴ,
1636 2963 1832 3031 μᾶλλον

1860 1692 1909 1747 Α

1866 1545 1935 1569 nuit

2011 1767 2166 1824 Sicut
2203 1770 2344 1825 enim
2372 1808 2387 1835 ,
2432 1779 2491 1824 ut
2542 1767 2850 1837 exemplum
2902 1780 2931 1820 a
2986 1768 3141 1824 nobis
3187 1781 3504 1842 sumamus,

1939 1874 2089 1915 mens
2123 1862 2174 1915 in
2207 1862 2363 1917 nobis
2393 1860 2683 1916 invisibilis
2710 1859 2993 1929 latensque
3030 1870 3111 1914 est
3136 1898 3151 1925 ,
3202 1877 3363 1931 quam
3392 1880 3505 1920 cu—

1930 1952 2166 2021 jusmodi
2216 1952 2325 2017 sit,
2361 1954 2582 2021 cuiusve
2628 1951 2985 2018 substantiae,
3034 1953 3216 2009 nullus
3268 1970 3503 2025 unquam

1938 2047 2098 2101 homo
2124 2046 2409 2113 cognovit;
2441 2044 2536 2101 sed
2568 2059 2630 2098 ea
2663 2045 2827 2098 veluti
2863 2058 2957 2098 rex
2980 2044 3202 2113 quidam
3236 2050 3288 2101 ln
3321 2061 3505 2103 secre-

1937 2138 2007 2193 tis
2032 2139 2145 2194 suis
2169 2137 2518 2192 conclavibus
2546 2136 2745 2191 sedens
2769 2177 2785 2202 ,
2812 2137 2940 2206 quid
2970 2137 3276 2195 faciendum
3309 2139 3380 2194 sit
3411 2140 3506 2195 de-

1935 2228 2160 2297 liberat;
2204 2229 2399 2285 deinde
2427 2242 2608 2284 sermo
2631 2243 2699 2284 ex
2733 2228 2847 2299 ipsa
2872 2229 3072 2299 prodit,
3124 2230 3279 2300 quasi
3313 2230 3505 2301 unige-

1935 2321 2082 2375 nitus
2111 2337 2140 2375 a
2170 2330 2324 2391 patre
2357 2322 2412 2377 in
2450 2319 2749 2376 reconditis
2778 2321 3149 2392 penetralibus
3179 2333 3501 2393 generatus;

1936 2411 2211 2482 quietiam
2261 2413 2470 2483 primus
2520 2423 2871 2484 paternarum
2922 2414 3385 2471 consultationum
3445 2417 3508 2472 lit

1934 2504 2185 2569 nuntius,
2211 2513 2372 2573 atque
2398 2505 2451 2559 in
2474 2515 2717 2575 apertum
2748 2507 3075 2578 depraedicat
3099 2521 3298 2562 arcana
3334 2509 3507 2578 patris

1934 2595 2180 2661 consilia,
2210 2606 2266 2651 et
2290 2610 2454 2665 opere
2480 2611 2593 2651 rem
2622 2598 2975 2654 deliberatam
3004 2598 3239 2669 perlicit,
3274 2601 3401 2655 dum
3434 2602 3502 2658 ad

1932 2687 2176 2740 omnium
2224 2702 2385 2744 aures
2430 2690 2676 2760 perfert;
2734 2688 2951 2743 interim
3011 2699 3191 2744 tamen
3253 2692 3502 2749 homines

1933 2776 2151 2847 quidem
2200 2780 2352 2835 verbi
2401 2780 2633 2836 utilitate
2693 2779 2969 2847 fruuntur,
3028 2783 3121 2837 sed
3173 2782 3498 2839 invisibilem

1935 2880 2170 2925 mentem
2219 2872 2370 2928 verbi
2404 2882 2681 2943 parentem
2734 2888 2957 2944 prorsus
3006 2876 3179 2931 oculis
3218 2892 3321 2932 non
3372 2892 3497 2933 cer-

1933 2971 2101 3028 nunt;
2129 2962 2252 3026 hoc,
2279 2963 2519 3032 inquam,
2546 2965 2726 3030 modo,
2767 2966 2876 3020 imo
2896 2965 3062 3020 etiam
3088 2982 3249 3037 supra
3282 2982 3496 3023 omnem

248 3060 293 3112 δ’
328 3061 598 3113 ἐπέκεινα
626 3060 804 3130 πάσης
838 3059 1039 3121 εἰκόνος
1065 3058 1159 3111 καὶ
1196 3055 1655 3127 παραδείγματος,
1687 3054 1715 3107 ό
1739 3054 1833 3108 τοῦ

1935 3053 2223 3121 imaginem
2254 3063 2413 3123 atque
2446 3056 2770 3125 exemplum,
2794 3057 3027 3126 supremi
3067 3056 3159 3112 Dei
3190 3060 3499 3126 regnatoris

250 3148 652 3221 παμϐασιλέως
709 3146 841 3200 Θεοῦ
895 3146 1094 3209 τέλειος
1138 3144 1326 3213 Λόγος,
1388 3136 1474 3194 οἵα
1517 3141 1830 3213 μονογενὴς,

250 3241 310 3293 οὐ
357 3239 675 3313 προφορικῇ
714 3236 938 3307 δυνάμει
974 3231 1261 3297 συνεστὼς,
1290 3231 1399 3285 οὐδ’
1436 3230 1501 3284 ἐκ
1533 3228 1829 3295 συλλαϐῶν,

252 3332 546 3402 ὀνομάτων
588 3348 647 3387 τε
669 3330 762 3382 καὶ
798 3328 1053 3399 ῥημάτων
1086 3326 1183 3397 τὴν
1210 3323 1381 3394 φύσιν
1396 3321 1833 3392 κατεσκευασμέ-

252 3438 361 3490 νος,
400 3422 512 3475 οῦδ’
555 3424 612 3475 ὲν
639 3423 789 3491 φωνῇ
827 3419 893 3472 δι’
936 3418 1094 3490 ἀέρος
1129 3416 1470 3488 πληττομένῃ
1506 3413 1833 3486 σημαινόμε-

249 3533 361 3583 νος,
395 3515 535 3570 Θεοῦ
566 3515 623 3568 δὲ
662 3514 754 3568 τοῦ
783 3514 874 3566 ἐπὶ
912 3512 1126 3564 πάντων
1162 3509 1268 3575 ζῶν
1292 3510 1385 3562 καὶ¹
1409 3507 1635 3579 ἐνεργὴς
1655 3506 1832 3575 ὑπάρ-

253 3627 361 3680 χων
412 3608 542 3671 Υἱὸς
580 3607 768 3676 Λόγος,
810 3606 929 3658 κατ’
968 3602 1152 3659 οὐσίαν
1194 3618 1253 3655 τε
1283 3599 1528 3670 ὑφεστὼς
1568 3594 1656 3653 οἷα
1696 3596 1831 3651 Θεοῦ

251 3702 493 3773 δύναμις
524 3699 621 3754 καὶ
647 3698 780 3753 Θεοῦ
830 3697 1010 3767 σοφία,
1041 3695 1253 3767 πρόεισι
1299 3693 1394 3765 μὲν
1418 3692 1519 3763 τῆς
1560 3690 1832 3763 πατρικῆς

253 3793 539 3866 θεότητος,
559 3790 764 3860 ἀγαθοῦ
780 3790 835 3843 δὲ
855 3786 1058 3859 πατρὸς
1074 3785 1273 3855 ἀγαθὸν
1292 3784 1545 3855 τυγχάνει
1565 3782 1829 3853 γέννημα,

253 3884 532 3956 αὒτοζωὴ,
565 3882 830 3953 αὑτοφῶς,
868 3881 1113 3950 γέννημα
1158 3877 1343 3947 νοερὸν
1372 3874 1547 3945 φωτὸς
1576 3874 1828 3945 ἀλήκτου,

253 3978 340 4032 διὰ
364 3977 586 4030 πάντων
614 3973 825 4046 χωρῶν,
857 3975 913 4025 ὲν
943 3969 1075 4023 πᾶσί
1103 3985 1162 4021 τε
1186 3966 1262 4021 ὣν
1291 3969 1386 4021 καὶ
1434 3966 1613 4019 πάντα
1636 3966 1830 4017 ἐπιπο-

259 4070 572 4141 ρευόμενος.
1182 4126 1199 4140 .

1012 4152 1085 4205 Β’.

326 4250 407 4320 ('5)
449 4240 617 4310 Οὗτος
644 4247 671 4298 ὁ
700 4244 826 4316 παρ’
850 4244 979 4315 ἡμῖν
1013 4238 1441 4312 Θεολογούμενος,
1474 4235 1835 4307 προφητικαῖς

252 4341 464 4396 ἄνωθεν
497 4339 603 4411 πρὸ
638 4336 839 4407 μυρίων
876 4335 1081 4405 χρόνων
1116 4330 1361 4402 ἐγνώσθη
1387 4346 1446 4382 τε
1470 4329 1564 4381 καὶ
1592 4338 1831 4396 προεκη-

258 4433 436 4506 ρύχθη
478 4406 683 4500 φωναῖς
701 4445 714 4458 ·
742 4428 790 4480 οἳ
819 4427 912 4480 καὶ
935 4426 1027 4479 τὸν
1056 4426 1217 4478 τόπον
1242 4422 1343 4492 τῆς
1385 4418 1700 4487 θεοφανείας
1738 4415 1834 4470 αὑ-
1858 4406 1900 4463 C

253 4526 375 4588 τοῦ,
400 4523 495 4576 καὶ
529 4520 753 4593 χρόνους
781 4520 879 4590 τῆς
917 4516 1170 4586 ἀφίξεως,
1199 4510 1293 4567 καὶ
1319 4512 1519 4583 τρόπον
1552 4508 1643 4561 τοῦ
1686 4506 1821 4578 βίου,

256 4621 352 4674 καὶ
383 4616 662 4688 δυνάμεις,
698 4613 792 4667 κα)⁸
834 4612 1045 4681 λόγους,
1087 4610 1181 4663 καὶ
1217 4603 1613 4677 κατορθώματα
1660 4596 1824 4688 αὑτοῦ

256 4686 645 4782 προλαϐόντες,
670 4702 868 4773 βίϐλοις
886 4702 1057 4772 ἱεραῖς
1074 4696 1424 4766 ἐγκατέθεντο
1441 4693 1535 4763 (4).
1553 4721 1619 4733 -
1636 4686 1708 4782 re
1719 4688 1825 4782 ydtp

268 4779 481 4872 Ἰησοῦς
510 4797 702 4858 ἰάσεως
725 4792 819 4846 κα)⁴
845 4790 1123 4861 σωτηρίας-
1140 4784 1413 4858 προσφυὲς
1438 4784 1605 4853 ὖνομα
1629 4780 1693 4834 ἂν
1717 4779 1821 4849 εἴη’

259 4894 485 4963 σωτῆρα
510 4890 619 4959 γὰρ
648 4887 740 4941 καὶ
769 4886 1032 4955 σωτήριον
1056 4880 1089 4953 ὴ
1132 4878 1398 4949 Ἐϐραίων
1423 4876 1572 4946 φωνὴ
1596 4874 1684 4927 τὸν
1726 4872 1826 4943 Ἰη·

260 4986 385 5040 σοῦν
414 4982 604 5036 εἴωθεν
630 4978 831 5033 καλεῖν.

914 5066 1083 5127 .l".

328 5172 407 5242 (5)
454 5167 569 5224 Καὶ
593 5166 819 5227 θάνατος
846 5160 919 5231 (6)
953 5157 1009 5212 δὲ
1035 5159 1064 5210 ὁ
1092 5154 1379 5227 βοώμενος,
1410 5150 1469 5205 ὃν
1496 5150 1560 5221 δὴ
1588 5148 1823 5219 ὖποστῆδ

259 5283 348 5323 ναι
381 5265 444 5319 τδ
473 5262 568 5316 τοῦ
610 5259 781 5326 Λόγου
821 5253 1043 5325 ἄγαλμα
1081 5249 1233 5322 παρά
1271 5247 1384 5310 τοῖς
1414 5246 1580 5299 πᾶσιν
1614 5244 1825 5313 ἀνωμοα

330 5403 409 5477 (ι)
437 5401 497 5456 ιη
528 5399 713 5477 codice
739 5392 1147 5477 Μείέῖιϋέιπὶειιεῖ
1170 5382 1674 5477 Αῑηὲπὲξὲψς
1700 5382 1816 5477 £335:

264 5474 317 5551 in
335 5455 561 5529 ‘Emem
595 5468 767 5551 ερίεμ
793 5463 1149 5551 ειιηξιίςρες
1173 5455 1822 5551 alacres?9.1111919

265 5527 569 5613 (fragmento
602 5527 803 5613 titulus
838 5531 1144 5613 _E1’20’£_6t'ov
1164 5527 1823 5613 Δεὺοιπξγιςλιριῇςιηίξιξοξρξις

262 5594 570 5681 Exta—(At
601 5609 663 5681 in
684 5603 952 5681 Parisiaco
983 5608 1233 5681 ut_eer‘ten
1257 5594 1425 5681 estin
1458 5597 1556 5681 ed.‘
1577 5594 1822 5681 (E‘rartneri

264 5661 764 5753 ρῖνῖέθξιῖιθιιάοεο
815 5667 1172 5753 air-arrange
1198 5661 1824 5753 deoydrsugr.)ul_’rorgus

266 5733 441 5807 autem
463 5733 726 5819 'Grmcum
747 5733 1231 5819 bogl’rég’men‘tum
1262 5733 1675 5819 congruitucum
1714 5733 1825 5819 Sy-

266 5805 409 5876 riaca
450 5805 544 5874 seu
575 5815 796 5887 Anglica
826 5805 1174 5880 Theophanire
1208 5805 1465 5869 editione,
1494 5805 1590 5860 lib.
1630 5818 1671 5871 ι,
1703 5818 1821 5872 cap.

264 5891 355 5958 35,
380 5908 434 5963 p.
462 5889 547 5945 l2.

1932 3144 2232 3215 perlectum
2283 3146 2517 3201 Verbum
2544 3188 2558 3211 ,
2587 3163 2682 3203 ceu
2716 3148 3052 3219 unigenitum
3075 3190 3090 3215 ,
3120 3166 3225 3205 non
3255 3168 3321 3207 ex
3368 3168 3497 3222 pro-

1932 3237 2233 3291 nuntiativa
2273 3237 2450 3306 aliqua
2487 3240 2684 3294 virtute
2714 3242 3019 3299 consistens
3044 3284 3059 3311 ,
3108 3257 3284 3312 neque
3332 3242 3498 3315 sylla-

1932 3325 2121 3381 barum
2149 3367 2165 3393 ,
2197 3328 2475 3383 nominum
2498 3368 2513 3393 ,
2545 3331 2943 3403 verborumque
2980 3344 3230 3390 naturam
3259 3350 3455 3405 gerens
3478 3374 3498 3404 ,

1933 3434 2032 3474 nec
2057 3434 2159 3490 ope
2182 3422 2330 3477 vocis
2352 3437 2417 3476 ex
2446 3424 2586 3479 aeris
2624 3426 2967 3493 percussione
2990 3428 3370 3499 significatum,
3405 3429 3501 3485 sed

1933 3513 2027 3568 Dei
2064 3516 2299 3585 supremi
2328 3517 2517 3573 vivens
2557 3533 2899 3590 operansque
2944 3520 3115 3576 Filius
3145 3520 3380 3576 Verbum
3403 3535 3501 3577 ex-

1932 3605 2150 3673 sistens,
2179 3618 2228 3663 et
2264 3607 2479 3679 quidem
2506 3609 2957 3676 substantialiter,
2995 3622 3180 3682 utpote
3207 3611 3300 3667 Dei
3329 3612 3502 3669 virtus

1933 3706 2094 3767 atque
2122 3698 2385 3768 sapientia
2410 3739 2425 3765 ,
2453 3715 2517 3755 ex
2548 3711 2768 3770 paterna
2794 3702 3074 3759 divinitate
3116 3704 3334 3773 prodit,
3371 3704 3498 3759 boni

1932 3791 2103 3857 patris
2132 3789 2333 3845 bonum
2364 3806 2612 3862 germen.
2644 3793 2753 3847 vita
2784 3808 2883 3863 per
2924 3810 3016 3860 se,
3046 3809 3110 3849 ac
3140 3792 3259 3862 lux,"
3284 3794 3498 3850 intele-

1931 3881 2126 3937 ctuaiis
2164 3892 2539 3953 perpetuaeque
2567 3883 2701 3939 lucis
2730 3887 3005 3954 genimen,
3040 3902 3137 3956 per
3168 3887 3349 3941 omnia
3380 3887 3493 3942 dis-

1931 3988 2178 4039 currens,
2219 3974 2418 4044 ubique
2455 3990 2713 4045 praesens,
2742 3986 2934 4031 cuncta
2972 3976 3299 4047 pervadens.

2684 4150 2747 4206 ll.

2002 4239 2121 4305 ilic,
2158 4256 2315 4309 quem
2354 4254 2451 4293 nos
2483 4237 2647 4295 Deum
2699 4241 2929 4296 dicimus
2956 4280 2970 4308 ,
3004 4240 3375 4308 vocibusajam
3406 4240 3497 4296 dir:

1933 4344 2061 4387 ante
2088 4335 2363 4401 complura
2385 4333 2578 4388 saecula
2614 4334 2848 4388 innotuit
2878 4344 2932 4389 et
2973 4335 3367 4403 praenuntiatus
3396 4333 3499 4389 fuit

1934 4422 2354 4494 prophetarum,
2382 4422 2473 4493 qui
2513 4430 2568 4476 et
2598 4422 2776 4476 locum
2809 4422 3007 4477 divinae
3039 4421 3156 4490 eius
3183 4421 3500 4476 manifesta-

1932 4513 2097 4568 tionis
2120 4553 2135 4579 ,
2168 4521 2222 4567 et
2250 4512 2505 4567 adventus
2539 4521 2781 4582 tempora
2808 4553 2823 4579 ,
2856 4521 2912 4566 et
2954 4510 3079 4566 vita:
3110 4512 3401 4575 rationem,
3444 4516 3498 4564 et

1932 4603 2213 4669 miracula,
2250 4613 2307 4658 et
2331 4618 2641 4669 sermones,
2679 4614 2735 4658 et
2762 4604 2978 4673 egregia
3008 4603 3272 4667 facinora,
3297 4602 3495 4657 vatici-

1932 4694 2022 4748 nio
2053 4702 2519 4763 praeoccupantes,
2551 4695 2720 4750 sacris
2764 4695 2918 4750 libris
2961 4696 3493 4750 commendaverunt.

1930 4814 2000 4825 —
2027 4786 2158 4839 Nam
2180 4785 2336 4841 Jesus
2375 4787 2643 4841 sanationi
2677 4796 2841 4858 atque
2870 4787 3029 4843 saluti
3058 4800 3356 4856 congruum
3392 4798 3495 4839 no-

1931 4893 2051 4931 men
2084 4886 2185 4931 est.
2220 4874 2551 4932 Salvatorem
2582 4877 2725 4931 enim
2779 4890 2845 4931 ac
2884 4877 3177 4933 salutarem
3224 4874 3362 4931 solet
3390 4871 3495 4927 lin-

1930 4983 2032 5038 gua
2069 4966 2417 5023 Hebraeorum
2445 4968 2628 5024 dicere
2660 4967 2867 5024 Jesum.

2001 5151 2145 5205 Mors
2179 5165 2393 5221 quoque
2416 5152 2504 5207 illa
2538 5152 2770 5207 celebris
2798 5186 2814 5216 ,
2846 5166 3009 5222 quam
3056 5148 3223 5205 Verbi
3270 5144 3493 5203 simuiav

1931 5256 2081 5295 crum
2116 5240 2431 5307 pertulisse,
2466 5242 2519 5293 in
2546 5239 2797 5294 confesso
2824 5238 2963 5310 apud
3005 5250 3193 5292 omnes
3228 5242 3336 5301 est,
3384 5247 3490 5287 non

1931 5379 2073 5502 2μ’(ιξ)
2125 5374 2438 5449 Tbeoplian.
2490 5376 2613 5448 Syr.
2646 5377 2762 5432 sive
2810 5376 3095 5445 Anglican.
3128 5372 3223 5429 lib.
3270 5386 3312 5440 ι,
3367 5385 3486 5442 cap.

1971 5468 2024 5502 ο.

1971 5468 2024 5504 0.

2020 5518 2095 5587 2')
2126 5516 2380 5587 Fortasse
2408 5516 2509 5587 leg.
2539 5514 2809 5587 πρακτέα.
2844 5513 3002 5587 Eon.

2021 5580 2239 5650 aloud.
2270 5585 2393 5640 Vat.
2418 5580 2485 5639 At
2511 5587 2545 5639 r.
2586 5580 2673 5640 ιι.
2705 5585 2835 5639 Cod.
2870 5585 2986 5639 Vat.
3022 5582 3082 5639 Ε.
3114 5582 3151 5637 r.
3182 5580 3351 5640 65.1).
3381 5580 3486 5639 Th.

1930 5657 2055 5731 Syr.
2083 5659 2176 5731 lib.
2208 5657 2559 5731 tn,ﬂca_p.y2_5.

2024 5731 2079 5795 4)
2106 5729 2239 5783 Cod.
2279 5728 2339 5782 E.
2376 5728 2414 5780 Γ.
2447 5728 2535 5781 57.
2567 5725 2620 5778 b.
2652 5723 2756 5795 Tir.
2791 5722 2913 5795 Syr.
2944 5737 3027 5786 ιιι,
3060 5722 3151 5795 βο.

2024 5731 2079 5795 4)
2106 5729 2239 5783 Cod.
2279 5729 2339 5782 E.
2376 5729 2414 5780 l'.
2447 5729 2535 5781 57.
2567 5729 2620 5778 b.
2652 5729 2756 5777 Tir.
2791 5729 2913 5795 Syr.
2944 5737 3027 5786 ιιι,
3062 5729 3151 5779 40.

2001 5729 2084 5871 (5)
2110 5798 2247 5871 Qod.
2277 5799 2342 5852 A.
2370 5796 2407 5851 l.
2426 5796 2555 5871 501.
2582 5798 2636 5871 ο.
2663 5794 2765 5871 'i‘h.
2792 5795 2913 5871 Syr:
2934 5808 3023 5871 ιιι,
3047 5792 3135 5857 41,
3156 5793 3244 5859 42,
3270 5791 3362 5849 45.

1880 5937 1889 5944 ι
2114 5868 2248 5924 Cod.
2281 5867 2539 5924 mendose
2560 5864 2725 5927 αὑτός
2760 5864 2857 5935 pro
2886 5864 3134 5927 θάνατος,
