4008 6512
534 425 636 483 011

1234 422 1500 486 EUSEBII
1538 414 2010 483 CASSARIEN'SIS
2049 418 2199 481 OPP.
2239 418 2416 479 PARS
2453 423 2541 480 ιν.
2581 455 2651 471 --
2686 421 3104 480 DOGMATICA.

3669 423 3801 478 612

539 542 657 596 sine
706 544 909 615 ingenti
946 546 1194 615 prodigio
1229 548 1350 611 fuit,
1386 550 1627 615 nihilque
1658 561 1945 600 commune
1979 560 2089 600 cum

2201 542 2443 613 λόγηται,
2492 542 2681 597 πολλοῦ
2739 545 2953 615 μετέχει
3006 542 3099 595 τοῦ
3143 541 3437 612 θαύματος,
3486 543 3545 595 οὐ
3599 541 3801 605 κοινὸς

537 633 762 702 reliquis
790 635 998 690 habuit.
1040 636 1225 705 Neque
1270 639 1414 690 enim
1450 640 1640 692 morbo
1678 640 1979 694 exstinctus
2018 648 2100 694 est

537 726 804 789 Christus,
830 736 924 781 aut
954 728 1167 795 laqueo.
1194 740 1287 781 aut;
1313 731 1455 798 igne,
1482 740 1655 799 neque
1687 732 1738 784 in
1774 732 1890 796 ipso
1922 733 2101 786 crucis

536 826 738 884 tropico
771 833 924 886 atque
952 834 1014 871 ac
1031 821 1211 873 czeteri
1247 822 1473 874 maleﬁci
1499 825 1648 875 ferro
1678 824 1920 875 succisus
1949 823 2047 875 fuit
2080 839 2094 886 ;

532 922 711 977 neque
744 910 839 964 abs
884 912 1073 979 quovis
1105 912 1324 966 homine
1367 914 1706 966 mortiferum
1741 914 1940 982 aliquid
1978 930 2100 982 pas-

532 1016 647 1064 sus,
679 1002 967 1056 violentam
998 1004 1255 1057 sustinuit
1283 1019 1466 1058 necem
1494 1022 1508 1071 ;
1553 1006 1645 1059 sed
1697 1016 1819 1059 tunc
1868 1017 2100 1060 tantum-

532 1096 694 1148 modo
718 1110 842 1148 cum
883 1095 996 1163 ipse
1028 1106 1219 1163 sponte
1244 1110 1504 1165 organum
1538 1112 1693 1149 suum
1729 1098 1961 1153 inimicis
1992 1110 2101 1153 tra-

530 1185 706 1249 didit;
740 1200 972 1253 moxque
1009 1186 1135 1239 illud
1186 1188 1253 1241 de
1295 1199 1439 1241 terra
1470 1188 1777 1241 suscitavit.
1811 1189 2019 1258 Quippe
2050 1190 2099 1245 is

529 1276 710 1330 Valide
758 1276 1070 1330 exclamans
1094 1318 1109 1343 ,
1154 1276 1413 1347 Patrique
1441 1280 1689 1348 Spiritum
1718 1283 2099 1337 commendare

530 1382 592 1421 se
619 1368 824 1431 dicens,
854 1369 968 1436 ipse
1001 1378 1175 1422 semet
1211 1371 1485 1425 dimittens
1521 1356 1750 1439 corpore
1780 1388 1878 1427 suo
1906 1389 2096 1429 exces-

530 1456 625 1509 sit.
658 1456 781 1511 ldeo
808 1459 969 1511 etiam
1008 1468 1132 1511 aute
1169 1470 1419 1525 mortem,
1450 1460 1815 1517 familiaribus
1848 1466 1961 1519 suis
1996 1466 2096 1520 hoc

532 1547 934 1615 signiﬁcaverat
962 1551 1148 1605 dicens
1180 1565 1195 1604 :
1225 1550 1394 1605 Nemo
1431 1554 1566 1606 tollit
1596 1557 1825 1608 animant
1861 1573 2027 1611 meam
2064 1577 2096 1612 ο

528 1654 632 1702 me,
686 1640 774 1692 sed
823 1658 914 1709 ego
966 1643 1177 1709 ipsemet
1212 1660 1325 1696 eam
1360 1661 1493 1709 pono
1524 1662 1542 1698 :
1572 1658 1880 1715 potestatem
1935 1650 2095 1702 habeo

528 1734 759 1798 ponendi
787 1751 900 1788 eam
918 1772 939 1801 η,
984 1746 1028 1788 et
1061 1746 1366 1804 potestatem
1395 1739 1563 1795 habeo
1612 1743 1804 1797 iterum
1856 1745 2094 1798 sumendi

527 1839 644 1877 eam
677 1826 742 1879 ⁸⁷.

600 2005 737 2071 Quid
768 2021 898 2076 ergo
927 2017 1047 2077 post
1074 2008 1187 2064 haec
1205 2010 1316 2078 jam
1343 2022 1627 2081 superest,
1674 2015 1777 2069 nisi
1808 2016 1984 2085 ipsum
2013 2025 2094 2072 to-

530 2094 638 2148 tius
680 2097 753 2149 rei
788 2108 967 2164 caput,
1000 2113 1292 2166 quemnam
1321 2116 1541 2156 causam
1569 2105 1838 2171 habuerit,
1872 2122 2093 2160 enarra-

527 2201 589 2240 re
616 2188 638 2239 ί
662 2187 1061 2259 faiuigeratum,
1101 2191 1341 2259 inquam,
1374 2195 1497 2248 vita:
1524 2196 1708 2259 ﬁnem,
1746 2207 1799 2250 et
1829 2199 2092 2265 passionis

526 2282 746 2333 modum
776 2297 790 2345 ;
838 2296 1046 2338 necnon
1077 2295 1201 2352 post
1226 2300 1412 2339 necem
1444 2326 1458 2349 ,
1496 2289 1912 2343 resurrectionis
1948 2290 2093 2359 ejus-

526 2373 647 2426 dem
695 2376 897 2443 grande
947 2376 1291 2434 miraculum.
1335 2377 1611 2448 Siquidem
1644 2381 1809 2451 igitur
1836 2382 1942 2437 alio
1995 2384 2094 2437 ali-

525 2479 632 2533 quo
666 2464 843 2530 modo,
880 2479 1002 2535 post
1031 2483 1181 2523 suam
1212 2486 1333 2525 cum
1377 2473 1685 2529 hominibus
1711 2476 2091 2530 conversatio-

524 2568 671 2620 nem,
701 2566 920 2624 repente
951 2558 1235 2614 invisibilis
1265 2562 1521 2626 abiisset,
1559 2575 1731 2618 semet
1759 2566 1873 2634 ipse
1910 2582 2092 2621 suum-

525 2661 631 2714 que
660 2662 977 2718 corporeum
1013 2649 1360 2705 simulacrum
1388 2652 1525 2707 clam
1562 2656 1888 2712 subtrahens
1912 2698 1926 2721 ,
1968 2658 2091 2728 fuga

523 2748 757 2791 mortem
798 2740 967 2793 vitare
1005 2754 1293 2811 satagens;
1323 2755 1378 2799 et
1411 2746 1605 2801 deinde
1652 2749 1768 2816 ipse
1804 2752 2091 2805 mortalem

522 2837 735 2896 partem
768 2845 920 2884 suam
972 2835 1276 2903 corruptela
1324 2845 1380 2890 et
1428 2838 1791 2895 destructione
1840 2857 2094 2896 consum-

522 2918 745 2986 psisset,
765 2934 825 2972 ea
859 2934 944 2974 res
977 2937 1073 2992 par
1093 2923 1460 2991 pbautasmati
1484 2930 1738 2984 omnibus
1766 2931 1877 2984 visa
1910 2944 2088 3001 esset;

521 3021 699 3077 neque
745 3025 843 3078 pro
871 3025 965 3065 sua
995 3013 1257 3081 dignitate
1287 3016 1505 3085 egisset,
1560 3024 1647 3087 qui
1693 3030 1813 3075 erat
1836 3024 1929 3078 Dei
1958 3023 2091 3078 Ver—

521 3096 652 3150 bum
691 3100 871 3154 vivens
929 3112 1088 3170 atque
1144 3104 1348 3170 virtus;
1409 3122 1585 3176 neque
1631 3113 1896 3167 rescitum
1946 3127 2091 3169 esset

2204 639 2313 699 τοῖς
2358 636 2563 699 λοιποῖς
2606 637 2989 707 γεγενημένος·
3028 636 3087 688 οὐ
3131 635 3240 706 γὰρ
3280 636 3416 705 νόσῳ
3456 635 3803 706 διαφθαρεὶς

2205 727 2327 779 οὐδὲ
2368 727 2563 798 βρόχῳ,
2590 726 2709 780 οὐδὲ
2741 728 2894 800 πυρὶ,
2942 727 3063 779 οὐδὲ
3113 727 3217 796 μὴν
3259 726 3376 779 κατ’
3420 726 3550 778 αὐτὸ
3580 727 3641 779 τὸ
3682 726 3798 780 τοῦ

2203 817 2435 888 σταυροῦ
2487 819 2747 888 τρόπαιον
2794 819 2992 888 ὁμοίως
3043 819 3155 881 τοῖς
3196 818 3400 881 λοιποῖς
3447 818 3801 889 κακούργοις

2201 910 2529 980 ὑποτμηθεὶς
2566 910 2786 981 σιδήρῳ,
2821 911 2928 963 οὐδ’
2966 910 3100 973 ὅλως
3129 911 3265 981 πρός
3295 928 3437 974 τινος
3472 911 3799 983 ἀνθρώπων

2203 1001 2390 1056 παθών
2432 1020 2484 1055 τι
2520 1000 2628 1053 τῶν
2668 1003 2912 1071 ἀναιρεῖν
2949 1001 3238 1066 εἰωθότων,
3280 1002 3459 1072 βιαίαν
3512 1005 3797 1074 ὑπέμεινε

2199 1095 2470 1164 τελευτήνο
2523 1093 2636 1147 ἀλλ’
2671 1094 2745 1156 ὡς
2786 1094 2947 1157 αὐτὸς
2996 1095 3153 1163 μόνον
3196 1095 3336 1149 ἑκὼν
3379 1096 3669 1168 παρεδίδου
3725 1097 3799 1149 τὸ

2203 1182 2364 1235 αὑτοῦ
2408 1181 2631 1252 δργανον
2670 1184 2781 1245 τοῖς
2815 1182 3255 1236 ἐπιϐουλεύουσι⁸
3291 1184 3354 1237 τὸ
3389 1186 3486 1255 μὲν
3524 1186 3636 1239 ἀπὸ
3676 1187 3798 1255 γῆς

2199 1271 2503 1343 ἀνωρθοῦτο
2533 1273 2743 1325 αὐτίκα·
2771 1276 2799 1326 ό
2823 1273 2880 1326 δὲ
2907 1278 3158 1345 φωνήσας
3187 1276 3349 1346 μέγα,
3380 1278 3473 1329 καὶ
3497 1278 3575 1345 τῷ
3600 1281 3721 1331 Πατ
3733 1280 3797 1349 pi.

2198 1362 2259 1414 τὸ
2301 1363 2514 1433 πνεῦμα
2560 1362 2951 1434 παρατίθεσθαι
2995 1360 3183 1427 εἰπὼν,
3233 1364 3431 1435 ἄφετος
3473 1368 3635 1429 αὐτὸς
3682 1370 3794 1437 ἀφ’

2200 1455 2391 1507 ἑαυτοῦ
2420 1456 2517 1525 τὴν
2544 1459 2607 1508 ὲκ
2634 1455 2728 1508 τοῦ
2761 1456 3021 1527 σώματος.
3035 1456 3378 1529 ἀναχώρησιν
3409 1461 3666 1511 ὲποιεῖτο“
3699 1459 3794 1512 διὸ

2198 1552 2259 1622 δὴ
2288 1552 2392 1622 πρὸ
2423 1552 2515 1605 τοῦ
2555 1554 2785 1608 Θανάτου
2814 1557 2925 1618 τοῖς
2953 1554 3113 1607 αὑτοῦ
3138 1555 3429 1626 γνωρίμοις
3458 1555 3620 1609 τοῦτο
3643 1556 3793 1608 αὐτὸ

2199 1646 2479 1716 παρεδίδου
2514 1646 2778 1700 διδάσκων
2827 1650 2920 1701 καὶ
2963 1647 3156 1715 λέγων’
3208 1648 3415 1712 Οὐδεὶς
3464 1648 3617 1715 αἴρει
3660 1647 3793 1713 τὴν

2196 1738 2406 1807 ψυχήν
2429 1757 2547 1808 μου
2573 1742 2673 1812 ἀπ’
2704 1740 2872 1810 ἐμοῦ,
2910 1742 3048 1796 ἀλλ’
3074 1741 3188 1810 ἐγὼ
3219 1742 3415 1809 τίθημι
3444 1740 3645 1809 αὐτὴν
3667 1742 3790 1794 ἀπ’

2196 1830 2474 1894 ἐμαυτοῦ·
2506 1831 2797 1895 ἐξουσίαν
2832 1834 2949 1902 ἔχω
2975 1832 3162 1887 θεῖναι
3202 1832 3416 1901 αὐτὴν,
3447 1833 3544 1886 καὶ
3586 1832 3792 1888 πάλιν

2192 1924 2481 1989 ἐξουσίαν
2505 1926 2620 1993 ἔχω
2652 1926 2858 1980 λαϐεῖν
2884 1926 3095 1992 αὐτήν.

2265 2018 2342 2088 (7)
2385 2019 2448 2071 Τί
2477 2016 2569 2073 οὖν
2594 2020 2685 2071 ἐπὶ
2726 2020 2936 2084 τούτοις
2973 2020 3240 2082 λείπεται,
3270 2020 3301 2091 ἢ
3329 2021 3460 2073 αὐτὸ
3488 2021 3551 2091 δὴ
3584 2020 3645 2073 τὸ
3680 2019 3787 2073 τοῦ

2195 2110 2394 2173 παντὸς
2454 2111 2747 2180 κεφάλαιον
2804 2113 2993 2165 ὁποίαν
3055 2112 3212 2182 ἔσχεν
3256 2114 3434 2165 αἰτίαν
3500 2112 3784 2177 ὲξειπεῖν;

2194 2202 2336 2270 λέγω
2377 2203 2431 2255 δὲ
2465 2204 2525 2254 τὸ
2564 2202 2995 2275 πολυθρύλλητον
3036 2203 3129 2256 τοῦ
3173 2203 3287 2273 βίου
3331 2204 3501 2267 τέλος,
3544 2205 3638 2257 καὶ
3679 2202 3784 2257 τοῦ

2195 2296 2400 2359 πάθους
2432 2296 2520 2349 τὸν
2563 2297 2783 2367 τρόπον,
2820 2297 3037 2367 καὶτῆς
3071 2297 3209 2368 μετὰ
3243 2298 3333 2350 τὸν
3376 2297 3603 2351 θάνατον
3640 2300 3784 2351 ἀνα-

2196 2386 2432 2449 ϐιώσεως
2458 2386 2622 2441 αὑτοῦ
2645 2387 2704 2439 τὸ
2727 2387 2869 2456 μέγα
2894 2386 3096 2457 θαῦμα.
3124 2389 3186 2441 Ei
3212 2389 3309 2459 μὲν
3333 2385 3424 2442 οὖν
3452 2389 3625 2450 ἄλλως
3655 2408 3785 2453 πως

2198 2477 2336 2549 μετὰ
2370 2478 2467 2541 τὰς
2510 2481 2568 2531 ὲν
2612 2478 2918 2549 ἀνθρώποις
2957 2479 3238 2549 διατριϐάς
3276 2482 3485 2551 ἀφανὴς
3532 2481 3785 2551 γεγονὼς

2194 2570 2450 2640 ἐξαίφνης
2493 2571 2730 2643 άπέπτη,
2773 2572 3083 2642 ὑποκλέψας
3136 2573 3309 2646 λάθρα
3348 2574 3536 2628 ἑαυτὸν
3576 2575 3675 2627 καὶ
3716 2575 3782 2628 ea

2194 2663 2390 2715 οἰκεῖον
2414 2661 2658 2732 ἄγαλμα,
2695 2666 2838 2733 φυγῇ
2880 2664 2972 2717 τὸν
3013 2656 3239 2717 θάνατον
3280 2665 3558 2737 διαδράναι
3606 2684 3783 2719 σπου-

2193 2755 2382 2818 δάσας,
2404 2756 2639 2809 κᾶπειτά
2667 2773 2768 2808 που
2794 2757 2853 2808 τὸ
2877 2756 3067 2829 θνητὸν
3095 2759 3255 2823 αὐτὸς
3279 2760 3345 2812 δι’
3367 2758 3560 2812 ἑαυτοῦ
3590 2759 3781 2831 φθορᾷ

2195 2849 2288 2901 καὶ
2315 2848 2559 2919 ἀπωλείᾳ
2581 2848 2906 2919 συνεψήσας,
2930 2850 3174 2920 φάσματι
3199 2850 3265 2903 ἂν
3288 2851 3447 2920 ἐῴκει
3472 2853 3585 2914 τοῖς
3611 2852 3776 2905 πᾶσι·

2195 2941 2288 2995 καὶ
2316 2942 2415 2993 οὑκ
2442 2940 2507 2993 ἂν
2529 2941 2687 3004 αὐτὸς
2713 2941 2861 3012 αὐτῷ
2882 2942 2950 2994 τὰ
2975 2942 3254 3013 πρέποντα
3281 2943 3629 3014 διεπράξατο,
3658 2943 3777 3007 ζῶν

2198 3033 2294 3102 μὲν
2321 3033 2599 3102 τυγχάνων
2625 3034 2717 3084 καὶ
2749 3031 2883 3085 Θεοῦ
2917 3033 3087 3101 Λόγος
3126 3034 3220 3086 καὶ
3255 3033 3505 3104 δύναμις,
3546 3032 3665 3086 οὔτ’
3704 3036 3777 3088 ἂν

2194 3124 2436 3195 ἐγνώσθη
2458 3126 2564 3195 ὅπη
2588 3125 2717 3177 ποτὲ
2738 3126 2946 3195 ὑπῆρχε
2967 3127 3241 3196 χωρήσας,
3261 3124 3373 3176 οὔτ’
3397 3126 3462 3177 ἂν
3488 3124 3777 3195 ὲπιστὼθη

523 3205 760 3257 quonam
797 3196 1158 3261 excessisset;
1214 3212 1388 3265 neque
1434 3199 1485 3253 id
1538 3203 1802 3257 creditum
1839 3216 1983 3261 esset
2020 3208 2087 3261 ab

2195 3219 2304 3279 τοῖς
2359 3216 2432 3287 μὴ
2475 3216 2883 3288 παρειληφόσιν,
2926 3214 3039 3268 οὔτ’
3085 3215 3152 3268 ἂν
3189 3216 3419 3269 θανάτου
3458 3216 3557 3288 τὴν
3603 3214 3779 3284 φύσιν

524 3286 634 3340 illis
662 3290 857 3355 quibus
890 3290 1251 3358 signiﬁcatum
1290 3307 1394 3345 non
1423 3292 1613 3347 fuisset
1646 3311 1660 3359 ;
1712 3310 1883 3364 neque
1929 3306 2086 3352 natu-

523 3377 715 3431 raliter
743 3391 916 3433 morte
945 3382 1135 3437 fortior
1182 3384 1555 3453 apparuisset;
1599 3399 1771 3454 neque
1804 3388 2089 3456 jpropriam

525 3481 782 3523 naturam
814 3487 842 3523 a
880 3474 1218 3528 mortalitate
1252 3476 1626 3540 liberavisset;
1670 3490 1842 3545 neque
1889 3494 1950 3531 ea
2002 3495 2089 3534 res

522 3568 641 3611 toto
656 3562 721 3612 ab
759 3562 1066 3616 hominibus
1100 3564 1343 3617 habilato
1374 3562 1503 3615 orbe
1526 3564 1774 3617 exaudita
1794 3576 1977 3632 esset;
2004 3582 2091 3619 nc-

523 3664 630 3717 que
649 3650 929 3719 discipulis
957 3654 1071 3706 suis
1097 3656 1287 3707 mortis
1312 3658 2049 3725 contemptumpersuasisset
2071 3676 2087 3726 ;

525 3752 701 3806 neque
729 3741 1020 3810 magisterii
1052 3742 1136 3795 sui
1171 3742 1404 3797 alumnis
1434 3745 1552 3798 vita:
1571 3757 1688 3814 post
1716 3746 1919 3800 obitum
1949 3749 2089 3815 apud

522 3828 693 3882 Deum
751 3833 968 3901 agendte
1003 3847 1149 3901 spem
1199 3834 1484 3888 obtulisset
1516 3852 1531 3901 ;
1568 3851 1742 3904 neque
1776 3852 2088 3892 sermonum

520 3936 743 3976 suorum
777 3927 1039 3992 promissa
1075 3925 1511 3995 adimplevisset;
1548 3943 1723 3998 neque
1758 3932 2090 3999 propheticis

523 4015 592 4069 de
644 4030 702 4069 se
739 4016 1180 4084 praedictionibus
1224 4034 1517 4087 congruum
1563 4022 1767 4075 exitum
1807 4024 2090 4090 prmstitis-

522 4117 639 4171 set;
672 4122 844 4176 neque
874 4120 1206 4177 postremum
1232 4111 1473 4164 omnium
1518 4111 1825 4167 conﬂictum
1852 4154 1867 4179 ,
1898 4116 2085 4170 videli-

521 4206 611 4251 cet
633 4200 894 4255 adversus
925 4211 1177 4269 mortem,
1210 4205 1618 4259 decertavisset.

564 4291 822 4361 {Propter
875 4295 989 4349 haec
1055 4299 1276 4361 omnia,
1334 4301 1459 4367 quia
1523 4315 1743 4369 prorsus
1804 4303 2087 4370 oportebat

519 4384 750 4437 mortale
776 4400 1076 4452 organum,
1110 4399 1230 4455 post
1258 4390 1534 4442 suﬁiciens
1585 4392 1940 4446 ministerium
1979 4395 2086 4449 Deo

524 4469 701 4524 Verbo
728 4474 1052 4537 exhibitura,
1074 4480 1231 4529 tinem
1268 4481 1377 4531 Deo
1393 4481 1613 4547 dignum
1642 4484 1907 4549 nancisci,
1939 4486 2080 4549 ideo,

2196 3308 2369 3379 ἐφάνη
2399 3308 2680 3379 κρείττων,
2709 3306 2821 3361 οὔτ’
2848 3306 2915 3360 ἂν
2950 3308 3010 3359 τὸ
3036 3307 3226 3377 θνητὸν
3250 3308 3348 3377 τῆς
3383 3308 3589 3370 οἰκείας
3614 3306 3779 3376 ήλευ-

2197 3398 2355 3471 θέρου
2384 3399 2615 3468 φύσεως,
2646 3399 2761 3452 οὔτ’
2808 3398 2872 3453 ἂν
2906 3400 3025 3453 καθ’
3061 3400 3188 3471 ὅλης
3228 3403 3325 3469 τῆς
3357 3398 3659 3470 ἀνθρώπων
3690 3400 3775 3452 οἰ-

2195 3508 2291 3544 κου
2300 3492 2464 3561 μένης
2486 3491 2746 3561 ἠκούσθη,
2769 3491 2879 3545 οὔτ’
2903 3491 2967 3544 ἂν
3001 3491 3231 3544 θανάτου
3260 3493 3615 3563 καταφρονεῖν
3642 3491 3774 3554 τοὺς

2192 3584 2356 3638 αὐτοῦ
2396 3584 2641 3656 μαθητὰς
2674 3584 2909 3648 ἔπεισεν,
2961 3583 3070 3637 οὔτ’
3121 3583 3187 3637 ἂν
3221 3584 3316 3654 τῆς
3366 3583 3501 3653 μετὰ
3537 3582 3772 3637 θάνατον

2197 3675 2345 3746 παρὰ
2372 3674 2489 3745 Θεῴ
2522 3674 2666 3747 ζωῆς
2697 3678 2807 3738 τοῖς
2840 3675 2935 3746 τὴν
2966 3674 3130 3728 αὐτοῦ
3157 3674 3501 3727 διδασκαλίαν
3546 3675 3769 3744 μετιοῦ-

2198 3785 2279 3821 σιν
2307 3767 2538 3840 [ἐλπίδα]
2584 3768 2980 3838 παρεστήσατο,
3016 3766 3127 3820 οὔτ’
3155 3767 3220 3821 ἂν
3253 3767 3362 3819 τῶν
3399 3768 3561 3820 αὑτοῦ
3593 3766 3769 3835 λόγων

2194 3862 2291 3923 τὰς
2332 3860 2659 3929 ἐπαγγελίας
2692 3860 2951 3930 ἐπλήρου,
2982 3859 3090 3912 οὔτ’
3133 3860 3200 3913 ἂν
3240 3861 3356 3923 ταῖς
3398 3862 3765 3931 προφητικαῖς

2194 3954 2322 4024 περὶ
2357 3953 2519 4007 αὐτοῦ
2548 3953 2878 4023 προρρήσεσι
2906 3951 3170 4021 σύμφωνα
3197 3954 3421 4021 παρεῖχε
3449 3952 3519 4003 τὰ
3562 3952 3761 4003 ἀποτε-

2194 4046 2461 4116 λέσματα,
2509 4045 2620 4097 οὔτ’
2659 4044 2723 4098 ἂν
2770 4044 2860 4097 τὸν
2887 4044 3114 4096 ὕστατον
3167 4043 3418 4096 ἁπάντων
3448 4042 3632 4110 ἀγῶνα
3653 4043 3766 4114 διη-

2196 4138 2400 4208 θλὴκει·
2436 4132 2587 4200 οὗτος
2609 4137 2652 4189 δ’
2678 4133 2747 4208 ἦν
2779 4137 2807 4189 ὁ
2829 4136 2965 4191 κατὰ
2992 4136 3086 4190 τοῦ
3123 4137 3349 4190 θανάτου
3387 4136 3483 4208 (8).

2262 4318 2352 4370 Διὸ
2402 4318 2465 4388 δὴ
2506 4317 2708 4369 τούτων
2759 4316 2916 4368 ἓνεκα
2971 4315 3206 4378 πάντων,
3254 4314 3439 4386 ἐπειδὴ
3483 4315 3651 4387 ἐχρῆν
3704 4314 3764 4379 ἐξ

2193 4408 2427 4471 ἅπαντος
2455 4405 2515 4460 τὸ
2548 4406 2737 4477 θνητὸν
2770 4408 2996 4477 ὄργανον
3045 4406 3179 4475 μετὰ
3224 4407 3321 4476 τὴν
3364 4406 3610 4475 αὐτάρκη
3643 4405 3760 4457 δια-

2192 4501 2374 4552 κονίαν
2418 4501 2483 4569 ἣν
2522 4499 2598 4569 τῷ
2647 4499 2766 4568 Θεῷ
2801 4498 2957 4565 Λόγῳ
2996 4498 3373 4568 διηκονήσατο,
3412 4497 3595 4559 τέλους
3646 4496 3762 4549 θεο-

519 4563 766 4632 inquam,
808 4566 913 4618 taie
945 4569 1134 4620 tuortis
1160 4584 1330 4635 genus
1356 4570 1538 4639 elegit.
1590 4572 1717 4623 Nam
1770 4590 1933 4641 quum
1971 4580 2087 4631 dua:

2195 4589 2433 4660 πρεποῦς
2464 4592 2667 4659 τυχεῖν,
2702 4587 2875 4660 ταύτῃ
2913 4606 2986 4658 πη
3020 4586 3167 4656 αὐτῷ
3194 4586 3286 4638 καὶ
3314 4586 3342 4635 ὁ
3369 4585 3594 4646 θάνατος
3620 4582 3760 4654 ᾠκο-

520 4657 1005 4711 cousummationis
1062 4660 1299 4712 rationes
1366 4665 1733 4718 tantummodo
1790 4667 2079 4733 adessent,

520 4761 713 4813 nempe
743 4747 822 4800 vel
862 4751 1182 4817 corruptela:
1214 4762 1376 4820 atque
1427 4755 1591 4808 exitio
1627 4766 1792 4809 totum
1826 4759 2039 4813 tradere
2063 4800 2079 4825 ,

522 4846 683 4905 atque
710 4839 781 4891 ita
811 4841 1179 4906 turpissimum
1212 4843 1387 4897 facere
1422 4846 1543 4899 vita:
1587 4846 1783 4913 ﬁnem;
1821 4850 1899 4901 vel
1920 4853 2076 4905 morti

520 4928 852 4994 superiorem
890 4942 1058 4984 semet
1082 4935 1387 4998 ostendere,
1425 4936 1605 4990 divina
1636 4940 1830 4993 virtute
1859 4942 2081 4997 immor-

520 5018 631 5071 tale
677 5017 953 5074 eﬂiciendo
1000 5024 1140 5090 quod
1198 5028 1424 5081 mortale
1472 5042 1622 5095 erat;
1679 5036 1825 5100 prior
1867 5036 2078 5102 quidem

516 5107 707 5161 modus
759 5112 1204 5177 promissiouibus
1259 5118 1465 5173 alieuus
1521 5133 1672 5187 erat;
1729 5140 1853 5177 nam
1909 5141 2081 5195 neque

518 5197 659 5267 ignis
686 5202 959 5268 proprium
1000 5216 1083 5259 est
1131 5207 1449 5278 frigescere,
1485 5229 1657 5281 neque
1692 5218 1826 5271 lucis
1857 5220 2080 5274 obteue-

516 5290 700 5357 brari,
759 5309 936 5365 neque
966 5298 1088 5352 vita:
1138 5303 1309 5364 mori,
1351 5318 1525 5371 neque
1572 5307 1768 5361 divina:
1803 5312 2079 5380 sapientia:

518 5382 838 5452 insipienter
883 5403 1059 5458 agere.
1095 5390 1201 5445 Cur
1240 5394 1381 5446 enim
1416 5394 1482 5459 is,
1528 5396 1619 5464 qui
1673 5400 1884 5455 caeteris
1913 5406 2074 5459 vitam

590 5494 634 5525 ⁸⁷
663 5496 819 5552 Joan.
859 5516 912 5564 ι,
957 5504 1044 5558 18.

694 5611 827 5695 qod.
851 5616 913 5668 Α.
941 5616 979 5695 f.
1013 5618 1134 5671 502.
1238 5619 1341 5695 Th.
1370 5622 1494 5693 Syr.
1526 5640 1607 5687 tu,
1634 5625 1704 5680 45
1725 5642 1842 5695 seq.

589 5682 808 5765 (innuis
833 5690 1237 5765 causisﬂmortis
1265 5682 1462 5747 Christi
1507 5682 1702 5749 nollem
1749 5682 2076 5765 iit-Anglica-

504 5752 867 5834 .na_editione
914 5760 1125 5834 additas
1170 5762 1335 5834 fuisse
1370 5768 1671 5822 numerales
1712 5752 2072 5834 iiutas,'qtmsi

520 5822 738 5877 totidem
764 5823 871 5878 sint
906 5830 1086 5896 operis
1123 5832 1377 5899 capitula.

2188 4684 2417 4746 νομεῖτο.
2451 4682 2605 4731 Δυοῖν
2631 4678 2738 4748 γὰρ
2777 4676 3113 4747 λειπομένων
3139 4675 3217 4746 τῷ
3242 4674 3406 4739 τέλει,
3438 4674 3470 4744 ἢ
3517 4672 3693 4744 φθορᾷ
3723 4671 3755 4743 ἢ

2186 4773 2428 4842 ἀπωλείᾳ
2466 4770 2797 4843 παραδοῦναι
2824 4771 2884 4823 τὸ
2917 4771 3045 4834 πᾶν,
3083 4768 3175 4823 καὶ
3214 4768 3497 4838 αἰσχίστην
3523 4766 3755 4834 ποιήσα-

2187 4864 2307 4915 σθαι
2334 4862 2427 4934 τὴν
2446 4863 2539 4915 τοῦ
2571 4863 2686 4933 βίου
2714 4863 3117 4933 καταστροφὴν,
3148 4862 3180 4930 ἦ
3216 4860 3444 4913 θανάτου
3472 4856 3755 4927 κρείττονα

2183 4953 2371 5005 ἑαυτὸν
2407 4957 2590 5025 φῆναι,
2618 4955 2772 5024 θεῐκῇ
2799 4953 3024 5023 δυνάμει
3050 4953 3108 5005 τὸ
3136 4951 3325 5023 θνητὸν
3351 4950 3615 5003 ἀθάνατον
3647 4964 3752 4999 πα-

2182 5046 2609 5116 ραστησάμενον*
2648 5045 2707 5098 τὸ
2746 5047 2843 5116 μὲν
2878 5045 3092 5117 πρῶτον
3133 5044 3401 5096 ἀνοίκειον
3445 5041 3544 5109 τῆς
3576 5041 3748 5105 ἐπαγ-

2179 5137 2384 5204 γελίας·
2419 5140 2479 5190 οὐ
2519 5138 2626 5210 γὰρ
2658 5137 2723 5208 δὴ
2755 5138 2924 5208 πυρὸς
2968 5138 3165 5190 οἰκεῖον
3197 5133 3258 5186 τδ
3288 5134 3478 5203 ψύχειν
3506 5132 3603 5201 (9).
3630 5130 3750 5182 οὐδὲ

2185 5230 2359 5299 φωτὸς
2389 5230 2449 5282 τὸ
2496 5229 2778 5293 σκοτίξειν,
2828 5230 2998 5293 οὕτως
3036 5228 3155 5281 οὐδὲ
3192 5227 3333 5297 ζωῆς
3374 5226 3433 5277 τὸ
3466 5220 3745 5283 θανατοῦν,

2183 5321 2301 5375 οὐδὲ
2345 5322 2436 5373 τοῦ
2476 5322 2608 5375 Θεοῦ
2636 5322 2808 5390 Λόγου
2847 5324 2903 5374 τὸ
2932 5321 3251 5393 παραλόγως
3296 5318 3555 5389 ἐνεργεῖν·
3599 5316 3747 5365 ποῖον

2182 5408 2273 5466 οὖν
2310 5410 2420 5483 εἶχε
2454 5413 2607 5481 λόγον
2638 5414 2725 5466 τὸν
2758 5413 2963 5484 ἑτέροις
3001 5411 3143 5481 ζωὴν
3174 5408 3658 5482 ἐπαγγελλόμενον,
3685 5400 3745 5455 τὸ

2256 5634 2333 5702 (9)
2366 5635 2534 5689 Verba
2559 5634 2773 5706 ψύχειν,
2815 5634 3101 5700 σκοτίζειν,
3128 5634 3410 5696 θανατοῦν,
3444 5649 3549 5687 non
3574 5634 3745 5706 activo

2184 5712 2278 5759 sed
2310 5719 2502 5760 neutro
2545 5704 2706 5760 sensu
2739 5708 2826 5762 hic
2861 5722 2983 5762 esse
3025 5706 3340 5776 accipienda
3373 5707 3543 5774 Syrus
3583 5704 3744 5757 inter-

2182 5794 2304 5846 pres
2336 5779 2693 5830 demonstrat.
