4008 6552
273 432 391 490 (³15

1654 435 1747 492 DE
1780 392 2271 493 THEOPHANIA:

3448 444 3554 500 6H

268 553 506 605 οἰκεῖον
555 554 786 626 ὄργανον
822 557 1179 628 φθειρόμενον
1236 556 1512 629 παριδετν;
1567 556 1774 610 Οὐκοῦν
1826 556 1886 609 τὸ

1989 557 2349 627 promiserat,
2396 569 2657 628 organum
2690 575 2844 616 suum
2876 563 3279 634 corruptionem
3315 565 3425 633 pati
3463 581 3559 619 nc-

269 643 559 715 δεύτερον
585 649 875 717 ἀναγκαῖον
897 646 985 719 ἦν,
1014 650 1155 716 λέγω
1180 649 1235 702 δὲ
1259 651 1318 701 τὸ
1349 648 1576 704 θανάτου
1607 649 1888 718 κρείττονα

271 736 498 789 ἑαυτὸν
536 739 716 809 φῆναι.
752 738 874 803 Πῶς
902 738 994 793 οὖν
1022 740 1191 812 ἐχρῆν
1214 738 1370 792 τοῦτο
1395 738 1753 811 ποιήσασθαις
1780 741 1889 793 Λα-

272 826 521 897 θραίως
546 831 653 901 ἄρα
674 832 769 883 καὶ
794 832 1161 901 κλοπιμαίως;
1194 833 1226 902 ἢ
1250 836 1358 894 τοῖς
1379 833 1542 884 πᾶσιν
1567 830 1888 902 ἁριπρεπῶς

272 923 381 974 καὶ
421 922 734 994 διαδήλως;
788 925 946 976 Ἀλλὰ
990 925 1199 977 σκότιον
1243 926 1341 994 μὲν
1372 926 1465 977 καὶ
1494 924 1719 994 κρύφιον
1758 923 1888 975 αὐτὸ

274 1014 555 1085 πραχθὲν
590 1016 651 1068 τὸ
675 1016 1023 1088 κατόρθωμα,
1052 1016 1237 1087 μηδενὶ
1279 1017 1334 1069 δὲ
1361 1016 1621 1083 γνωσθὲν,
1649 1017 1798 1069 οὐδὲν
1824 1017 1887 1069 ἂν

273 1106 399 1177 ὥνη
412 1125 508 1160 σε·
545 1108 734 1179 βοηθὲν
758 1110 813 1161 δὲ
845 1112 938 1162 καὶ
963 1109 1225 1161 ἀκουσθὲν
1254 1110 1335 1172 είς
1359 1110 1587 1174 πάντας,
1613 1112 1727 1172 τοῖς
1756 1110 1887 1161 πᾶσι

271 1200 386 1269 τὴν
436 1202 515 1253 ὲκ
554 1201 647 1253 τοῦ
693 1201 969 1271 θαύματος
1014 1205 1273 1274 παρεῖχεν
1323 1202 1606 1270 ὠφέλειαν.
1652 1201 1889 1265 Εἰκότως

274 1290 424 1362 ἄρα,
461 1293 659 1363 ἐπειδὴ
706 1295 873 1363 ἐχρῆν
906 1295 966 1347 τὸ
1003 1294 1169 1347 αὑτοῦ
1209 1294 1437 1365 ὀργανον
1461 1296 1702 1364 κρεῖττον
1728 1292 1889 1345 θανά-

274 1400 378 1435 του
412 1385 618 1454 φῆναι,
653 1385 748 1437 καὶ
780 1384 937 1437 τοῦτο
962 1384 1163 1456 πρᾶξαι
1195 1385 1267 1456 μὴ
1306 1387 1385 1448 εἰς
1411 1385 1471 1437 τὸ
1505 1384 1742 1453 λεληθὸς,
1773 1384 1887 1437 ἀλλ’

277 1476 373 1527 ἐπ’
407 1475 611 1544 ὄψεσιν
638 1475 961 1547 ἀνθρώπων,
991 1477 1050 1529 οὐ
1089 1476 1276 1546 φεύγει
1307 1476 1404 1546 μὲν
1428 1476 1517 1527 τὸν
1548 1476 1793 1528 θάνατον’
1820 1472 1888 1546 ἦν

275 1565 401 1637 γὰρ
450 1566 522 1619 ἂν
549 1566 740 1630 δειλὸς,
778 1569 870 1620 καὶ
913 1567 1140 1621 Θανάτου
1174 1568 1369 1638 χείρων
1404 1564 1682 1637 ἐνομίσθη·
1710 1568 1795 1620 διὰ
1834 1567 1890 1619 δὲ

276 1661 388 1727 τῆς
419 1660 571 1729 πρὸς
606 1660 697 1712 τὸν
742 1659 965 1713 θάνατον
1002 1660 1341 1730 συμπλοκῆς,
1368 1654 1453 1712 οἵα
1483 1659 1617 1731 πρὸς
1649 1660 1890 1727 ἀνταγω-

277 1751 492 1821 νιστὴν
532 1751 664 1820 (10),
701 1753 761 1805 τὸ
809 1751 1003 1824 θνητὸν
1054 1752 1319 1805 ἀθάνατον
1362 1752 1619 1823 παρίστη,
1665 1750 1890 1804 ὕστατον

278 1842 494 1909 ἀγῶνα
520 1843 710 1896 τοῦτον
736 1844 875 1915 ὑπὲρ
911 1845 1011 1914 τῆς
1037 1845 1291 1898 ἁπάντων
1328 1844 1596 1915 σωτηρίας
1630 1844 1721 1897 καὶ
1754 1845 1888 1897 ἀθα-

279 1935 499 1998 νασίας
536 1935 972 2006 ἀναδεδεγμένος.

361 2113 490 2185 (11)
547 2114 605 2167 Ὀ
634 2115 732 2185 μὲν
757 2114 865 2187 γὰρ
894 2115 1107 2187 πρῶτος
1130 2116 1280 2185 αὐτῷ
1303 2114 1502 2187 [ἀγὼν]
1535 2116 1677 2169 κατὰ
1698 2116 1889 2187 δαιμό-

278 2222 398 2258 νων
434 2208 726 2276 ἐνηργεῖτο
761 2208 851 2259 ἐπὶ
882 2207 1196 2278 καθαιρέσει
1227 2210 1325 2277 τῆς
1359 2206 1622 2260 πολυθέω
1655 2207 1887 2279 πλάνης⁶

281 2299 419 2350 ἐπεὶ
441 2298 506 2351 δὲ
537 2299 564 2349 6
593 2299 726 2369 πρὸς
756 2299 939 2351 τούσδε
965 2300 1115 2362 τέλος
1137 2294 1282 2370 εἶχεν
1312 2299 1483 2367 ἀγὼν,
1519 2299 1770 2369 δεύτερος
1796 2301 1889 2351 ἐπὶ

279 2386 451 2441 λύσει
480 2389 583 2458 τῆς
605 2390 696 2441 τοῦ
722 2390 949 2443 θανάτου
976 2391 1430 2453 καταδυναστείας
1461 2390 1691 2457 ἐγίνετο·
1716 2392 1764 2442 οἱ
1792 2390 1888 2461 μὲν

282 2480 404 2551 γάρ
443 2481 572 2533 κατ’
616 2481 781 2533 αὑτοῦ
831 2482 1154 2551 συνηγμένοι
1198 2481 1468 2551 δαίμονες,
1511 2482 1539 2534 ὅ
1586 2498 1645 2535 τε
1687 2481 1889 2534 τούτων

283 2571 575 2642 ἐξάρχων,
603 2568 672 2625 τὰ
702 2571 848 2625 νῶτα
874 2573 1014 2626 κατὰ
1039 2572 1140 2644 τὴν
1179 2573 1400 2646 πρώτην
1434 2573 1581 2644 αὐτῷ
1616 2573 1889 2645 συμϐολὴν

285 2665 831 2735 παραχωρήσαντες,
855 2665 946 2717 τὸν
990 2663 1239 2737 δεύτερον
1280 2662 1440 2719 ἆθλον
1482 2666 1764 2727 ἐσκόπουν,
1795 2666 1888 2718 τοῦ

289 2752 418 2820 βίου
460 2753 650 2807 λοιπὸν
687 2756 785 2824 τὴν
827 2755 1064 2824 ὑστάτην
1108 2756 1488 2827 καταστροφὴν
1526 2756 1886 2827 ἐκδεχόμενοι,

287 2845 393 2895 καὶ
438 2842 541 2912 τὴν
581 2842 676 2895 τοῦ
706 2843 906 2914 θνητοῦ
946 2844 1203 2915 τελευτὴν
1244 2844 1434 2915 ὁμοίαν
1473 2845 1688 2898 ἔσεσθαι
1726 2848 1889 2900 πᾶσιν

286 2934 618 3005 ἀνθρώποις
644 2936 1094 3007 καραδοκοῦντες
1130 2939 1191 2991 οὐ
1218 2938 1326 3010 γὰρ
1353 2938 1419 2991 ἂν
1449 2938 1668 2991 πώποτε
1693 2939 1890 3010 θνητὴν

291 3027 470 3094 φύσιν
516 3027 745 3080 θανάτου
788 3030 1076 3096 κρείττονα
1152 3029 1405 3097 γενέσθαι
1459 3030 1884 3101 προσεδόκησαν·

289 3118 321 3168 6
341 3117 404 3170 δὲ
435 3117 575 3187 μετὰ
602 3116 671 3169 τὰ
697 3116 888 3189 πρῶτα
916 3118 1057 3172 κατὰ
1090 3120 1356 3189 δαιμόνων
1390 3120 1625 3192 τρόπαια
1666 3121 1766 3191 ἤδη
1795 3122 1889 3173 καὶ

292 3208 451 3261 κατὰ
478 3208 572 3261 τοῦ
596 3208 823 3263 θανάτου
848 3212 1231 3282 παρετάττετο.
1261 3213 1468 3282 Ὥσπερ
1488 3211 1545 3264 δὲ
1564 3212 1711 3275 εῐτις
1728 3212 1891 3265 ἄκαυ-

296 3316 431 3352 στον
474 3302 608 3370 ημῖν
653 3303 747 3354 κα)¹
792 3305 963 3375 πυρὸς
1012 3306 1077 3375 τῇ
1128 3304 1285 3373 φύσει
1330 3308 1574 3375 κρεῖττον
1620 3304 1789 3371 δεῖξαί
1837 3323 1889 3357 τι

299 3391 507 3454 σκεῦος
540 3392 752 3463 ἢθελεν,
778 3397 878 3448 οὐκ
906 3395 1079 3459 ἄλλως
1103 3395 1169 3449 ἂν
1206 3396 1268 3448 τὸ
1294 3396 1479 3465 θαῦμα
1508 3398 1890 3467 παρεστήσατο

295 3483 333 3554 ἢ
359 3485 500 3554 πυρὶ
524 3487 798 3556 παραδοὺς
819 3489 879 3541 τὸ
909 3490 1044 3558 μετὰ
1072 3492 1279 3560 χεῖρας,
1305 3488 1540 3542 κᾶπειτα
1586 3487 1722 3542 σῶον
1760 3488 1891 3542 αὐτὸ

298 3577 401 3629 καὶ
437 3576 764 3648 ἀδιάφθορον
795 3578 887 3630 τοῦ
935 3581 1104 3650 πυρὸς
1145 3580 1339 3647 ἐξελών
1376 3582 1507 3652 (12)
1543 3584 1684 3637 κατὰ
1716 3583 1889 3637 ταῦτα

298 3668 368 3739 δὴ
398 3669 494 3721 καὶ
530 3670 559 3721 6
591 3670 698 3721 τῶν
735 3671 869 3724 ὅλων
910 3671 1170 3737 ζωοποιὸς
1212 3673 1344 3727 Θεοῦ
1376 3677 1570 3743 Λόγος,
1606 3676 1666 3728 τὸ
1696 3676 1887 3747 θνητὸν

299 3760 561 3831 ὄργανον,
618 3753 662 3827 ᾧ
713 3760 847 3833 πρὸς
913 3760 1214 3832 ἀνθρώπων
1271 3763 1537 3835 ἐκέχρητο
1590 3766 1886 3836 σωτηρίαν,

303 3856 556 3923 κρεῖττον
592 3850 817 3906 θανάτου
853 3852 1018 3923 φῆναι
1062 3854 1360 3924 βουληθεὶς,
1407 3852 1466 3907 εὖ
1519 3856 1663 3925 μάλα
1696 3857 1886 3927 χρησί-

309 3962 422 4014 μην
448 3946 609 4015 ὑπῄει
642 3944 739 4015 τὴν
766 3945 1093 4015 οἰκονομίαν,
1125 3946 1185 3998 τὸ
1215 3945 1375 4015 σῶμα
1407 3948 1541 4017 πρὸς
1583 3947 1754 4018 βραχὺ
1790 3966 1889 4002 κα-

306 4037 556 4089 ταλιπὼν
587 4039 720 4106 (15),
756 4040 848 4091 καὶ
875 4038 934 4091 τὸ
962 4036 1152 4107 θνητὸν
1185 4039 1260 4108 τῷ
1293 4038 1505 4108 θανάτῳ
1535 4041 1693 4093 πάλιν
1724 4042 1887 4109 ὑφαι-

310 4127 597 4200 ρούμενος,
632 4132 712 4192 είς
756 4131 1096 4200 παράστασιν
1128 4130 1225 4200 τῆς
1268 4129 1450 4182 ἐνθέου
1483 4130 1782 4201 δυνάμεως.
1824 4132 1887 4184 Ἡ

308 4222 414 4291 μὲν
448 4217 540 4275 οὖν
572 4220 758 4292 πρώτη
792 4222 937 4275 αἰτία
964 4218 1032 4293 ἦν
1059 4221 1216 4292 αὕτη.

385 4312 495 4381 (14)
535 4313 767 4383 Δευτέρα
794 4314 851 4365 δὲ
881 4315 978 4383 τῆς
1010 4315 1066 4366 ὲν
1109 4312 1186 4383 τῷ
1232 4310 1443 4382 σώματι
1483 4312 1886 4382 κατοικησάσης

310 4406 497 4459 ἐνθέου
529 4406 807 4475 δυνάμεως
836 4405 1077 4469 ἔνδειξις.
1126 4403 1341 4474 Ἐπειδὴ
1374 4404 1479 4474 γὰρ
1519 4403 1580 4455 τὸ
1622 4404 1887 4474 πρότερον

309 4496 439 4558 τοὺς
469 4495 573 4548 ὑπὸ
611 4494 704 4547 τοῦ
740 4494 969 4547 θανάτου
1009 4493 1392 4564 νενικημένους
1427 4493 1623 4562 ἄνδρας
1654 4492 1887 4564 ’θνητοὺς

312 4586 550 4658 ἀληθῶς,
596 4587 689 4639 καὶ
723 4585 895 4639 κοινὸν
938 4586 1086 4649 τέλος
1132 4586 1605 4655 ὑποδεδεγμένους,
1644 4585 1886 4649 ὲθείαζον

311 4679 825 4750 ἄνθρωποι,ἧρωάς
873 4695 931 4730 τε
972 4680 1065 4730 καὶ
1112 4678 1265 4741 θεοὺς
1313 4678 1613 4748 ὠνόμαζον·
1663 4679 1887 4742 εἰκότως

311 4774 553 4827 διδάσκει
604 4774 759 4844 μόνον
802 4771 990 4825 τοῦτον
1021 4774 1078 4824 ὲν
1114 4771 1328 4840 θανάτῳ
1370 4771 1501 4823 Θεὸν
1531 4772 1703 4841 ἀληθῆ
1750 4767 1885 4825 εἶναι

312 4866 615 4936 ὁμολογεῖν,
637 4867 727 4918 τὸν
747 4866 814 4917 τὰ
835 4865 1060 4935 βραδεῖα
1082 4866 1180 4934 τῆς
1203 4864 1343 4915 κατά
1365 4862 1456 4916 τοῦ
1484 4862 1712 4916 θανάτου
1733 4863 1888 4935 νίκης

315 4958 742 5029 ἀναδησάμενον.
777 4958 885 5029 (15)
920 4957 1089 5028 Τρίτη
1117 4956 1161 5009 δ’
1197 4955 1262 5009 ἂν
1292 4956 1375 5026 εἴη
1413 4956 1559 5009 αἰτία
1589 4954 1682 5008 τοῦ
1711 4973 1887 5025 σωτη-

387 5099 498 5169 (ιιι)
530 5098 626 5152 llic
664 5098 719 5169 in
752 5098 968 5166 Anglica
1004 5095 1380 5169 translatione,
1439 5110 1491 5162 p.
1527 5095 1647 5169 188,
1685 5110 1740 5150 ν.
1786 5095 1877 5160 16,

314 5164 566 5238 νίιιεοίὺῃ
599 5167 701 5220 this
724 5164 1016 5238 contention
1053 5166 1174 5217 with
1209 5166 1385 5226 death,
1413 5182 1471 5217 as
1519 5164 1641 5217 with
1682 5182 1713 5216 a
1764 5179 1887 5217 con-

316 5237 636 5306 temporary,
669 5238 914 5305 conﬂictu
943 5237 1039 5288 hoc
1079 5252 1191 5288 cunt
1220 5244 1422 5306 Amorte,
1473 5246 1722 5302 tanquam
1768 5251 1886 5285 cum

315 5304 773 5376 contemporaneo.
820 5307 1078 5375 Syriacus
1104 5304 1231 5374 quid
1276 5306 1482 5376 habeat
1505 5306 1708 5369 nescio,
1758 5305 1884 5376 quia

318 5376 458 5431 libro
491 5368 672 5431 careo.
708 5377 814 5430 Sed
862 5368 1016 5429 certe
1058 5368 1182 5430 vera
1238 5375 1401 5427 lcctio
1447 5373 1630 5429 Graeca
1665 5368 1887 5432 θειξοῖα

314 5446 453 5517 πρὸς
477 5446 900 5515 ἀνταγωνιστήν,
930 5456 1188 5517 tanquam
1204 5461 1323 5517 cum
1349 5446 1668 5517 aduersario.
1706 5444 1887 5517 Itaque

314 5513 605 5571 translatio
629 5513 975 5571 emendanda
1022 5526 1124 5569 est.
1174 5513 1325 5567 Mitto
1373 5516 1506 5567 alios
1548 5514 1697 5568 locos
1727 5553 1741 5577 ,
1794 5514 1886 5581 qui

313 5602 467 5655 mque
520 5587 789 5640 interdum
821 5587 887 5637 ad
918 5584 1161 5638 Graecam
1214 5586 1498 5655 veritatem
1553 5582 1885 5655 reformandi

312 5653 603 5721 videntur;
638 5672 811 5725 neque
840 5655 983 5709 enim
1023 5669 1124 5721 ego
1152 5654 1422 5725 criticum
1445 5668 1545 5725 ago
1584 5655 1678 5707 sed
1708 5653 1888 5706 edito-

316 5740 452 5779 rem.
484 5722 738 5781 Vicissim
772 5735 977 5787 tamen,
1010 5735 1067 5776 ιιι
1110 5739 1282 5791 nuper
1318 5722 1454 5793 dixi,
1485 5722 1746 5793 Syriacus
1780 5734 1887 5775 tex-

312 5805 401 5849 tus
426 5795 671 5851 Grecam
704 5796 990 5848 illuminat.
1035 5794 1103 5847 Et
1144 5793 1358 5861 quidem
1412 5792 1653 5857 Graecus,
1703 5802 1886 5859 utpote

316 5882 479 5935 quem
533 5876 843 5921 catenarum
896 5874 1149 5919 auctores
1212 5877 1309 5931 pro
1358 5864 1435 5917 rei
1482 5863 1885 5932 opportunitate

1989 648 2262 719 gligcret?
2313 648 2453 719 Ergo
2479 652 2746 719 posterior
2779 654 2972 709 modus
3022 658 3361 710 necessarius
3412 657 3553 720 fuit,

1989 741 2170 803 morti,
2200 741 2449 811 inquam,
2511 746 2844 810 superiorem
2881 762 2939 801 se
2977 748 3373 802 demonstrare.
3400 748 3550 814 Qua-

1993 849 2117 886 nam
2153 848 2281 887 vero
2308 835 2515 889 ratione
2567 836 2619 889 id
2644 840 2866 907 exsequi
2890 854 3023 908 Opus
3054 855 3172 892 erat
3197 842 3219 893 ?
3249 840 3469 894 Clamne
3490 854 3557 904 ae

1989 925 2171 980 furtim
2204 926 2227 979 ?
2278 941 2347 980 an
2400 942 2586 982 coram
2620 931 2873 985 omnibus
2904 934 3181 1001 splendide
3226 950 3289 989 ac
3322 934 3555 989 manife.

1988 1028 2069 1071 ste
2101 1018 2124 1071 ?
2176 1019 2338 1085 Atqui
2384 1020 2499 1074 haec
2527 1036 2612 1075 res
2644 1025 2860 1091 egregia
2909 1024 2955 1078 si
3006 1026 3237 1081 obscure
3265 1037 3317 1081 et
3344 1027 3557 1081 occulte

1990 1122 2107 1166 acta
2136 1112 2345 1176 fuisset,
2374 1115 2595 1167 conscio
2622 1117 2856 1178 nemine,
2890 1117 3024 1169 nihil
3060 1118 3351 1185 profuisset
3384 1134 3399 1171 :
3424 1134 3559 1172 con-

1991 1214 2069 1257 tra
2105 1218 2230 1257 vero
2258 1202 2580 1272 .l'amigcrata
2614 1215 2778 1273 atque
2816 1208 3066 1260 omnilms
3114 1209 3367 1260 exaudita
3399 1248 3412 1271 ,
3452 1208 3557 1260 nti-

1989 1296 2175 1349 raculo
2224 1311 2323 1349 suo
2355 1296 2597 1363 paritura
2656 1307 2775 1351 erat
2824 1299 3186 1350 universalem
3242 1298 3554 1352 utilitatem.

1991 1388 2155 1439 liecte
2203 1388 2389 1455 igitur,
2444 1390 2698 1456 quaniam
2750 1390 3036 1456 oportebat
3083 1390 3252 1456 ipsius
3294 1404 3557 1457 organum
3620 1431 3629 1445 .

1990 1477 2152 1529 morti
2179 1480 2428 1546 superius
2460 1493 2745 1547 apparere,
2781 1492 2942 1547 atque
2978 1480 3030 1532 id
3065 1472 3170 1532 non
3199 1479 3335 1532 clam
3372 1480 3465 1531 sed
3506 1478 3560 1531 in

1992 1580 2280 1637 conspectu
2312 1570 2585 1623 hominum
2620 1572 2758 1634 ﬁeri,
2796 1582 3024 1626 mortem
3065 1586 3168 1624 non
3218 1570 3391 1640 fugit;
3426 1569 3560 1622 aiio-

1991 1659 2080 1725 qui
2119 1661 2264 1715 visus
2294 1672 2437 1715 esset
2469 1662 2710 1724 timidus.
2741 1673 2794 1715 et
2825 1674 2999 1718 morte
3029 1664 3260 1717 debilior
3282 1661 3559 1724 creditus;

1991 1753 2083 1806 sed
2108 1753 2357 1806 conflictu
2390 1769 2512 1807 cum
2551 1767 2748 1817 morte,
2785 1765 3037 1823 tanquam
3070 1771 3191 1809 cum
3224 1754 3558 1816 adversario,

1993 1841 2128 1897 inito
2153 1882 2167 1907 ,
2195 1845 2337 1911 quod
2365 1845 2590 1898 mortale
2630 1855 2748 1897 erat
2788 1845 2855 1898 ad
2883 1844 3346 1898 immortalitatem
3380 1855 3561 1897 trans-

1919 1915 1962 1971 B
2008 1936 2149 1996 tulit,
2186 1944 2485 1989 extremum
2521 1937 2664 1991 hunc
2701 1952 2929 2006 agonem
2977 1952 3076 2007 pro
3116 1938 3356 1992 omnium
3387 1937 3563 1991 salute

1919 4624 1962 4677 D

1989 2039 2042 2082 et
2072 2028 2485 2083 immortalitate
2514 2030 2836 2097 suscipiens.

2064 2118 2195 2172 Nam
2230 2119 2461 2187 primum
2498 2120 2575 2172 illi
2616 2129 2893 2174 certamen
2940 2119 3043 2173 fuit
3069 2128 3257 2174 contra
3293 2122 3565 2173 daemones

1989 2208 2059 2263 ob
2108 2208 2449 2278 polytheismi
2516 2224 2756 2264 errorem
2809 2210 3238 2273 destruendum;
3288 2224 3397 2278 quo
3428 2225 3550 2279 per-

1992 2311 2114 2355 acto
2140 2341 2155 2365 ,
2210 2300 2558 2355 subsecutum
2594 2310 2676 2354 est
2707 2301 3006 2355 secundum
3041 2299 3112 2354 ob
3165 2298 3565 2353 dissolvendam

1991 2395 2179 2448 mortis
2231 2394 2679 2448 dominationem.
2732 2391 3053 2460 Conglobati
3111 2391 3255 2446 enim
3308 2389 3571 2444 adversus

1990 2500 2112 2540 eum
2140 2486 2413 2539 daemones
2440 2499 2562 2537 cum
2580 2497 2679 2536 suo
2702 2483 2861 2545 duce,
2881 2491 3166 2551 postquam
3189 2480 3362 2551 primo
3383 2477 3570 2549 praelia

1995 2587 2142 2646 terga
2176 2585 2473 2639 verterant,
2509 2574 2809 2629 secundum
2840 2571 3229 2636 observabant,
3258 2572 3388 2625 vitae
3409 2569 3570 2624 Chri-

1990 2670 2057 2723 sti
2095 2670 2349 2736 deinceps
2383 2676 2681 2721 extremam
2714 2667 3124 2731 catastropham
3160 2674 3567 2733 exspecmntes,

1990 2760 2239 2815 mortalis
2274 2760 2508 2813 hominis
2558 2760 2718 2812 linem
2770 2758 2996 2827 reliquis
3044 2758 3297 2811 omnibus
3334 2754 3568 2811 similent

1992 2853 2105 2907 fore
2136 2860 2417 2919 sperantes
2452 2868 2464 2902 :
2505 2863 2681 2917 neque
2715 2850 2859 2902 enim
2893 2862 3129 2916 unquam
3153 2847 3572 2919 existimassem

1990 2940 2265 2995 mortalem
2295 2952 2541 2993 naturam
2575 2940 2731 2991 morti
2765 2936 2879 2992 fore
2908 2938 3272 3006 superiorem.
3313 2936 3387 2988 At
3408 2934 3571 2989 Chri-

1990 3043 2105 3087 stus
2138 3040 2254 3102 post
2284 3032 2495 3100 priores
2540 3032 2606 3085 de
2639 3029 2975 3085 dmmonibus
3011 3028 3215 3083 relatas
3256 3027 3567 3092 manubias,

1985 3120 2093 3190 jam
2123 3130 2313 3174 contra
2352 3120 2523 3188 ipsam
2562 3126 2791 3173 martem
2828 3119 2880 3171 in
2914 3118 3085 3171 aciem
3134 3116 3408 3186 prodibat.
3447 3113 3570 3169 Sic-

1998 3222 2056 3266 ut
2101 3223 2282 3266 autem
2317 3212 2361 3266 si
2394 3214 2517 3281 quis
2553 3212 2661 3279 igni
2712 3209 3031 3279 impervium
3062 3218 3229 3277 atque
3280 3208 3571 3276 insupera-

1996 3306 2104 3361 bile
2154 3321 2252 3361 vas
2311 3304 2526 3374 aliquod
2558 3304 2936 3357 demonstrare
2971 3299 3173 3366 vellet,
3222 3299 3365 3352 haud
3414 3297 3571 3351 aliter

1992 3401 2130 3454 hanc
2158 3413 2272 3453 rem
2305 3400 2498 3452 miram
2550 3392 2950 3463 comprobaret,
2977 3406 3138 3461 quam
3170 3389 3401 3444 ﬂammae
3456 3397 3569 3441 tra-

1992 3492 2126 3545 dens
2150 3490 2293 3559 quod
2328 3504 2439 3558 prae
2472 3487 2722 3541 manibus
2748 3485 2997 3547 haberet,
3037 3498 3101 3537 ac
3140 3481 3335 3536 deinde
3360 3478 3575 3534 incolu-

1991 3598 2077 3637 me
2119 3581 2549 3648 inviolatumque
2584 3580 2707 3647 igne
2760 3578 3073 3640 retrahens;
3114 3574 3188 3629 ita
3216 3573 3384 3628 etiam
3426 3571 3573 3642 quod

1990 3672 2170 3727 omnia
2200 3672 2440 3725 vivificat
2468 3669 2562 3723 Dei
2593 3669 2855 3733 Verbum,
2892 3665 3121 3721 mortale
3142 3679 3431 3736 organum,
3461 3677 3573 3732 quo

1992 3767 2058 3820 ad
2088 3766 2366 3820 hominum
2414 3763 2646 3817 salutem
2696 3776 2828 3815 usus
2875 3760 3052 3813 fuerat
3079 3798 3094 3820 ,
3134 3767 3309 3812 morte
3344 3756 3575 3810 validius

1991 3860 2365 3913 demonstrare
2392 3855 2580 3909 volens
2603 3891 2618 3918 ,
2647 3853 2781 3906 utile
2834 3852 3124 3905 admodum
3157 3848 3447 3903 consilium
3476 3860 3572 3901 ce-

1990 3950 2109 4019 pit,
2160 3963 2354 4017 corpus
2409 3948 2557 4001 brevi
2616 3954 2864 4014 tempore
2918 3943 3238 4004 deserendi;
3275 3952 3571 4006 rursusque

1991 4042 2132 4108 quod
2188 4045 2458 4092 mortuum
2510 4047 2631 4090 erat
2685 4034 2842 4088 morti
2878 4032 3141 4101 eripiendi
3171 4069 3186 4093 ,
3224 4038 3282 4084 ut
3311 4029 3548 4082 divinam

1989 4133 2241 4186 virtutem
2294 4130 2621 4183 ostenderet.
2670 4129 2849 4198 Atque
2897 4128 3011 4181 haec
3042 4125 3216 4194 prima
3268 4122 3385 4193 (cur
3415 4121 3581 4199 monii

1989 4219 2243 4288 voluerit)
2274 4234 2435 4273 causa
2462 4218 2581 4272 fuit.

2062 4310 2308 4364 Secunda
2364 4308 2465 4363 fuit
2503 4323 2663 4363 causa
2692 4348 2707 4374 ,
2758 4317 2816 4361 ut
2872 4308 3276 4361 demonstraret
3322 4303 3559 4358 divinam

1989 4402 2242 4456 virtutem
2276 4403 2331 4455 in
2364 4416 2462 4455 suo
2511 4415 2737 4469 corpore
2770 4399 3124 4453 inhabitasse.
3154 4396 3289 4450 Nam
3326 4395 3453 4465 quia
3484 4394 3569 4448 vi-

1990 4504 2109 4549 ctos
2158 4504 2315 4548 antea
2348 4502 2521 4547 morte
2554 4492 2700 4546 viros
2726 4531 2741 4555 ,
2772 4506 2898 4545 vere
2941 4488 3199 4543 mortales
3228 4497 3282 4541 et
3322 4499 3567 4541 commu-

1994 4602 2112 4641 nem
2148 4587 2304 4640 llnem
2337 4586 2579 4651 sortitos,
2623 4583 2904 4653 apotheosi
2932 4582 3267 4636 donaverunt
3296 4576 3565 4638 homines,

1992 4689 2045 4734 et
2078 4681 2277 4733 heroas
2305 4678 2543 4746 deosque
2581 4676 3014 4737 nominaverant,
3037 4672 3232 4727 merito
3259 4685 3353 4724 nos
3386 4669 3566 4730 docet,

1994 4773 2138 4824 hunc
2172 4785 2338 4823 unum
2367 4768 2421 4820 in
2471 4776 2645 4821 morte
2694 4765 2867 4819 Deum
2902 4780 3088 4819 verum
3130 4778 3251 4818 esse
3296 4758 3563 4823 conﬁteri,

1996 4862 2087 4931 qui
2118 4859 2354 4927 praemiis
2388 4859 2572 4912 relata:
2619 4859 2685 4912 de
2724 4866 2898 4911 morte
2929 4855 3173 4909 victoriae
3204 4861 3375 4907 semet
3406 4862 3566 4903 exor-

1998 4960 2244 5007 naverat.
2297 4950 2481 5004 Tertia
2513 4949 2773 5004 habeatur
2819 4947 3011 5001 mortis
3061 4941 3371 4998 Servatoris
3401 4950 3566 4993 causa

1988 5098 2405 5159 excerpserunt,
2442 5089 2638 5141 multas
2671 5086 2853 5156 operis
2874 5092 3057 5153 partes
3083 5079 3290 5133 amisit.

2060 5158 2171 5230 (11)
2207 5162 2332 5229 Syr.
2367 5175 2452 5224 ιιι,
2490 5158 2580 5221 55,
2605 5159 2693 5230 57.
2895 5225 2906 5230 _
3136 5218 3176 5230 ﬂ
3408 5211 3468 5230 Α,

2061 5217 2171 5302 (12)
2225 5217 2373 5302 lianc
2407 5217 2817 5302 similitudinem
2860 5225 2994 5277 citat
3026 5236 3091 5302 ex
3133 5217 3563 5302 ljlttsebilo'etiam

1990 5304 2047 5358 S.
2065 5284 2319 5356 \Th’omas
2344 5300 2602 5368 Aquinas
2628 5299 2679 5351 ιιι
2706 5305 2897 5368 catena
2926 5291 3240 5368 sita-Latina
3273 5286 3341 5339 ad
3360 5284 3560 5368 Lucam

1990 5376 2075 5427 ed.
2129 5374 2194 5427 de
2242 5358 2444 5424 Rubei's
2493 5380 2534 5422 t.
2568 5367 2626 5429 V,
2673 5382 2725 5434 ιι.
2775 5364 2898 5434 ὃϐέε
2942 5358 3204 5434 Videlicet
3249 5371 3317 5410 ex
3355 5358 3565 5434 catenis

1989 5420 2215 5507 iii-ieci;
2242 5420 2355 5495 non
2371 5420 2718 5508 originaliter
2745 5449 2810 5490 ex
2838 5428 3196 5497 Thwphania,
3220 5440 3384 5496 quam
3414 5420 3564 5477 Tho-

1991 5529 2107 5566 mas
2145 5524 2419 5579 nunquam
2460 5508 2631 5579 vidit.‘
2806 5574 2819 5579 _
2911 5570 2922 5579 _

2063 5583 2203 5653 (15)
2274 5570 2480 5647 Nempe
2546 5576 2728 5631 anima
2789 5570 3105 5630 destitutum
3165 5581 3285 5625 esse
3336 5570 3563 5638 permit-

1992 5664 2133 5709 tens.

2064 5722 2176 5793 (14)
2212 5722 2333 5793 Syr.
2362 5736 2444 5780 ιιι,

2068 5788 2181 5864 (15)
2213 5788 2338 5861 Syr.
2369 5806 2450 5852 ιιι,
2482 5788 2573 5843 59.
