4008 6542
480 438 589 497 615
1156 431 1424 491 EUSEBII
1461 424 1923 490 CIESARIENSIS
1957 422 2105 489 OPP.
2147 424 2325 489 PARS
2363 421 2453 488 ἰν.
2493 464 2564 475 -
2600 423 3021 492 DOGMATICA.
3614 440 3749 504 616

482 571 644 634 quam
668 555 908 626 mysticae
934 553 1128 610 litterae
1152 553 1450 609 continent.
1477 552 1735 619 Quaenam
1756 553 1842 608 ba:
1867 552 1891 607 ?
1930 552 2024 609 Ho-

2146 552 2263 625 ρίου
2300 553 2528 608 θανάτου
2562 556 2627 627 ἢν
2672 555 2972 627 ἀπόρρητοι
3009 555 3156 625 λόγοι
3189 548 3522 631 περιέχουσι.
3549 551 3746 627 ,τινες

483 652 585 704 stia
616 657 731 702 erat
780 662 877 716 pro
906 646 1149 701 universi
1180 644 1397 714 generis
1450 644 1561 697 vita
1597 644 1757 698 morti
1807 645 1995 699 devota

2144 636 2321 708 οὗτος
2359 647 2551 715 ἱερεῖον
2594 641 2661 717 ἦν
2695 646 2981 717 ἀντίψυχον
3018 648 3110 702 τοῦ
3162 650 3341 704 κοινοῦ
3379 652 3578 721 γένους.
3608 670 3741 707 πα-

482 742 660 797 hostia
692 755 791 810 pro
819 748 930 795 toto
958 740 1239 794 hominum
1268 747 1434 807 grege
1460 736 1758 804 immolata,
1789 737 2043 793 diabolici

479 833 680 888 erroris
704 832 1081 886 averruncatio
1108 847 1121 883 :
1154 844 1263 899 qua
1292 828 1541 883 videlicet
1569 828 1772 892 oblata,
1792 828 2043 884 universa

479 919 732 991 deinceps
764 921 1097 989 impurorum
1125 919 1427 974 daemonum
1462 918 1702 986 potentia
1732 919 2040 984 corruebat,

477 1013 761 1082 omnisque
780 1027 934 1067 error
955 1010 1339 1079 dissipabatur.
1372 1007 1515 1078 Ergo
1541 1010 1654 1064 [nec
1689 1007 1944 1063 salutaris
1975 1023 2042 1063 ex

478 1103 791 1160 hominibus
822 1104 1063 1166 victima,
1088 1104 1263 1173 ipsum
1289 1101 1540 1157 videlicet
1575 1112 1893 1170 corporeum
1918 1099 2041 1153 Ver-

476 1196 534 1254 bi
559 1210 822 1267 organum
850 1235 865 1261 ,
895 1210 992 1264 pro
1020 1195 1329 1249 hominibus
1378 1193 1793 1256 immolabatur;
1823 1191 1889 1245 de
1937 1206 2041 1259 qua

476 1304 651 1345 sacrm
682 1290 880 1344 litterae
899 1287 1170 1350 clamant;
1213 1289 1371 1341 modo
1400 1284 1614 1354 quidem
1651 1302 1665 1337 :
1702 1282 1837 1337 Ecce
1871 1296 2037 1348 agnus

482 1379 577 1435 Dei
614 1382 700 1449 qui
753 1380 886 1434 tollit
933 1390 1201 1449 peccatum
1247 1378 1429 1431 mundi
1484 1376 1563 1442 3’;
1600 1376 1757 1431 modo
1808 1385 2033 1430 autem:

481 1470 749 1542 Tanquam
778 1472 886 1525 ovis
917 1473 985 1524 ad
1017 1472 1323 1524 occisionem
1358 1470 1544 1522 ductus
1574 1477 1647 1521 est
1683 1468 1748 1522 3°.
1780 1468 2039 1523 Causam-

479 1578 581 1633 que
630 1563 705 1618 rei
758 1564 990 1629 docent,
1026 1562 1222 1615 ibidem
1258 1560 1497 1614 dicentes
1533 1578 1545 1614 :
1578 1557 1680 1612 Hic
1703 1569 1911 1627 peccata
1939 1574 2035 1611 no—

478 1660 587 1707 stra
612 1654 762 1722 gerit,
798 1662 845 1706 et
868 1668 963 1720 pro
986 1652 1129 1704 nobis
1162 1650 1335 1713 dolet;
1359 1658 1408 1703 et
1431 1664 1524 1703 nos
1551 1648 1893 1717 reputavimus
1918 1664 2036 1701 eum

476 1743 741 1812 vlagatum
784 1755 829 1797 et
879 1743 1144 1814 afﬂictum.
1188 1741 1311 1808 Ipse
1372 1750 1547 1794 autem
1603 1740 1901 1793 vulneratus
1959 1747 2033 1793 cst

475 1844 686 1903 prapter
710 1835 1009 1904 iniquitates
1038 1840 1267 1894 nostras,
1300 1830 1587 1900 languidus
1619 1830 1789 1899 {actus
1811 1839 1885 1884 est
1911 1845 2036 1897 pro-

2149 737 2487 808 ραδιδόμενον
2510 738 2588 808 τῷ
2615 737 2849 808 θανάτῳ,
2888 739 3076 809 ἱερεῖον
3105 740 3243 813 ὑπὲρ
3272 741 3373 813 τῆς
3405 746 3589 816 κοινῆς
3608 746 3741 799 τῶν

2144 824 2440 897 ἀνθρώπων
2461 827 2659 898 ἀγέλης
2689 827 3137 899 σφαγιαζόμενον,
3161 830 3478 905 δαιμονικῆς
3508 835 3738 906 πλάνης

2141 916 2529 984 ἀποτρόπαιονο
2560 918 2751 971 τούτου
2777 917 2885 989 γὰρ
2914 920 3310 990 ἀνενεχθέντος,
3352 926 3498 977 πᾶσα
3529 924 3733 979 λοιπὸν

2143 1004 2176 1075 ἡ
2220 1006 2327 1058 τῶν
2381 1007 2627 1077 ἀνάγνων
2666 1008 2934 1080 δαιμόνων
2984 1009 3212 1082 δύναμις
3257 1013 3568 1087 καθῃρεῖτο,
3621 1016 3728 1069 καὶ

2143 1100 2292 1150 πᾶσα
2316 1097 2491 1169 πλάνη
2529 1103 2771 1172 παρεῖτο.
2826 1098 2898 1153 Τὸ
2945 1101 3041 1172 μὲν
3070 1097 3163 1156 οὖν
3215 1105 3482 1176 σωτήριον
3528 1104 3589 1170 se
3621 1107 3725 1158 ἀν-

2144 1187 2382 1260 θρώπων
2408 1190 2575 1262 θῦμα,
2611 1192 2742 1246 αὐτὸ
2766 1191 2829 1264 δὴ
2866 1192 2960 1247 τοῦ
2989 1194 3163 1262 Λόγου
3206 1196 3514 1266 σωματικὸν
3546 1198 3724 1269 ὄργα-

2139 1298 2250 1347 νον,
2282 1282 2422 1354 ὑπὲρ
2460 1283 2761 1356 ἀνθρώπων
2787 1276 3135 1358 καθιεροῦτο·
3169 1282 3228 1342 οὗ
3271 1282 3395 1358 πέρι
3421 1288 3593 1358 λόγων
3641 1291 3718 1343 ἱε-

2143 1372 2251 1445 ρῶν
2285 1373 2449 1444 βοῶσι
2477 1376 2679 1444 φωναί·
2708 1377 2834 1430 ποτὲ
2865 1377 2981 1448 μέν’
3010 1378 3132 1433 Ἴδε
3162 1383 3194 1433 ό
3222 1378 3408 1449 ἀμνὸς
3432 1382 3536 1435 τοῦ
3562 1381 3715 1435 Θεοῦ

2139 1467 2173 1518 ό
2213 1466 2394 1533 αἴρων
2430 1460 2545 1535 τὴν
2580 1469 2870 1537 ἁμαρτίαν
2908 1468 3013 1522 τοῦ
3049 1471 3301 1540 κόσμου’
3332 1470 3460 1524 ποτὲ
3499 1471 3579 1524 δέ·
3615 1472 3715 1537 Ὡς

2136 1555 2433 1621 πρόϐατον
2457 1555 2556 1611 ἐπὶ
2577 1557 2821 1627 σφαγὴν
2849 1558 3025 1627 ἤχθη.
3062 1559 3171 1612 Καὶ
3204 1560 3264 1612 τό
3289 1576 3351 1627 γε
3376 1560 3546 1612 αἴτιον
3566 1559 3715 1613 διδά-

2139 1664 2358 1702 σκουσιν
2404 1650 2777 1719 ὲπιλέγουσαι·
2833 1648 3022 1719 Οὗτος
3064 1653 3170 1718 τὰς
3209 1652 3498 1721 ἁμαρτίας
3538 1652 3715 1722 ἡμῶν

2135 1741 2318 1809 φέρει,
2358 1738 2457 1795 καὶ
2489 1743 2620 1810 περὶ
2654 1744 2823 1812 ἡμῶν
2856 1743 3157 1807 όδυνᾶται,
3188 1744 3287 1798 καὶ
3312 1744 3482 1812 ἡμεῖς
3509 1744 3710 1814 ἐλογι-

2134 1831 2364 1901 σάμεθα
2382 1832 2567 1887 αὑτὸν
2584 1835 2735 1888 εἶναι
2759 1834 2829 1889 ἐν
2854 1835 3059 1907 πληγῇ
3081 1836 3176 1890 καὶ
3200 1836 3271 1889 ἐν
3288 1835 3562 1891 κακώσει.
3590 1839 3713 1892 Αὐ-

472 1936 584 1994 pter
613 1927 808 1979 scelera
864 1935 1064 1978 nostra.
1115 1922 1408 1993 Disciplina
1456 1923 1600 1991 pacis
1658 1932 1849 1977 nostra?
1883 1937 2024 1990 super

2135 1922 2237 1987 τὸς
2264 1923 2333 1976 δὲ
2363 1926 2800 1996 ἐτραυματίσθη
2834 1928 2931 1982 διὰ
3114 1930 3364 1999 ἀνομίας
3384 1928 3575 1999 ἡμῶν,
3603 1929 3708 1984 καὶ

473 2032 613 2083 eum,
646 2019 805 2071 livore
831 2017 944 2085 ejus
965 2016 1141 2069 sanati
1172 2032 1265 2069 nos
1292 2028 1494 2070 sumus.
1526 2011 1713 2067 Cuncti
1761 2016 1892 2066 sicut
1923 2028 2037 2066 oves

470 2109 782 2171 erravimus,
812 2108 1166 2176 unusquisque
1202 2124 1235 2159 a
1266 2106 1347 2159 via
1384 2120 1479 2157 sua
1527 2104 1827 2158 declinavit.
1859 2102 2037 2156 Domi-

471 2219 570 2257 nus
596 2202 816 2255 tradidit
841 2200 987 2254 illum
1019 2199 1159 2271 [pro]
1178 2200 1399 2267 peccatis
1425 2201 1616 2253 nostris
1648 2200 1714 2254 '°.
1741 2198 2035 2269 Corporale

470 2295 650 2364 itaque
677 2291 838 2347 Verbi
889 2307 1150 2362 organum
1205 2293 1304 2345 has
1338 2291 1405 2347 ob
1454 2305 1648 2345 causas
1699 2291 2032 2345 immolatum

468 2385 595 2441 fuit.
639 2385 862 2456 Magnus
898 2394 1079 2438 tamen
1122 2383 1360 2451 pontifex
1388 2422 1403 2447 ,
1446 2398 1569 2437 cum
1603 2383 1673 2437 sit
1704 2383 1948 2437 diversus
2001 2397 2033 2438 a

467 2478 709 2541 victima,
741 2475 835 2530 Dei
857 2475 1061 2530 scilicet
1087 2474 1350 2537 Verbum,
1380 2473 1555 2529 virtus
1580 2513 1596 2536 ,
1630 2482 1793 2543 atque
1826 2473 2035 2543 sapien-

454 2569 564 2634 ,tia,
589 2567 729 2621 haud
750 2566 837 2621 diu
868 2576 1037 2635 posta
1065 2575 1235 2621 morte
1274 2577 1543 2621 mortuum
1572 2566 1864 2629 revocavit,
1882 2580 2033 2621 eum-

449 2674 574 2729 tque
624 2660 928 2714 communis
976 2669 1174 2713 nostra:
1205 2658 1401 2713 salutis
1429 2658 1852 2723 inchoationem,
1882 2658 2033 2712 vitae-

466 2764 574 2821 que
608 2751 903 2805 secundum
940 2750 1107 2804 Deum
1140 2759 1305 2819 atque
1349 2750 1776 2805 immortalitatis
1809 2750 2032 2820 partici-

464 2855 584 2913 pem
620 2841 920 2906 constituit,
950 2841 1229 2896 victoriale
1262 2840 1529 2897 adversus
1566 2849 1797 2897 mortem
1832 2854 1895 2896 ac
1927 2842 2032 2895 da:-

463 2934 766 2990 moniacam
800 2935 970 2990 aciem
1021 2935 1320 3004 trophaeum
1346 2974 1362 2999 ,
1396 2944 1450 2989 et
1479 2934 1782 3003 priscorum
1818 2933 2028 2988 sacriﬁ-

464 3024 672 3079 ciorum
723 3024 1174 3087 destructorem;
1235 3038 1396 3092 quem
1454 3026 1695 3079 omnium
1750 3023 2027 3078 hominum

464 3115 637 3181 gratia
680 3114 1041 3169 resuscitavit.
1077 3112 1308 3184 [Idcirco
1352 3115 1517 3170 etiam
1553 3114 1803 3170 Christus
1856 3114 2030 3167 nomi-

462 3216 624 3261 natus
651 3204 796 3276 fuit.]
851 3205 986 3259 Nam
1033 3204 1282 3261 Christus
1326 3220 1541 3269 nomen,
1568 3205 1929 3261 sacerdotium
1954 3207 2027 3260 si-

459 3295 575 3351 mul
605 3304 659 3350 et
692 3311 915 3366 regnum
943 3296 1216 3367 significat
1241 3297 1382 3368 apud
1417 3295 1691 3352 Hebraos.
1720 3295 1848 3352 Haec
1883 3297 2024 3351 enim

463 3385 591 3456 ungi
625 3385 893 3441 solebant.

530 3667 736 3722 Praeter
761 3664 1120 3736 supradictas,
1150 3665 1251 3718 alia
1285 3677 1497 3733 quoque
1530 3660 1734 3716 exstitit
1759 3674 1855 3714 cur
1894 3659 2023 3714 Ser-

457 3768 613 3814 vator
637 3767 941 3813 moreretur
976 3756 1213 3811 maxima
1245 3770 1407 3811 causa
1430 3793 1446 3820 ,
1494 3768 1613 3823 quae
1636 3751 1747 3819 jam
1794 3753 2020 3807 dicetur.

457 3850 593 3905 Nam
618 3850 741 3919 quia
782 3863 1006 3904 necesse
1052 3857 1205 3910 erat.
1256 3848 1423 3918 ipsius
1461 3844 1753 3915 discipulos
1793 3844 2025 3914 propriis

456 3941 635 3997 oculis
681 3956 908 3997 cernere
934 3942 1060 3997 vitre
1090 3950 1216 4010 post
1262 3939 1469 3995 obitum
1497 3936 1832 3991 manifestam
1863 3934 2024 3988 resti-

458 4032 718 4088 tutionem
751 4071 767 4097 ,
821 4047 888 4087 ex
952 4046 1057 4101 qua
1115 4046 1269 4085 suam
1321 4028 1650 4097 suspendere
1704 4041 1848 4095 spem
1906 4025 2024 4081 illos

457 4109 737 4191 docuerat,
773 4124 1001 4193 ctcujus
1031 4138 1195 4177 causa
1241 4122 1309 4176 ad
1352 4119 1630 4191 religionis
1674 4118 1857 4188 jugum
1898 4116 2028 4171 sub-

455 4213 688 4268 eundum
742 4213 991 4268 hortatus
1025 4213 1235 4279 fuerat;
1282 4210 1473 4265 merito
1514 4211 1652 4265 hanc
1682 4223 1791 4263 rem
1823 4206 2025 4277 perspi-

454 4319 555 4361 cue
578 4305 864 4360 videndam
904 4305 1116 4360 illorum
1147 4305 1320 4360 oculis
1366 4302 1678 4371 objiciebat.
1729 4299 2023 4368 Oportebat

451 4394 597 4448 enim
624 4409 719 4449 eos
746 4394 837 4463 qui
871 4394 1012 4462 piam
1039 4394 1204 4449 vitam
1256 4399 1412 4447 erant
1458 4389 1783 4459 suscepturi,
1827 4386 1929 4441 hoc
1968 4386 2019 4439 in

451 4484 643 4556 primis
691 4499 1034 4552 summopere
1077 4483 1446 4539 necessarium
1494 4482 1870 4535 documentum
1906 4477 2020 4530 evi-

2130 2017 2566 2085 μεμαλάκισται
2604 2020 2701 2073 διὰ
2747 2020 2855 2086 τὰς
2898 2023 3184 2089 ἁμαρτίας
3223 2022 3410 2091 ἡμῶν.
3458 2024 3707 2078 Παιδεία

2133 2107 2374 2175 εἰρήνης
2397 2108 2566 2177 ήμῶν
2584 2111 2675 2163 ἐπ’
2709 2114 2913 2166 αὐτόν’
2950 2112 3030 2177 τῷ
3056 2112 3297 2181 μώλωπι
3318 2111 3504 2168 αὐτοῦ
3532 2114 3705 2183 ἡμεῖς

2135 2197 2398 2267 ὶάθημεν.
2439 2200 2665 2265 Πάντες
2696 2202 2775 2266 ὠς
2806 2202 3069 2270 πρόϐατα
3093 2204 3533 2274 ἐπλανήθημεν,
3571 2206 3706 2260 ἕκα-

2133 2307 2278 2357 στος
2303 2290 2416 2361 τὴν
2445 2292 2590 2346 ὁδὸν
2615 2294 2799 2347 αὑτοῦ
2821 2294 3131 2363 ἐπλανήθη
3147 2314 3159 2326 ·
3184 2297 3284 2349 καὶ
3306 2299 3522 2365 Κύριος
3558 2316 3707 2369 παρ-

2132 2374 2354 2437 έδωκεν
2404 2385 2587 2438 αὐτὸν
2619 2384 2745 2451 ταῖς
2793 2386 3104 2455 ἁμαρτίαις
3141 2389 3327 2457 ἡμῶν.
3363 2390 3437 2442 Τὸ
3483 2391 3580 2460 μὲν
3611 2387 3704 2445 οὖν

2134 2475 2438 2544 σωματικὸν
2465 2476 2559 2529 τοῦ
2591 2476 2764 2545 Λόγου
2795 2477 3023 2547 ὄργανον
3046 2479 3134 2534 διὰ
3154 2480 3353 2543 ταύτας
3384 2481 3705 2553 καθιεροῦτο

2130 2564 2230 2629 τὰς
2261 2566 2460 2631 αἰτίας
2495 2568 2523 2619 ὁ
2554 2568 2611 2622 δὲ
2648 2569 2815 2638 μέγας
2857 2572 3164 2643 ἀρχιερεὺς,
3210 2572 3396 2643 ἕτερος
3442 2572 3516 2625 ῶν
3549 2573 3704 2644 παρὰ

2129 2656 2191 2710 τὸ
2224 2657 2435 2726 ἱερεῖον,
2467 2657 2600 2711 Θεοῦ
2633 2659 2801 2727 Λόγος
2836 2661 2929 2713 καὶ
2968 2660 3211 2733 δύναμις,
3249 2662 3342 2715 κα)⁸
3386 2663 3566 2732 σοφία,
3602 2665 3705 2718 οὐκ

2131 2745 2211 2808 είς
2247 2745 2464 2816 μακρὰν
2510 2747 2570 2799 τὸ
2603 2747 2795 2819 θνητὸν
2827 2749 3142 2802 ἀνεκαλεῖτο
3174 2750 3267 2803 τοῦ
3310 2750 3562 2816 θανάτου,
3606 2753 3704 2806 καὶ

2129 2835 2285 2889 τοῦτο
2311 2836 2413 2905 τῆς
2439 2836 2623 2907 κοινῆς
2653 2837 2808 2908 ἡμῶν
2836 2839 3107 2911 σωτηρίας
3131 2840 3228 2911 τὴν
3261 2841 3532 2913 ἀπαρχὴν,
3558 2840 3704 2914 ζωῆς

2130 2928 2315 2984 ἐνθέου
2338 2931 2431 2985 καὶ
2452 2931 2749 2996 ἀθανασίας
2780 2932 3001 3003 μέτοχον
3028 2934 3289 3006 παρίστη,
3312 2934 3569 3005 τρόπαιον
3590 2937 3705 2989 ἐπι-

2129 3021 2299 3075 νίκιον
2342 3022 2482 3076 κατὰ
2524 3020 2618 3075 τοῦ
2669 3022 2899 3076 Θανάτου
2934 3022 3028 3076 καὶ
3072 3025 3212 3078 κατὰ
3243 3026 3342 3096 τῆς
3384 3027 3706 3098 δαιμονικῆς

2132 3110 2483 3179 παρατάξεως
2504 3111 2636 3180 (16),
2666 3111 2759 3164 καὶ
2779 3110 2886 3164 τῶν
2904 3113 3070 3166 πάλαι
3094 3113 3290 3166 θυσιῶν
3311 3116 3700 3186 ἀποτρόπαιον,

2130 3203 2285 3256 τοῦτο
2319 3203 2456 3275 ὑπὲρ
2490 3204 2743 3257 ἁπάντων
2773 3203 3072 3273 ἀνθρώπων
3113 3204 3416 3276 ἀνεγείρας.
3452 3205 3565 3277 [Διὸ
3606 3207 3704 3260 καὶ

2128 3294 2359 3367 Χριστὸς
2403 3294 2743 3366 ὠνομάσθη.)
2778 3296 2850 3350 Τὸ
2880 3296 2988 3366 γὰρ
3022 3295 3257 3367 Χριστὸς
3284 3297 3452 3368 ὄνομα
3496 3314 3705 3369 σημαν-

2126 3387 2275 3442 τικὸν
2322 3388 2618 3459 ἱερωσύνης
2667 3390 2782 3459 ἆμα
2830 3388 2924 3443 καὶ
2984 3389 3257 3460 βασιλείας
3307 3390 3457 3462 παρὰ
3512 3390 3703 3443 παισὶν

2139 3479 2401 3551 Ἑϐραίων
2461 3479 2526 3534 ἂν
2578 3480 2818 3547 γένοιτο·
2868 3480 3039 3536 ταῦτα
3091 3482 3199 3553 γὰρ
3242 3478 3381 3553 ἦσαν
3423 3483 3494 3537 τὰ
3548 3483 3701 3555 χριόο

2129 3584 2266 3639 μενα
2298 3569 2431 3641 (17).

2196 3661 2306 3733 (18)
2338 3660 2481 3733 Πρὸς
2518 3665 2629 3725 τοῖς
2670 3663 2976 3734 εἰρημένοις
3004 3664 3097 3717 καὶ
3134 3664 3266 3735 άλλη
3290 3681 3375 3729 τις
3406 3666 3603 3733 γένοιτ’
3633 3665 3704 3721 ἂν

2122 3753 2217 3806 τοῦ
2251 3753 2517 3826 σωτηρίου
2555 3754 2784 3808 θανάτου
2818 3754 3047 3825 μεγίστη
3073 3756 3218 3809 αἰτία
3245 3758 3275 3827 ἠ
3308 3756 3699 3828 λεχθησομένη.

2125 3846 2235 3915 (19)
2269 3844 2484 3917 Ἐπειδὴ
2510 3843 2618 3917 γὰρ
2638 3847 2746 3910 τοῖς
2767 3846 2927 3900 αὐτοῦ
2954 3850 3233 3919 φοιτηταῖς
3257 3847 3552 3917 ὀφθαλμοῖς
3575 3848 3700 3903 ἰδεῖν

2123 3936 2414 4004 ἀναγκαῖον
2450 3933 2517 4008 ἦν
2554 3937 2695 4007 ζωῆς
2726 3938 2823 4007 τῆς
2877 3938 3013 4007 μετὰ
3046 3937 3270 3991 θάνατον
3314 3938 3562 4010 ἐναργῶς
3596 3956 3700 3992 πα-

2122 4025 2475 4095 λιγγενεσίαν,
2517 4028 2600 4096 ἐφ’
2636 4029 2701 4098 ἢν
2748 4028 2846 4091 τὰς
2872 4029 3052 4081 αὐτῶν
3085 4029 3301 4093 ἐλπίδας
3342 4031 3578 4102 άναρτᾷν
3610 4031 3699 4083 αὑ·

2119 4120 2247 4181 τοὺς
2276 4118 2535 4182 ἐδίδασκε,
2569 4116 2634 4171 δι’
2662 4119 2727 4189 ἢν
2762 4120 2854 4173 καὶ
2888 4120 3225 4192 προῦτρεπεν
3258 4122 3454 4186 αὐτοὺς
3482 4121 3696 4193 ἔχεσθαι

2120 4207 2214 4259 τοῦ
2249 4207 2346 4277 τῆς
2379 4205 2681 4270 θεοσεϐείας
2717 4205 2806 4276 ζυγ
2820 4207 2881 4260 οὗ
2908 4224 2921 4237 ο
2958 4210 3180 4273 εἰκότως
3211 4210 3397 4265 τοῦτον
3428 4213 3558 4281 ὁρᾷν
3595 4211 3693 4263 αὖ·

2120 4300 2230 4361 τοῖς
2262 4296 2558 4367 ὀφθαλμοῖς
2598 4296 2840 4369 ἀκριϐῶς
2869 4303 3149 4370 παρεῖχεν.
3201 4300 3398 4372 Ἐχρῆν
3430 4299 3537 4369 γὰρ
3568 4300 3695 4363 τοὺς

2124 4384 2411 4455 μέλλοντας
2444 4386 2642 4455 εὐσεϐῆ
2677 4384 2916 4456 μετιέναι
2948 4387 3059 4456 βίον
3095 4387 3252 4441 τοῦτο
3280 4387 3492 4459 πρῶτον
3530 4388 3694 4455 ἀναγ-

2120 4473 2401 4527 καιότατον
2447 4475 2677 4547 μάθημα
2709 4476 2775 4528 δι’
2815 4476 3078 4548 ἐναργοῦς
3109 4477 3284 4547 ὅψεως
3317 4476 3648 4549 παραλαϐεῖν
3673 4492 3688 4508 ο

450 4575 599 4630 denti
642 4576 837 4629 intuitu
857 4576 1356 4644 comprehendere;
1406 4574 1680 4644 praecipue
1731 4585 1859 4624 vero
1904 4568 2019 4623 illos

2130 4568 2211 4620 καὶ
2235 4567 2367 4619 πολὺ
2406 4566 2602 4637 μᾶλλον
2641 4568 2877 4633 ἐκείνους
2894 4570 3019 4633 τοὺς
3043 4571 3121 4634 είς
3152 4570 3366 4624 ἅπαντα
3388 4571 3486 4642 τὴν
3516 4572 3693 4624 οἰκου-

451 4666 542 4737 qui
576 4667 629 4722 in
673 4668 925 4723 universo
971 4668 1168 4721 mundo
1202 4667 1523 4734 quantocius
1562 4674 1718 4719 erant
1756 4662 2013 4733 praedica-

451 4757 581 4824 turi,
610 4760 1045 4828 propositamque
1080 4774 1109 4813 a
1138 4757 1354 4814 Christo
1395 4758 1645 4828 gentibus
1686 4754 2009 4817 doctrinam,

554 4848 601 4880 ⁸³
626 4846 781 4903 Joan.
806 4863 846 4913 ι,
885 4848 977 4905 29.
1051 4850 1096 4882 ⁸⁸
1136 4849 1241 4904 lsa.
1275 4865 1392 4915 Llli,
1424 4849 1477 4903 7.
1553 4850 1598 4881 ’°
1631 4849 1759 4904 ibid.
1791 4845 1907 4902 4-7.

521 4944 632 5017 (16)
681 4944 837 5017 Patet
883 4945 1077 5017 Syrum
1125 4947 1473 5015 interpretem
1518 4946 1711 5017 legisse
1764 4944 2017 5016 πράξεως

448 5012 576 5087 (vel
616 5012 892 5084 ’πράξεων
914 5012 968 5087 ᾖ,
1000 5012 1429 5087 quandoquidem
1485 5012 1706 5085 Anglice
1758 5012 2015 5087 scribitur

446 5084 627 5147 deeds,
686 5100 862 5154 opera.
914 5084 1019 5139 Sed
1068 5086 1247 5154 verior
1303 5087 1461 5142 lectio
1520 5084 1781 5140 habeatur
1839 5085 2011 5141 Graeci

452 5156 620 5226 nostri
662 5153 843 5226 tenus
883 5153 1260 5226 παρατάξεως,
1296 5172 1455 5224 quam
1483 5154 1585 5209 loci
1631 5156 1897 5226 sententia
1919 5171 2012 5223 po-

448 5223 630 5295 stulat.
651 5223 740 5295 (Et
764 5223 979 5293 quidem
998 5240 1122 5293 pars
1144 5226 1299 5295 hujus
1320 5226 1602 5294 fragmeuti
1630 5225 1825 5295 legitur
1848 5225 2009 5279 etiam

449 5292 503 5346 ln
529 5292 718 5348 catena
744 5292 949 5350 codicis
995 5292 1105 5348 tum
1140 5292 1555 5350 Mediolanensis
1593 5292 1703 5348 tum
1752 5294 2011 5349 Parisiaci

450 5361 503 5433 in
525 5363 621 5433 Ep.
644 5364 712 5417 ad
742 5363 904 5419 Hebr.
935 5364 1053 5419 acl.
1084 5363 1339 5420 Cramero
1367 5365 1533 5429 edita,
1558 5380 1611 5433 p.
1635 5364 1761 5419 580.
1791 5366 1806 5432 )
1835 5364 2011 5432 Atque

446 5426 552 5486 hoc
569 5426 702 5505 'loco
730 5442 1016 5505 antequam
1066 5436 1131 5488 ad
1164 5434 1285 5505 Syri
1311 5426 1620 5503 interpretis
1651 5436 1735 5488 vel
1780 5426 2003 5488 ruendo-

447 5510 567 5553 rum
610 5504 695 5554 vel
719 5502 1090 5557 diversitatum
1120 5502 1484 5559 necessariam
1518 5506 1805 5560 identidem
1846 5519 2001 5557 coar-

446 5568 718 5639 gutionem
746 5573 1079 5644 progredior.
1122 5575 1222 5644 aio
1256 5575 1535 5628 enimvero
1582 5575 1787 5644 priscos
1835 5574 2005 5627 inter-

447 5647 644 5716 pretes,
667 5643 962 5716 praesertim
986 5642 1292 5716 Qrieutales
1322 5645 1449 5711 (sed
1480 5642 1595 5699 nec
1611 5643 1830 5716 Latinos
1858 5644 2006 5697 exci-

445 5707 556 5777 pio)
580 5709 634 5782 in_
671 5707 1055 5766 transferendis
1083 5707 1393 5768 Gra'corum
1437 5715 1653 5782 scriptis
1682 5714 1822 5767 haud
1872 5716 2005 5767 satis

443 5777 742 5857 emendate,
768 5794 887 5857 qua:
912 5782 1462 5857 humana_inlirmit_as
1491 5777 1604 5857 est,
1639 5798 1708 5857 se
1751 5785 2001 5853 gessisse.

442 5840 622 5900 Testis
652 5840 953 5903 luculentus
994 5853 1166 5905 nostri
1210 5840 1337 5906 item
1376 5840 1602 5907 Eusebii
1626 5840 2008 5907 Chro‘hicorum

446 5911 705 5974 Ilbrorutn
737 5916 1023 5975 Armenius
1049 5922 1334 5990 interpres,
1359 5924 1450 5991 qui
1476 5938 1597 5978 cum
1632 5923 1861 5993 plurima
1896 5923 2009 5980 feli-

2124 4658 2291 4729 μένην
2328 4658 2616 4728 μέλλοντας
2660 4661 2781 4712 ὅσον
2816 4659 2969 4714 οὔπω
3006 4660 3313 4732 κηρύττειν,
3348 4662 3441 4715 κα)⁸
3467 4662 3564 4733 τὴν
3598 4661 3690 4715 ὑπ’
3730 4669 3741 4745 l

2118 4747 2281 4801 αὐτοῦ
2312 4750 2443 4803 πᾶσι
2473 4752 2584 4815 τοῖς
2625 4751 2802 4805 ἔθνεσι
2830 4753 3226 4825 προϐληθεῖσαν
3262 4754 3603 4808 διδασκαλίαν
3630 4770 3689 4807 τε
3728 4756 3733 4767 ‘

2128 4958 2263 5008 citcr
2303 4954 2665 5018 transtulerit,
2696 4954 2748 5007 in
2779 4953 2958 5008 multis
2992 4962 3169 5007 tamen
3199 4952 3476 5007 evidenter
3501 4965 3687 5019 pecca-

2125 5025 2243 5081 vit:
2284 5038 2445 5092 quam
2496 5038 2594 5092 ego
2646 5027 2962 5077 tuendorum
3004 5025 3214 5090 copiam
3269 5025 3320 5076 in
3374 5022 3685 5092 praefatione

2123 5091 2449 5161 scholiisque
2516 5091 2768 5146 editionis
2812 5093 3226 5147 Mediolanensis
3268 5091 3554 5161 lectoribus
3589 5091 3682 5161 de:

2124 5158 2415 5217 monstravi
2446 5171 2611 5230 atque
2644 5163 2875 5215 correxi.
2914 5165 3047 5215 Item
3080 5163 3148 5216 cl.
3182 5162 3367 5216 doctor
3404 5159 3564 5224 Lens,
3590 5158 3681 5226 qui

2122 5231 2471 5302 propterrhuc
2496 5246 2631 5299 Opus
2658 5230 3003 5298 Theophaniae
3041 5231 3400 5287 Eusebianum
3430 5232 3494 5283 de
3514 5230 3684 5283 sacris

2122 5301 2320 5356 litteris
2349 5301 2727 5354 immortaliter
2759 5302 2982 5355 meritus
3010 5311 3113 5363 est,
3150 5302 3346 5370 Syrum
3384 5314 3536 5370 suum
3578 5312 3681 5353 no"

2119 5372 2285 5427 semel
2311 5373 2658 5436 interpretem
2681 5370 2764 5425 vel
2787 5371 2857 5424 ob
2890 5368 3279 5426 obscuritatem
3319 5368 3402 5423 vel
3452 5368 3584 5424 alias
3614 5371 3684 5421 ob

2110 5456 2309 5497 causas
2346 5441 2593 5509 castigat.

2182 5512 2293 5580 (17)
2319 5506 2577 5580 Syriacus
2611 5518 2787 5564 textus
2817 5509 3264 5579 acceditpropius
3296 5508 3361 5562 ad
3395 5506 3680 5580 Eusebium

2113 5577 2410 5634 Dento-mir.
2434 5579 2639 5651 Evang.
2670 5595 2741 5635 tv.
2762 5582 2848 5647 11,
2872 5582 2959 5636 ed.
2986 5577 3184 5651 Vigeri,
3219 5595 3271 5648 p.
3308 5580 3463 5651 i76_:_
3482 5577 3682 5651 ᾼιόπερ

2112 5651 2207 5772 καὶ
2240 5650 2491 5721 χριοτοὺς
2531 5645 2815 5722 ὀνομάζειν
2835 5645 3039 5714 αὐτοὺς
3055 5645 3283 5712 ’πάντας
3311 5645 3378 5720 ἦν
3410 5647 3680 5715 Ἑϐραίοις

2114 5738 2151 5772 φ
2208 5738 2285 5772 ον.

2208 5738 2264 5773 ον
2271 5758 2285 5773 ο

2114 5738 2285 5789 φιΑον.

2185 5790 2295 5861 (18)
2327 5791 2391 5843 Α.
2426 5790 2465 5844 f.
2487 5790 2615 5844 300.
2647 5792 2699 5845 l9.
2734 5792 2860 5861 Syr.
2894 5808 2978 5857 ιιι,
3009 5791 3096 5846 60.

2189 5860 2299 5932 (19)
2319 5861 2489 5937 Aliter
2517 5862 2719 5931 Syrus;
2745 5860 2888 5920 uuod
2927 5880 3029 5920 non
3066 5863 3252 5918 orobo.
