4008 6516
279 423 384 477 617
1672 423 1761 476 DE
1797 422 2269 478 THEOPHANIA.
3459 424 3561 478 b’l8

277 545 377 598 καὶ
396 543 743 613 θεογνωσίαν
767 549 843 610 εἰς
881 548 1085 611 πάντας
1112 548 1501 616 καταγγέλλειν
1536 548 1649 618 (20)
1682 547 1889 618 ἀνθρώ-

2000 547 2198 615 Deique
2250 548 2533 609 notitiam,
2594 550 2801 605 cunctis
2866 549 3177 605 hominibus
3246 549 3562 603 nuntiaturi.

278 651 453 698 παυς*
488 636 588 699 οὓς
625 636 688 708 δὴ
718 640 924 707 πεῖσμα
966 640 1221 709 μέγιστον
1253 640 1435 693 λαϐεῖν
1470 641 1636 711 ἐχρῆν
1668 641 1766 712 τῆς
1796 658 1891 710 με·

2000 639 2297 708 Discipulos
2352 640 2535 710 itaque
2576 656 2840 696 summam
2889 643 3086 697 habere
3136 642 3383 696 tiduciam
3434 659 3571 711 opus

276 727 347 779 τὰ
376 727 480 779 τὸν
514 728 745 781 θάνατον
773 731 938 800 ζωῆς,
972 731 1049 794 ὡς
1076 731 1143 785 ἂν
1180 733 1355 797 ἀδεεῖς
1388 734 1482 787 καὶ
1515 732 1707 802 ἄφοϐοι
1738 733 1891 787 θανά-

2000 741 2114 787 erat
2140 733 2206 786 de
2236 734 2341 786 vita
2369 742 2491 801 post
2526 732 2731 786 obitum
2766 736 3160 802 recuperanda,
3195 746 3251 789 ut
3286 736 3566 806 intrepidi,

277 834 374 871 του
410 817 515 870 τὸν
551 820 693 873 κατά
721 823 820 891 τῆς
855 822 1117 877 πολυθέου
1151 824 1359 896 πλάνης
1383 826 1570 894 ἀγῶνα
1599 826 1891 897 προθύμως

2000 823 2201 893 absque
2227 823 2336 878 ullo
2364 823 2553 878 mortis
2578 834 2719 878 metu
2749 824 3007 880 adversus
3038 827 3388 897 polytheismi
3420 842 3567 882 erro-

279 910 680 977 ἀναδέξοιντοο
738 915 811 985 μὴ
857 916 964 985 γὰρ
1010 915 1241 971 θανάτου
1276 921 1636 989 καταφρονεῖν
1672 918 1891 989 μελετή-

2000 929 2111 968 rem
2140 925 2414 970 certamen
2452 915 2700 970 alacriter
2728 920 3083 986 susciperent.
3128 917 3262 973 Nam
3297 919 3398 973 nisi
3429 935 3569 973 mor-

281 1016 515 1065 σαντες,
552 1004 654 1057 οὐκ
681 1005 745 1059 ἂν
778 1005 998 1061 πώποτε
1027 1008 1163 1078 πρὸς
1186 1008 1255 1061 τά
1280 1009 1430 1063 δεινὰ
1451 1009 1891 1080 παρεσκευάζον-

2001 1017 2105 1061 tem
2171 1017 2516 1062 contemnere
2575 1010 2975 1073 assuevissent,
3042 1026 3313 1079 nunquam
3380 1022 3570 1065 contra

278 1108 362 1144 το.
409 1095 511 1147 Διὸ
542 1095 607 1166 δὴ
637 1098 954 1166 ἀναγκαίως
984 1100 1221 1164 ὁπλίζων
1256 1102 1452 1164 αὐτοὺς
1494 1100 1636 1154 κατὰ
1672 1103 1770 1172 τῆς
1801 1102 1891 1154 τοῦ

2002 1097 2262 1152 terribilia
2312 1110 2370 1150 se
2421 1096 2801 1152 accinxissent.
2849 1099 3206 1165 Quamobrem
3258 1100 3571 1155 necessario

279 1184 532 1240 Θανάτου
556 1188 878 1253 δυναστείας
916 1190 976 1243 οῦ
1002 1191 1290 1261 ῥηματίοις
1311 1194 1407 1246 καὶ
1433 1197 1640 1261 φωναῖς
1677 1194 1891 1265 παρεδί-

2001 1189 2120 1244 illos
2146 1203 2365 1242 armans
2395 1188 2658 1241 adversus
2690 1189 2878 1243 mortis
2920 1189 3237 1256 potentiam,
3284 1191 3423 1244 haud
3450 1205 3575 1259 pro-

278 1277 375 1330 δου
407 1278 475 1331 τὸ
527 1278 777 1349 μάθημα,
812 1281 931 1334 οῦδὲ
970 1280 1148 1351 λόγοις
1180 1284 1381 1351 ὁμοίως
1420 1285 1777 1356 ἀνθρωπείαις
1805 1287 1891 1339 τὸν

2001 1281 2125 1334 latis
2170 1294 2267 1335 ore
2318 1278 2524 1333 voculis
2566 1279 2866 1333 doctrinam
2903 1280 3043 1333 hanc
3092 1279 3355 1343 tradebat,
3400 1295 3575 1348 neque

283 1369 419 1437 περὶ
471 1368 659 1440 ψυχῆς
689 1369 990 1433 ἀθανασίας
1028 1372 1269 1435 πιθανῶς
1310 1375 1404 1427 καὶ
1450 1374 1510 1439 ἐξ
1538 1377 1762 1430 εἰκότων
1784 1378 1891 1446 (2|)

2001 1386 2312 1426 sermonum
2343 1385 2493 1423 mure
2519 1370 2880 1423 lmmanorum
2922 1375 2988 1424 de
3030 1371 3223 1424 anima:
3253 1371 3570 1425 immortali-

284 1459 641 1513 συντάττων·
679 1461 829 1531 αὐτῷ
860 1462 916 1515 δὲ
951 1462 1097 1534 ἔργῳ
1120 1464 1189 1517 τὰ
1220 1466 1361 1518 κατὰ
1390 1466 1484 1519 τοῦ
1524 1466 1756 1521 θανάτου
1799 1470 1891 1520 ἐπ-

2004 1472 2113 1516 tale
2155 1462 2523 1517 verisimiliter
2551 1461 2888 1527 disserebat,
2920 1464 3012 1516 sed
3050 1462 3165 1531 ipso
3197 1477 3360 1531 opere
3404 1463 3574 1515 relata

285 1549 508 1602 εδείκνυ
533 1551 718 1614 αὐτοῖς
743 1552 1001 1621 τρόπαια.

2001 1556 2069 1610 dc
2092 1565 2267 1609 morte
2309 1565 2505 1623 tropaea
2540 1554 2645 1609 illis
2672 1555 3007 1608 ostendebat.

356 1641 477 1711 (22)
514 1638 624 1694 τιιν
653 1644 755 1713 μὲν
783 1644 889 1715 γὰρ
922 1645 1084 1700 πάλαι
1112 1648 1375 1719 πρότερον
1399 1648 1630 1721 φοϐερὸς
1654 1652 1769 1710 τοῖς
1800 1652 1891 1703 πᾶ-

2073 1647 2216 1701 Sane
2280 1656 2397 1701 erat
2444 1647 2570 1700 olim
2624 1647 2832 1700 cunctis
2882 1645 3140 1700 terribilis
3189 1646 3280 1699 illa
3330 1645 3576 1699 mortalis

285 1749 369 1785 σιν
392 1735 424 1785 ὁ
444 1733 548 1786 τοῦ
580 1734 775 1805 θνητοῦ
807 1737 995 1804 γένους
1019 1738 1211 1809 ὁλετὴρ
1239 1738 1484 1804 θάνατος,
1499 1741 1590 1793 καὶ
1614 1740 1765 1805 λύσις
1791 1743 1891 1794 ἐνο-

2006 1740 2217 1806 generis
2247 1738 2517 1808 pernicies
2550 1756 2731 1803 mors;
2768 1748 2824 1792 et
2846 1737 3128 1792 dissolutio
3163 1738 3579 1790 existimabatur

289 1820 487 1891 μίξετο
515 1824 618 1894 τῆς
653 1824 781 1896 ὅλης
814 1826 1102 1898 ἀνθρώπου
1139 1828 1372 1896 φύσεως,
1410 1830 1587 1902 ψυχῆς
1632 1832 1767 1902 ὁμοῦ
1806 1834 1891 1885 καῖ

2004 1830 2272 1885 universa:
2303 1830 2542 1884 hominis
2572 1839 2798 1889 naturae.
2824 1828 3018 1881 anima:
3042 1828 3200 1882 simul
3229 1838 3284 1882 et
3306 1829 3573 1895 corporis,

288 1913 576 1985 σώματος,
630 1918 662 1987 ή
701 1918 890 1971 τούτου
936 1918 1255 1974 δυναστεία·
1302 1923 1422 1976 οὐδέ
1456 1941 1537 1988 τις
1581 1920 1651 1995 ἦν
1687 1925 1796 1977 τῶν
1837 1924 1891 1990 ἐξ

2005 1922 2193 1974 mortis
2233 1931 2583 1990 potentatus:
2638 1936 2902 1990 nemoque
2931 1935 2997 1973 ex
3027 1921 3172 1974 omni
3200 1935 3315 1973 :evo
3341 1922 3570 1974 exstite-

285 2007 491 2070 αἰῶνος
528 2003 642 2070 οἷός
675 2026 734 2061 τε
767 2010 918 2062 τουτὶ
955 2010 1016 2063 τὸ
1061 2011 1331 2085 φόδητρον
1366 2016 1424 2081 ἐξ
1458 2015 1760 2087 ἀνθρώπων
1802 2016 1897 2069 ἀν-

285 2099 451 2153 ελεῖν·
501 2101 707 2165 πάντες
737 2102 780 2154 δ’
819 2104 1127 2174 ὲπτήχεσαν
1157 2106 1306 2177 φόϐῳ
1340 2110 1525 2179 μικροὶ
1547 2110 1642 2162 καὶ
1669 2108 1894 2180 μεγάλοι

285 2189 379 2241 τὸν
417 2190 690 2246 θάνατον·
733 2193 834 2245 οὐκ
858 2187 926 2263 ἦν
976 2210 1035 2246 τε
1070 2194 1164 2247 τοῦ
1203 2198 1374 2251 κακοῦ
1424 2202 1768 2273 παραμύθιον
1804 2206 1895 2259 άν-

286 2280 561 2352 θρώποις,
606 2285 667 2337 οὐ
694 2285 872 2357 λόγος,
899 2290 959 2342 οὐ
991 2291 1211 2363 τρόπος,
1240 2294 1299 2345 οὐ
1329 2292 1462 2363 βίος,
1498 2296 1557 2347 οὐ
1595 2296 1773 2365 σοφῶν
1809 2298 1897 2353 λο-

286 2375 515 2444 γισμὸς,
541 2376 603 2428 οὐ
640 2376 882 2431 παλαιῶν
916 2382 1346 2453 συγγράμματα,
1380 2385 1440 2436 οῦ
1482 2388 1776 2455 προφητῶν
1808 2388 1894 2441 θε-

289 2466 608 2536 σπίσματα,
632 2468 724 2521 καὶ
743 2470 992 2537 ἀγγέλων
1024 2474 1332 2542 ἐπιφάνειαι
1352 2493 1365 2505 ·
1396 2476 1612 2529 πάντων
1636 2477 1691 2530 δὲ
1717 2481 1893 2551 κρείτ-

286 2571 397 2607 των
426 2558 527 2609 καὶ
545 2557 817 2629 ἀνώτερος
838 2560 936 2631 τὴν
960 2563 1099 2617 κατά
1117 2565 1335 2619 πάντων
1362 2565 1517 2638 νίκην
1550 2568 1765 2639 ἐπεῖχεν
1782 2570 1893 2641 (23)

287 2649 316 2699 ὀ
350 2648 612 2713 θάνατος,
651 2652 873 2721 ὑψηλὸς,
923 2657 1283 2728 μεγάλαυχος,
1330 2661 1676 2731 ὑπερήφανος
1699 2678 1712 2692 ·
1830 2664 1894 2734 δὴ

290 2740 837 2812 καταδεδουλωμένον
867 2746 927 2798 τὸ
962 2747 1153 2819 θνητὸν
1184 2751 1341 2818 γένος
1376 2753 1656 2817 παντοίαις
1677 2754 1893 2809 ἐκαλιν-

291 2828 435 2884 δεῖτο
465 2835 859 2905 παρανομίαις,
890 2842 1243 2908 μιαιφονίαις,
1280 2842 1742 2914 ἀθεμιτουργίαις,
1771 2847 1895 2900 δυσ-

294 2924 564 2989 σεϐείαις,
598 2929 916 3002 πολυπλόκῳ
936 2933 1112 3007 πλάνῃ
1136 2951 1149 2964 ο
1181 2935 1385 2990 τούτων
1408 2936 1518 3009 γὰρ
1538 2933 1606 3009 ἦν
1635 2939 1892 2994 ἁπάντων

295 3013 533 3080 θάνατος
562 3018 754 3082 αἴτιος.
800 3022 886 3084 Ὠς
913 3022 1022 3095 γὰρ
1066 3026 1261 3095 μηκέτι
1285 3026 1437 3089 ὄντες
1472 3028 1610 3099 μετά
1641 3028 1890 3093 θάνατον,

292 3106 361 3159 τά
388 3109 609 3180 μυρίων
634 3111 879 3166 θανάτων
912 3115 1037 3181 ἀξια
1060 3116 1293 3188 δρῶντες
1325 3118 1512 3190 διῆγον
1532 3137 1545 3150 ’
1579 3121 1672 3173 καὶ
1703 3121 1780 3185 ὡς
1805 3122 1893 3174 εὑ-

296 3197 489 3264 θῦναις
531 3202 780 3273 οὐδαμῶς
808 3206 1155 3277 ὐποκείμενοι
1189 3207 1275 3262 διά
1310 3210 1409 3281 τὴν
1435 3212 1499 3264 ὲκ
1534 3211 1630 3264 τοῦ
1662 3212 1891 3267 θανάτου

294 3290 473 3356 λύσιν,
505 3293 616 3363 βίον
640 3294 777 3357 ἕξων
799 3297 1051 3353 ἀϐίωτον.
1084 3298 1190 3363 Οὓς
1213 3300 1276 3371 δὴ
1298 3302 1680 3373 κατελεήσαςό
1699 3305 1891 3374 Λόγος,

295 3382 386 3436 ἐπὶ
423 3386 537 3455 τὴν
576 3387 787 3457 ἄμυναν
822 3390 1086 3446 ἔσπευσεν
1111 3410 1123 3424 ο
1162 3389 1261 3447 εἷθ’
1295 3387 1381 3448 οἷα
1426 3394 1677 3464 βασιλεὺς
1709 3398 1894 3467 φιλαν-

296 3474 651 3545 θρωπότατος
677 3481 774 3534 τὸν
804 3482 945 3535 κατὰ
976 3482 1069 3536 τοῦ
1095 3483 1323 3538 θανάτου
1354 3484 1571 3555 ἔλεγχον
1595 3486 1662 3538 δι’
1684 3488 1893 3560 ἀνθρώ-

298 3583 401 3620 που
447 3569 669 3637 φύσεως
703 3572 1037 3642 ἐμηχανᾶτο,
1084 3572 1197 3645 ζωὴ
1243 3575 1342 3646 μὲν
1385 3576 1547 3640 αὐτὸς
1584 3578 1890 3648 τυγχάνων,

297 3661 391 3712 καὶ
418 3661 561 3714 Θεοῦ
594 3664 787 3731 Λόγος,
825 3666 921 3719 καὶ
945 3665 1080 3721 Θεοῦ
1114 3666 1341 3737 δύναμις
1363 3684 1377 3698 ο
1410 3668 1522 3722 ἀλλ’
1554 3672 1615 3724 οὐ
1648 3671 1769 3742 δίχα
1799 3672 1894 3726 τοῦ

299 3750 669 3822 βοηθουμένου
717 3756 777 3809 τὸ
804 3756 912 3809 τῶν
954 3758 1257 3830 ἀνθρώπων
1307 3760 1577 3831 φόϐητρον
1626 3762 1893 3831 διελέγξαι

299 3845 516 3913 κρίνας.
569 3846 659 3898 Διὸ
704 3848 767 3917 δὴ
812 3850 963 3920 ὅπλῳ
1022 3852 1363 3922 χρησάμενος
1403 3852 1748 3925 ἀνθρωπείῳ,
1802 3856 1895 3909 καὶ

297 3932 483 4005 θνητῴ
505 3933 717 4005 σώματι
746 3941 774 3991 ὁ
807 3938 1119 4010 ἀσώματος,
1152 3942 1240 3995 τὸν
1282 3942 1511 3997 θάνατον
1536 3944 1623 3998 διὰ
1650 3946 1743 3998 τοῦ
1768 3946 1895 4017 θνη-

298 4025 389 4078 τοῦ
416 4029 835 4097 κατηγωνίσατο
854 4048 865 4060 ’
904 4033 999 4085 καὶ
1029 4034 1173 4102 μέγα
1204 4034 1388 4105 θαῦμα
1440 4038 1551 4098 τοῖς
1579 4039 1742 4090 πᾶσιν
1786 4040 1893 4091 ἀπ-

298 4114 492 4183 έδειξε,
535 4119 791 4189 τρόπαιον
816 4119 1115 4185 ἀθανασίας
1143 4122 1284 4176 κατὰ
1310 4124 1403 4177 τοῦ
1439 4124 1665 4179 θανάτου
1687 4125 1773 4178 διά
1799 4124 1893 4178 τοῦ

298 4204 500 4278 θνητοῦ
536 4208 700 4261 ὅπλου
728 4213 929 4282 στήσας
961 4213 1091 4281 ('25).
1136 4214 1312 4283 Ἥφίει
1349 4216 1448 4285 μὲν
1476 4216 1583 4287 γὰρ
1614 4216 1674 4268 τὸ
1700 4216 1894 4286 θνητὸν

298 4296 375 4357 si;
408 4297 579 4368 βοράν
603 4300 679 4371 τῷ
702 4300 873 4373 θηρίῳ
895 4302 1036 4372 (25)’
1070 4303 1129 4356 τὸ
1157 4303 1200 4356 δ’
1216 4304 1413 4358 αὐτίκα
1440 4305 1519 4375 τῷ
1545 4304 1702 4375 ίκρίῳ
1730 4322 1895 4376 προσ-

296 4386 494 4456 ηλοῦτο
546 4390 1087 4465 ἀπο-ταυρούμενον
1138 4393 1215 4458 ὡς
1254 4394 1320 4448 ἂν
1352 4398 1467 4457 τοῖς
1512 4396 1679 4447 πᾶσιν
1723 4399 1755 4468 ὴ
1800 4394 1894 4449 τοῦ

300 4476 499 4552 θνητοῦ
520 4482 844 4555 γνωρισθείη
882 4484 1061 4553 φύσις,
1098 4486 1231 4556 μηδέ
1260 4504 1379 4540 τινα
1412 4485 1562 4539 λάθοι
1586 4486 1645 4539 τὸ
1667 4488 1896 4557 πραττό-

2007 2022 2107 2075 rat,
2132 2014 2222 2081 qui
2257 2012 2360 2066 hoc
2396 2012 2889 2067 lerriculamentum
2924 2028 2989 2065 ex
3035 2012 3345 2067 hominibus
3384 2011 3571 2066 tollere

2004 2113 2206 2171 posset,
2254 2104 2545 2172 cunctique
2610 2123 2639 2156 a
2698 2118 2894 2173 magno
2942 2118 3114 2169 usque
3171 2103 3235 2156 ad
3288 2102 3568 2157 minimum

2005 2193 2197 2246 mortis
2225 2192 2417 2246 timore
2466 2192 2927 2259 percellebantur;
2980 2194 3216 2263 nihilque
3264 2206 3379 2247 erat
3428 2195 3572 2262 quod

2004 2282 2130 2337 huic
2157 2283 2298 2338 malo
2324 2284 2574 2340 solatium
2604 2286 2904 2351 conferret,
2942 2300 3046 2338 non
3075 2300 3272 2344 serum.
3308 2302 3415 2339 non
3454 2302 3571 2339 mo-

2004 2375 2103 2429 dus
2128 2374 2357 2445 aliquis.
2394 2393 2499 2431 non
2546 2379 2875 2448 sapientium
2925 2378 3187 2442 consilia,
3228 2393 3332 2433 non
3365 2378 3574 2447 prisco-

2004 2481 2121 2520 rum
2156 2466 2377 2529 litterze,
2410 2483 2514 2523 non
2546 2471 2936 2540 prophetarum
2977 2470 3199 2529 oracula
3222 2509 3240 2536 ,
3272 2485 3377 2525 non
3409 2483 3575 2538 ange-

2004 2558 2178 2613 lorum
2216 2561 2579 2630 apparitiones
2611 2577 2626 2613 :
2663 2563 2756 2618 sed
2792 2565 3049 2618 omnibus
3090 2564 3282 2618 fortior
3326 2572 3381 2615 et
3413 2576 3576 2630 supe—

2006 2651 2115 2704 rior
2138 2651 2494 2707 universalem
2526 2656 2810 2710 victoriam
2833 2657 3113 2711 obtinebat
3142 2672 3310 2719 mors,
3333 2654 3574 2717 excelsa,

2004 2741 2376 2812 gloriabunda,
2422 2746 2684 2813 superba.
2738 2746 2825 2802 cui
2876 2748 3241 2817 mancipatum
3279 2747 3572 2800 lnnnauum

2004 2849 2194 2902 genus,
2222 2836 2277 2889 in
2302 2838 2450 2891 omni
2480 2836 2823 2891 volutabatur
2853 2840 3080 2903 scelere,
3103 2839 3362 2899 caulibus,
3397 2837 3577 2890 nefan-

2003 2926 2088 2980 dis
2118 2930 2405 2997 operibus,
2436 2930 2838 2999 inreligiositate
2861 2972 2876 2996 ,
2904 2932 3301 3007 multiplicique
3328 2945 3574 2985 errorum

2001 3032 2217 3086 genere.
2269 3020 2476 3089 Quippe
2520 3022 2715 3077 horum
2764 3024 3005 3078 omniqu
3044 3038 3189 3079 mors
3221 3038 3386 3077 causa
3412 3032 3572 3077 erat:

2003 3122 2237 3176 namque
2295 3111 2561 3173 homines,
2616 3128 2714 3167 ceu
2763 3123 2886 3182 post
2940 3115 3146 3167 obitum
3200 3114 3331 3168 nihil
3392 3124 3577 3168 essent

2005 3196 2189 3264 futuri,
2258 3201 2420 3269 digna
2468 3203 2695 3259 infinitis
2744 3205 3008 3259 mortibus
3061 3206 3575 3275 perpetrabant:ac

1997 3290 2163 3345 veluti
2193 3291 2322 3346 nulli
2343 3307 2515 3360 pinnae
2540 3293 2759 3348 obnoxii
2781 3334 2795 3360 ,
2820 3307 3039 3366 pr0pter
3068 3310 3185 3351 eam
3214 3312 3374 3364 quam
3404 3306 3577 3348 morte

1998 3382 2112 3437 fieri
2141 3383 2432 3439 credebant
2468 3383 2896 3448 dissolutionem,
2929 3387 3092 3440 vitam
3122 3386 3239 3441 sine
3276 3389 3382 3462 vita
3413 3387 3577 3451 dege-

1997 3471 2147 3526 bant.
2207 3471 2354 3539 Quos
2406 3473 2671 3529 miserans
2722 3474 3003 3540 Verbum,
3066 3478 3133 3533 ad
3205 3477 3575 3531 auxiliandum

1998 3562 2295 3619 festinavit.
2332 3566 2529 3621 Deinde
2564 3574 2623 3619 ut
2650 3582 2748 3621 rex
2782 3567 3241 3623 clementissimus
3281 3568 3573 3622 coercitio-

1997 3673 2117 3712 nem
2175 3660 2365 3714 mortis
2414 3674 2511 3729 per
2557 3659 2793 3715 hominis
2866 3670 3114 3715 naturam
3179 3662 3396 3716 molitus
3447 3670 3577 3726 est;

1997 3764 2227 3817 cumque
2279 3751 2324 3804 is
2370 3752 2479 3805 vita
2538 3752 2651 3821 ipsa
2710 3753 2815 3819 sit,
2869 3762 2924 3807 et
2968 3752 3062 3808 Dei
3120 3751 3382 3817 Verbum,
3414 3762 3579 3819 atque

1998 3844 2259 3913 potentia,
2316 3860 2423 3900 non
2476 3846 2593 3900 sine
2646 3854 2826 3901 tamen
2888 3847 3002 3915 ipsa
3068 3846 3427 3908 humanitate,
3488 3849 3574 3898 cui

1996 3950 2152 4005 opem
2183 3934 2409 4000 ferebat,
2441 3946 2705 3992 terrorem
2740 3939 3021 3992 hominum
3057 3939 3124 3993 de
3164 3938 3343 3990 medio
3372 3935 3565 3990 tollen-

1998 4027 2125 4080 dum
2142 4026 2427 4095 judicavit.
2460 4027 2844 4092 Quamobrem,
2868 4030 3032 4082 armis
3080 4039 3238 4081 utens
3288 4026 3561 4088 humanis,

1999 4118 2213 4171 mortali
2249 4118 2301 4171 in
2350 4133 2579 4185 corpore
2620 4120 3002 4188 incorporeum
3053 4118 3284 4173 Verbum
3346 4125 3577 4172 mortem

1998 4224 2058 4263 re
2080 4211 2296 4264 mortali
2330 4210 2638 4274 debellavit,
2670 4212 2982 4281 grandeque
3010 4211 3332 4265 miraculum
3358 4208 3571 4263 cunctis

1996 4302 2328 4364 ostentavit,
2377 4303 2800 4358 immortalitatis
2835 4314 3092 4372 tropaeum
3131 4304 3389 4357 adversus
3432 4314 3576 4354 mor-

2000 4404 2106 4448 tem
2139 4395 2461 4449 mortalibus
2489 4396 2658 4449 armis
2688 4406 2954 4450 statuens.
2982 4395 3192 4463 Quippe
3212 4409 3362 4447 suam
3389 4394 3571 4453 voraci

1998 4484 2189 4538 bellua:
2226 4484 2508 4538 mortalem
2542 4495 2754 4554 partem
2781 4486 3035 4550 tradidit,
3063 4500 3183 4553 qua:
3216 4483 3398 4537 statim
3428 4481 3574 4550 ligno

304 4587 485 4640 μενον,
522 4573 595 4644 μὴ
627 4574 948 4646 ἀνθρώπων,
997 4577 1070 4647 μὴ
1101 4578 1370 4648 δαιμόνων
1389 4595 1400 4607 ·
1432 4579 1597 4649 ἐχρῆν
1620 4579 1727 4651 γάρ
1760 4580 1891 4634 πάν-

2000 4575 2169 4631 clavis
2199 4578 2409 4631 confixa
2448 4577 2570 4643 fuit,
2602 4588 2658 4632 ut
2681 4578 2764 4633 sui
2798 4577 3050 4647 corporis
3091 4586 3281 4629 natura
3331 4571 3574 4627 mortalis

300 4678 397 4728 τας
430 4665 677 4734 ἀκριϐῶς
707 4667 765 4719 τὸ
793 4666 984 4739 θνητὸν
1021 4668 1169 4733 ἰδεῖν,
1196 4670 1272 4733 ὡς
1317 4672 1375 4722 ὲν
1408 4671 1648 4741 μεγίστῳ
1676 4670 1891 4742 θεάτρῳ

302 4754 398 4825 τὴν
431 4755 635 4809 οἰκείαν
662 4758 957 4829 ὁμολογοῦν
986 4760 1146 4829 φύσιν
1168 4778 1180 4791 ·
1218 4762 1283 4813 ἵν’
1316 4762 1440 4833 ἑξῆς
1470 4761 1711 4815 ἐπελθὼν
1736 4762 1765 4813 ὁ
1791 4762 1888 4816 θά-

302 4860 481 4910 νατος,
500 4840 587 4898 οἵα
609 4846 710 4918 θὴρ
738 4848 925 4913 δεινὸς,
948 4843 1056 4913 οἷός
1086 4852 1169 4913 τίς
1196 4849 1313 4902 ποτ’
1340 4845 1429 4921 ἦν,
1453 4851 1642 4903 ἑαυτὸν
1664 4849 1857 4923 ἐλέγξῃ
1876 4867 1887 4878 ·

302 4938 543 4991 κᾶπειτα
570 4939 668 5008 τῆς
692 4940 835 5010 ζωῆς
859 4943 891 5010 ἡ
926 4940 1174 5011 δύναμις,
1211 4941 1349 5009 μετά
1383 4940 1610 4994 θάνατον
1638 4941 1893 4994 ἐπελθοῦ-

304 5044 391 5091 σα,
436 5033 552 5093 τοῖς
586 5034 750 5084 πᾶσιν
792 5027 947 5095 αὖθις
992 5033 1092 5103 τὴν
1124 5031 1265 5085 κατὰ
1307 5030 1401 5083 τοῦ
1445 5032 1675 5085 θανάτου
1717 5049 1894 5104 παρα-

303 5125 569 5193 στήσηται
624 5125 812 5195 νίκην,
863 5125 923 5178 τὸ
979 5125 1171 5195 θνητὸν
1219 5124 1485 5179 ἀθάνατον
1536 5123 1887 5189 ἀποδείξασα.

376 5396 486 5468 (20)
506 5397 675 5467 Syrus
696 5399 907 5453 videtur
940 5400 1137 5469 legisse
1177 5399 1512 5455 ἀνατέλλειν.

375 5470 491 5540 (2i)
520 5472 759 5537 Apparet
791 5470 987 5537 Syrum
1019 5471 1214 5540 legisse
1247 5471 1495 5526 εἰκόνων.

376 5539 491 5610 (22)
533 5542 657 5608 Syr.
684 5556 768 5602 ιιι,
806 5542 893 5594 bl.

377 5632 490 5703 (25)
520 5632 691 5702 Syrus
722 5634 883 5703 paulo
915 5633 1075 5687 aliter
1108 5634 1390 5702 periodum
1422 5634 1632 5689 dividit.

376 5723 488 5808 (μ)
532 5723 929 5808 [lactenrrs‘hoc
975 5722 1333 5808 fragmentum
1372 5727 1606 5808 (nem'pe
1639 5724 1715 5808 ⁹ιιι)
1776 5722 1883 5808 illis

310 5789 485 5867 Verbis
528 5789 597 5865 ἦν
641 5795 739 5864 μὲν
775 5795 884 5865 γάρ
912 5789 1099 5867 Δςιτέιλαξι
1145 5789 1411 5864 πρότερον
1454 5789 1879 5867 φοϐερός-θερί)

314 5864 570 5918 recitatur
599 5870 665 5916 ad
690 5864 879 5918 eodem
905 5865 1091 5917 Niceta
1127 5870 1292 5917 etiam
1319 5883 1369 5917 Ill
1397 5864 1679 5919 ealeua'ad
1704 5864 1877 5935 Epist.

550 5963 823 6015 ΡΑτιιοι..
872 5957 991 6018 (in.
1045 5958 1193 6017 ΧΧΙ
1209 5958 1276 6016 ν.

1996 4667 2066 4720 ab
2111 4670 2366 4723 omnibus
2393 4679 2798 4739 agnosceretur,
2841 4683 2939 4722 nec
2972 4680 3300 4737 quemquam
3337 4678 3423 4717 res
3452 4670 3570 4715 acta

1993 4754 2183 4811 lateret
2236 4758 2349 4811 sive
2403 4759 2674 4811 hominem
2743 4756 2859 4811 sive
2910 4757 3230 4809 daamonem.
3311 4754 3575 4806 Intererat

1994 4850 2139 4905 enim
2183 4861 2242 4902 ut
2280 4865 2471 4905 omnes
2505 4858 2761 4904 accurate
2802 4849 3048 4903 viderent
3074 4863 3195 4901 eum
3227 4845 3317 4915 qui
3363 4844 3565 4898 morie-

1996 4941 2177 5004 batur,
2204 4940 2475 5010 propriam
2515 4940 2862 4993 confitentem
2886 4980 2901 5002 ,
2954 4948 3208 5006 tanquam
3260 4937 3315 4988 iu
3354 4942 3573 4999 specta-

1995 5032 2119 5086 culo
2164 5032 2422 5095 maxime,
2474 5040 2751 5093 naturam;
2818 5041 2877 5083 ut
2936 5029 3130 5083 deinde
3188 5023 3574 5095 superveniens

1998 5138 2166 5187 mors,
2204 5140 2301 5176 cett
2341 5124 2457 5175 dira
2488 5123 2666 5176 bellua
2694 5161 2708 5185 ,
2732 5136 2980 5192 quaenam
3017 5121 3245 5189 ipsamet
3277 5126 3437 5177 esset,
3476 5128 3571 5183 per

1994 5397 2060 5453 ad
2099 5397 2263 5453 llebr.
2293 5412 2412 5465 cap.
2463 5396 2671 5459 u,-t7;
2713 5397 2985 5465 sedrrecte
3016 5393 3233 5465 quidem
3286 5392 3337 5445 in
3386 5393 3572 5465 codice

1992 5462 2382 5537 Mediolanensi
2410 5482 2474 5520 ex
2509 5464 2885 5534 Εὐαγγελικῆς
2921 5462 3261 5537 θεοφανείοιςζ
3316 5463 3574 5517 mendose

1991 5547 2171 5591 autem
2210 5540 2260 5591 in
2295 5533 2574 5590 Parisiaco
2618 5544 2700 5605 (ut
2741 5533 2883 5605 certe
2932 5543 3015 5586 est
3058 5534 3199 5603 apud
3222 5533 3567 5595 Cramerunt,

1988 5622 2041 5677 p.
2069 5607 2195 5685 426)
2251 5603 2633 5676 Εὑαγγε).ικῆς
2664 5603 3014 5668 ἀποδείξεως.

2057 5721 2171 5791 (25)
2213 5720 2432 5779 Bellum.
2466 5720 2517 5773 id
2546 5722 2851 5791 estmorti,
2893 5736 2999 5777 non
3041 5720 3227 5774 belluis
3260 5728 3321 5773 ut
3374 5718 3565 5789 Syrus,

1990 5809 2082 5847 seu
2128 5793 2271 5857 angl.
2320 5794 2509 5844 beasts.
2556 5790 2757 5860 Nempe
2796 5794 2955 5861 paulo
2995 5792 3133 5847 infra
3173 5806 3318 5844 nmrs
3360 5791 3563 5842 disme

1991 5865 2190 5918 dicitur
2232 5862 2424 5917 bellua.

3212 5952 3293 6010 2t)
