4008 6508
527 435 628 490 619

1190 425 1452 481 EUSEBH
1490 426 1966 483 CzESARIENSIS
2003 426 2061 482 Ol

2193 426 2374 481 PARS
2413 428 2500 482 IV.
2542 459 2607 468 —
2650 429 3065 485 DOGMATICA.

3655 429 3771 482 630

526 560 583 599 se
640 544 935 614 proderet:
974 552 1349 613 postremoque
1402 547 1523 599 vita:
1582 548 1793 611 virtus,
1854 556 2061 599 murtett

2191 548 2299 616 ('26)
2348 547 2521 615 Ἰἰφίει
2553 549 2662 615 (27)
2691 549 2869 603 τοίνυν
2899 550 3031 619 πρὸς
3062 548 3232 618 βραχῦ
3257 548 3317 599 τὸ
3353 547 3508 616 σῶμα
3540 550 3570 615 ἡ
3600 545 3771 598 τοῦτο

527 640 832 701 subsecuta,
865 641 1071 694 cunctis
1097 640 1338 693 vicissim
1384 656 1534 693 suam
1571 640 1827 694 adversus
1856 649 2080 693 mortem

522 731 804 784 victariam
837 730 1011 799 palam
1045 730 1266 793 faceret,
1311 731 1438 785 dum
1483 733 1715 786 mortale
1754 747 1946 801 corpus
1980 732 2082 784 im-

523 821 748 876 mortale
783 821 893 889 jam
921 822 1154 877 sis:eret.
1204 822 1415 877 Dimisit
1457 823 1634 892 itaque
1668 825 1811 877 brevi
1844 833 2080 891 tempore

520 924 734 981 corpus,
766 925 827 965 ea
862 927 981 981 quae
1012 914 1112 967 hoc
1138 913 1440 975 possidebat
1476 914 1565 967 Dei
1600 912 1755 967 Verbi
1787 913 1991 975 virtus;
2026 921 2081 965 et

2189 638 2549 708 διακρατοῦσα
2582 638 2673 691 τοῦ
2698 639 2830 692 Θεοῦ
2860 640 3030 706 Λόγου
3053 636 3299 707 δύναμις·
3326 636 3433 705 (‘28)
3454 636 3513 688 τὸ
3528 635 3570 687 δ’
3586 636 3765 704 ἀνηρ-

2189 746 2252 799 τη
2262 731 2416 799 μένον
2438 730 2528 782 ἐπὶ
2542 728 2633 781 τοῦ
2652 729 2806 792 ξύλου
2831 733 3168 800 παραχρῆμα
3198 729 3387 799 νεκρὸν
3411 723 3497 797 ἦν·
3516 727 3630 779 ἀλλ’
3659 727 3767 795 οὐχ

2186 821 2214 871 6
2238 819 2401 886 Λόγος
2435 820 2463 870 ὀ
2493 819 2750 883 ζωοποιὸς
2772 820 2832 872 τὸ
2863 820 3220 890 νεκρούμενον
3254 815 3321 889 ἦν
3346 836 3358 847 ·
3387 818 3448 869 τὸ
3474 817 3529 869 δὲ
3564 816 3767 887 θνητὸν

2186 909 2283 980 τὴν
2304 911 2508 963 οἰκείαν
2529 912 2803 981 ὡμολόγει»
2825 912 3001 979 φύσιν.

518 1004 801 1060 confestim
836 1005 960 1059 illud
983 1010 1121 1073 quod
1158 1009 1224 1060 de
1263 1006 1407 1075 ligno
1481 1007 1785 1076 pendebat,
1854 1015 2123 1059 mortuum
2188 1013 2298 1067 est;
2357 1019 2460 1057 non
2517 1013 2692 1058 tamen
2748 1005 3023 1057 vivitieum
3078 1001 3313 1056 Verbum
3392 1000 3770 1059 exstinctum;

517 1113 644 1167 pars
698 1100 1067 1151 tantummodo
1110 1098 1312 1152 Christi
1357 1099 1600 1153 mortalis
1643 1110 1888 1153 naturam
1928 1112 2079 1151 suam
2121 1098 2440 1151 testabatur.

591 1178 847 1256 Sepulcro
885 1190 1177 1244 secundum
1218 1190 1493 1244 hominum
1527 1192 1668 1262 leges
1697 1194 1924 1246 traditus
1957 1191 2075 1248 fuit.

517 1278 646 1332 Erat
708 1290 886 1335 autem
939 1281 1243 1350 sepulcrum
1312 1282 1564 1351 spelunca
1619 1300 1787 1352 nuper
1841 1285 1893 1338 in
1948 1300 2078 1337 saxo

517 1364 719 1429 excisa,
748 1366 951 1420 nullum
987 1368 1163 1421 adhuc
1200 1366 1433 1423 cadaver
1467 1380 1710 1439 experta,
1759 1375 1882 1442 quia
1913 1388 2076 1441 opor-

514 1456 662 1510 lebat
695 1458 909 1512 unicum
941 1456 1176 1513 loculum
1234 1462 1323 1513 uni
1375 1460 1594 1517 insolito
1628 1474 1840 1518 mortuo
1886 1466 2073 1521 deser-

518 1549 653 1602 vire.
685 1548 930 1620 Miraque
959 1550 1075 1605 visu
1110 1560 1225 1605 erat
1255 1563 1399 1619 petra
1434 1556 1670 1621 spatioso
1718 1556 1770 1609 in
1809 1557 1929 1612 loco
1961 1559 2072 1613 sola

513 1650 736 1695 cxstans
765 1650 967 1704 erecta,
1019 1651 1349 1712 antrumque
1385 1646 1597 1699 unicum
1642 1648 1785 1702 intus
1832 1650 2071 1716 habens;

519 1748 584 1787 ne
610 1730 654 1786 si
682 1732 817 1786 forte
848 1732 997 1801 plura
1026 1748 1251 1802 corpora
1293 1737 1599 1805 excepisset
1622 1779 1635 1800 ,
1670 1738 1784 1808 ejus
1811 1742 1900 1810 qui
1940 1758 2075 1795 tuor-

514 1832 620 1875 tem
661 1823 1059 1888 debellaverat,
1105 1826 1421 1880 miraculum
1462 1826 1802 1885 obscuraret.
1854 1831 2076 1888 Jacebat

2252 1189 2360 1258 (‘29)
2388 1188 2642 1259 Μνήματι
2680 1190 2733 1241 δὲ
2765 1189 2904 1242 κατὰ
2945 1188 3142 1259 νόμους
3188 1185 3486 1257 ἀνθρώπων
3530 1184 3762 1255 παρεδί-

2178 1284 2298 1335 δοτο
2320 1299 2332 1311 °
2362 1282 2421 1335 τδ
2446 1282 2501 1334 δὲ
2525 1282 2712 1351 μνῆμα
2742 1283 3002 1353 σπήλαιον
3029 1276 3096 1350 ἦν
3126 1281 3247 1350 ἄρτι
3271 1278 3410 1332 κατὰ
3442 1278 3647 1348 πέτρας
3670 1276 3762 1327 λε·-

2179 1373 2522 1443 λαξευμένον,
2567 1372 2718 1426 οὖπω
2769 1372 3019 1443 σώματος
3073 1372 3259 1441 ἐτέρου
3316 1369 3754 1441 πεπειραμένον·

2184 1467 2286 1519 ἔδει
2312 1465 2419 1535 γὰρ
2450 1464 2594 1535 μόνῳ
2627 1464 2737 1534 (50)
2774 1464 3052 1533 σχολάζειν
3084 1462 3161 1532 τῷ
3193 1463 3337 1532 μόνῳ
3362 1460 3649 1532 παραδόξῳ
3679 1478 3762 1514 νε-

2184 1556 2313 1628 κρῷ.
2342 1556 2638 1626 Θαυμαστὴ
2678 1556 2733 1608 δὲ
2766 1556 2945 1625 ἰδεῖνή
2981 1556 3153 1626 πέτρα
3188 1556 3244 1607 ἐν
3270 1553 3573 1626 ἡπλωμένῳ
3594 1551 3761 1623 χώρῳ

2187 1649 2318 1719 μόνη
2356 1649 2534 1715 ὄρθιος
2558 1648 2920 1718 ἀνεσταμένη·
2974 1647 3066 1700 καί
3108 1647 3263 1715 μόνον
3304 1642 3371 1715 ἦν
3402 1646 3593 1716 ἄντρον
3626 1646 3761 1697 εἴσω

2182 1743 2238 1793 ἐν
2270 1742 2405 1813 αὐτῇ
2454 1741 2798 1811 περιέχουσα.
2841 1740 2915 1802 ὼς
2956 1738 3021 1792 ἂν
3068 1738 3161 1809 μὴ,
3206 1736 3414 1789 πολλῶν
3460 1735 3757 1805 γενομένη,

2182 1835 2279 1888 τοῦ
2301 1836 2392 1887 τὸν
2419 1835 2642 1888 θάνατον
2673 1831 3187 1900 καταγωνισαμένου
3212 1830 3509 1901 ἐπισκιάσῃ
3530 1828 3591 1881 τὺ
3624 1827 3758 1881 θαῦ-

515 1913 582 1966 ihi
614 1915 914 1969 evstiuctus
946 1917 989 1969 is
1016 1918 1105 1984 qui
1139 1926 1256 1970 erat
1290 1917 1519 1971 viventis
1554 1918 1714 1973 Verbi
1763 1937 2022 1991 organum
2057 1944 2061 1977 :

2180 1946 2271 1998 μα.
2298 1927 2407 1995 (51)
2430 1929 2644 1979 Ἔκειτο
2673 1925 2771 1996 μὲν
2802 1925 2865 1995 δὴ
2888 1924 3075 1995 νεκρὸς
3104 1923 3311 1989 αὐτόθι,
3336 1922 3396 1975 τὸ
3421 1921 3514 1975 τοῦ
3550 1921 3756 1985 ζῶντες

511 2019 700 2058 savum
726 2005 915 2074 ingens
947 2007 1262 2061 occludebat
1320 2008 1649 2075 speluncam.
1688 2011 1830 2067 Mors
1870 2015 2070 2069 interea

512 2092 739 2147 mirifice
773 2093 1127 2162 gloriabatur,
1159 2111 1257 2150 ceu
1286 2097 1330 2151 si
1368 2097 1511 2153 hunc
1544 2099 1687 2154 haud
1730 2118 1884 2158 secus
1910 2121 2071 2173 quam

511 2182 746 2252 reliquos
775 2200 839 2237 ex
893 2185 1039 2239 omni
1067 2201 1180 2241 aevo
1209 2190 1594 2263 superavisset.
1635 2190 1742 2246 Sed
1764 2194 1908 2248 enim
1937 2211 2071 2249 non-

509 2274 636 2325 dum
682 2275 933 2331 triduano
965 2286 1205 2346 tempore
1247 2290 1473 2347 exacto,
1508 2284 1613 2336 vita
1647 2294 1817 2339 semet
1874 2287 2070 2342 iterum

510 2366 944 2434 conspiciendam
1000 2369 1230 2436 obtulit,
1284 2382 1405 2441 post
1466 2372 1817 2430 sufﬁcientem
1883 2386 2073 2434 mortis

509 2456 934 2523 cmtrgutiouem.
967 2457 1098 2512 Nam
1140 2462 1183 2515 si
1212 2462 1375 2518 citius
1416 2479 1700 2535 resurgere
1729 2472 2070 2537 properavis-

508 2556 610 2612 set,
668 2562 733 2601 ne
782 2552 1083 2607 exstinctus
1129 2554 1345 2623 quidem
1407 2558 1645 2613 creditus
1700 2558 1909 2614 fuisset.
1964 2559 2068 2616 Sed

506 2637 760 2703 quoniam
793 2653 919 2691 vere
948 2640 1190 2696 sublatus
1232 2643 1323 2712 (iu
1371 2649 1629 2715 crucem)
1682 2648 1802 2711 fuit,
1834 2666 2067 2720 vereque

506 2738 766 2790 mortuus,
793 2738 951 2799 atque
970 2733 1243 2802 aliquanto
1267 2738 1520 2806 temporis
1537 2739 1817 2794 intervallo
1838 2754 2065 2797 mortem

505 2836 628 2875 vere
658 2823 932 2897 sustinuit,
964 2825 1089 2879 hinc
1118 2827 1393 2881 enimvero
1424 2830 1565 2897 quod
1610 2832 1787 2885 omnia
1830 2835 2066 2890 vivifieat

506 2909 596 2965 Dei
660 2911 933 2978 Verbum,
995 2916 1299 2970 universam
1363 2919 1672 2975 hominibus
1732 2925 2062 2992 propositam

502 3016 649 3070 spem
682 3018 775 3071 per
800 3004 968 3067 illius,
1012 3006 1101 3075 qui
1134 3016 1246 3060 tum
1280 3016 1525 3063 mortuus
1571 3010 1781 3077 fuerat,
1813 3028 2063 3071 resurre-

501 3096 755 3157 ctionem,
796 3098 1109 3151 ostentavit.
1162 3097 1441 3169 [Cumque
1469 3100 1584 3168 ejus
1618 3117 1812 3171 corpus
1854 3106 2064 3175 deposi-

2179 2021 2349 2089 Λόγσυ
2390 2021 2658 2091 δργανον’
2708 2017 2852 2081 λίθος
2903 2018 2947 2069 δ’
2992 2016 3247 2069 ἀπέκλειε
3296 2013 3659 2085 παμμεγέθης
3694 2014 3759 2065 τὸ

2178 2112 2455 2182 σπήλαιον.
2486 2111 2596 2163 Καὶ
2622 2108 2787 2171 πολὺς
2810 2104 2877 2179 ἦν
2899 2110 2956 2161 ὲν
2982 2108 3152 2178 τούτῳ
3178 2107 3415 2178 γαυριῶν
3445 2110 3473 2160 ὁ
3499 2107 3753 2169 θάνατος,

2172 2203 2246 2267 ὡς
2279 2204 2343 2256 ἂν
2370 2202 2555 2255 τοῦτον
2592 2200 2727 2271 μετὰ.
2755 2201 2864 2252 τῶν
2896 2200 2956 2265 ἐξ
3001 2202 3194 2263 αἰῶνος
3231 2200 3364 2253 ἐλὼν
3401 2199 3712 2269 ὑποχείριον
3736 2214 3751 2228 °

2174 2294 2284 2346 ἀλλ’
2307 2293 2458 2346 οὔπω
2495 2295 2787 2364 τριήμερος
2820 2293 3019 2363 παρῄει
3062 2294 3269 2363 χρόνος,
3308 2294 3399 2344 καὶ
3429 2293 3461 2362 ἡ
3497 2291 3609 2361 ζωὴ
3646 2292 3754 2344 πά-

2172 2386 2253 2439 λιν
2300 2386 2494 2457 ἑαυτὴν
2544 2386 2727 2453 ἔφαινε
2778 2386 2916 2455 μετὰ
2960 2385 3051 2438 τὸν
3094 2386 3338 2456 αὐτάρκη
3382 2383 3473 2435 τοῦ
3519 2382 3749 2435 θανάτου

2171 2477 2403 2546 ἔλεγχον.
2449 2477 2509 2528 Εἰ
2543 2476 2652 2544 γὰρ
2694 2475 2759 2545 δὴ
2789 2476 2979 2528 θᾶττον
3020 2477 3220 2545 ἀνέστη
3267 2475 3497 2545 φθάσας,
3542 2475 3641 2527 οὑκ
3680 2473 3747 2526 ἂν

2170 2570 2289 2622 οὐδὲ
2328 2568 2555 2630 τεθνεὼς
2592 2568 2849 2639 ἐνομίσθη
2873 2585 2885 2595 ·
2924 2568 3037 2620 ἀλλ’
3072 2569 3159 2621 ὅτε
3196 2586 3256 2637 γε
3302 2568 3515 2638 ἀληθῶς
3546 2566 3747 2634 ύψούτο

2171 2663 2304 2731 (5'2),
2334 2663 2427 2713 καὶ
2447 2659 2659 2731 ἀληθῶς
2684 2660 2984 2729 ἐτεθνήκει,
3022 2662 3079 2712 ἐν
3111 2661 3284 2731 χρόνῳ
3319 2660 3376 2713 δὲ
3400 2660 3486 2712 τδν
3518 2659 3745 2711 θάνατον

2168 2753 2381 2824 ἀληθῶς
2400 2753 2737 2815 ύποδὲδεκτο,
2771 2751 2889 2805 τότε
2918 2752 2981 2822 δὴ
3010 2752 3129 2804 τότε
3152 2754 3179 2805 6
3197 2754 3304 2805 τῶν
3334 2752 3583 2805 ἁπάντων
3612 2752 3743 2814 ζωο-

2167 2846 2319 2908 ποιδς
2344 2845 2437 2899 τοῦ
2469 2844 2605 2897 Θεοῦ
2636 2846 2809 2912 Λόγος
2840 2843 2937 2913 τὴν
2965 2846 3143 2897 πᾶσαν
3172 2843 3474 2913 ἀνθρώποις
3516 2844 3743 2896 ἀποκει-

2169 2939 2338 3009 μένην
2369 2938 2557 2991 ἐλπίδα
2582 2936 2668 2990 διὰ
2703 2938 2801 3006 τῆς
2833 2936 2925 2989 τοῦ
2955 2936 3073 2988 τότε
3101 2935 3295 3007 θνητοῦ
3324 2933 3741 3004 παλιγγενεσίας

2165 3030 2524 3084 ἐπεδείκνυτο.
2562 3029 2692 3101 [Καὶ
2726 3029 2833 3097 (55)
2868 3027 2960 3081 τοῦ
2989 3027 3236 3099 σώματος
3256 3028 3417 3081 αὑτοῦ
3450 3027 3743 3099 ληφθέντος

2165 3121 2299 3193 πρὸς
2330 3120 2438 3174 τῶν
2470 3120 2763 3191 γνωρίμων
2794 3121 2889 3172 καὶ
2923 3123 2987 3191 τῇ
3023 3121 3372 3194 προσηκούσῃ
3409 3120 3739 3192 παραδοθένο

503 3193 614 3238 tum
665 3185 852 3241 fuisset
882 3204 910 3241 a
959 3186 1351 3253 familiaribus,
1409 3192 1756 3263 honestaeque
1805 3198 2060 3252 traditum

2168 3185 2254 3276 τος
2289 3215 2453 3282 ταφῇ,
2483 3185 2727 3283 *τριταῖος
2767 3206 2923 3273 αὖθις
2959 3185 3309 3282 απελάμθανε
3345 3185 3507 3267 τοῦτο

501 3283 808 3342 sepulturae,
850 3290 970 3344 post
1017 3279 1253 3333 triduum
1308 3282 1483 3338 denuo
1534 3287 1825 3355 resumpsit
1892 3288 2060 3353 illud;

498 3382 792 3437 rursusque
821 3383 984 3424 carne
1018 3380 1197 3426 semet
1225 3382 1275 3426 et
1317 3387 1546 3444 corpore
1586 3376 1848 3443 indutum,
1879 3378 2062 3449 cujus-

496 3483 637 3537 modi
693 3494 848 3537 antea
912 3484 1111 3550 fuerat,
1162 3486 1441 3556 discipulis
1470 3488 1853 3545 demonstravit
1889 3512 1901 3546 :
1935 3495 2057 3562 qui-

494 3569 715 3624 buscum
768 3574 1032 3641 tantisper
1085 3575 1485 3641 confabulans,
1556 3590 1715 3647 atque
1784 3581 2058 3653 aliquanto

495 3669 735 3729 tempore
779 3676 1036 3727 versans,
1081 3680 1202 3717 mox
1239 3666 1365 3720 illuc
1423 3669 1564 3722 unde
1615 3684 1835 3726 venerat
1890 3676 2055 3742 abiit;

492 3753 616 3807 caeli
678 3754 841 3818 viam,
888 3758 1261 3824 spectantibus
1312 3758 1455 3822 illis,
1504 3761 1869 3835 ingrediens]
1917 3766 2053 3832 Quid

491 3856 621 3913 ergo
662 3854 783 3912 post
827 3846 980 3900 ha‘c?
1035 3845 1184 3900 llaud
1242 3848 1353 3917 jam
1402 3864 1500 3918 ego
1547 3859 1820 3919 gestarum
1877 3869 2053 3908 rerum

489 3943 740 3987 narrator
785 3934 875 3988 tibi
924 3938 1049 3999 sim,
1106 3946 1473 3989 verumtamen
1526 3938 1618 4005 qui
1660 3938 1755 3992 has
1783 3938 2053 4005 viderunt,

489 4024 543 4079 hi
575 4026 736 4079 totius
764 4027 958 4096 negotii
999 4037 1165 4081 testes
1196 4027 1369 4080 idonei
1410 4028 1551 4093 siut;
1579 4030 1669 4096 qui
1704 4030 1964 4100 sanguine
1992 4046 2054 4085 ac

487 4117 611 4170 vita:
639 4117 984 4181 detrimento,
1012 4128 1255 4173 actorum
1291 4119 1600 4183 veritatem,
1632 4135 1791 4187 quam
1829 4136 2053 4191 aspexe.

486 4217 635 4273 rant,
665 4208 1160 4271 conlirmaVerunt;
1186 4216 1469 4278 totumque
1496 4210 1682 4264 orbem
1734 4226 1795 4264 ea
1825 4251 1841 4275 ,
1890 4227 2050 4281 quam

488 4299 585 4367 ipsi
612 4300 1000 4369 pmdicabant,
1031 4300 1291 4368 religione
1337 4300 1725 4368 impleverunt.
1761 4301 1822 4355 Hi
1866 4304 2053 4373 utique

488 4394 958 4452 resurrectionem,
991 4406 1150 4459 quant
1182 4391 1354 4445 oculis
1382 4402 1778 4458 spectaverant,
1811 4394 2055 4449 testimo-

485 4479 590 4532 niis
619 4480 733 4534 suis
760 4490 1079 4534 sanxerunt.
1137 4480 1321 4549 Neque
1365 4482 1510 4535 enim
1572 4482 1749 4537 verbis
1801 4499 1865 4538 ac
1922 4499 2052 4539 voce

2163 3308 2273 3363 Kal.
2296 3305 2457 3359 πάλιν
2489 3304 2649 3367 αὐτὸς
2680 3304 2869 3356 ἑαυτὸν
2904 3303 3185 3373 ἒνσαρκον,
3232 3304 3473 3375 ἐνσωμον
3500 3304 3661 3357 αὐτὸν
3694 3306 3739 3356 ἐ⁹

2164 3403 2358 3460 κεῖνον,
2384 3392 2492 3459 οἷος
2520 3396 2613 3448 καὶ
2644 3396 2705 3448 τὸ
2732 3395 2949 3466 πρῶτον
2973 3391 3061 3466 ἦν,
3092 3400 3203 3460 τοῖς
3227 3398 3445 3461 οἰκείοις
3474 3398 3740 3468 μαθηταῖς

2161 3493 2431 3546 δείκνυσιν
2452 3507 2463 3519 ·
2498 3485 2576 3553 οἷς
2604 3489 2697 3541 καὶ
2721 3489 2812 3541 ἐπὶ
2841 3490 3010 3560 βραχὺ
3041 3490 3323 3561 ὁμιλήσας.
3350 3492 3441 3543 καί
3469 3507 3587 3543 τινα
3612 3506 3735 3541 συν-

2159 3584 2441 3656 διατρίψας
2456 3582 2884 3653 χρόνον,ἄνεισιν
2911 3581 3032 3634 ὅθεν
3062 3582 3152 3634 κα).
3181 3582 3383 3651 παρῆν,
3416 3582 3507 3634 ὑπ’
3539 3580 3738 3650 ὀφθαλ-

2164 3680 2297 3749 μους
2325 3677 2502 3730 αὐτῶν
2536 3676 2632 3745 τὴν
2673 3677 2751 3738 εἰς
2776 3674 3036 3744 οὐρανοὺς
3085 3674 3309 3743 πορείαν
3346 3672 3739 3743 στειλάμενος.)

2159 3770 2272 3841 (54)
2306 3771 2370 3823 Τί
2405 3766 2496 3823 οὖν
2522 3770 2612 3821 ἐπὶ
2656 3766 2862 3829 τούτοις
2889 3767 3130 3833 γίνεται;
3159 3764 3353 3817 Οὐκέτι
3382 3763 3490 3832 ἐγώ
3521 3781 3600 3815 σοι
3641 3780 3733 3826 γε-

2157 3864 2349 3934 νοίμην
2383 3863 2448 3917 ἂν
2476 3862 2583 3915 τῶν
2616 3859 3018 3930 πεπραγμένων
3060 3857 3376 3919 διδάσκαλος
3398 3874 3413 3887 ο
3443 3858 3492 3909 οἱ
3525 3856 3581 3908 δὲ
3610 3854 3733 3907 τού-

2157 3971 2263 4006 των
2296 3954 2526 4006 ἐπόπται
2558 3948 2665 4005 εἷεν
2700 3952 2765 4004 ἂν
2796 3951 3013 4003 πάντων
3036 3949 3306 4021 ἀξιόχρεοι
3346 3950 3644 4020 μάρτυρες,
3682 3949 3732 3999 οἱ

2155 4044 2219 4098 δι’
2244 4046 2470 4114 αἵματος
2498 4045 2591 4097 καὶ
2613 4043 2792 4113 ψυχῆς
2829 4046 2894 4113 τῇ
2923 4042 3018 4113 θέᾳ
3056 4044 3163 4094 τῶν
3194 4042 3592 4113 πεπραγμένων
3634 4040 3732 4109 τὴν

2156 4138 2415 4209 ἀλήθειαν
2446 4137 2864 4205 πιστωσάμενοι,
2911 4136 3003 4187 καὶ
3030 4135 3129 4204 τὴν
3158 4133 3449 4203 σύμπασαν
3476 4133 3728 4203 οἰκουμέ-

2156 4247 2251 4299 νην
2285 4230 2382 4299 τῆς
2414 4229 2549 4300 πρὸς
2583 4228 2762 4283 αὐτῶν
2790 4226 3237 4298 κατηγγελμένης
3281 4224 3586 4287 θεοσεϐείας
3630 4240 3729 4275 κα-

2155 4323 2548 4392 ταπλήσαντες.
2584 4322 2645 4375 Οἳ
2672 4321 2727 4375 δὲ
2750 4321 2879 4389 γοῦν
2906 4321 3001 4392 τὴν
3023 4320 3205 4382 αὐτοῖς
3235 4317 3527 4387 ὀφθαλμοῖς
3556 4333 3725 4369 κατα-

2154 4415 2446 4485 ληφθεῖσαν
2506 4415 2919 4484 παλιγγενεσίαν
2970 4416 3089 4475 ταῖς
3147 4410 3353 4463 ἑαυτῶν
3408 4408 3726 4481 παρέδωκαν

2158 4509 2481 4581 μαρτυρίαις
2506 4528 2517 4539 ο
2546 4510 2646 4563 ούκ
2683 4504 2750 4579 ἦν
2781 4507 2888 4577 γὰρ
2916 4508 3094 4568 αὐτοῖς
3132 4504 3258 4574 ἄχρι
3291 4502 3446 4571 λόγου
3485 4502 3577 4555 καὶ
3614 4520 3726 4569 φω-

484 4602 641 4645 teuus
667 4590 808 4645 facta
838 4592 924 4645 illa
961 4600 1346 4659 cognoverant,
1390 4606 1617 4661 quorum
1661 4602 1825 4646 testes
1876 4596 2045 4649 exsti-

2168 4604 2245 4673 ἰῆς
2276 4604 2582 4673 ἀκουόμενα
2622 4602 2691 4655 τὰ
2722 4600 3086 4672 πραττόμενα,
3131 4596 3376 4667 ἀλλ”ἦδη
3423 4596 3514 4647 καί¹
3544 4594 3725 4664 ἔργοις

485 4692 684 4747 terunt,
712 4685 803 4739 sed
838 4699 1021 4738 coram
1049 4684 1173 4739 dum
1212 4684 1403 4739 ﬁerent
1436 4682 1783 4753 contemplati
1814 4682 2047 4749 fuerant,

482 4790 751 4844 manuque
790 4776 925 4829 adeo
956 4776 1260 4844 tetigerant.
1311 4773 1492 4840 Quare
1542 4782 1597 4827 et
1658 4774 1830 4829 oculis
1871 4783 1925 4829 et
1970 4775 2048 4830 rei

481 4864 714 4919 veritate
780 4864 1106 4919 evidentiam
1171 4865 1490 4927 consecuti,
1562 4863 1909 4933 victoriaeque
1980 4866 2047 4919 de

481 4964 653 5008 morte
705 4955 887 5010 relatae
944 4956 1160 5024 tropaeis
1219 4955 1385 5021 visis,
1436 4954 1630 5010 merito
1678 4964 2045 5024 contemptum

481 5045 670 5100 mortis
700 5046 1111 5100 condidicerunt
1145 5065 1158 5100 :
1190 5061 1352 5101 ouam
1385 5061 1495 5101 rem
1519 5046 1691 5116 ipsam
1725 5060 1851 5101 suos
1880 5046 2043 5101 disci-

550 5204 663 5275 (26)
700 5205 760 5259 Β.
813 5206 852 5261 ι.
892 5207 998 5262 507
1036 5206 1090 5262 b.

548 5275 1095 5349 (aygg'l‘ranstulerat
1139 5278 1264 5340 alio,
1304 5280 1615 5349 nempeiad
1654 5279 1857 5335 codicis
1889 5279 2040 5349 pagi-

478 5360 602 5418 nam
619 5345 721 5400 307
752 5349 804 5410 b,
837 5347 938 5401 hoc
960 5348 1197 5418 quinque
1220 5345 1474 5418 versuum
1508 5348 1866 5418 fragmentum
1887 5345 2039 5402 Nice-

480 5424 558 5465 tas
588 5416 645 5490 in
678 5426 903 5479 catena;
942 5417 1083 5490 quod
1127 5432 1289 5490 nunc,
1320 5417 1460 5472 duce
1502 5416 1649 5473 textu
1680 5418 1921 5490 Syriaco,
1968 5418 2037 5472 ad

476 5484 762 5554 stationem
791 5488 1063 5554 propriam
1094 5486 1249 5540 redit.

547 5552 658 5626 (28)
688 5552 1111 5626 Ani:na_’Christi
1159 5570 1355 5626 corpus
1382 5557 1661 5622 destituit,
1708 5570 1815 5611 non
1862 5556 2035 5626 ipsum

477 5619 719 5693 Verbum
749 5638 844 5676 seu
874 5623 966 5676 Dei
997 5623 1186 5679 virtus.
1229 5619 1591 5690 Quamobrem
1636 5619 1722 5682 hic
1766 5619 2036 5693 intellige,

475 5690 674 5743 Christi
710 5691 1098 5748 humanitatem
1126 5734 1141 5758 ,
1177 5698 1389 5750 nonnisi
1437 5695 1617 5753 Verbo
1668 5690 2035 5767 permittente,

475 5768 740 5813 mortuam
772 5774 912 5815 esse.

546 5826 655 5897 (“29)
687 5833 751 5886 Δ.
794 5830 833 5882 ι’.
862 5831 983 5887 510.
1024 5830 1142 5903 Syr.
1168 5849 1251 5900 ιιι,
1276 5833 1365 5889 6|.

2158 4695 2439 4767 ἐθεωρεῖτο
2470 4696 2561 4748 καὶ
2584 4694 2894 4765 ἐψηλαφᾶτό
2924 4709 2985 4761 γε
3016 4689 3256 4759 ἀκριϐῶς
3289 4689 3425 4760 πρὸς
3451 4688 3558 4741 τῶν
3592 4686 3723 4739 ταῦ-

2156 4806 2221 4841 τα
2248 4787 2745 4859 μεμαρτυρηκότων
2769 4804 2781 4817 ⁸
2812 4785 2891 4838 διὸ
2911 4786 2966 4837 δὲ
2992 4785 3085 4837 καὶ
3108 4782 3338 4852 aut:an
3378 4781 3469 4834 καὶ
3496 4778 3723 4849 ἀληθείᾳ

2154 4882 2215 4933 τὸ
2244 4882 2468 4952 ἐναργὲς
2504 4879 2905 4949 κατειληφότες,
2938 4877 3033 4930 καὶ
3070 4876 3169 4945 τῆς
3196 4874 3337 4928 κατὰ
3364 4873 3460 4926 τοῦ
3490 4872 3720 4925 θανάτου

2157 4976 2307 5045 νίκης
2332 4975 2398 5027 τὰ
2440 4974 2674 5043 τρόπαια
2706 4970 3038 5040 τεθεαμένοι,
3080 4970 3301 5029 εἰκότως
3334 4966 3533 5037 ἔμαθον
3564 4981 3719 5017 καταο

2154 5069 2368 5135 φρονεῖν
2391 5066 2483 5120 τοῦ
2521 5066 2749 5119 θανάτου
2770 5080 2783 5093 ·
2830 5064 2991 5117 ταύτὸ
3018 5063 3074 5115 δέ
3121 5063 3211 5115 καὶ
3246 5062 3371 5123 τοὺς
3402 5059 3578 5113 αὐτῶν
3606 5075 3716 5127 φοι-

2221 5208 2336 5279 (50)
2371 5207 2698 5279 Ιιιιηοιιιιιίιιο
2726 5206 3165 5279 Graecuscodea.
3212 5204 3382 5279 Syrus
3418 5200 3575 5279 paulo
3613 5198 3713 5252 ali-

2145 5271 2239 5335 ter
2264 5271 2389 5347 legit
2421 5278 2551 5332 illud
2588 5277 2898 5348 παραδόξῳ.
2936 5275 3070 5329 Hinc
3099 5271 3319 5343 Anglice
3350 5289 3381 5325 a
3410 5271 3640 5324 wonder.

2351 5348 2521 5500 gini;
2533 5348 2807 5500 ῗιίίέίἰρχίι
2840 5417 2942 5500 hoc
2963 5412 3268 5500 verbu‘mAd‘e
3294 5410 3706 5500 resttrrggtiogg.

2144 5478 2411 5557 Philol'ogi
2451 5486 2716 5553 judicent.
2762 5484 2868 5539 Sed
2916 5480 3574 5557 certeAJoan.__x_u,_32,
3621 5478 3706 5538 35,

2143 5548 2392 5629 Christus
2429 5548 2497 5629 de
2520 5572 2625 5629 _su_a
2651 5563 2831 5629 morte
2856 5557 2906 5629 in
2943 5551 3410 5629 crucissupplieio
3446 5548 3707 5629 loquens,

2145 5626 2442 5681 hocoverbo
2471 5624 3027 5693 aliaeeliae-exaltari,
3058 5623 3249 5693 utitur.
3384 5688 3413 5693 _
3587 5623 3610 5629 ‘
3665 5688 3671 5693 ι

2216 5695 2332 5763 (55)
2374 5688 2683 5759 Quacuncis
2725 5693 2939 5757 claudo,
2976 5708 3038 5747 ea
3082 5692 3275 5747 absunt
3311 5705 3341 5744 a
3380 5688 3541 5760 Syro,
3582 5688 3704 5755 quia

2145 5766 2375 5833 fortasse
2400 5764 2615 5818 aliunde
2637 5764 3012 5833 obrepserunt.

2122 5898 2125 5901 γ
2200 5824 2328 5907 ’(34)
2366 5834 2487 5906 Syr.
2526 5849 2609 5901 ιιι,
2637 5834 2725 5889 62.
