4008 6512
477 432 581 487 623

1146 429 1415 486 EUSEBII
1454 426 1933 484 CAESARIENSIS
1970 425 2121 481 OPP.
2163 426 2339 480 PARS
2383 426 2467 479 IV.
2510 457 2578 468 -—
2619 424 3036 481 DOGMATICA.

3635 423 3747 477 624

480 546 733 601 dictionis
794 553 943 600 testis
996 547 1283 601 subsecuta
1338 556 1462 612 est;
1502 562 1623 599 nam
1684 562 1817 617 puer
1870 546 2048 600 statim

2166 564 2257 598 νον.
2294 543 2425 598 Εἷπε
2458 546 2586 616 γάρ,
2628 546 2721 597 καὶ
2755 543 2815 596 τὸ
2858 543 3017 611 ἔργον
3052 540 3380 611 ἠκολούθησε
3432 540 3747 609 μαρτυροῦν

479 636 773 693 convaluit.

550 728 700 796 Quod
747 729 790 782 si
840 727 963 798 quis
1009 725 1149 781 hanc
1196 740 1312 779 rem
1368 742 1511 798 :egre
1548 730 1651 782 sibi
1706 728 1776 781 ob
1819 726 2050 797 prodigii

479 818 907 892 magnitudinem
937 819 1287 887 persuadeat,
1349 820 1490 872 haud
1538 828 1720 872 tamen
1754 818 1821 872 de
1868 819 2057 889 praedi-

482 912 666 967 ctione
699 920 846 965 recte
880 909 1171 976 dubitabit,
1218 924 1285 963 ex
1328 926 1431 980 qua
1478 912 1782 965 evidentior
1816 910 1936 964 I’acti
1962 910 2056 962 de-

483 1000 807 1057 monstratio
840 1000 1149 1062 coniicitur,
1177 1001 1219 1053 si
1255 999 1379 1068 quis
1412 1007 1646 1069 reputet,
1675 999 1895 1053 unicum
1944 997 2054 1051 Ro-

462 1096 701 1151 manum
729 1095 1012 1150 hominem
1054 1093 1220 1147 fuisse
1254 1093 1347 1161 qui
1381 1094 1445 1145 ad
1486 1090 1835 1146 Servatorem
1868 1106 2055 1145 acces—

480 1190 571 1256 sit,
615 1190 817 1260 quique
868 1187 1127 1255 majorem
1164 1188 1327 1242 etiam
1390 1189 1671 1257 magisque
1708 1186 2051 1250 benevolam,

479 1296 641 1350 quam
686 1278 911 1335 Iudaica
963 1278 1323 1341 natio,'fecit
1360 1277 1567 1332 Christi
1619 1276 2051 1342 confessionem;

480 1382 669 1427 noster
720 1386 853 1425 vero
895 1370 1163 1426 Servator
1196 1369 1416 1433 multos
1471 1384 1569 1439 pro
1625 1384 1753 1431 uno,
1810 1384 1963 1433 atque
1994 1385 2056 1421 ac.

477 1463 642 1527 hunc,
699 1462 766 1515 ad
817 1477 877 1516 se
928 1475 1246 1516 accessuros
1292 1458 1525 1512 aﬂirmat
1578 1474 1645 1513 ex
1701 1459 2055 1513 orientalibus

480 1554 812 1625 regionibus,
843 1553 1078 1622 itemque
1104 1567 1171 1606 ex
1197 1552 1644 1616 occidentalibus,
1671 1553 1761 1621 qui
1790 1552 1859 1603 ob
1897 1567 2051 1605 suam

458 1629 675 1701 'Christi
700 1646 1061 1717 cognitionem
1087 1652 1140 1698 et
1165 1642 1585 1707 confessiooetn,
1616 1644 1758 1697 haud
1789 1644 2053 1697 minorem

478 1753 507 1792 a
558 1739 669 1793 Deo
721 1745 1125 1807 consequentur
1159 1736 1421 1790 honorem
1470 1750 1635 1805 quam
1698 1735 2052 1790 Hebraeorum

477 1839 752 1899 parentes.
784 1827 1027 1898 Namque
1044 1837 1100 1883 et
1125 1828 1319 1881 horum
1352 1827 1688 1896 patriarcha,
1719 1827 1934 1881 celeber
1967 1826 2056 1881 ille

2156 642 2220 709 τῇ
2256 640 2589 710 προρρήσειο
2624 637 2718 690 καὶ
2757 636 2881 706 ίάθη
2913 637 2942 688 6
2976 637 3103 696 παῖς
3137 634 3349 686 αὐτίκα.

2240 730 2377 781 Ἀλλ’
2402 731 2449 781 εἰ
2481 729 2615 801 πρὸς
2641 728 2797 781 τοῦτό
2821 746 2906 791 τις
2932 727 3238 788 δυσπίστως
3267 725 3378 795 ἔχει
3409 725 3497 779 διὰ
3522 727 3621 797 τὴν
3645 724 3748 781 τοῦ

2158 820 2435 889 θαύματος
2499 819 2834 892 ὑπερϐολὴν,
2902 817 3015 870 ἀλλ’
3083 816 3183 868 ούκ
3239 818 3331 869 ἐπὶ
3385 819 3751 887 προρρήσεως

2160 911 2454 981 σκήπτοιτο
2485 910 2550 964 ἂν
2583 910 2853 978 εὐλόγως,
2883 910 2967 978 ἐφ’
3062 909 3261 979 μείζων
3293 908 3321 958 6
3357 907 3455 976 τῆς
3488 908 3750 978 πράξεως

2158 1002 2375 1071 ἔλεγχος
2407 1001 2878 1073 ἀποδειχθήσεται,
2911 1002 3071 1064 εἴτις
3111 1004 3166 1053 ὲν
3200 999 3274 1069 νῷ
3301 999 3476 1061 λάϐοι,
3514 1000 3589 1063 ὼς
3618 1000 3747 1051 τότε

2159 1093 2257 1162 μὲν
2284 1088 2364 1155 εἷς
2407 1091 2675 1162 Ῥωμαῖος
2702 1087 2769 1162 ἦν
2798 1094 2826 1144 6
2850 1090 2928 1161 τῷ
2960 1092 3173 1161 Σωτῆρι
3209 1089 3624 1161 προσεληλυθὼς
3653 1107 3746 1157 χι-

2156 1182 2396 1253 λίαρχος,
2424 1183 2453 1233 6
2478 1182 2542 1253 δὴ
2568 1181 2789 1251 μείζονα
2817 1181 2910 1234 καὶ
2942 1181 3453 1251 εὐγνωμονεστέραν
3481 1181 3576 1234 τοῦ
3613 1183 3749 1233 Ἰου-

2156 1273 2319 1327 δαίων
2358 1274 2542 1337 ἔθνους
2575 1274 2946 1345 ἐνδειξάμενος
2979 1274 3077 1343 τὴν
3110 1274 3190 1336 είς
3221 1274 3382 1326 αὑτὸν
3411 1273 3703 1343 ὁμολογίαν
3728 1289 3743 1303 ’

2155 1368 2184 1418 6
2213 1367 2256 1419 δ’
2288 1366 2556 1438 ἡμέτερος
2589 1366 2776 1437 Σωτὴρ
2807 1366 3033 1428 πολλοὺς
3060 1365 3174 1418 ἀνθ’
3209 1365 3327 1427 ἑνὸς
3370 1365 3585 1418 ἔσεσθαι
3614 1366 3748 1427 τοὺς

2157 1460 2277 1512 κατ’
2323 1461 2528 1513 ἐκεῖνον
2570 1459 2859 1530 μέλλοντας
2908 1458 3059 1527 αὐτῷ
3108 1457 3391 1527 προσιέναι
3425 1460 3490 1509 ὲκ
3534 1458 3644 1511 τῶν
3682 1475 3748 1510 τε

2158 1549 2292 1620 πρὸς
2329 1548 2402 1599 ’ἐω
2437 1547 2528 1600 καὶ
2580 1547 2845 1618 ἀνατολὴν
2892 1548 3191 1617 κλιμάτων,
3222 1548 3329 1600 τῶν
3363 1565 3422 1600 τε
3456 1548 3598 1601 κατά
3621 1549 3749 1603 δυό⁴

2160 1658 2319 1711 μενον
2358 1640 2507 1711 ἥλιον
2551 1640 2841 1693 οἰκούντων
2885 1639 3163 1703 θεσπίζει,
3216 1640 3341 1702 τοὺς
3376 1639 3465 1693 διά
3508 1643 3609 1711 τῆς
3664 1643 3748 1703 είς

2156 1732 2318 1784 αὐτὸν
2354 1730 2701 1799 ἐπιγνώσεως
2733 1747 2791 1783 τε
2834 1730 2929 1783 καλ⁵
2970 1731 3261 1800 ὁμολογίας
3300 1730 3402 1800 τῆς
3437 1731 3558 1801 ἴσης
3591 1730 3749 1800 παρὰ

2157 1821 2275 1891 Θεῷ
2306 1822 2471 1891 τιμῆς
2501 1824 2612 1883 τοῖς
2651 1820 2913 1886 Ἐϐραίων
2948 1821 3292 1892 προπάτορσι
3329 1820 3747 1891 καταξιωθησο-

478 1916 843 1979 Abrahamus,
864 1906 931 1971 ex
963 1916 1281 1983 irreligiosis
1319 1916 1636 1985 parentibus
1680 1926 1854 1982 ortus,
1885 1917 2052 1969 vitam

2166 1914 2384 1985 μένους·
2422 1916 2502 1967 ὅτι
2550 1914 2613 1985 δὴ
2657 1914 2922 1967 κάκείνων
2959 1917 2987 1967 6
3030 1914 3360 1985 προπάτωρ,
3395 1913 3555 1978 αὐτὸς
3600 1914 3665 1985 δὴ
3718 1917 3751 1968 6

481 2009 858 2073 commutavit,
887 2023 915 2061 a
945 2007 1291 2078 polytheismi
1328 2022 1518 2061 errore
1549 2010 1830 2074 recedens,
1861 2024 2057 2060 unum-

482 2115 587 2172 que
648 2099 1012 2155 universalem
1067 2100 1235 2154 Deum
1279 2099 1393 2167 ipse
1446 2100 1686 2166 agnovit.
1724 2099 1862 2166 Quin
1891 2100 2054 2155 etiam

491 2193 610 2264 ejus
640 2192 766 2247 ﬁliis
796 2194 979 2249 lsaaco
1013 2204 1174 2261 atque
1221 2190 1423 2246 Jacobo
1458 2191 1665 2246 similes
1713 2191 1858 2246 fores
1894 2192 2056 2244 innu-

490 2298 671 2340 meros
698 2299 792 2355 per
812 2286 1116 2339 universum
1143 2284 1353 2346 orbem,
1389 2283 1692 2351 prtesertim
1722 2298 1849 2337 vero
1874 2282 2058 2337 orien-

491 2376 562 2431 tis
595 2386 651 2431 et
677 2376 889 2431 occidui
925 2375 1056 2431 solis
1083 2376 1334 2445 p0pnlos,
1370 2375 1642 2446 praedixit.
1675 2374 1915 2444 Denique
1944 2391 2057 2431 mo-

482 2466 651 2521 menti
722 2466 948 2521 maximi
1019 2468 1337 2536 superaddit
1417 2466 1502 2522 ltis
1591 2468 2050 2535 praedictionem;

482 2573 677 2627 nempe
700 2562 842 2627 quod
881 2556 1050 2612 Judaei
1094 2558 1218 2629 ipsi,
1246 2559 1354 2613 Deo
1380 2561 1669 2615 charorum
1709 2558 1919 2613 illorum
1962 2575 2059 2629 po-

483 2651 634 2709 steri,
680 2651 770 2719 qui
819 2649 1188 2704 Abrahamum
1236 2651 1535 2718 iactabant,
1583 2651 1831 2705 lsaacum
1887 2661 2052 2720 atque

482 2740 769 2804 Jacobum,
802 2752 1024 2809 pr0pter
1053 2757 1204 2794 suam
1244 2742 1508 2797 adversus
1550 2742 1716 2796 Deum
1747 2742 2056 2796 vecordiam

481 2842 536 2884 et
565 2831 1025 2892 incredulitatem,
1076 2846 1174 2885 ceu
1230 2832 1474 2886 scientiae
1525 2831 1730 2886 lumine
1760 2832 1968 2896 orbati,
2004 2834 2056 2884 in

485 2924 739 2977 tenebras
770 2922 1075 2977 exteriores
1103 2922 1406 2990 expellendi
1439 2931 1623 2978 essent
1652 2940 1665 2975 :
1700 2922 1779 2977 sic
1802 2922 2055 2975 nimirum

484 3013 811 3081 imperitiam
848 3011 1087 3078 illorum,
1116 3026 1496 3079 summamque
1546 3011 1847 3075 inscitiam,
1879 3020 1934 3066 et
1967 3025 2058 3065 sa-

482 3105 679 3161 lutaris
712 3105 933 3160 luminis
974 3106 1263 3159 orbitatem
1312 3106 1635 3175 praedicens.
1685 3102 1822 3159 Hinc
1876 3120 2056 3159 rerum

483 3208 698 3267 oportet
730 3200 935 3252 exitum
990 3198 1452 3261 animadvertere,
1503 3206 1671 3266 atque
1721 3198 1855 3251 adeo
1885 3196 2058 3251 oculis

484 3288 865 3358 cuutentplari,
919 3289 1191 3357 quomodo
1220 3287 1412 3353 Judazi,
1441 3287 1534 3356 qui
1564 3289 1830 3343 dictorum
1884 3288 2061 3342 homi-

485 3400 612 3439 num
667 3386 775 3439 Deo
807 3386 1096 3440 charorum
1147 3400 1317 3453 genus
1372 3398 1493 3439 esse
1536 3382 1857 3452 gloriantur,
1905 3380 2058 3448 ejecti

483 3475 688 3531 fuerint
724 3493 827 3531 non
860 3492 1027 3548 regno
1073 3478 1164 3531 Dei
1217 3477 1614 3540 tantummodo,
1666 3491 1856 3530 verum
1892 3475 2058 3528 etiam

482 3585 637 3623 Sacra
670 3571 906 3639 ipsorum
945 3568 1217 3639 regalique
1249 3566 1568 3636 metropoli:
1599 3567 1849 3636 exemplo
1878 3577 2059 3621 autem

483 3661 664 3724 ttuius,
694 3660 784 3728 qui
825 3660 952 3715 olim
988 3661 1054 3713 ad
1091 3658 1439 3714 Servatorem
1492 3660 1750 3725 accessit,
1784 3658 2061 3713 centurio-

482 3752 590 3814 nis,
623 3752 1039 3806 innumerabilis
1070 3752 1351 3806 hominum
1390 3751 1687 3805 multitudo
1712 3766 1778 3806 ex
1827 3750 2061 3805 nationi-

484 3843 589 3899 bus
629 3846 863 3907 cunctis,
911 3860 1063 3914 aeque
1111 3862 1175 3900 ac
1220 3846 1330 3912 ille,
1385 3846 1603 3901 Christo
1662 3844 1919 3915 adjuncta
1967 3842 2060 3906 sit,

485 3954 607 4007 qua;
636 3939 703 3992 ab
728 3954 793 3992 eo
817 3940 1029 4005 edocta,
1065 3940 1315 3995 eumdem
1352 3953 1511 4007 quem
1557 3937 1749 4008 inclyti
1798 3936 1873 3990 illi
1921 3934 2061 4005 apud

485 4028 742 4085 llebrmos
781 4032 902 4092 viri,
936 4030 1102 4085 Deum
1129 4046 1443 4102 agnoscere,
1484 4046 1668 4099 parem
1698 4029 1809 4083 illis
1841 4030 1908 4082 ab
1943 4025 2063 4081 uni-

484 4122 684 4177 versali
714 4138 837 4190 rege
873 4125 981 4178 Deo
1011 4126 1319 4180 mercedem
1362 4125 1603 4193 recipere
1626 4124 1785 4192 digna
1821 4120 1939 4175 fuit.

2162 2004 2433 2075 βοώμενος
2480 2006 2729 2077 Ἀϐραάμ
2762 2009 2825 2059 ὲκ
2856 2007 3105 2078 πατέρων
3122 2007 3452 2079 ’ὁρμώμενος
3485 2008 3749 2062 δεισιδαι-

2164 2098 2337 2167 μόνων
2371 2098 2726 2168 μετεϐἀλλετο
2752 2100 2844 2152 τὸν
2882 2100 3013 2169 βίον,
3047 2101 3145 2170 τῆς
3180 2100 3278 2170 μὲν
3312 2101 3573 2154 πολυθέου
3606 2101 3751 2155 πλά-

2159 2207 2256 2259 νης
2284 2190 2661 2261 ἀναχωρήσας,
2706 2191 2800 2243 ἕνα
2824 2191 2881 2243 δὲ
2914 2192 3005 2245 τὸν
3053 2193 3146 2244 ἐπὶ
3197 2193 3414 2245 πάντων
3446 2193 3579 2246 Θεὸν
3616 2196 3748 2248 ἐπι-

2158 2281 2320 2347 γνοὺς
2356 2280 2435 2332 ὁδί
2458 2296 2471 2308 ·
2511 2282 2605 2333 καὶ
2636 2284 2748 2343 τοῖς
2780 2281 2944 2335 αὑτοῦ
2988 2285 3145 2336 παισὶ
3179 2284 3255 2353 τῷ
3303 2284 3485 2336 Ἰσαάκ
3524 2286 3621 2337 καὶ
3665 2286 3748 2357 τῷ

2173 2370 2365 2425 Ἰακὼϐ
2402 2372 2620 2442 ὁμοίους
2669 2372 2886 2427 ἔσεσθαι
2925 2375 3149 2445 μυρίους
3190 2375 3311 2427 καθ’
3353 2376 3482 2444 ὅλης
3527 2376 3628 2445 τῆς
3659 2376 3741 2429 oi-

2160 2463 2452 2534 κουμένης,
2488 2466 2581 2516 καὶ
2613 2463 2819 2516 τούτων
2849 2464 3081 2534 μάλιστα
3104 2465 3172 2517 τὰ
3202 2466 3338 2536 πρὸς
3365 2466 3439 2517 ἔω
3467 2465 3614 2536 ἔθνη,
3648 2467 3743 2522 καὶ

2158 2554 2285 2616 τοὺς
2341 2553 2481 2605 κατά
2525 2552 2782 2623 δυόμενον
2824 2555 2973 2624 ἣλιον
3017 2554 3301 2617 οικοῦντας
3345 2555 3739 2626 προαγορεύει·

2160 2645 2483 2715 προστίθησί
2528 2662 2583 2697 τε
2617 2645 2827 2708 τούτοις
2860 2646 2921 2699 τὸ
2954 2647 3207 2717 μέγιστον
3237 2648 3337 2717 τῆς
3367 2651 3738 2719 προρρήσεως·

2160 2737 2314 2789 αὐτοὶ
2352 2737 2592 2790 Ἰουδαῖοι
2619 2736 2728 2790 τῶν
2767 2738 3032 2807 θεοφιλῶν
3076 2740 3300 2793 ἐκείνων
3335 2742 3623 2807 ἀπόγονοι,
3652 2742 3743 2794 τὸν

2174 2828 2425 2901 Ἀϐραὰμ
2457 2828 2751 2899 αὐχοῦντες
2790 2830 2883 2883 καὶ
2908 2830 3001 2883 τὸν
3044 2830 3228 2884 Ἰσαάκ
3261 2832 3354 2884 καὶ
3391 2832 3481 2884 τὸν
3524 2820 3747 2894 Ἰακὼϐ,

2159 2921 2247 2973 διά
2287 2921 2385 2991 τὴν
2432 2923 2512 2984 είς
2550 2921 2713 2975 αὐτὸν
2745 2922 2969 2990 ἀλογίαν
3016 2940 3075 2975 τε
3112 2924 3207 2977 καὶ
3238 2926 3517 2987 ἀπιστίαν,
3558 2925 3633 2988 ὡς
3678 2926 3746 2978 ἂν

2160 3013 2253 3067 τοῦ
2294 3015 2393 3085 τῆς
2427 3015 2681 3081 γνώσεως
2715 3015 2897 3085 φωτὸς
2936 3017 3395 3088 ἀπεστερημένοι,
3448 3017 3746 3089 ἀπόϐλητοι

2162 3108 2477 3178 γενήσονται
2509 3110 2587 3171 εἰς
2624 3108 2689 3161 τὸ
2731 3109 2920 3172 σκότος
2964 3108 3041 3162 τὸ’
3071 3108 3356 3182 ἐξώτερον,
3392 3110 3490 3182 τὴν
3522 3112 3746 3180 ἄγνοιαν

2161 3199 2339 3253 αὐτῶν
2388 3202 2481 3253 καὶ
2510 3200 2609 3271 τὴν
2657 3200 2891 3272 ἐσχάτην
2926 3200 3197 3272 ἀμαθίαν,
3231 3202 3327 3255 τοῦ
3375 3220 3435 3256 τε
3479 3205 3749 3274 σωτηρίου

2166 3293 2341 3361 φωτὸς
2370 3292 2467 3363 τὴν
2503 3293 2759 3364 στέρησιν
2790 3286 2891 3346 ὧδέ
2932 3312 3007 3366 πη
3050 3299 3533 3366 προαναφωνήσας.
3580 3297 3749 3349 Ἔνθα

2162 3385 2225 3455 δὴ
2256 3385 2544 3455 ἐπιστῆσαι
2579 3387 2691 3447 τοῖς
2721 3385 3127 3457 ἀποτελέσμασι
3174 3388 3439 3458 προσήκει
3472 3387 3564 3440 τὸν
3597 3388 3749 3448 νοῦν,

2162 3466 2461 3546 ὀφθαλμοῖς
2487 3493 2545 3528 τε
2577 3478 2760 3540 αὐτοῖς
2789 3477 3144 3547 παραλαϐεῖν,
3172 3479 3248 3541 ὡς
3280 3479 3519 3532 Ἰουδαῖοι
3552 3480 3673 3551 μὲν,
3699 3484 3751 3534 οἱ

2161 3567 2268 3619 τῶν
2301 3566 2605 3637 είρημένων
2639 3567 2900 3636 θεοφιλῶν
2936 3569 3144 3640 ἀνδρῶν
3182 3569 3339 3637 γένος
3372 3565 3510 3623 εἶναι
3547 3588 3753 3641 σεμνυ-

2162 3660 2399 3729 νόμενοι,
2436 3658 2688 3731 ἔκϐλητοι
2720 3660 3003 3729 γεγόνασιν
3046 3662 3107 3714 ού
3141 3662 3240 3732 τῆς
3278 3661 3373 3716 τοῦ
3414 3661 3548 3714 Θεοῦ
3594 3662 3750 3732 βασι-

2164 3750 2314 3815 λείας
2348 3751 2529 3822 μόνον,
2562 3752 2695 3805 ἀλλά
2722 3754 2932 3823 καὶτῆς
2961 3753 3139 3806 αὐτῶν
3168 3755 3318 3824 ἱερᾶς
3347 3754 3439 3806 καὶ
3465 3753 3753 3826 βασιλικῆς

2167 3844 2571 3915 μητροπόλεως
2594 3844 2685 3897 ἐπὶ
2707 3845 2763 3898 δὲ
2796 3844 2911 3909 ἑνὸς
2934 3846 3027 3898 τοῦ
3057 3845 3223 3899 πάλαι
3247 3846 3325 3916 τῷ
3345 3846 3557 3915 Σωτῆρι
3581 3863 3751 3917 προσ-

2166 3933 2481 4005 εληλυθότος
2547 3935 2825 4005 χιλιάρχου
2874 3937 3075 4005 ἀφατος
3127 3937 3338 4007 ἀνδρῶν
3391 3936 3623 4007 ἀριθμὸς
3692 3938 3752 4002 ἐξ

2168 4027 2422 4079 ἁπάντων
2455 4025 2564 4077 τῶν
2593 4026 2762 4078 ἐθνῶν
2787 4026 2989 4096 ὁμοίως
3020 4027 3213 4097 ἐκείνῳ
3236 4028 3314 4098 τῷ
3338 4027 3555 4099 Χριστῷ
3584 4045 3747 4099 προσ-

2168 4118 2375 4181 ιόντων,
2414 4119 2510 4170 καὶ
2532 4118 2622 4171 διὰ
2645 4118 2745 4187 τῆς
2768 4118 2929 4170 αὑτοῦ
2959 4119 3304 4182 διδασκαλίας
3344 4120 3434 4173 τὸν
3465 4121 3573 4173 τῶν
3618 4120 3747 4191 παρ’

491 4215 763 4287 Ἑϐραίοις
804 4216 1130 4287 λαμψάντων
1170 4216 1376 4290 ἀνδρῶν
1409 4216 1736 4284 ὲπιγνόντων
1765 4213 1920 4278 Θεὸν,
1954 4210 2055 4280 τῆς
2093 4208 2214 4280 ἴσης
2251 4210 2432 4273 αὐτοῖς
2502 4210 2729 4273 ἐκείνοις
2799 4211 3053 4280 ἠξίωνται
3106 4212 3257 4283 παρὰ
3300 4213 3377 4282 τῷ
3420 4213 3751 4282 παμϐασιλεί

482 4313 600 4383 Θεῷ
634 4313 892 4383 ἀμοιϐῆς.

1243 4408 1306 4463 ν.

557 4496 941 4553 MaudatPetro
965 4499 1366 4554 Dominusutad
1387 4499 1620 4568 praedam
1643 4497 1775 4551 retia
1791 4494 2057 4557 demittat;

478 4590 569 4657 qui
594 4590 1027 4657 quidemjussutu
1051 4591 1383 4660 exsequitur.
1419 4591 1553 4644 Cum
1586 4600 1763 4642 autem
1811 4603 2059 4657 magnam

482 4678 711 4740 piscium
738 4679 1133 4734 ntultitudinem
1154 4679 1570 4742 conclusissem,
1591 4688 1644 4731 et
1663 4676 1792 4730 retia
1827 4676 2062 4743 pondere

483 4779 708 4833 gravata
726 4768 1187 4838 dirutnperentur,
1203 4784 1357 4839 opem
1378 4780 1568 4838 petunt
1586 4783 1614 4821 a
1631 4769 1803 4820 vicina
1836 4766 2060 4820 navicu-

485 4861 531 4909 Ia
554 4874 570 4922 ;
595 4867 755 4927 atque
771 4860 840 4912 ita
858 4861 1114 4915 extractis
1130 4858 1367 4928 piscibus
1387 4868 1669 4925 utramque
1698 4856 1951 4925 scapham
1971 4870 2061 4908 re-

484 4952 784 5017 pleverunt,
802 4950 853 5004 in
873 4952 1336 5019 tantumutmergi
1369 4949 1822 5016 periclitarentur.
1857 4947 2059 5014 Quam-

484 5043 669 5093 obrem
715 5042 1072 5095 admiratione
1110 5040 1303 5094 Petrus
1352 5041 1660 5109 perculsus,
1693 5040 1970 5109 indignum
2000 5054 2058 5094 se

483 5132 842 5187 confitebatur
858 5144 913 5187 ut
932 5132 1188 5187 Servator
1206 5133 1269 5184 ad
1291 5147 1350 5185 se
1377 5133 1603 5186 veniret.
1631 5132 1722 5187 Ille
1739 5141 1943 5194 autem,
1967 5132 2057 5201 qui

486 5236 737 5294 tanquam
779 5226 944 5279 futuri
978 5225 1237 5292 temporis
1262 5224 1551 5293 imaginem
1580 5227 1681 5294 ipsi
1722 5227 2060 5289 ostenderat,

484 5318 986 5385 interpretationem
1010 5328 1222 5384 quoque
1253 5314 1402 5378 facit,
1440 5316 1655 5384 aitque:
1689 5316 1817 5369 Noli
1842 5317 2060 5379 timere;

485 5404 672 5458 abhinc
701 5405 837 5459 enim
870 5402 972 5457 eris
998 5402 1231 5458 homines
1253 5404 1320 5456 ad
1361 5404 1522 5457 vitam
1560 5405 1791 5473 capiens.
1837 5405 2062 5459 Cunctis

485 5512 613 5552 vero
641 5496 799 5551 simul
826 5512 837 5547 :
881 5494 1060 5550 Venite
1085 5505 1199 5563 post
1233 5512 1332 5559 me,
1366 5494 1664 5567 faciamque
1692 5513 1777 5551 vos
1824 5497 2056 5565 piscato-

488 5606 568 5643 res
597 5589 887 5641 hominum.
920 5587 1180 5643 Galilaeos
1227 5589 1497 5655 homines,
1547 5589 1683 5643 viles
1736 5590 2062 5654 rusticanos,

490 5682 623 5735 nihil
658 5692 860 5748 praeter
886 5680 1147 5751 Syrorum
1176 5681 1475 5735 dialectutn
1512 5683 1770 5747 scientes,
1806 5693 1925 5737 arte
1956 5684 2057 5737 ltu-

562 5794 671 5867 ΗΟ)
707 5795 841 5867 βοά.
873 5796 939 5859 Α,
978 5797 1014 5850 f.
1044 5795 1135 5852 85.
1170 5798 1291 5867 Syr.
1328 5798 1418 5852 lib.
1445 5813 1519 5857 tv,
1541 5798 1597 5853 6.

562 5866 676 5935 (it)
712 5864 978 5922 Ilactcnns
1007 5864 1368 5936 fragmentum
1403 5870 1667 5924 recitatur
1694 5870 1880 5927 Grece
1900 5871 2064 5928 etiam

2097 4380 2239 4461 DC.

2654 4426 2661 4431 υ
2921 4395 2993 4446 E'.
3374 4439 3379 4443 .

2210 4514 2213 4515 ν
2240 4486 2353 4560 (ἹΟ)
2379 4487 2817 4557 Παρακελεύεται
2852 4488 2948 4557 μὲν
2975 4488 3051 4557 τῷ
3084 4487 3275 4558 Πέτρῳ
3306 4486 3565 4556 exopto;
3593 4487 3751 4556 χαλά-

2173 4600 2260 4634 σαι
2301 4583 2380 4644 είς
2412 4580 2588 4651 ἄγραν
2618 4579 2686 4631 τὰ
2731 4579 2953 4632 δίκτυα·
2992 4581 3020 4631 6
3065 4579 3121 4631 δὲ
3170 4576 3751 4648 τὺτιὰροστεταγμένον

2169 4675 2365 4727 ἐποίει.
2413 4674 2499 4735 Ὠς
2529 4671 2584 4723 δὲ
2621 4670 2972 4724 συνέκλεισαν
3004 4671 3205 4741 πλῆθος
3228 4670 3442 4740 ίχθύων
3467 4669 3626 4731 πολὺ,
3659 4672 3751 4724 καὶ

2168 4767 2524 4837 διερρήγνυτο
2551 4764 2617 4816 τά
2645 4763 2836 4817 δίκτυα
2876 4763 2951 4833 τῷ
2999 4763 3189 4831 πλήθει
3222 4760 3552 4833 βαρούμενα.
3587 4779 3731 4832 προσ

2172 4858 2462 4912 καλοῦνται
2514 4859 2611 4928 μὲν
2660 4860 2739 4921 εἰς
2796 4856 3043 4927 βοήθειαν
3086 4858 3211 4919 τοὺς
3247 4857 3304 4907 ὲν
3344 4855 3421 4925 τῷ
3453 4856 3749 4923 γειτνιῶντι

2170 4951 2372 5019 πλοίῳ·
2432 4945 2527 5002 εἶτ’
2585 4950 2979 5011 ἀνελκύσαντες
3028 4949 3155 5011 τοὺς
3219 4948 3426 5019 ἰχθύας,
3453 4950 3745 5021 πληροῦσιι

2171 5042 2336 5111 ἄμφω
2373 5040 2442 5093 τά
2486 5042 2701 5111 σκάφη,
2734 5042 2810 5103 ὼς
2848 5040 3174 5093 κινδυνεύειν
3214 5041 3353 5094 αὐτὰ
3399 5041 3747 5111 βυθισθῆναι’

2170 5136 2252 5202 ἐφ’
2288 5128 2367 5196 οἷς
2393 5136 2420 5186 6
2447 5133 2651 5203 Πέτρος
2683 5131 3080 5200 ἀποθαυμάσας
3108 5132 3405 5204 ἐξεπλάγη,
3443 5132 3661 5198 ἀνάξιόν
3695 5148 3761 5184 τε·

2164 5226 2355 5280 ἑαυτὸν
2394 5227 2493 5297 τῆς
2519 5225 2791 5295 σωτηρίου
2817 5223 3124 5287 ὲπιϐἀσεως
3152 5224 3420 5295 ὡμολόγει
3449 5225 3587 5293 (Μ).
3629 5224 3687 5277 Ὀ
3708 5224 3735 5276 δ

2164 5320 2351 5387 ὥσπερ
2403 5316 2676 5381 ἐπιδείξας
2736 5312 2887 5384 αὐτῷ
2931 5312 3028 5385 τὴν
3081 5314 3177 5369 τοῦ
3235 5315 3519 5386 μέλλοντος
3546 5316 3729 5368 εἰκόνα

2164 5405 2419 5474 διασαφεί
2443 5405 2542 5476 τὴν
2575 5404 2902 5476 ἑρμηνείαν,
2934 5404 3029 5457 καί
3059 5421 3193 5475 φησι
3234 5404 3370 5475 πρὸς
3409 5405 3570 5459 αὐτόν
3597 5422 3611 5435 ο
3656 5403 3744 5462 Mt‘.

2172 5497 2359 5567 φοϐοῦ
2379 5515 2391 5527 ·
2416 5498 2533 5551 ἀπὸ
2558 5497 2662 5552 τοῦ
2690 5498 2808 5552 νῦν
2827 5498 3177 5567 ἀνθρώπους
3198 5498 3314 5569 ἔσῃ
3331 5496 3558 5567 ζωγρῶν
3579 5516 3592 5526 '
3620 5499 3749 5569 πρὸς

2172 5590 2229 5643 δὲ
2272 5591 2514 5653 πάντας’
2555 5590 2736 5644 Δεῦτε
2779 5591 2972 5644 ὀπίσω
3008 5608 3150 5660 μου,
3188 5589 3285 5643 καὶ
3325 5589 3558 5656 ποιήσω
3602 5587 3751 5658 ὑμᾶς

2174 5682 2363 5749 ἁλιεῖς
2417 5682 2761 5751 ἀνθρώπων.
2824 5682 3138 5746 Γαλιλαίους
3207 5682 3439 5753 ἄνδρας,
3494 5680 3749 5745 εὐτελεῖς,

2177 5818 2207 5853 a
2238 5799 2306 5853 cl.
2338 5800 2445 5853 Leo
2479 5816 2533 5870 p.
2570 5801 2699 5863 216.
2741 5817 2807 5856 ex
2849 5803 2969 5856 cod.
3019 5802 3251 5855 Vindob.
3283 5800 3387 5856 Sed
3429 5801 3600 5855 ntttlto
3633 5800 3747 5870 lon-

2180 5873 2301 5939 gius
2327 5869 2676 5940 prosequitur
2704 5870 2761 5926 in
2793 5874 2981 5927 codice
3013 5882 3198 5927 nostro
3237 5872 3409 5927 Vatic.
3440 5876 3503 5925 Α.
3539 5874 3574 5924 ι’.
3618 5869 3703 5923 85.
