4008 6516
273 394 396 450 625

1684 398 1770 454 DE
1811 395 2274 454 THEOPHANIA.

3461 388 3564 440 6‘26

273 509 612 581 ἀγροίκους,
646 511 798 566 οὐδὲν
834 513 992 568 πλέον
1029 513 1127 586 τῆς
1156 512 1343 586 Σύρων
1375 519 1558 588 φωνῆς
1589 517 1872 587 ἐτασταμέ-

1995 514 2135 577 mili,
2174 514 2226 567 id
2255 521 2339 567 est
2367 511 2682 583 piscatoria,
2713 525 2816 564 non
2839 508 2955 563 sine
2982 520 3142 561 causa
3161 503 3434 568 ,Servator
3469 521 3564 556 no-

275 620 442 667 νους,
479 603 615 656 ἀλλά
649 605 743 657 καὶ
782 605 842 658 τὸ
879 605 1213 677 ἐπιτήδευμα
1253 607 1506 661 ταπεινὸν
1539 609 1636 679 τῆς
1680 607 1884 671 ἁλιείας

279 694 769 763 μετερχομένους,
816 696 1040 761 εί-κότως
1088 698 1116 750 ὁ
1162 699 1357 771 Σωτὴρ
1407 699 1567 771 ἡμῶν
1619 699 1885 771 θηρευτὰς

274 781 602 853 ἀνθρώπων
634 786 728 837 καὶ
761 786 1007 856 κήρυκας
1035 788 1134 858 τῆς
1165 789 1331 843 αὐτοῦ
1353 789 1700 853 διδασκαλίας
1727 791 1884 862 ποιή-

276 890 405 927 σειν
453 875 840 946 ἐπηγγέλλετο,
875 879 968 932 καὶ
995 881 1294 950 πεποίηκεν
1319 883 1380 935 οὐ
1411 881 1750 952 ψευσάμενος
1788 881 1883 953 τὴν

275 964 612 1037 ὑπόσχεσιν,
646 968 917 1039 παριστὰς
955 969 1087 1023 Θεοῦ
1119 971 1348 1042 δύναμιν
1393 971 1752 1044 ὲνεργητικὴν
1789 970 1884 1024 τοῦ

277 1057 645 1128 πράγματος.
691 1060 754 1111 Εἰ
787 1060 885 1131 μὲν
917 1061 1056 1134 γάρ,
1091 1062 1307 1131 λογίους
1349 1063 1501 1127 τινὰς
1536 1063 1628 1117 καὶ
1665 1065 1882 1132 σοφοὺς,

273 1149 311 1220 ἢ
348 1151 452 1202 καὶ
497 1150 608 1204 τῶν
657 1151 808 1224 παρὰ
850 1154 1124 1219 Ἰουδαίοις
1175 1155 1477 1225 ἀνθρώπων
1526 1153 1750 1218 ἐνδόξων
1791 1156 1885 1208 καὶ

277 1242 567 1296 πλουσίων
606 1245 1036 1317 προσαγόμενος,
1075 1247 1288 1312 τούτοις
1330 1247 1596 1319 ἐκέχρητο
1629 1247 1884 1301 διδασκά-

274 1333 403 1397 λοις
432 1335 543 1388 τῶν
573 1335 738 1390 αὐτοῦ
769 1337 964 1405 λόγων,
998 1337 1100 1392 κᾶν
1122 1340 1270 1404 εἰκὸς
1295 1335 1363 1411 ἦν
1398 1339 1884 1412 ἀνθρωπινώτερον

276 1425 676 1496 ὲπινενοῆσθαι
707 1426 768 1479 τὸ
811 1429 1074 1499 πρᾶγμα·
1115 1429 1257 1482 οὕτω
1289 1429 1421 1498 γοῦν
1450 1431 1500 1482 οἰ
1530 1429 1747 1492 πλείους
1777 1429 1884 1482 τῶν

274 1514 600 1587 ἀνθρώπων
635 1515 888 1570 εἰώθασιν
918 1517 1335 1581 ὑποτάττεσθαι,
1378 1519 1410 1590 ἢ
1462 1519 1740 1589 χρήμασιν
1781 1516 1885 1570 ὑπὸ

278 1604 568 1662 πλουσίων
610 1607 1002 1680 δελεαζόμενοι,
1048 1609 1081 1680 ἢ
1117 1609 1291 1678 λόγων
1329 1609 1589 1681 περιϐολῇ
1621 1610 1714 1662 καὶ
1748 1626 1882 1678 φαν-

274 1697 453 1770 τασία
491 1698 683 1767 σοφίας
704 1699 1074 1771 ἀπατώμενοι,
1098 1701 1130 1772 ἢ
1162 1703 1436 1774 ὑπεροχὰς
1464 1700 1688 1766 ἐνδόξων
1714 1716 1882 1771 προσ-

273 1787 456 1840 ὡπων
511 1790 1038 1862 καταπληττόμενοι.
1079 1793 1136 1845 Ὀ
1172 1792 1227 1845 δὲ
1271 1792 1344 1863 μὴ
1376 1791 1638 1855 τοιούτοις
1675 1792 1884 1863 χρησά-

1988 615 2122 673 Ster,
2159 613 2450 660 venatorcs
2498 603 2780 658 hominum
2809 614 3034 669 sumque
3072 597 3332 654 doctrinae
3357 609 3563 666 praeco-

1990 711 2086 751 nes
2131 711 2190 752 se
2236 695 2510 750 facturum
2556 693 2955 763 pollicebatur;
2990 689 3251 760 fecitque,
3283 689 3425 744 haud
3467 688 3567 741 fal-

1990 790 2107 844 lens
2136 790 2490 860 promissum,
2525 787 2618 842 Dei
2657 801 2852 857 nempe
2885 785 3182 855 potentiam
3215 784 3291 838 rei
3319 781 3562 838 ell‘ectri-

1988 895 2104 935 cem
2159 893 2510 946 expromens.
2564 876 2699 929 Nam
2761 875 2808 930 si
2864 874 3137 929 litteratos
3162 872 3372 942 aliquos
3396 880 3450 927 et
3477 887 3566 925 sa-

1989 972 2228 1041 pientes.
2275 969 2355 1025 vel
2403 971 2563 1024 etiam
2617 982 2685 1021 ex
2741 965 2944 1022 Judzeis
2992 965 3198 1020 nobiles
3265 964 3565 1034 divitesque

1988 1064 2134 1117 viros
2158 1062 2393 1132 eligens,
2423 1060 2507 1114 his
2528 1075 2656 1114 usus
2678 1068 2825 1114 esset
2849 1057 3122 1128 magistris
3142 1057 3401 1112 doctrina:
3429 1072 3562 1126 sum,

1988 1153 2173 1219 utique
2209 1151 2504 1205 humanum
2535 1150 2716 1218 potius
2755 1148 3028 1219 negotium
3065 1146 3117 1201 id
3149 1145 3294 1201 credi
3335 1155 3564 1216 poterat.
3597 1155 3599 1157 ‘

1989 1242 2080 1296 Sic
2105 1241 2251 1296 enim
2283 1241 2525 1311 plerique
2555 1240 2839 1294 hominum
2875 1237 3054 1294 solent
3080 1245 3250 1292 semet
3274 1236 3562 1303 subjicere,

1987 1332 2071 1388 vel
2119 1333 2349 1404 pecunia
2403 1348 2432 1385 a
2489 1331 2748 1387 divitibus
2807 1329 3074 1397 inescati,
3123 1328 3212 1382 vel
3258 1315 3565 1383 litterarum

1985 1423 2168 1492 specie
2198 1434 2248 1477 et
2282 1423 2565 1493 sapientia:
2606 1422 2882 1492 praestigio
2920 1419 3153 1490 decepti,
3198 1419 3284 1474 vel
3315 1417 3567 1475 eminen-

1985 1514 2113 1568 tiam
2145 1530 2508 1584 personarum
2545 1513 2838 1568 illustrium
2872 1513 3230 1568 admirantes.
3258 1511 3419 1568 Jesus
3463 1527 3565 1568 au-

1988 1616 2093 1661 tem
2147 1622 2266 1663 cum
2316 1608 2455 1661 haud
2509 1605 2711 1660 talibus
2755 1607 2828 1660 sit
2874 1621 3006 1660 usus
3049 1603 3352 1674 discipulis,
3403 1604 3498 1659 sed
3530 1617 3562 1657 e

1987 1700 2269 1753 contrario
2320 1697 2650 1767 pauperibus
2696 1708 2749 1751 et
2799 1697 3086 1763 obscuris,
3144 1711 3210 1751 ac
3253 1695 3566 1751 litteratura

1989 1791 2194 1855 idiotis,
2225 1791 2405 1858 lingua
2456 1788 2630 1860 Syris,
2668 1789 2857 1842 habitu
2891 1787 3099 1853 humili,
3132 1780 3408 1858 operaque
3446 1787 3565 1849 vili.

278 1899 454 1951 μενος
503 1880 794 1952 μαθηταῖς,
835 1883 1143 1936 τούναντίον
1184 1883 1241 1936 δὲ
1285 1884 1478 1954 πένησι
1518 1885 1612 1937 καὶ
1649 1882 1872 1950 ἀδόξοις,

1980 1883 2315 1952 exploratum
2343 1890 2424 1936 est
2449 1895 2571 1934 eum
2603 1881 2839 1934 divinam
2881 1889 3090 1934 tantum
3123 1880 3435 1935 adhibuisse
3466 1895 3568 1947 po-

275 1972 378 2024 καὶ
407 1972 506 2025 τὸν
543 1971 700 2042 λόγον
727 1972 984 2038 ἰδιώταις,
1020 1974 1212 2045 Σύροις
1253 1992 1314 2027 τε
1338 1975 1436 2047 τὴν
1467 1975 1671 2046 φωνὴν,
1705 1977 1798 2029 καὶ
1822 1976 1882 2029 τὸ

275 2061 480 2132 σχῆμα
511 2065 810 2127 ταπεινοῖς,
843 2064 938 2117 καὶ
969 2063 1241 2118 εὐτελέσιν
1269 2063 1434 2136 ἔργῳ,
1465 2064 1622 2136 δῆλος
1648 2060 1715 2136 ἦν
1744 2065 1880 2136 μόνῃ

273 2157 341 2224 τῇ
378 2153 542 2225 θεῖκῇ
574 2154 798 2226 δυνάμει
823 2154 1125 2227 χρώμενος,
1152 2157 1218 2227 ἢν
1241 2155 1539 2223 ἐνεδείξατο
1566 2155 1756 2226 πρῶτα
1783 2157 1881 2227 μὲν

274 2249 438 2318 φωνῇ
509 2247 606 2317 μιᾷ
661 2247 1177 2318 προσκαλεσάμενος
1237 2248 1435 2312 αὐτοὺς
1497 2248 1592 2302 καὶ
1656 2249 1881 2302 ἀκολού-

275 2338 410 2400 θους
457 2338 570 2407 (4'2)
602 2339 768 2392 αὑτοῦ
804 2341 1174 2411 καταστήσας,
1211 2341 1448 2396 κᾶπειτα
1476 2342 1880 2413 ἐπαγγειλάμε-

273 2445 369 2492 νος
408 2429 756 2500 σαγηνευτὰς
789 2431 884 2483 καί¹
922 2431 1096 2494 ἁλιεῖς
1145 2430 1448 2504 ἀνθρώπων
1483 2434 1732 2504 ποιήσειν
1778 2434 1879 2486 αύ-

271 2522 430 2585 τοὺς,
468 2521 535 2573 ἵν’
577 2521 692 2574 ἀνθ’
735 2515 809 2575 ὧν
845 2519 987 2594 εἶχον
1035 2523 1293 2588 δικτύων,
1341 2523 1598 2587 λαϐόντες
1624 2525 1757 2594 παρ’
1784 2525 1881 2578 αύ-

270 2612 370 2666 τοῦ
404 2613 510 2683 τὴν
542 2614 650 2667 ἀπὸ
679 2615 948 2669 παντοίων
976 2615 1150 2684 λόγων
1187 2614 1428 2686 νομικῶν
1455 2632 1515 2668 τε
1550 2615 1644 2669 καὶ
1672 2632 1881 2688 προφηο

274 2704 418 2767 τῶν,
448 2705 555 2757 τῶν
580 2723 639 2757 τε
663 2705 763 2775 τῆς
790 2705 972 2760 ὲνθέου
995 2706 1348 2770 διδασκαλίας
1383 2705 1550 2760 αὐτοῦ
1578 2705 1878 2759 πλακεῖσαν

1993 1974 2214 2028 tentiam
2269 1989 2284 2037 ;
2345 1988 2508 2042 quam
2550 1971 2786 2024 ostendit
2841 1970 3021 2040 primo
3053 1968 3268 2038 quidem
3305 1969 3430 2024 dum
3461 1983 3567 2023 una

1988 2065 2176 2120 vocula
2205 2079 2301 2120 eos
2336 2063 2588 2119 invitavit
2615 2063 2966 2134 asseclasque
2999 2079 3127 2119 suos
3180 2063 3334 2128 fecit,
3371 2063 3566 2117 deinde

1987 2159 2256 2228 spondens
2302 2169 2554 2228 captores
2602 2158 3018 2228 piscatoresque
3088 2157 3367 2211 hominum
3428 2173 3459 2211 a
3505 2171 3568 2213 se

1972 2248 2189 2307 J'actum
2248 2249 2352 2313 iri;
2412 2259 2469 2303 ut
2511 2265 2608 2319 pro
2665 2249 2872 2304 retibus
2921 2264 3042 2318 quae
3090 2263 3233 2302 nunc
3286 2248 3564 2313 tenebant,

1986 2351 2264 2395 sumentes
2305 2344 2374 2396 ab
2416 2356 2481 2395 eo
2529 2341 2836 2395 litterarum
2887 2339 3130 2394 omnium
3190 2339 3441 2410 legalium
3498 2354 3563 2394 ac

1981 2433 2417 2502 propheticarum
2453 2471 2467 2495 ,
2534 2447 2748 2487 necnon
2820 2430 3015 2486 divina:
3076 2430 3248 2500 ipsius
3299 2429 3567 2485 doctrina:

1981 2538 2259 2593 sageuatn,
2292 2523 2343 2577 in
2391 2524 2642 2578 liuinaua:
2684 2523 2809 2577 vita:
2863 2537 3014 2577 mare
3065 2521 3358 2590 jactarent,
3404 2529 3565 2591 quot-

1981 2623 2117 2689 quot
2144 2626 2497 2670 occurrcrent
2547 2615 2854 2682 irrctirent,
2891 2631 3088 2685 genere
3121 2615 3264 2668 omni
3316 2617 3566 2668 rationa-

1969 2705 2114 2784 lium
2147 2705 2374 2776 piscium
2415 2708 2549 2760 retia
2577 2722 2674 2760 sua
2705 2707 2990 2761 rationalia
3023 2705 3380 2775 complentes.

274 2801 534 2870 σαγήνην
577 2800 920 2871 ἐμϐάλλωσιν
954 2803 1032 2865 εἰς
1065 2800 1164 2872 τὴν
1204 2800 1298 2854 τοῦ
1329 2800 1669 2871 ἀνθρωπείου
1718 2799 1833 2870 βίου
1867 2800 2159 2864 θάλατταν,
2192 2800 2288 2854 καί⁹
2330 2799 2696 2873 περιϐάλωσιν
2747 2801 2905 2865 ὅσους
2934 2800 2999 2853 ἂν
3031 2798 3256 2871 εὕρωσι,
3292 2798 3564 2874 πληροῦν-

271 2909 366 2954 τες
408 2891 481 2944 τὰ
519 2892 727 2944 ἑαυτῶν
755 2892 948 2960 λογικά
983 2893 1173 2946 δίκτυα
1199 2893 1398 2956 παντὸς
1439 2892 1628 2960 γένους
1656 2890 1889 2960 λογικῶν
1916 2891 2136 2962 ἰχθύων.

357 2984 530 3039 Ἀλλὰ
575 2985 746 3040 ταῦτα
794 2989 889 3058 μὲν
932 2987 1018 3041 διὰ
1073 2988 1258 3058 φωνῆς
1308 2989 1618 3058 ἀκουόμενα
1653 2989 1872 3060 ῥήματα

2048 2990 2224 3058 Atque
2271 2989 2384 3044 hate
2440 3004 2506 3043 ex
2563 2991 2609 3042 vi
2665 2990 2813 3043 vocis
2871 2996 3080 3044 tantum
3140 2987 3345 3051 audita,
3397 2985 3555 3042 verba

271 3078 371 3130 καὶ
422 3077 610 3147 ψόφοι,
646 3081 738 3133 καί
768 3080 927 3134 πλέον
959 3081 1202 3154 ὑπῆρχεν
1242 3081 1430 3135 οὐδέν·
1471 3083 1570 3152 τῆς
1614 3082 1657 3135 δ’
1686 3081 1871 3136 ἐνθέου

269 3166 567 3238 δυνάμεως
607 3170 668 3222 τὸ
715 3168 875 3240 ἔργον
917 3172 1015 3224 οὐκ
1059 3174 1139 3235 εἰς
1190 3173 1410 3245 μακρὰν
1458 3173 1868 3244 παρεστήσατο·

273 3259 422 3312 αὐτὰ
465 3259 532 3331 δὴ
575 3261 748 3315 ταῦτα
789 3263 859 3316 τὰ
911 3263 998 3317 διὰ
1040 3265 1148 3318 τῶν
1191 3265 1365 3335 λόγων
1421 3266 1873 3338 προηγορευμένα

273 3353 394 3414 τοῖς
443 3351 629 3422 ἔργοις
675 3354 1017 3418 ἐπιτελέσας,
1071 3357 1148 3420 ὡς
1190 3359 1248 3410 ὲν
1303 3357 1498 3430 βραχεῖ
1548 3359 1725 3430 χρόνῳ
1770 3361 1871 3431 τὴν

278 3438 584 3511 σύμπασαν
628 3444 930 3516 ἀνθρώπων
962 3449 1291 3521 οἰκουμένην
1334 3449 1502 3520 μυρία
1543 3450 1720 3522 πλήθη
1761 3450 1872 3504 τῶν

278 3533 731 3603 σαγηνευθέντων
759 3537 863 3590 ὑπὸ
884 3538 991 3591 τῶν
1024 3539 1246 3595 ἰδιωτῶν
1275 3541 1479 3595 τούτων
1505 3542 1712 3614 ἀνδρῶν
1736 3544 1869 3615 κτή-

275 3626 504 3690 σασθαι,
539 3626 893 3700 πληρωθῆναι
924 3647 984 3683 τε
1013 3632 1347 3704 Ἐκκλησιῶν
1377 3633 1558 3688 πάντα
1579 3635 1741 3688 τόπον
1757 3635 1872 3688 Ἐλ-

273 3715 460 3789 λήνων
495 3735 556 3771 τε
603 3721 698 3772 καὶ
745 3720 1070 3794 βαρϐάρων,
1104 3723 1191 3777 διὰ
1225 3724 1352 3795 μίαν
1384 3725 1599 3796 ὲκείνην
1639 3727 1871 3795 ἐπαγγε-

274 3809 404 3863 λίαν
432 3810 536 3880 τῆς
568 3811 753 3884 θεῖκῆς
783 3818 988 3886 φωνῆς,
1016 3815 1083 3868 δι’
1115 3811 1186 3886 ἦς
1214 3817 1275 3869 ού
1313 3815 1543 3882 διδάξειν
1591 3818 1715 3881 τοὺς
1744 3819 1871 3870 ἐαυ-

271 3903 372 3956 τοῦ
414 3903 681 3975 μαθητὰς,
706 3905 820 3958 ἀλλ’
861 3906 1023 3969 αὐτὸς
1065 3907 1310 3976 ποιήσειν
1340 3907 1535 3971 αὐτοὺς
1562 3907 1748 3972 ἁλιέας
1777 3909 1869 3961 ἀν-

273 3991 518 4066 θρώπων
557 3996 945 4073 ἐπηγγείλατοι
976 3997 1126 4049 Ὢστ’
1156 3998 1218 4050 οὐ
1258 3997 1508 4068 προέγνω
1553 3998 1711 4070 μόνον
1743 3999 1868 4054 οὔτε

272 4086 563 4158 προέφησε
600 4087 663 4140 τὸ
698 4088 909 4159 μέλλον,
941 4089 1077 4142 ἀλλά
1103 4089 1200 4142 καὶ
1232 4090 1463 4162 ποιητὴς
1497 4090 1592 4145 τοῦ
1618 4091 1869 4162 τηλικού-

271 4192 372 4230 του
408 4175 833 4248 κατορθώματος
873 4179 1288 4250 ἀποπέφανται·
1331 4178 1452 4235 εῐπέ
1486 4200 1546 4236 τε
1584 4183 1664 4254 τῷ
1700 4183 1863 4256 λόγῳ,

273 4266 375 4320 καὶ
407 4267 674 4338 πεποίηκε
708 4269 784 4340 τῷ
817 4269 981 4342 ἔργῳ·
1022 4272 1334 4342 παρέστησέ
1374 4291 1432 4327 τε
1467 4274 1527 4327 τὸ
1558 4274 1748 4344 μέλλον
1778 4275 1867 4329 διὰ

1977 3089 2132 3136 erant
2181 3090 2237 3136 et
2283 3082 2512 3144 sonitus,
2589 3091 2965 3150 praetereaque
3021 3079 3184 3135 nihil.
3249 3079 3357 3136 Sed
3411 3079 3556 3134 enim

1976 3173 2179 3230 divina:
2206 3175 2425 3230 virtutis
2455 3174 2739 3229 eﬂieieutia
2772 3174 2912 3228 haud
2938 3174 3107 3229 multo
3158 3184 3283 3244 post
3320 3183 3432 3227 rata
3461 3187 3558 3227 ex-

1975 3265 2156 3320 hibuit
2201 3283 2216 3330 ;
2281 3281 2402 3321 cum
2457 3267 2573 3321 haec
2621 3266 2734 3334 ipsa
2793 3265 3029 3321 verbalia
3081 3267 3348 3337 promissa
3398 3265 3558 3320 factis

1975 3358 2286 3429 complevit,
2315 3359 2388 3412 ita
2421 3369 2480 3414 ut
2505 3361 2652 3414 brevi
2689 3369 2932 3430 tempore
2959 3360 3276 3416 universum
3327 3359 3554 3415 humani

1975 3450 2251 3506 incolatus
2281 3453 2495 3516 orbem,
2526 3452 2980 3521 innunteramque
3014 3451 3415 3506 multitudinem
3460 3465 3555 3504 ca-

1976 3553 2195 3611 ptorum
2237 3542 2420 3598 abhis
2465 3543 2650 3598 idiotis
2697 3545 3005 3607 hominum,
3041 3541 3290 3596 Christus
3326 3543 3556 3609 adeptus

1972 3635 2063 3698 sit,
2115 3634 2386 3706 plenaque
2417 3635 2676 3690 Ecclesiis
2726 3635 3005 3690 evaserint
3060 3635 3176 3690 loca
3224 3635 3405 3687 omnia
3441 3643 3554 3686 tttttt

1972 3725 2285 3786 Graacorunt
2341 3739 2451 3782 tum
2510 3729 2674 3783 etiam
2727 3729 3110 3793 barbarorum,
3156 3735 3376 3798 propter
3407 3721 3554 3780 illam

1973 3819 2149 3874 unica:
2199 3821 2400 3876 divinae
2445 3822 2592 3877 vocis
2634 3822 3080 3892 promissionem,
3147 3835 3250 3889 qua
3304 3819 3447 3873 haud
3495 3833 3553 3872 se

1974 3911 2266 3981 discipulos
2316 3928 2448 3970 suos
2490 3914 2805 3978 docturutn,
2869 3917 2962 3970 sed
3012 3928 3203 3982 reapse
3249 3912 3553 3981 piscatcres

1973 4000 2252 4056 hominum
2289 4003 2610 4058 effecturum
2661 4005 2972 4075 spopondit.
3027 4003 3393 4071 Quamobrem
3444 4017 3552 4056 non

1972 4095 2246 4161 purse-ivit
2280 4096 2439 4150 modo
2476 4095 2556 4150 vel
2588 4097 2844 4164 praedixit
2877 4111 2990 4149 rem
3023 4094 3284 4160 futuram,
3327 4093 3420 4148 sed
3471 4091 3553 4147 ef-

1972 4183 2146 4237 fector
2171 4182 2424 4240 facinoris
2450 4185 2584 4240 tanti
2616 4187 2907 4255 apparuit,
2967 4185 3216 4254 dixitque
3251 4184 3454 4249 verbis,
3494 4193 3550 4237 et

1969 4292 2135 4347 Opere
2160 4289 2450 4337 exsecutus
2478 4290 2596 4344 est;
2630 4281 2793 4350 idque
2824 4280 2963 4344 fore,
2994 4279 3242 4352 symbolo
3277 4279 3554 4350 portendit

274 4358 553 4430 συμϐόλου
581 4361 676 4415 καὶ
711 4362 936 4428 εἰκόνος,
973 4364 1067 4416 καὶ
1103 4363 1170 4417 δι’
1217 4365 1388 4435 αὐτῆς
1435 4366 1713 4436 ἐνεργείας
1755 4367 1863 4419 ἀπ-

1978 4380 2136 4442 atque
2163 4372 2421 4440 imagine,
2475 4373 2748 4442 simulque
2794 4373 2907 4442 ipsa
2949 4371 3190 4426 eﬂicacia
3236 4369 3552 4440 complevit.

272 4453 585 4524 επλήρωσε.
609 4453 732 4517 Τοῖς
757 4453 866 4524 γάρ
894 4453 1062 4508 πάλαι
1092 4455 1355 4525 πρότερον
1380 4456 1437 4508 ἐν
1468 4455 1658 4528 σκοτία
1685 4454 1861 4525 φωτὸς

271 4547 554 4618 ἀληθείας,
583 4549 676 4601 καὶ
703 4547 838 4600 Θεοῦ
868 4548 1120 4617 γνώσεως
1148 4551 1205 4603 ὲν
1235 4549 1388 4602 νυκτὶ
1415 4550 1857 4620 καταπονηθιεῖσι,

273 4637 370 4689 καὶ
418 4638 620 4708 μηδένα
662 4638 796 4709 πρὸς
837 4639 1105 4710 σωτηρίαν
1139 4638 1402 4710 θηρεῦσαι
1444 4640 1857 4712 δεδυνημένοις,

271 4728 595 4799 ἐπιλάμψας
629 4730 690 4784 τὸ
731 4731 924 4784 ἑαυτοῦ
970 4732 1191 4801 φέγγος,
1236 4736 1292 4786 ἐν
1356 4734 1539 4807 ἡμέρας⁴
1590 4735 1683 4787 καὶ
1718 4736 1859 4804 φωτὶ

271 4820 586 4890 γενομένοις
613 4822 960 4892 προστάττει,
985 4824 1046 4875 οὐ
1074 4826 1137 4894 τῇ
1168 4823 1346 4894 οἰκείᾳ
1370 4824 1668 4898 ἐπιστήμῃ,
1697 4826 1774 4897 τῷ
1799 4827 1856 4880 δὲ

271 4908 440 4963 αὑτοῦ
483 4912 687 4982 ῥήματι
727 4911 1081 4983 θαρσοῦντας,
1128 4914 1440 4968 ἐπιϐάλλειν
1480 4915 1560 4986 τῷ
1606 4916 1752 4989 βυθῷ
1789 4918 1859 4971 τὰ

271 4997 484 5052 δίκτυα.
527 5001 590 5054 Οἱ
618 5000 676 5053 δὲ
708 5000 944 5055 τοσαῦτα
977 5004 1280 5074 συνήγαγον
1314 5005 1512 5074 ἰχθύων
1549 5006 1750 5076 πλήθη,
1784 5007 1860 5070 ὡς

271 5088 700 5162 διερρήγνυσθαι
731 5093 831 5164 μὲν
855 5094 924 5148 τὰ
956 5095 1252 5166 θηρευτικά
1276 5097 1502 5168 ὄργανα,
1533 5098 1858 5154 κινδυνεύειν

273 5177 330 5232 δὲ
361 5181 444 5244 εἰς
466 5178 637 5250 ’βυθὸν
666 5187 864 5255 χωρεῖν
902 5184 1012 5237 ἀπὸ
1043 5184 1136 5238 τοῦ
1171 5187 1369 5257 φόρτου
1398 5185 1468 5239 τὰ
1497 5187 1676 5241 πλοῖα.

353 5271 510 5326 Ἐπεὶ
545 5273 603 5327 δὲ
633 5274 810 5328 ταῦθ’⁶
831 5276 1002 5341 οὕτως
1044 5280 1489 5350 προσταττόμενα
1518 5280 1625 5335 τὸν.
1649 5282 1855 5354 Πέτρον

273 5359 350 5424 εἰς
378 5359 640 5432 ἔκπληξιν
671 5365 764 5416 καὶ
807 5366 968 5434 φόϐον
1007 5367 1068 5420 οὐ
1107 5368 1198 5420 τὸν
1226 5369 1459 5439 τυχόντα
1500 5365 1656 5439 ἦγεν·
1696 5370 1855 5424 Ἀλλὰ

271 5449 442 5504 ταῦτά
465 5468 545 5517 σε,
586 5455 720 5524 φησί
748 5455 883 5527 πρὸς
912 5457 1073 5510 αὐτὸν
1105 5461 1132 5511 ὁ
1163 5459 1370 5530 Σωτὴρ,
1411 5461 1577 5531 μήπω
1619 5461 1855 5532 ἐκπλητ-

272 5541 436 5594 τέτω·
478 5543 690 5596 παιδιαὶ
713 5543 820 5617 γὰρ
846 5545 924 5598 ἔτι
949 5545 1123 5601 ταῦτα
1156 5550 1250 5602 καὶ
1288 5549 1588 5619 μελλόντων
1627 5553 1848 5617 εἰκόνες·

271 5633 316 5687 οἰ
341 5633 402 5687 δὲ
428 5635 528 5705 μὲν
551 5635 732 5705 ἰχθύες
753 5637 972 5693 ἄναυδοι
1003 5640 1096 5692 καὶ
1119 5640 1323 5708 ἄλογοι,
1354 5643 1446 5697 καὶ
1467 5644 1641 5700 ταῦτα
1669 5646 1849 5718 σκάφη

1971 4462 2216 4535 Namque
2247 4467 2348 4521 hos
2379 4467 2696 4536 discipulos,
2733 4466 2824 4532 qui
2864 4476 3022 4521 antea
3055 4463 3307 4519 veritatis
3347 4463 3552 4517 lumine

1971 4558 2253 4625 carebant,
2302 4567 2358 4613 et
2407 4574 2503 4628 per
2541 4569 2753 4614 noctem
2813 4559 2995 4613 divina
3048 4555 3243 4612 notitia
3275 4566 3550 4612 carentem

1971 4646 2384 4711 laboraverant.
2417 4649 2798 4718 neminemque
2838 4648 2904 4702 ad
2949 4647 3179 4702 salutem
3217 4647 3420 4702 lucrari
3449 4662 3549 4716 po-

1970 4748 2210 4807 tuerant,
2273 4741 2388 4809 ipse
2442 4741 2646 4795 lumine
2689 4756 2787 4794 suo
2825 4739 3140 4803 illustrans.
3179 4749 3236 4795 et
3277 4741 3332 4795 in
3357 4740 3550 4795 diurna

1969 4833 2088 4887 luce
2137 4833 2492 4899 constituens,
2531 4833 2688 4903 jubet
2748 4849 2854 4889 non
2901 4835 3117 4905 propria
3179 4833 3410 4904 peritia,
3454 4834 3552 4886 sed

1966 4925 2135 4994 ipsius
2158 4926 2323 4979 verbo
2341 4925 2598 4994 conlisos,
2619 4927 2751 4980 retia
2773 4929 2824 4981 in
2854 4928 3076 4999 pelagus
3097 4925 3300 4996 jacere.
3330 4923 3394 4979 Hi
3419 4937 3550 4977 vero

1964 5025 2166 5069 tantam
2227 5015 2562 5086 collegerunt
2619 5018 2848 5087 piSrium
2905 5018 3348 5079 multitudinem,
3403 5022 3463 5068 ut
3495 5023 3551 5066 et

1968 5107 2258 5175 piscatoria
2302 5107 2668 5164 instrumenta
2701 5119 3108 5178 rumperentur,
3140 5117 3196 5163 et
3229 5107 3362 5178 ipsa:
3397 5105 3546 5160 navi-

1962 5197 2096 5250 cula:
2129 5198 2370 5268 demet-gi
2403 5201 2639 5269 pondere
2679 5199 3144 5271 periclitarentur.

2034 5288 2170 5354 Quia
2219 5303 2347 5342 vero
2393 5290 2519 5344 talia
2578 5292 2862 5359 imperata,
2907 5289 3128 5346 Petrum
3178 5289 3230 5344 in
3262 5299 3537 5358 stuporem

1962 5386 2282 5448 metumque
2329 5396 2434 5435 non
2481 5381 2756 5436 modicum
2785 5382 3175 5446 abduxerant;
3213 5380 3368 5436 Haud
3398 5383 3538 5446 hac,

1961 5467 2138 5537 inquit
2185 5469 2234 5523 ei
2287 5471 2570 5536 Servator,
2635 5486 2966 5541 magnopere
3021 5480 3074 5527 te
3115 5482 3537 5527 commoveaut:

1961 5556 2170 5616 ludicra
2201 5563 2346 5617 enim
2382 5564 2496 5617 haec
2531 5575 2660 5620 sunt
2698 5565 2901 5629 adhuc,
2929 5571 2984 5620 et
3015 5563 3321 5621 futurarum
3353 5579 3537 5621 rerum

1963 5647 2228 5720 imagines
2274 5671 2290 5706 :
2339 5654 2516 5722 pisces
2563 5655 2780 5722 quidem
2833 5654 2992 5720 muti,
3038 5663 3093 5712 et
3149 5654 3537 5720 irrationales';

338 5748 808 5841 ςὲἓῖγρξξιυυιυιη
836 5753 1163 5818 ἀκολούθους
1198 5757 1372 5826 ιιιιοεῑδ
1406 5760 1628 5830 Proprie
1689 5760 1876 5816 vellem
1916 5776 1945 5814 a
2013 5763 2159 5835 Syro
2210 5766 2376 5824 fuisse
2416 5769 2705 5825 redditum.
2756 5768 2829 5823 lta
2882 5769 3048 5826 etiam
3095 5772 3236 5840 quod
3294 5773 3540 5841 sequitur

273 5821 627 5892 σαγηνευτάς.
