4008 6512
443 413 539 467 (i3!

1147 409 1413 466 EUSEBll
1455 406 2022 468 CASSARlENSlS—Ol

2162 412 2341 466 PARS
2379 409 2467 468 Ν.
2508 445 2576 454 -—-
2615 413 3030 469 DOGMATICA.

3577 418 3687 470 65?.

438 530 749 594 devinctos;
773 543 913 581 nunc
939 536 1116 582 autem
1145 529 1319 595 primo
1344 543 1410 583 ex
1435 531 1643 597 impura
1676 532 2010 599 scelestaque

2123 530 2467 601 καθαίρεσθαι
2521 533 2585 584 ἐκ
2635 532 2733 601 τῆς
2782 531 3099 601 δαιμονικῆς
3155 549 3245 583 και
3298 531 3683 603 εἰδωλολάτρου

438 621 547 671 vita
585 629 886 671 rev0catos.
942 619 1118 686 Atque
1177 630 1234 672 ut
1283 620 1368 674 his
1418 623 1684 675 suadeam
1734 622 2006 687 admonet,

438 720 560 783 post
624 710 1037 778 purgationem,
1121 711 1332 779 mystici
1403 712 1698 781 magisterii
1765 713 1816 763 vi
1886 728 2011 781 pcr-

440 812 638 865 actam,
669 801 808 854 haud
842 801 951 868 jam
987 813 1253 871 praecepta
1298 803 1546 866 Judaica,
1594 819 1770 873 neque
1812 803 2012 871 llloysis

443 892 701 961 legitima.
741 894 835 947 sed
886 909 1005 963 qua:
1063 895 1175 963 ipse
1222 895 1287 948 iis
1332 897 1667 965 prteciperet,
1698 896 2009 950 observare.

439 982 565 1036 llaec
593 983 844 1038 videlicet
866 999 973 1039 uno
994 1000 1089 1038 ore
1116 986 1294 1039 cuncti
1322 988 1449 1041 dum
1471 1002 1566 1056 per
1593 997 1781 1057 gentes
1807 986 2016 1041 discur-

439 1085 622 1128 rerent
658 1076 943 1131 tradebant
968 1079 1277 1132 constitutis
1308 1079 1358 1132 in
1392 1080 1642 1133 universo
1667 1077 1800 1133 orbe
1828 1078 2016 1133 Eccle-

437 1166 557 1219 siis.
604 1167 779 1235 Atque
815 1177 873 1220 ut
912 1184 1048 1237 opus
1092 1180 1234 1234 erat,
1282 1171 1552 1233 hortatur,
1608 1180 1664 1223 et
1724 1169 2014 1223 alacriores

437 1255 603 1311 ellieit
629 1260 695 1312 ad
724 1260 999 1314 adeundas
1027 1272 1346 1314 venatorum
1375 1276 1524 1315 more
1550 1270 1761 1332 gentes,
1797 1272 1851 1315 et
1878 1261 2014 1313 uni-

438 1365 654 1404 versum
695 1354 970 1406 hominum
1008 1370 1177 1423 genus
1214 1352 1590 1416 erudiendum,
1647 1353 1829 1406 addita
1887 1369 2009 1423 pro-

438 1439 733 1494 missione;
770 1441 906 1495 Ecce
940 1459 1030 1512 ego
1058 1444 1317 1495 vobiscum
1346 1458 1497 1508 sum;
1552 1444 1852 1497 secundum
1888 1458 2015 1497 vero

438 1529 662 1593 Lucam,
688 1532 950 1601 Spiritum
982 1538 1274 1604 spondens.
1326 1536 1449 1591 llzec
1485 1549 1664 1590 autem
1701 1536 2017 1605 promissio-

439 1621 526 1674 nis
576 1622 741 1675 verba
800 1625 973 1693 reipsa
1021 1626 1365 1679 cumulavit:
1421 1641 1542 1680 nam
1594 1627 1775 1680 divina
1815 1626 2016 1680 virtute

440 1713 635 1781 cuique
688 1725 901 1780 astans,
958 1717 1228 1786 inspirans
1269 1718 1434 1773 simul
1472 1729 1528 1773 et
1562 1734 1879 1787 cooperans,
1923 1733 2015 1771 ne-

438 1806 569 1874 gotii
605 1821 916 1861 successum
946 1809 1311 1874 conﬁrmavit,
1331 1823 1530 1878 eosque
1562 1809 1849 1878 magistros
1875 1806 2014 1877 apud

438 1912 625 1952 omnes
669 1910 857 1967 gentes
891 1901 1101 1956 tradita:
1133 1918 1160 1955 a
1206 1917 1266 1957 se
1304 1902 1577 1971 religionis
1604 1900 1900 1953 constituit.

2114 623 2341 691 πλάνης,
2385 623 2654 693 μιάσμασί
2698 640 2758 676 τε
2794 624 3068 685 παντοίοις
3106 623 3512 692 ἐνισχημὲνους,
3556 623 3684 695 ἀρτι

2112 730 2170 765 τε
2201 713 2413 783 πρῶτον
2434 712 2492 779 ἐξ
2517 714 2816 767 ἀκολάστου
2851 714 2944 765 καὶ
2967 713 3280 782 παρανόμου
3314 712 3427 781 βίου
3456 713 3684 782 μεταϐε-

2113 804 2431 876 ϐλημένους.
2468 805 2701 868 Τούτους
2728 806 2782 858 δέ
2815 807 2908 859 καὶ
2948 805 3213 857 διδάσκειν
3249 804 3503 875 παραινεῖ
3546 804 3685 873 μετά

2112 896 2210 967 τὴν
2234 895 2606 966 ἀποκάθαρσιν
2648 898 2746 967 τὴν
2778 896 2867 950 διά
2904 897 3001 966 τῆς
3035 896 3197 950 αὐτοῦ
3235 898 3499 967 μυστικῆς
3538 895 3688 949 διδα-

2116 988 2362 1055 σκαλίας,
2382 990 2442 1041 οὑ
2466 989 2535 1041 τὰ
2560 989 2825 1042 Ἰουδαϊκὰ
2843 989 3288 1060 παραγγέλματα,
3307 988 3427 1041 οὐδὲ
3443 987 3509 1041 τὰ
3535 988 3688 1059 παρὰ

2113 1081 2336 1133 Μωῦσεῖ
2374 1079 2602 1150 νόμιμα,
2635 1081 2748 1134 ἀλλ’
2784 1082 2883 1134 ὅσα
2918 1082 3102 1145 αὐτοῖς
3145 1079 3441 1133 ἐνετείλατο
3484 1080 3687 1148 φυλάτο

2113 1188 2245 1223 τειν.
2282 1170 2465 1224 Ταῦτα
2494 1170 2537 1222 δ’
2569 1167 2638 1241 ἦν
2670 1171 2705 1225 ἃ
2747 1172 2811 1243 δὴ
2855 1170 3159 1242 συμφώνως
3188 1175 3234 1225 οἰ
3279 1171 3479 1234 πάντες
3523 1174 3688 1224 ἐκπε-

2119 1260 2415 1331 ριελθόντες
2460 1262 2635 1315 πάντα
2669 1263 2735 1315 τὰ
2780 1262 2904 1335 ἔθνη
2959 1262 3371 1333 παραδεδώκασι
3402 1265 3522 1325 ταῖς
3560 1262 3685 1316 καθ’

2114 1352 2242 1421 ὅλης
2268 1352 2368 1421 τῆς
2400 1355 3100 1426 οἱκουμένηςἘκκλησίαις.
3139 1355 3473 1423 Ἀναγκαίως
3506 1355 3562 1407 δὲ
3592 1356 3690 1408 αῦ-

2114 1445 2242 1507 τοὺς
2264 1444 2582 1515 προτρέπει,
2614 1446 2707 1498 καὶ
2733 1447 3173 1517 προθυμοτέρους
3196 1443 3565 1515 ἀπεργάζεται
3594 1446 3689 1496 ἐπὶ

2114 1536 2174 1589 τὸ
2197 1536 2458 1608 θηρεῦσαι
2489 1537 2792 1608 περιελθεῖν
2828 1555 2886 1591 τε
2912 1538 3090 1591 πάντα
3114 1538 3182 1590 τὰ
3204 1537 3352 1607 ἔθνη,
3384 1538 3479 1590 καὶ
3515 1536 3694 1608 μαθη-

2112 1627 2303 1680 τεῦσαι
2342 1630 2449 1680 πᾶν
2486 1627 2639 1695 γένος
2673 1628 2993 1699 ἀνθρώπων,
3024 1627 3088 1679 δι’
3116 1623 3182 1698 ἦς
3214 1627 3507 1698 πεποίηται
3550 1628 3691 1700 πρὸς

2114 1719 2313 1781 αὐτους
2351 1719 2695 1787 ὑποσχέσεως
2738 1718 2934 1773 εἰπών·
2987 1721 3093 1773 Kal
3126 1720 3255 1774 ἰδοὺ
3280 1720 3393 1789 ἐγώ
3419 1722 3534 1789 εἶμι
3558 1719 3690 1788 μεθ’

2115 1807 2273 1877 ὑμῶν
2295 1825 2309 1839 ο
2345 1810 2485 1862 κατὰ
2510 1810 2567 1862 δὲ
2597 1812 2830 1874 Δουκᾶν,
2861 1811 2922 1864 τὸ
2956 1811 3177 1881 Πνεῦμα
3206 1810 3689 1881 ἐπαγγειλάμενος.

2042 1883 2085 1937 Β
2115 1899 2301 1969 Τούτῳ
2322 1900 2376 1953 δὲ
2398 1899 2474 1970 τῷ
2488 1901 2585 1971 τῆς
2608 1902 2933 1971 ἐπαγγελίας
2952 1903 3093 1974 λόγῳ
3111 1903 3267 1973 ἔργον
3288 1904 3513 1968 επιοεις,
3531 1904 3688 1973 θεῖκῇ

438 2007 497 2045 τε
519 1991 741 2063 δυνάμει
769 1994 983 2065 ἑκάστῳ
1019 1995 1211 2061 συνὼν,
1246 1996 1538 2066 συμπνέων
1560 2013 1617 2048 τε
1641 1996 1823 2057 αὐτοῖς
1849 1993 1943 2046 καί
1969 1994 2263 2065 συνεργῶν,
2305 1993 2643 2048 επιστώσατο
2674 1995 2732 2049 τὸ
2758 1998 3104 2069 κατόρθωμα,
3128 1998 3479 2061 διδασκάλους
3504 2015 3563 2051 τε
3594 1997 3693 2050 αὒ-

437 2086 564 2149 τοὺς
595 2086 704 2139 τῶν
726 2087 908 2140 ἐθνῶν
927 2088 1180 2142 ἁπάντων
1221 2088 1322 2158 τῆς
1356 2089 1447 2141 ὑπ’
1476 2088 1639 2140 αὑτοῦ
1674 2086 2072 2159 παραδοθείσης
2098 2085 2402 2151 θεοσεὸειας
2431 2087 2904 2159 ἀποδεικνύμενος.

511 2178 565 2230 2.
592 2177 701 2232 Hac
728 2179 801 2233 illi
822 2182 1180 2250 promissione
1198 2182 1331 2245 nixi,
1349 2196 1513 2250 opere
1542 2182 1658 2251 ipso
1690 2180 1833 2234 illius
1853 2183 2016 2234 verba

440 2271 787 2340 complebant
819 2287 834 2325 :
876 2266 1141 2341 protinus
1175 2274 1319 2327 enim
1368 2273 1501 2327 nihil
1542 2282 1837 2337 morantes,
1872 2271 2017 2325 omni

441 2377 563 2416 cum
584 2364 864 2418 alacritate
887 2366 950 2418 ad
971 2366 1206 2433 gentium
1233 2366 1594 2435 magiSterium
1617 2365 2017 2419 discurrebant.

443 2451 579 2506 Tum
610 2456 725 2521 ipso
755 2457 830 2510 rei
857 2470 1050 2510 eventu
1078 2452 1343 2525 perSuasi,
1368 2458 1647 2526 oculisque
1684 2473 1805 2511 eum
1837 2458 2022 2512 viven-

446 2557 551 2599 tem
579 2558 866 2602 cernentes
890 2548 979 2617 qui
1014 2548 1171 2617 paulo
1202 2558 1359 2603 antea
1403 2550 1704 2605 exstinctus
1738 2549 1936 2615 fuerat,
1966 2558 2023 2602 et

441 2652 603 2706 quem
638 2653 759 2691 cum
800 2639 1174 2707 jurejurando,
1199 2651 1419 2709 propter
1451 2655 1511 2694 ea
1541 2655 1660 2708 quae
1688 2639 2018 2704 acciderant,

444 2738 773 2796 negaverant
794 2745 810 2793 ;
831 2730 990 2796 hunc,
1016 2729 1257 2799 inquam,
1285 2738 1589 2799 spectantes
1606 2730 1884 2784 evidenter
1902 2743 2023 2798 per-

443 2819 818 2889 sonaliterque
855 2832 1197 2889 praesentem,
1241 2835 1293 2877 et
1344 2838 1494 2877 more
1524 2822 1687 2877 solito
1739 2820 2021 2889 alloquen-

446 2921 576 2975 tem,
601 2922 656 2965 et
679 2928 740 2968 ea
764 2928 886 2982 quae
917 2912 1030 2982 jam
1066 2931 1164 2970 nos
1192 2915 1425 2970 diximus
1468 2916 1868 2985 promittentem
1910 2931 1924 2965 :
1967 2913 2021 2966 in

444 3010 683 3069 tantum,
714 3014 769 3058 ut
815 3022 844 3059 a
880 3007 1147 3075 promisso
1177 3022 1235 3060 se
1266 3007 1518 3061 excidere
1560 3005 1701 3058 haud
1733 3018 1893 3072 posse
1917 3018 2022 3057 co-

445 3106 793 3164 gnoscerent,
843 3109 1062 3168 prapter
1098 3098 1334 3153 oblatam
1366 3098 1537 3152 oculis
1600 3098 2019 3167 apparitionem.

446 3187 581 3255 Quae
609 3189 711 3244 nisi
763 3191 921 3245 ita'se
948 3192 1231 3257 haberent,
1278 3190 1519 3259 profecto
1540 3189 1605 3241 ad
1637 3198 1902 3256 praecepta
1934 3185 2020 3240 illa

449 3270 805 3350 to'rpuissent,
860 3284 1179 3338 rusticitatis
1228 3299 1339 3338 sua:
1396 3292 1453 3337 et
1528 3282 1759 3335 idioticze
1800 3279 2023 3346 loquela:

449 3376 680 3439 conscii,
729 3375 884 3445 cujus
935 3390 1099 3430 causa
1148 3375 1380 3429 olllcium
1435 3375 1669 3427 fortasse
1726 3375 2025 3426 detrectas-

2192 2178 2254 2249 β’.
2279 2180 2459 2251 Ταυτῃ
2484 2179 2613 2249 γοῦν
2635 2181 3099 2253 ἐπιθαρσήσαντες
3114 2186 3181 2254 τῇ
3200 2182 3519 2253 ἐπαγγελία.
3538 2182 3687 2253 ἔργῳ

2120 2273 2242 2335 τοὺς
2272 2273 2433 2326 αὐτοῦ
2466 2273 2659 2341 λόγους
2694 2275 2961 2347 ἐπλήρουν
2981 2292 2995 2306 ο
3038 2277 3233 2330 αὐτίκα
3261 2276 3423 2347 μηδὲν
3464 2275 3695 2344 ὑπερθέ-

2124 2387 2293 2439 μενοι,
2319 2373 2413 2422 σὺν
2458 2387 2604 2441 πασῃ
2654 2372 2929 2443 προθυμίᾳ
2974 2371 3262 2442 περιῆλθον
3311 2373 3403 2424 ἐπὶ
3443 2373 3541 2443 τὴν
3584 2371 3695 2424 τῶν

2121 2463 2287 2515 ἐθνῶν
2303 2462 2667 2516 διδασκαλίαν
2689 2464 2833 2535 ἔργῳ
2855 2465 2949 2534 μὲν
2969 2463 3116 2533 αὐτῷ
3133 2464 3536 2535 παραλαϐόντες
3557 2464 3695 2534 (55),

2123 2554 2215 2607 καὶ
2236 2553 2532 2622 ὀφθαλμοῖς
2562 2554 2795 2626 ὁρῶντες
2818 2554 2994 2619 ζῶντα
3021 2555 3110 2608 τὸν
3138 2556 3241 2625 ww
3280 2553 3474 2626 μικροῦ
3512 2554 3697 2608 Θανόν-

2121 2641 2210 2710 τα,
2242 2645 2335 2699 καὶ⁴
2358 2646 2416 2699 ὃν
2442 2644 2788 2715 ἐξωμόσαντο
2813 2647 3178 2718 ἀρνησάμενοι
3208 2647 3294 2701 διὰ
3326 2646 3394 2699 τὰ
3419 2645 3695 2717 συμϐεϐη-

2122 2736 2275 2800 κότα,
2303 2735 2490 2789 τοῦτον
2518 2736 2677 2790 αὑτὸν
2699 2736 2943 2808 ἐναργῶς
2974 2738 3067 2790 καὶ
3088 2736 3529 2807 αὐτοπροσώπως
3561 2753 3698 2806 παρ-

2122 2829 2249 2881 όντα
2283 2828 2375 2881 καὶ
2418 2826 2661 2899 συνήθως
2713 2827 3251 2899 προσδιαλεγόμενον,
3299 2825 3698 2895 ἐπαγγελλόμε-

2122 2918 2212 2972 νόν
2241 2936 2299 2971 τε
2322 2919 2505 2981 αὐτοῖς
2527 2919 2594 2971 τὰ
2632 2918 3063 2989 προλελεγμέναο
3098 2919 3198 2971 οὐκ
3225 2918 3436 2989 ἔχοντες
3462 2918 3519 2969 δέ
3548 2918 3697 2980 ὅπως

2121 3012 2186 3063 ἀν
2210 3010 2564 3080 ἀποστήσωσι
2594 3008 2692 3079 τῆς
2718 3009 3047 3077 ἐπαγγελίας
3076 3008 3162 3061 διά
3187 3009 3286 3079 τὴν
3320 3006 3691 3078 θεωρουμένην

2121 3101 2262 3171 ὄψιν.
2296 3095 2375 3153 Ἦ
2406 3100 2516 3172 γάρ
2544 3102 2611 3155 ἂν
2635 3103 2727 3155 καὶ
2756 3100 3087 3171 ἀπώκνησαν
3122 3100 3255 3170 πρὸς
3289 3099 3349 3151 τὸ
3395 3099 3693 3167 ἐπίταγμα,

2122 3193 2413 3264 ἀγροικίαν
2443 3194 2654 3256 ἑαυτοῖς
2682 3194 2775 3246 καὶ
2800 3192 2973 3261 λόγων
3009 3191 3274 3245 ἱδιωτείαν
3306 3188 3699 3257 συγγινώσκονυ-

2122 3302 2235 3348 τες,
2270 3284 2337 3337 δι’
2367 3290 2434 3356 ἢν
2466 3283 2605 3354 τάχα
2635 3283 2699 3337 ἂν
2722 3285 2815 3338 καὶ⁸
2843 3283 3228 3355 παρῃτήσαντο
3250 3299 3264 3313 ο
3301 3281 3524 3342 εἰκότως
3546 3279 3693 3345 λογι-
3758 3348 3763 3353 γ

2126 3376 2369 3445 σάμενοι,
2394 3393 2469 3438 ως
2496 3376 2593 3445 οὐχ
2620 3372 2728 3427 οἶόν
2758 3392 2817 3427 τε
2846 3369 2915 3444 ἧν
2941 3373 3147 3445 Σύρους
3173 3372 3271 3443 τὴν
3296 3370 3561 3440 γλῶτταν,
3602 3370 3694 3421 καὶ

449 3474 603 3529 sent;
640 3476 786 3521 recte
829 3467 1129 3535 cogitantes
1155 3467 1269 3521 ﬁeri
1316 3465 1460 3521 haud
1506 3479 1664 3533 posse
1691 3473 1751 3517 ut
1779 3462 2022 3517 homines

2127 3464 2289 3518 πλέον
2321 3465 2527 3527 ἀλιείας
2560 3464 2725 3535 μηδὲν
2742 3463 3158 3534 ἐπισταμένους,
3189 3460 3537 3522 διδασκάλους
3565 3458 3697 3528 ὁμοῦ

450 3560 630 3630 lingua
665 3560 811 3631 Syri,
853 3571 907 3614 et
942 3568 1134 3629 praeter
1182 3569 1355 3612 artem
1406 3558 1753 3626 piscatoriam
1785 3556 2024 3609 omnium

450 3650 650 3718 ignari,
687 3652 926 3722 magistri
968 3652 1423 3705 constituerentur
1445 3648 2029 3705 Graecorum—simulet

450 3740 846 3805 Romanorum,
864 3742 1238 3813 Egyptiorutn
1270 3754 1325 3796 et
1348 3742 1657 3806 Persarum,
1682 3742 2025 3811 aliarumque

450 3836 689 3905 gentium
721 3834 1096 3897 barbararum,
1124 3834 1372 3904 legesque
1404 3834 1610 3888 ferrent
1638 3850 1820 3888 coram
1851 3834 2025 3903 legum

450 3930 717 3987 latoribus
780 3933 1137 4002 regibusque,
1203 3932 1508 3985 contrarias
1562 3930 1626 3983 iis
1686 3929 2029 3999 opinionibus

384 4016 387 4017 ⁷
450 4037 572 4090 ρυεε
611 4022 675 4076 de
700 4021 971 4090 primariis
999 4022 1102 4075 diis
1135 4037 1201 4074 ex
1232 4021 1376 4074 omni
1411 4035 1527 4074 tevo
1552 4020 1893 4073 exstiterant.
1922 4019 2026 4071 Sed

451 4112 568 4166 haec
599 4128 816 4167 versare
847 4113 1030 4166 animo
1063 4128 1167 4166 non
1200 4112 1398 4165 licebat
1437 4111 1566 4175 illis,
1595 4112 1685 4180 qtti
1711 4127 1896 4164 vocem
1935 4109 2027 4163 Dei

386 4276 387 4279 η
452 4201 686 4258 dicentis
709 4203 1199 4258 audierant:Ecce
1248 4220 1340 4273 ego
1384 4204 1641 4256 vobiscum
1695 4219 1843 4265 sum;
1888 4217 2025 4271 quo-

453 4293 598 4348 niam
641 4296 922 4350 evidenter
968 4306 1295 4366 aspexerant
1356 4294 1627 4362 loquentis
1688 4294 2026 4347 divinitatem

454 4387 614 4441 morti
635 4388 969 4456 superiorem
1001 4388 1333 4455 apparuisse.
1368 4386 1502 4439 Hinc
1531 4401 1624 4439 eos
1652 4384 2029 4439 inobedientize

453 4479 621 4533 timor
652 4481 891 4544 incessit,
918 4480 1147 4549 ideoque
1183 4479 1437 4549 periculis
1468 4493 1526 4533 se
1546 4477 1913 4544 obiectabant,
1939 4492 2025 4530 ac-

454 4582 609 4640 cepta
641 4587 670 4623 a
702 4572 959 4640 magistro
992 4572 1152 4625 arrba
1177 4572 1302 4624 vita:
1334 4580 1452 4639 post
1485 4580 1713 4624 mortem
1753 4570 2026 4634 viveudte;

454 4676 762 4731 magnoque
794 4661 975 4716 animo
1021 4672 1248 4716 cunctas
1277 4675 1463 4731 gentes
1502 4660 1747 4721 obibant,
1783 4661 2027 4729 magistri

454 4752 536 4805 sui
585 4753 973 4820 promissiones
1014 4769 1180 4822 opere
1222 4752 1611 4815 conlirtnantes
1645 4751 1756 4821 (55)
1790 4770 1803 4805 :
1834 4752 2029 4821 quibus

452 4844 617 4897 etiam
640 4846 852 4898 dixerat
875 4860 887 4895 :
910 4843 1031 4899 tVos
1065 4846 1202 4899 estis'
1228 4846 1420 4899 horum
1448 4855 1633 4907 testes,
1670 4846 1860 4900 mortis
1886 4846 2031 4899 vide-

454 4934 671 4989 licet'ac
696 4936 1134 4990 resurrectionis.

525 5030 579 5084 5.
611 5028 746 5083 Cum
774 5044 904 5099 ergo
942 5029 1112 5084 semel
1167 5028 1500 5084 declarasset
1545 5039 1796 5098 oportere
1844 5030 1897 5083 in
1935 5046 2035 5085 no-

456 5123 603 5176 mine
633 5122 752 5191 ejus
793 5123 1073 5191 pmdicari
1117 5124 1494 5191 pmnitentiam
1528 5128 1579 5178 in
1612 5124 1824 5178 cunctis
1861 5123 2037 5192 genti-

455 5216 590 5278 bus;
634 5214 734 5269 nisi
758 5215 898 5268 l'acta
930 5214 1112 5268 verbis
1146 5224 1327 5282 postea
1350 5216 1770 5277 consensissent,
1798 5229 1864 5267 ne
1887 5214 2033 5267 illum

456 5308 675 5376 quidem
704 5325 733 5362 a
760 5308 987 5363 mortuis
1013 5308 1280 5363 revixisse
1303 5309 1672 5363 crederemus.
1725 5307 1821 5361 Sin
1858 5310 2035 5376 potius

460 5400 527 5454 ad
560 5402 697 5455 hanc
733 5417 903 5471 usque
934 5402 1074 5455 diem
1102 5412 1317 5456 etnunc
1342 5402 1504 5455 etiam
1530 5397 1811 5468 praedictio
1841 5398 1893 5449 itt
1923 5412 2033 5449 rem

534 5572 648 5641 (55)
672 5572 843 5625 Aliter
865 5574 952 5627 hic
970 5572 1318 5643 interpungit,
1345 5579 1847 5640 consequenterque
1874 5570 2041 5624 inter-

459 5653 705 5715 pretatur
734 5644 906 5715 editor
926 5644 1149 5712 Anglus.

540 5712 654 5779 (δι)
678 5714 803 5766 Abit
830 5714 880 5766 in
911 5708 1074 5766 aliuin
1102 5729 1324 5780 prorsus
1356 5726 1577 5765 sensum
1612 5710 1827 5777 Attglica
1855 5725 1918 5761 cx
1947 5708 2039 5779 Sy-

464 5784 613 5837 riaco
671 5785 1047 5851 interpretatio
1084 5800 1098 5836 :
1134 5782 1442 5848 Iiespecting
1490 5781 1618 5833 wich
1656 5780 1888 5831 however
1922 5781 2038 5847 they

464 5854 570 5907 [md
592 5854 915 5907 entertained
944 5854 1075 5907 fear.
1117 5852 1365 5912 (Syriaco
1397 5861 1545 5904 textu
1582 5865 1666 5903 me
1694 5865 1882 5905 carere
1931 5866 2037 5907 non

2140 3557 2529 3629 Ἑλλήνωνακα).
2580 3556 2883 3629 Ῥωμαίων,
2914 3555 3224 3623 Αἰγυπτίων
3262 3570 3322 3606 τε
3356 3555 3451 3605 καὶ
3475 3551 3697 3623 Περσῶν

2129 3649 2221 3701 καὶ
2264 3649 2372 3702 τῶν
2407 3648 2608 3702 λοιπῶν
2638 3649 2927 3721 βαρὸἀρων
2959 3645 3126 3701 ἐθνῶν
3170 3644 3522 3707 καταστῆναι,
3555 3648 3700 3697 ἀντι-

2128 3741 2486 3812 νομοθετῆσαί
2526 3759 2586 3794 τε
2632 3744 2745 3806 τοῖς
2778 3739 3090 3810 ἁπανταχοῦ
3137 3739 3255 3810 γῆς,
3284 3739 3600 3809 νομοθέταις
3640 3754 3695 3789 τε

2128 3835 2222 3887 καὶ
2257 3833 2555 3903 βασιλεῦσι,
2591 3833 2852 3887 τάναντία
2885 3836 2995 3896 τοῖς
3021 3834 3146 3903 περὶ
3171 3832 3278 3883 τῶν
3308 3829 3535 3901 πρώτων
3564 3828 3700 3881 θεῶν

2128 3929 2192 3980 ἐκ
2233 3926 2326 3979 τοῦ
2369 3926 2571 3988 παντὸς
2616 3925 2809 3989 αἰῶνος
2854 3921 3215 3994 δεδογμένοις.
3262 3921 3400 3974 Ἀλλ’
3433 3922 3533 3972 οὐκ
3576 3918 3700 3987 ἐξῆν

2128 4020 2309 4082 αὐτοῖς
2332 4018 2508 4073 ταῦτα
2539 4017 2882 4081 διανοεῖσθαι,
2915 4016 3180 4070 ἀκούσασι
3217 4016 3315 4086 μὲν
3350 4014 3483 4067 Θεοῦ
3522 4011 3700 4081 φωνῆς

2128 4110 2393 4181 λεγούσης
2418 4111 2621 4173 αὐτοῖς,
2659 4108 2811 4163 ἰδοὺ
2848 4107 2962 4178 ἐγὼ
3007 4109 3133 4177 μεθ’
3172 4107 3339 4176 ὑμῶν
3360 4108 3475 4174 ειμι
3495 4143 3510 4168 ,
3535 4103 3701 4175 ὁρῶσι

2128 4203 2184 4256 δὲ
2220 4203 2427 4273 ἐναργῆ
2461 4202 2558 4273 τὴν
2590 4200 2682 4254 τοῦ
2714 4200 3000 4263 λαλοῦντος
3028 4199 3254 4268 θεότητα
3298 4198 3574 4268 κρείττονα
3611 4198 3702 4245 θα-

2130 4296 2292 4349 νάτου
2328 4295 2619 4363 φανθεῖσαν
2639 4311 2651 4324 ο
2694 4294 2774 4346 διὸ
2807 4294 2900 4345 καὶ
2921 4293 3036 4356 δέος
3082 4292 3265 4353 αὐτοῖς
3298 4291 3395 4359 τῆς
3423 4286 3700 4357 παρακοῆς

2130 4387 2301 4458 εἰσῄει
2328 4387 2462 4457 (54).
2494 4386 2684 4438 Ἔνθεν
2708 4385 2871 4455 ὁμόσε
2893 4387 3004 4447 τοῖς
3034 4383 3297 4445 κινδύνοις
3329 4380 3585 4451 ἐχώρουν,
3607 4379 3701 4449 τῆς

2133 4480 2272 4551 μετά
2296 4478 2524 4532 θάνατον
2556 4477 2698 4548 ζωῆς
2727 4476 2876 4548 παρά
2898 4476 2993 4529 τοῦ
3019 4474 3337 4529 διδασκάλου
3360 4473 3610 4533 λαϐόντες
3639 4470 3703 4524 τὰ

2132 4570 2403 4640 ἐχέγγυαο
2438 4567 2706 4637 προῆλθόν
2735 4584 2794 4620 τε
2832 4566 3110 4639 εὐθαρσῶς
3139 4567 3230 4618 ἐπὶ
3266 4564 3364 4636 τὴν
3397 4564 3505 4618 τῶν
3533 4562 3701 4616 ἀπάν-

2130 4679 2238 4714 των
2274 4660 2441 4714 ἐθνῶν
2483 4659 2750 4730 περίοδον,
2781 4658 2875 4712 τοῦ
2916 4675 3066 4726 σφων
3106 4655 3422 4709 διδασκάλου
3453 4654 3549 4717 τάς
3578 4654 3705 4705 ὑπο-

2137 4753 2349 4823 σχέσεις
2389 4751 2568 4822 έργοις
2609 4750 2989 4820 πιστούμενοι·
3026 4743 3107 4812 οἷς
3138 4749 3230 4801 καὶ
3253 4748 3389 4817 ἔφη·
3429 4748 3612 4816 Ὑμεῖς
3648 4743 3702 4795 δέ

2140 4850 2264 4899 ἐστε
2309 4844 2583 4915 μάρτυρες
2628 4842 2852 4906 τούτων,
2884 4841 2978 4893 τοῦ
3000 4840 3228 4893 θανάτου
3259 4838 3459 4909 δηλαδὴ
3488 4837 3580 4890 καὶ
3611 4834 3706 4903 τῆς

2140 4938 2504 4998 ἀναστάσεως.

2212 5027 2421 5097 (55-56)
2450 5034 2517 5096 γ’.
2552 5026 2733 5092 "Arcas,
2755 5022 2847 5079 οὖν
2869 5025 3292 5095 ἀποφηναμένου
3311 5024 3419 5076 δεῖν
3436 5019 3707 5093 κηρυχθῇ⁸

2142 5118 2233 5171 ἐπὶ
2250 5119 2329 5188 τῷ
2351 5119 2572 5188 ὀνόματι
2593 5117 2753 5171 αὑτοῦ
2778 5117 3063 5186 μετάνοιαν
3088 5116 3181 5168 ἐπί
3204 5116 3383 5168 πάντα
3409 5114 3475 5165 τά
3495 5113 3640 5181 ἔθνη,
3660 5111 3703 5161 εί

2140 5229 2225 5263 ναι
2246 5210 2319 5281 μὴ
2335 5206 2424 5264 τοῦ
2435 5227 2559 5281 ργον
2592 5209 2993 5280 ἐπηκολούθηκε
3013 5206 3089 5276 τῷ
3105 5206 3265 5277 λόγῳ,
3291 5206 3423 5277 μηδέ
3453 5203 3519 5258 τά
3533 5204 3628 5272 τῆς
3645 5203 3703 5253 ἐκ

2139 5302 2346 5373 νεκρῶν
2384 5300 2729 5363 ἀναδιὼσεως
2764 5300 2927 5353 αὑτοῦ
2976 5298 3345 5351 πιστευέσθω·
3377 5298 3424 5348 εἰ
3458 5294 3513 5346 δὲ
3546 5291 3704 5345 εἰσέτι

2142 5396 2234 5447 καὶ
2277 5393 2373 5446 νῦν
2406 5393 2476 5446 τὰ
2519 5394 2617 5464 τῆς
2662 5394 3017 5462 προρρήσεως
3053 5393 3131 5454 εἰς
3174 5390 3332 5460 ἔργον
3377 5387 3561 5457 χωρεῖ,
3592 5384 3617 5435 ὃ
3650 5397 3703 5433 τε

2149 5570 2312 5626 semel
2338 5571 2462 5623 alibi
2504 5570 2659 5639 dixi.)

2220 5641 2432 5705 (55-56)
2459 5640 2555 5692 llic
2588 5632 3063 5709 prtetermittitura
3093 5635 3273 5709 Niceta
3291 5632 3567 5709 eelogario
3586 5643 3705 5696 pars

2148 5702 2424 5779 aliquanta
2452 5702 2737 5779 Eusebiani
2763 5720 2959 5779 textus,
2989 5721 3106 5779 quae
3128 5705 3318 5779 legitur
3340 5702 3703 5779 ittéttglicana

2147 5772 2400 5847 cdiiiouc,
2425 5797 2474 5845 ι).
2508 5780 2631 5836 2:27.
2666 5778 2907 5848 Theoplt.
2946 5772 3018 5843 tv,
3046 5775 3096 5829 9.
3128 5774 3283 5845 Angl.
3318 5790 3368 5842 p.
3400 5772 3527 5825 2-28.
