4008 6516
321 421 420 478 653

1650 420 1737 474 DE
1777 421 2244 478 TllliOPllANlA.

3442 423 3548 478 63$

322 535 466 602 λόγος
495 530 660 585 αὑτοῦ
689 531 796 597 ζῶν
827 533 918 585 καὶ
943 533 1180 606 ἐνεργῶν
1210 533 1332 586 καθ’
1354 532 1482 603 ὅλης
1515 532 1613 603 τῆς
1634 533 1879 602 οἰκουμέ-

1985 535 2352 600 convertitur;
2387 535 2611 606 ejusque
2647 535 2895 601 verbum,
2930 536 3112 591 vivum
3143 545 3198 589 et
3227 533 3409 591 elllcax
3453 553 3549 607 per

320 643 411 696 νης
442 623 736 695 ὀφθαλμοῖς
767 627 979 696 ὁρᾶται,
1017 625 1136 696 ὥρα
1171 625 1305 696 μηδὲ
1329 624 1406 695 τῷ
1434 624 1525 676 τὸν
1558 623 1714 691 λόγον
1759 639 1884 693 προ-

319 716 490 786 εμένῳ
525 717 790 768 άπιστεῖν.
824 708 898 768 Οὖ
922 716 1029 786 γὰρ
1058 715 1330 786 ήδύναμις
1359 715 1507 778 ζῶσα
1536 715 1630 768 καὶ
1657 713 1888 784 ἐνεργὴς

319 811 524 881 ὁρᾶται,
551 807 741 860 τοῦτον
775 810 986 880 ἀνάγκη
1017 810 1167 862 πᾶσα
1191 808 1324 862 πολὺ
1352 809 1614 879 πρότερον
1642 805 1761 875 ζῇν,
1791 804 1885 856 καὶ

318 900 446 953 Θεοῦ
483 898 629 971 ζωὴν
671 899 856 953 τοῦτον
890 899 1124 953 ἐκτελεῖν
1171 901 1304 970 (57),
1342 895 1403 954 οὗ
1433 898 1608 963 ζῶντα
1644 899 1711 951 τά
1749 897 1884 968 ἔργα

319 995 580 1065 σύμφωνα
605 996 721 1055 ταῖς
738 995 939 1061 φωναῖς
953 992 1352 1045 ἀποδείκνυται.
1374 992 1558 1044 Πᾶσαν
1572 988 1702 1058 γοῦν
1714 988 1884 1060 ἀκοὴν

319 1084 581 1136 παντοίων
613 1083 782 1135 ἐθνῶν
798 1083 906 1150 (58)
925 1086 972 1135 οἱ
988 1083 1149 1136 αὑτοῦ
1165 1083 1310 1150 λόγοι
1330 1081 1542 1151 διῆλθον
1559 1079 1884 1151 μεταὸαλλό-

319 1193 464 1245 μενοι
510 1175 608 1226 καὶ
651 1173 1180 1246 μεθερμηνευόμενοι
1228 1175 1309 1238 είς
1343 1173 1600 1226 παντοίαν
1638 1171 1883 1239 γλῶτταν

328 1267 640 1337 Ἑλληνικήν
680 1283 737 1318 τε
777 1266 871 1318 καὶ
909 1265 1212 1339 βάρϐαρονο
1246 1266 1323 1329 ὼς
1357 1263 1678 1329 ἐξάκουστον
1717 1261 1882 1316 αὐτοῦ

312 1357 405 1426 τὴν
423 1356 772 1410 διδασκαλίαν
794 1359 928 1410 πᾶσι
956 1359 1068 1420 τοῖς
1103 1356 1280 1409 ἔθνεσι
1301 1355 1616 1426 γενομένην,
1651 1355 1730 1417 εἰς
1763 1357 1886 1406 ὲπι-

313 1447 546 1518 στροφὴν
603 1449 696 1500 καὶ
747 1449 1034 1517 μετάνοιαν
1085 1448 1310 1516 ἀγαγεῖν
1356 1447 1524 1518 μυρία
1569 1445 1744 1518 πλήθη
1774 1445 1883 1498 τῶν

315 1537 574 1609 πρότερον
607 1540 665 1590 ὲν
695 1539 938 1608 πολυθέῳ
960 1538 1135 1611 πλάνῃ
1161 1537 1254 1591 καὶ
1270 1537 1679 1609 εἰδωλολατρείᾳ
1713 1537 1886 1607 πλημ-

315 1627 483 1696 μελῶς
517 1629 614 1681 καὶ
646 1629 896 1699 άσέμνως
915 1630 1190 1700 βιούντων.
1223 1631 1296 1683 Οὐ
1321 1630 1584 1701 πρότερον
1599 1630 1654 1682 δὲ
1671 1630 1881 1698 ἄφεσιν,

311 1716 424 1772 εἶτα
441 1723 747 1791 μετάνοιαν,
762 1722 897 1775 ἀλλὰ
907 1722 1195 1792 μετάνοιαν
1212 1723 1443 1795 πρῶτον,
1459 1721 1574 1776 εἶτα
1584 1723 1681 1794 τὴν
1693 1724 1884 1791 ἄφεσιν

313 1813 596 1882 κηρύττειν
623 1814 1071 1887 παρακελεύεται.
1091 1815 1215 1878 Τοῖς
1235 1814 1344 1886 γὰρ
1358 1815 1600 1886 γνησίοις
1621 1815 1884 1886 πρότερον

311 1902 490 1953 κακῶν
524 1905 816 1972 μετάνοιαν
845 1904 1241 1975 ἐνδειξαμένοις
1257 1908 1290 1975 ἡ
1310 1908 1577 1978 σωτήριος
1601 1906 1762 1976 χάρις
1780 1905 1879 1975 τὴν

313 1993 654 2066 συγχώρησιν
700 1996 809 2048 τῶν
861 1997 1258 2068 πεπραγμένων
1309 1998 1650 2068 ἐδωρήσατο·
1691 1997 1758 2050 δι’
1787 1995 1880 2061 οὓς

312 2086 398 2137 καὶ
444 2086 536 2137 τὸν
583 2086 812 2140 θάνατον
845 2087 1148 2152 ἀνεδέξατο,
1183 2087 1376 2160 λύτρον
1419 2087 1611 2140 ἑαυτὸν
1666 2087 1882 2149 ἐπιδοὺς

310 2177 398 2228 καὶ
439 2178 733 2247 άντίψυχον
771 2178 878 2232 τῶν
915 2179 1209 2250 μελλόντων
1232 2179 1297 2232 δι’
1322 2179 1486 2232 αὐτοῦ
1518 2176 1878 2248 σωθήσεσθαι.

308 2262 457 2316 Οὕτω
495 2265 634 2334 δῆτα
665 2269 712 2318 οἱ
740 2267 902 2320 αὐτοῦ
938 2269 1197 2340 μαθηταὶ,
1230 2270 1421 2340 ἄνδρες
1460 2269 1674 2338 ἄπειροι
1709 2268 1880 2336 λόγων

307 2350 450 2417 ὄντες
481 2357 578 2409 καὶ
622 2357 852 2427 πάμπαν
889 2359 1112 2424 ἰδιῶται,
1168 2360 1397 2432 πένητές
1440 2374 1498 2412 τε
1524 2361 1616 2413 καὶ
1645 2359 1880 2422 εὐτελεῖς

308 2441 365 2494 τδ
392 2445 578 2515 σχῆμα
602 2446 734 2518 (59),
770 2449 835 2518 τῇ
859 2449 1082 2519 δυνάμει
1108 2450 1199 2502 τοῦ
1231 2448 1370 2520 μετά
1399 2449 1626 2502 θάνατον
1647 2447 1881 2519 θεωρου-

311 2534 464 2603 μένου
502 2538 604 2590 κα)⁵
637 2539 892 2608 ἐμφανῶς
937 2541 1119 2605 αὐτοῖς
1165 2541 1618 2612 συναυλιζομένου
1651 2540 1882 2612 ἐπιθαρ-

309 2631 586 2699 σήσαντες.
606 2631 711 2684 ἀπὸ
727 2634 822 2702 τῆς
836 2634 902 2686 Ὶε
912 2635 1189 2706 ρουσαλὴμ
1207 2634 1413 2698 πόλεως
1432 2635 1725 2706 ἀρξάμενοι
1740 2632 1882 2687 κατὰ

307 2721 401 2783 τὰς
425 2722 594 2776 αὑτοῦ
630 2725 1080 2795 παρακελεύσεις,
1120 2729 1206 2781 ἵνα
1247 2727 1628 2798 ἀναπολόγητα
1654 2724 1738 2797 εἴη
1770 2727 1881 2788 τοῖς

319 2812 589 2879 Ἰουδαίοις
610 2817 992 2889 ἀπιστήσασιν,
1025 2821 1116 2872 ἐπὶ
1136 2821 1312 2875 πάντα
1340 2817 1610 2891 προῆλθον
1625 2819 1692 2872 τά
1726 2817 1877 2888 ἔθνη,

307 2903 394 2954 καὶ
427 2905 494 2957 τά
533 2911 985 2978 προστεταγμένα
1020 2911 1266 2976 ἐποίουν,
1302 2911 1660 2980 κηρύττοντες
1712 2907 1878 2978 μετά-

304 3011 444 3048 νοιαν
477 3000 596 3061 τοῖς
630 3001 784 3066 πᾶσι,
817 3001 911 3053 κα.)¹
944 3001 1096 3054 λύσιν
1122 3001 1229 3055 τῶν
1262 3001 1523 3074 πρότερον
1568 3000 1668 3070 τῆς
1704 2998 1882 3069 ψυχῆς

305 3086 786 3161 ἀμπλακημάτων.

371 3355 478 3427 (60)
505 3358 876 3431 Συνηγμένων
907 3362 1005 3431 μὲν
1043 3359 1136 3416 οὖν
1171 3363 1264 3416 ἐπὶ
1293 3362 1352 3416 τὸ
1386 3361 1519 3416 αὐτὸ
1552 3363 1609 3415 ὲν
1635 3363 1747 3426 τοῖς
1787 3361 1884 3414 Ἱε-

306 3449 621 3521 ροσολύμοις
647 3450 754 3505 τῶν
806 3453 1080 3525 ἀρχόντων
1112 3455 1207 3510 τοῦ
1248 3454 1514 3509 Ἰουδαίων
1539 3454 1744 3518 ἔθνους,
1779 3453 1881 3524 ἀρ-

303 3541 529 3610 χιερέων
561 3560 617 3596 τε
663 3545 758 3596 καὶ
809 3547 1297 3616 νομοδιδασκάλων,
1342 3549 1398 3602 ἐν
1437 3546 1587 3617 αὐτῷ
1622 3546 1700 3617 τῷ
1752 3545 1881 3617 ἱερῷ

303 3632 626 3702 ποιούμενος
659 3635 757 3698 τὰς
794 3636 1099 3709 διατριϐὰς,
1129 3640 1197 3693 τὰ
1245 3639 1506 3710 μέλλοντα
1533 3640 1715 3702 αὐτοῖς
1758 3641 1880 3692 κατ’

305 3721 461 3774 αύτοῦ
489 3722 817 3794 τολμᾶσθαι,
837 3727 932 3780 καὶ
962 3727 1052 3780 τὸν
1081 3729 1172 3780 ἐπὶ
1192 3731 1257 3799 τῇ
1289 3729 1464 3801 τόλμῃ
1495 3728 1880 3800 καταληψόμε-

303 3827 386 3864 νον
412 3815 613 3879 αὐτοὺς
630 3815 846 3889 ὄλεθρον
881 3819 1326 3890 ὲπεσκιασμὲνως
1346 3821 1534 3874 τοῦτον
1558 3821 1650 3874 τὸν
1679 3821 1881 3892 τρόπον

299 3902 383 3955 διὰ
409 3907 510 3976 τῆς
561 3909 876 3981 παραϐολῆς
927 3912 1332 3984 προηγόρευσεν
1357 3930 1371 3942 '
1407 3914 1741 3981 Ἄνθρωπός
1787 3930 1879 3980 τις

301 3991 376 4065 ἦν
421 4000 879 4069 οἰκοδεσπότης,
933 4002 1104 4068 ὅστις
1161 4005 1497 4072 ἐφύτευσεν
1531 4003 1876 4073 ἀμπελῶνα,

301 4088 394 4140 καί
416 4091 692 4159 φραγμὸν
713 4092 872 4157 αὐτῷ
896 4094 1226 4162 περιέθηκε,
1255 4095 1354 4148 καὶ
1375 4095 1605 4164 ὤρυξεν
1627 4097 1697 4150 ἐν
1719 4095 1880 4162 αὐτῷ

299 4181 512 4247 ληνὸν,
547 4183 645 4235 καὶ
685 4183 1034 4254 ᾠκοδόμησε
1080 4189 1330 4256 πύργον,
1378 4189 1478 4242 καί
1503 4189 1746 4253 ἐξέδοτο
1774 4193 1881 4245 αὑ-

302 4273 402 4324 τὸν
428 4277 730 4344 γεωργοῖς,
763 4278 860 4331 καί
883 4279 1290 4350 ἀπεδήμησεν.
1331 4282 1462 4335 Ὅτε
1507 4281 1575 4335 δὲ
1624 4282 1879 4353 ἤγγισεν

304 4365 334 4416 ό
363 4366 570 4434 καιρὸς
616 4367 735 4421 τῶν
771 4370 1034 4437 καρπῶν,
1069 4373 1392 4426 ἀπέστειλε
1432 4375 1574 4441 τοὺς
1618 4374 1880 4442 δούλους

301 4460 480 4514 αὑτοῦ
519 4461 668 4528 πρὸς
691 4463 830 4527 τοὺς
859 4467 1154 4534 γεωργοὺς
1197 4468 1406 4522 λαϐεῖν
1434 4469 1577 4534 τοὺς
1607 4471 1875 4539 καρποὺς

1985 625 2292 678 universum
2325 626 2511 680 orbem
2543 627 2930 695 conspicimus,
2955 629 3200 694 sequitur
3220 638 3276 682 ut
3300 642 3366 682 ne
3400 633 3547 686 verbi

1983 713 2200 782 quidem
2257 717 2464 770 auctori
2513 717 2674 772 ﬁdem
2711 721 3049 789 derogemus.
3102 718 3236 774 Nam
3268 723 3419 792 cujus
3469 725 3549 778 vis

1984 806 2170 861 vivens
2219 816 2274 860 et
2322 805 2569 861 elfectrix
2619 807 2886 870 cernitur,
2923 808 3065 863 hunc
3113 825 3336 865 necesse
3373 822 3456 866 est
3495 823 3551 866 et

1984 898 2151 953 multo
2186 899 2366 966 potius
2395 899 2597 961 vivere,
2648 907 2702 951 et
2740 897 2831 952 Dei
2865 899 3032 952 vitam
3087 899 3227 955 hunc
3269 913 3545 970 prarstare,

1982 989 2137 1058 cujus
2166 991 2285 1043 viva
2322 1004 2485 1058 Opera
2529 990 2714 1044 verbis
2745 993 3100 1046 consonantia
3157 1004 3546 1049 monstrantur.

1982 1080 2062 1132 Ad
2095 1079 2337 1133 omnium
2369 1079 2550 1146 itaque
2582 1079 2978 1148 quantumlibet
3009 1082 3278 1135 variarum
3306 1085 3548 1153 gentium

1982 1169 2224 1223 auditum
2293 1183 2572 1224 sermones
2623 1169 2740 1238 ejus
2776 1171 3128 1237 devenerunt,
3189 1175 3432 1227 translati
3496 1175 3548 1227 iu

1983 1261 2277 1330 quamlibet
2327 1261 2561 1330 linguam
2615 1271 2778 1330 atque
2804 1261 3098 1330 explanati,
3137 1263 3252 1318 sive
3279 1263 3546 1328 Graecam,

1982 1355 2098 1409 sive
2148 1354 2484 1408 barbaricam
2515 1369 2529 1405 :
2565 1362 2622 1406 ut
2658 1369 2851 1423 nerupe
2892 1355 3133 1410 doctrina
3183 1355 3299 1426 ejus
3341 1359 3553 1412 cunctis

1985 1445 2196 1514 poliulis
2243 1445 2629 1508 iuuolesceret,
2659 1459 2766 1512 quo
2798 1455 3245 1500 converterentur
3291 1463 3353 1501 ac
3411 1449 3552 1502 resi-

1983 1534 2253 1601 piscerent
2287 1533 2582 1584 innumerae
2617 1533 3010 1598 multitudines,
3038 1551 3156 1602 qua:
3179 1547 3336 1591 antea
3369 1538 3420 1590 in
3459 1554 3554 1606 po-

1982 1626 2254 1697 lytheismi
2285 1640 2474 1680 errore
2515 1635 2569 1680 et
2607 1625 2870 1680 idolorum
2904 1627 3051 1681 cultu
3091 1628 3254 1698 impie
3299 1639 3554 1698 turpiter-

1982 1733 2087 1789 que
2150 1719 2424 1774 vivebant.
2494 1718 2680 1789 Neque
2735 1729 2891 1774 antea
2945 1721 3079 1774 dixit
3152 1723 3548 1788 remissionem,

1983 1821 2166 1881 postea
2196 1811 2592 1881 pmnitentiam,
2643 1811 2739 1866 sed
2769 1812 3145 1880 paenitentiam
3203 1814 3378 1882 primo
3408 1814 3548 1879 loco,

1984 1903 2177 1955 deinde
2203 1901 2579 1958 remissionem
2614 1903 2910 1972 praedicare
2926 1902 3109 1970 jussit.
3143 1903 3270 1958 Nam
3308 1905 3554 1962 ﬁdelibus

1981 1993 2072 2062 qui
2103 2001 2259 2048 antea
2286 2002 2633 2062 peccatorum
2668 1994 3042 2064 pmnitentiam
3084 2012 3192 2065 pra:
3220 2012 3279 2050 se
3309 1998 3548 2064 tulerint,

1982 2085 2289 2139 Servatoris
2322 2085 2492 2156 gratia
2533 2087 2745 2140 veniam
2793 2089 3187 2157 praateritorum
3229 2091 3409 2144 donat.
3462 2091 3548 2144 Et-

1980 2172 2122 2226 enim
2176 2183 2398 2242 propter
2442 2174 2560 2228 illos
2592 2185 2820 2230 mortem
2861 2178 2976 2246 ipse
3025 2179 3259 2246 excepit,
3319 2180 3550 2248 pretium

1981 2273 2150 2318 semet
2194 2265 2482 2320 conferens
2530 2267 2600 2321 ob
2633 2268 2936 2322 animarum
2982 2271 3403 2340 redemptionem
3436 2287 3554 2340 qua:

1980 2355 2250 2410 salvandze
2298 2367 2443 2411 sunt.
2497 2355 2590 2412 Sic
2625 2358 2840 2413 demum
2871 2359 2985 2429 ejus
3007 2360 3278 2432 discipuli,
3310 2360 3556 2418 homines

1983 2445 2285 2520 linguarum
2321 2450 2494 2519 ignari
2535 2463 2588 2506 et
2619 2453 2842 2508 omnino
2883 2453 3080 2518 idiotte,
3133 2469 3398 2524 pauperes
3437 2455 3558 2507 vili-

1981 2555 2086 2607 que
2118 2543 2319 2610 specie,
2343 2543 2531 2597 virtuti
2565 2544 2708 2599 illius
2737 2561 2904 2614 quem.
2933 2555 3050 2616 post
3085 2558 3310 2601 mortem
3340 2556 3554 2614 specta-

1980 2640 2189 2693 verant,
2217 2633 2417 2699 quique
2446 2631 2729 2687 manifeste
2759 2648 2880 2686 cum
2908 2633 3040 2702 ipsis
3060 2632 3556 2688 conversatusl'ne-

1980 2732 2085 2788 rat,
2112 2725 2467 2786 conﬁdentes.
2509 2735 2668 2795 capto
2700 2725 2797 2780 abs
2835 2726 3223 2796 Hierosolymis
3258 2727 3434 2789 initio,
3471 2741 3558 2780 se-

1981 2818 2214 2872 cundum
2244 2819 2409 2887 ipsius
2435 2818 2608 2886 iussa,
2652 2826 2709 2872 ut
2759 2816 2872 2886 jam
2905 2817 3161 2886 deinceps
3207 2817 3556 2872 excusatione

1981 2921 2233 2965 carerent
2263 2909 2432 2965 Judaei
2468 2910 2754 2976 increduli,
2809 2915 2874 2965 ad
2900 2921 3128 2964 cunctas
3176 2921 3366 2978 gentes
3391 2899 3555 2963 deve-

1981 3010 2197 3068 nerunt,
2253 3013 2307 3057 et
2365 3004 2618 3057 mandata
2674 3004 2775 3059 sibi
2837 3003 3154 3070 effecerunt,
3205 3003 3558 3068 prtedicantes

1980 3098 2230 3153 omnibus
2256 3099 2647 3168 ptenitentiam,
2679 3111 2732 3155 et
2766 3101 3004 3166 priorum
3043 3099 3236 3154 anima:
3269 3099 3555 3154 criminum

1982 3189 2394 3245 absolutionem.

2727 3282 2816 3338 Vl.

2059 3375 2195 3430 Cum
2231 3385 2418 3430 essent
2453 3375 2622 3446 igitur
2649 3373 3038 3446 Hierosolymis
3069 3373 3379 3442 congregati
3425 3386 3557 3441 gen-

1987 3467 2057 3522 tis
2080 3466 2318 3522 Judaicze
2351 3468 2649 3538 principes,
2691 3467 2974 3537 pontiﬁces
3007 3484 3068 3523 ac
3102 3467 3234 3537 legis
3281 3467 3556 3532 doctores,

1985 3564 2268 3617 diversans
2311 3564 2362 3618 in
2403 3565 2604 3634 templo
2657 3564 2914 3620 Christus
2964 3564 3142 3618 scelus
3193 3564 3244 3617 in
3285 3577 3346 3616 se
3390 3562 3458 3615 ab
3489 3562 3556 3615 iis

1983 3649 2332 3719 patrandum,
2359 3661 2415 3706 et
2442 3662 2857 3707 consecuturum
2885 3653 3062 3707 scelus
3093 3666 3401 3721 supremam
3438 3665 3554 3720 βαι-

1985 3758 2130 3806 nam,
2181 3758 2380 3799 arcano
2419 3747 2499 3800 sic
2529 3762 2625 3814 per
2654 3745 2962 3815 parabolam
3004 3745 3331 3800 vaticinatum
3363 3753 3442 3798 est
3471 3745 3551 3796 ":

1987 3833 2158 3888 Homo
2209 3847 2323 3890 erat
2359 3837 2772 3906 paterfamilias,
2802 3839 2891 3904 qui
2935 3837 3191 3906 plantavit
3234 3836 3456 3899 vineam,
3504 3844 3552 3888 et

1985 3944 2156 3994 sepem
2184 3929 2534 3983 circumdedit
2563 3929 2637 3994 ei,
2667 3939 2714 3981 et
2740 3929 2872 3994 fodit
2907 3929 2960 3982 in
2986 3945 3048 3982 ea
3073 3927 3328 3992 torcular,
3365 3938 3411 3981 et
3437 3927 3539 3980 aedi

1984 4019 2163 4086 ﬁcavit
2189 4021 2398 4085 turrim,
2423 4029 2470 4072 et
2503 4020 2726 4072 tradidit
2777 4035 2890 4072 eam
2937 4017 3207 4086 agricolis,
3252 4027 3302 4072 et
3349 4033 3557 4085 peregre

1983 4113 2247 4180 profectus
2300 4120 2397 4164 est.
2443 4109 2575 4164 Cum
2618 4120 2791 4164 autem
2835 4122 3033 4178 tempus
3067 4109 3336 4176 fructuum
3367 4124 3557 4174 appro-

1983 4205 2306 4272 pinquasset,
2333 4206 2472 4257 misit
2512 4220 2684 4257 servos
2710 4205 2926 4258 suos-ad
2959 4201 3222 4272 agricolas
3258 4212 3311 4253 ut
3349 4201 3555 4266 accipe-

1984 4304 2097 4347 rent
2156 4294 2361 4362 fructus
2397 4295 2534 4364 ejus.
2588 4292 2656 4348 Et
2712 4295 2958 4364 agricon
3007 4296 3341 4362 apprehensis
3393 4292 3555 4346 servis

1981 4387 2116 4454 ejus,
2169 4388 2331 4439 alium
2371 4389 2733 4454 pulsaverunt,
2791 4388 2956 4441 alium
3025 4388 3344 4451 occiderunt,
3389 4385 3554 4438 alium

1982 4495 2097 4532 vero
2137 4481 2526 4546 lapidaverunt.
2563 4479 2763 4533 lterum
2803 4481 2948 4534 misit
2992 4479 3126 4533 alios
3169 4496 3342 4533 seruos
3375 4476 3553 4547 plures

300 4551 506 4606 αὐτοῦ.
565 4544 673 4606 καί
721 4557 1011 4624 λαϐόντες
1060 4563 1113 4613 οἱ
1161 4564 1404 4629 γεωργοὶ
1441 4561 1582 4626 τοὺς
1617 4561 1878 4629 δούλους

1982 4574 2269 4638 prioribus,
2298 4583 2347 4626 et
2377 4575 2616 4640 fecerunt
2645 4573 2771 4640 ipsis
2805 4573 3070 4626 similiter.
3112 4569 3412 4624 Novissime
3448 4586 3549 4623 au-

299 4642 505 4706 αὺτοῦ,
537 4643 610 4701 ὃν
628 4646 745 4714 μὲν
774 4649 1029 4716 ἔδειραν,
1056 4650 1128 4704 ὃν
1175 4651 1244 4704 δὲ
1295 4653 1672 4718 ἀπέκτειναν,
1704 4656 1776 4710 ὃν
1805 4657 1874 4710 δὲ

298 4735 752 4803 ἐλιθοϐόλησαν.
774 4738 966 4794 Πάλιν
979 4743 1338 4798 ἀπέστειλεν
1366 4745 1596 4812 ἄλλους
1612 4746 1874 4813 δούλους

301 4827 584 4892 πλείονας
631 4827 747 4880 τῶν
803 4828 1066 4896 πρώτων,
1133 4832 1231 4884 καί
1301 4835 1600 4901 ἐποίησαν
1668 4837 1874 4904 αὐτοῖς

299 4913 594 4982 ὡσαύτως.
636 4919 915 4986 Ὕστερον
969 4919 1034 4973 δέ
1079 4921 1398 4976 ἀπέστειλε
1447 4925 1598 4992 πρὸς
1651 4928 1874 4994 αὐτοὺς

301 5003 402 5056 τὸν
446 5008 581 5062 υἱὸν
636 5011 843 5075 αὐτοῦ,
899 5017 1127 5082 λέγων·
1187 5016 1702 5084 Ἐντραπήσονται
1767 5023 1874 5072 τόν

299 5098 429 5149 υἱόν
454 5119 594 5169 μου.
631 5104 695 5155 Ol
722 5102 790 5156 δὲ
816 5107 1081 5175 γεωργοὶ,
1115 5107 1344 5174 ἰδόντες
1384 5111 1492 5162 τὸν
1523 5110 1678 5176 υἱὸν,
1703 5110 1875 5168 εἷπον

301 5184 368 5238 ἐν
400 5189 662 5258 ἑαυτοῖς·
717 5191 904 5262 Οὗτός
950 5198 1121 5252 ἐστιν
1161 5203 1192 5254 ό
1239 5204 1642 5272 κληρονόμος-ο
1681 5205 1872 5270 δεῦτε,

295 5281 732 5353 ἀποκτείνωμεν
757 5287 963 5353 αὑτὸν,
986 5289 1085 5342 καὶ
1111 5291 1505 5362 κατάσχωμεν
1524 5294 1640 5364 τὴν
1659 5300 1879 5366 κληρο-

366 5419 412 5450 "
442 5417 626 5475 Matth.
658 5437 772 5485 ut,
803 5423 874 5477 55
899 5439 1019 5494 seq.

363 5533 473 5599 (57)
504 5536 686 5592 Potest
708 5540 872 5594 etiam
905 5541 1010 5595 dici
1049 5559 1063 5597 :
1091 5555 1137 5597 et
1171 5543 1264 5598 Dei
1290 5547 1447 5600 vitam
1477 5548 1662 5604 vivere.
1705 5549 1755 5602 id
1783 5564 1865 5606 est

293 5617 468 5681 parem
503 5608 695 5681 dicina:
721 5612 878 5664 vitam
909 5613 1114 5680 degere.
1145 5615 1416 5670 Christum
1441 5619 1671 5674 scilicet.
1699 5620 1866 5675 Paulo

296 5674 452 5760 aliter
487 5677 742 5760 {lingli‘cns
781 5674 1004 5760 testas}
1031 5687 1136 5736 and
1178 5685 1291 5737 that
1333 5687 1396 5740 Ite
1440 5689 1588 5758 bring
1621 5699 1673 5744 to
1714 5674 1864 5760 e/[ecl

295 5740 583 5820 tlte-living-
602 5749 774 5817 things
799 5751 860 5816 of
877 5749 1012 5804 God.
1447 5740 1450 5741 ν
1503 5740 1582 5758 ην
1623 5740 1663 5744 Π
1716 5740 1744 5767 ν)

362 5810 472 5884 (58)
497 5810 607 5871 Non
638 5810 846 5874 vdetur
869 5822 1063 5890 legisse
1093 5823 1263 5890 Syrus
1286 5841 1402 5882 voc.
1421 5827 1610 5893 ἐθνῶν,
1641 5832 1867 5893 ideoque

1981 4675 2080 4717 tem
2113 4667 2256 4718 misit
2287 4666 2355 4718 ad
2385 4681 2471 4718 eos
2505 4666 2675 4732 ﬁlium
2706 4681 2881 4728 suum,
2912 4667 3090 4717 dicens
3112 4679 3131 4716 :
3161 4662 3551 4715 Reverebuntur

1981 4758 2154 4825 ﬁlium.
2181 4775 2371 4810 meum.
2394 4757 2656 4827 Agricolae
2698 4769 2870 4810 autem
2901 4757 3130 4810 videntes
3166 4755 3358 4823 ﬁlium,
3403 4753 3554 4806 dixe-

1982 4858 2101 4900 runt
2162 4850 2302 4900 intra
2348 4864 2403 4901 se
2448 4863 2467 4900 :
2507 4847 2608 4900 llic
2660 4856 2736 4902 est
2793 4847 3199 4910 httres,.aenite,
3250 4846 3556 4898 occidamus

1979 4955 2120 5002 eum,
2169 4950 2216 4991 et
2264 4957 2574 5006 occupemus
2609 4942 2966 4995 hwreditatem
3003 4939 3135 5009 ejus.
3175 4936 3241 4990 Et
3270 4934 3554 5003 apprehen-

1980 5049 2095 5084 sum
2135 5049 2252 5084 eum
2288 5033 2550 5101 ejecerunt
2578 5049 2725 5087 extra
2748 5035 2970 5100 vineam,
2999 5043 3046 5085 et
3077 5032 3397 5084 occiderunt.
3419 5025 3553 5078 Cum

1981 5139 2104 5190 ergo
2155 5127 2351 5177 venerit
2396 5127 2641 5178 dominus
2695 5127 2875 5190 rinew,
2925 5124 3051 5192 quid
3101 5122 3256 5190 faciet
3302 5116 3553 5186 agricolis

1983 5214 2136 5267 illis?
2165 5215 2324 5267 Aiunt
2360 5219 2408 5270 ei
2429 5234 2448 5269 :
2481 5217 2648 5270 Malos
2683 5217 2818 5270 male
2863 5217 3062 5283 perdet,
3087 5223 3135 5265 et
3161 5213 3357 5264 vineam
3401 5222 3550 5260 suam

1987 5307 2156 5358 tradet
2205 5307 2328 5361 aliis
2361 5309 2632 5378 agricolis,
2671 5309 2761 5374 qui
2798 5308 3010 5359 reddent
3054 5305 3102 5357 ei
3152 5304 3379 5370 fructum
3421 5307 3549 5349 tem-

1969 5557 2176 5625 Anglus
2208 5575 2222 5611 :
2256 5558 2418 5612 These
2446 5556 2528 5608 Itis
2566 5555 2734 5625 words
2771 5554 2890 5625 then
2911 5552 3061 5620 being
3092 5552 3286 5625 varied2

2044 5621 2158 5698 (59)
2190 5624 2642 5698 Ambiguustnihi
2672 5635 2756 5676 est
2784 5623 3127 5698 aliquantum
3169 5639 3233 5676 ex
3267 5621 3405 5694 Syro
3431 5622 3545 5677 An-

1973 5688 2091 5768 glus
2121 5688 2151 5750 ι’
2170 5701 2330 5766 needg
2351 5688 2594 5768 (nslthey
2625 5693 2834 5768 ψέγε-ἕξ
2853 5693 2986 5768 tneir
3007 5694 3295 5750 character.

2046 5765 2160 5838 (ου)
2197 5769 2260 5824 A.‘
2296 5761 2334 5824 ξ’.
2359 5761 2484 5820 eos.
2519 5761 2578 5819 ti;
2605 5765 2729 5832 Syr.
2770 5761 2856 5828 IV,
2882 5762 2961 5817 ιδ.
