4008 6480
492 404 601 463 615

1170 397 1436 457 EUSEBII
1473 390 1935 456 CESARIENSIS
1970 390 2118 455 ΟΡΡ.
2160 392 2338 456 PARS
2377 388 2467 455 IV.
2506 431 2577 442 —
2613 401 3033 460 DOCMATICA.

3629 411 3747 474 6l6

495 538 657 600 quam
680 522 920 593 mysticae
946 520 1140 577 litterae
1164 519 1463 576 continent.
1489 519 1747 586 Quaenam
1770 520 1855 574 ha:
1880 518 1904 573 ἲ
1943 519 2037 576 Ho-

2158 520 2276 592 ρίου
2313 520 2541 575 θανάτου
2576 523 2641 593 ἥν
2684 522 2983 594 ἀπόρρητοι
3021 522 3168 592 λόγοι
3202 516 3537 599 περιέχουσι.
3562 520 3745 595 ,Τίνες

495 618 597 670 stia
628 623 744 669 erat
792 629 889 682 pro
919 613 1161 666 universi
1192 611 1409 680 generis
1462 611 1574 664 vita
1609 611 1769 665 morti
1820 611 2008 666 devota
2039 649 2057 676 ,

494 707 672 762 hostia
704 721 804 775 pro
832 714 942 761 toto
970 706 1252 760 hominum
1280 714 1447 774 grege
1472 703 1771 770 immolata,
1802 704 2056 760 diabolici

491 799 692 855 erroris
717 798 1093 852 averruncatio
1119 813 1133 849 :
1167 810 1276 865 qua
1305 794 1553 850 videlicet
1582 795 1785 859 oblata,
1805 796 2055 850 universa

491 885 745 957 deinceps
778 887 1110 955 impurorum
1138 885 1439 939 daemonum
1475 885 1715 953 polentia
1746 885 2053 951 corruebat,

489 979 773 1048 omnisque
793 993 946 1033 error
967 976 1353 1045 dissipabatur.
1386 974 1528 1044 Ergo
1554 976 1667 1030 lucc
1701 974 1957 1029 salutaris
1987 990 2054 1029 ex

490 1070 803 1126 hominibus
834 1070 1075 1132 victima,
1100 1069 1277 1139 ipsum
1302 1067 1553 1123 videlicet
1587 1080 1906 1136 corporeum
1930 1066 2054 1120 Ver-

489 1163 545 1221 bi
571 1176 833 1232 organum
862 1201 877 1227 ,
906 1176 1004 1230 pro
1032 1161 1342 1215 hominibus
1391 1159 1805 1223 immolabatur;
1836 1158 1901 1211 de
1950 1173 2053 1226 qua

488 1270 663 1311 sacrze
693 1255 892 1310 littera:
911 1253 1183 1317 clamant;
1226 1255 1384 1308 modo
1414 1251 1627 1320 quidem
1664 1268 1677 1303 :
1715 1248 1850 1304 Ecce
1884 1264 2050 1314 agnus

494 1345 589 1401 Dei
626 1348 712 1415 qui
765 1346 898 1400 tollit
946 1356 1215 1415 peccatum
1260 1344 1442 1398 mundi
1496 1342 1576 1408 3‘;
1613 1343 1769 1397 modo
1821 1352 2046 1396 autem:

494 1436 763 1507 Tanquam
790 1430 897 1491 ovis
929 1439 997 1490 ad
1030 1438 1336 1491 occisionem
1371 1436 1557 1488 ductus
1587 1444 1661 1487 est
1696 1435 1761 1489 3°.
1792 1433 2051 1488 Causam-

492 1542 593 1599 que
641 1528 717 1583 rei
770 1530 1002 1596 docent,
1039 1528 1235 1582 ibidem
1270 1528 1510 1581 dicentes
1545 1545 1558 1581 :
1591 1524 1693 1579 Hic
1716 1535 1923 1593 peccata
1952 1540 2048 1577 na~

490 1626 598 1673 stra
624 1618 775 1687 gerit,
811 1628 857 1672 et
881 1634 976 1686 pro
999 1617 1142 1671 nobis
1175 1616 1348 1680 dolet;
1371 1626 1421 1670 et
1444 1631 1536 1670 nos
1564 1614 1906 1684 reputavimus
1931 1630 2048 1666 eum

487 1708 755 1778 plagatum
797 1721 842 1763 et
892 1709 1157 1780 amictum.
1201 1707 1323 1775 Ipse
1384 1718 1560 1761 autem
1616 1706 1913 1760 uulneratus
1971 1713 2046 1759 est

487 1810 699 1869 prapter
722 1802 1022 1870 iniquitates
1051 1806 1280 1861 nostras,
1314 1797 1599 1867 languidus
1631 1798 1801 1865 factus
1823 1806 1898 1850 est
1923 1811 2048 1864 pro-

2156 604 2334 675 οὗτοι;
2372 614 2564 682 ἱερεῖον
2607 608 2674 683 ἦν
2708 614 2993 684 ἀντίψυχον
3032 616 3123 669 τοῦ
3176 618 3354 671 κοινοῦ
3392 618 3591 688 γένους
3620 637 3741 675 πα-

2161 704 2500 775 ραδιδόμενον
2523 704 2601 775 τῷ
2628 704 2861 775 Θανάτῳ,
2900 706 3089 776 ἱερεῖον
3117 707 3257 780 ὑπὲρ
3286 708 3386 780 τῆς
3418 712 3603 783 κοινῆς
3622 713 3742 768 τῶν

2156 792 2453 864 ἀνθρώπων
2474 794 2671 864 ἀγέλης
2702 793 3150 865 σφαγιαζόμενον,
3174 798 3492 872 δαιμονικῆς
3523 802 3741 873 πλάνης

2154 882 2543 951 ἀποτρόπαιον·
2573 884 2763 937 τούτου
2789 884 2897 956 γάρ
2926 886 3323 957 ἀνενεχθέντος,
3365 893 3512 944 πᾶσα
3542 891 3737 947 λοιπὸν

2156 971 2188 1042 ἡ
2233 972 2340 1025 τῶν
2394 974 2640 1043 ἀνάγνων
2679 975 2946 1045 δαιμόνων
2997 976 3225 1049 δύναμις
3270 980 3581 1053 καθῃρεῖτο,
3634 984 3735 1037 καὶ

2154 1066 2304 1117 πᾶσα
2330 1065 2504 1136 πλάνη
2541 1070 2783 1139 παρεῖτο.
2839 1062 2911 1119 Τὸ
2957 1068 3054 1139 μὲν
3083 1064 3176 1123 οὖν
3227 1072 3496 1143 σωτήριον
3542 1073 3603 1137 ἐξ
3634 1074 3733 1126 ἀν-

2156 1154 2394 1227 θρώπων
2420 1157 2587 1229 θῦμα,
2623 1159 2755 1213 αὐτὸ
2779 1158 2842 1231 δὴ
2880 1159 2973 1213 τοῦ
3002 1161 3176 1229 Λόγου
3218 1164 3528 1233 σωματικὸν
3559 1166 3733 1236 ὀργα-

2151 1264 2263 1313 νον,
2295 1249 2435 1321 ὑπὲρ
2473 1249 2773 1323 ἀνθρώπων
2800 1244 3147 1325 καθιεροῦτο’
3182 1249 3241 1309 οὗ
3283 1248 3407 1325 πέρι
3434 1256 3607 1325 λόγων
3654 1258 3730 1310 ἱε-

2156 1339 2263 1411 ρῶν
2298 1340 2462 1410 βοῶσι
2490 1343 2662 1411 φωναί
2678 1360 2691 1373 ⁸
2719 1344 2847 1397 ποτὲ
2877 1344 2993 1414 μέν’
3023 1345 3145 1399 Ἴδε
3174 1349 3207 1400 ό
3234 1345 3421 1416 ἀμνὸς
3445 1349 3550 1402 τοῦ
3575 1348 3728 1403 Θεοῦ

2151 1434 2185 1485 ό
2225 1434 2407 1499 αἴρων
2443 1426 2558 1501 τὴν
2592 1435 2882 1504 ἁμαρτίαν
2920 1435 3026 1489 τοῦ
3061 1438 3313 1506 κόσμου·
3344 1437 3471 1491 ποτὲ
3513 1438 3592 1491 δέ’
3628 1439 3728 1505 Ὡς

2149 1522 2445 1588 πρόϐατον
2469 1521 2569 1577 ἐπὶ
2590 1524 2833 1593 σφαγὴν
2861 1525 3037 1594 ἤχθη.
3074 1526 3183 1578 Καὶ
3216 1526 3277 1578 τό
3302 1543 3364 1594 γε
3388 1527 3559 1579 αἴτιον
3579 1526 3728 1580 διδά-

2151 1630 2371 1668 σκουσιν
2417 1616 2790 1685 ὲπιλέγουσαιο
2846 1616 3034 1686 Οὗτος
3076 1619 3183 1684 τὰς
3222 1619 3510 1688 ἁμαρτίας
3552 1618 3727 1689 ἡμῶν

2148 1707 2330 1775 φέρει,
2370 1707 2469 1761 καί
2501 1709 2632 1777 περὶ
2667 1710 2836 1778 ἡμῶν
2868 1710 3169 1774 όδυνᾶται,
3200 1710 3299 1764 καὶ
3324 1711 3495 1779 ἡμεῖς
3522 1711 3723 1782 ἐλογι-

2148 1797 2376 1867 σάμεθα
2394 1799 2579 1853 αὐτὸν
2596 1802 2747 1855 εἶναι
2771 1801 2841 1855 ἐν
2866 1801 3071 1872 πληγῇ
3093 1802 3189 1856 καὶ
3213 1803 3284 1856 ὲν
3301 1802 3575 1858 κακώσει.
3603 1805 3725 1859 Αὐ-

485 1902 597 1961 pter
625 1869 821 1946 scelera
878 1902 1077 1945 nostra.
1126 1889 1421 1959 Disciplina
1468 1890 1612 1957 pacis
1670 1898 1861 1943 nostra:
1895 1903 2037 1957 super

2148 1888 2250 1954 τὸς
2277 1889 2345 1943 δὲ
2375 1892 2812 1962 ἐτραυματίσθη
2846 1894 2942 1949 διὰ
3126 1897 3375 1965 ἀνομίας
3396 1894 3587 1965 ἡμῶν,
3614 1896 3719 1951 καὶ

485 1999 625 2049 eum,
658 1985 818 2038 livore
843 1983 957 2051 ejus
978 1983 1154 2036 sanati
1186 1998 1279 2035 nos
1305 1994 1507 2036 sumus.
1539 1977 1726 2033 Cuncti
1773 1982 1904 2032 sicut
1936 1994 2037 2032 ovet

2143 1983 2579 2051 μεμαλάκισται
2616 1987 2714 2039 διὰ
2760 1987 2867 2053 τὰς
2910 1990 3197 2056 ἁμαρτίας
3235 1988 3422 2058 ἡμῶν.
3470 1990 3720 2044 Παιδεία

483 2075 795 2138 erravimus,
825 2074 1179 2143 unusquisque
1216 2090 1247 2126 a
1279 2072 1360 2125 via
1397 2087 1493 2124 sua
1539 2070 1839 2124 declinavit.
1872 2068 2050 2122 Denti-

484 2186 582 2223 nus
609 2169 829 2221 tradidit
854 2167 1000 2221 illum
1032 2165 1173 2238 [pro]
1192 2166 1412 2235 peccatis
1437 2167 1628 2219 nostris
1659 2166 1726 2220 νο.
1753 2165 2047 2235 Corporale

482 2262 662 2331 itaque
690 2258 851 2313 Verbi
902 2274 1163 2329 organum
1219 2260 1317 2312 bas
1350 2258 1419 2313 ob
1466 2271 1661 2312 causas
1711 2257 2045 2312 immolatum

481 2350 608 2407 fuit.
652 2351 876 2423 Magnus
911 2360 1092 2406 tamen
1136 2350 1373 2418 pontifex
1401 2389 1417 2414 ,
1458 2365 1581 2405 cum
1615 2349 1687 2404 sit
1716 2349 1961 2405 diversus
2013 2363 2045 2404 a

479 2444 722 2508 victima,
755 2441 848 2497 Dei
870 2442 1075 2497 scilicet
1100 2440 1363 2505 Verbum,
1394 2440 1567 2496 virtus
1592 2480 1608 2504 ,
1642 2449 1805 2509 atque
1837 2439 2047 2509 sapien~

466 2536 577 2602 otia,
602 2533 742 2589 haud
764 2534 851 2589 diu
880 2543 1050 2603 posta
1078 2543 1248 2589 morte
1285 2544 1555 2587 mortuum
1584 2532 1876 2596 revocavit,
1894 2547 2045 2588 enm-

460 2642 587 2696 :que
637 2627 941 2682 communis
988 2636 1188 2680 nostra:
1217 2625 1413 2680 salutis
1442 2625 1864 2691 inchoationem,
1893 2625 2045 2679 vita:-

477 2732 586 2788 quc
620 2718 916 2773 secundum
954 2717 1120 2772 Deum
1153 2726 1317 2787 atque
1363 2716 1788 2772 immortalitatis
1820 2716 2045 2787 partici-

475 2823 595 2880 pem
632 2809 932 2874 constituit,
964 2810 1241 2864 victoriale
1274 2807 1542 2864 adversus
1578 2816 1808 2864 mortem
1843 2821 1907 2863 ac
1939 2809 2044 2863 dac-

476 2902 778 2957 moniacam
812 2903 983 2957 aciem
1034 2903 1331 2971 trophmum
1358 2942 1373 2968 ,
1407 2911 1462 2957 et
1492 2901 1793 2972 priscorum
1829 2900 2040 2955 sacrifi-

476 2991 684 3046 ciorum
735 2992 1186 3055 destructorem;
1247 3006 1408 3059 quem
1466 2993 1706 3047 omnium
1762 2990 2039 3045 hominum

477 3083 650 3149 gratia
692 3082 1053 3136 resuscitavit.
1089 3080 1320 3151 [Idcirco
1365 3082 1528 3137 etiam
1565 3081 1815 3136 Christus
1867 3082 2042 3135 nomi-

475 3182 637 3228 natus
664 3171 809 3243 fuit.]
864 3173 1000 3227 Nam
1046 3172 1294 3229 Christus
1339 3188 1553 3236 nomen,
1580 3173 1941 3228 sacerdotium
1966 3175 2038 3227 si-

473 3261 589 3317 mul
618 3270 672 3317 et
706 3278 928 3333 regnum
956 3263 1228 3333 signiﬁcat
1254 3265 1393 3335 apud
1428 3262 1702 3319 Hebraeos.
1732 3262 1859 3319 Haec
1894 3264 2035 3318 enim

476 3351 604 3423 ungi
638 3352 907 3407 solebant.

544 3634 750 3689 Prester
775 3631 1133 3703 supradictas,
1163 3632 1263 3684 alia
1298 3644 1508 3700 quoque
1540 3628 1746 3684 exstitit
1770 3641 1867 3681 cur
1907 3627 2035 3682 Ser-

470 3735 627 3782 vator
650 3735 955 3781 moreretur
990 3724 1226 3778 maxima
1258 3737 1419 3778 causa
1442 3761 1457 3787 ,
1505 3736 1624 3791 qua:
1647 3719 1759 3787 jam
1806 3721 2032 3775 dicetur.

470 3817 606 3872 Nam
631 3817 755 3886 quia
796 3830 1019 3871 necesse
1065 3824 1217 3878 erat,
1269 3815 1435 3885 ipsius
1472 3812 1765 3882 discipulos
1805 3812 2037 3881 propriis

468 3908 647 3965 oculis
694 3922 921 3963 cernere
947 3908 1073 3963 vita:
1102 3916 1229 3977 post
1274 3906 1481 3961 obitum
1508 3903 1844 3959 manifestam
1876 3901 2036 3955 resti-

470 4000 731 4054 tutionem
763 4038 779 4063 ,
834 4014 901 4053 ex
965 4013 1069 4068 qua
1127 4012 1282 4052 suam
1334 3996 1661 4064 suspendere
1714 4008 1860 4061 spem
1919 3991 2036 4047 illos

469 4076 750 4157 docuerat,
786 4089 1013 4159 ctcujus
1043 4104 1208 4144 causa
1254 4088 1321 4142 ad
1364 4086 1641 4157 religionis
1684 4084 1869 4154 jugum
1910 4083 2039 4138 sub-

466 4180 700 4234 eundum
756 4179 1003 4234 hortatus
1038 4179 1247 4245 fuerat;
1294 4177 1485 4231 merito
1525 4177 1662 4231 hanc
1693 4190 1802 4229 rem
1835 4172 2038 4243 perspi~

466 4286 567 4327 cue
590 4272 876 4327 videndam
915 4271 1128 4326 illorum
1159 4270 1333 4326 oculis
1378 4268 1689 4337 objiciebat.
1740 4265 2035 4335 Oportebat

464 4361 609 4414 enim
637 4375 731 4415 eos
758 4360 849 4430 qui
883 4360 1024 4429 piam
1052 4360 1217 4414 vitam
1268 4366 1424 4413 erant
1469 4355 1793 4425 suscepturi,
1838 4353 1941 4408 hoc
1980 4353 2031 4406 in

463 4450 654 4521 primis
703 4465 1046 4519 summopere
1090 4450 1458 4505 necessarium
1505 4449 1882 4502 documentum
1917 4444 2033 4497 evi-

2146 2074 2387 2142 είρήνης
2410 2075 2578 2144 ἡμῶν
2597 2077 2688 2129 ἐπ’
2721 2080 2925 2132 αὐτόν’
2962 2079 3042 2144 τῷ
3068 2079 3308 2148 μώλωπι
3330 2077 3516 2134 αὐτοῦ
3546 2081 3719 2149 ἡμεῖς

2148 2164 2411 2234 ίάθημεν.
2452 2164 2678 2231 Πάντες
2709 2169 2787 2233 ὡς
2819 2169 3081 2236 πρόϐατα
3105 2170 3545 2241 ἐπλανήθημεν,
3583 2173 3719 2227 ἕκα-

2146 2273 2291 2323 στος
2317 2256 2429 2327 τὴν
2458 2258 2603 2312 ὁδὸν
2628 2262 2811 2314 αὐτοῦ
2833 2261 3143 2330 ἐπλανήθη
3159 2281 3172 2293 ο
3196 2264 3296 2316 καὶ
3318 2266 3534 2332 Κύριος
3570 2282 3720 2335 παρ-

2144 2340 2366 2403 έδωκεν
2417 2351 2601 2405 αὐτὸν
2632 2351 2757 2418 ταῖς
2806 2353 3116 2422 ἁμαρτίαις
3154 2356 3338 2424 ἡμῶν.
3375 2357 3448 2409 Τὸ
3495 2358 3592 2427 μὲν
3623 2355 3717 2412 οὖν

2146 2442 2451 2511 σωματικὸν
2478 2442 2572 2495 τοῦ
2604 2442 2777 2511 Λόγου
2808 2444 3036 2513 ὄργανον
3058 2447 3146 2500 διὰ
3166 2448 3365 2511 ταύτας
3396 2449 3717 2521 καθιεροῦτο

2143 2531 2242 2595 τὰς
2274 2533 2473 2598 αἰτίας*
2507 2535 2537 2587 ό
2567 2535 2624 2589 δὲ
2661 2536 2828 2605 μέγας
2870 2539 3177 2609 ἀρχιερεὺς,
3222 2540 3408 2610 ἕτερος
3453 2540 3528 2592 ὢν
3562 2540 3716 2611 παρά

2141 2622 2203 2677 τὸ
2237 2624 2447 2693 ἱερεῖον,
2479 2624 2613 2677 Θεοῦ
2646 2626 2815 2694 Λόγος
2848 2628 2942 2680 καὶ
2980 2627 3223 2699 δύναμις,
3262 2630 3354 2683 καὶ
3397 2631 3578 2700 σοφία,
3614 2632 3715 2685 οὐκ

2143 2712 2224 2775 είς
2259 2711 2477 2783 μακρὰν
2523 2713 2583 2766 τὸ
2615 2713 2808 2785 θνητὸν
2839 2716 3155 2769 ἀνεκαλεῖτο
3186 2717 3279 2770 τοῦ
3322 2717 3574 2784 θανάτου,
3619 2721 3715 2773 καὶ

2142 2801 2298 2855 τοῦτο
2324 2802 2426 2872 τῆς
2451 2802 2635 2873 κοινῆς
2665 2804 2821 2875 ἡμῶν
2849 2806 3119 2877 σωτηρίας
3144 2806 3240 2878 τὴν
3273 2808 3545 2880 ἀπαρχὴν,
3570 2807 3713 2881 ζωῆς

2141 2895 2327 2950 ὲνθὲου
2350 2897 2445 2951 καὶ
2464 2897 2763 2963 ἀθανασίας
2792 2898 3014 2969 μέτοχον
3040 2901 3301 2971 παρίστη,
3325 2902 3581 2972 τρόπαιον
3603 2904 3714 2956 ἐπι-

2141 2987 2311 3042 νίκιον
2354 2988 2495 3042 κατά
2538 2987 2631 3041 τοῦ
2682 2988 2911 3042 θανάτου
2946 2988 3040 3042 καὶ
3085 2991 3225 3044 κατά
3256 2992 3354 3062 τῆς
3396 2993 3714 3064 δαιμονικῆς

2143 3077 2496 3146 παρατάξεως
2517 3077 2649 3147 (16),
2678 3077 2772 3130 καὶ
2792 3077 2898 3130 τῶν
2916 3079 3082 3132 πάλαι
3107 3079 3302 3133 θυσιῶν
3323 3082 3710 3152 ἀποτρόπαιον,

2142 3170 2297 3224 τοῦτο
2332 3171 2469 3243 ὑπὲρ
2502 3170 2756 3224 ἀπάντων
2786 3170 3084 3239 ἀνθρώπων
3126 3170 3429 3243 ἀνεγείρας.
3465 3172 3579 3244 [Διὸ
3619 3173 3712 3227 καὶ

2140 3262 2370 3334 Χριστὸς
2415 3261 2755 3334 ὼνομάσθη.]
2791 3262 2862 3317 Τὸ
2892 3262 3000 3333 γὰρ
3034 3261 3269 3333 Χριστὸς
3297 3264 3464 3335 ὄνομα
3508 3280 3714 3336 σημανο

2138 3355 2287 3409 τικὸν
2334 3356 2630 3427 ἱερωσύνης
2680 3356 2795 3427 ἅμα
2843 3355 2936 3411 καὶ
2996 3356 3269 3428 βασιλείας
3319 3357 3469 3429 παρά
3524 3357 3712 3411 παισὶν

2151 3446 2413 3519 Ἐϐραίων
2473 3446 2538 3501 ἂν
2591 3448 2830 3515 γένοιτο·
2880 3447 3051 3503 ταῦτα
3103 3450 3211 3521 γὰρ
3254 3445 3392 3520 ἦσαν
3435 3449 3506 3503 τὰ
3560 3450 3710 3522 χριό-

2141 3553 2277 3607 μενα
2311 3536 2444 3607 (l7).

2208 3628 2317 3700 (18)
2349 3626 2493 3700 Πρὸς
2530 3632 2642 3693 τοῖς
2683 3631 2988 3701 εἰρημένοις
3017 3631 3109 3685 καὶ
3146 3631 3277 3702 ἄλλη
3302 3648 3386 3695 τις
3417 3632 3615 3701 γένοιτ’
3645 3631 3711 3687 ἂν

2134 3720 2229 3774 τοῦ
2263 3720 2529 3792 σωτηρίου
2568 3721 2797 3775 θανάτου
2831 3722 3059 3793 μεγίστη
3085 3724 3229 3776 αἰτία
3256 3725 3287 3794 ἡ
3318 3724 3704 3795 λεχθησομένη.

2136 3812 2246 3882 (19)
2280 3811 2497 3883 Ἐπειδὴ
2523 3810 2630 3883 γὰρ
2650 3814 2759 3877 τοῖς
2779 3814 2939 3867 αὑτοῦ
2967 3817 3245 3885 φοιτηταῖς
3268 3815 3563 3885 ὀφθαλμοῖς
3587 3815 3706 3869 ἰδεῖν

2134 3902 2426 3971 ἀναγκαῖον
2461 3899 2529 3975 ἦν
2566 3904 2708 3974 ζωῆς
2739 3904 2835 3975 τῆς
2890 3905 3025 3974 μετά
3058 3904 3281 3958 θάνατον
3325 3905 3573 3977 ἐναργῶς
3607 3923 3707 3959 πα-

2133 3992 2488 4062 λιγγενεσίαν,
2529 3995 2613 4063 ἐφ’
2649 3996 2713 4065 ἢν
2760 3995 2858 4058 τὰς
2884 3995 3064 4049 αὐτῶν
3097 3995 3312 4060 ἐλπίδας
3354 3998 3589 4069 ἀναρτᾷν
3621 3998 3705 4050 αὐ·

2131 4087 2258 4147 τοὺς
2287 4085 2547 4151 ἐδίδασκε,
2582 4083 2647 4139 δι’
2675 4087 2740 4156 ἣν
2775 4087 2865 4140 καὶ
2900 4087 3237 4159 προῦτρεπεν
3271 4089 3465 4153 αὐτοὺς
3492 4089 3702 4160 ἔχεσθαι

2132 4173 2226 4227 τοῦ
2261 4174 2358 4245 τῆς
2391 4173 2693 4237 θεοσεϐείας
2730 4172 2819 4243 Co}
2832 4175 2893 4227 οὗ
2919 4190 2932 4205 ο
2970 4177 3192 4240 εἰκότως
3224 4178 3408 4231 τοῦτον
3439 4180 3570 4248 όρᾷν
3606 4178 3699 4230 αὑ-

2132 4267 2242 4328 τοῖς
2274 4263 2570 4335 ὀφθαλμοῖς
2611 4264 2852 4336 ἀκριϐὦς
2881 4270 3161 4338 παρεῖχεν.
3213 4267 3409 4339 Ἐχρῆν
3441 4267 3548 4338 γὰρ
3580 4268 3701 4330 τοὺς

2137 4352 2424 4423 μέλλοντας
2457 4354 2655 4424 εὐσεϐῆ
2689 4353 2927 4424 μετιέναι
2960 4354 3071 4424 βίον
3106 4355 3264 4409 τοῦτο
3292 4355 3503 4427 πρῶτον
3542 4356 3700 4422 ἀναγ-

2133 4440 2414 4495 καιότατον
2459 4443 2689 4515 μάυημα
2720 4444 2786 4495 δι’
2827 4444 3090 4515 ἐναργοῦς
3121 4444 3295 4515 ὅψεως
3329 4445 3659 4517 παραλαϐεῖν
3681 4460 3695 4475 ⁶

462 4540 612 4596 denti
654 4541 849 4595 intuitu
870 4542 1369 4611 comprehendere;
1418 4540 1691 4610 prtecipue
1744 4552 1871 4591 vero
1916 4536 2031 4591 illos

2143 4536 2224 4587 καὶ
2248 4535 2379 4587 πολὺ
2418 4535 2614 4605 μᾶλλον
2653 4536 2887 4600 ἐκείνους
2906 4538 3031 4600 τοὺς
3054 4538 3134 4601 εἰς
3164 4538 3378 4592 ἅπαντα
3400 4539 3497 4610 τὴν
3529 4541 3699 4592 οἰκου-

464 4632 554 4703 qui
589 4633 641 4687 in
686 4634 937 4689 universo
983 4635 1181 4688 mundo
1215 4634 1536 4701 quantocius
1574 4640 1730 4686 erant
1768 4630 2025 4700 praedica-

2143 4626 2303 4696 μένην
2341 4626 2628 4697 μέλλοντας
2672 4629 2792 4681 ὅσον
2827 4627 2981 4682 οὔπω
3017 4629 3325 4701 κηρύττειν,
3360 4630 3453 4683 καὶ
3479 4630 3577 4701 τὴν
3610 4629 3697 4682 ὑπ’
3730 4636 3741 4715 ί

464 4723 593 4790 turi,
623 4726 1059 4795 propositamque
1093 4741 1121 4780 a
1150 4724 1367 4780 Christo
1407 4725 1656 4795 gentibus
1698 4721 2022 4785 doctrinam,

2143 4714 2294 4769 κὺτοῦ
2325 4718 2455 4770 πᾶσι
2485 4719 2596 4781 τοῖς
2637 4718 2814 4773 ἔθνεσι
2842 4720 3238 4793 προόληθεῖσαν
3274 4722 3614 4776 διδασκαλίαν
3641 4737 3696 4775 τε
3729 4726 3735 4734 ⁸

567 4814 613 4847 ⁸³
638 4813 794 4870 Joan.
819 4830 859 4880 ι,
898 4815 990 4871 9.9.
1064 4817 1109 4849 ⁸⁸
1149 4816 1253 4871 lsa.
1287 4832 1405 4882 LIII,
1437 4816 1490 4870 7.
1564 4817 1611 4848 ’°
1643 4816 1771 4872 ibid.
1803 4812 1919 4869 Μ.

2141 4925 2276 4975 citcr
2316 4920 2676 4984 transtulerit,
2708 4922 2761 4974 in
2790 4921 2971 4976 multis
3003 4930 3181 4974 tamen
3212 4920 3489 4974 evidenter
3514 4934 3694 4988 pecca-

2138 4993 2255 5047 vit:
2296 5005 2458 5059 quam
2507 5004 2606 5058 ego
2658 4994 2974 5044 tuendorum
3017 4993 3227 5057 copiam
3280 4993 3332 5043 iu
3386 4990 3692 5057 praefatione

2135 5060 2461 5127 scholiisque
2528 5060 2780 5113 editionis
2824 5060 3238 5114 Mediolanensis
3280 5059 3567 5112 lectoribus
3602 5060 3690 5127 de:

2136 5126 2427 5183 monstravi
2459 5137 2623 5197 atque
2656 5130 2887 5183 correxi.
2927 5133 3060 5183 Item
3093 5130 3161 5183 cl.
3195 5130 3379 5184 doctor
3416 5127 3577 5192 Leus,
3603 5126 3689 5194 qui

2134 5198 2482 5269 pr0pterrhoc
2508 5214 2643 5267 opus
2671 5198 3016 5265 Theophaniw
3054 5199 3412 5254 Eusebianum
3442 5200 3507 5251 de
3528 5198 3691 5251 sacris

2134 5268 2332 5323 litteris
2361 5268 2740 5321 immortaliter
2772 5270 2995 5322 meritus
3023 5280 3126 5332 est,
3162 5269 3359 5338 Syrum
3396 5282 3551 5338 suum
3592 5281 3689 5320 non

2131 5339 2297 5393 semel
2324 5340 2671 5404 interpretem
2695 5338 2776 5393 vel
2800 5339 2870 5391 ob
2902 5335 3291 5394 obscuritatem
3331 5335 3415 5390 vel
3465 5336 3597 5391 alias
3625 5338 3690 5389 ob

2122 5424 2321 5464 causas
2358 5409 2606 5475 castigat.

2194 5479 2305 5547 (17)
2331 5474 2590 5547 Syriacus
2624 5485 2800 5532 textus
2830 5478 3034 5533 accedit
3055 5477 3277 5547 propius
3309 5476 3373 5530 ad
3406 5474 3685 5547 Eusebium

2124 5545 2423 5618 Demo'nst'r.
2453 5546 2653 5616 Evang.
2684 5563 2753 5603 Iv.
2776 5550 2861 5615 Η,
2885 5550 2973 5603 ed.
3000 5545 3197 5618 Vigeri,
3232 5563 3284 5615 p.
3320 5548 3474 5618 [ἴθι
3496 5545 3686 5618 ᾼιόπερ

2124 5617 2219 5739 x23.
2252 5618 2505 5688 χριστοὺς
2544 5612 2829 5689 ὀνομάζειν
2848 5612 3052 5681 ἀὐτοὺς
3067 5612 3295 5679 ’πάντας
3323 5612 3390 5687 ἦν
3423 5614 3683 5683 Ἑϐραίοις

2126 5705 2163 5739 ιο
2221 5704 2298 5739 ον.

2126 5704 2298 5756 φιλον.

2198 5758 2308 5828 (l8)
2340 5758 2404 5811 A.
2438 5757 2477 5811 f.
2500 5757 2628 5812 500.
2661 5760 2712 5813 b.
2747 5759 2874 5828 Syr.
2908 5775 2991 5825 ut,
3022 5758 3109 5813 60.

2201 5827 2312 5899 (l9)
2332 5828 2502 5905 Aliter
2530 5829 2731 5899 Syrus;
2759 5827 2901 5886 uuod
2940 5847 3043 5886 non
3078 5829 3265 5885 orobo.

533 4911 645 4983 (l6)
694 4910 849 4983 Patet
895 4912 1089 4983 Syrum
1138 4913 1485 4982 interpretem
1530 4913 1723 4980 legisse
1776 4911 2028 4983 πράξεως

461 4980 588 5054 (vel;
628 4980 903 5050 πράξεων
928 4980 980 5054 ί,
1013 4980 1442 5054 quandoquidem
1497 4983 1718 5054 Anglice
1771 4980 2028 5054 scribitur

458 5050 639 5113 deeds,
697 5068 873 5121 opera.
926 5050 1043 5106 Sed
1080 5052 1260 5121 verior
1316 5052 1473 5109 lectio
1532 5050 1793 5106 habeatur
1851 5052 2024 5108 Graeci

463 5123 632 5193 nostri
672 5131 855 5193 textus
895 5120 1274 5193 παρατάξεως,
1309 5138 1468 5191 quam
1496 5121 1597 5175 loci
1642 5123 1909 5193 sententia
1932 5138 2024 5190 po-

460 5190 642 5262 stulat.
662 5190 751 5262 (Et
775 5190 991 5260 quidem
1010 5207 1135 5260 pars
1157 5193 1312 5262 hujus
1333 5193 1614 5261 fragmeuti
1641 5192 1837 5262 legitur
1860 5192 2022 5246 etiam

460 5259 515 5313 ln
542 5259 729 5314 catena
755 5259 962 5318 cudicis
1007 5259 1118 5316 tum
1152 5259 1568 5317 Mediolanensis
1605 5259 1715 5315 tum
1764 5261 2023 5316 Parisiaci

462 5327 515 5400 in
537 5329 633 5400 Ep.
656 5331 723 5383 ad
752 5330 916 5386 Hebr.
947 5331 1065 5386 acl.
1096 5330 1352 5388 Cramero
1380 5332 1545 5395 edita,
1571 5347 1623 5400 p.
1647 5331 1773 5386 580.
1803 5332 1818 5399 )
1848 5332 2024 5399 Atque

458 5393 563 5452 hoc
580 5393 713 5472 'loco
741 5410 1028 5472 antequam
1079 5403 1143 5455 ad
1176 5402 1297 5472 Syri
1324 5393 1631 5469 interpretis
1664 5402 1747 5454 vel
1792 5393 2015 5456 mendo-

459 5477 579 5546 rum
622 5471 706 5521 vel
731 5470 1101 5546 diversitatum
1132 5470 1495 5546 necessariam
1530 5472 1817 5546 identidem
1848 5486 2013 5546 _coar-

458 5540 730 5606 gutionem
758 5540 1090 5612 progredior,
1134 5542 1236 5612 aio,
1269 5543 1547 5596 enimvero
1593 5543 1798 5612 priscos
1848 5541 2017 5612 inter-

459 5614 657 5683 pretes,
679 5610 974 5683 przesertim
998 5610 1304 5683 Qrientales
1334 5612 1460 5679 (sed
1493 5610 1606 5667 nec‘
1623 5611 1842 5683 Latinos
1870 5610 2017 5663 exci-

457 5674 568 5744 pio)
592 5676 647 5750 in_
684 5674 1067 5734 transferendis
1095 5674 1405 5736 Gut-corum
1449 5683 1664 5750 scriptis
1694 5682 1833 5735 haud
1883 5683 2016 5735 satis

454 5744 755 5825 Quendam.
780 5761 898 5825 qua:
923 5750 1474 5825 bumana_inlirmit_as
1503 5744 1616 5825 est,
1650 5766 1721 5825 _se
1763 5752 2013 5825 gessisse.

454 5808 634 5867 Testis
664 5808 964 5870 luculentus
1006 5821 1179 5873 nostri
1223 5808 1349 5874 item
1388 5808 1614 5875 Eusebii,
1638 5808 2019 5875 cmineum...

438 5878 717 5973 .libroruui
749 5883 1035 5943 Armenius
1061 5889 1346 5959 interpres,
1371 5893 1462 5959 qui
1488 5906 1609 5946 cum
1645 5891 1871 5960 plurima
1906 5890 2020 5947 feli-
