4008 6516
285 423 385 477 617

1661 422 1749 475 DE
1785 421 2257 476 TllEOPllANIA.

3446 423 3548 476 b’l8

284 545 379 598 καὶ
397 542 731 613 θεογνωσίαν
754 548 831 610 είς
869 547 1074 609 πάντας
1100 547 1489 615 καταγγέλλειν
1524 547 1637 617 (Ξυ)
1670 546 1878 617 ἀνθρώ-

1991 546 2186 613 Deique
2238 546 2521 606 notitiam.
2582 548 2789 603 cunctis
2854 548 3164 603 hominibus
3234 547 3549 602 nuntiaturi.

284 651 449 697 παυς·
481 635 575 698 οὒς
612 634 675 707 δὴ
706 640 913 707 πεῖσμα
955 639 1209 707 μέγιστον
1242 639 1423 692 λαϐεῖν
1459 640 1624 709 ἐχρῆν
1656 640 1755 711 τῆς
1784 657 1881 709 με-

282 727 354 779 τά
380 726 474 779 τὸν
504 727 733 780 θάνατον
760 730 927 799 ζωῆς,
961 730 1037 793 ὠς
1064 730 1132 783 ἂν
1169 732 1344 796 ἀδεεῖς
1377 733 1470 785 καὶ
1503 731 1695 801 ἄφοϐοι
1727 731 1885 786 θανά-

282 834 378 870 του
410 817 504 870 τὸν
537 820 680 872 κατὰ
708 822 808 890 τῆς
844 821 1105 876 πολυθέου
1140 823 1347 895 πλάνης
1372 825 1559 893 ἀγῶνα
1587 825 1881 895 προθύμως

284 910 668 977 ἀναδέξαιντο*
726 914 800 984 μὴ
845 914 953 984 γάρ
999 914 1230 969 Θανάτου
1265 920 1624 988 καταφρονεῖν
1661 917 1887 988 μελετή-

286 1016 504 1065 σαντες,
540 1004 642 1056 οὑκ
668 1004 733 1057 ἂν
766 1004 987 1060 πώποτε
1015 1007 1152 1077 πρὸς
1175 1007 1243 1060 τὰ
1268 1008 1418 1062 δεινὰ
1440 1008 1884 1079 παρεσκευάζον-

283 1108 366 1144 το.
410 1095 502 1147 Διὸ
530 1094 595 1166 δὴ
625 1098 943 1165 ἀναγκαίως
973 1098 1210 1163 ὁπλίζων
1244 1101 1441 1163 αὐτοὺς
1483 1099 1625 1153 κατὰ
1660 1101 1759 1171 τῆς
1790 1100 1884 1153 τοῦ

283 1184 520 1239 Θανάτου
546 1188 866 1252 δυναστείας
904 1190 964 1243 οὐ
990 1189 1279 1260 ῥηματίοις
1301 1193 1395 1245 κα)⁵
1422 1196 1629 1260 φωναῖς
1666 1193 1888 1264 παρεδί-

281 1276 380 1330 δου
409 1278 471 1330 τὸ
516 1278 765 1349 μάθημα,
800 1280 919 1333 οὐδὲ
959 1280 1137 1350 λόγοις
1168 1283 1370 1351 ὁμοίως
1409 1284 1766 1355 ἀνθρωπείοις
1795 1285 1885 1337 τὸν

286 1368 420 1437 περὶ
468 1367 648 1439 ψυχῆς
677 1369 978 1432 ἀθανασίας
1017 1372 1258 1435 πιθανῶς
1299 1374 1393 1426 καὶ
1440 1373 1499 1438 ἐξ
1526 1376 1751 1428 εἰκότων
1773 1376 1885 1445 (21)

286 1458 599 1512 συντάττων
618 1477 630 1490 ·
668 1460 817 1530 αὐτῷ
848 1462 905 1514 δὲ
940 1462 1086 1534 ἔργῳ
1108 1463 1177 1516 τὰ
1209 1465 1350 1518 κατὰ
1379 1466 1473 1518 τοῦ
1513 1466 1745 1520 θανάτου
1788 1469 1887 1520 ἐπ-

286 1549 499 1602 εδείκνυ
524 1550 707 1614 αὐτοῖς
731 1552 989 1620 τρόπαια.

362 1641 472 1711 (22)
505 1637 613 1694 Ἦν
642 1644 744 1712 μὲν
771 1644 878 1715 γὰρ
910 1644 1073 1700 πάλαι
1100 1648 1364 1718 πρότερον
1388 1648 1618 1720 φοϐερὸς
1644 1651 1757 1708 τοῖς
1788 1652 1891 1701 πᾶ-

284 1749 375 1785 σιν
395 1735 424 1785 ὁ
442 1733 539 1786 τοῦ
568 1733 764 1805 θνητοῦ
796 1736 984 1803 γένους
1008 1737 1200 1809 ὀλετὴρ
1229 1737 1579 1803 θάνατος,καί⁵
1603 1740 1753 1803 λύσις
1779 1742 1892 1793 ἑνο-

286 1820 481 1892 μίζετο
508 1824 607 1894 τῆς
642 1824 770 1896 ὅλης
803 1825 1091 1897 ἀνθρώπου
1128 1827 1361 1895 φύσεως,
1400 1830 1575 1901 ψυχῆς
1622 1830 1756 1901 ὁμοῦ
1795 1832 1889 1885 καὶ

1986 638 2285 706 Discipulos
2340 638 2523 708 itaque
2564 654 2828 693 summam
2877 642 3073 695 habere
3124 641 3371 694 ﬁduciam
3421 656 3558 708 opus

1985 740 2103 784 erat
2129 731 2193 783 de
2224 731 2329 783 vita
2357 739 2478 799 post
2515 730 2719 785 obitum
2754 735 3147 800 recuperanda,
3182 744 3239 788 ut
3273 734 3553 804 intrepidi,

1987 821 2190 891 absque
2215 820 2324 875 ullo
2352 821 2541 875 mortis
2566 832 2707 875 metu
2738 822 2995 878 adversus
3026 825 3375 895 polytbeismi
3407 840 3554 880 erro-

1989 928 2100 967 rem
2129 923 2402 968 certamen
2440 913 2689 967 alacriter
2717 918 3071 984 susciperent.
3116 915 3250 970 Nam
3284 916 3385 971 nisi
3417 932 3556 970 mor-

1990 1016 2093 1059 tem
2159 1016 2504 1060 contemnere
2563 1007 2963 1070 assuevissent,
3030 1024 3301 1077 nunquam
3367 1020 3557 1063 contra

1991 1096 2250 1151 terribilia
2300 1109 2359 1148 se
2409 1094 2790 1150 accinxissent.
2838 1095 3194 1162 Quamobrem
3246 1098 3559 1153 necessario

1990 1188 2109 1243 illos
2134 1200 2352 1240 armans
2384 1186 2647 1239 adversus
2679 1187 2867 1240 mortis
2908 1187 3225 1253 potentiam,
3271 1188 3410 1242 baud
3439 1203 3562 1257 pro-

1989 1280 2114 1333 latis
2159 1293 2255 1333 ore
2306 1276 2512 1332 voculis
2554 1277 2854 1331 doctrinam
2890 1278 3031 1331 hanc
3081 1276 3343 1341 tradebat,
3388 1292 3563 1346 neque

1989 1384 2300 1425 sermonum
2332 1384 2481 1421 more
2508 1368 2869 1421 humanorum
2911 1373 2976 1422 de
3019 1369 3212 1422 animze
3241 1369 3558 1423 immortali-

1992 1471 2101 1515 tate
2143 1461 2511 1515 verisimiliter
2540 1460 2876 1525 disserebat,
2909 1462 3002 1514 sed
3038 1460 3154 1530 ipso
3186 1474 3348 1529 Opere
3393 1460 3562 1512 relata

1990 1554 2057 1608 de
2081 1564 2255 1608 morte
2298 1564 2494 1621 tropaea
2529 1553 2633 1607 illis
2660 1553 2996 1607 ostendebat.

2061 1645 2205 1700 Sane
2268 1654 2385 1699 erat
2433 1645 2559 1698 olim
2613 1645 2821 1698 cunctis
2870 1644 3129 1698 terribilis
3178 1644 3269 1697 illa
3319 1642 3565 1697 mortalis

1995 1738 2206 1804 generis
2236 1737 2506 1807 pernicies
2540 1754 2720 1801 mors;
2758 1746 2813 1791 et
2835 1735 3117 1790 dissolutio
3152 1735 3567 1788 existimabatur

1993 1828 2261 1883 universa:
2292 1828 2530 1883 hominis
2561 1838 2787 1888 naturae,
2813 1826 3007 1879 animae
3031 1826 3189 1879 simul
3218 1836 3273 1880 et
3295 1826 3562 1893 corporis,

285 1913 564 1984 σώματος,
619 1918 651 1986 ή
690 1918 879 1971 τούτου
925 1918 1244 1973 δυναστεία·
1291 1922 1412 1975 οὑδέ
1445 1940 1527 1986 τις
1570 1918 1639 1994 ἧν
1676 1924 1785 1976 τῶν
1826 1923 1882 1989 ἐξ

1994 1920 2181 1973 mortis
2220 1929 2572 1989 petentatus;
2627 1934 2891 1988 nemoque
2920 1934 2985 1971 ex
3016 1919 3161 1972 omni
3190 1933 3303 1971 :evo
3330 1920 3559 1972 exstite-

282 2007 486 2070 αἰῶνος
521 2002 631 2070 οἷός
664 2026 723 2061 τε
756 2009 908 2062 τουτὶ
944 2010 1005 2062 τὸ
1051 2011 1319 2084 φόϐητρον
1356 2014 1412 2081 ἐξ
1447 2013 1750 2086 ἀνθρώπων
1792 2016 1887 2068 ἁν-

282 2099 450 2154 ελεῖν·
496 2101 697 2164 πάντες
726 2101 769 2154 δ’
808 2103 1116 2174 ὲπτήχεσαν
1146 2105 1295 2177 φόϐῳ
1328 2108 1514 2178 μικροὶ
1536 2108 1631 2161 καὶ
1658 2107 1883 2178 μεγάλοι

283 2189 378 2242 τὸν
417 2189 680 2245 θάνατον·
722 2193 823 2245 οὐκ
847 2187 915 2262 ἦν
966 2209 1025 2245 τε
1059 2194 1153 2246 τοῦ
1193 2197 1363 2249 κακοῦ
1414 2200 1757 2271 παραμύθιον
1794 2205 1886 2258 άν-

283 2281 550 2353 θρὼποις,
596 2285 657 2337 οὐ
683 2285 861 2355 λόγος,
888 2290 948 2342 οὐ
980 2290 1200 2363 τρόπος,
1229 2293 1287 2344 οὐ
1318 2291 1451 2362 βίος,
1487 2294 1545 2345 οὺ
1584 2295 1763 2364 σοφῶν
1799 2297 1886 2351 λο-

282 2375 508 2444 γισμὸς,
531 2376 592 2428 οὐ
628 2376 872 2431 παλαιῶν
904 2381 1335 2452 συγγράμματα,
1369 2383 1429 2435 οὑ
1471 2386 1765 2454 προφητῶν
1797 2387 1883 2440 θε-

284 2466 597 2535 σπίσματα,
621 2468 713 2520 καὶ
732 2469 981 2537 ἀγγέλων
1014 2473 1354 2541 ἐπιφάνειαι·
1385 2474 1601 2528 πάντων
1625 2476 1681 2528 δὲ
1706 2479 1883 2550 κρείτ-

281 2572 395 2608 των
425 2558 519 2609 καὶ
534 2557 807 2629 ἀνῶ-δεμ
828 2560 926 2631 τὴν
949 2562 1088 2616 κατὰ
1105 2564 1325 2618 πάντων
1351 2564 1506 2637 νίκην
1540 2567 1754 2637 ἐπεῖχεν
1771 2569 1882 2639 (25)

282 2650 311 2700 ὁ
345 2648 601 2713 θάνατος,
640 2652 862 2721 ὑψηλὸς,
912 2656 1272 2727 μεγάλαυχος,
1320 2660 1665 2730 ὑπερήφανος
1688 2677 1701 2690 ο
1733 2655 1777 2729 ᾧ
1820 2662 1883 2733 δὴ

284 2740 826 2813 καταδεδουλωμένον
856 2746 916 2798 τὸ
950 2747 1143 2819 θνητὸν
1173 2750 1331 2817 γένος
1364 2753 1646 2816 παντοίαις
1666 2754 1882 2809 ἐκαλιν-

284 2830 433 2884 δεῖτο
462 2836 847 2905 παρανομίαις,
879 2841 1233 2908 μιαιφονίαις,
1270 2841 1731 2914 άθεμιτουργίαις,
1761 2846 1884 2899 δυσ-

287 2924 553 2990 σεὸείαις,
586 2929 905 3001 πολυπλόκῳ
926 2933 1102 3006 πλάνῃ
1126 2951 1139 2964 ⁸
1171 2935 1374 2990 τούτων
1398 2936 1507 3008 γὰρ
1528 2932 1596 3007 ἧν
1625 2939 1881 2993 ἁπάντων

286 3014 523 3081 θάνατος
553 3018 743 3082 αἴτιος.
789 3021 875 3083 Ὠς
903 3022 1012 3095 γὰρ
1055 3025 1250 3095 μηκέτι
1275 3025 1427 3088 ὄντες
1462 3027 1600 3098 μετὰ
1631 3027 1879 3092 θάνατον,

284 3107 356 3160 τὰ
386 3110 598 3179 μυρίων
623 3110 868 3166 θανάτων
902 3114 1027 3181 ἀξια
1049 3115 1283 3187 δρῶντες
1316 3117 1502 3189 διῆγον
1522 3136 1535 3148 ·
1569 3120 1662 3172 καὶ
1693 3120 1769 3183 ῶς
1795 3121 1883 3173 εὑ-

287 3198 481 3264 θύναις
520 3202 769 3273 οὐδαμῶς
797 3206 1145 3276 ὑποκείμενοι
1179 3207 1265 3261 διὰ
1301 3209 1400 3281 τὴν
1425 3211 1489 3262 ὲκ
1524 3210 1620 3263 τοῦ
1652 3210 1882 3265 θανάτου

286 3291 348 3344 λῦ
358 3309 467 3356 σιν,
495 3292 605 3363 βίον
630 3294 766 3357 ἕξων
788 3297 1041 3353 ἀϐίωτον,
1074 3298 1180 3362 Οὓς
1203 3299 1266 3371 δὴ
1289 3301 1670 3373 κατελεήσαςὸ
1689 3303 1881 3372 Λόγος,

286 3384 383 3436 ἐπὶ
420 3384 527 3454 τὴν
566 3387 776 3456 ἄμυναν
811 3389 1076 3445 ἔσπευσεν
1100 3410 1113 3423 ·
1152 3388 1251 3446 εἷθ’
1285 3386 1371 3447 οἷα
1416 3393 1667 3464 βασιλεὺς
1699 3397 1884 3466 φιλαν-

286 3475 641 3546 θρωπότατος
667 3480 763 3533 τὸν
794 3482 935 3535 κατὰ
964 3482 1058 3535 τοῦ
1084 3482 1313 3537 θανάτου
1344 3484 1562 3555 ἔλεγχον
1585 3486 1652 3537 δι’
1673 3486 1883 3559 ἀνθρὼ-

288 3584 398 3620 που
442 3569 659 3636 φύσεως
693 3560 1026 3642 ἐμηχανᾶτο,
1074 3572 1187 3645 ζωὴ
1233 3574 1332 3645 μὲν
1376 3575 1537 3639 αὐτὸς
1574 3578 1879 3647 τυγχάνων,

286 3660 388 3712 καὶ
416 3660 551 3713 Θεοῦ
585 3664 777 3731 Λόγος,
815 3666 910 3718 καὶ
935 3665 1069 3721 Θεοῦ
1103 3666 1332 3737 δύναμις
1353 3684 1368 3697 ·
1400 3667 1513 3721 ἀλλ’
1544 3671 1605 3722 οὐ
1638 3670 1758 3741 δίχα
1788 3671 1883 3724 τοῦ

287 3751 659 3822 βοηθουμένου
707 3756 767 3808 τὸ
794 3756 903 3808 τῶν
943 3757 1247 3829 ἀνθρώπων
1298 3760 1567 3830 φόϐητρον
1616 3761 1883 3829 διελέγξαι

287 3844 506 3915 κρίνας.
558 3846 649 3898 Διὸ
694 3847 758 3918 δὴ
802 3848 953 3920 ὅπλῳ
1012 3851 1354 3921 χρησάμενος
1394 3851 1737 3924 ἀνθρωπείῳ,
1792 3854 1885 3907 κα)⁵

286 3934 473 4005 θνητῷ
495 3933 707 4005 σώματι
737 3941 764 3990 ὁ
798 3938 1109 4009 ἀσώματος,
1142 3942 1231 3994 τὸν
1273 3940 1501 3995 θάνατον
1526 3942 1613 3996 διὰ
1640 3944 1732 3996 τοῦ
1757 3944 1883 4015 θνη-

286 4024 384 4079 τοῦ
411 4028 826 4098 κατηγωνίσατο
844 4048 855 4059 ·
893 4032 989 4085 καὶ
1019 4033 1163 4102 μέγα
1192 4033 1379 4105 θαῦμα
1429 4037 1542 4096 τοῖς
1569 4037 1732 4089 πᾶσιν
1776 4038 1883 4090 άπ-

286 4116 483 4183 έδειξε,
525 4119 781 4189 τρόπαιον
806 4119 1105 4185 ἀθανασίας
1133 4122 1274 4175 κατὰ
1300 4123 1394 4175 τοῦ
1430 4123 1655 4177 θανάτου
1676 4123 1763 4177 διά
1788 4123 1883 4177 τοῦ

286 4206 491 4277 θνητοῦ
526 4208 690 4262 ὅπλου
718 4212 919 4281 στήσας
951 4212 1081 4281 (25).
1126 4213 1301 4282 Ἠφίει
1339 4214 1439 4284 μὲν
1466 4214 1573 4285 γὰρ
1604 4215 1664 4266 τὸ
1690 4214 1884 4285 θνητὸν

286 4298 367 4357 είς
401 4296 569 4368 βοράν
593 4300 669 4370 τῷ
692 4300 863 4373 θηρίῳ
886 4301 996 4372 (25)
1016 4319 1027 4330 ·
1059 4303 1120 4355 τὸ
1146 4302 1190 4356 δ’
1206 4304 1404 4357 αὐτίκα
1431 4303 1509 4374 τῷ
1535 4303 1691 4374 ίκρίῳ
1720 4321 1885 4375 προσ-

285 4387 484 4457 ηλοῦτο
536 4390 1077 4464 ἀνασταυρούμενοεν
1128 4393 1204 4457 ὡς
1244 4393 1310 4447 ἆν
1342 4397 1457 4456 τοῖς
1502 4395 1669 4447 πᾶσιν
1714 4398 1745 4467 ὴ
1790 4394 1884 4448 τοῦ

290 4478 489 4551 θνητοῦ
510 4482 835 4555 γνωρισθείη
872 4484 1052 4553 φύσις,
1088 4485 1221 4556 μηδέ
1250 4503 1369 4539 τινα
1402 4484 1552 4539 λάθοι
1576 4486 1636 4538 τὸ
1658 4486 1886 4557 πραττό-

293 4589 475 4642 μενον,
512 4573 584 4645 μὴ
617 4574 938 4646 ἀνθρώπων,
987 4577 1061 4647 μὴ
1092 4577 1390 4648 δαιμόνων
1422 4579 1588 4649 ὲχρῆν
1611 4578 1717 4650 γὰρ
1750 4578 1884 4633 πάν-
1916 4607 1961 4662 D

289 4680 389 4727 τας
420 4665 668 4735 ἀκριϐῶς
698 4667 755 4719 τὸ
784 4666 974 4740 θνητὸν
1012 4668 1159 4733 ἰδεῖν,
1186 4669 1262 4732 ὡς
1306 4671 1365 4722 ὲν
1398 4671 1639 4740 μεγίστῳ
1667 4669 1881 4741 θεάτρῳ

290 4755 389 4826 τὴν
422 4756 625 4810 οἰκείαν
652 4758 948 4830 ὁμολογοῦν
976 4759 1137 4829 φύσιν
1159 4778 1171 4790 '
1208 4761 1273 4813 ἵν’
1306 4762 1431 4833 ἑξῆς
1460 4760 1701 4814 ἐπελθὼν
1727 4762 1756 4813 ὁ
1781 4761 1879 4815 θά-

291 4861 471 4910 νατος,
489 4840 577 4898 οἶα
599 4846 700 4918 θὴρ
728 4848 915 4912 δεινὸς,
938 4843 1047 4913 οἷός
1076 4851 1159 4913 τίς
1186 4849 1303 4903 ποτ’
1331 4845 1419 4921 ἦν,
1444 4850 1632 4902 ἑαυτὸν
1654 4849 1847 4922 ἐλέγξῃ
1866 4866 1878 4877 ·

291 4939 533 4991 κᾶπειτα
560 4940 658 5009 τῆς
682 4939 826 5010 ζωῆς
850 4943 881 5010 η
917 4941 1165 5011 δύναμις,
1202 4940 1339 5009 μετὰ
1374 4940 1601 4995 θάνατον
1628 4941 1884 4994 ἐπελθοῦ-

292 5046 382 5089 σα,
426 5033 542 5093 τοῖς
576 5034 741 5084 πᾶσιν
783 5028 938 5095 αὖθις
982 5034 1082 5103 τὴν
1115 5032 1255 5085 κατὰ
1297 5030 1392 5084 τοῦ
1435 5031 1665 5085 θανάτου
1708 5049 1885 5103 παρα-

292 5125 559 5193 στήσηται
614 5126 803 5195 νίκην,
853 5125 914 5178 τὸ
970 5125 1162 5195 θνητὸν
1210 5124 1475 5179 ἀθάνατον
1527 5122 1878 5189 ἀποδείξασα.

366 5397 477 5468 (20)
497 5397 666 5467 Syrus
687 5399 897 5453 videtur
931 5400 1129 5470 legisse
1168 5400 1503 5455 ἀνατέλλειν.

366 5471 483 5541 (2i)
511 5472 750 5538 Apparet
782 5471 978 5538 Syrum
1010 5471 1205 5541 legisse
1239 5471 1486 5526 εἰκόνων.

367 5539 482 5610 (22)
524 5542 649 5609 Syr.
675 5556 759 5602 ιιι,
796 5543 885 5595 (il.

368 5633 482 5703 (25)
512 5632 682 5702 Syrus
713 5634 875 5703 paulo
907 5633 1067 5687 aliter
1100 5634 1381 5703 periodum
1413 5635 1623 5689 dividit.

368 5723 481 5793 (Ἡ)
526 5723 793 5793 [lactentis
822 5725 921 5778 hoc
967 5722 1325 5791 fragmentum
1364 5727 1597 5793 (nempe
1638 5724 1707 5777 ab
1766 5723 1874 5777 illis

300 5790 479 5867 verbis
521 5790 588 5865 ἦν
632 5796 730 5865 μὲν
766 5796 876 5867 γὰρ
925 5790 1092 5867 πάλαι
1137 5790 1403 5864 πρότερον
1446 5790 1871 5867 φοϐερός-οπο.)

305 5864 562 5917 recitatur
591 5864 657 5917 ad
680 5864 870 5919 eodem
897 5865 1082 5918 Niecta
1119 5871 1283 5917 etiam
1310 5884 1361 5918 ιιι
1389 5864 1671 5920 οιιιιιιιιιθιι
1696 5864 1868 5934 Epist.

542 5964 813 6017 PATBOL.
864 5959 982 6020 (in.
1037 5958 1185 6018 XXI
1201 5958 1268 6017 ν.

1995 2021 2096 2073 rat,
2121 2012 2211 2079 qui
2245 2011 2348 2064 hoc
2384 2010 2878 2065 terriculamentum
2913 2026 2978 2063 ex
3024 2010 3335 2064 bominilms
3373 2009 3559 2063 tollere

1993 2112 2195 2169 posset,
2242 2102 2533 2171 cunctique
2599 2121 2628 2154 a
2686 2117 2884 2172 magno
2932 2116 3103 2168 usque
3160 2102 3225 2154 ad
3277 2100 3557 2154 minimum

1995 2192 2185 2244 mortis
2214 2191 2406 2245 timore
2455 2191 2915 2257 perecllebantur;
2970 2192 3206 2260 nihilque
3252 2203 3368 2245 erat
3417 2193 3561 2260 quod

1993 2281 2119 2335 huic
2146 2282 2286 2336 malo
2312 2283 2563 2338 solatium
2593 2284 2893 2349 conferret,
2931 2298 3035 2336 uou
3064 2299 3261 2342 sermo.
3298 2299 3403 2337 non
3443 2300 3560 2337 mo-

1992 2374 2092 2427 dus
2118 2372 2346 2443 aliquis,
2383 2391 2488 2429 non
2535 2377 2864 2446 sapientium
2914 2376 3176 2440 consilia,
3217 2390 3321 2430 non
3354 2376 3562 2445 prisco-

1994 2480 2110 2518 rum
2145 2464 2337 2519 littera:
2351 2478 2369 2528 ,‘
2399 2481 2503 2521 non
2536 2469 2925 2538 prophetarum
2966 2468 3188 2526 oracula
3211 2507 3229 2534 ,
3261 2482 3366 2522 nou
3398 2480 3564 2535 ange-

1994 2556 2167 2611 lorum
2205 2559 2569 2628 apparitiones
2600 2576 2615 2612 :
2652 2561 2745 2616 sed
2781 2562 3038 2617 omnibus
3078 2562 3271 2616 fortior
3315 2568 3369 2613 et
3402 2572 3564 2627 supe-

1995 2649 2104 2703 rior
2128 2650 2483 2705 universalem
2515 2654 2799 2707 victoriam
2822 2655 3102 2709 obtinebat
3131 2669 3300 2717 mors,
3322 2652 3562 2715 excelsa,

1993 2740 2366 2811 gloriabunda,
2412 2744 2673 2811 superba.
2728 2744 2815 2799 cui
2865 2746 3229 2815 mancipatum
3268 2745 3561 2798 bmnauum

1993 2848 2184 2900 genus,
2212 2834 2266 2887 in
2292 2837 2439 2889 omni
2470 2834 2813 2889 volutabatur
2843 2837 3069 2901 scelere,
3092 2836 3351 2896 cmdibus,
3386 2834 3565 2888 nefan-

1992 2926 2077 2979 dis
2108 2928 2395 2996 operibus,
2425 2928 2827 2998 irreligiositate
2851 2970 2865 2994 ,
2894 2929 3291 3003 multiplicique
3317 2942 3563 2982 errorum

1990 3031 2206 3085 genere.
2257 3018 2465 3087 Quippe
2510 3021 2705 3075 borum
2754 3022 2994 3076 omnium
3033 3036 3179 3076 mors
3210 3035 3375 3075 causa
3401 3029 3561 3075 erat:

1992 3120 2226 3175 namque
2285 3109 2551 3171 homines,
2606 3126 2703 3165 ceu
2752 3120 2875 3180 post
2929 3113 3135 3165 obitum
3189 3111 3320 3165 nihil
3381 3122 3565 3166 essent

1995 3195 2178 3263 futuri,
2247 3200 2409 3268 digna
2458 3201 2685 3257 infinitis
2734 3202 2998 3257 mortibus
3050 3204 3563 3273 perpetrabantzac

1987 3288 2152 3343 veluti
2182 3290 2311 3344 nulli
2332 3306 2505 3359 poenae
2529 3291 2749 3347 obnoxii
2771 3332 2784 3358 ,
2809 3304 3029 3364 prapter
3057 3309 3174 3349 eam
3204 3310 3363 3362 quam
3394 3303 3565 3346 morte

1988 3381 2102 3436 ﬁeri
2132 3381 2421 3437 credebant
2456 3382 2886 3447 dissolutionem,
2918 3385 3081 3438 vitam
3111 3384 3228 3439 sine
3266 3386 3371 3460 vita
3402 3385 3565 3449 dege-

1986 3469 2137 3524 bant.
2197 3470 2343 3537 Quos
2396 3472 2660 3529 miserans
2711 3473 2992 3538 Verbum,
3055 3475 3123 3530 ad
3194 3475 3563 3528 auxiliandum

1988 3560 2285 3617 festinavit.
2321 3564 2519 3619 Deinde
2554 3573 2612 3618 ut
2640 3581 2737 3620 rex
2771 3566 3231 3621 clementissimus
3270 3566 3562 3621 coercitio-

1986 3671 2108 3710 nem
2165 3658 2355 3712 mortis
2402 3673 2501 3727 per
2547 3658 2783 3714 hominis
2856 3669 3103 3713 naturam
3168 3660 3386 3714 molitus
3437 3668 3567 3724 est;

1987 3763 2218 3815 cumque
2270 3749 2314 3803 is
2360 3750 2469 3803 vita
2527 3750 2642 3819 ipsa
2699 3752 2804 3817 sit,
2859 3760 2913 3805 et
2958 3751 3051 3807 Dei
3109 3750 3372 3815 Verbum,
3403 3761 3567 3817 atque

1988 3842 2249 3911 potentia,
2306 3858 2414 3897 non
2466 3844 2583 3898 sine
2636 3853 2816 3899 tamen
2878 3845 2991 3913 ipsa
3057 3846 3415 3906 humanitate,
3477 3847 3563 3896 cui

1986 3948 2142 4003 opem
2173 3932 2399 3998 ferebat,
2431 3944 2695 3990 terrorem
2731 3936 3011 3990 hominum
3046 3937 3113 3990 de
3153 3936 3332 3989 medio
3361 3933 3554 3987 tollen-

1988 4024 2418 4093 dumjudicavit.
2451 4024 3022 4091 Quamobrem,armis
3070 4036 3227 4079 utens
3276 4023 3550 4086 humanis,

1988 4117 2203 4170 mortali
2240 4117 2291 4169 in
2341 4132 2569 4184 corpore
2610 4119 2992 4187 incorporeum
3043 4116 3274 4171 Verbum
3335 4123 3565 4169 mortem

1988 4222 2047 4262 re
2070 4209 2287 4263 mortali
2320 4209 2629 4273 debellavit,
2661 4210 2972 4279 grandcque
3000 4209 3322 4262 miraculum
3348 4206 3561 4261 cunctis

1986 4301 2319 4363 ostentavit,
2368 4302 2790 4356 immortalitatis
2826 4312 3082 4371 tropzeum
3120 4302 3379 4355 adversus
3422 4312 3566 4352 mor-

1991 4404 2096 4447 tem
2130 4393 2452 4447 mortalibus
2480 4394 2648 4447 armis
2679 4405 2944 4449 statuens.
2972 4394 3181 4462 Quippe
3202 4407 3352 4446 suam
3379 4392 3560 4451 voraci

1988 4482 2179 4537 bellua;
2216 4483 2499 4537 mortalem
2532 4494 2745 4553 partem
2772 4484 3025 4549 tradidit,
3052 4498 3173 4551 qua:
3206 4481 3388 4535 statim
3418 4480 3563 4548 ligno

1988 4574 2159 4629 clavis
2189 4577 2399 4630 conﬁxa
2439 4576 2560 4641 fuit,
2593 4587 2649 4630 ut
2672 4577 2755 4632 sui
2789 4576 3040 4646 corporis
3081 4584 3270 4628 natura
3320 4569 3564 4625 mortalis

1987 4666 2056 4719 ab
2102 4668 2357 4721 omnibus
2384 4678 2789 4738 agnosceretur,
2832 4682 2931 4720 nec
2962 4678 3290 4735 quemquam
3327 4677 3413 4715 res
3442 4668 3559 4713 acta

1984 4753 2174 4810 lateret
2226 4757 2340 4810 sive
2394 4758 2665 4810 hominem
2734 4755 2850 4809 sive
2900 4756 3221 4808 drcmouem.
3302 4752 3565 4805 Intererat

1985 4849 2129 4904 enim
2174 4859 2233 4901 ut
2271 4864 2462 4903 omnes
2496 4858 2752 4903 accurate
2792 4848 3038 4902 viderent
3065 4862 3185 4899 eum
3217 4844 3308 4913 qui
3354 4842 3555 4896 morie-

1987 4941 2167 5004 batur,
2195 4939 2467 5009 propriam
2506 4939 2853 4993 confitentem
2877 4978 2892 5001 ,
2945 4946 3198 5005 tanquam
3250 4936 3305 4986 iu
3345 4940 3563 4998 specta-

1986 5032 2109 5085 culo
2154 5031 2413 5094 maximo,
2466 5039 2741 5092 naturam;
2808 5040 2868 5082 ut
2927 5028 3120 5082 deinde
3178 5022 3563 5093 superveniens

1988 5138 2157 5186 mors,
2195 5139 2293 5175 ceu
2332 5123 2449 5174 dira
2480 5122 2657 5175 bellua
2684 5160 2699 5184 ,
2723 5134 2971 5190 quaenam
3007 5119 3236 5188 ipsamet
3268 5123 3428 5175 esset,
3467 5127 3561 5181 per

1984 5397 2051 5455 ad
2090 5396 2253 5453 llebr.
2284 5412 2403 5464 cap.
2453 5395 2662 5458 ιι,’17;
2704 5396 2796 5464 sed
2816 5401 2976 5464 recte
3006 5391 3224 5464 quidem
3276 5390 3328 5443 in
3377 5390 3563 5464 codice

1982 5460 2373 5536 Mediolaneusi.
2402 5482 2465 5519 ex
2500 5462 2876 5532 Εὐαγγελικῆς
2913 5460 3251 5536 θεοφανείαὲ
3307 5461 3565 5514 mendose

1982 5547 2162 5591 autem
2201 5539 2251 5591 in
2286 5531 2565 5589 Parisiaeo
2609 5531 2691 5603 (ut
2732 5531 2874 5603 certe
2924 5541 3007 5585 est
3049 5531 3190 5602 apud
3213 5531 3558 5593 Cramerum,

1979 5623 2032 5678 p.
2060 5607 2187 5684 426)
2242 5602 2625 5675 Εὑαγγελικῆς
2655 5602 3005 5667 ἀποδείξεως.

2049 5721 2162 5790 (25)
2205 5719 2423 5779 Bellum,
2458 5719 2509 5771 id
2537 5720 2842 5790 estmom',
2885 5735 2989 5775 non
3032 5718 3219 5772 belluis
3252 5726 3311 5771 ut
3364 5716 3557 5790 Syrus,

1982 5808 2074 5847 seu
2119 5788 2262 5856 augl.
2311 5792 2500 5843 beasts.
2547 5788 2748 5859 Nempe
2788 5793 2946 5859 paulo
2986 5791 3124 5845 infra
3164 5804 3309 5843 mors
3350 5789 3554 5840 diserte

1983 5865 2182 5918 dicitur
2223 5861 2414 5915 bellua.

3204 5951 3284 6009 20
