4008 6518
504 454 605 509 6|9

1168 439 1430 495 EUSEBH
1468 434 1943 494 (ΖίΕΞΛΙῖΙΕΝδΙδ
1981 432 2059 489 0P

2170 431 2350 487 PARS
2388 431 2477 486 IV.
2518 461 2583 471 —
2627 429 3043 486 DOCMATICA.

3634 423 3737 477 630

504 579 561 619 se
619 562 913 633 proderet:
952 568 1329 629 postremoque
1381 559 1501 612 vitae
1560 558 1771 621 virtus,
1833 564 2059 607 mortem

2168 552 2276 621 (9.6)
2325 550 2499 619 Ἰἰφίει
2531 550 2640 617 (27)
2669 550 2846 603 τοίνυν
2876 550 3009 619 πρὸς
3040 546 3209 617 βραχῦ
3234 545 3295 597 τὸ
3331 544 3487 612 σῶμα
3518 546 3549 611 η
3578 539 3739 593 τοῦτο

506 660 811 719 subsecuta,
844 656 1050 710 cunctis
1076 654 1317 708 vicissim
1363 668 1513 706 suam
1550 652 1806 704 adversus
1835 657 2059 701 mortem

502 749 784 803 victariam
817 747 990 815 palam
1024 746 1246 807 faceret,
1291 744 1418 798 dum
1463 744 1697 797 mortale
1734 755 1926 809 corpus
1959 740 2061 792 im-

502 839 728 894 murtale
763 838 874 907 jam
902 839 1135 893 sisteret.
1184 836 1395 890 Dimisit
1436 836 1615 904 itaque
1649 834 1791 887 brevi
1824 842 2060 899 tempore

500 945 715 999 corpus,
747 943 809 983 ea
844 935 962 998 Quae
993 929 1093 982 hoc
1120 926 1422 990 possidebat
1457 926 1546 979 Dei
1580 923 1736 978 Verbi
1769 922 1972 982 virtus;
2007 928 2062 972 et

2167 641 2528 713 διακρατούσα
2560 641 2651 693 τοῦ
2676 640 2809 693 Θεοῦ
2838 640 3009 706 Λόγου
3032 635 3278 705 δύναμις
3305 633 3412 701 (‘28)
3434 632 3491 684 τὸ
3507 631 3549 683 δ’
3566 631 3734 699 ἀνηρ-

2167 736 2395 804 τημένον
2417 732 2507 785 ἐπὶ
2520 731 2612 783 τοῦ
2631 730 2785 795 ξύλου
2810 732 3148 800 παραχρῆμα
3178 726 3366 796 νεκρὸν
3390 720 3476 793 ἦν’
3495 722 3610 775 ἀλλ’
3640 721 3738 789 οὐχ

2166 826 2194 877 ό
2218 824 2381 890 Λόγος
2414 825 2443 874 ὀ
2472 822 2730 886 ζωοποιὸς
2752 821 2812 873 τὸ
2844 820 3201 890 νεκρούμενον
3235 813 3301 887 ἧν
3326 833 3337 845 ·
3367 814 3428 866 τὸ
3454 813 3510 865 δὲ
3544 812 3739 881 θνητὸν

2166 915 2264 985 τὴν
2284 915 2488 968 οἰκείαν
2509 914 2781 984 ὡμολόγει
2806 912 2982 980 φύσιν.

499 996 782 1079 confestim
817 996 942 1076 illud
965 1026 1103 1089 quod
1141 1023 1206 1073 de
1244 1020 1388 1087 ligno
1463 1017 1767 1088 pendebat,
1836 1022 2104 1068 mortuum
2169 1018 2278 1072 est;
2337 1023 2441 1061 non
2499 1016 2674 1061 tamen
2729 1006 3005 1058 vivilicum
3059 1000 3294 1055 Verbum
3373 996 3743 1053 exstinctum;

499 1132 625 1187 pars
680 1115 1049 1169 tantummodo
1092 1113 1295 1167 Christi
1340 1111 1581 1164 mortalis
1625 1119 1870 1163 naturam
1910 1118 2061 1159 suam
2103 1103 2422 1156 testabatur.

573 1195 829 1275 Sepulcro
868 1205 1161 1259 secundum
1201 1204 1475 1258 hominum
1510 1203 1651 1273 leges
1680 1203 1907 1256 traditus
1939 1198 2058 1256 fuit.

500 1298 629 1351 Erat
691 1308 870 1353 autem
923 1296 1231 1366 sepulcrum
1296 1294 1548 1364 speiunca
1603 1310 1771 1362 nuper
1825 1295 1876 1346 in
1931 1307 2061 1345 saxo

501 1384 703 1447 excisa,
732 1383 935 1437 nuilum
971 1384 1148 1437 adhuc
1185 1380 1417 1436 cadaver
1451 1390 1695 1451 experta,
1744 1383 1867 1451 quia
1897 1396 2060 1450 apor-

499 1476 647 1530 tebat
680 1477 894 1530 unicum
927 1473 1162 1530 loculum
1219 1475 1309 1526 uni
1360 1473 1579 1528 insolito
1613 1483 1825 1529 mortuo
1872 1475 2058 1529 deser-

504 1568 639 1621 vire.
671 1567 915 1636 Miraque
945 1566 1062 1621 visu
1096 1574 1211 1619 erat
1240 1576 1385 1633 petra
1420 1567 1656 1633 spatioso
1704 1567 1756 1619 in
1794 1567 1914 1621 loco
1946 1566 2058 1620 sola

500 1669 722 1713 exstans
752 1667 954 1720 erecta,
1005 1666 1334 1726 antrumque
1370 1658 1584 1710 unicum
1628 1658 1772 1712 intus
1818 1659 2057 1722 habens;

505 1767 571 1806 ne
596 1749 641 1804 si
669 1750 805 1804 forte
835 1749 984 1818 plura
1013 1762 1239 1816 corpora
1280 1749 1586 1818 excepisset
1609 1790 1622 1811 ,
1658 1748 1773 1818 ejus
1799 1750 1887 1819 qui
1926 1766 2063 1803 tuor-

501 1850 608 1895 tem
649 1841 1048 1903 debellaverat,
1093 1839 1409 1894 miraculum
1451 1838 1790 1895 obscuraret.
1842 1840 2064 1896 Jacebat

2234 1194 2342 1265 (29)
2370 1193 2626 1264 Μνήματι
2663 1192 2717 1244 δὲ
2748 1190 2888 1244 κατά
2928 1188 3125 1259 νόμους
3170 1183 3469 1255 ἀνθρώπων
3512 1178 3739 1250 παρεδί-

2161 1290 2281 1341 δοτο
2303 1305 2315 1317 ·
2345 1287 2404 1339 τδ
2430 1287 2484 1339 δὲ
2509 1286 2696 1356 μνῆμα
2726 1284 2986 1354 σπήλαιον
3012 1275 3080 1349 ἦν
3109 1280 3230 1348 ἄρτι
3254 1275 3393 1330 κατὰ
3425 1274 3628 1343 πέτρας
3652 1271 3739 1321 λε-

2163 1379 2507 1448 λαξευμένον,
2552 1376 2702 1429 οὔπω
2754 1374 3003 1444 σώματος
3058 1370 3243 1439 ἑτέρου
3300 1363 3733 1436 πεπειραμένον·

2169 1474 2271 1525 ἔδει
2297 1471 2403 1541 γὰρ
2436 1468 2579 1540 μόνῳ
2612 1467 2723 1538 (50)
2760 1464 3036 1535 σχολάζειν
3069 1461 3145 1530 τῷ
3178 1460 3322 1530 μόνῳ
3346 1454 3633 1528 παραδόξῳ
3662 1471 3740 1508 νιε⁸

2169 1562 2300 1634 κρῷ.
2328 1559 2624 1631 Θαυμαστὴ
2664 1558 2720 1610 δὲ
2752 1557 2931 1626 ίδεῖνή
2966 1556 3139 1625 πέτρα
3174 1554 3230 1605 ὲν
3255 1548 3559 1623 ὴπλωμένῳ
3580 1545 3739 1617 χώρῳ

2174 1656 2305 1725 μόνη
2343 1654 2521 1721 δρθιος
2545 1649 2907 1719 ἀνεσταμένη”
2959 1647 3052 1700 καὶ
3094 1645 3249 1713 μόνον
3290 1639 3357 1712 ἦν
3388 1642 3579 1711 ἄντρον
3612 1640 3740 1691 εἴσω

2169 1749 2225 1799 ὲν
2257 1748 2394 1817 αὐτῇ
2441 1745 2785 1815 περιέχουσα.
2828 1741 2902 1803 ὡς
2942 1738 3008 1792 ἂν
3056 1737 3148 1808 μὴ,
3193 1733 3400 1787 πολλῶν
3447 1730 3737 1800 γενομένη,

2170 1841 2269 1894 τοῦ
2290 1841 2380 1892 τὸν
2407 1839 2630 1892 θάνατον
2661 1830 3174 1901 καταγωνισαμένου
3200 1826 3496 1896 ἐπισκιάσῃ
3518 1823 3578 1876 τὸ
3611 1820 3738 1875 θαῦ-

502 1932 571 1985 ibi
603 1932 902 1985 evstiuctus
934 1932 978 1985 is
1005 1932 1095 1999 qui
1129 1939 1246 1983 erat
1279 1930 1508 1984 viventis
1542 1930 1702 1985 Verbi
1752 1946 2011 2000 organum
2045 1950 2058 1985 :

2169 1951 2260 2004 μα.
2286 1933 2396 2001 (5|)
2419 1933 2632 1983 Ἔκειτο
2662 1928 2759 1998 μὲν
2791 1926 2853 1996 δὴ
2876 1924 3063 1995 νεκρὸς
3092 1921 3300 1985 αὐτόθι,
3324 1919 3383 1972 τό
3409 1917 3503 1970 τοῦ
3539 1915 3737 1979 ζῶντος

500 2037 689 2076 saxum
714 2023 905 2091 ingens
937 2022 1253 2077 occludebat
1310 2021 1639 2087 speluncam.
1678 2021 1820 2076 Mors
1859 2024 2060 2077 interea

501 2111 729 2165 mirifice
762 2110 1118 2180 gloriabatur,
1150 2124 1249 2164 ceu
1278 2110 1321 2164 si
1359 2110 1501 2165 hunc
1535 2111 1677 2165 baud
1720 2127 1874 2167 secus
1900 2129 2061 2181 quam

501 2201 737 2271 reliquos
766 2218 830 2255 ex
884 2201 1031 2256 omni
1058 2216 1172 2255 azvo
1201 2202 1586 2275 superavisset.
1626 2201 1733 2256 Sed
1756 2204 1900 2257 enim
1927 2219 2062 2257 non-

500 2293 627 2345 dum
673 2293 925 2347 triduano
956 2302 1197 2361 tempore
1239 2303 1465 2359 exacto,
1500 2295 1606 2347 vita
1638 2303 1809 2349 semet
1864 2296 2061 2349 iterum

502 2384 937 2453 conspiciendam
993 2384 1223 2449 obtulit,
1277 2394 1398 2455 post
1459 2383 1810 2440 subicientem
1875 2393 2065 2441 mortis

501 2475 927 2542 coargutiouem.
961 2473 1092 2528 Nam
1133 2476 1176 2530 si
1206 2476 1368 2531 citius
1410 2490 1693 2546 resurgere
1722 2479 2063 2547 properavis-

501 2575 603 2632 set,
662 2581 727 2619 ue
776 2569 1077 2622 exstinctus
1124 2569 1339 2638 quidem
1400 2569 1640 2623 creditus
1693 2568 1904 2623 fuisset.
1958 2567 2062 2624 Sed

501 2656 755 2723 quoniam
788 2671 913 2708 vere
943 2655 1185 2711 sublatus
1227 2656 1318 2726 (in
1366 2660 1623 2727 erucem)
1677 2658 1797 2721 fuit,
1829 2674 2063 2728 vereque

502 2756 762 2808 mortuus,
788 2756 947 2816 atque
965 2749 1239 2817 aliquanto
1262 2750 1516 2819 temporis
1532 2750 1812 2804 intervallo
1834 2761 2060 2805 mortem

501 2854 625 2894 vere
654 2840 927 2913 sustinuit,
960 2840 1084 2894 hinc
1114 2841 1390 2895 enimvero
1421 2841 1562 2910 quod
1606 2841 1784 2895 omnia
1827 2842 2063 2897 vivificat

502 2928 592 2983 Dei
656 2928 930 2994 Verbum,
990 2930 1297 2984 universam
1361 2931 1669 2985 hominibus
1729 2933 2059 3001 propositam

498 3034 646 3088 Spem
679 3035 773 3088 per
797 3020 965 3082 illius,
1010 3020 1099 3089 qui
1132 3030 1243 3074 tum
1279 3029 1522 3075 mortuus
1569 3021 1779 3087 fuerat,
1811 3037 2060 3078 resurre-

498 3113 753 3173 ctionem,
794 3112 1108 3166 ostentavit.
1161 3111 1440 3183 [Cumque
1467 3112 1582 3179 ejus
1615 3127 1810 3180 corpus
1852 3114 2063 3183 deposi-

2168 2027 2338 2095 Λόγσυ
2379 2025 2648 2094 ὄργανον·
2697 2019 2841 2081 λίθος
2893 2018 2936 2069 δ’
2981 2015 3235 2068 ἀπέκλειε
3286 2008 3647 2082 παμμεγέθης
3680 2007 3740 2059 τὸ

2168 2117 2446 2188 σπήλαιον.
2476 2114 2586 2166 Καὶ
2612 2110 2777 2173 πολὺς
2800 2106 2867 2179 ἦν
2889 2111 2945 2161 ὲν
2971 2108 3142 2177 τούτῳ
3167 2103 3405 2175 γαυριῶν
3435 2105 3462 2155 ὁ
3488 2102 3737 2162 θάνατος,

2163 2210 2238 2273 ὡς
2270 2209 2334 2262 ἂν
2361 2206 2546 2259 τοῦτον
2584 2202 2718 2275 μετά
2745 2202 2854 2253 τῶν
2886 2200 2946 2265 ἐξ
2992 2201 3184 2261 αἰῶνος
3221 2196 3354 2250 ἑλὼν
3392 2194 3699 2264 ὑποχείριον
3721 2208 3736 2222 ⁸

2165 2299 2275 2353 ἀλλ’
2299 2297 2450 2351 οὔπω
2487 2297 2779 2367 τριήμερος
2812 2293 3010 2363 παρῄει
3054 2292 3261 2362 χρόνος,
3298 2290 3390 2342 καὶ
3420 2289 3453 2357 ἡ
3488 2286 3601 2355 ζωὴ
3637 2286 3739 2338 πάι

2164 2393 2245 2445 λιν
2292 2390 2487 2461 ἑαυτὴν
2537 2389 2719 2455 ἔφαινε
2770 2386 2908 2456 μετὰ
2952 2385 3043 2437 τὸν
3086 2383 3330 2453 αὑτάρκη
3374 2378 3465 2431 τοῦ
3511 2376 3739 2429 θανάτου

2164 2483 2396 2551 ἔλεγχον.
2442 2481 2503 2531 Εἰ
2536 2478 2645 2547 γὰρ
2686 2476 2752 2547 δὴ
2782 2478 2971 2529 θᾶττον
3013 2475 3212 2542 ἀνέστη
3259 2472 3490 2541 φθάσας,
3535 2469 3633 2521 ούκ
3673 2466 3738 2519 ἂν

2164 2575 2282 2627 οὐδὲ
2321 2571 2548 2633 τεθνεὼς
2586 2569 2843 2640 ἐνομίσθη
2866 2585 2879 2596 ’
2917 2567 3030 2620 ἀλλ’
3064 2567 3152 2619 ὅτε
3189 2584 3250 2634 γε
3295 2564 3509 2633 ἀληθῶς
3540 2560 3740 2628 ὑψοῦτο

2165 2667 2298 2737 (5'2),
2328 2667 2422 2717 καὶ
2442 2662 2653 2734 ἀληθῶς
2679 2660 2978 2729 ἐτεθνήκει,
3016 2661 3073 2711 έν
3104 2658 3278 2728 χρόνῳ
3313 2656 3369 2709 δὲ
3392 2656 3481 2708 τὸν
3512 2653 3739 2706 θάνατον

2162 2758 2375 2829 ἀληθῶς
2395 2756 2732 2817 ύποδὲδεκτο,
2764 2752 2884 2806 τότε
2912 2751 2976 2821 δὴ
3005 2750 3127 2803 τότε
3146 2752 3173 2802 ὁ
3191 2750 3299 2802 τῶν
3329 2748 3579 2801 ἁπάντων
3607 2746 3739 2809 ζωοο

2162 2828 2314 2913 ποιος
2339 2849 2433 2903 τοῦ
2465 2847 2601 2901 Θεοῦ
2633 2847 2805 2914 Λόγος
2835 2843 2931 2913 τὴν
2960 2845 3137 2895 πᾶσαν
3166 2840 3470 2910 ἀνθρώποις
3511 2828 3743 2891 ἀποκειέ

2165 2945 2334 3015 μένην
2365 2941 2554 2995 ὲλπίδα
2578 2939 2665 2993 διὰ
2700 2940 2797 3007 τῆς
2829 2935 2921 2989 τοῦ
2951 2936 3069 2987 τότε
3098 2933 3291 3006 θνητοῦ
3321 2928 3737 3000 παλιγγενεσίας

2163 3036 2521 3088 ἐπεδείκνυτο.
2559 3031 2689 3103 [Καὶ
2723 3030 2830 3099 (55)
2865 3027 2956 3081 τοῦ
2985 3026 3233 3097 σώματος
3254 3025 3415 3079 αὑτοῦ
3447 3022 3739 3096 ληφθὼτος

2163 3127 2298 3199 πρὸς
2328 3125 2436 3178 τῶν
2468 3123 2761 3193 γνωρίμων
2792 3121 2886 3172 καὶ
2920 3122 2985 3191 τῇ
3020 3119 3371 3191 προσηκούσῃ
3407 3115 3735 3188 παραδοθένο

500 3212 613 3256 ιιιιιι
664 3202 851 3258 fuisset
882 3219 910 3256 a
958 3202 1350 3265 familiaribus,
1408 3204 1754 3273 honestaeque
1804 3206 2059 3259 traditum

2166 3235 2253 3282 τος
2288 3218 2452 3286 ταφῇ,
2488 3215 2726 3286 τριταῖος
2766 3206 2921 3273 αὖθις
2958 3210 3308 3281 ἀπελάμϐανε
3350 3210 3506 3263 τοῦτο
3555 3209 3736 3270 αὐτός.

499 3302 807 3361 sepultura',
850 3306 971 3361 post
1018 3293 1254 3348 triduum
1308 3295 1483 3350 denuo
1534 3296 1825 3365 resumpsit
1892 3296 2059 3361 illud;

497 3401 792 3456 rursusque
821 3400 985 3440 carne
1019 3394 1199 3440 semet
1226 3395 1277 3440 et
1318 3400 1547 3456 corpore
1586 3386 1849 3453 indutum,
1880 3386 2062 3456 cujus-

496 3502 637 3556 tuodi
693 3511 849 3556 antea
915 3501 1114 3565 fuerat,
1164 3499 1442 3569 discipulis
1471 3499 1855 3554 demonstravit
1891 3520 1903 3555 :
1937 3503 2059 3569 qui-

494 3589 717 3644 buscum
770 3590 1035 3657 tantisper
1087 3587 1488 3653 confabulans,
1558 3600 1717 3658 atque
1786 3590 2060 3661 aliquanto

496 3690 737 3749 tempore
782 3695 1039 3744 versans,
1084 3694 1206 3732 mox
1242 3679 1368 3733 illuc
1425 3680 1567 3734 unde
1618 3694 1839 3736 venerat
1893 3685 2059 3750 abiit;

495 3772 619 3827 cuali
680 3772 845 3835 viam,
891 3772 1265 3840 spectantibus
1315 3771 1459 3835 illis,
1507 3772 1873 3844 ingrediens]
1921 3774 2057 3841 Quid

494 3876 625 3933 ergo
666 3872 786 3931 post
830 3862 985 3917 lure?
1040 3860 1188 3915 Ilaud
1247 3862 1358 3931 jam
1406 3877 1504 3931 ego
1552 3869 1825 3932 gestarum
1882 3877 2058 3916 rerum

493 3962 744 4006 narrator
789 3951 880 4006 tibi
929 3954 1053 4014 sim,
1111 3960 1479 4003 verumtamen
1531 3949 1623 4016 qui
1666 3948 1761 4001 has
1789 3947 2058 4012 viderunt,

494 4044 548 4098 hi
580 4044 742 4098 totius
769 4042 964 4113 negotii
1005 4052 1171 4095 te5tes
1202 4039 1375 4094 idonei
1416 4040 1557 4104 sint;
1585 4040 1675 4107 qui
1710 4038 1971 4109 sanguine
1998 4054 2060 4092 ac

493 4136 617 4189 vita:
645 4134 990 4197 detrimento,
1019 4142 1262 4187 actorum
1298 4131 1607 4194 veritatem,
1639 4144 1798 4197 quam
1836 4144 2059 4199 aspexe-

492 4235 642 4291 rant,
672 4224 1168 4286 conflrmaVerunt;
1194 4230 1476 4290 totumque
1504 4220 1689 4274 orbem
1742 4235 1803 4274 ea
1833 4259 1848 4284 ,
1898 4234 2058 4289 quam

496 4318 592 4387 ipsi
620 4317 1008 4388 pradicabant,
1039 4315 1300 4382 religione
1345 4313 1733 4380 impleverunt.
1769 4310 1831 4363 Hi
1874 4312 2062 4380 utique

496 4411 967 4467 resurrectionem,
1000 4421 1160 4475 quam
1192 4404 1363 4458 oculis
1391 4412 1786 4471 spectaverant,
1820 4402 2063 4456 testimo-

494 4499 599 4551 niis
629 4499 742 4553 suis
769 4506 1090 4551 sanxerunt.
1148 4494 1331 4563 Neque
1375 4494 1519 4548 enim
1581 4493 1759 4548 verbis
1811 4508 1874 4547 ac
1931 4506 2062 4546 voce

2162 3313 2273 3368 Καὶ
2296 3310 2456 3364 πάλιν
2489 3307 2649 3369 αὐτὸς
2680 3305 2868 3358 ἑαυτὸν
2903 3304 3184 3373 ἕνσαρκον,
3230 3302 3471 3372 ἕνσωμον
3500 3299 3659 3353 αὐτὸν
3692 3300 3736 3350 ὲ-

2164 3408 2359 3465 κείνον,
2383 3397 2492 3463 οἷος
2520 3399 2613 3452 καὶ
2645 3398 2705 3451 τὸ
2732 3396 2949 3467 πρῶτον
2972 3391 3061 3466 ἦν,
3092 3399 3202 3459 τοῖς
3227 3396 3444 3457 οἰκείοις
3474 3393 3737 3464 μαθηταῖς

2162 3500 2432 3553 δείκνυσιν
2452 3512 2464 3524 '
2499 3489 2577 3556 οἷς
2605 3491 2698 3546 καὶ
2722 3491 2813 3542 ἐπὶ
2842 3490 3011 3561 βραχὺ
3042 3488 3324 3559 ὁμιλήσας,
3349 3487 3441 3539 καί
3468 3503 3588 3538 τινα
3613 3501 3733 3535 συνο

2162 3589 2442 3662 διατρίψας
2457 3586 2665 3657 χρόνον,
2684 3585 2885 3638 ἄνεισιν
2912 3581 3033 3634 ὄθεν
3064 3581 3154 3633 καὶ
3182 3579 3383 3649 παρῆν,
3417 3578 3508 3630 ὑπ’
3540 3574 3735 3645 ὀφθαλ-

2167 3686 2300 3756 μοὺς
2327 3681 2504 3735 αὐτῶν
2538 3678 2633 3749 τὴν
2675 3679 2753 3739 είς
2778 3676 3038 3745 οὐρανοὺς
3088 3672 3310 3742 πορείαν
3347 3665 3737 3739 στειλάμενος]

2163 3777 2275 3847 (δαί)
2309 3776 2372 3829 Τί
2408 3770 2499 3827 οὖν
2524 3773 2615 3824 ἐπὶ
2658 3768 2863 3830 τούτοις
2891 3766 3133 3833 γίνεται;
3162 3762 3355 3815 Οὐκέτι
3384 3759 3492 3828 ὲγώ
3522 3777 3603 3811 σοι
3643 3774 3731 3819 γε·

2161 3870 2353 3940 νοίμην
2387 3867 2451 3921 ἂν
2479 3866 2585 3919 τῶν
2620 3859 3021 3932 πεπραγμένων
3063 3854 3378 3917 διδάσκαλος
3401 3869 3414 3883 ⁸
3445 3854 3495 3905 οἱ
3529 3851 3586 3904 δὲ
3614 3848 3731 3902 τού-

2162 3976 2267 4012 των
2301 3959 2530 4012 ἐπόπται
2561 3950 2669 4007 εἷεν
2704 3953 2769 4005 ἂν
2800 3952 3017 4003 πάντων
3041 3948 3310 4019 ἀξιόχρεοι
3350 3946 3648 4016 μάρτυρες.
3685 3942 3731 3992 οἱ

2160 4050 2224 4103 δι’
2249 4051 2474 4119 αἵματος
2503 4048 2595 4100 καὶ
2618 4045 2797 4115 ψυχῆς
2834 4046 2898 4113 τῇ
2928 4042 3023 4112 θέᾳ
3060 4042 3167 4093 τῶν
3198 4037 3597 4109 πεπραγμένων
3638 4033 3731 4102 τὴν

2162 4143 2420 4214 ἀλήθειαν
2452 4139 2868 4207 πιστωσάμενοι,
2916 4135 3009 4186 καὶ
3036 4134 3135 4203 τὴν
3163 4130 3453 4200 σύμπασαν
3481 4126 3729 4197 οἰκουμέ-

2164 4252 2258 4304 νην
2292 4234 2389 4303 τῆς
2420 4232 2555 4303 πρὸς
2589 4229 2768 4284 αὐτῶν
2795 4224 3243 4298 κατηγγελμένης
3287 4220 3593 4282 θεοσεϐείας
3635 4233 3730 4270 κα-

2162 4327 2554 4396 ταπλήσαντες.
2590 4324 2652 4376 Οἳ
2678 4323 2733 4375 δὲ
2756 4321 2885 4389 γοῦν
2912 4320 3009 4391 τὴν
3031 4318 3213 4379 αὐτοῖς
3242 4314 3534 4383 ὀφθαλμοῖς
3563 4327 3727 4363 κατα-

2162 4419 2454 4490 ληφθεῖσαν
2513 4415 2926 4485 παλιγγενεσίαν
2978 4414 3096 4473 ταῖς
3155 4407 3361 4461 ἑαυτῶν
3416 4403 3730 4476 παρέδωκαν

2167 4512 2489 4585 μαρτυρίαις
2514 4529 2525 4541 ο
2555 4511 2654 4564 οὐκ
2691 4505 2758 4579 ἦν
2789 4506 2896 4576 γὰρ
2924 4506 3102 4566 αὐτοῖς
3130 4502 3267 4573 ,ἄχρι
3298 4498 3455 4567 λόγου
3493 4497 3585 4550 καὶ
3622 4514 3731 4564 φω-

494 4622 651 4665 tenus
678 4609 818 4664 facta
849 4609 935 4663 illa
972 4614 1356 4676 cognoverant,
1400 4618 1627 4674 quorum
1671 4613 1835 4658 testes
1886 4602 2055 4657 exsti-

2166 4608 2255 4677 νῆς
2286 4607 2591 4675 ἀκουόμενα
2630 4603 2700 4655 τά
2730 4600 3095 4672 πραττόμενα,
3140 4595 3252 4648 ἀλλ’
3287 4592 3385 4664 ἥδη
3431 4591 3523 4643 καὶ
3552 4588 3731 4659 ἔργοις

495 4712 695 4767 terunt,
723 4703 814 4758 sed
850 4716 1032 4755 coram
1060 4700 1185 4755 dum
1223 4698 1414 4753 ﬁerent
1446 4693 1794 4764 contemplati
1824 4692 2058 4755 fuerant,

494 4809 763 4864 manuque
802 4794 936 4847 adeo
967 4792 1272 4860 tetigerant.
1322 4788 1503 4854 Quare
1553 4794 1609 4839 et
1669 4783 1841 4838 oculis
1882 4791 1935 4835 et
1980 4781 2059 4837 rei

493 4885 726 4939 veritate
792 4881 1118 4937 evidentiam
1183 4878 1501 4941 consecuti,
1573 4874 1921 4940 victoriaeque
1992 4872 2058 4925 de

493 4985 666 5028 morte
717 4974 899 5028 relata-
955 4972 1172 5041 tropaeis
1232 4969 1398 5034 visis,
1448 4966 1643 5021 merito
1691 4969 2058 5030 contemptum

493 5065 683 5119 mortis
713 5063 1124 5119 condidicerunt
1158 5080 1171 5115 :
1202 5076 1365 5117 uuam
1398 5073 1508 5113 rem
1531 5057 1704 5127 ipsam
1739 5068 1864 5108 suos
1893 5052 2057 5107 disci-

563 5223 677 5295 (26)
714 5224 775 5295 ιξ
827 5224 866 5279 r.
906 5224 1011 5295 δοῖ
1049 5222 1105 5277 b.

562 5286 1111 5366 (277)_7Transtulerat
1155 5292 1280 5354 alio,
1319 5288 1629 5366 nempe_ad
1669 5287 1872 5343 codicis
1904 5286 2055 5366 pagi-

492 5356 613 5418 nam
633 5356 736 5420 307
766 5367 820 5428 b,
852 5364 953 5418 hoc
974 5364 1213 5431 quinque
1237 5356 1489 5431 versuum
1522 5358 1882 5431 fragmentum
1903 5356 2055 5431 Nice:

495 5445 572 5487 tas
608 5437 660 5489 in
693 5425 919 5497 eatena;
958 5425 1099 5502 quod
1125 5425 1306 5502 'nunc,
1337 5428 1475 5483 duce
1517 5425 1664 5483 textu
1696 5426 1938 5499 Syriaco,
1985 5425 2054 5479 ad

492 5506 778 5558 stationem
807 5500 1080 5573 propriam
1110 5500 1267 5573 redit.

562 5573 674 5641 (‘28)
704 5564 1128 5641 Ani'tna'CltriAsti
1176 5583 1373 5641 corpus
1399 5567 1833 5641 de_stituit_,‘uo_n
1880 5564 2053 5641 ipsum

493 5635 725 5695 Verbum
767 5656 861 5696 seu
892 5642 984 5694 Dei
1013 5639 1203 5693 virtus.
1247 5636 1607 5702 Quamobrem
1653 5637 1740 5691 hic
1784 5635 2054 5700 intellige,

491 5711 691 5763 Christi
728 5711 1158 5771 humanitatem,
1195 5709 1407 5761 nonnisi
1454 5706 1635 5763 Verbo
1685 5705 2054 5778 permittente,

492 5790 759 5832 lllOl‘lllalll
791 5793 931 5833 esse.

564 5848 674 5918 (τιν)
706 5852 771 5903 Δ.
814 5847 852 5899 ι’.
881 5847 1002 5902 510.
1042 5844 1161 5917 Syr.
1187 5862 1271 5914 ιιι,
1295 5846 1384 5901 6|.

2168 4699 2449 4770 ὲθεωρεῖτο
2479 4697 2570 4750 καὶ
2593 4692 2904 4766 ἐψηλαφᾶτό
2934 4707 2996 4759 γε
3026 4686 3266 4757 ἀκριϐῶς
3299 4685 3435 4757 πρὸς
3456 4684 3568 4736 τῶν
3602 4679 3730 4733 ταῦ-

2167 4811 2233 4846 τα
2259 4788 2756 4863 μεμαρτυρηκότων
2780 4805 2793 4818 ο
2822 4785 2902 4839 διὸ
2922 4785 2977 4837 δὲ
3004 4784 3095 4835 καὶ
3119 4779 3349 4848 αὐτοψίᾳ
3387 4776 3479 4829 καὶ
3507 4771 3731 4843 ἀληθείᾳ

2166 4886 2227 4938 τὸ
2255 4885 2479 4955 ἐναργὲς
2516 4880 2917 4951 κατειληφότες,
2950 4876 3044 4930 καὶ
3081 4874 3181 4943 τῆς
3207 4870 3349 4925 κατά
3375 4868 3470 4923 τοῦ
3500 4866 3728 4919 θανάτου

2169 4980 2320 5049 νίκης
2344 4978 2411 5030 τὰ
2453 4977 2686 5046 τρόπαια
2718 4969 3050 5040 τεθεαμένοι,
3092 4967 3313 5025 εἰκότως
3346 4961 3544 5034 ἔμαθον
3575 4973 3728 5011 κατα·

2167 5072 2382 5140 φρονεῖν
2405 5068 2497 5123 τοῦ
2534 5068 2762 5122 θανάτου
2782 5081 2795 5094 ·
2842 5063 3004 5117 ταύτὸ
3031 5061 3085 5114 δὲ
3134 5061 3224 5113 καὶ
3259 5058 3383 5119 τοὺς
3414 5054 3590 5108 αὐτῶν
3617 5068 3726 5121 φοι-

2236 5209 2712 5284 (50)Αιιαηοιιιιιίιιο
2740 5204 3179 5284 (ξτςοοιιξ-ςοᾶεξ.
3226 5200 3396 5284 Syrus
3429 5191 3723 5284 paulu-uali-

2160 5265 2405 5352 tcrleéit
2436 5280 2580 5352 illud
2597 5276 2912 5352 παραδόξῳ.
2950 5274 3085 5328 lltnc
3114 5265 3333 5341 Anglice
3364 5284 3396 5321 a
3425 5265 3651 5319 wonder.

2233 5349 2708 5423 (31)'A.f.5H.__
2785 5416 2795 5423 _
2854 5417 2866 5423 _
3077 5412 3089 5423 _
3237 5409 3248 5423 _
3348 5404 3594 5423 ΕΜΔ-ιε

2229 5409 2347 5491 (52')
2367 5415 2822 5491 Syrusiutellexit
2854 5417 2957 5491 hoc
2978 5412 3200 5491 verbum
3219 5409 3284 5461 de
3309 5409 3716 5491 resurrectione.

2160 5470 2732 5561 Pb‘ildl'oéi—judicent.
2777 5484 2884 5561 Sed
2932 5492 3106 5561 certe.
3128 5479 3475 5561 ,Ιυτιιπνιικι
3499 5470 3716 5561 53,3?»

2161 5543 2421 5615 ῐήῆιέωέ
2446 5543 2514 5613 de
2547 5573 2642 5609 sua
2676 5563 2848 5609 morte
2872 5556 2923 5607 iu
2960 5552 3142 5622 crucis,
3165 5546 3427 5617 supplicio
3462 5543 3718 5622 loquens,

2163 5630 2461 5687 boeoverbo
2489 5622 3045 5695 Wﬁaﬂat,;exaltari,
3074 5621 3266 5695 utitur.
3399 5683 3431 5695 __
3619 5621 3622 5622 '
3674 5678 3682 5695 :

2235 5683 2702 5769 (ὅόᾖίουωῖιιιοὶε
2743 5683 2957 5756 claudo,
2994 5683 3056 5746 ea
3100 5690 3293 5744 absunt
3329 5701 3359 5740 a
3399 5683 3557 5755 Syro,
3598 5683 3714 5748 quia

2164 5766 2395 5833 fortasse
2420 5767 2633 5821 aliunde
2656 5766 3031 5833 obrepscrunt.

2142 5828 2147 5905 Ἴ.
2220 5830 2348 5912 ’βυ
2386 5838 2506 5910 Syr.
2545 5852 2629 5903 ιιι,
2657 5835 2744 5889 62.
