4008 6512
300 411 395 467 Gil

1679 409 1768 465 DE
1807 411 2274 469 TIIEOPHANIA.

3459 403 3569 473 613

297 527 466 600 τητάς
493 528 786 592 ἐδίδασκον,
811 527 906 597 τῆς
931 527 1197 585 ἀθανάτου
1225 529 1370 600 ζωῆς
1409 528 1558 583 παρὰ
1586 529 1676 584 τοῦ
1705 531 1877 601 Σωτῆ-

1992 533 2146 602 pnlos
2169 534 2527 596 edocuerunt,
2562 533 2996 605 quandoqiiidem
3035 532 3356 589 immortalis
3384 533 3504 589 vita:
3529 551 3564 588 ιι

304 639 392 690 ρος
413 621 698 694 εἰληφότες
717 622 786 675 τά
813 621 1072 691 ἐχέγγυα.

1055 713 1126 769 Δ’.

369 802 483 882 (55)
521 800 792 876 Ἑπίδοξος
824 804 893 880 ἦν
931 826 1013 872 τις
1053 807 1192 878 ἀνὴρ
1231 803 1337 856 τῶν
1371 803 1428 854 ἐν
1465 800 1792 887 στρατείαις,
1819 801 1882 853 ὰ·
1966 869 1968 871 γ

301 902 569 975 ξιώματος
600 904 693 957 καὶ
726 902 900 974 ἀρχῆς
936 899 1251 971 Ῥωμαῖκῆς
1289 893 1689 965 ἐπειλημμένος
1732 895 1843 964 (56)
1865 910 1878 924 °

302 998 487 1068 ἐπειδὴ
526 998 584 1050 δέ
621 997 649 1049 ὁ
674 995 858 1058 δοῦλος
895 992 1063 1048 αὐτοῦ
1095 992 1320 1062 γνήσιος
1362 987 1597 1058 πάρετος
1635 984 1703 1044 τά
1746 985 1880 1057 μέλη

298 1091 434 1145 οἴκοι
460 1090 708 1163 βέϐλητο,
741 1087 966 1142 συνιδὼν
986 1085 1102 1149 οὲας
1129 1085 1158 1137 ὁ
1197 1081 1388 1152 Σωτὴρ
1413 1081 1492 1143 είς
1517 1077 1736 1148 ἐτέρους
1765 1079 1884 1130 ἐπε-

295 1183 538 1238 δείκνυτο
563 1183 840 1252 δυνάμεις,
866 1179 1094 1250 ἰώμενος
1113 1176 1236 1237 τοὺς
1265 1173 1590 1243 κάμνοντας,
1619 1168 1798 1225 πᾶσάν
1822 1187 1880 1222 τε

297 1275 450 1329 νόσον
479 1275 573 1329 καὶ
603 1275 780 1328 πᾶσαν
813 1271 1083 1344 μαλακίαν
1111 1266 1432 1337 ἀκούμενος,
1483 1261 1729 1334 λογισμῷ
1758 1263 1879 1334 κρί-

297 1382 392 1433 νας
434 1367 510 1440 μὴ
539 1367 658 1422 κατ’
694 1366 978 1437 ἄνθρωπον
1009 1359 1149 1417 εἶναι
1179 1351 1246 1413 τὸ.
1264 1358 1470 1429 θαῦμα,
1502 1356 1784 1428 πρόσεισιν
1805 1356 1881 1420 ὼς

297 1461 434 1532 Θεῷ,
461 1462 561 1514 οὐκ
584 1461 661 1523 είς
699 1459 758 1511 τὸ
787 1456 1108 1527 φαινόμενον
1139 1450 1232 1504 τοῦ
1271 1449 1521 1519 σώματος
1557 1444 1763 1504 ἀπιδὼν
1790 1445 1882 1517 ὅρ-

297 1565 480 1621 γανον,
504 1555 571 1608 δι’
601 1548 662 1606 (ὦ
691 1552 790 1615 τὰς
828 1549 1046 1621 ὁμιλίας
1082 1542 1390 1616 ἀνθρώποις
1421 1542 1674 1602 ἐποιεῖτο,
1717 1539 1797 1602 είς
1823 1537 1880 1590 δέ

295 1649 384 1702 τὸν
415 1647 597 1718 ἀφανῆ
625 1645 759 1699 Θεὸν
790 1645 882 1697 τὸν
920 1642 1008 1696 διὰ
1042 1638 1136 1692 τοῦ
1168 1633 1363 1708 θνητοῦ
1401 1633 1499 1696 τὰς
1528 1631 1733 1694 οἰκείας
1755 1631 1881 1702 ἀρε-

295 1739 389 1803 τάς
426 1737 808 1808 ὑποφαίνοντα.
841 1735 930 1788 Διὸ
961 1733 1127 1787 ἐδεῖτο
1153 1731 1246 1786 καὶ
1289 1727 1450 1789 αὐτὸ,
1492 1725 1584 1782 ἐπὶ
1607 1724 1686 1794 τῷ
1730 1722 1880 1777 παῶὶ

1991 625 2283 682 Servatore
2309 626 2630 682 documenta
2663 637 2810 682 certa
2837 638 3209 697 perceperant.

2725 718 2814 774 IV.

2056 804 2264 862 Nobilis
2316 807 2538 876 quidam
2592 808 2673 862 vir
2728 819 2846 863 erat
2905 811 2959 864 in
3021 811 3268 865 Romano
3320 810 3561 870 exercitu

1986 897 2232 953 ordinem
2258 897 2461 953 ducens
2483 907 2540 953 et
2571 899 2884 968 dignitatem
2935 902 3195 970 adeptus;
3244 900 3400 969 cujus
3435 915 3558 955 eum

1986 987 2214 1043 dilectus
2267 977 2500 1045 famulus
2559 992 2790 1061 paralysi
2845 991 3095 1048 laborans
3145 993 3290 1049 domi
3329 991 3558 1062 iaceret.

1986 1079 2232 1133 conscius
2261 1080 2420 1134 simul
2449 1081 2626 1151 qualia
2666 1082 2919 1136 Servatur
2968 1098 3092 1154 erga
3134 1084 3268 1138 alios
3306 1099 3562 1154 exproma-

1986 1169 2182 1237 psisset
2213 1170 2478 1240 prodigia,
2529 1182 2764 1240 a-grotos
2815 1187 3036 1238 sanans,
3059 1188 3382 1242 omnemque
3413 1181 3559 1228 mor-

1986 1260 2111 1314 bum
2145 1276 2211 1316 ac
2243 1250 2554 1332 languorem
2581 1251 2882 1333 depcllens,
2915 1267 3096 1320 mente
3126 1270 3383 1334 reputans
3415 1265 3560 1317 haud

1983 1366 2103 1408 esse
2133 1349 2426 1411 humanmn
2449 1356 2499 1408 id
2529 1371 2699 1426 genus
2739 1357 3124 1411 miraculorum
3151 1395 3166 1416 ,
3205 1354 3417 1412 accedit
3449 1365 3558 1408 tan-

1983 1459 2146 1514 quam
2208 1446 2272 1500 ad
2327 1443 2529 1508 Deum,
2581 1446 2724 1501 haud
2771 1456 3022 1517 spectans
3055 1445 3266 1500 visibile
3313 1434 3560 1514 corporis

1983 1552 2284 1606 organum,
2313 1553 2420 1607 quo
2464 1553 2586 1592 eum
2647 1538 2955 1595 hominibus
2992 1552 3272 1594 sermones
3319 1537 3560 1595 serebat.

1981 1631 2078 1682 sed
2106 1627 2432 1682 invisibilem
2474 1627 2654 1697 potius
2706 1628 2873 1681 Deum
2908 1627 2997 1696 qui
3051 1626 3263 1680 mortali
3297 1626 3350 1680 in
3380 1623 3562 1694 Specie

1980 1719 2253 1788 propriam
2288 1720 2540 1777 virtutem
2568 1719 2989 1773 demonstrabat.
3016 1717 3376 1785 Quamobrem
3404 1724 3562 1786 roga-

295 1833 391 1902 τῆς
417 1831 607 1900 θεῖκῆς
638 1827 957 1900 εὐεργεσίας
997 1827 1176 1894 τυχεῖν
1205 1823 1339 1892 (5'1).
1375 1819 1485 1873 Καὶ
1528 1820 1575 1871 οἱ
1614 1818 1712 1888 μὲν
1747 1834 1877 1889 πρε-

1985 1811 2075 1866 bat
2105 1821 2161 1868 et
2211 1813 2324 1881 ipse
2373 1821 2432 1866 ut
2479 1825 2646 1880 puero
2698 1826 2796 1865 suo
2848 1808 3085 1866 divinam
3144 1808 3561 1864 beneﬁcentiam

296 1925 548 1997 σὸὐτεροι
586 1923 696 1976 τῶν
740 1920 1004 1975 Ἰουδαίων
1041 1915 1250 1989 μικρῶν
1279 1914 1441 1966 ἕνεκα
1466 1912 1566 1982 τὴν
1604 1910 1762 1981 χάριν
1798 1912 1880 1962 αἰ-

293 2019 467 2082 τοῦσι,
506 2017 614 2070 τῶν
647 2017 726 2080 είς
759 2015 859 2085 τὴν
898 2008 1218 2079 συναγωγὴν
1255 2004 1557 2076 γενομένων
1592 2001 1880 2073 ἀναλωμά-

293 2117 400 2166 των
423 2129 437 2142 ⁸
465 2114 493 2165 ό
518 2111 575 2164 δέ
607 2109 810 2181 Κύριος
844 2105 944 2159 οὐκ
967 2105 1060 2157 ἐπὶ
1094 2101 1266 2171 τούτῳ
1289 2099 1500 2151 δίδωσιν
1527 2095 1742 2158 ἐαυτὸν,
1763 2095 1876 2146 ἀλλ’

295 2207 386 2258 ἐπὶ
430 2203 510 2276 τῷ
548 2202 682 2257 παλύ
715 2199 939 2272 μείζονι,
985 2197 1166 2250 πίστιν
1197 2186 1632 2261 κατεργάσασθαι
1657 2187 1744 2242 διά
1781 2188 1878 2257 τῆς

291 2299 576 2369 δυνάμεως
636 2296 715 2359 εἰς
760 2294 968 2354 πάντας
1017 2285 1337 2359 ἀνθρώπους
1389 2279 1739 2352 βουλόμενοςο
1786 2277 1879 2331 καὶ

293 2391 622 2463 χαρίσασθαι
665 2389 765 2461 μὲν
797 2386 876 2458 τῷ
922 2383 1296 2452 ἑκατοντάρχῃ
1327 2374 1647 2446 ἐπιτηδείως
1683 2374 1876 2444 ἔχοντι,

293 2481 712 2556 καθηγήσασθαι
737 2482 794 2535 δέ
822 2479 916 2534 καὶ
938 2480 1050 2540 τοῖς
1078 2475 1256 2537 ἄλλοις
1281 2471 1370 2525 διά
1392 2468 1583 2523 τούτου
1613 2467 1747 2538 πρὸς
1781 2466 1878 2537 τὴν

296 2579 501 2632 πίστιν.
535 2576 645 2630 Καὶ
677 2570 1008 2644 οὐδήπουθεν
1029 2570 1214 2638 ἀγνοεῖ
1235 2565 1296 2618 τὸ
1331 2563 1544 2635 μέλλον,
1571 2562 1653 2614 ὅτι
1698 2559 1880 2630 μέλλει

295 2671 595 2741 πυθόμενος
617 2669 645 2721 ὁ
665 2666 1057 2735 ἑκατόνταρχος
1082 2657 1469 2730 ἐφικνούμενοι
1485 2656 1564 2716 εἰς
1586 2651 1684 2724 τὴν
1703 2651 1879 2704 οἰκίαν

259 2825 272 2842 ⁸
292 2762 676 2836 παραιτεῖσθαι
696 2777 708 2789 °
735 2759 852 2812 ἀλλ’
873 2755 1028 2819 εἰδὼς
1050 2754 1148 2824 τὴν
1182 2750 1479 2823 μέλλουσαν
1508 2745 1567 2812 ἐξ
1595 2743 1878 2806 εὐλαϐείας

291 2855 645 2930 παραίτησιν,
685 2851 923 2906 ἐπινεύει
946 2851 1010 2920 τῇ
1047 2847 1209 2916 πιστῆ
1243 2841 1484 2906 ἀξιώσει,
1525 2836 1762 2908 ἑκατέρᾳ
1791 2852 1878 2888 κι-

289 2929 442 3020 νήσει
480 2947 575 3002 τοῦ
619 2945 908 3018 ἀνθρώπου
940 2942 1001 2995 τὸ
1047 2942 1244 2994 οἰκεῖον
1286 2931 1647 3006 ἐφαρμόζωψ
1680 2932 1745 3000 τῇ
1780 2929 1878 3000 μὲν

289 3041 515 3107 ἀξιώσει
552 3039 652 3110 τὴν
693 3035 1024 3106 ἐπαγγελίαν
1065 3033 1158 3086 καὶ
1187 3031 1286 3102 τὴν
1319 3025 1695 3097 ἀκολούθησιν,
1729 3025 1794 3094 τῇ
1820 3021 1877 3074 δὲ

292 3134 621 3206 παραιτήσει
644 3131 741 3203 τὴν
773 3129 1023 3199 δύναμιν,
1057 3125 1134 3188 ὡς
1164 3123 1259 3177 καὶ
1306 3121 1381 3194 μὴ
1434 3115 1877 3190 παραγενόμενος

295 3226 546 3280 ἰάσασθαι
565 3233 580 3255 "
612 3224 752 3278 ὥστε
771 3223 869 3292 οὐχ
905 3221 990 3274 ἵνα
1013 3218 1111 3290 τὴν
1130 3213 1325 3271 ἑαυτοῦ
1345 3212 1652 3284 πρόγνωσιν
1673 3208 1877 3263 ἐπιδεί-

291 3318 380 3390 ξῃ,
413 3318 512 3389 τὴν
539 3317 747 3371 ἐκείνου
773 3313 995 3377 δικαίως
1027 3311 1094 3365 ἂν
1129 3308 1455 3364 διεκώλυσεν
1491 3305 1690 3376 ἀρετήν
1714 3319 1728 3334 ·
1763 3300 1876 3356 ἀλλ’

292 3409 512 3479 ἀτύφως
535 3408 678 3463 κατά
690 3409 780 3462 τὸν
801 3404 1138 3477 ἀνθρώπινον
1157 3401 1377 3472 τρόπον,
1401 3398 1477 3462 ὼς
1505 3397 1568 3469 δὴ
1593 3393 1802 3479 ἀγνοῶν
1818 3394 1878 3447 τὸ

294 3477 510 3573 μέλλον,
551 3498 857 3559 ἀκολουθεῖ.
897 3498 984 3551 ἵνα
1013 3494 1196 3566 χώραν
1229 3493 1328 3564 τῆς
1352 3488 1612 3552 εὐλαδοῦς
1649 3477 1878 3559 ἀποκρί-

295 3595 432 3661 πῶς
475 3613 535 3648 τε
580 3595 675 3648 καὶ
712 3591 1022 3665 προθέσεως
1057 3589 1252 3658 ἐκείνῳ
1293 3584 1604 3648 καταλίποι,
1653 3582 1746 3636 καὶ
1779 3579 1877 3651 τὴν

293 3689 578 3762 πόρρωθεν
608 3689 748 3741 ῖασιν
770 3683 1008 3740 αἰτοῦντι
1037 3681 1326 3754 παράσχοι.

362 3865 602 3921 Τοιαῦτα
639 3865 734 3919 τοῦ
771 3865 949 3937 πράου
987 3861 1238 3932 Σωτῆρος
1273 3860 1349 3922 ὡς
1379 3858 1474 3912 καὶ
1519 3855 1626 3928 πρὸ
1656 3858 1754 3926 τῆς
1785 3871 1876 3908 τε-

295 3959 521 4031 ραστίας
554 3958 836 4028 δυνάμεως
871 3955 943 4008 τά
985 3953 1264 4024 θαυμάσια
1285 3969 1298 3982 ο
1347 3949 1648 4020 θαυμάσιος
1679 3945 1786 4016 γὰρ
1818 3947 1876 3998 ἐν

293 4049 502 4112 τούτοις
531 4048 631 4100 οὐκ
655 4046 874 4100 ἔλαττον
900 4043 935 4114 ἦ
967 4045 1026 4096 ἐν
1049 4041 1128 4113 τῷ
1163 4040 1263 4112 τὴν
1289 4039 1444 4092 νόσον
1471 4035 1747 4097 ἰάσασθαι,
1783 4033 1877 4086 καὶ

294 4141 383 4194 τὸν
408 4139 642 4193 θάνατον
664 4136 992 4205 ἀποστῆσαι.
1030 4131 1140 4205 (38)
1172 4130 1305 4185 Μεθ’
1337 4130 1469 4200 ὅσης
1503 4127 1600 4198 μὲν
1631 4123 1876 4189 ἐξουσίας

291 4232 325 4300 ἠ
357 4227 456 4282 τοῦ
487 4228 736 4297 Σωτῆρος
780 4223 1205 4296 προσενήνεκται
1237 4216 1410 4288 φωνὴ,
1439 4214 1644 4284 ὁπόσης
1685 4230 1746 4266 τε
1779 4228 1877 4264 πε-

294 4319 549 4390 πλήρωτο
591 4314 906 4386 δυνάμεωςῑ
957 4313 1079 4366 ὅσον
1130 4327 1191 4363 τε
1235 4309 1296 4362 τὸ
1347 4304 1730 4376 φιλάνθρωπον
1781 4301 1876 4354 καὶ⁴

294 4408 586 4480 πρόχειρον
613 4407 694 4469 εἰς
720 4401 1070 4476 εὐεργεσίαν,
1106 4400 1180 4464 ὼς
1213 4398 1272 4464 ἐξ
1297 4396 1514 4466 ἑτοίμου
1544 4391 1873 4461 ἐπαγγείλα-

296 4499 419 4556 σθαι
445 4498 544 4569 τὴν
566 4494 729 4551 αὐτοῦ
760 4493 1090 4565 παρουσίανί
1123 4486 1247 4546 Οἷον
1272 4487 1329 4542 δὲ
1360 4486 1454 4541 καὶ
1477 4485 1538 4539 τὸ
1565 4483 1752 4555 θαῦμα
1773 4483 1873 4552 τῆς

1986 1906 2320 1976 impetraret.
2364 1904 2756 1961 EtJndteorum
2795 1906 3011 1974 quidem
3049 1891 3316 1966 seniores,
3351 1899 3454 1954 leVi
3491 1899 3561 1954 de

1967 2014 2144 2061 _causa
2177 1999 2500 2053 beneficium
2532 1998 2585 2052 id
2615 1999 2990 2067 postulabant,
3038 2010 3230 2064 nempe
3266 1994 3394 2062 quia
3433 2007 3558 2047 cen-

1982 2090 2449 2160 turio.impcnsas
2495 2105 2622 2161 erga
2672 2091 2912 2158 ipsorum
2944 2102 3270 2160 synagogam
3303 2078 3554 2145 iecisset;

1983 2183 2241 2238 Dominus
2273 2193 2451 2238 autem
2486 2182 2626 2236 haud
2657 2182 2706 2236 ei
2746 2183 2821 2236 rei
2847 2196 3035 2237 curam
3083 2179 3415 2242 intendebat,
3460 2175 3557 2230 sed

1982 2274 2151 2329 multo
2197 2274 2422 2340 majori,
2461 2290 2655 2344 nempe
2696 2285 2756 2328 ut
2797 2276 2954 2328 tidem
2983 2273 3234 2343 potentiae
3276 2284 3387 2324 suae
3418 2269 3557 2336 apud

1961 2376 2203 2430 _cunctos
2243 2367 2492 2422 lminines
2546 2377 2837 2423 astrueret.
2886 2369 3016 2421 Dum
3053 2365 3198 2420 enim
3248 2361 3553 2420 centurioni

1979 2459 2121 2514 bona
2187 2468 2369 2513 mente
2427 2458 2652 2527 praedito
2701 2457 2936 2520 favebat.
2991 2457 3205 2510 czeteris
3262 2452 3424 2509 simul
3488 2453 3556 2505 ad

1981 2550 2382 2619 suscipiendam
2421 2551 2582 2606 ﬁdem
2614 2550 2721 2606 dux-
2758 2551 2940 2604 ﬁebat.
2967 2537 3154 2617 Neque
3181 2562 3311 2603 sane
3337 2547 3556 2618 ignora-

1979 2641 2072 2696 bat
2115 2642 2229 2696 fore
2274 2651 2332 2697 ut
2369 2642 2619 2697 centurio
2663 2657 2943 2696 accessum
2977 2639 3092 2707 ejus
3126 2639 3192 2694 ad
3250 2653 3374 2694 suas
3412 2637 3557 2691 mdes

1981 2733 2388 2800 deprecaretur,
2424 2732 2523 2786 sed
2557 2740 2759 2796 tamen,
2791 2731 2970 2786 sciens
3001 2730 3122 2784 licet
3173 2728 3406 2782 futuram
3437 2717 3558 2797 ejus

1979 2823 2286 2894 religiosam
2309 2821 2774 2894 deprecationem,
2805 2822 3052 2891 ingenua:
3079 2821 3322 2890 petitioni
3343 2819 3553 2880 annuit,

1979 2916 2198 2985 utrique
2231 2913 2468 2972 hominis
2495 2922 2621 2967 voto
2656 2928 2809 2969 suam
2841 2913 3266 2968 accommodans
3305 2910 3559 2966 volunta-

1980 3018 2123 3072 tem;
2155 3005 2405 3075 petitioni
2449 3006 2667 3075 quidem
2710 3003 3123 3074 promissionem
3174 3011 3228 3058 et
3264 3001 3556 3072 protectio-

1979 3115 2133 3166 nem;
2172 3099 2542 3169 deprecationi
2573 3107 2780 3164 autem,
2810 3097 3101 3166 quominus
3129 3096 3232 3150 iret
3254 3135 3270 3157 ,
3302 3095 3557 3166 potentiae

1979 3195 2087 3248 vim
2131 3209 2236 3264 qua
2271 3196 2390 3248 sine
2437 3192 2726 3263 praesentia
2769 3191 3094 3247 medicinam
3158 3177 3305 3246 fecit.
3367 3189 3557 3259 Neque

1977 3287 2146 3351 enim,
2189 3294 2248 3341 ut
2283 3301 2434 3342 suam
2461 3285 2838 3356 prmvisiouem
2872 3286 3205 3348 ostenderet,
3236 3284 3377 3339 illius
3409 3287 3556 3338 recte

1977 3378 2231 3434 virtutem
2258 3377 2657 3448 impedivisset;
2685 3376 2776 3432 sed
2801 3376 2920 3434 sine
2936 3369 3100 3440 fastu,
3128 3378 3361 3430 humano
3382 3391 3551 3435 more.

1975 3470 2128 3540 quasi
2165 3484 2276 3524 rem
2308 3469 2542 3524 futuram
2573 3469 2854 3537 ignorans,
2895 3469 3231 3536 sequebatur
3267 3467 3550 3522 centurio-

1978 3577 2126 3626 nem,
2152 3572 2210 3617 ut
2239 3561 2420 3617 locum
2441 3561 2542 3630 pia:
2571 3560 2712 3617 illius
2736 3558 3071 3630 responsioni
3107 3573 3169 3613 ac
3198 3558 3552 3627 propositioni

1979 3653 2354 3723 relinqueret,
2399 3661 2454 3708 et
2486 3653 2854 3709 valetudinem
2900 3653 3115 3708 eminus
3147 3653 3310 3706 etiam
3343 3650 3551 3719 petenti

1975 3745 2260 3814 praeberet.

2047 3834 2111 3891 lli
2142 3845 2271 3892 sunt
2306 3836 2574 3896 mansueti
2606 3834 2938 3899 Servatoris,
2964 3835 3136 3904 magis
3187 3836 3353 3889 etiam
3383 3850 3549 3902 quam

1976 3928 2343 4000 prodigiorum
2375 3929 2638 3998 potentia,
2663 3927 2966 3984 admirandi
2996 3937 3167 3982 actus.
3200 3925 3364 3982 Planc
3393 3926 3444 3979 in
3470 3927 3554 3998 his

1975 4023 2117 4078 haud
2167 4023 2347 4079 minus
2397 4021 2498 4074 fuit
2544 4019 2843 4083 mirabilis,
2900 4033 3061 4090 quam
3121 4033 3243 4072 cum
3303 4017 3549 4070 morbum

1975 4114 2178 4180 depulit
2227 4122 2566 4180 mortemque
2616 4109 2914 4180 prohibuit.
2966 4108 3179 4174 Quanta
3232 4118 3381 4162 certe
3427 4121 3549 4161 cum

1977 4215 2242 4277 potestate
2269 4201 2578 4259 Servatoris
2607 4215 2710 4256 vox
2741 4200 2961 4272 prodiit,
2991 4211 3303 4270 quantaque
3338 4199 3387 4252 vi
3412 4215 3552 4269 prae-

1977 4296 2122 4351 dita!
2175 4302 2383 4366 quanta
2417 4294 2632 4346 domum
2687 4291 2997 4361 benignitas
3031 4300 3196 4358 atque
3224 4291 3292 4345 ad
3323 4288 3546 4346 benefa~

1979 4385 2230 4441 ciendum
2255 4382 2598 4454 proclivitas,
2646 4396 2768 4438 cum
2796 4396 2856 4437 se
2882 4381 3290 4451 paratissimum
3321 4381 3387 4434 ad
3418 4395 3548 4452 pro-

1977 4479 2324 4535 ﬁciscendum
2378 4471 2703 4538 nuntiavit!
2765 4473 3020 4531 Profecto
3087 4471 3333 4528 beneﬁcii
3390 4471 3553 4542 hujus

293 4555 634 4663 εὐεργεσίας,
661 4589 770 4643 οὐδ’
798 4555 944 4642 ἔστιν
976 4583 1212 4650 ἐπαξίως
1238 4580 1449 4650 νοῆσαι.
1479 4578 1553 4630 Tb
1573 4575 1682 4645 γάρ
1712 4574 1868 4645 μόνον

1981 4558 2448 4624 admirabilitatem
2475 4579 2638 4620 nemo
2669 4564 2828 4634 digne
2852 4555 3161 4618 aestimabit.
3194 4559 3328 4616 Nam
3362 4563 3546 4617 dicere

295 4681 660 4752 φθέγξασθαι,
696 4680 790 4734 καὶ
824 4679 938 4748 ἅμα
969 4676 1112 4745 λόγῳ
1154 4673 1253 4743 τὴν
1287 4671 1434 4725 ἴασιν
1477 4667 1560 4738 τῷ
1605 4667 1698 4721 τοῦ
1737 4668 1869 4720 ἐκα-

293 4767 588 4840 τοντάρχου
632 4766 781 4825 παιδὶ
815 4765 1116 4836 παρασχεῖν
1137 4801 1151 4823 ,
1204 4760 1296 4814 καὶ
1330 4756 1636 4821 ἀπαλλάξαι
1691 4772 1866 4826 παρα-

291 4861 478 4930 χρῆμα
507 4857 602 4910 τοῦ
649 4857 826 4912 νοσεῖν
858 4855 948 4908 τὸν
976 4851 1128 4922 παρά
1173 4849 1344 4920 βραχύ
1380 4845 1460 4916 τῷ
1500 4845 1713 4915 θανάτῳ
1740 4860 1872 4898 κατ.

296 4950 586 5021 ισχημένον
609 4989 625 5012 ,
675 4947 793 5014 πῶς
823 4947 886 5005 οὐ
917 4945 1049 4999 Θεὸν
1081 4941 1295 5013 ἀληθῶς
1323 4939 1412 4992 διὰ
1453 4937 1654 5008 Θνητῆς
1685 4938 1868 5007 φωνῆς

292 5042 665 5112 φθεγξάμενον
694 5040 933 5112 παρίστη
959 5033 1101 5107 (39);
1133 5034 1206 5088 Οὐ
1247 5032 1499 5102 πάρεστι,
1526 5028 1710 5091 καὶώς
1731 5044 1873 5098 παρ-

291 5136 366 5189 ὼν
423 5137 667 5206 ἐνεργεῖ·
723 5132 898 5198 λόγων
927 5130 1036 5199 γὰρ
1087 5123 1223 5180 Θεοῦ
1269 5125 1364 5177 καί
1412 5121 1590 5192 ἔργων
1626 5120 1776 5173 οὐδὲν
1807 5121 1870 5173 τὸ

294 5227 519 5299 μεταξύ.
555 5227 665 5279 Καὶ
692 5225 754 5277 οὐ
787 5223 945 5298 μέχρι
968 5221 1140 5289 λόγων
1170 5220 1359 5288 γέγονε
1381 5215 1460 5288 τῷ
1486 5213 1869 5282 ἐκατοντάρχίῳ

289 5324 318 5374 ὁ
345 5320 586 5382 ἔπαινος,
607 5317 744 5370 ἀλλά
775 5315 868 5374 καὶ
897 5314 988 5367 τὸν
1015 5311 1274 5366 νοσοῦντα
1307 5310 1436 5379 ὑγιῆ
1467 5307 1746 5363 ἀπέδωκεν
1777 5306 1870 5361 ἐπὶ

289 5413 394 5482 τῆς
414 5411 682 5473 πίστεως,
714 5409 808 5462 καὶ
839 5405 1090 5478 λαμπρὸν
1128 5402 1276 5473 αὐτῴ
1309 5401 1498 5454 πλέκει
1536 5399 1626 5452 τὸν
1671 5397 1869 5466 στέφα-

383 5567 477 5634 55)
508 5564 640 5622 Cod.
661 5564 725 5619 L.
765 5561 803 5616 f.
835 5563 889 5616 ι.
919 5557 1127 5634 ιλλεγτ.
1150 5559 1249 5634 _lib.
1287 5572 1362 5621 tv,
1395 5555 1452 5608 ει.

501 5634 829 5706 Vocabulum
852 5621 1255 5706 ἐπειλημμένος
1276 5625 1546 5706 quomodo
1566 5621 1862 5706 explicetur

286 5697 518 5775 “sim
540 5705 910 5775 Anglicetwa,
1017 5697 1210 5775 astate
1236 5697 1297 5775 qi
1313 5711 1582 5775 suspense.
1599 5709 1703 5775 non
1729 5697 1864 5775 satis

289 5764 568 5845 inteliigo;
615 5764 716 5828 nisi
771 5773 912 5845 forte
946 5772 1118 5840 Syrus
1156 5764 1290 5845 _Iegit
1324 5764 1751 5835 ἀπειλημμένος,
1814 5769 1868 5814 et

289 5839 507 5908 cuidem
540 5839 804 5901 translata
842 5839 1298 5907 interpnnuione.

1240 5993 1264 6026 Φ

1977 4659 2374 4726 tantummodo,
2406 4667 2463 4713 et
2487 4673 2594 4716 una
2625 4673 2746 4712 eum
2796 4657 2966 4711 verbo
3014 4655 3306 4710 sanitatem
3353 4665 3546 4711 centu-

1974 4753 2145 4808 rionis
2196 4766 2368 4822 puero
2410 4750 2622 4819 largiri,
2673 4765 2738 4802 ac
2786 4759 3009 4818 repente
3056 4748 3245 4803 morbo
3291 4748 3550 4816 expedire

1970 4861 2094 4902 eum
2120 4844 2213 4916 qui
2247 4843 2300 4897 in
2339 4842 2532 4901 mortis
2585 4841 2773 4899 limine
2809 4841 3152 4904 versabatur,
3189 4840 3376 4909 quidni
3420 4855 3544 4893 vere

1973 4937 2140 4992 Deum
2175 4937 2412 4991 humana
2458 4947 2590 4990 voce
2647 4933 2954 5002 loquentem
3003 4932 3343 4989 demonstrat
3375 4931 3398 4983 *ἲ
3431 4927 3549 4984 Non

1973 5028 2151 5092 adest,
2193 5035 2249 5082 et
2291 5024 2456 5081 veluti
2506 5040 2746 5094 prmsens
2800 5032 3096 5094 operatur:
3130 5038 3249 5076 nam
3278 5023 3422 5075 inter
3453 5021 3548 5074 Dei

1975 5118 2136 5173 verba
2158 5127 2214 5172 et
2244 5131 2408 5185 opera
2435 5114 2568 5170 nihil
2599 5115 2846 5172 interest.
2881 5114 3068 5184 Neque
3089 5107 3208 5170 laus
3236 5113 3547 5170 centurioni

1972 5209 2170 5264 tributa
2211 5207 2504 5262 verborum
2538 5217 2697 5262 tenus
2728 5207 2850 5267 fuit,
2883 5207 2978 5260 sed
3007 5215 3062 5259 et
3093 5220 3295 5275 aegrum
3320 5219 3544 5274 puerum

1973 5303 2042 5357 ob
2079 5302 2224 5357 illius
2253 5302 2410 5356 Iidem
2443 5303 2676 5362 sanavit,
2713 5309 2877 5368 atque
2918 5299 2989 5352 ita
3037 5297 3376 5368 splendidum
3407 5313 3537 5369 prte-

1973 5395 2142 5451 mium
2189 5391 2440 5450 contulit.
2500 5391 2648 5447 Dixit
2685 5391 2854 5456 enim,
2905 5405 3147 5459 moxque
3195 5405 3359 5460 opera
3406 5407 3546 5460 pne-

2038 5545 2150 5619 (57)
2201 5547 2335 5601 Exin
2387 5545 2662 5619 aliquanto
2709 5555 2883 5600 tractu
2937 5547 3163 5602 Graecus
3210 5556 3389 5605 textos
3424 5559 3544 5609 tan-

1967 5617 2251 5674 tummodo
2277 5619 2404 5688 s'mei
2419 5617 2663 5688 Syriaco.

2041 5687 2242 5758 (581A.
2278 5688 2314 5739 ί.
2352 5685 2483 5750 ut;
2515 5685 2575 5742 L.
2609 5685 2648 5739 ί.
2681 5688 2734 5754 5,
2771 5686 2843 5753 b;
2887 5687 3109 5758 ενι-μιν,
3137 5691 3188 5745 5.

2049 5759 2160 5834 (ξῦ)
2196 5756 2291 5810 llic
2316 5772 2534 5834 quoque
2558 5765 2766 5834 septem
2801 5756 3135 5834 lere—versus
3167 5763 3550 5826 desiderantur

1977 5830 2030 5887 in
2063 5828 2225 5900 Syro,
2259 5829 2338 5882 vel
2375 5837 2524 5883 certe
2557 5827 2615 5880 in
2636 5827 2828 5886 Graeco
2861 5831 3162 5889 abundant.
