4008 6516
501 440 605 495 633

1170 435 1439 493 EUSEBII
1479 433 1956 491 CAESARIENSIS
1994 432 2081 487 ΟΡ

2190 433 2363 486 PARS
2405 432 2492 485 IV.
2533 463 2601 474 —-
2642 430 3060 487 DOGMATICA.
3648 432 3736 488 624

504 554 757 609 dictionis
819 561 967 608 testis
1020 554 1307 609 subsecuta
1363 563 1486 620 est;
1526 569 1647 605 nam
1708 568 1841 624 puer
1893 553 2071 607 statim

2190 571 2281 604 ιον.
2317 549 2450 604 Εἶπε
2482 551 2610 622 γὰρ,
2651 552 2745 603 καὶ
2778 549 2838 601 τὸ
2882 549 3041 617 ἔργον
3076 545 3404 616 ἠκολούθησε
3455 549 3739 617 μαρτυροῦν

503 644 797 701 convaluit.

573 736 724 804 Quod
772 736 814 790 si
864 734 987 805 quis
1033 733 1173 789 hanc
1221 747 1337 786 rem
1394 748 1536 805 aegre
1573 736 1675 789 sibi
1730 735 1800 788 ob
1843 732 2075 804 prodigii

503 826 931 900 magnitudinem
961 826 1311 895 persuadeat,
1374 827 1515 879 haud
1563 835 1745 879 tamen
1778 825 1846 879 de
1893 825 2081 895 prtuli-

507 920 691 975 ctione
724 927 871 972 recte
904 916 1195 983 dubitabit,
1243 931 1309 970 ex
1352 933 1457 987 qua
1503 918 1807 971 evidentior
1840 916 1961 970 facti
1987 916 2080 969 de-

508 1007 831 1065 monstratio
865 1007 1174 1069 coniicitur,
1202 1008 1244 1060 si
1279 1006 1404 1075 quis
1437 1014 1671 1076 reputet,
1700 1006 1920 1059 unicum
1968 1004 2079 1057 Ro-

486 1102 726 1159 manum
754 1102 1037 1157 hominem
1078 1100 1245 1154 fuisse
1279 1100 1372 1169 qui
1406 1102 1470 1152 ad
1511 1097 1860 1153 Servalorem
1892 1112 2080 1151 acces-

504 1198 596 1264 sit,
641 1198 843 1268 quique
893 1194 1151 1262 majorem
1189 1195 1353 1249 etiam
1416 1196 1696 1264 magisque
1733 1193 2075 1256 benevolum,

504 1304 667 1358 quam
712 1286 937 1343 Judaica
988 1284 1348 1348 natio,°fecit
1385 1284 1592 1339 Christi
1644 1282 2075 1349 confessionem;

505 1389 694 1434 noster
746 1394 878 1433 vero
921 1377 1188 1433 Servatur
1221 1376 1441 1441 ,tnultns
1496 1391 1594 1446 pro
1650 1391 1779 1437 uno,
1835 1390 1987 1440 mque
2018 1392 2081 1428 ac.

503 1471 668 1536 hunc,
725 1470 791 1523 ad
843 1484 903 1524 se
954 1482 1271 1523 accessuros
1317 1465 1550 1520 afﬁrmat
1603 1481 1670 1520 ex
1726 1466 2079 1520 orientalibus

506 1562 838 1633 regionibus,
868 1561 1103 1630 itemque
1130 1574 1197 1613 ex
1223 1559 1670 1623 occidentalibus,
1696 1560 1786 1628 qui
1815 1558 1885 1609 ob
1922 1573 2076 1611 suam

483 1638 701 1709 ’Christi
725 1654 1087 1724 cognitionem
1113 1659 1166 1706 et
1190 1649 1611 1715 confessionem,
1642 1650 1783 1705 haud
1814 1651 2077 1703 minorem

503 1762 532 1800 a
584 1748 694 1801 Deo
747 1752 1151 1814 consequentur
1184 1744 1447 1797 honorem
1496 1758 1660 1812 quam
1723 1741 2077 1797 Hebraeorum

503 1847 777 1907 parentes.
810 1835 1053 1906 Namque
1070 1844 1126 1890 et
1151 1836 1344 1889 horum
1378 1834 1713 1903 patriarcha,
1744 1833 1959 1888 celeber
1992 1832 2081 1887 ille

2180 649 2244 716 τῇ
2279 645 2613 716 προρρήσει·
2648 643 2741 696 καὶ
2781 642 2906 712 ἰάθη
2936 643 2966 693 6
3000 642 3127 702 παῖς
3161 639 3373 692 αὐτίκα.

2264 735 2401 788 Ἀλλ’
2426 738 2473 788 εί
2504 735 2639 807 πρὸς
2666 734 2822 787 τοῦτό
2844 752 2930 797 τις
2956 732 3261 794 δυσπίστως
3290 731 3402 801 ἔχει
3433 731 3521 785 διὰ
3544 734 3635 805 τὴν
3657 734 3739 789 τοῦ

2182 826 2460 896 θαύματος
2524 825 2858 898 ὑπερϐολὴν,
2926 822 3040 877 ἀλλ’
3107 822 3207 873 οὐκ
3263 823 3356 874 ἐπὶ
3410 825 3741 894 προρρήσεως

2184 918 2479 987 σκήπτοιτο
2509 917 2575 970 ἂν
2608 917 2876 985 εὐλόγως,
2907 916 2991 984 ἐφ’
3087 914 3285 985 μείζων
3318 914 3346 963 6
3382 913 3481 981 τῆς
3512 915 3741 984 πράξεως

2182 1008 2399 1078 ἐλεγχος
2431 1007 2902 1078 ἀποδειχθήσεται,
2936 1008 3095 1069 εἴτις
3135 1009 3191 1059 ὲν
3224 1004 3299 1074 νῷ
3326 1004 3501 1067 λάϐοι,
3537 1006 3608 1069 ὡς
3634 1007 3737 1059 τότε

2184 1099 2282 1168 μὲν
2309 1094 2389 1161 εἷς
2431 1098 2699 1168 Ῥωμαῖος
2726 1094 2792 1168 ἦν
2823 1101 2850 1150 6
2874 1096 2952 1167 τῷ
2984 1097 3197 1167 Σωτῆρι
3233 1095 3640 1167 προσεληλυθὼς
3665 1114 3738 1165 χι-

2181 1188 2421 1259 λίαρχος,
2449 1190 2477 1240 6
2503 1188 2566 1259 δὴ
2592 1187 2813 1257 μείζονα
2840 1187 2934 1239 καὶ
2967 1187 3479 1256 εύγνωμονεστέραν
3507 1186 3596 1239 τοῦ
3629 1189 3741 1240 ’1ου-

2180 1279 2344 1334 δαίων
2383 1281 2567 1343 ἔθνους
2600 1280 2971 1350 ἐνδειξάμενος
3004 1280 3102 1349 τὴν
3134 1280 3215 1341 είς
3246 1279 3409 1332 αὐτὸν
3437 1278 3704 1348 ὁμολογίαν
3724 1296 3735 1309 ·

2180 1374 2209 1425 6
2238 1374 2281 1425 δ’
2313 1372 2580 1444 ἡμέτερος
2613 1372 2801 1443 Σωτὴρ
2832 1372 3058 1433 πολλοὺς
3084 1370 3198 1424 ἀνθ’
3235 1371 3352 1433 ἐνὸς
3397 1370 3605 1423 ἔσεσθαι
3630 1373 3739 1434 τοὺς

2182 1466 2302 1518 κατ’
2348 1468 2552 1519 ἐκεῖνον
2595 1464 2885 1536 μέλλοντας
2933 1464 3084 1533 αὐτῷ
3132 1463 3418 1532 προσιέναι
3452 1464 3515 1515 ἐκ
3557 1463 3657 1516 τῶν
3688 1480 3739 1516 τε

2182 1555 2317 1627 πρὸς
2354 1554 2427 1606 ἓω
2462 1554 2553 1606 καὶ
2604 1553 2870 1624 ἀνατολὴν
2917 1554 3217 1624 κλιμάτων,
3248 1552 3357 1605 τῶν
3391 1570 3449 1606 τε
3483 1554 3616 1607 κατά
3636 1554 3741 1608 δυό-

2185 1664 2344 1717 μενον
2383 1646 2533 1717 ἥλιον
2576 1646 2867 1699 οἰκούντων
2910 1645 3188 1709 θεσπίζει,
3242 1645 3370 1706 τοὺς
3404 1644 3492 1697 διὰ
3534 1648 3625 1716 τῆς
3673 1648 3742 1709 είς

2182 1738 2343 1791 αὑτὸν
2379 1736 2726 1807 ἐπιγνώσεως
2758 1754 2815 1788 τε
2859 1736 2954 1789 καὶ
2995 1736 3287 1805 ὁμολογίας
3328 1735 3430 1805 τῆς
3465 1736 3580 1805 ἴσης
3610 1736 3741 1805 παρὰ

2182 1827 2300 1897 Θεῷ
2331 1828 2497 1898 τιμῆς
2526 1830 2637 1889 τοῖς
2675 1826 2938 1892 Ἐϐραίων
2973 1826 3319 1897 προπάτορσι
3358 1825 3740 1896 καταξιωθησο-

503 1923 868 1988 Abrahamus,
889 1912 957 1979 es
989 1923 1308 1991 irreligiosis
1345 1924 1661 1992 parentibus
1704 1932 1879 1989 ortus,
1909 1923 2078 1976 vitam

2190 1920 2410 1991 μένους·
2447 1921 2528 1973 ὃτι
2575 1920 2639 1991 δὴ
2682 1920 2947 1973 κάκείνων
2985 1922 3012 1973 6
3055 1920 3389 1990 προπάτωρ,
3424 1918 3579 1982 αὐτὸς
3618 1918 3675 1989 δὴ
3716 1921 3742 1972 6

507 2017 883 2081 commutavit,
912 2030 941 2070 a
970 2015 1317 2085 polytheismi
1354 2029 1544 2069 errore
1574 2016 1855 2081 recedens,
1886 2030 2083 2067 unum-

507 2123 612 2180 que
674 2107 1038 2163 universalem
1093 2108 1261 2161 Deum
1306 2106 1419 2175 ipse
1471 2106 1711 2173 agnovit.
1750 2106 1888 2172 Quin
1917 2106 2080 2161 etiam

517 2201 635 2272 ejus
665 2200 792 2255 filiis
821 2202 1005 2256 lsaaco
1039 2211 1201 2268 atque
1247 2197 1449 2253 Jacobo
1483 2197 1691 2252 similes
1739 2197 1884 2253 fores
1920 2198 2081 2251 innu-

516 2306 697 2347 meros
724 2307 818 2362 per
838 2294 1143 2346 universmn
1170 2290 1378 2353 orbem,
1415 2289 1718 2358 pnesertim
1749 2304 1875 2343 vero
1900 2288 2085 2343 orien-

517 2384 588 2439 tis
621 2393 676 2438 et
702 2384 916 2439 occidui
951 2383 1082 2438 solis
1109 2383 1360 2452 pepnlos,
1396 2381 1669 2452 praedixit.
1702 2381 1941 2450 Denique
1970 2396 2083 2436 mo-

509 2474 677 2529 menti
748 2474 974 2528 maximi
1045 2474 1363 2542 superaddit
1443 2472 1528 2529 his
1617 2474 2077 2541 praedictionem;

509 2580 703 2635 nempe
726 2569 868 2635 quod
908 2564 1076 2620 Judmi
1121 2565 1244 2636 ipsi,
1273 2565 1380 2620 Deo
1406 2567 1695 2621 charorum
1735 2564 1944 2619 illorum
1988 2581 2085 2635 po-

509 2660 660 2718 steri,
706 2659 796 2727 qui
845 2657 1215 2712 Abrahamum
1263 2657 1561 2724 iactabant,
1610 2656 1857 2711 lsaacum
1913 2667 2079 2727 atque

508 2748 795 2812 Jacobum,
829 2760 1051 2817 propter
1079 2763 1231 2802 suam
1270 2748 1534 2803 adversus
1576 2747 1742 2802 Deum
1773 2748 2082 2801 vecordiam

508 2850 562 2892 et
592 2839 1051 2899 incredulitatem,
1102 2854 1201 2893 ceu
1256 2839 1500 2892 scientiae
1550 2837 1757 2892 lumine
1787 2838 1994 2903 orbati,
2031 2841 2083 2890 in

511 2932 767 2984 tenebras
797 2931 1101 2985 exteriores
1129 2929 1432 2998 expellendi
1465 2938 1649 2985 essent
1678 2946 1692 2982 :
1726 2929 1805 2983 sic
1828 2928 2082 2981 nimirum

511 3021 839 3088 imperitiam
876 3019 1114 3086 illorum,
1143 3034 1522 3086 summamque
1572 3018 1874 3082 inscitiam,
1905 3027 1961 3073 et
1993 3031 2084 3072 sa-

510 3112 706 3168 lutaris
740 3113 961 3167 luminis
1002 3113 1289 3167 orbitatem
1337 3112 1661 3183 praedicens.
1711 3109 1849 3165 Hinc
1902 3126 2083 3166 rerum

510 3215 725 3274 oportet
758 3206 963 3259 exitum
1017 3205 1478 3269 animadvertere,
1529 3213 1697 3273 atque
1747 3204 1882 3257 adeo
1912 3203 2085 3257 oculis

512 3295 893 3366 contemplari,
946 3296 1218 3365 quomodo
1247 3294 1438 3360 Judwi,
1467 3295 1561 3364 qui
1590 3296 1857 3350 dictorum
1911 3295 2089 3349 homi—

513 3408 640 3446 num
695 3393 803 3446 Deo
835 3394 1124 3447 charorum
1175 3406 1344 3461 genus
1398 3405 1519 3445 esse
1562 3390 1884 3460 gloriantur,
1932 3386 2086 3455 ejecti

510 3483 716 3539 fuerint
752 3500 855 3539 non
889 3499 1054 3555 regno
1100 3485 1192 3538 Dei
1245 3484 1640 3547 tantuunnodo,
1691 3498 1883 3537 verum
1920 3481 2085 3535 etiam

509 3593 665 3630 sacra
698 3578 934 3645 ipsorum
974 3576 1245 3647 regalique
1277 3573 1557 3643 metropoli
1583 3592 1595 3627 :
1625 3573 1877 3642 exemplo
1906 3583 2087 3627 autem

511 3669 692 3731 unius,
722 3668 813 3735 qui
853 3667 981 3721 olim
1016 3668 1081 3719 ad
1119 3664 1466 3720 Servatorem
1520 3666 1777 3731 accessit,
1811 3664 2089 3720 centurio-

510 3759 618 3822 nis,
650 3759 1067 3813 innumerabilis
1098 3759 1378 3813 hominum
1418 3757 1713 3811 multitudo
1739 3773 1806 3812 ex
1854 3756 2090 3811 nationi-

512 3850 616 3906 bus
657 3852 891 3915 cunctis,
939 3867 1091 3920 aeque
1139 3867 1203 3906 ac
1249 3852 1357 3919 ille,
1413 3852 1630 3908 Christo
1690 3851 1947 3921 adjuncta
1995 3848 2089 3912 sit,

512 3961 634 4015 qum
664 3946 731 3999 ab
756 3961 821 3999 eo
845 3947 1057 4012 educta,
1094 3946 1344 4001 eumdem
1381 3959 1539 4014 quem
1585 3943 1776 4013 inclyti
1825 3942 1901 3995 illi
1949 3941 2089 4011 apud

511 4035 770 4092 Hebrmos
809 4038 929 4099 viri.
964 4037 1130 4092 Deum
1157 4052 1472 4108 agnoscere,
1511 4051 1696 4105 parem
1725 4035 1836 4090 illis
1868 4036 1935 4089 ah
1970 4032 2091 4088 uni-

511 4129 711 4185 versali
743 4145 865 4198 rege
901 4132 1009 4186 Deo
1039 4132 1348 4187 mercedem
1389 4131 1630 4199 recipere
1653 4130 1813 4199 digna
1848 4127 1967 4182 fuit.

2187 2010 2459 2081 βοώμενος
2505 2011 2755 2083 Ἀϐραὰμ
2788 2015 2851 2065 ἐκ
2882 2012 3130 2084 πατέρων
3148 2012 3480 2084 ’ὁρμώμενος
3512 2012 3741 2066 δεισιδαιο

2188 2104 2363 2174 μόνων
2396 2104 2752 2174 μετεϐάλλετο
2779 2106 2870 2158 τὸν
2908 2105 3039 2175 βίον,
3073 2106 3171 2176 τῆς
3205 2105 3306 2175 μὲν
3341 2106 3595 2159 πολυθέου
3624 2104 3742 2158 πλά·

2184 2213 2281 2266 νης
2309 2197 2687 2267 ἀναχωρήσας,
2731 2196 2827 2249 ἓνα
2850 2197 2907 2250 δὲ
2940 2198 3030 2250 τὸν
3079 2198 3171 2250 ἐπὶ
3222 2199 3443 2251 πάντων
3475 2196 3600 2250 Θεὸν
3633 2199 3740 2251 ἐπι-

2184 2287 2346 2354 γνοὺς
2382 2286 2497 2339 ὁδί·
2537 2289 2631 2340 καὶ
2663 2290 2775 2349 τοῖς
2807 2287 2970 2341 αὐτοῦ
3014 2290 3171 2342 παισὶ
3204 2289 3282 2359 τῷ
3332 2288 3512 2341 Ἰσαὰκ
3550 2289 3637 2341 καὶ
3675 2288 3741 2359 τῷ

2198 2377 2392 2431 Ἰακὼϐ
2429 2378 2647 2449 ὁμοίους
2695 2378 2913 2433 ἔσεσθαι
2951 2381 3175 2451 μυρίους
3216 2380 3340 2433 καθ’
3383 2381 3509 2449 ὅλης
3552 2380 3643 2448 τῆς
3670 2378 3739 2431 oi-

2186 2469 2479 2540 κουμένης,
2515 2472 2608 2523 καὶ
2640 2470 2845 2523 τούτων
2876 2470 3107 2540 μάλιστα
3130 2471 3199 2523 τὰ
3228 2472 3368 2541 πρὸς
3394 2471 3468 2522 ἕω
3494 2468 3630 2539 ἔθνη,
3661 2469 3741 2523 καὶ

2184 2560 2311 2622 τοὺς
2368 2559 2508 2612 κατὰ
2552 2559 2809 2630 δυόμενον
2850 2561 2999 2631 ⁴ἣλιον
3044 2559 3331 2623 οικοῦντας
3375 2558 3737 2631 προαγορεύει·

2186 2651 2510 2722 προστίθησί
2555 2668 2610 2704 τε
2643 2651 2854 2714 τούτοις
2886 2652 2948 2705 τὸ
2981 2653 3234 2723 μέγιστον
3263 2653 3366 2722 τῆς
3396 2655 3736 2723 προρρήσεως·

2186 2744 2341 2796 αὐτοὶ
2380 2744 2619 2796 Ἰουδαῖοι
2646 2742 2755 2796 τῶν
2794 2744 3059 2813 θεοφιλῶν
3101 2745 3329 2798 ἐκείνων
3364 2746 3638 2811 ἀπόγονοι,
3664 2742 3740 2793 τὸν

2200 2835 2452 2907 Ἀϐραὰμ
2484 2834 2779 2905 αὐχοῦντες
2817 2836 3028 2889 καὶτὸν
3071 2835 3254 2889 Ἰσαὰκ
3286 2837 3384 2890 καὶ
3420 2836 3507 2888 τὸν
3548 2818 3743 2891 Ἰακὼϐ,

2186 2927 2274 2980 διὰ
2314 2927 2413 2998 τὴν
2459 2929 2539 2990 εἰς
2577 2927 2740 2980 αὐτὸν
2772 2927 2996 2996 ἀλογίαν
3042 2945 3102 2981 τε
3139 2929 3233 2983 καὶ
3264 2930 3542 2990 ἀπιστίαν,
3580 2927 3647 2988 ὡς
3685 2925 3740 2977 ἂν

2187 3019 2281 3072 τοῦ
2322 3021 2420 3091 τῆς
2454 3021 2709 3087 γνώσεως
2742 3021 2924 3091 φωτὸς
2964 3022 3425 3093 ἀπεστερημένοι,
3475 3017 3739 3088 ἀπόϐλητοι

2188 3113 2506 3184 γενήσονται
2537 3116 2615 3177 εἰς
2652 3114 2717 3167 τὸ
2759 3115 2947 3178 σκότος
2992 3114 3067 3167 τὸ¹
3098 3114 3386 3187 ἐξώτερον,
3421 3114 3516 3186 τὴν
3546 3114 3739 3181 ἄγνοιαν

2189 3206 2367 3259 αὐτῶν
2416 3208 2509 3259 καὶ
2538 3207 2637 3277 τὴν
2685 3206 2919 3277 ἐσχάτην
2954 3206 3223 3277 ἀμαθίαν,
3258 3207 3357 3260 τοῦ
3405 3224 3463 3259 τε
3505 3204 3740 3273 σωτηρίου

2193 3299 2369 3367 φωτὸς
2398 3298 2495 3369 τὴν
2531 3298 2787 3370 στέρησιν
2818 3292 2919 3352 ὧδέ
2960 3317 3035 3371 πη
3078 3302 3557 3371 προαναφωνήσας.
3600 3293 3740 3347 Ἔνθα

2190 3391 2253 3461 δὴ
2284 3391 2572 3461 ἐπιστῆσαι
2607 3393 2719 3453 τοῖς
2749 3390 3154 3461 ἀποτελέσμασι
3202 3393 3467 3462 προσήκει
3500 3388 3585 3441 τὸν
3615 3385 3739 3442 νοῦν.

2189 3471 2489 3552 ὀφθαλμοῖς
2515 3500 2574 3534 τε
2605 3484 2789 3545 αὐτοῖς
2818 3482 3171 3552 παραλαϐεῖν,
3200 3484 3275 3546 ὡς
3310 3482 3543 3536 Ἰουδαῖοι
3574 3479 3679 3550 μὲν,
3698 3477 3739 3527 οἱ

2189 3573 2296 3625 τῶν
2329 3572 2633 3644 εἰρημένων
2667 3573 2929 3641 θεοφιλῶν
2964 3574 3173 3645 ἀνδρῶν
3210 3574 3369 3641 γένος
3401 3568 3535 3625 εἶναι
3569 3582 3741 3637 σεμνυ-

2191 3665 2427 3736 νόμενοι,
2465 3665 2716 3737 ἐκϐλητοι
2748 3666 3032 3735 γεγόνασιν
3075 3667 3135 3719 οὐ
3169 3666 3267 3736 τῆς
3308 3665 3402 3721 τοῦ
3442 3660 3570 3716 Θεοῦ
3611 3660 3739 3730 βασι-

2192 3756 2342 3821 λείας
2377 3758 2557 3829 μόνον,
2590 3758 2723 3811 ἀλλά
2750 3759 2961 3828 καὶτῆς
2989 3757 3167 3811 αὐτῶν
3196 3759 3349 3829 ἱερᾶς
3376 3757 3467 3810 καὶ
3492 3748 3742 3824 βασιλικῆς

2196 3851 2599 3921 μητροπόλεως·
2623 3851 2714 3904 ἐπὶ
2735 3852 2792 3904 δὲ
2824 3850 2939 3914 ἑνὸς
2961 3850 3056 3903 τοῦ
3085 3850 3252 3903 πάλαι
3275 3851 3355 3921 τῷ
3375 3846 3578 3915 Σωτῆρι
3599 3855 3741 3912 προσ-

2194 3940 2509 4012 εληλυθότος
2576 3941 2853 4011 χιλιάρχου
2901 3942 3104 4009 ἀφατος
3155 3941 3367 4011 ἀνδρῶν
3421 3936 3636 4008 ἀριθμὸς
3693 3927 3742 3990 ἐξ

2197 4034 2450 4085 ἁπάντων
2484 4032 2592 4083 τῶν
2621 4031 2789 4083 ἐθνῶν
2816 4031 3017 4102 ὁμοίως
3048 4032 3241 4102 ἐκείνῳ
3264 4032 3344 4103 τῷ
3368 4025 3576 4101 Χριστῷ
3600 4034 3739 4093 προσ·

2197 4124 2404 4188 ιόντων,
2440 4125 2539 4176 καὶ
2560 4124 2650 4176 διὰ
2673 4123 2773 4193 τῆς
2796 4123 2957 4175 αὑτοῦ
2987 4124 3334 4187 διδασκαλίας
3374 4123 3461 4176 τὸν
3492 4118 3592 4172 τῶν
3632 4108 3738 4180 παρ’

519 4223 791 4295 Ἑϐραίοις
832 4224 1158 4294 λαμψάντων
1198 4222 1405 4296 ἀνδρῶν
1437 4222 1764 4290 ὲπιγνόντων
1794 4220 1948 4285 Θεὸν,
1982 4217 2083 4287 τῆς
2122 4215 2242 4286 ἴσης
2280 4217 2461 4278 αὐτοῖς
2530 4215 2758 4278 ἐκείνοις
2827 4216 3082 4285 ἠξίωνται
3134 4217 3286 4288 παρὰ
3331 4216 3406 4286 τῷ
3449 4202 3742 4281 παμϐασιλεῖ

510 4321 627 4391 Θεῷ
661 4320 919 4391 ἀμοιϐῆς.

1273 4414 1339 4471 ν.

584 4503 969 4560 MantlatPetro
993 4505 1248 4559 Dominus
1261 4505 1395 4557 utad
1416 4504 1649 4573 przedatn
1673 4504 1804 4557 retia
1820 4501 2085 4563 demittat;

506 4597 597 4664 qui
622 4597 1056 4664 quidemjussum
1081 4596 1413 4665 exsequitur.
1448 4596 1583 4649 Cum
1615 4606 1793 4648 autem
1840 4609 2088 4663 magnam

511 4684 739 4747 piscium
765 4684 1163 4739 multitudinem
1184 4683 1600 4749 conclusissem,
1620 4694 1674 4738 et
1692 4683 1821 4737 retia
1856 4683 2090 4750 pondere

512 4784 736 4839 gravata
754 4775 1217 4843 dirumperentur,
1233 4790 1386 4844 opem
1408 4785 1567 4844 petun
1582 4788 1597 4827 t
1615 4789 1643 4827 a
1659 4776 1832 4827 vicina
1865 4773 2054 4826 uavicu
2067 4801 2089 4812 -

514 4867 559 4915 Ia
582 4880 598 4928 ;
623 4873 783 4933 atque
800 4865 869 4917 ita
888 4865 1144 4919 extractis
1160 4863 1397 4933 piscibus
1417 4874 1697 4933 utramque
1727 4864 1979 4932 scapham
1999 4877 2089 4915 re-

513 4958 814 5023 pleverunt,
832 4954 882 5009 in
902 4958 1366 5025 tantumutmergi
1399 4956 1852 5023 periclitareutur.
1886 4954 2087 5020 Quam-

512 5050 698 5100 obrem
745 5047 1101 5100 admiratione
1141 5046 1332 5101 Petrus
1382 5048 1689 5116 perculsus,
1722 5047 1999 5116 indignum
2028 5059 2087 5099 sc

512 5138 872 5193 confitebatur
887 5149 943 5191 ut
961 5137 1218 5193 Servatur
1235 5140 1299 5192 ad
1320 5155 1380 5193 se
1406 5141 1632 5194 veniret.
1660 5139 1972 5199 llleautem,
1996 5136 2086 5205 qni

516 5242 767 5300 tauquam
809 5231 973 5285 futuri
1008 5233 1267 5301 temporis
1292 5232 1581 5301 imaginem
1608 5234 1711 5300 ipsi
1752 5231 2089 5293 ostenderat,

514 5323 1015 5390 interpretationem
1039 5337 1252 5392 quoque
1282 5322 1432 5385 facit,
1470 5323 1685 5390 aitque:
1719 5321 1846 5374 Noli
1871 5321 2089 5384 timere;

515 5410 701 5463 abhinc
730 5412 865 5466 enim
899 5410 1001 5464 eris
1027 5410 1260 5467 homines
1282 5412 1349 5463 ad
1390 5412 1551 5463 vitam
1590 5410 1822 5479 capiens.
1867 5409 2091 5464 Cunctis

515 5515 644 5556 vero
671 5503 866 5557 simul:
910 5501 1088 5558 Venite
1115 5513 1229 5571 post
1262 5520 1361 5566 me,
1395 5501 1694 5572 faciamque
1722 5518 1807 5555 vos
1853 5501 2085 5569 piscatu.

519 5609 597 5646 res
627 5594 916 5647 hominum.
949 5594 1210 5649 Galilazos
1258 5595 1527 5659 homines,
1577 5594 1713 5648 viles
1766 5594 2091 5660 rusticanos,

522 5686 653 5738 nihil
688 5698 890 5753 pneter
915 5686 1178 5758 Syrorum
1207 5686 1505 5740 dialectnm
1541 5686 1800 5752 scientes,
1835 5697 1955 5742 arte
1985 5688 2086 5742 hu-

592 5800 701 5867 HO)
736 5801 870 5855 Cod.
902 5802 970 5864 A,
1009 5803 1045 5854 f.
1074 5801 1167 5856 85.
1200 5802 1323 5870 Syr.
1359 5802 1448 5855 lib.
1475 5802 1627 5860 tv.6.

592 5871 705 5940 (5|)
741 5871 1009 5927 llacteuus
1038 5872 1399 5939 fragmentum
1435 5873 1698 5927 recitatur
1725 5874 1909 5932 Graece
1929 5876 2093 5932 etiam

2125 4384 2269 4467 Dii

2306 4312 2317 4337 \

2326 4442 2327 4445 η
2682 4431 2689 4437 -
2949 4400 3022 4450 E'.
3400 4414 3407 4445 ζ

2270 4493 2382 4566 (710)
2408 4492 2846 4563 Παρακελεύεται
2880 4492 2977 4563 μὲν
3004 4492 3081 4561 τῷ
3112 4492 3304 4562 Πέτρῳ
3335 4482 3584 4555 ὁιΚύριὸς
3608 4473 3741 4548 χαλά·

2201 4606 2289 4640 σαι
2331 4588 2409 4649 είς
2442 4585 2617 4656 ἄγραν
2647 4583 2715 4636 τὰ
2760 4584 2982 4637 δίκτυα·
3022 4586 3050 4635 ὁ
3094 4583 3151 4635 δὲ
3199 4566 3741 4656 τὸτὶᾶροστεταγμένογ

2198 4680 2394 4732 ὲποίει.
2442 4653 2530 4739 Ὠς
2557 4676 2612 4727 δὲ
2650 4675 3002 4729 συνέκλεισαν
3034 4675 3235 4745 πλῆθος
3256 4672 3477 4743 Δἰχθύων
3492 4663 3637 4722 πολὺ,
3665 4653 3740 4710 καὶ

2196 4772 2553 4842 διερρήγνυτο
2579 4768 2647 4820 τὰ
2673 4767 2865 4821 δίκτυα
2904 4767 2981 4837 τῷ
3029 4767 3219 4836 πλήθει
3251 4764 3570 4836 βαρούμεναο
3601 4760 3723 4842 προσ

2201 4862 2491 4918 καλοῦνται
2543 4863 2641 4933 μὲν
2689 4864 2768 4924 είς
2825 4860 3073 4931 βοήθειαν
3115 4862 3241 4923 τοὺς
3277 4860 3333 4911 ὲν
3373 4854 3447 4925 τῷ
3477 4840 3737 4919 γειτνιῶντα

2200 4955 2402 5024 πλοίῳ·
2462 4950 2557 5007 εἶτ’
2614 4954 3009 5015 ἀνελκύσαντες
3058 4953 3185 5015 τοὺς
3249 4951 3451 5021 ἰχθύας,
3478 4934 3733 5011 πληροῦσι*

2200 5047 2365 5116 ἅμ’,εω
2403 5045 2471 5099 τά
2515 5048 2730 5116 σκάφη,
2763 5046 2839 5107 ὡς
2878 5044 3204 5097 κινδυνεύειν
3243 5043 3381 5097 αὑτά
3424 5028 3735 5110 βυθισθῆναί’

2199 5140 2282 5207 ἐφ’
2317 5133 2397 5201 οἷς
2423 5140 2449 5190 6
2476 5138 2680 5208 Πέτρος
2712 5136 3110 5205 ἀποθαυμάσας
3137 5135 3430 5203 ἐξεπλάγη,
3466 5116 3673 5208 ἀνάξιόγΔ

2192 5198 2389 5284 ἑαυτὸν
2423 5231 2523 5301 τῆς
2548 5198 2821 5301 σωτηρίου
2847 5198 3154 5291 ὲπίϐάσεως
3179 5198 3444 5298 ῶμολύγει
3472 5215 3599 5287 (4¹)·
3635 5198 3725 5301 ’ρδ

2192 5323 2381 5392 ὥσπερ
2432 5320 2706 5386 ἐπιδείξας
2766 5317 2916 5388 αὐτῷ
2961 5317 3058 5388 τὴν
3110 5318 3206 5372 τοῦ
3264 5316 3537 5388 μέλλοντος
3562 5296 3720 5392 είκόγξ

2194 5376 2449 5478 διασαφεῖ
2473 5409 2572 5480 τὴν
2605 5376 2932 5481 ἑρμηνείαν,
2964 5376 3058 5460 καί
3089 5424 3223 5478 φησι
3262 5376 3395 5478 πρὸς
3432 5394 3583 5454 αὐτόν
3606 5405 3618 5417 ’
3656 5376 3732 5481 μὴ

2200 5472 2388 5571 εροόού
2409 5519 2421 5532 ·
2446 5472 2563 5556 and
2588 5472 2691 5556 τιὲῧ
2720 5472 2837 5556 irin»
2856 5472 3206 5569 ἀνθρώπους
3228 5472 3342 5570 ἕσῂ
3358 5488 3571 5562 ζωγρῶν
3590 5499 3601 5510 ⁸
3625 5472 3735 5568 “PP;

2201 5595 2258 5648 δὲ
2302 5595 2506 5658 πάντας
2530 5612 2544 5626 ·
2584 5594 2766 5649 Δεῦτε
2808 5594 3002 5647 ὀπίσω
3037 5611 3180 5663 μου,
3218 5592 3313 5646 καὶ
3351 5582 3570 5669 ποιήσιξ)
3608 5571 3737 5669 vim

2204 5686 2393 5753 ἁλιεῖς
2446 5686 2790 5756 ἀνθρώπων.
2853 5659 3168 5749 Γαλιλαίους
3236 5683 3461 5754 ἄνδρας,
3513 5659 3735 5722 εὖτελείίν

2206 5823 2237 5858 οι
2268 5804 2335 5858 cl.
2367 5804 2474 5859 Leo
2508 5820 2562 5874 p.
2599 5805 2739 5874 216,
2770 5820 2836 5859 ex
2879 5806 2999 5859 cod.
3048 5797 3412 5874 Vindoh.7$ed
3452 5786 3606 5874 multo

2209 5878 2331 5944 gius
2356 5844 2791 5945 prosc'qttitur.in
2822 5876 3011 5930 codice
3042 5884 3228 5929 nostro
3267 5871 3433 5925 Vatic.
3462 5866 3520 5915 Α.
3553 5856 3583 5907 τε
3621 5844 3695 5895 80-
