4008 6516
302 395 400 450 6'35

1685 396 1772 451 DE
1812 393 2275 451 THEOPHANIA.

3462 384 3566 436 6‘26

302 508 612 580 ἀγροίκους.
648 510 799 564 οὐδὲν
836 511 994 566 πλέον
1031 512 1129 584 τῆς
1158 511 1344 584 Σύρων
1376 518 1559 586 φωνῆς
1590 514 1876 584 ἐπισταμέ-

1996 512 2136 575 mili,
2175 512 2227 565 id
2257 518 2340 564 est
2369 508 2683 580 piscatoria,
2714 523 2817 561 non
2840 505 2957 560 sine
2983 516 3144 558 causa
3178 500 3434 563 Servator
3471 517 3565 552 no-

303 620 440 667 νους,
479 602 616 655 ἀλλᾶ
650 605 744 656 καὶ
784 604 843 657 τὸ
881 604 1216 676 ἐπιτήδευμα
1254 605 1507 659 ταπεινὸν
1540 608 1637 677 τῆς
1681 605 1886 669 ἁλιείας

305 694 770 762 μετερχομένους,
818 696 1042 760 είοκότως
1090 698 1118 749 ὁ
1165 698 1359 769 Σωτὴρ
1409 698 1569 769 ήμῶν
1620 697 1886 769 θηρευτὰς

300 781 394 833 ἀνθ
406 781 603 853 ρώπων
635 785 730 837 καὶ
763 786 1009 855 κήρυκας
1037 787 1136 857 τῆς
1167 788 1333 841 αὐτοῦ
1355 787 1701 851 διδασκαλίας
1729 789 1885 859 ποιή-

302 890 411 927 σειν
454 875 842 945 ἐπηγγέλλετο,
876 879 970 930 καὶ
996 880 1296 949 πεποίηκεν
1321 882 1381 933 ού
1413 880 1752 950 ψευσάμενος
1790 879 1884 951 τὴν

301 965 614 1036 ὑπόσχεσιν,
649 967 919 1039 παριστὰς
957 968 1089 1022 Θεοῦ
1121 970 1349 1041 δύναμιν
1395 969 1754 1043 ὲνεργητικὴν
1792 968 1885 1022 τοῦ

302 1057 647 1127 πράγματος.
693 1059 756 1110 Εἰ
790 1060 887 1130 μὲν
919 1059 1059 1133 γάρ,
1094 1061 1309 1130 λογίους
1352 1062 1503 1125 τινας
1538 1062 1630 1115 καὶ
1667 1063 1884 1129 σοφοὺς,

299 1150 456 1220 ῆκαὶ
500 1150 609 1203 τῶν
660 1151 810 1223 παρὰ
853 1153 1127 1218 Ἰουδαίοις
1178 1154 1479 1223 ἀνθρώπων
1528 1152 1752 1216 ἐνδόξων
1794 1154 1887 1206 καὶ

300 1242 569 1296 πλουσίων
608 1245 1039 1316 προσαγόμενος,
1078 1246 1291 1310 τούτοις
1333 1246 1599 1317 ὲκέχρητο
1632 1245 1887 1299 διδασκά-

296 1333 411 1397 λοις
438 1334 546 1387 τῶν
576 1335 740 1389 αὑτοῦ
771 1336 967 1405 λόγων,
1001 1336 1103 1391 κᾶν
1124 1339 1272 1403 εἰκὸς
1298 1334 1365 1410 ἦν
1401 1338 1886 1410 ἀνθρωπινώτερον

298 1425 678 1495 ὲπινενοῆσθαι
710 1425 771 1478 τὸ
814 1428 1077 1497 πρᾶγμα·
1117 1428 1260 1481 οὕτω
1292 1428 1423 1497 γοῦν
1453 1430 1503 1481 οί
1532 1428 1750 1490 πλείους
1780 1427 1886 1480 τῶν

296 1514 603 1586 ἀνθρώπων
639 1514 891 1569 εἰώθασιν
921 1517 1338 1580 ὑποτάττεσθαι,
1381 1517 1413 1588 ἢ
1464 1518 1743 1587 χρήμασιν
1784 1514 1888 1567 ὑπὸ

300 1604 571 1661 πλουσίων
613 1606 1006 1679 δελεαζόμενοι,
1050 1608 1084 1678 ἢ
1120 1607 1294 1676 λόγων
1332 1608 1593 1679 περιϐολῇ
1624 1608 1717 1660 καὶ
1751 1624 1885 1675 φαν-

294 1697 459 1769 τασίᾳ
493 1697 687 1766 σοφίας
708 1698 1077 1770 ἀπατώμενοι,
1101 1700 1134 1770 ἢ
1166 1701 1439 1771 ὑπεροχὰς
1467 1698 1691 1763 ἐνδόξων
1717 1714 1884 1768 προσ-

293 1786 463 1840 ώπων
515 1789 1041 1861 καταπληττόμενοι.
1082 1792 1139 1843 '0
1176 1790 1230 1843 δὲ
1274 1791 1347 1861 μὴ
1380 1790 1641 1853 τοιούτοις
1679 1790 1887 1860 χρησά-

1989 613 2124 671 Ster,
2160 611 2451 657 venatores
2499 601 2782 656 hominum
2811 611 3036 666 suaeque
3074 594 3333 650 doctrina:
3358 606 3564 662 praeco-

1993 709 2087 749 nes
2133 709 2191 749 se
2238 692 2512 747 facturum
2558 691 2957 760 pollicebatur;
2991 686 3253 756 fecitque,
3285 685 3426 739 haud
3469 684 3568 737 fal-

1993 788 2109 842 lens
2138 788 2492 858 promissum,
2528 784 2619 839 Dei
2659 798 2853 853 nempe
2886 782 3184 852 potentiam
3217 780 3292 834 rei
3321 778 3563 834 etlectri-

1990 893 2106 933 cem
2162 890 2512 943 expromens.
2566 873 2700 926 Nam
2764 872 2810 926 si
2866 871 3139 925 litteratos
3164 869 3374 938 aliquos
3399 876 3451 923 et
3479 883 3567 921 sa-

1991 970 2230 1039 pientes.
2278 967 2358 1023 vel
2405 968 2565 1021 etiam
2620 979 2687 1017 ex
2743 962 2946 1019 ludatis
2993 962 3200 1016 nobiles
3267 960 3568 1029 divitesque

1990 1062 2136 1115 viros
2161 1059 2395 1129 eligens,
2425 1058 2509 1112 his
2530 1072 2657 1111 usus
2680 1065 2826 1111 esset
2851 1054 3125 1125 magistris
3144 1053 3403 1108 doctrina:
3432 1068 3564 1121 suae,

1991 1151 2176 1217 utique
2212 1148 2506 1202 humanum
2538 1148 2719 1216 potius
2757 1145 3031 1216 negotium
3067 1143 3120 1197 id
3151 1142 3296 1197 credi
3337 1151 3566 1211 poterat.

1991 1240 2083 1294 Sic
2109 1239 2253 1293 enim
2285 1239 2528 1308 plerique
2558 1238 2842 1291 hominum
2878 1234 3057 1290 solent
3082 1241 3252 1288 semet
3276 1232 3565 1299 subjicere,

1989 1330 2074 1385 vel
2122 1332 2351 1402 pecunia
2405 1345 2434 1382 a
2492 1328 2751 1384 divitibus
2809 1326 3076 1394 inescati,
3126 1324 3214 1379 vel
3260 1312 3568 1379 litterarum

1989 1421 2171 1489 specie
2201 1431 2251 1474 et
2284 1420 2568 1490 sapientite
2609 1419 2885 1489 prastigio
2923 1416 3155 1487 decepti,
3202 1415 3286 1470 vel
3318 1416 3570 1471 eminen-

1989 1512 2116 1565 tiam
2149 1527 2510 1581 personarmn
2548 1510 2841 1565 illustrium
2875 1509 3232 1565 admirantes.
3261 1507 3421 1565 Jesus
3466 1522 3568 1564 au-

1991 1614 2097 1659 tem
2150 1620 2269 1660 cum
2319 1605 2457 1658 hami
2512 1602 2714 1657 talibus
2757 1604 2831 1657 sit
2877 1617 3009 1656 usus
3052 1600 3354 1670 discipulis,
3406 1600 3500 1655 sed
3533 1614 3565 1653 e

1990 1698 2271 1751 contrario
2323 1695 2653 1764 pauperibus
2699 1706 2751 1748 et
2802 1693 3089 1760 obscuris,
3148 1708 3214 1747 ac
3257 1692 3568 1748 litteratura

1993 1788 2197 1853 idiotis,
2229 1788 2408 1855 lingua
2459 1785 2632 1856 Syris,
2671 1786 2859 1839 habitu
2894 1785 3103 1849 humili,
3136 1799 3411 1854 operaque
3448 1784 3569 1845 vili,

296 1898 460 1950 μενος
507 1879 798 1951 μαθηταῖς,
838 1882 1147 1934 τούναντίον
1188 1882 1245 1933 δὲ
1288 1882 1482 1952 πένησι
1522 1882 1615 1935 καὶ
1652 1880 1876 1947 ἀδόξοις,

1984 1880 2319 1949 exploratum
2346 1888 2427 1931 est
2452 1893 2575 1931 eum
2606 1879 2842 1931 divinam
2884 1886 3094 1931 tantum
3127 1876 3439 1931 adhibuisse
3470 1890 3571 1943 po-

294 1972 390 2024 καὶ
416 1972 510 2024 τὸν
547 1971 703 2040 λόγον
731 1971 987 2037 ἰδιώταις,
1024 1973 1216 2043 Σύροις
1258 1990 1317 2025 τε
1342 1974 1440 2045 τὴν
1472 1973 1675 2045 φωνὴν,
1709 1974 1886 2027 καὶτὸ

293 2061 484 2131 σχῆμα
515 2064 814 2125 ταπεινοῖς,
846 2063 941 2115 καὶ
972 2062 1245 2116 εὐτελέσιν
1273 2062 1439 2134 ἔργῳ,
1468 2062 1625 2133 δῆλος
1652 2058 1718 2133 ἦν
1748 2062 1883 2133 μόνη

289 2157 357 2222 τῇ
390 2153 546 2225 θεῖκῇ
578 2153 801 2225 δυνάμει
827 2154 1128 2225 χρώμενος,
1157 2155 1222 2225 ἣν
1245 2154 1542 2220 ἐνεδείξατο
1570 2153 1760 2223 πρῶτα
1787 2154 1885 2225 μὲν

289 2248 445 2316 φωνῇ
513 2247 610 2316 μιᾷ
665 2246 1181 2317 προσκαλεσάμενος
1242 2247 1439 2309 αὐτοὺς
1501 2246 1596 2300 καὶ
1660 2246 1885 2299 ἀκολού-

290 2337 420 2399 θους
461 2337 573 2405 (si)
606 2338 771 2391 αὑτοῦ
808 2339 1177 2410 καταστήσας,
1216 2339 1452 2393 κᾶπειτα
1480 2339 1883 2410 ἐπαγγειλάμε-

288 2445 382 2491 νος
419 2428 760 2498 σαγηνευτὰς
793 2430 887 2481 καὶ
927 2429 1101 2493 ἁλιεῖς
1149 2428 1453 2502 ἀνθρώπων
1488 2432 1735 2501 ποιήσειν
1782 2431 1883 2482 αύ-

286 2521 438 2583 τοὺς,
472 2520 539 2572 ἵν’
581 2520 696 2573 ἀνθ’
739 2515 813 2574 ὧν
850 2517 991 2592 εἶχον
1040 2522 1298 2586 δικτύων,
1345 2521 1603 2585 λαϐόντες
1629 2523 1761 2592 παρ’
1788 2522 1885 2575 αύ-

284 2611 383 2665 τοῦ
414 2613 515 2682 τὴν
546 2613 654 2665 ἀπὸ
684 2613 952 2668 παντοίων
980 2614 1154 2683 λόγων
1192 2613 1433 2685 νομικῶν
1460 2630 1520 2666 τε
1554 2613 1649 2666 καὶ
1677 2629 1885 2685 προφηο

287 2703 426 2767 τῶν,
452 2704 559 2756 τῶν
584 2721 644 2756 τε
667 2704 767 2774 τῆς
794 2704 977 2759 ἐνθέου
999 2705 1352 2767 διδασκαλίας
1388 2703 1554 2757 αὑτοῦ
1583 2703 1883 2757 πλακεῑσαν

1997 1971 2217 2025 tentiam
2273 1986 2287 2035 ;
2348 1984 2512 2038 quam
2553 1968 2789 2021 ostendit
2844 1967 3024 2036 primo
3056 1964 3271 2035 quidem
3309 1966 3434 2019 dum
3465 1979 3570 2019 una

1993 2063 2179 2117 vocula
2209 2076 2305 2117 eos
2340 2061 2591 2116 invitavit
2618 2059 2969 2130 asseclasque
3003 2076 3131 2115 suos
3183 2059 3337 2123 fecit,
3375 2059 3569 2113 deinde

1990 2157 2259 2225 spondens
2306 2165 2557 2225 captores
2607 2154 3021 2225 piscatoresque
3092 2153 3370 2207 hominum
3432 2168 3463 2207 a
3509 2166 3571 2208 se

1976 2245 2192 2305 J‘actum
2252 2246 2355 2309 iri;
2416 2256 2472 2300 ut
2515 2261 2612 2315 pro
2668 2245 2875 2299 retibus
2925 2260 3046 2314 qua:
3094 2260 3237 2298 nunc
3290 2244 3567 2308 tenebant,

1991 2349 2268 2392 smnentes
2309 2341 2377 2392 ab
2420 2352 2485 2392 eo
2532 2338 2840 2391 litterarum
2891 2335 3133 2390 omnium
3194 2335 3444 2405 legalium
3502 2350 3567 2388 ac

1986 2430 2421 2499 propltelicarum
2457 2467 2471 2491 ,
2539 2444 2753 2483 necnon
2824 2427 3019 2481 divina:
3080 2426 3251 2496 ipsius
3303 2424 3570 2480 doctrina:

1986 2536 2263 2590 sagenam,
2296 2521 2347 2573 in
2395 2521 2646 2574 humanae
2688 2520 2813 2573 vita:
2867 2533 3018 2573 mare
3070 2517 3362 2586 jactarent,
3409 2525 3569 2587 quot-

1985 2622 2121 2687 quot
2148 2621 2501 2666 occurrerent
2552 2612 2858 2678 irretirent,
2895 2627 3093 2680 genere
3125 2610 3269 2664 omni
3320 2612 3570 2664 rationa-

1973 2703 2118 2756 'lium
2150 2703 2378 2772 piscium
2420 2704 2554 2757 retia
2582 2718 2678 2756 sua
2709 2702 2993 2757 rationalia
3028 2701 3384 2771 complentes.

285 2800 538 2869 σαγήνην
582 2799 925 2869 ἐμϐάλλωσιν
958 2802 1037 2863 είς
1070 2798 1168 2871 τὴν
1209 2798 1302 2851 τοῦ
1334 2798 1674 2869 ἀνθρωπείου
1722 2796 1838 2867 βίου
1872 2797 2164 2860 θάλατταν,
2197 2798 2293 2851 καὶ
2336 2796 2701 2869 περιϐάλωσιν
2752 2797 2909 2861 ὅσους
2939 2796 3004 2849 ἂν
3036 2794 3260 2867 εὕρωσι,
3297 2793 3569 2870 πληροῦν-

284 2908 379 2952 τες
416 2891 486 2942 τὰ
524 2891 731 2943 ἑαυτῶν
760 2891 952 2959 λογικά
988 2891 1178 2944 δίκτυα
1204 2891 1403 2954 παντὸς
1443 2890 1633 2959 γένους
1661 2888 1894 2958 λογικῶν
1921 2888 2140 2959 ἰχθύων.

371 2984 534 3037 Ἀλλὰ
580 2985 750 3038 ταῦτα
799 2987 894 3056 μὲν
937 2985 1023 3039 διὰ
1078 2987 1263 3057 φωνῆς
1313 2987 1622 3056 ἀκουόμενα
1658 2987 1876 3057 ῥήματα

2053 2986 2229 3056 Atque
2276 2986 2389 3041 haec
2445 3001 2510 3040 ex
2568 2987 2614 3038 vi
2670 2986 2818 3039 vocis
2877 2993 3085 3040 tantum
3145 2984 3349 3047 audita,
3402 2980 3560 3037 verba

283 3077 382 3129 καὶ
429 3077 615 3146 ψόφοι,
651 3081 742 3132 καὶ
773 3079 932 3133 πλέον
964 3081 1207 3152 ὑπῆρχεν
1247 3080 1435 3134 οὐδέν·
1477 3080 1575 3151 τῆς
1619 3079 1662 3132 δ’
1692 3079 1876 3133 ἐνθέου

281 3166 572 3236 δυνάμεως
612 3169 673 3221 τὸ
721 3168 880 3239 ἔργον
922 3171 1021 3223 οὐκ
1064 3173 1145 3233 εἰς
1196 3172 1415 3243 μακρὰν
1464 3172 1873 3242 παρεστήσατοο

284 3258 428 3311 αὐτὰ
472 3259 537 3330 δὴ
580 3260 753 3314 ταῦτα
796 3262 864 3315 τὰ
917 3262 1004 3315 διὰ
1046 3263 1153 3316 τῶν
1196 3263 1370 3333 λόγων
1426 3264 1879 3335 προηγορευμένα

284 3352 403 3412 τοῖς
450 3350 634 3421 ἔργοις
681 3354 1023 3416 ἐπιτελέσας,
1076 3355 1153 3418 ὡς
1196 3358 1253 3409 ὲν
1309 3355 1504 3427 βραχεῖ
1554 3357 1731 3428 χρόνῳ
1776 3358 1877 3428 τὴν

289 3439 589 3510 σύμπασαν
634 3443 935 3515 ἀνθρώπων
968 3447 1296 3519 οἰκουμένην
1340 3448 1508 3518 μυρία
1548 3448 1725 3520 πλήθη
1767 3448 1877 3502 τῶν

290 3533 737 3602 σαγηνευθέντων
764 3536 869 3588 ὑπὸ
890 3536 997 3589 τῶν
1030 3538 1252 3593 ἰδιωτῶν
1281 3539 1485 3593 τούτων
1511 3540 1718 3612 ἀνδρῶν
1742 3542 1873 3612 κτή-

287 3625 509 3689 σασθαι,
545 3625 899 3698 πληρωθῆναί
930 3647 989 3681 τε
1020 3630 1353 3703 Ἐκκλησιῶν
1383 3632 1563 3686 πάντα
1585 3633 1747 3685 τόπον
1763 3632 1877 3685 Ἑλ-

286 3714 465 3787 λήνων
500 3734 562 3769 τε
609 3720 703 3771 καὶ
751 3719 1041 3792 βαρϐάρων
1062 3762 1076 3785 ,
1110 3722 1197 3775 διὰ
1232 3722 1357 3793 μίαν
1390 3723 1605 3793 ἐκείνην
1646 3725 1876 3792 ἐπαγγε-

287 3808 409 3861 λίαν
438 3809 541 3880 τῆς
574 3810 759 3883 θεῖκῆς
789 3816 994 3885 φωνῆς,
1023 3813 1089 3866 δι’
1122 3810 1192 3885 ἦς
1220 3815 1281 3866 ού
1319 3813 1549 3881 διδάξειν
1598 3816 1721 3877 τοὺς
1750 3816 1877 3867 ἑαυ-

285 3902 380 3954 τοῦ
419 3902 687 3973 μαθητάς,
712 3904 826 3957 ἀλλ’
867 3905 1030 3967 αὐτὸς
1071 3906 1316 3974 ποιήσειν
1346 3905 1541 3969 αὐτοὺς
1569 3905 1753 3969 ἁλιέας
1783 3907 1875 3959 ἀν-

286 3991 524 4064 θρώπων
564 3995 952 4071 ἐπηγγείλατοι
982 3995 1132 4047 ’Ώστ’
1163 3996 1224 4048 ού
1264 3996 1515 4066 προέγνω
1560 3996 1717 4067 μόνον
1749 3996 1874 4050 οὔτε

286 4085 569 4156 προέφησε
607 4086 669 4139 τὸ
704 4087 916 4158 μέλλον,
948 4087 1083 4140 ἀλλὰ
1109 4088 1206 4140 καὶ
1239 4089 1469 4160 ποιητὴς
1503 4088 1598 4143 τοῦ
1624 4089 1875 4160 τηλικού-

284 4191 378 4228 του
413 4175 839 4246 κατορθώματος
879 4178 1293 4247 ὰποπέφανται’
1337 4176 1459 4234 εἶπέ
1492 4198 1552 4234 τε
1590 4180 1669 4251 τῷ
1707 4180 1869 4253 λόγῳ,

285 4265 381 4318 καὶ
414 4266 681 4337 πεποίηκε
715 4267 791 4338 τῷ
824 4268 987 4340 ἔργῳ·
1028 4271 1341 4341 παρέστησέ
1381 4289 1437 4325 τε
1473 4272 1533 4324 τὸ
1565 4272 1755 4342 μέλλον
1785 4273 1873 4326 διὰ

286 4358 559 4429 συμϐόλου
588 4360 683 4413 καὶ
718 4362 943 4425 εἰκόνος,
980 4362 1073 4415 καὶ
1110 4362 1177 4415 δι’
1224 4363 1395 4434 αὐτῆς
1441 4364 1719 4435 ἐνεργείας
1762 4365 1869 4416 ἀπ-

285 4452 420 4522 επλή
432 4469 592 4523 ρωσε.
616 4452 739 4516 Τοῖς
763 4452 871 4523 γὰρ
901 4451 1068 4506 πάλαι
1099 4452 1362 4524 πρότερον
1387 4454 1444 4506 ὲν
1475 4454 1664 4525 σκοτίᾳ
1692 4452 1867 4522 φωτὸς

285 4546 561 4618 ἀληθείας,
590 4547 682 4600 καὶ
710 4545 845 4599 Θεοῦ
875 4546 1127 4615 γνώσεως
1155 4549 1212 4601 ἐν
1243 4548 1396 4600 νυκτὶ
1422 4548 1863 4617 καταπονηθεῖσι,

283 4637 376 4688 καὶ
424 4637 626 4707 μηδένα
670 4637 804 4708 πρὸς
844 4638 1112 4708 σωτηρίαν
1147 4636 1409 4709 θηρεῦσαι
1451 4638 1863 4709 δεδυνημένοις,

280 4728 601 4799 ἐπιλάμψας
636 4729 697 4782 τὸ
738 4729 931 4782 ἑαυτοῦ
977 4730 1198 4799 φέγγος,
1244 4734 1299 4784 ἐν
1363 4732 1546 4804 ἡμέρᾳ
1598 4733 1689 4785 καὶ
1725 4734 1865 4800 φωτὶ

279 4819 592 4889 γενομένοις
620 4821 967 4891 προστάττει,
993 4822 1054 4873 ού
1082 4824 1145 4891 τῇ
1176 4822 1352 4891 οίκείᾳ
1378 4823 1675 4894 ἐπιστήμῃ,
1704 4823 1781 4894 τῷ
1807 4824 1863 4877 δὲ

278 4908 446 4963 αὑτοῦ
490 4911 694 4981 ῥήματι
734 4910 1089 4981 θαρσοῦντας,
1136 4912 1447 4966 ἐπιϐάλλειν
1488 4914 1566 4984 τῷ
1614 4914 1760 4986 βυθῷ
1797 4915 1866 4968 τὰ

278 4997 491 5052 δίκτυα.
534 5001 597 5053 0i
625 5000 682 5052 δὲ
716 4999 952 5053 τοσαῦτα
985 5003 1287 5072 συνήγαγον
1321 5002 1519 5072 ἰχθύων
1558 5004 1758 5074 πλήθη,
1791 5005 1868 5068 ὡς

278 5088 707 5161 διαρρήγνυσθαι
738 5092 839 5163 μὲν
863 5093 931 5146 τὰ
964 5094 1260 5164 θηρευτικὰ
1284 5095 1509 5166 ὄργανα,
1541 5095 1865 5151 κινδυνεύειν

278 5178 335 5231 δὲ
368 5181 451 5244 εἰς
482 5178 644 5249 βυθόν
674 5186 871 5254 χωρεῖν
911 5183 1019 5235 ἀπὸ
1051 5183 1145 5237 τοῦ
1179 5186 1377 5255 φόρτου
1406 5183 1475 5237 τὰ
1506 5185 1683 5238 πλοῖα.

361 5271 517 5325 Ἐπεὶ
552 5273 610 5326 δὲ
642 5274 818 5327 ταῦθ’⁹
839 5275 1011 5340 οὕτως
1053 5278 1497 5348 προσταττόμενα
1525 5279 1632 5332 τὸν.
1658 5279 1862 5351 Πέτρον

278 5360 357 5424 είς
384 5358 648 5431 ἔκπληξιν
679 5364 771 5415 καὶ
815 5364 977 5432 φόϐον
1016 5366 1077 5418 ού
1116 5366 1207 5419 τὸν
1234 5367 1466 5437 τυχόντα
1508 5363 1663 5437 ἦγενο
1703 5367 1863 5422 Ἀλλὰ

277 5449 448 5505 ταῦτά
472 5468 553 5517 σε,
594 5454 728 5523 φησι
757 5454 892 5525 πρὸς
921 5456 1081 5509 αὐτὸν
1114 5459 1142 5510 ό
1171 5457 1378 5529 Σωτὴρ,
1419 5460 1585 5529 μήπω
1627 5459 1863 5530 ἐκπλητ-

277 5540 443 5594 τέτω’
484 5542 699 5596 παιδιαὶ
722 5542 828 5616 γὰρ
855 5544 932 5596 ἔτι
958 5544 1132 5599 ταῦτα
1165 5548 1258 5600 καὶ
1296 5548 1595 5617 μελλόντων
1635 5550 1856 5615 εἰκόνες-

276 5634 324 5686 οῑ
348 5632 409 5687 δὲ
435 5635 536 5704 μὲν
560 5634 740 5705 ἰχθύες
762 5636 980 5691 ἄναυδοι
1012 5639 1104 5691 καὶ
1128 5638 1332 5707 ἄλογοι,
1363 5641 1455 5694 καὶ
1475 5642 1649 5697 ταῦτα
1677 5643 1858 5717 σκάφη

1982 3087 2138 3133 erant
2187 3087 2242 3133 et
2289 3079 2516 3140 sonitus,
2594 3088 2970 3146 praetereaque
3026 3076 3190 3131 nihil.
3254 3075 3362 3132 Sed
3416 3076 3561 3130 enim

1982 3171 2184 3227 divina:
2212 3172 2429 3226 virtutis
2460 3171 2744 3225 emcietitia
2777 3170 2917 3225 haud
2943 3171 3113 3225 multo
3163 3181 3288 3239 post
3325 3179 3437 3223 rata
3466 3183 3563 3223 ex-

1982 3263 2161 3318 hibuit
2206 3280 2222 3328 ;
2286 3278 2407 3318 cum
2462 3264 2578 3318 haec
2627 3263 2739 3331 ipsa
2799 3262 3034 3318 verbalia
3086 3263 3353 3333 promissa
3403 3261 3563 3315 factis

1981 3356 2291 3426 complevit,
2321 3356 2393 3409 ita
2427 3366 2483 3410 ut
2510 3357 2657 3411 brevi
2694 3366 2937 3425 tempore
2964 3356 3282 3411 universum
3333 3355 3560 3410 humani

1981 3447 2256 3503 incolatus
2287 3450 2500 3513 orbem,
2532 3449 2985 3517 innumeramque
3020 3448 3421 3501 multitudinem
3466 3461 3561 3500 ca-

1982 3550 2200 3609 ptorum
2242 3540 2425 3594 abhis
2471 3540 2655 3595 idiotis
2703 3541 3010 3603 hominum,
3047 3537 3295 3593 Christus
3332 3539 3561 3605 adeptus

1978 3632 2069 3695 sit,
2121 3631 2392 3702 plenaque
2422 3632 2682 3687 Ecclesiis
2732 3632 3010 3686 evaserint
3066 3631 3181 3686 loca
3231 3630 3411 3683 omnia
3447 3638 3559 3681 tum

1979 3722 2291 3785 Graecorum
2346 3736 2456 3778 tum
2516 3726 2680 3779 etiam
2734 3726 3115 3789 barbarorum,
3162 3730 3381 3794 propter
3413 3718 3561 3775 illam

1978 3815 2154 3870 unicae
2205 3817 2405 3873 divina:
2451 3818 2597 3872 vocis
2641 3818 3085 3888 promissionem,
3152 3831 3255 3885 qua
3311 3814 3453 3868 haud
3501 3829 3559 3868 se

1980 3909 2271 3977 discipulos
2323 3925 2454 3965 suos
2495 3910 2810 3975 docturmn,
2875 3913 2968 3966 sed
3018 3924 3209 3977 reapse
3255 3908 3559 3977 piscatcres

1979 3997 2259 4052 hominum
2295 3999 2616 4054 effecturum
2667 4001 2977 4071 spopondit.
3032 4000 3399 4067 Quamobrem
3451 4013 3558 4051 non

1978 4091 2251 4157 praescivit
2286 4093 2445 4146 modo
2483 4092 2563 4146 vel
2595 4092 2849 4160 pranlixit
2882 4107 2995 4145 rem
3028 4090 3289 4156 futuram,
3333 4090 3426 4143 sed
3477 4087 3559 4143 ef-

1979 4181 2152 4234 fector
2178 4179 2430 4236 facinoris
2457 4182 2590 4236 tanti
2622 4182 2914 4251 apparuit,
2972 4182 3223 4250 dixitque
3257 4180 3460 4244 verbis,
3500 4189 3556 4232 et

1976 4290 2141 4344 Opere
2166 4286 2456 4333 exsecratus
2485 4288 2602 4341 est;
2637 4278 2799 4346 idque
2830 4277 2969 4341 fore,
3001 4275 3248 4348 symbolo
3284 4275 3559 4346 portendit

1904 4396 1947 4451 Ι)
1978 4378 2142 4439 atque
2169 4369 2428 4437 imagine,
2482 4370 2754 4438 simulque
2800 4370 2914 4439 ipsa
2956 4367 3196 4422 ellicacia
3242 4366 3558 4436 complevit.

1978 4459 2222 4532 Namque
2254 4464 2355 4517 hos
2386 4463 2702 4533 discipulos,
2739 4462 2830 4528 qui
2870 4472 3029 4517 antea
3061 4459 3313 4514 veritatis
3354 4459 3558 4512 lumine

1978 4555 2259 4622 carebant,
2308 4564 2364 4609 et
2414 4570 2510 4624 per
2548 4565 2759 4610 noctem
2820 4555 3001 4609 divina
3055 4552 3249 4607 notitia
3281 4562 3557 4608 carentem

1979 4644 2390 4708 laboraverant.
2424 4646 2804 4715 neminemque
2845 4644 2910 4698 ad
2956 4643 3184 4699 salutem
3223 4643 3427 4697 lucrari
3456 4658 3556 4712 po—

1977 4745 2217 4804 tuerant,
2278 4738 2395 4805 ipse
2449 4738 2653 4792 lumine
2696 4753 2793 4791 suo
2832 4736 3145 4799 illustrans,
3186 4745 3242 4791 et
3284 4736 3339 4790 in
3364 4736 3557 4790 diurna

1977 4831 2096 4884 luce
2144 4830 2499 4896 constituens,
2538 4830 2694 4899 jubet
2755 4846 2861 4885 non
2908 4831 3123 4901 propria
3186 4829 3416 4899 peritia,
3461 4830 3558 4882 sed

1974 4923 2142 4991 ipsius
2165 4923 2331 4976 verbo
2348 4922 2604 4990 conlisos,
2627 4924 2758 4976 retia
2781 4925 2831 4977 in
2862 4924 3082 4995 pelagus
3104 4921 3307 4992 jacere.
3337 4919 3400 4974 Hi
3426 4934 3557 4973 vero

1972 5022 2172 5065 tantam
2234 5012 2568 5083 collegerunt
2627 5015 2854 5083 plSt'ittln
2912 5014 3355 5076 multitudinem,
3410 5019 3558 5063 utet

1975 5104 2265 5172 piscatoria
2310 5105 2675 5160 instrumenta
2708 5115 3115 5174 rumperentur,
3148 5112 3203 5159 et
3237 5104 3369 5174 ipsa:
3403 5101 3553 5156 navi-

1970 5195 2103 5248 cnlze
2136 5196 2376 5265 ticltlel'gi
2410 5197 2646 5265 pondere
2686 5196 3152 5267 periclitarentur.

2042 5286 2178 5351 Quia
2227 5301 2354 5339 vero
2400 5287 2527 5341 talia
2586 5288 2869 5355 imperata,
2915 5286 3135 5342 Petrum
3185 5286 3238 5340 in
3270 5295 3545 5353 stuporem

1971 5384 2289 5445 metumque
2337 5392 2441 5431 non
2488 5378 2763 5432 modicum
2793 5378 3182 5443 abduxerant;
3222 5377 3375 5431 Haud
3406 5379 3545 5443 hac,

1970 5465 2146 5534 inquit
2194 5466 2242 5521 ei
2296 5468 2577 5533 Servator,
2642 5482 2975 5538 magnopere
3029 5477 3082 5522 te
3123 5478 3545 5523 commoveant:

1968 5555 2177 5613 ludicra
2209 5560 2354 5614 enim
2390 5560 2503 5613 haec
2539 5571 2668 5617 sunt
2707 5562 2909 5625 adhuc,
2938 5567 2992 5616 et
3023 5560 3329 5617 futurarum
3361 5576 3545 5616 rerum

1971 5645 2236 5718 imagines
2283 5668 2297 5703 :
2347 5651 2524 5719 pisces
2571 5652 2788 5719 quidem
2841 5650 3000 5717 nmti,
3046 5660 3101 5707 et
3157 5650 3545 5715 irrationales’;

346 5748 460 5817 (42)
489 5748 816 5832 νορεὼυιυιη
845 5751 1172 5817 ἀκολούθους
1207 5756 1381 5824 magis
1415 5758 1636 5828 preprie
1698 5757 1884 5814 vellem
1926 5774 1953 5812 a
2022 5761 2169 5832 Syro
2219 5763 2384 5820 fuisse
2425 5766 2713 5822 redditum.
2764 5765 2837 5821 ita
2891 5767 3056 5823 etiam
3103 5767 3245 5837 quod
3302 5768 3548 5837 sequitur

278 5820 636 5891 σαγηνευτάς.
