4008 6514
459 417 556 471 631

1164 413 1430 469 EUSEBll
1471 408 2041 470 (ΞΑΞΒΑΒΙΕΧΞΙΞὈῙ

2178 414 2357 469 PARS
2395 410 2483 469 ιγ’.
2524 447 2591 455 —-
2630 414 3045 470 DOGMATICA.

3590 420 3689 472 652

455 534 765 599 devinctos;
790 546 929 585 nunc
956 539 1133 586 autem
1162 533 1336 599 primo
1360 546 1427 586 ex
1451 534 1659 599 impura
1692 535 2026 601 scelestaque

2141 532 2483 603 ιαθαίρεσθαι
2537 535 2600 585 ἐκ
2650 534 2749 602 τῆς
2798 532 3114 602 δαιμονικῆς
3171 549 3261 583 και
3313 531 3687 603 είδωλολάτρου

455 625 564 675 vita
602 633 903 676 revocatos.
960 622 1136 690 Atque
1195 633 1251 675 ut
1300 624 1385 677 his
1435 625 1700 677 suadeant
1750 624 2021 689 admonet,

455 724 578 787 post
641 713 1055 782 purgationem,
1138 714 1349 782 mystici
1420 714 1714 783 magisterii
1782 716 1831 767 vi
1902 731 2026 783 per-

458 816 655 868 actam,
687 806 826 858 haud
860 805 968 873 jam
1004 817 1270 875 prtecepta
1315 805 1563 868 Judaica,
1611 821 1786 875 neque
1828 805 2028 873 Moysis

460 896 719 965 legitima.
759 898 853 951 sed
903 913 1022 967 qua:
1081 898 1192 966 ipse
1239 898 1305 951 iis
1349 900 1683 968 przeciperet,
1715 898 2025 953 observare.

456 986 583 1040 [hcc
611 987 861 1041 videlicet
884 1002 990 1042 uno
1011 1003 1106 1041 ore
1134 989 1312 1042 cuncti
1340 991 1467 1043 dum
1489 1005 1583 1059 per
1610 999 1797 1059 gentes
1823 989 2032 1043 discur-

456 1087 640 1132 rerent
676 1080 961 1134 tradebant
986 1083 1295 1136 constitutis
1325 1082 1376 1135 in
1410 1083 1659 1136 universo
1684 1080 1817 1136 orbe
1844 1080 2032 1135 Eccle-

455 1171 575 1224 siis.
623 1172 797 1240 Atque
833 1180 891 1224 ut
930 1187 1066 1241 opus
1109 1184 1252 1237 erat,
1300 1174 1570 1235 hortatur,
1626 1182 1681 1226 et
1740 1171 2030 1225 alacriores

455 1260 621 1316 cllicit
647 1264 713 1317 ad
742 1264 1017 1318 adeundas
1045 1275 1365 1319 venatorum
1393 1278 1542 1318 more
1568 1272 1778 1334 gentes,
1814 1273 1867 1317 et
1895 1263 2030 1315 uni—

455 1370 672 1408 versum
713 1359 988 1411 hominum
1026 1374 1195 1428 genus
1232 1355 1607 1418 erudiendum,
1664 1355 1845 1408 addita
1903 1370 2025 1424 pro-

456 1444 751 1499 missione:
789 1446 924 1500 Ecce
958 1464 1048 1516 ego
1075 1448 1336 1500 vobiscum
1364 1462 1514 1511 sum;
1569 1446 1868 1499 secundum
1904 1460 2031 1498 vero

456 1534 680 1597 Lucam.
706 1537 968 1606 Spiritum
1000 1542 1292 1608 spondens.
1344 1539 1467 1594 Hzec
1503 1552 1681 1593 autem
1718 1537 2033 1607 promissio-

457 1626 545 1679 nis
594 1627 760 1680 verba
818 1630 991 1697 reipsa
1039 1630 1333 1682 cuinulavit
1372 1646 1383 1681 :
1438 1644 1559 1683 nam
1611 1629 1793 1682 divina
1831 1628 2033 1682 virtute

458 1718 654 1786 cuique
706 1730 919 1784 astans.
975 1722 1246 1790 inspirans
1287 1722 1451 1776 simul
1490 1731 1545 1776 et
1580 1736 1897 1789 cooperans,
1940 1735 2031 1773 ue-

458 1811 589 1878 gotii
624 1826 934 1866 successum
964 1812 1329 1877 coutirmavit,
1349 1826 1547 1881 eosque
1579 1811 1867 1881 magistros
1892 1809 2031 1880 apud

458 1917 645 1956 omnes
688 1914 875 1970 gentes
908 1905 1119 1959 tradita:
1151 1922 1178 1958 a
1224 1920 1284 1960 se
1322 1904 1595 1973 religionis
1621 1902 1918 1957 constituit.

2130 625 2356 693 πλάνης,
2400 625 2670 694 μιάσμασί
2713 642 2774 677 τε
2810 625 3084 685 παντοίοις
3122 623 3527 693 ἐνισχημένους,
3572 624 3688 695 ἄρτι

2127 732 2186 767 τε
2216 715 2429 785 πρῶτον
2450 714 2508 781 ἐξ
2532 715 2830 768 ἀκολάστου
2865 714 2959 767 καὶ
2982 714 3295 784 παρανόμου
3329 712 3443 782 βίου
3474 714 3689 782 μεταϐε-

2128 806 2447 877 ϐλημένους.
2484 806 2717 869 Τούτους
2744 807 2797 859 δὲ
2830 808 2923 860 καὶ
2963 806 3229 859 διδάσκειν
3265 804 3520 875 παραινεῖ
3563 806 3691 874 μετά

2128 898 2226 969 τὴν
2250 897 2622 967 ἀποκάθαρσιν
2664 899 2761 968 τὴν
2794 898 2882 951 διὰ
2920 898 3017 969 τῆς
3050 897 3213 952 αὐτοῦ
3251 899 3517 967 μυστικῆς
3556 896 3693 950 διδα-

2132 990 2377 1057 σκαλίας,
2398 991 2458 1042 οὐ
2482 990 2551 1043 τά
2577 991 2840 1043 Ἰουδαϊκὰ
2858 990 3304 1062 παραγγέλματα,
3322 989 3444 1042 οὐδὲ
3461 988 3528 1041 τά
3553 989 3694 1060 παρά

2130 1083 2352 1134 Μωῡσεί
2391 1081 2617 1152 νόμιμα,
2651 1082 2764 1135 ἀλλ’
2800 1084 2899 1135 ὅσα
2934 1083 3117 1145 αὐτοῖς
3160 1080 3460 1133 ἐνετείλατο
3502 1080 3693 1149 φυλάτ-

2130 1189 2261 1225 τειν.
2299 1171 2481 1225 Ταῦτα
2510 1172 2554 1223 δ’
2585 1169 2654 1242 ἦν
2686 1173 2721 1226 ἀ
2763 1174 2827 1244 δὴ
2871 1171 3175 1243 συμφώνως
3204 1176 3250 1225 oi
3295 1172 3498 1235 πάντες
3543 1174 3695 1224 ἐκπε-

2136 1261 2432 1332 ριελθόντες
2476 1264 2651 1316 πάντα
2685 1264 2752 1316 τά
2795 1264 2919 1335 ἔθνη
2974 1262 3389 1333 παραδεδώκασι
3420 1265 3542 1326 ταῖς
3580 1263 3693 1316 καθ’

2130 1354 2258 1423 ὅλης
2284 1354 2385 1423 τῆς
2417 1356 3116 1426 οἱκουμένηςἘκκλησίαις.
3155 1355 3494 1424 Ἀναγκαίως
3527 1354 3582 1408 δέ
3610 1357 3698 1408 αὖ·

2131 1447 2258 1509 τοὺς
2280 1446 2599 1517 προτρέπει,
2632 1447 2724 1499 καὶ
2750 1448 3189 1518 προθυμοτέρους
3212 1443 3585 1516 ἀπεργάζεται
3612 1446 3697 1496 ἐπὶ

2130 1538 2190 1590 τὸ
2213 1538 2475 1609 θηρεῦσαι
2505 1538 2808 1610 περιελθεῖν
2844 1557 2903 1593 τε
2928 1539 3106 1593 πάντα
3131 1539 3198 1591 τά
3220 1538 3369 1608 ἔθνη,
3404 1538 3499 1591 καὶ
3536 1537 3701 1608 μαθη-

2129 1628 2320 1682 τεῦσαί
2359 1631 2466 1682 πᾶν
2503 1630 2657 1697 γένος
2690 1629 3009 1700 ἀνθρώπων,
3040 1629 3104 1681 δι’
3132 1624 3199 1700 ἧς
3230 1628 3528 1699 πεποίηται
3570 1629 3699 1701 πρὸς

2132 1721 2329 1783 αὐτους
2368 1721 2712 1789 ὑποσχέσεως
2754 1719 2950 1774 εἰπών·
3003 1722 3112 1775 Καὶ
3144 1721 3271 1776 ἰδοὺ
3297 1720 3413 1790 ἐγώ
3440 1722 3555 1789 εἶμι
3578 1720 3698 1788 μεθ’

2132 1810 2290 1879 ὑμῶν
2313 1828 2325 1842 ⁸
2361 1812 2502 1864 κατά
2527 1812 2584 1864 δὲ
2615 1814 2846 1875 Λουκᾶν,
2877 1812 2938 1865 τὸ
2972 1812 3193 1883 Πνεῦμα
3222 1811 3697 1881 ἐπαγγειλάμενος.

2059 1886 2102 1940 Β
2132 1902 2317 1972 Τούτῳ
2338 1902 2393 1955 δὲ
2415 1901 2491 1972 τῷ
2505 1903 2601 1973 τῆς
2626 1903 2949 1972 ἐπαγγελίας
2969 1904 3111 1974 λόγῳ
3128 1904 3283 1973 ἔργον
3305 1904 3535 1967 ἐπιθεὶς,
3552 1904 3697 1973 θεῖκῇ

458 2012 517 2049 τε
539 1995 760 2067 δυνάμει
788 1998 1002 2069 ἑκάστῳ
1037 1998 1229 2063 συνὼν,
1264 1998 1556 2068 συμπνέων
1578 2016 1636 2050 τε
1659 1998 1840 2059 αὐτοῖς
1867 1996 1961 2049 καὶ
1986 1995 2281 2067 συνεργῶν,
2322 1995 2660 2050 ἐπιστώσατο
2690 1996 2749 2049 τὸ
2774 1998 3121 2069 κατόρθωμα,
3145 1998 3501 2060 διδασκάλους
3526 2014 3583 2049 τε
3612 1996 3702 2049 αύ-

456 2089 584 2152 τοὺς
615 2090 723 2142 τῶν
745 2090 1198 2144 ἐθνῶν-ἁπάντων
1239 2090 1340 2160 τῆς
1374 2091 1465 2143 ὑπ’
1494 2090 1657 2143 αὑτοῦ
1692 2088 2089 2160 παραδοθείσης
2115 2086 2419 2151 θεοσεὸειας
2448 2088 2921 2159 ἀποδεικνύμενος.

531 2182 584 2234 ‘2.
610 2180 721 2235 Hac
746 2182 819 2236 illi
841 2184 1198 2252 promissione
1216 2185 1350 2247 nixi,
1368 2198 1531 2252 opere
1561 2184 1676 2253 ipso
1708 2182 1851 2236 illius
1871 2184 2034 2236 verba

460 2274 805 2344 complebant
837 2290 852 2327 :
894 2268 1159 2344 prodnus'
1193 2276 1337 2329 enim
1387 2275 1520 2329 nihil
1561 2284 1855 2337 morantes,
1890 2272 2035 2326 omni

461 2381 583 2420 cum
603 2367 882 2421 alacritate
904 2368 969 2420 ad
989 2368 1224 2436 gentium
1251 2368 1613 2437 magiSterium
1635 2366 2035 2420 discurrebant.

463 2455 598 2510 Tum
630 2459 743 2525 ipso
773 2460 849 2513 rei
875 2472 1068 2513 eventu
1096 2453 1361 2527 persuasi,
1387 2459 1665 2527 oculisque
1702 2474 1824 2512 eum
1855 2458 2039 2513 viven-

465 2562 571 2603 tem
598 2561 884 2605 cernentes
908 2552 997 2621 qui
1032 2551 1190 2621 paulo
1220 2561 1378 2606 antea
1422 2552 1723 2606 exstinctus
1756 2550 1954 2616 fuerat,
1984 2558 2040 2602 et

461 2657 622 2711 quem
657 2657 778 2695 cum
818 2642 1193 2711 jurejurando,
1217 2653 1438 2712 propter
1469 2657 1530 2696 ea
1560 2657 1678 2710 qua:
1706 2640 2036 2704 acciderant,

463 2742 792 2801 negaverant
813 2748 828 2797 ;
849 2734 1009 2799 hunc,
1034 2733 1276 2802 inquam,
1303 2741 1607 2802 spectantes
1624 2732 1903 2785 evidenter
1920 2745 2041 2799 per-

463 2823 836 2892 sonaliterque
874 2834 1215 2892 praesentem,
1259 2838 1313 2880 et
1362 2840 1513 2880 more
1543 2824 1705 2879 solito
1758 2821 2039 2891 alloquen-

466 2925 596 2979 tem,
621 2926 676 2969 et
698 2932 759 2971 ea
784 2932 905 2986 quae
936 2916 1048 2985 jam
1084 2933 1182 2973 nos
1210 2917 1444 2972 diximus
1487 2918 1886 2988 promittentem
1929 2932 1942 2967 :
1985 2914 2038 2967 in

464 3014 703 3073 tantum,
733 3017 789 3061 ut
834 3025 864 3062 a
899 3009 1166 3077 promisso
1195 3024 1254 3063 se
1284 3009 1536 3063 excidere
1578 3006 1719 3060 baud
1751 3019 1912 3074 posse
1936 3019 2041 3058 co-

465 3110 812 3166 gnoscerent,
862 3111 1081 3171 propter
1117 3101 1353 3155 oblatam
1385 3100 1555 3154 oculis
1619 3099 2037 3169 apparitionem.

466 3190 601 3258 Quae
629 3192 731 3247 nisi
782 3194 940 3247 ita'se
968 3195 1250 3259 baberent,
1296 3192 1537 3262 profecto
1559 3191 1624 3243 ad
1656 3200 1921 3259 praecepta
1953 3187 2039 3241 illa

468 3272 825 3353 to‘rpuissent,
880 3286 1198 3341 rusticitatis
1247 3300 1358 3339 sua:
1415 3293 1472 3339 et
1548 3283 1779 3337 idioticze
1821 3280 2043 3348 loquelae

468 3378 700 3441 conscii,
749 3377 904 3448 cujus
955 3392 1118 3433 causa
1167 3377 1400 3431 cilicium
1454 3377 1688 3430 fortasse
1745 3377 2043 3428 detrectas-

2209 2180 2271 2250 β’.
2297 2181 2476 2251 Ταυτῃ
2501 2179 2631 2249 γοῦν
2652 2181 3116 2253 ἐπιθαρσήσαντες
3132 2186 3197 2253 τῇ
3217 2181 3540 2253 ἐπαγγελίᾳ.
3560 2181 3696 2251 ἔργῳ

2136 2273 2259 2335 τοὺς
2290 2273 2451 2326 αὐτοῦ
2484 2273 2676 2341 λόγους
2711 2275 2978 2345 ἐπλήρουν
2998 2292 3012 2305 ·
3056 2276 3250 2329 αὐτίκα
3278 2275 3445 2345 μηδὲν
3486 2273 3703 2343 ὑπερθέ-

2141 2387 2310 2440 μενοι,
2336 2373 2430 2422 συν
2476 2386 2621 2441 πασῃ
2670 2371 2946 2442 προθυμίᾳ
2991 2371 3279 2441 περιῆλθον
3330 2372 3427 2423 ἐπὶ
3468 2372 3564 2441 τὴν
3606 2370 3705 2423 τῶν

2138 2463 2305 2515 ἐθνῶν
2320 2462 2685 2515 διδασκαλίαν·
2706 2462 2851 2534 ἔργῳ
2872 2464 2967 2533 μὲν
2986 2462 3132 2533 αύτῷ
3150 2462 3561 2534 παραλαϐόντες
3581 2462 3705 2532 (55),

2140 2554 2232 2607 καὶ
2254 2552 2550 2622 ὀφθαλμοῖς
2579 2554 2813 2625 ὁρῶντες
2836 2553 3011 2618 ζῶντα
3039 2554 3128 2607 τὸν
3155 2556 3259 2625 πρὸ
3298 2553 3500 2626 μικροῦ
3537 2554 3708 2607 θανόν·

2138 2641 2227 2709 τα,
2260 2646 2353 2699 καὶ
2376 2645 2434 2698 ὃν
2461 2644 2806 2715 ἐξωμόσαντο
2831 2646 3196 2717 ἀρνησάμενοι
3226 2646 3312 2700 διά
3344 2646 3421 2699 τὰ
3445 2645 3706 2716 συμόεόη-

2140 2737 2293 2801 κότα,
2321 2735 2508 2789 τοῦτον
2536 2736 2695 2789 αὑτὸν
2717 2736 2961 2808 ἐναργῶς
2992 2738 3085 2789 καὶ¹
3106 2736 3553 2806 αὐτοπροσώπως
3584 2752 3709 2805 παρ-

2139 2829 2268 2882 όντα
2301 2828 2393 2881 καὶ
2437 2826 2679 2899 συνήθως
2732 2827 3270 2898 προσδιαλεγόμενον,
3318 2825 3707 2895 ἐπαγγελλόμε-

2140 2919 2230 2973 νόν
2259 2936 2319 2972 τε
2340 2919 2523 2981 αὐτοῖς
2546 2918 2613 2971 τά
2650 2917 3081 2989 προλελεγμένα·
3116 2919 3217 2971 οὑκ
3244 2918 3464 2988 ἔχοντες
3489 2918 3544 2969 δὲ
3573 2918 3707 2979 ὅπως

2139 3013 2204 3064 ὰν
2233 3011 2583 3080 ἀποστήσωσι
2614 3008 2710 3079 τῆς
2737 3009 3065 3078 ἐπαγγελίας
3095 3008 3181 3061 διὰ
3206 3009 3305 3078 τὴν
3338 3005 3703 3079 θεωρουμένηι

2140 3102 2279 3172 ὄψιν.
2314 3097 2393 3154 Ἦ
2425 3100 2535 3173 γάρ
2564 3103 2629 3155 ἂν
2654 3103 2746 3155 καὶ
2775 3100 3105 3171 ἀπώκνησαν
3140 3100 3273 3170 πρὸς
3308 3098 3368 3150 τὸ
3422 3099 3704 3166 ἐπίταγμα,

2141 3194 2432 3265 ἀγροικίαν
2461 3195 2673 3257 ἑαυτοῖς
2700 3194 2794 3246 καὶ
2818 3192 2992 3261 λόγων
3028 3190 3293 3245 ἱδιωτείαν
3326 3188 3709 3257 συγγινώσκον-

2140 3303 2253 3349 τες,
2288 3286 2355 3339 δι’
2385 3291 2452 3357 ἢν
2485 3284 2624 3355 τάχα
2654 3284 2717 3338 ἂν
2740 3285 2834 3338 καὶ
2861 3282 3247 3355 παρῃτήσαντο
3269 3299 3283 3312 ·
3320 3282 3548 3342 εἰκότως
3570 3278 3705 3343 λογι-
3762 3344 3766 3349 ο

2144 3377 2388 3447 σάμενοι,
2412 3394 2488 3439 ως
2514 3377 2612 3445 οὐχ
2638 3373 2747 3428 οἷόν
2776 3392 2836 3427 τε
2864 3370 2934 3444 ἦν
2960 3373 3165 3445 Σύρους
3192 3372 3290 3443 τήν
3315 3371 3585 3439 γλῶτταν,
3622 3368 3707 3419 καὶ

468 3477 623 3533 sent;
660 3478 806 3523 recte
849 3470 1148 3537 cogitantes
1174 3469 1288 3523 ﬁeri
1334 3468 1479 3523 haud
1525 3481 1683 3536 posse
1710 3475 1770 3519 ut
1798 3463 2041 3519 homines

2146 3465 2307 3519 πλέον
2339 3466 2546 3527 ἁλιείας
2578 3464 2743 3536 μηδὲν
2761 3463 3176 3533 ἐπισταμένους,
3208 3461 3561 3521 διδασκάλους
3588 3456 3709 3527 ὁμοῦ

470 3562 650 3632 lingua
685 3563 831 3633 Syri,
873 3574 927 3617 et
962 3571 1153 3631 praeter
1201 3572 1375 3614 artem
1426 3560 1773 3628 piscatoriam
1803 3557 2043 3611 omnium

470 3652 670 3721 ignari,
707 3654 946 3725 magistri
989 3653 1443 3707 constituerentur
1464 3650 2047 3707 Crassorum—simulet

470 3744 867 3808 Romanorum,
884 3744 1257 3814 Egyptiorum
1290 3756 1345 3798 et
1367 3744 1676 3808 Persarum,
1701 3744 2045 3812 aliarumque

471 3838 710 3909 gentium
742 3837 1117 3899 barbararum,
1144 3836 1391 3906 legesque
1424 3835 1629 3890 ferrent
1657 3851 1839 3889 coram
1870 3835 2045 3903 legum

470 3933 737 3989 latoribus
800 3935 1157 4004 regibusque,
1224 3933 1528 3987 contrarias
1581 3932 1645 3985 iis
1704 3930 2049 4000 opinionibus

404 4018 407 4021 ’
470 4040 592 4093 quae
631 4025 695 4078 de
720 4024 991 4093 primariis
1020 4024 1122 4077 diis
1155 4039 1221 4077 ex
1252 4023 1396 4076 omni
1431 4036 1546 4075 navo
1572 4022 1913 4074 exstiterant.
1942 4020 2046 4071 Sed

472 4115 588 4169 haec
618 4130 836 4169 versare
868 4116 1050 4169 animo
1083 4130 1187 4167 non
1221 4114 1418 4167 licebat
1457 4113 1585 4176 illis,
1614 4113 1705 4181 qui
1730 4128 1916 4166 vocem
1955 4110 2047 4164 Dei

406 4278 409 4279 ν
472 4204 707 4261 dicentis
730 4205 1220 4260 audierantzEcce
1269 4222 1360 4274 ego
1404 4206 1662 4258 vobiscum
1716 4220 1864 4267 sum;
1908 4218 2046 4272 quo-

474 4296 618 4351 niam
662 4298 943 4352 evidenter
989 4307 1315 4367 aspexerant
1376 4295 1647 4363 loquentis
1708 4296 2046 4349 divinitatem

474 4390 635 4443 morti
656 4390 990 4459 snperioretu
1022 4388 1353 4457 apparuisse.
1388 4387 1522 4441 Hine
1551 4402 1644 4441 eos
1672 4386 2049 4441 inobedientia:

474 4482 641 4536 tintor
672 4483 912 4546 incessit,
940 4481 1167 4550 ideoque
1204 4481 1457 4551 periculis
1488 4496 1546 4535 se
1566 4480 1933 4546 obiectabant,
1959 4493 2046 4531 ac-

475 4584 630 4643 cepta
662 4588 691 4625 a
723 4574 981 4643 magistro
1013 4574 1173 4627 arrba
1197 4575 1322 4627 vita:
1355 4583 1472 4642 post
1506 4583 1734 4627 mortem
1774 4571 2046 4634 vivenda‘;

475 4678 783 4733 magnoque
815 4664 996 4719 animo
1042 4674 1268 4718 cunctas
1297 4678 1483 4734 gentes
1522 4663 1767 4724 obibant,
1803 4663 2047 4729 magistri

476 4754 557 4807 sui
606 4756 993 4823 promissiones
1035 4772 1201 4826 opere
1242 4756 1632 4819 continuantes
1665 4754 1777 4824 (55)
1810 4771 1823 4807 :
1854 4753 2050 4822 quibus

474 4847 638 4899 etiam
662 4848 873 4901 dixerat
896 4864 909 4899 :
932 4845 1051 4903 Vos
1086 4849 1223 4903 estis
1249 4849 1441 4902 borum
1468 4857 1655 4909 testes,
1691 4847 1880 4901 mortis
1906 4846 2052 4899 vide-

475 4936 692 4992 licet‘ac
718 4940 1155 4993 resurrectionis.

547 5033 601 5087 5.
633 5031 767 5087 Cum
795 5047 925 5102 ergo
963 5032 1133 5087 semel
1188 5031 1522 5085 declarasset
1566 5040 1817 5099 oportere
1864 5030 1918 5084 in
1955 5047 2057 5086 no-

477 5126 625 5178 mine
656 5125 773 5194 ejus
814 5126 1094 5194 praedicari
1137 5125 1516 5194 paenitentiam
1550 5129 1601 5179 in
1634 5125 1845 5179 cunctis
1882 5125 2059 5193 genti-

477 5218 613 5281 bus;
656 5218 756 5271 nisi
780 5218 920 5271 l'acta
953 5217 1133 5271 verbis
1168 5226 1349 5284 postea
1372 5217 1791 5279 consensissent,
1819 5231 1885 5269 ne
1908 5216 2054 5269 illum

478 5311 698 5379 quidem
726 5328 756 5365 a
782 5312 1009 5366 tnortuis
1036 5310 1302 5365 revixisse
1325 5309 1693 5363 crederemus.
1746 5308 1842 5363 Sin
1880 5312 2057 5378 potius

482 5403 549 5457 ad
582 5405 720 5458 hanc
756 5420 926 5474 usque
957 5404 1098 5457 diem
1125 5414 1339 5457 etnunc
1364 5402 1527 5456 etiam
1552 5400 1832 5469 praedictio
1862 5401 1914 5453 in
1945 5415 2056 5453 rem

556 5577 670 5646 (55)
696 5576 867 5628 Aliter
888 5577 975 5629 hic
994 5574 1341 5643 interpungit,
1368 5581 1869 5642 consequenterque
1896 5574 2063 5627 inter-

481 5658 728 5719 pretatur
756 5646 929 5719 editor
951 5646 1173 5719 Aiuglus.

562 5717 676 5785 (54)
702 5718 826 5769 Abit
854 5717 904 5768 in
934 5711 1098 5768 aliuin
1126 5730 1347 5785 prOt-sus
1378 5728 1599 5785 sensum
1634 5712 1850 5785 Anglice
1878 5728 1941 5763 cx
1970 5711 2062 5785 Sy-

486 5782 635 5841 riaco
660 5782 665 5783 ⁷
694 5787 1071 5853 interpretatio
1108 5802 1121 5838 :
1158 5784 1465 5850 Respecting
1514 5782 1641 5835 wich
1678 5783 1911 5833 however
1944 5784 2061 5850 they

487 5859 593 5911 had
614 5856 939 5910 entertained
969 5856 1099 5909 fear.
1141 5855 1388 5913 (Syriaco
1420 5862 1569 5905 textu
1606 5866 1689 5904 me
1717 5867 1905 5907 carere
1954 5869 2060 5910 nou

2159 3558 2548 3630 Ἐλλήνωνοκαὶ
2598 3556 2902 3629 Ῥωμαίων,
2933 3555 3243 3623 Αἰγυπτίων
3281 3570 3341 3605 τε
3375 3555 3476 3606 καὶ
3500 3549 3709 3621 Περσῶν

2148 3650 2239 3702 καὶ
2282 3649 2391 3702 τῶν
2425 3649 2627 3702 λοιπῶν
2657 3649 2945 3721 βαρσάρων
2978 3645 3144 3700 ἐθνῶν
3189 3644 3546 3707 καταστῆναι,
3578 3647 3713 3696 ἀντι-

2147 3742 2505 3812 νομοθετῆσαί
2546 3759 2605 3794 τε
2651 3744 2764 3806 τοῖς
2797 3738 3109 3810 ἁπανταχοῦ
3156 3739 3273 3809 γῆς
3304 3740 3619 3809 νομοθέταις
3658 3751 3709 3787 τε

2148 3836 2241 3888 καὶ
2276 3833 2574 3903 βασιλεῦσι,
2610 3833 2872 3887 τάναντία
2904 3835 3015 3896 τοῖς
3041 3833 3166 3902 περὶ
3190 3832 3298 3883 τῶν
3328 3829 3559 3901 πρώτων
3586 3826 3713 3880 θεῶν

2148 3930 2212 3981 ἐκ
2253 3926 2345 3980 τοῦ
2388 3926 2589 3988 παντὸς
2635 3925 2829 3989 αἰῶνος
2874 3921 3235 3994 δεδογμένοις.
3282 3922 3424 3974 Ἀλλ’
3458 3922 3555 3972 οὐκ
3596 3916 3712 3983 ἐξῆν

2148 4021 2329 4083 αὐτοῖς
2352 4018 2528 4073 ταῦτα
2558 4017 2902 4081 διανοεῖσθαι,
2935 4015 3200 4070 ἀκούσασι
3238 4016 3336 4086 μὲν
3372 4014 3506 4067 Θεοῦ
3544 4010 3711 4080 φωνῆς

2148 4110 2412 4181 λεγούσης
2437 4111 2640 4173 αὐτοῖς,
2680 4109 2831 4163 ἰδοὺ
2869 4107 2982 4177 ἐγὼ
3028 4109 3153 4177 μεθ’
3192 4106 3360 4176 ὑμῶν
3382 4108 3532 4174 ειμι,
3555 4101 3711 4173 ὁρῶσι

2148 4203 2205 4257 δὲ
2240 4203 2446 4274 ἐναργῆ
2481 4202 2577 4273 τήν
2609 4201 2702 4254 τοῦ
2734 4201 3021 4263 λαλοῦντος
3049 4199 3274 4268 θεότητα
3318 4198 3594 4268 κρείττονα
3628 4196 3714 4244 0a—

2150 4297 2312 4350 νάτου
2348 4295 2639 4364 φανθεῖσαν
2659 4312 2671 4324 ·
2713 4294 2794 4346 διὸ
2828 4294 2921 4346 καὶ
2942 4293 3057 4356 δέος
3102 4292 3285 4353 αὐτοῖς
3320 4291 3417 4359 τῆς
3446 4284 3711 4357 παρακοῆς

2150 4388 2321 4458 εἰσῄει
2348 4387 2482 4457 (54).
2514 4386 2705 4438 Ἔνθεν
2728 4385 2892 4455 ὁμόσε
2914 4387 3025 4448 τοῖς
3054 4383 3318 4445 κινδύνοις
3350 4379 3605 4451 ἐχώρουν,
3625 4376 3713 4446 τῆς

2153 4481 2293 4551 μετὰ
2316 4479 2544 4532 θάνατον
2576 4478 2719 4549 ζωῆς
2748 4477 2897 4549 παρά
2919 4476 3013 4529 τοῦ
3040 4474 3358 4529 διδασκάλου
3381 4472 3627 4531 λαϐόντες
3655 4467 3715 4519 τά

2153 4570 2423 4641 ἐχέγγυαο
2458 4568 2727 4637 προῆλθόν
2756 4585 2816 4621 τε
2852 4565 3131 4639 εὐθαρσῶς
3159 4567 3250 4618 ἐπὶ
3287 4564 3386 4635 τὴν
3419 4564 3527 4617 τῶν
3554 4559 3713 4614 ἁπάν-

2150 4679 2258 4715 των
2294 4660 2462 4715 ἐθνῶν
2504 4660 2771 4731 περίοδον,
2802 4659 2897 4712 τοῦ
2937 4675 3087 4726 σφων
3126 4655 3442 4709 διδασκάλου
3474 4653 3569 4715 τάς
3598 4652 3716 4703 ὐπο-

2158 4754 2369 4824 σχέσεις
2410 4752 2590 4823 ἔργοις
2630 4751 3010 4820 πιστούμενοι’
3048 4742 3127 4811 οἷς
3159 4748 3251 4800 καὶ
3274 4748 3411 4817 ἔφη·
3450 4746 3629 4815 Ὑμεῖς
3663 4738 3713 4791 δέ

2161 4850 2285 4900 ἐστε
2330 4844 2605 4916 μάρτυρες
2649 4843 2874 4907 τούτων,
2906 4840 2999 4894 τοῦ
3021 4839 3249 4893 θανάτου
3281 4836 3481 4908 δηλαδή
3510 4835 3599 4888 καὶ
3628 4830 3717 4899 τῆς

2161 4938 2526 4999 ἀναστάσεως.

2234 5029 2345 5094 (55-
2355 5028 2442 5099 56)
2472 5035 2539 5096 γ’.
2574 5027 2754 5093 Ἂπαξ
2777 5023 2869 5079 οῦν
2890 5024 3313 5095 ἀποφηναμένου
3333 5024 3440 5075 δεῖν
3458 5038 3525 5090 κη
3534 5014 3717 5091 ρυχθῆ·

2164 5120 2255 5173 ἐπὶ⁵
2272 5120 2350 5189 τῷ
2373 5120 2594 5189 ὀνόματι
2615 5118 2775 5173 αὐτοῦ
2800 5117 3084 5187 μετάνοιαν
3110 5116 3202 5167 ἐπὶ
3226 5116 3403 5167 πάντα
3430 5112 3496 5164 τά
3516 5110 3655 5176 ἔθνη,
3672 5105 3713 5155 εί

2162 5231 2248 5265 ναι
2268 5212 2341 5282 μὴ
2357 5208 2447 5265 τοῦ
2457 5228 2581 5283 ργον
2614 5209 3015 5281 ἐπηκολούθηκε
3035 5206 3111 5276 τῷ
3127 5206 3287 5277 λόγῳ,
3313 5205 3443 5276 μηδέ
3474 5200 3538 5256 τά
3553 5201 3643 5268 τῆς
3657 5198 3713 5247 ἐκ

2162 5304 2369 5375 νεκρῶν
2407 5302 2751 5363 ἀναϐιώσεως
2786 5298 2949 5353 αὐτοῦ
2998 5298 3366 5351 πιστευέσθω·
3396 5296 3444 5346 εἰ
3478 5292 3532 5344 δὲ
3565 5286 3714 5340 εἰσέτι

2164 5398 2256 5448 καὶ
2300 5395 2396 5448 νῦν
2429 5394 2498 5447 τά
2542 5394 2640 5464 τῆς
2685 5394 3040 5462 προρρήσεως
3075 5392 3153 5453 εἰς
3196 5389 3353 5459 ἔργον
3397 5384 3578 5455 χωρεῖ.
3607 5379 3631 5429 ὅ
3662 5390 3712 5426 τε

2171 5572 2335 5629 semel
2361 5572 2485 5624 alibi
2526 5570 2681 5639 dixi.)
2937 5637 2943 5639 Α
3115 5634 3175 5639 ,η
3382 5631 3390 5639 .
3529 5627 3539 5638 .

2242 5643 2455 5707 (55-56)
2482 5641 2578 5693 llic
2612 5631 3085 5710 praetermittitur”
3115 5634 3295 5710 Νίσαια
3314 5631 3583 5710 eelogario
3601 5636 3712 5710 pars

2172 5697 2450 5782 aliquanta,
2475 5697 2759 5782 Ευεεῖνίιιρί
2786 5720 2981 5782 textus,
3011 5720 3129 5782 quin
3150 5704 3340 5782 legitur
3362 5697 3711 5782 ittlé‘ti‘glicaua

2170 5768 2423 5849 cdiiiouc,
2447 5798 2497 5846 ι).
2531 5781 2653 5837 9.27.
2689 5778 2930 5848 Theopb.
2968 5768 3042 5842 tv,
3069 5775 3119 5829 9.
3151 5768 3307 5843 Angl.
3340 5788 3389 5840 p.
3420 5768 3545 5820 2-28.
