4008 6512
315 428 417 484 635

732 540 756 553 .,

633 539 720 567 Γί>⁹

1651 428 1737 483 DE
1777 428 2244 486 'l'llEOPllANlA.

3443 431 3547 486 625i

316 541 465 609 λόγος
496 540 660 592 αὐτοῦ
690 540 797 604 ζῶν
828 542 919 593 καί
944 540 1180 613 ἐνεργῶν
1212 541 1332 594 καθ’
1354 540 1482 611 ὅλης
1515 541 1614 611 τῆς
1634 542 1879 611 οἰκουμέ-

1986 543 2352 608 convertitur;
2387 544 2611 614 ejusque
2648 544 2895 609 verbum,
2930 545 3113 599 vivum
3143 552 3198 596 et
3228 542 3409 599 eﬂicax
3453 562 3549 614 per

316 649 409 703 νης
441 631 737 702 ὀφθαλμοῖς
768 634 980 703 ὁρᾶται,
1018 632 1136 703 ὥρα
1172 633 1305 703 μηδέ
1330 632 1406 702 τῷ
1435 632 1525 685 τὸν
1558 631 1715 699 λόγον
1760 648 1885 701 προ-

315 723 491 793 εμένῳ
526 725 791 776 άπιστεῖν.
825 716 899 775 Οὖ
923 724 1029 793 γὰρ
1058 722 1331 793 ὴδύναμις
1360 723 1507 786 ζῶσα
1536 724 1631 775 καλ⁹
1658 722 1887 792 ἐνεργὴς

314 819 525 888 ὁρᾶται,
552 815 741 868 τοῦτον
776 818 986 888 ἀνάγκη
1018 818 1167 870 πάσα
1191 816 1324 869 πολὺ
1353 817 1615 887 πρότερον
1643 814 1762 883 ζῇν,
1792 812 1885 865 καὶ

314 908 446 960 Θεοῦ
484 906 629 978 ζωὴν
672 908 856 960 τοῦτον
891 908 1125 961 ἐκτελεῖν
1171 908 1304 979 (57),
1343 904 1404 961 οὗ
1434 906 1608 970 ζῶντα
1645 906 1711 959 τά
1750 905 1884 976 ἔργα

316 1002 376 1054 σύ
385 1019 579 1073 μφωνα
605 1004 721 1063 ταῖς
738 1003 939 1069 φωναῖς
953 1000 1353 1053 ἀποδείκνυται.
1375 1001 1558 1051 Πᾶσαν
1572 996 1703 1065 γοῦν
1715 996 1884 1067 ἀκοὴν

315 1092 581 1144 παντοίων
614 1090 782 1143 ἐθνῶν
799 1098 811 1151 (
822 1091 907 1158 58)
926 1094 973 1143 οἱ
988 1091 1150 1144 αὑτοῦ
1166 1091 1311 1158 λόγοι
1331 1089 1543 1159 διῆλθον
1560 1086 1885 1159 μεταϐαλλό-

316 1201 465 1252 μενοι
512 1183 609 1234 xui.
652 1182 1181 1253 μεθερμηνευόμενα
1229 1183 1310 1246 εἰς
1344 1180 1600 1235 παντοίαν
1639 1178 1883 1247 γλῶτταν

325 1275 641 1346 Ἑλληνικήν
680 1291 737 1325 τε
778 1274 871 1326 καὶ
910 1273 1213 1347 βάρϐαρον·
1248 1273 1323 1337 ὡς
1358 1270 1678 1337 ἐξάκουστον
1718 1269 1882 1324 αὑτοῦ

309 1365 406 1435 τὴν
425 1364 771 1418 διδασκαλίαν
795 1367 927 1418 πᾶσι
957 1368 1068 1428 τοῖς
1103 1364 1280 1416 ἔθνεσι
1301 1363 1616 1434 γενομένην,
1652 1364 1730 1425 εἰς
1764 1364 1886 1415 ἐπι-

310 1456 548 1526 στροφὴν
604 1456 696 1507 καὶ
748 1456 1034 1525 μετάνοιαν
1085 1456 1310 1523 ἀγαγεῖν
1357 1455 1525 1525 μυρία
1570 1453 1744 1525 πλήθη
1775 1452 1883 1505 τῶν

312 1546 575 1617 πρότερον
608 1548 665 1598 ἐν
696 1546 939 1616 πολυθέῳ
961 1546 1135 1618 πλάνῃ
1162 1545 1254 1599 καὶ
1271 1545 1680 1617 εἰδωλολατρεία
1714 1545 1887 1615 πλημ-

312 1636 486 1705 μελῶς
520 1637 615 1689 καὶ
647 1638 896 1707 άσέμνως
916 1638 1191 1707 βιούντων.
1224 1640 1297 1691 Οὐ
1322 1638 1584 1708 πρότερον
1599 1638 1654 1690 δὲ
1672 1639 1881 1705 ἄφεσιν,

308 1724 426 1780 εἶτα
444 1731 747 1799 μετάνοιαν,
763 1730 897 1783 ἀλλὰ
908 1730 1196 1800 μετάνοιαν
1213 1731 1444 1803 πρῶτον,
1459 1728 1574 1784 εἷτα
1584 1730 1681 1801 τὴν
1694 1732 1884 1799 ἄφεσιν

310 1822 598 1890 κηρύττειν
623 1823 1071 1895 παρακελεύεται.
1092 1823 1215 1886 Τοῖς
1235 1822 1344 1893 γάρ
1359 1824 1600 1893 γνησίοις
1622 1823 1884 1893 πρότερον

307 1910 494 1961 κακῶν
529 1913 817 1980 μετάνοιαν
846 1912 1290 1983 ἐνδειξαμένοιςή
1311 1915 1577 1985 σωτήριος
1601 1914 1761 1984 χάρις
1781 1914 1879 1983 τὴν

309 2001 655 2073 συγχώρησιν
701 2004 809 2055 τῶν
861 2004 1257 2076 πεπραγμένων
1310 2006 1651 2075 ἐδωρήσατο·
1692 2006 1758 2058 δι’
1787 2004 1881 2069 οὓς

308 2094 399 2145 καὶ
448 2095 541 2145 τὸν
587 2094 812 2147 θάνατον
846 2096 1147 2160 ἀνεδέξατο,
1184 2095 1377 2167 λύτρον
1420 2095 1611 2148 ἐαυτὸν
1667 2095 1882 2157 ἐπιδοὺς

306 2186 400 2236 καὶ
444 2185 733 2255 ἁντίψυχον
772 2186 878 2239 τῶν
916 2188 1210 2258 μελλόντων
1233 2188 1297 2240 δι’
1323 2186 1486 2240 αὑτοῦ
1519 2184 1878 2256 σωθήσεσθαι.

304 2270 462 2324 Οὕτω
501 2273 633 2342 δῆτα
666 2277 712 2326 οἱ
740 2276 903 2328 αὑτοῦ
938 2277 1197 2348 μαθηταὶ,
1231 2278 1421 2348 ἄνδρες
1461 2277 1675 2346 ἄπειροι
1710 2276 1881 2344 λόγων

304 2359 456 2425 ὄντες
487 2364 581 2416 καὶ
622 2365 852 2435 πάμπαν
890 2366 1113 2431 ἰδιῶται,
1169 2368 1397 2440 πένητές
1441 2382 1499 2420 τε
1525 2369 1617 2420 καὶ
1646 2367 1881 2429 εὐτελεῖς

304 2450 364 2503 τὸ
394 2453 581 2522 σχῆμα
602 2454 733 2525 (59),
770 2457 835 2525 τῇ
860 2456 1082 2527 δυνάμει
1108 2458 1200 2510 τοῦ
1232 2457 1370 2528 μετὰ
1399 2456 1626 2509 θάνατον
1647 2456 1881 2526 θεωρου-

306 2542 470 2611 μένου
509 2546 603 2598 καὶ
636 2547 893 2616 ἐμφανῶς
937 2549 1120 2613 αὐτοῖς
1166 2549 1618 2619 συναυλιζομὲνου
1652 2548 1882 2620 ἐπιθαρ-

304 2639 587 2707 σήσαντες,
606 2640 711 2692 ἀπὸ
727 2642 823 2709 τῆς
836 2642 1189 2714 Ἰερουσαλὴμ
1208 2642 1413 2705 πόλεως
1432 2643 1725 2713 ἀρξάμενοι
1740 2640 1882 2694 κατά

302 2730 404 2791 τὰς
430 2730 593 2783 αὑτοῦ
629 2734 1081 2803 παρακελεύσεις,
1121 2737 1206 2788 ἵνα
1248 2735 1629 2806 ἀναπολόγητα
1654 2732 1738 2805 εἴη
1770 2736 1882 2795 τοῖς

316 2820 589 2887 Ἰουδαίοις
610 2826 991 2897 άπιστήσασιν,
1024 2828 1116 2879 ἐπὶ
1137 2829 1312 2882 πάντα
1340 2825 1611 2899 προῆλθον
1626 2826 1693 2879 τὰ
1726 2824 1878 2895 ἔθνη,

304 2912 397 2963 καὶ
432 2913 501 2964 τὰ
541 2918 985 2985 προστεταγμένα
1020 2919 1266 2983 ἐποίουν,
1303 2918 1661 2987 κηρύττοντες
1713 2914 1879 2985 μετά-

300 3020 449 3056 νοιαν
486 3008 595 3068 τοῖς
629 3009 784 3073 πᾶσι,
817 3009 911 3061 καὶ⁸
945 3009 1096 3062 λύσιν
1123 3008 1230 3063 τῶν
1262 3009 1523 3081 πρότερον
1569 3008 1668 3077 τῆς
1704 3006 1881 3077 ψυχῆς

302 3094 785 3169 ἀμπλακημάτων.

373 3363 487 3433 (60)
514 3366 877 3438 Συνηγμένων
908 3369 1005 3439 μὲν
1043 3367 1136 3423 οὖν
1172 3371 1264 3424 ἐπὶ
1294 3370 1353 3424 τὸ
1387 3370 1519 3424 αὐτὸ
1553 3371 1609 3423 ἐν
1635 3371 1747 3434 τοῖς
1787 3369 1885 3422 Ἰε-

301 3456 621 3527 ροσολύμοις
647 3458 754 3513 τῶν
806 3462 1081 3533 ἀρχόντων
1113 3462 1207 3516 τοῦ
1249 3462 1514 3517 Ἰουδαίων
1539 3462 1744 3525 ἔθνους,
1779 3461 1881 3532 ἀρ-

299 3548 533 3618 χιερέων
561 3568 618 3603 τε
664 3553 757 3604 καὶ
810 3555 1298 3623 νομοδιδασκάλων,
1343 3558 1399 3609 ἐν
1438 3554 1587 3625 αὐτῷ
1623 3554 1700 3625 τῷ
1753 3553 1881 3624 ἱερῷ

298 3639 627 3709 ποιούμενος
659 3642 757 3706 τὰς
794 3644 1099 3717 διατριϐὰς,
1129 3647 1197 3701 τὰ
1246 3646 1507 3717 μέλλοντα
1533 3648 1715 3709 αὐτοῖς
1759 3648 1880 3699 κατ’

300 3728 469 3781 αύτοῦ
497 3730 818 3802 τολμᾶσθαι,
838 3735 932 3788 καὶ
962 3734 1053 3788 τὸν
1082 3737 1173 3788 ἐπὶ
1194 3739 1257 3807 τῇ
1290 3737 1464 3809 τόλμῃ
1496 3735 1879 3808 καταληψόμε-

298 3836 389 3872 νον
418 3822 613 3887 αὐτοὺς
630 3823 847 3897 ὄλεθρον
882 3828 1327 3898 ἐπεσκιασμένως
1347 3829 1534 3881 τοῦτον
1558 3829 1650 3881 τὸν
1680 3828 1881 3899 τρόπον

295 3911 386 3964 διὰ
414 3914 516 3983 τῆς
561 3916 877 3989 παραϐολῆς
928 3920 1333 3991 προηγόρευσεν
1358 3937 1371 3949 ’
1408 3922 1741 3988 Ἄνθρωπός
1788 3938 1879 3987 τις

296 4000 379 4075 ἦν
427 4008 879 4077 οἰκοδεσπότης»
934 4011 1105 4076 ὅστις
1162 4013 1497 4079 ἐφύτευσεν
1532 4011 1876 4081 ἀμπελῶνα,

299 4096 398 4149 καὶ
422 4099 693 4167 φραγμὸν
714 4100 873 4165 αὐτῷ
897 4102 1226 4170 περιέθηκε,
1255 4103 1354 4156 καὶ
1376 4103 1605 4172 ὤρυξεν
1628 4105 1697 4158 ἐν
1720 4104 1880 4169 αὺτῷ

296 4189 515 4255 ληνὸν,
548 4191 645 4243 καὶ
686 4192 1034 4261 ᾠκοδόμησε
1080 4197 1330 4263 πύργον,
1379 4198 1479 4250 καὶ
1504 4197 1746 4260 ἐξέδοτο
1775 4202 1881 4253 αὺ-

298 4282 406 4333 τὸν
433 4284 731 4351 γεωργοῖς,
763 4286 859 4339 καὶ
884 4284 1291 4357 ἀπεδήμησεν.
1332 4290 1463 4343 Ὅτε
1508 4288 1576 4342 δὲ
1625 4290 1879 4360 ἤγγισεν

298 4374 332 4425 ό
364 4374 570 4441 καιρὸς
617 4375 735 4428 τῶν
772 4377 1034 4444 καρπῶν,
1069 4381 1392 4434 ἀπέστειλε
1432 4382 1574 4447 τοὺς
1618 4381 1880 4449 δούλους

295 4468 485 4521 αὐτοῦ
520 4469 669 4536 πρὸς
692 4471 831 4534 τοῖος
861 4475 1154 4542 γεωργοὺς
1198 4476 1406 4529 λαϐεῖν
1434 4476 1577 4542 τοὺς
1608 4479 1875 4547 καρποὺς

1913 1884 1955 1938 Β

1906 3225 1951 3283 C

1986 632 2292 685 universum
2326 634 2511 688 orbem
2544 635 2930 703 conspicimus,
2955 636 3200 701 sequitur
3220 646 3276 689 ut
3301 650 3367 690 ne
3400 640 3547 693 verbi

1984 722 2201 790 quidem
2257 726 2463 779 auctori
2514 725 2674 779 iidem
2712 729 3049 797 derogemus.
3102 726 3236 782 Nam
3268 731 3419 800 cujus
3469 733 3549 785 vis

1985 814 2169 869 vivens
2219 824 2274 868 et
2323 813 2569 869 eﬂ'ectrix
2619 815 2885 878 cernitur,
2924 817 3065 871 hunc
3113 832 3337 873 necesse
3374 830 3456 873 est
3496 832 3551 873 et

1984 906 2151 961 multo
2186 907 2367 974 potius
2396 906 2597 969 vivere,
2649 915 2701 959 et
2741 905 2832 959 Dei
2866 908 3031 960 vitam
3088 907 3227 963 hunc
3269 920 3545 978 prmstare,

1983 997 2137 1066 Cujus
2166 999 2285 1051 viva
2322 1013 2485 1066 opera
2530 998 2714 1052 verbis
2745 1001 3100 1053 consonantia
3157 1013 3547 1057 monstrantur.

1983 1088 2062 1141 Ad
2095 1088 2337 1140 omnium
2370 1087 2550 1154 itaque
2582 1088 2978 1156 quantumlibet
3010 1090 3279 1143 variarum
3306 1092 3549 1161 gentium

1982 1178 2224 1231 auditum
2293 1192 2572 1231 sermones
2623 1177 2740 1246 ejus
2776 1179 3128 1245 devenerunt,
3190 1183 3432 1235 translati
3496 1184 3548 1235 in

1984 1269 2277 1338 quamlibet
2328 1269 2561 1339 linguam
2615 1279 2778 1338 atque
2804 1269 3099 1338 explanati,
3138 1272 3252 1325 sive
3279 1271 3547 1336 Graecam,

1983 1363 2097 1416 sive
2148 1362 2529 1415 barbaricam:
2566 1370 2622 1413 ut
2658 1377 2851 1431 nempe
2892 1363 3134 1417 doctrina
3184 1364 3300 1434 ejus
3342 1368 3552 1421 cunctis

1984 1453 2196 1522 pupulis
2243 1453 2629 1517 innotesceret,
2659 1468 2765 1521 quo
2798 1464 3245 1509 converterentur
3291 1470 3352 1509 ac
3412 1458 3552 1509 resl-

1984 1542 2253 1609 piscerent
2288 1540 2582 1592 innumerae
2617 1541 3010 1606 multitudines,
3038 1558 3156 1611 qua:
3179 1555 3336 1598 antea
3370 1546 3421 1598 in
3459 1562 3554 1613 po-

1982 1634 2253 1705 lytbeismi
2285 1648 2473 1687 errore
2515 1644 2569 1687 et
2607 1634 2870 1688 idolorum
2904 1635 3051 1689 cultu
3091 1637 3253 1705 impie
3300 1647 3554 1706 turpiter-

1982 1742 2087 1797 que
2151 1728 2423 1781 vivebant.
2494 1726 2681 1797 Neque
2735 1738 2892 1783 antea
2945 1730 3079 1782 dixit
3152 1731 3548 1795 remissionem,

1984 1828 2166 1889 postea
2197 1819 2592 1889 paenitentiam,
2643 1819 2738 1874 sed
2770 1821 3145 1887 paenitentiam
3202 1822 3377 1890 primo
3408 1822 3548 1887 loco,

1985 1911 2177 1963 deinde
2204 1910 2579 1965 remissionem
2614 1910 3108 1980 praadicarejussit.
3143 1911 3271 1965 Nam
3308 1913 3554 1969 ﬁdelibus

1981 2001 2072 2070 qui
2104 2010 2259 2055 antea
2286 2011 2633 2069 peccatorum
2668 2002 3041 2072 pmnitentiam
3084 2020 3193 2073 pra:
3220 2019 3279 2058 se
3310 2005 3547 2071 tulerint,

1983 2093 2289 2147 Servatoris
2323 2093 2492 2163 gratia
2534 2095 2745 2148 veniam
2794 2097 3187 2165 praeteritorum
3229 2098 3409 2152 donat.
3463 2098 3548 2151 Et-

1981 2180 2122 2233 enim
2177 2191 2398 2250 propter
2443 2182 2560 2236 illos
2593 2193 2819 2237 mortem
2861 2186 2975 2254 ipse
3024 2187 3259 2254 excepit,
3319 2188 3549 2256 pretium

1982 2281 2150 2325 semet
2195 2274 2481 2328 conferens
2530 2275 2600 2329 ob
2634 2276 2935 2329 animarum
2982 2279 3403 2348 redemptionem
3436 2295 3554 2348 qua:

1981 2363 2250 2417 salvandae
2298 2374 2443 2418 sunt.
2498 2364 2589 2419 Sic
2626 2365 2839 2420 demum
2870 2366 2985 2437 ejus
3007 2368 3278 2439 discipuli,
3310 2368 3556 2425 homines

1983 2453 2285 2527 linguarum
2320 2458 2493 2526 ignari
2535 2470 2589 2514 et
2620 2461 2842 2515 omnino
2883 2462 3080 2525 idiotze,
3133 2477 3397 2532 pauperes
3437 2462 3557 2515 vili-

1982 2563 2086 2614 que
2119 2550 2318 2617 specie.
2344 2552 2531 2605 virtuti
2566 2552 2707 2607 illius
2737 2569 2905 2622 quem.
2933 2564 3051 2624 post
3086 2566 3311 2609 mortem
3340 2564 3553 2623 specta-

1981 2648 2189 2701 verant,
2218 2641 2417 2707 quique
2446 2639 2729 2694 manifeste
2759 2656 2880 2693 cum
2908 2641 3039 2710 ipsis
3060 2640 3556 2696 conversatus.fne-

1981 2740 2086 2796 rat,
2113 2733 2467 2793 conﬁdentes.
2509 2742 2668 2803 capto
2700 2733 2797 2787 abs
2836 2734 3223 2804 Hierosolymis
3259 2735 3433 2797 initio,
3472 2748 3558 2788 se-

1982 2826 2215 2879 cundum
2244 2826 2409 2894 ipsius
2436 2826 2608 2893 jussa,
2652 2834 2709 2880 ut
2760 2824 2873 2893 jam
2905 2826 3161 2894 deinceps
3207 2826 3557 2879 excusatione

1982 2929 2233 2972 carerent
2264 2917 2432 2973 Judari
2469 2918 2755 2984 increduli,
2810 2923 2874 2973 ad
2900 2930 3129 2973 cunctas
3176 2929 3365 2986 gentes
3392 2907 3555 2971 de've-

1981 3018 2197 3075 nerunt,
2254 3021 2308 3064 et
2364 3012 2619 3065 mandata
2674 3012 2775 3067 sibi
2838 3010 3154 3077 effecerunt,
3205 3012 3558 3075 praedicantes

1981 3106 2230 3160 omnibus
2256 3107 2648 3175 paenitentiam,
2679 3119 2733 3163 et
2766 3109 3004 3173 priorum
3044 3108 3236 3162 animae
3269 3107 3555 3162 criminum

1983 3197 2395 3252 absolutionem.

2728 3290 2816 3345 Vl.

2060 3382 2195 3437 Cum
2231 3393 2419 3438 essent
2454 3383 2622 3453 igitur
2649 3381 3038 3453 Hierosolymis
3070 3381 3379 3450 congregati
3425 3394 3558 3449 gen-

1988 3476 2057 3529 tis
2081 3474 2319 3530 Judaicce
2351 3476 2649 3545 principes,
2692 3474 2975 3544 pontiﬁces
3007 3491 3069 3530 ac
3102 3475 3235 3545 legis
3282 3475 3556 3539 doctores,

1986 3572 2268 3625 diversans
2312 3572 2363 3625 in
2404 3573 2604 3641 templo
2658 3572 2914 3627 Christus
2964 3572 3143 3626 scelus
3193 3572 3245 3624 in
3286 3586 3346 3624 se
3391 3570 3458 3622 ab
3490 3570 3556 3622 iis

1984 3656 2332 3727 patrandum,
2360 3669 2415 3714 et
2443 3670 2857 3715 consecuturum
2886 3660 3062 3714 scelus
3094 3674 3401 3728 supremam
3439 3674 3555 3727 pm-

1985 3766 2131 3815 nam,
2182 3766 2379 3806 arcano
2420 3755 2499 3808 sic
2530 3770 2625 3821 per
2654 3754 2962 3822 parabolam
3004 3754 3330 3807 vaticinatus
3363 3760 3442 3806 est
3472 3752 3552 3804 ’δε

1988 3841 2158 3896 Homo
2210 3854 2323 3897 erat
2358 3845 2771 3913 paterfamilias,
2802 3846 2891 3913 qui
2936 3845 3191 3913 plantavit
3235 3844 3456 3907 vineam,
3504 3852 3552 3896 et

1986 3952 2156 4001 sepem
2184 3937 2534 3990 circumdedit
2564 3937 2637 4002 ei,
2668 3947 2714 3989 et
2740 3936 2872 4002 fodit
2908 3938 2961 3989 in
2987 3954 3047 3990 ea
3073 3935 3328 3999 torcular,
3365 3946 3411 3989 et
3438 3935 3540 3988 cedi

1984 4028 2162 4094 ﬁcavit
2190 4029 2470 4093 turrim,et
2504 4028 2726 4079 tradidit
2776 4044 2891 4080 eam
2938 4026 3207 4094 agricolis,
3253 4035 3303 4079 et
3349 4040 3557 4093 peregre

1984 4121 2247 4187 profectus
2301 4128 2397 4172 est.
2443 4117 2575 4171 Cum
2619 4127 2791 4172 autem
2835 4130 3034 4186 tempus
3067 4118 3336 4184 fructuum
3367 4132 3557 4181 appro-

1983 4213 2306 4279 pinquasset,
2334 4214 2472 4264 misit
2512 4228 2684 4264 servos
2711 4214 2927 4265 suos-ad
2960 4209 3222 4280 agricolas
3258 4220 3311 4261 ut
3349 4209 3555 4273 accipe-

1984 4312 2097 4354 rent
2156 4302 2361 4369 [ructus
2398 4303 2534 4371 ejus.
2588 4300 2656 4355 Et
2713 4303 2959 4372 agricolis
3007 4304 3341 4369 apprehensis
3393 4299 3555 4354 servis

1981 4395 2117 4462 ejus,
2170 4395 2331 4446 alium
2371 4397 2732 4461 pulsaverunt,
2792 4396 2956 4448 alium
3024 4396 3344 4457 occiderunt,
3389 4392 3555 4445 alium

1982 4503 2098 4539 vero
2138 4488 2526 4553 lapidaveruut.
2564 4487 2763 4541 lterum
2804 4489 2949 4541 misit
2992 4487 3126 4541 alios
3169 4504 3341 4540 servos
3375 4484 3553 4554 plures

294 4558 507 4612 αὑτοῦ.
566 4551 675 4613 κάλ
722 4565 1011 4631 λαϐόντες
1061 4571 1113 4620 οἱ
1162 4572 1404 4636 γεωργοὶ
1441 4568 1582 4634 τοὺς
1618 4568 1878 4637 δούλους

1983 4582 2269 4646 prioribus,
2299 4590 2347 4633 et
2378 4582 2615 4648 fecerunt
2646 4581 2771 4647 ipsis
2805 4581 3071 4633 similiter.
3113 4576 3411 4631 Novissime
3449 4593 3549 4630 au-

291 4651 505 4712 αὐτοῦ,
538 4651 611 4709 ὃν
629 4654 746 4720 μὲν
775 4656 1030 4723 ἔδειραν,
1056 4658 1129 4711 ὃν
1176 4658 1245 4711 δὲ
1295 4661 1673 4725 ἀπέκτειναν,
1705 4664 1777 4718 ὃν
1806 4665 1874 4718 δὲ

290 4745 752 4810 ἐλιθοϐόλησαν.
776 4746 966 4801 Πάλιν
980 4750 1338 4805 ἀπέστειλεν
1367 4753 1596 4819 ἄλλους
1614 4753 1874 4820 δούλους

292 4835 585 4898 πλείονας
631 4834 748 4887 τῶν
804 4836 1066 4903 πρώτων,
1134 4840 1231 4891 καὶ
1301 4842 1601 4907 ἐποίησαν
1669 4845 1873 4911 αὐτοῖς

289 4924 595 4989 ὡσαύτως.
637 4926 916 4993 Ὕστερον
969 4927 1035 4980 δὲ
1080 4929 1398 4983 ἀπέστειλε
1448 4932 1598 4999 πρὸς
1652 4936 1874 5002 αὐτοὺς

290 5013 399 5066 τὸν
446 5016 582 5069 υἱόν
637 5019 843 5082 αὑτοῦ,
899 5024 1127 5089 λέγων’
1188 5023 1703 5091 Ἐντραπήσονται
1767 5032 1874 5080 τόν

288 5109 427 5159 υἱόν
453 5126 595 5177 μου.
631 5112 696 5163 Οἱ
722 5110 790 5163 δὲ
817 5114 1081 5182 γεωργοὶ,
1115 5114 1345 5182 ἰδόντες
1386 5118 1493 5170 τὸν
1524 5118 1679 5184 υἱὸν,
1703 5118 1876 5175 εἷπον

289 5197 361 5249 ἐν
396 5198 663 5265 ἑαυτοῖς·
717 5198 904 5269 Οὗτός
951 5205 1121 5259 ἐστιν
1161 5210 1193 5261 ό
1240 5212 1643 5279 κληρονόμος’
1682 5213 1872 5278 δεῦτε,

282 5292 733 5360 ἀποκτείνωμεν
759 5295 963 5361 αὑτὸν,
986 5297 1084 5350 καὶ
1112 5298 1506 5369 κατάσχωμεν
1526 5302 1641 5371 τὴν
1661 5308 1879 5373 κληρο-

360 5428 407 5459 ⁹⁵
440 5426 627 5482 Matth.
659 5444 772 5493 ut,
804 5430 874 5484 55
900 5446 1019 5501 seq.

356 5544 471 5607 (57)
504 5543 687 5598 Potest
708 5547 873 5600 etiam
905 5549 1010 5601 dici
1050 5567 1063 5604 :
1092 5563 1137 5604 et
1171 5551 1264 5605 Dei
1291 5555 1448 5607 vitam
1479 5556 1663 5611 vivere.
1706 5557 1755 5609 id
1783 5571 1865 5613 est

283 5630 466 5687 parem
503 5616 695 5687 divina»
722 5619 879 5671 vitam
910 5620 1115 5687 degere.
1145 5623 1417 5677 (lhristnm
1442 5627 1672 5681 scilicet.
1700 5627 1865 5682 Paulo

286 5683 448 5767 aliter
484 5684 743 5767 {\tiglicus
782 5683 1004 5767 tertius
1032 5694 1136 5743 and
1179 5693 1291 5745 that
1333 5694 1396 5748 he
1441 5697 1589 5766 bring
1622 5707 1674 5751 to
1715 5699 1863 5767 effect

286 5752 571 5824 tltehliring
603 5756 775 5824 things
800 5758 861 5823 of
878 5757 1012 5811 God.
1556 5752 1582 5766 ’
1742 5758 1745 5775 Ῐ

354 5820 469 5893 (58)
496 5820 608 5878 Non
639 5820 847 5881 vdctui-
870 5830 1063 5897 lcgisse
1094 5831 1264 5897 Syrus
1287 5848 1403 5889 voc.
1422 5835 1610 5900 ἐθνῶν,
1641 5840 1866 5899 ideoque

1981 4683 2081 4725 tem
2114 4674 2256 4726 misit
2287 4674 2355 4725 ad
2386 4689 2471 4725 eos
2505 4674 2676 4740 ﬁlium
2706 4689 2881 4736 suum,
2912 4675 3089 4724 dicens
3113 4686 3131 4723 :
3160 4670 3551 4723 Reverebuntur

1982 4766 2155 4833 ﬁlium.
2182 4783 2371 4818 meum.
2394 4765 2656 4835 Agricon
2699 4776 2870 4818 autem
2901 4765 3129 4818 videntes
3166 4762 3357 4830 ﬁlium,
3403 4761 3554 4813 dixe-

1983 4866 2101 4907 runt
2163 4858 2302 4907 intra
2348 4872 2403 4908 se
2449 4871 2467 4908 :
2508 4855 2608 4908 llic
2660 4864 2736 4909 est
2793 4855 3199 4917 Iiwres,tvenite,
3250 4854 3556 4905 occidamus

1979 4963 2121 5011 eum,
2170 4958 2215 4999 et
2265 4964 2574 5013 occupemus
2610 4950 2966 5002 hwreditatem
3003 4947 3135 5016 ejus.
3176 4944 3241 4997 Et
3270 4942 3554 5011 apprehen-

1981 5056 2095 5091 sum
2136 5056 2253 5092 cum
2288 5041 2549 5108 sjecerunt
2578 5054 2725 5094 extra
2749 5043 2969 5107 vineam,
2999 5050 3046 5093 et
3078 5040 3397 5091 occiderunt.
3419 5033 3553 5085 Cum

1982 5147 2103 5197 ergo
2156 5135 2351 5184 venerit
2396 5135 2642 5186 dominus
2696 5134 2875 5197 vincar,
2925 5131 3051 5199 quid
3101 5130 3255 5198 faciet
3302 5125 3553 5194 agricolis

1984 5222 2136 5274 illis?
2166 5222 2323 5274 Aiunt
2360 5226 2447 5277 ei:
2479 5224 2649 5276 Malos
2683 5224 2819 5277 male
2863 5224 3063 5290 perdet,
3088 5231 3135 5273 et
3161 5220 3357 5272 vineam
3402 5230 3550 5267 suam

1987 5314 2157 5365 tradet
2206 5314 2328 5367 aliis
2360 5317 2632 5384 agricolis,
2672 5318 2761 5382 qui
2798 5316 3010 5367 reddent
3055 5313 3102 5364 ei
3152 5312 3379 5377 fructum
3421 5316 3549 5357 tem-

1969 5564 2176 5631 Anglns
2208 5582 2222 5618 :
2256 5564 2418 5619 These
2446 5564 2528 5615 his
2567 5564 2735 5615 words
2771 5562 2891 5614 then
2912 5560 3061 5628 being
3093 5560 3287 5631 varied.

2044 5629 2158 5705 (—59)
2191 5636 2487 5699 Ambiguus
2508 5632 2643 5705 mihi
2673 5643 2756 5684 est
2785 5631 3127 5705 aliquantum
3169 5646 3233 5684 ex
3269 5629 3406 5702 Syro
3432 5629 3545 5684 An-

1972 5695 2091 5774 glus
2122 5695 2330 5772 z'needy
2352 5695 2452 5772 (ns)
2475 5703 2594 5771 they
2626 5702 2835 5774 Vwerein
2854 5701 2987 5774 their
3008 5702 3295 5758 character.

2047 5772 2161 5845 (δυ)
2198 5777 2260 5831 Α.
2297 5769 2335 5831 i'.
2361 5769 2485 5828 eos.
2520 5769 2578 5827 υς
2606 5773 2730 5840 syr.
2771 5769 2857 5835 tv,
2882 5770 2961 5825 ιδ.
