  <div class='ocr_page' id='page_1' title='image "/cluster/home/n/w/nwhite01/storage/ocr_20150623/24/hvd.32044019207729/334.png"; bbox 0 0 4008 6512; ppageno 0'>
   <div class='ocr_carea' id='block_1_1' title="bbox 295 409 397 468">
    <p class='ocr_par' dir='ltr' id='par_1_1' title="bbox 295 409 397 468">
     <span class='ocr_line' id='line_1_1' title="bbox 295 409 397 468; baseline -0.02 0"><span class='ocrx_word' id='word_1_1' title='bbox 295 409 397 468; x_wconf 69' lang='grc'><strong>637</strong></span> 
     </span>
    </p>
   </div>
   <div class='ocr_carea' id='block_1_2' title="bbox 296 527 932 607">
    <p class='ocr_par' dir='ltr' id='par_1_2' title="bbox 296 527 932 607">
     <span class='ocr_line' id='line_1_2' title="bbox 296 527 932 607; baseline -0.002 -24"><span class='ocrx_word' id='word_1_2' title='bbox 296 528 459 583; x_wconf 81' lang='grc' dir='ltr'>Δαϐ“ιδ</span> <span class='ocrx_word' id='word_1_3' title='bbox 488 529 726 607; x_wconf 74' lang='grc' dir='ltr'>γέγονεν,</span> <span class='ocrx_word' id='word_1_4' title='bbox 748 527 833 581; x_wconf 74' lang='grc' dir='ltr'>ὅτε</span> <span class='ocrx_word' id='word_1_5' title='bbox 868 528 932 582; x_wconf 76' lang='grc' dir='ltr'>ἔκ</span> 
     </span>
    </p>
   </div>
   <div class='ocr_carea' id='block_1_3' title="bbox 310 614 1872 692">
    <p class='ocr_par' dir='ltr' id='par_1_3' title="bbox 310 614 1872 692">
     <span class='ocr_line' id='line_1_3' title="bbox 310 614 1872 692; baseline 0 -20"><span class='ocrx_word' id='word_1_6' title='bbox 310 620 527 691; x_wconf 75' lang='grc' dir='ltr'>Ἐπειδὴ</span> <span class='ocrx_word' id='word_1_7' title='bbox 559 620 615 673; x_wconf 83' lang='grc' dir='ltr'>δὲ</span> <span class='ocrx_word' id='word_1_8' title='bbox 648 619 879 690; x_wconf 67' lang='grc' dir='ltr'>ᾔσθοντο</span> <span class='ocrx_word' id='word_1_9' title='bbox 913 619 1021 673; x_wconf 89' lang='grc' dir='ltr'><strong>τῶν</strong></span> <span class='ocrx_word' id='word_1_10' title='bbox 1076 620 1406 690; x_wconf 74' lang='grc' dir='ltr'><strong>εἰρημένων,</strong></span> <span class='ocrx_word' id='word_1_11' title='bbox 1442 619 1562 672; x_wconf 89' lang='grc' dir='ltr'>τότε</span> <span class='ocrx_word' id='word_1_12' title='bbox 1602 614 1753 672; x_wconf 74' lang='grc' dir='ltr'>εἶπον</span> <span class='ocrx_word' id='word_1_13' title='bbox 1799 620 1872 692; x_wconf 88' lang='grc' dir='ltr'>μὴ</span> 
     </span>
    </p>
   </div>
   <div class='ocr_carea' id='block_1_4' title="bbox 298 709 1876 783">
    <p class='ocr_par' dir='ltr' id='par_1_4' title="bbox 298 709 1876 783">
     <span class='ocr_line' id='line_1_4' title="bbox 298 709 1876 783; baseline -0.001 -18"><span class='ocrx_word' id='word_1_14' title='bbox 298 713 524 780; x_wconf 84' lang='grc' dir='ltr'>γένοιτο.</span> <span class='ocrx_word' id='word_1_15' title='bbox 561 710 733 764; x_wconf 77' lang='grc' dir='ltr'>Τοῦτο</span> <span class='ocrx_word' id='word_1_16' title='bbox 760 712 939 781; x_wconf 79' lang='grc' dir='ltr'>μέντοι</span> <span class='ocrx_word' id='word_1_17' title='bbox 986 711 1085 783; x_wconf 78' lang='grc' dir='ltr'><strong>ῆδη</strong></span> <span class='ocrx_word' id='word_1_18' title='bbox 1112 711 1291 783; x_wconf 78' lang='grc' dir='ltr'>τρίτον</span> <span class='ocrx_word' id='word_1_19' title='bbox 1324 709 1473 782; x_wconf 82' lang='grc' dir='ltr'><strong>παρά</strong></span> <span class='ocrx_word' id='word_1_20' title='bbox 1499 710 1763 781; x_wconf 87' lang='grc' dir='ltr'>Ματθαίῳ</span> <span class='ocrx_word' id='word_1_21' title='bbox 1789 710 1876 764; x_wconf 80' lang='grc' dir='ltr'><strong>διὰ</strong></span> 
     </span>
    </p>
   </div>
   <div class='ocr_carea' id='block_1_5' title="bbox 296 801 1876 874">
    <p class='ocr_par' dir='ltr' id='par_1_5' title="bbox 296 801 1876 874">
     <span class='ocr_line' id='line_1_5' title="bbox 296 801 1876 874; baseline 0 -19"><span class='ocrx_word' id='word_1_22' title='bbox 296 801 466 874; x_wconf 82' lang='grc' dir='ltr'>τριῶν</span> <span class='ocrx_word' id='word_1_23' title='bbox 484 801 808 874; x_wconf 71' lang='grc' dir='ltr'>παραϐολῶν</span> <span class='ocrx_word' id='word_1_24' title='bbox 819 803 912 855; x_wconf 90' lang='grc' dir='ltr'><strong>τοῦ</strong></span> <span class='ocrx_word' id='word_1_25' title='bbox 930 802 1249 873; x_wconf 77' lang='grc' dir='ltr'>ἀμπελῶνος</span> <span class='ocrx_word' id='word_1_26' title='bbox 1274 802 1677 873; x_wconf 85' lang='grc' dir='ltr'>ἐμνημόνευσεν</span> <span class='ocrx_word' id='word_1_27' title='bbox 1694 818 1707 832; x_wconf 75' lang='grc' dir='ltr'><strong>ο</strong></span> <span class='ocrx_word' id='word_1_28' title='bbox 1740 802 1876 856; x_wconf 87' lang='grc' dir='ltr'><strong>ἀλλά</strong></span> 
     </span>
    </p>
   </div>
   <div class='ocr_carea' id='block_1_6' title="bbox 297 892 1875 967">
    <p class='ocr_par' dir='ltr' id='par_1_6' title="bbox 297 892 1875 967">
     <span class='ocr_line' id='line_1_6' title="bbox 297 892 1875 967; baseline 0 -19"><span class='ocrx_word' id='word_1_29' title='bbox 297 894 386 948; x_wconf 82' lang='grc' dir='ltr'><strong>διά</strong></span> <span class='ocrx_word' id='word_1_30' title='bbox 564 895 662 966; x_wconf 85' lang='grc' dir='ltr'><strong>τῆς</strong></span> <span class='ocrx_word' id='word_1_31' title='bbox 690 894 912 966; x_wconf 82' lang='grc' dir='ltr'>πρώτης</span> <span class='ocrx_word' id='word_1_32' title='bbox 939 895 1229 967; x_wconf 80' lang='grc' dir='ltr'><strong>διαφόρους</strong></span> <span class='ocrx_word' id='word_1_33' title='bbox 1278 895 1501 966; x_wconf 76' lang='grc' dir='ltr'><strong>κλήσεις</strong></span> <span class='ocrx_word' id='word_1_34' title='bbox 1543 892 1731 964; x_wconf 86' lang='grc' dir='ltr'>ἐδήλου</span> <span class='ocrx_word' id='word_1_35' title='bbox 1769 894 1875 949; x_wconf 86' lang='grc' dir='ltr'><strong>τῶν</strong></span> 
     </span>
    </p>
   </div>
   <div class='ocr_carea' id='block_1_7' title="bbox 293 980 1876 1059">
    <p class='ocr_par' dir='ltr' id='par_1_7' title="bbox 293 980 1876 1059">
     <span class='ocr_line' id='line_1_7' title="bbox 293 980 1876 1059; baseline 0 -21"><span class='ocrx_word' id='word_1_36' title='bbox 293 988 390 1039; x_wconf 72' lang='grc' dir='ltr'>ὲπί</span> <span class='ocrx_word' id='word_1_37' title='bbox 416 988 518 1058; x_wconf 74' lang='grc' dir='ltr'>τὴν</span> <span class='ocrx_word' id='word_1_38' title='bbox 560 988 820 1058; x_wconf 72' lang='grc' dir='ltr'>ἐργασίαν</span> <span class='ocrx_word' id='word_1_39' title='bbox 856 987 950 1041; x_wconf 89' lang='grc' dir='ltr'><strong>τοῦ</strong></span> <span class='ocrx_word' id='word_1_40' title='bbox 989 988 1307 1059; x_wconf 77' lang='grc' dir='ltr'>ἀμπελῶνος</span> <span class='ocrx_word' id='word_1_41' title='bbox 1358 986 1732 1058; x_wconf 80' lang='grc' dir='ltr'>παρελθόντων</span> <span class='ocrx_word' id='word_1_42' title='bbox 1752 1003 1766 1017; x_wconf 76' lang='grc'><em>’</em></span> <span class='ocrx_word' id='word_1_43' title='bbox 1795 980 1876 1049; x_wconf 75' lang='grc' dir='ltr'>οἷς</span> 
     </span>
    </p>
   </div>
   <div class='ocr_carea' id='block_1_8' title="bbox 300 1079 1878 1153">
    <p class='ocr_par' dir='ltr' id='par_1_8' title="bbox 300 1079 1878 1153">
     <span class='ocr_line' id='line_1_8' title="bbox 300 1079 1878 1153; baseline -0.001 -20"><span class='ocrx_word' id='word_1_44' title='bbox 300 1083 469 1134; x_wconf 80' lang='grc' dir='ltr'>πᾶσιν</span> <span class='ocrx_word' id='word_1_45' title='bbox 501 1080 561 1146; x_wconf 77' lang='grc' dir='ltr'><strong>ἐξ</strong></span> <span class='ocrx_word' id='word_1_46' title='bbox 592 1082 705 1135; x_wconf 80' lang='grc' dir='ltr'>ἴσου</span> <span class='ocrx_word' id='word_1_47' title='bbox 746 1081 935 1152; x_wconf 81' lang='grc' dir='ltr'>μισθὸν</span> <span class='ocrx_word' id='word_1_48' title='bbox 987 1083 1218 1135; x_wconf 78' lang='grc' dir='ltr'>ἐνεδίδου</span> <span class='ocrx_word' id='word_1_49' title='bbox 1256 1082 1318 1134; x_wconf 84' lang='grc' dir='ltr'><strong>τὸ</strong></span> <span class='ocrx_word' id='word_1_50' title='bbox 1346 1081 1598 1153; x_wconf 83' lang='grc' dir='ltr'>δηνάριον</span> <span class='ocrx_word' id='word_1_51' title='bbox 1623 1097 1636 1110; x_wconf 73' lang='grc' dir='ltr'><strong>ο</strong></span> <span class='ocrx_word' id='word_1_52' title='bbox 1687 1080 1774 1133; x_wconf 80' lang='grc' dir='ltr'>διὰ</span> <span class='ocrx_word' id='word_1_53' title='bbox 1820 1079 1878 1132; x_wconf 75' lang='grc' dir='ltr'>δὲ</span> 
     </span>
    </p>
   </div>
   <div class='ocr_carea' id='block_1_9' title="bbox 300 1173 1878 1246">
    <p class='ocr_par' dir='ltr' id='par_1_9' title="bbox 300 1173 1878 1246">
     <span class='ocr_line' id='line_1_9' title="bbox 300 1173 1878 1246; baseline -0.002 -18"><span class='ocrx_word' id='word_1_54' title='bbox 300 1175 402 1245; x_wconf 88' lang='grc' dir='ltr'><strong>τῆς</strong></span> <span class='ocrx_word' id='word_1_55' title='bbox 447 1174 729 1246; x_wconf 77' lang='grc' dir='ltr'>δευτέρας,</span> <span class='ocrx_word' id='word_1_56' title='bbox 774 1174 867 1227; x_wconf 81' lang='grc' dir='ltr'>δύο</span> <span class='ocrx_word' id='word_1_57' title='bbox 919 1174 1049 1229; x_wconf 91' lang='grc' dir='ltr'>υἱῶν</span> <span class='ocrx_word' id='word_1_58' title='bbox 1097 1175 1290 1244; x_wconf 82' lang='grc' dir='ltr'>κλῆσιν</span> <span class='ocrx_word' id='word_1_59' title='bbox 1322 1175 1591 1246; x_wconf 72' lang='grc' dir='ltr'>ᾐνίττετοο</span> <span class='ocrx_word' id='word_1_60' title='bbox 1636 1173 1730 1227; x_wconf 85' lang='grc' dir='ltr'><strong>τοῦ</strong></span> <span class='ocrx_word' id='word_1_61' title='bbox 1778 1174 1878 1243; x_wconf 83' lang='grc' dir='ltr'>μὲν</span> 
     </span>
    </p>
   </div>
   <div class='ocr_carea' id='block_1_10' title="bbox 299 1264 1879 1336">
    <p class='ocr_par' dir='ltr' id='par_1_10' title="bbox 299 1264 1879 1336">
     <span class='ocr_line' id='line_1_10' title="bbox 299 1264 1879 1336; baseline -0.001 -18"><span class='ocrx_word' id='word_1_62' title='bbox 299 1265 636 1336; x_wconf 80' lang='grc' dir='ltr'>ἀρνουμένου</span> <span class='ocrx_word' id='word_1_63' title='bbox 660 1264 727 1318; x_wconf 80' lang='grc' dir='ltr'><strong>τὰ</strong></span> <span class='ocrx_word' id='word_1_64' title='bbox 768 1265 978 1336; x_wconf 89' lang='grc' dir='ltr'>πρῶτα,</span> <span class='ocrx_word' id='word_1_65' title='bbox 1002 1264 1094 1318; x_wconf 79' lang='grc' dir='ltr'>ἐπὶ</span> <span class='ocrx_word' id='word_1_66' title='bbox 1128 1264 1271 1318; x_wconf 79' lang='grc' dir='ltr'>τέλει</span> <span class='ocrx_word' id='word_1_67' title='bbox 1302 1264 1359 1318; x_wconf 77' lang='grc' dir='ltr'><strong>δέ</strong></span> <span class='ocrx_word' id='word_1_68' title='bbox 1405 1265 1502 1336; x_wconf 78' lang='grc' dir='ltr'>τὴν</span> <span class='ocrx_word' id='word_1_69' title='bbox 1526 1264 1770 1334; x_wconf 81' lang='grc' dir='ltr'>ὑπακοὴν</span> <span class='ocrx_word' id='word_1_70' title='bbox 1794 1265 1879 1317; x_wconf 89' lang='grc' dir='ltr'>ἐν-</span> 
     </span>
    </p>
   </div>
   <div class='ocr_carea' id='block_1_11' title="bbox 299 1355 1874 1429">
    <p class='ocr_par' dir='ltr' id='par_1_11' title="bbox 299 1355 1874 1429">
     <span class='ocr_line' id='line_1_11' title="bbox 299 1355 1874 1429; baseline -0.001 -18"><span class='ocrx_word' id='word_1_71' title='bbox 299 1357 672 1425; x_wconf 81' lang='grc' dir='ltr'>δεικνυμένου,</span> <span class='ocrx_word' id='word_1_72' title='bbox 699 1358 792 1410; x_wconf 83' lang='grc' dir='ltr'><strong>καί</strong></span> <span class='ocrx_word' id='word_1_73' title='bbox 809 1359 891 1420; x_wconf 91' lang='grc' dir='ltr'><strong>εἰς</strong></span> <span class='ocrx_word' id='word_1_74' title='bbox 921 1357 1012 1410; x_wconf 82' lang='grc' dir='ltr'><strong>τὸν</strong></span> <span class='ocrx_word' id='word_1_75' title='bbox 1039 1356 1336 1428; x_wconf 76' lang='grc' dir='ltr'>ἀμπελῶνα</span> <span class='ocrx_word' id='word_1_76' title='bbox 1361 1356 1749 1429; x_wconf 74' lang='grc' dir='ltr'>ἐργαζομένουο</span> <span class='ocrx_word' id='word_1_77' title='bbox 1780 1355 1874 1409; x_wconf 79' lang='grc' dir='ltr'><strong>τοῦ</strong></span> 
     </span>
    </p>
   </div>
   <div class='ocr_carea' id='block_1_12' title="bbox 298 1446 1879 1521">
    <p class='ocr_par' dir='ltr' id='par_1_12' title="bbox 298 1446 1879 1521">
     <span class='ocr_line' id='line_1_12' title="bbox 298 1446 1879 1521; baseline 0 -21"><span class='ocrx_word' id='word_1_78' title='bbox 298 1448 354 1501; x_wconf 82' lang='grc' dir='ltr'>δὲ</span> <span class='ocrx_word' id='word_1_79' title='bbox 386 1451 454 1518; x_wconf 82' lang='grc' dir='ltr'>τῇ</span> <span class='ocrx_word' id='word_1_80' title='bbox 489 1448 707 1519; x_wconf 70' lang='grc' dir='ltr'>ἐναντίᾳ</span> <span class='ocrx_word' id='word_1_81' title='bbox 752 1449 1092 1519; x_wconf 72' lang='grc' dir='ltr'>κεχρημένου</span> <span class='ocrx_word' id='word_1_82' title='bbox 1142 1449 1458 1521; x_wconf 72' lang='grc' dir='ltr'>προαιρέσει</span> <span class='ocrx_word' id='word_1_83' title='bbox 1483 1465 1525 1479; x_wconf 59' lang='grc' dir='ltr'>ο»</span> <span class='ocrx_word' id='word_1_84' title='bbox 1555 1447 1643 1500; x_wconf 57' lang='grc' dir='ltr'>διὰ</span> <span class='ocrx_word' id='word_1_85' title='bbox 1677 1448 1733 1500; x_wconf 81' lang='grc' dir='ltr'>δὲ</span> <span class='ocrx_word' id='word_1_86' title='bbox 1780 1446 1879 1515; x_wconf 88' lang='grc' dir='ltr'><strong>τῆς</strong></span> 
     </span>
    </p>
   </div>
   <div class='ocr_carea' id='block_1_13' title="bbox 302 1538 1878 1611">
    <p class='ocr_par' dir='ltr' id='par_1_13' title="bbox 302 1538 1878 1611">
     <span class='ocr_line' id='line_1_13' title="bbox 302 1538 1878 1611; baseline 0 -20"><span class='ocrx_word' id='word_1_87' title='bbox 302 1538 586 1610; x_wconf 81' lang='grc' dir='ltr'>παρούσης</span> <span class='ocrx_word' id='word_1_88' title='bbox 618 1539 936 1611; x_wconf 86' lang='grc' dir='ltr'>παραϐολῆς</span> <span class='ocrx_word' id='word_1_89' title='bbox 970 1539 1258 1610; x_wconf 77' lang='grc' dir='ltr'>μετάθεσιν</span> <span class='ocrx_word' id='word_1_90' title='bbox 1288 1539 1526 1608; x_wconf 78' lang='grc' dir='ltr'>παντελῆ</span> <span class='ocrx_word' id='word_1_91' title='bbox 1562 1538 1657 1592; x_wconf 80' lang='grc' dir='ltr'><strong>τοῦ</strong></span> <span class='ocrx_word' id='word_1_92' title='bbox 1702 1539 1878 1609; x_wconf 77' lang='grc' dir='ltr'>ἀμπε-</span> 
     </span>
    </p>
   </div>
   <div class='ocr_carea' id='block_1_14' title="bbox 301 1629 1879 1703">
    <p class='ocr_par' dir='ltr' id='par_1_14' title="bbox 301 1629 1879 1703">
     <span class='ocr_line' id='line_1_14' title="bbox 301 1629 1879 1703; baseline -0.001 -21"><span class='ocrx_word' id='word_1_93' title='bbox 301 1631 469 1694; x_wconf 87' lang='grc' dir='ltr'>λῶνος</span> <span class='ocrx_word' id='word_1_94' title='bbox 505 1632 535 1683; x_wconf 84' lang='grc' dir='ltr'><strong>ό</strong></span> <span class='ocrx_word' id='word_1_95' title='bbox 566 1630 722 1700; x_wconf 87' lang='grc' dir='ltr'>λόγος</span> <span class='ocrx_word' id='word_1_96' title='bbox 758 1630 997 1685; x_wconf 79' lang='grc' dir='ltr'>διδάσκει</span> <span class='ocrx_word' id='word_1_97' title='bbox 1040 1631 1149 1686; x_wconf 77' lang='grc' dir='ltr'><strong>ἀπὸ</strong></span> <span class='ocrx_word' id='word_1_98' title='bbox 1183 1630 1461 1703; x_wconf 73' lang='grc' dir='ltr'>προτέρων</span> <span class='ocrx_word' id='word_1_99' title='bbox 1496 1629 1758 1701; x_wconf 83' lang='grc' dir='ltr'>γεωργῶν</span> <span class='ocrx_word' id='word_1_100' title='bbox 1788 1630 1879 1682; x_wconf 69' lang='grc' dir='ltr'>ἐπὶ</span> 
     </span>
    </p>
   </div>
   <div class='ocr_carea' id='block_1_15' title="bbox 299 1722 1875 1795">
    <p class='ocr_par' dir='ltr' id='par_1_15' title="bbox 299 1722 1875 1795">
     <span class='ocr_line' id='line_1_15' title="bbox 299 1722 1875 1795; baseline 0.001 -21"><span class='ocrx_word' id='word_1_101' title='bbox 299 1722 586 1792; x_wconf 79' lang='grc' dir='ltr'>δευτέρους</span> <span class='ocrx_word' id='word_1_102' title='bbox 604 1739 617 1753; x_wconf 73' lang='grc'><strong>⁸</strong></span> <span class='ocrx_word' id='word_1_103' title='bbox 655 1723 747 1777; x_wconf 69' lang='grc' dir='ltr'><strong>καὶ</strong></span> <span class='ocrx_word' id='word_1_104' title='bbox 775 1722 873 1794; x_wconf 77' lang='grc' dir='ltr'>τὴν</span> <span class='ocrx_word' id='word_1_105' title='bbox 907 1725 1085 1778; x_wconf 87' lang='grc' dir='ltr'>αἰτίαν</span> <span class='ocrx_word' id='word_1_106' title='bbox 1118 1723 1492 1795; x_wconf 71' lang='grc' dir='ltr'><strong>⁴σημαίνειτῆς</strong></span> <span class='ocrx_word' id='word_1_107' title='bbox 1517 1723 1875 1794; x_wconf 59' lang='grc' dir='ltr'>μεταθέσεως..</span> 
     </span>
    </p>
   </div>
   <div class='ocr_carea' id='block_1_16' title="bbox 301 1812 1881 1886">
    <p class='ocr_par' dir='ltr' id='par_1_16' title="bbox 301 1812 1881 1886">
     <span class='ocr_line' id='line_1_16' title="bbox 301 1812 1881 1886; baseline 0.003 -22"><span class='ocrx_word' id='word_1_108' title='bbox 301 1813 484 1882; x_wconf 74' lang='grc' dir='ltr'><strong>Κάμοί</strong></span> <span class='ocrx_word' id='word_1_109' title='bbox 510 1814 659 1866; x_wconf 85' lang='grc' dir='ltr'>δοκεῖ</span> <span class='ocrx_word' id='word_1_110' title='bbox 693 1815 1101 1885; x_wconf 65' lang='grc' dir='ltr'>μετατεθεῖσθαι</span> <span class='ocrx_word' id='word_1_111' title='bbox 1129 1812 1228 1886; x_wconf 80' lang='grc' dir='ltr'>μὲν</span> <span class='ocrx_word' id='word_1_112' title='bbox 1274 1816 1384 1869; x_wconf 72' lang='grc' dir='ltr'><strong>ἀπὸ</strong></span> <span class='ocrx_word' id='word_1_113' title='bbox 1414 1813 1509 1867; x_wconf 89' lang='grc' dir='ltr'><strong>τοῦ</strong></span> <span class='ocrx_word' id='word_1_114' title='bbox 1550 1814 1881 1883; x_wconf 81' lang='grc' dir='ltr'>ἐπαγγειλα-</span> 
     </span>
    </p>
   </div>
   <div class='ocr_carea' id='block_1_17' title="bbox 298 1903 1879 1979">
    <p class='ocr_par' dir='ltr' id='par_1_17' title="bbox 298 1903 1879 1979">
     <span class='ocr_line' id='line_1_17' title="bbox 298 1903 1879 1979; baseline 0.004 -25"><span class='ocrx_word' id='word_1_115' title='bbox 298 1903 465 1972; x_wconf 75' lang='grc' dir='ltr'>μένου</span> <span class='ocrx_word' id='word_1_116' title='bbox 503 1905 600 1974; x_wconf 87' lang='grc' dir='ltr'><strong>μέν</strong></span> <span class='ocrx_word' id='word_1_117' title='bbox 626 1905 959 1975; x_wconf 83' lang='grc' dir='ltr'>ἐργάσασθαι</span> <span class='ocrx_word' id='word_1_118' title='bbox 995 1906 1134 1971; x_wconf 88' lang='grc' dir='ltr'>υἱοῦ,</span> <span class='ocrx_word' id='word_1_119' title='bbox 1171 1907 1245 1978; x_wconf 83' lang='grc' dir='ltr'>μὴ</span> <span class='ocrx_word' id='word_1_120' title='bbox 1283 1907 1387 1979; x_wconf 86' lang='grc' dir='ltr'>μὴν</span> <span class='ocrx_word' id='word_1_121' title='bbox 1413 1908 1573 1979; x_wconf 81' lang='grc' dir='ltr'>ἔργον</span> <span class='ocrx_word' id='word_1_122' title='bbox 1597 1906 1879 1971; x_wconf 71' lang='grc' dir='ltr'>ἐπιθέντος</span> 
     </span>
    </p>
   </div>
   <div class='ocr_carea' id='block_1_18' title="bbox 296 1994 1875 2071">
    <p class='ocr_par' dir='ltr' id='par_1_18' title="bbox 296 1994 1875 2071">
     <span class='ocr_line' id='line_1_18' title="bbox 296 1994 1875 2071; baseline 0.004 -26"><span class='ocrx_word' id='word_1_123' title='bbox 296 1994 541 2066; x_wconf 80' lang='grc' dir='ltr'>τῷλόγῳ</span> <span class='ocrx_word' id='word_1_124' title='bbox 565 2013 578 2027; x_wconf 90' lang='grc'><strong>·</strong></span> <span class='ocrx_word' id='word_1_125' title='bbox 625 1997 867 2051; x_wconf 86' lang='grc' dir='ltr'>δεδόσθαι</span> <span class='ocrx_word' id='word_1_126' title='bbox 901 1998 958 2050; x_wconf 82' lang='grc' dir='ltr'>δὲ</span> <span class='ocrx_word' id='word_1_127' title='bbox 1005 1997 1084 2068; x_wconf 83' lang='grc' dir='ltr'>τῷ</span> <span class='ocrx_word' id='word_1_128' title='bbox 1116 2000 1480 2071; x_wconf 81' lang='grc' dir='ltr'>ἀρνησαμένῳ</span> <span class='ocrx_word' id='word_1_129' title='bbox 1510 2001 1629 2052; x_wconf 78' lang='grc' dir='ltr'>κατ’</span> <span class='ocrx_word' id='word_1_130' title='bbox 1681 1998 1875 2070; x_wconf 70' lang='grc' dir='ltr'>ἀρχὰς,</span> 
     </span>
    </p>
   </div>
   <div class='ocr_carea' id='block_1_19' title="bbox 296 2088 1598 2163">
    <p class='ocr_par' dir='ltr' id='par_1_19' title="bbox 296 2088 1598 2163">
     <span class='ocr_line' id='line_1_19' title="bbox 296 2088 1598 2163; baseline 0.004 -23"><span class='ocrx_word' id='word_1_131' title='bbox 296 2089 447 2160; x_wconf 70' lang='grc' dir='ltr'>ἔργῳ</span> <span class='ocrx_word' id='word_1_132' title='bbox 473 2088 530 2141; x_wconf 80' lang='grc' dir='ltr'>δὲ</span> <span class='ocrx_word' id='word_1_133' title='bbox 557 2089 648 2142; x_wconf 82' lang='grc' dir='ltr'><strong>ἐπὶ</strong></span> <span class='ocrx_word' id='word_1_134' title='bbox 678 2090 819 2143; x_wconf 84' lang='grc' dir='ltr'>τέλει</span> <span class='ocrx_word' id='word_1_135' title='bbox 845 2090 906 2143; x_wconf 79' lang='grc' dir='ltr'>τὸ</span> <span class='ocrx_word' id='word_1_136' title='bbox 944 2090 1192 2155; x_wconf 70' lang='grc' dir='ltr'>εὐπειθὲς</span> <span class='ocrx_word' id='word_1_137' title='bbox 1212 2092 1598 2163; x_wconf 54' lang='grc' dir='ltr'>’ἐνδειξαμένιμ</span> 
     </span>
    </p>
   </div>
   <div class='ocr_carea' id='block_1_20' title="bbox 368 2257 1873 2332">
    <p class='ocr_par' dir='ltr' id='par_1_20' title="bbox 368 2257 1873 2332">
     <span class='ocr_line' id='line_1_20' title="bbox 368 2257 1873 2332; baseline 0.001 -19"><span class='ocrx_word' id='word_1_138' title='bbox 368 2257 710 2330; x_wconf 73' lang='grc' dir='ltr'>Σαφέστερος</span> <span class='ocrx_word' id='word_1_139' title='bbox 734 2259 779 2312; x_wconf 84' lang='grc' dir='ltr'>δ’</span> <span class='ocrx_word' id='word_1_140' title='bbox 795 2259 860 2313; x_wconf 83' lang='grc' dir='ltr'><strong>ἂν</strong></span> <span class='ocrx_word' id='word_1_141' title='bbox 885 2260 967 2332; x_wconf 77' lang='grc' dir='ltr'><strong>εἴη</strong></span> <span class='ocrx_word' id='word_1_142' title='bbox 992 2263 1020 2314; x_wconf 88' lang='grc' dir='ltr'><strong>ό</strong></span> <span class='ocrx_word' id='word_1_143' title='bbox 1043 2260 1221 2330; x_wconf 89' lang='grc' dir='ltr'>λόγος,</span> <span class='ocrx_word' id='word_1_144' title='bbox 1254 2263 1303 2316; x_wconf 85' lang='grc' dir='ltr'><strong>εἱ</strong></span> <span class='ocrx_word' id='word_1_145' title='bbox 1352 2261 1413 2315; x_wconf 79' lang='grc' dir='ltr'>τὸ</span> <span class='ocrx_word' id='word_1_146' title='bbox 1440 2262 1689 2327; x_wconf 78' lang='grc' dir='ltr'>θεοσεϐὲς</span> <span class='ocrx_word' id='word_1_147' title='bbox 1733 2262 1873 2315; x_wconf 81' lang='grc' dir='ltr'>πολί-</span> 
     </span>
    </p>
   </div>
   <div class='ocr_carea' id='block_1_21' title="bbox 300 2350 1882 2426">
    <p class='ocr_par' dir='ltr' id='par_1_21' title="bbox 300 2350 1882 2426">
     <span class='ocr_line' id='line_1_21' title="bbox 300 2350 1882 2426; baseline 0.004 -25"><span class='ocrx_word' id='word_1_148' title='bbox 300 2367 479 2420; x_wconf 79' lang='grc' dir='ltr'>τευμα</span> <span class='ocrx_word' id='word_1_149' title='bbox 520 2350 580 2402; x_wconf 82' lang='grc' dir='ltr'><strong>τὸ</strong></span> <span class='ocrx_word' id='word_1_150' title='bbox 618 2350 718 2420; x_wconf 88' lang='grc' dir='ltr'><strong>τῆς</strong></span> <span class='ocrx_word' id='word_1_151' title='bbox 757 2350 893 2404; x_wconf 81' lang='grc' dir='ltr'>Θεοῦ</span> <span class='ocrx_word' id='word_1_152' title='bbox 930 2351 1206 2421; x_wconf 85' lang='grc' dir='ltr'>βασιλείας</span> <span class='ocrx_word' id='word_1_153' title='bbox 1237 2356 1434 2407; x_wconf 85' lang='grc' dir='ltr'>οἰκεῖον</span> <span class='ocrx_word' id='word_1_154' title='bbox 1464 2355 1556 2408; x_wconf 82' lang='grc' dir='ltr'><strong>τὸν</strong></span> <span class='ocrx_word' id='word_1_155' title='bbox 1585 2355 1882 2426; x_wconf 77' lang='grc' dir='ltr'>ἀμπελῶνα</span> 
     </span>
    </p>
   </div>
   <div class='ocr_carea' id='block_1_22' title="bbox 302 2434 1881 2519">
    <p class='ocr_par' dir='ltr' id='par_1_22' title="bbox 302 2434 1881 2519">
     <span class='ocr_line' id='line_1_22' title="bbox 302 2434 1881 2519; baseline 0.004 -25"><span class='ocrx_word' id='word_1_156' title='bbox 302 2438 442 2499; x_wconf 75' lang='grc' dir='ltr'>εἶναι</span> <span class='ocrx_word' id='word_1_157' title='bbox 469 2434 821 2514; x_wconf 75' lang='grc' dir='ltr'>ἐκλάϐὸιμεν·</span> <span class='ocrx_word' id='word_1_158' title='bbox 857 2445 1157 2517; x_wconf 82' lang='grc' dir='ltr'>προτέρους</span> <span class='ocrx_word' id='word_1_159' title='bbox 1188 2446 1242 2499; x_wconf 84' lang='grc' dir='ltr'><strong>δὲ</strong></span> <span class='ocrx_word' id='word_1_160' title='bbox 1280 2446 1444 2500; x_wconf 80' lang='grc' dir='ltr'>αὐτοῦ</span> <span class='ocrx_word' id='word_1_161' title='bbox 1471 2449 1748 2519; x_wconf 77' lang='grc' dir='ltr'>γεωργοὺς</span> <span class='ocrx_word' id='word_1_162' title='bbox 1783 2447 1881 2500; x_wconf 77' lang='grc' dir='ltr'><strong>οὐκ</strong></span> 
     </span>
    </p>
   </div>
   <div class='ocr_carea' id='block_1_23' title="bbox 302 2534 1881 2612">
    <p class='ocr_par' dir='ltr' id='par_1_23' title="bbox 302 2534 1881 2612">
     <span class='ocr_line' id='line_1_23' title="bbox 302 2534 1881 2612; baseline 0.004 -25"><span class='ocrx_word' id='word_1_163' title='bbox 302 2534 480 2605; x_wconf 80' lang='grc' dir='ltr'>ὀρθῶς</span> <span class='ocrx_word' id='word_1_164' title='bbox 507 2536 883 2608; x_wconf 75' lang='grc' dir='ltr'>κεχρημένους</span> <span class='ocrx_word' id='word_1_165' title='bbox 912 2540 976 2608; x_wconf 78' lang='grc' dir='ltr'>τῇ</span> <span class='ocrx_word' id='word_1_166' title='bbox 1003 2538 1257 2611; x_wconf 79' lang='grc' dir='ltr'>ἐργασίᾳ,</span> <span class='ocrx_word' id='word_1_167' title='bbox 1288 2539 1416 2603; x_wconf 81' lang='grc' dir='ltr'>τοὺς</span> <span class='ocrx_word' id='word_1_168' title='bbox 1441 2540 1703 2611; x_wconf 86' lang='grc' dir='ltr'>πρότερον</span> <span class='ocrx_word' id='word_1_169' title='bbox 1731 2539 1881 2612; x_wconf 88' lang='grc' dir='ltr'><strong>παρά</strong></span> 
     </span>
    </p>
   </div>
   <div class='ocr_carea' id='block_1_24' title="bbox 315 2627 1883 2702">
    <p class='ocr_par' dir='ltr' id='par_1_24' title="bbox 315 2627 1883 2702">
     <span class='ocr_line' id='line_1_24' title="bbox 315 2627 1883 2702; baseline 0.001 -18"><span class='ocrx_word' id='word_1_170' title='bbox 315 2627 589 2692; x_wconf 70' lang='grc' dir='ltr'>Ἰουδαίοις</span> <span class='ocrx_word' id='word_1_171' title='bbox 618 2629 717 2699; x_wconf 75' lang='grc' dir='ltr'><strong>τῆς</strong></span> <span class='ocrx_word' id='word_1_172' title='bbox 752 2630 901 2693; x_wconf 85' lang='grc' dir='ltr'>θείας</span> <span class='ocrx_word' id='word_1_173' title='bbox 954 2630 1209 2699; x_wconf 87' lang='grc' dir='ltr'>γνώσεως</span> <span class='ocrx_word' id='word_1_174' title='bbox 1250 2631 1710 2702; x_wconf 82' lang='grc' dir='ltr'>κατηξιωμένους,</span> <span class='ocrx_word' id='word_1_175' title='bbox 1756 2633 1883 2697; x_wconf 80' lang='grc' dir='ltr'>τοὺς</span> 
     </span>
    </p>
   </div>
   <div class='ocr_carea' id='block_1_25' title="bbox 305 2719 1880 2793">
    <p class='ocr_par' dir='ltr' id='par_1_25' title="bbox 305 2719 1880 2793">
     <span class='ocr_line' id='line_1_25' title="bbox 305 2719 1880 2793; baseline 0.001 -18"><span class='ocrx_word' id='word_1_176' title='bbox 305 2721 505 2782; x_wconf 72' lang='grc' dir='ltr'>αὐτοὺς</span> <span class='ocrx_word' id='word_1_177' title='bbox 532 2719 691 2783; x_wconf 73' lang='grc' dir='ltr'>ὄντας</span> <span class='ocrx_word' id='word_1_178' title='bbox 727 2722 817 2773; x_wconf 67' lang='grc' dir='ltr'>ἑνὶ</span> <span class='ocrx_word' id='word_1_179' title='bbox 859 2721 966 2776; x_wconf 88' lang='grc' dir='ltr'><strong>τῶν</strong></span> <span class='ocrx_word' id='word_1_180' title='bbox 1000 2721 1131 2775; x_wconf 89' lang='grc' dir='ltr'>υἱῶν</span> <span class='ocrx_word' id='word_1_181' title='bbox 1165 2722 1243 2792; x_wconf 81' lang='grc' dir='ltr'>τῷ</span> <span class='ocrx_word' id='word_1_182' title='bbox 1273 2721 1710 2793; x_wconf 84' lang='grc' dir='ltr'>διαϐεϐλημένῳ·</span> <span class='ocrx_word' id='word_1_183' title='bbox 1760 2724 1880 2776; x_wconf 86' lang='grc' dir='ltr'>δευ-</span> 
     </span>
    </p>
   </div>
   <div class='ocr_carea' id='block_1_26' title="bbox 301 2813 1883 2891">
    <p class='ocr_par' dir='ltr' id='par_1_26' title="bbox 301 2813 1883 2891">
     <span class='ocr_line' id='line_1_26' title="bbox 301 2813 1883 2891; baseline 0.006 -27"><span class='ocrx_word' id='word_1_184' title='bbox 301 2813 497 2883; x_wconf 78' lang='grc' dir='ltr'>τέρους</span> <span class='ocrx_word' id='word_1_185' title='bbox 539 2814 595 2866; x_wconf 84' lang='grc' dir='ltr'>δὲ</span> <span class='ocrx_word' id='word_1_186' title='bbox 629 2816 928 2884; x_wconf 82' lang='grc' dir='ltr'>γεωργοὺς,</span> <span class='ocrx_word' id='word_1_187' title='bbox 958 2816 1086 2879; x_wconf 82' lang='grc' dir='ltr'>τοὺς</span> <span class='ocrx_word' id='word_1_188' title='bbox 1138 2816 1229 2869; x_wconf 84' lang='grc' dir='ltr'><strong>τὸν</strong></span> <span class='ocrx_word' id='word_1_189' title='bbox 1285 2816 1629 2889; x_wconf 84' lang='grc' dir='ltr'>ὀφειλόμενον</span> <span class='ocrx_word' id='word_1_190' title='bbox 1671 2820 1883 2891; x_wconf 82' lang='grc' dir='ltr'>καρπὸν</span> 
     </span>
    </p>
   </div>
   <div class='ocr_carea' id='block_1_27' title="bbox 304 2903 1883 2978">
    <p class='ocr_par' dir='ltr' id='par_1_27' title="bbox 304 2903 1883 2978">
     <span class='ocr_line' id='line_1_27' title="bbox 304 2903 1883 2978; baseline 0.004 -21"><span class='ocrx_word' id='word_1_191' title='bbox 304 2903 447 2957; x_wconf 83' lang='grc' dir='ltr'><strong>κατά</strong></span> <span class='ocrx_word' id='word_1_192' title='bbox 481 2906 671 2976; x_wconf 77' lang='grc' dir='ltr'>καιρὸν</span> <span class='ocrx_word' id='word_1_193' title='bbox 695 2906 1063 2971; x_wconf 83' lang='grc' dir='ltr'>ἀποδιδόντας,</span> <span class='ocrx_word' id='word_1_194' title='bbox 1092 2908 1218 2970; x_wconf 82' lang='grc' dir='ltr'>τοὺς</span> <span class='ocrx_word' id='word_1_195' title='bbox 1260 2905 1320 2971; x_wconf 81' lang='grc' dir='ltr'>ἐξ</span> <span class='ocrx_word' id='word_1_196' title='bbox 1344 2907 1509 2961; x_wconf 88' lang='grc' dir='ltr'>ἐθνῶν</span> <span class='ocrx_word' id='word_1_197' title='bbox 1532 2910 1617 2962; x_wconf 79' lang='grc' dir='ltr'><strong>διὰ</strong></span> <span class='ocrx_word' id='word_1_198' title='bbox 1648 2909 1883 2978; x_wconf 77' lang='grc' dir='ltr'>Χριστοῦ</span> 
     </span>
    </p>
   </div>
   <div class='ocr_carea' id='block_1_28' title="bbox 302 2994 1885 3068">
    <p class='ocr_par' dir='ltr' id='par_1_28' title="bbox 302 2994 1885 3068">
     <span class='ocr_line' id='line_1_28' title="bbox 302 2994 1885 3068; baseline 0.004 -21"><span class='ocrx_word' id='word_1_199' title='bbox 302 2996 402 3065; x_wconf 83' lang='grc' dir='ltr'><strong>τὴν</strong></span> <span class='ocrx_word' id='word_1_200' title='bbox 436 2994 529 3048; x_wconf 77' lang='grc' dir='ltr'><strong>τοῦ</strong></span> <span class='ocrx_word' id='word_1_201' title='bbox 558 2995 693 3049; x_wconf 86' lang='grc' dir='ltr'>Θεοῦ</span> <span class='ocrx_word' id='word_1_202' title='bbox 721 2995 923 3064; x_wconf 78' lang='grc' dir='ltr'>γνῶσιν</span> <span class='ocrx_word' id='word_1_203' title='bbox 949 2996 1323 3068; x_wconf 83' lang='grc' dir='ltr'>ἀνειληφότας,</span> <span class='ocrx_word' id='word_1_204' title='bbox 1356 2999 1481 3062; x_wconf 83' lang='grc' dir='ltr'>τοὺς</span> <span class='ocrx_word' id='word_1_205' title='bbox 1506 3000 1701 3060; x_wconf 71' lang='grc' dir='ltr'>αὐτοὺς</span> <span class='ocrx_word' id='word_1_206' title='bbox 1727 3001 1885 3066; x_wconf 77' lang='grc' dir='ltr'>ὄντας</span> 
     </span>
    </p>
   </div>
   <div class='ocr_carea' id='block_1_29' title="bbox 303 3085 1885 3165">
    <p class='ocr_par' dir='ltr' id='par_1_29' title="bbox 303 3085 1885 3165">
     <span class='ocr_line' id='line_1_29' title="bbox 303 3085 1885 3165; baseline 0.007 -28"><span class='ocrx_word' id='word_1_207' title='bbox 405 3085 506 3156; x_wconf 83' lang='grc' dir='ltr'><strong>υἱῷ</strong></span> <span class='ocrx_word' id='word_1_208' title='bbox 530 3086 607 3157; x_wconf 83' lang='grc' dir='ltr'><strong>τῷ</strong></span> <span class='ocrx_word' id='word_1_209' title='bbox 636 3089 695 3139; x_wconf 85' lang='grc' dir='ltr'>τὺ</span> <span class='ocrx_word' id='word_1_210' title='bbox 724 3086 974 3152; x_wconf 84' lang='grc' dir='ltr'>εὐπειθὲς</span> <span class='ocrx_word' id='word_1_211' title='bbox 999 3089 1093 3142; x_wconf 79' lang='grc' dir='ltr'>καὶ</span> <span class='ocrx_word' id='word_1_212' title='bbox 1112 3090 1349 3161; x_wconf 83' lang='grc' dir='ltr'>ὑπήκοον</span> <span class='ocrx_word' id='word_1_213' title='bbox 1378 3092 1454 3161; x_wconf 84' lang='grc' dir='ltr'><strong>τῷ</strong></span> <span class='ocrx_word' id='word_1_214' title='bbox 1483 3094 1650 3163; x_wconf 71' lang='grc' dir='ltr'>πατρὶ</span> <span class='ocrx_word' id='word_1_215' title='bbox 1697 3093 1885 3165; x_wconf 76' lang='grc' dir='ltr'>ἔργοις</span> 
     </span>
    </p>
   </div>
   <div class='ocr_carea' id='block_1_30' title="bbox 298 3179 1884 3257">
    <p class='ocr_par' dir='ltr' id='par_1_30' title="bbox 298 3179 1884 3257">
     <span class='ocr_line' id='line_1_30' title="bbox 298 3179 1884 3257; baseline 0.006 -26"><span class='ocrx_word' id='word_1_216' title='bbox 298 3179 747 3250; x_wconf 78' lang='grc' dir='ltr'>ἐπιδεδειγμένῳ.</span> <span class='ocrx_word' id='word_1_217' title='bbox 775 3180 848 3234; x_wconf 85' lang='grc' dir='ltr'>Τὸ</span> <span class='ocrx_word' id='word_1_218' title='bbox 877 3180 932 3233; x_wconf 82' lang='grc' dir='ltr'><strong>δὲ</strong></span> <span class='ocrx_word' id='word_1_219' title='bbox 959 3180 1132 3234; x_wconf 75' lang='grc' dir='ltr'>αἴτιον</span> <span class='ocrx_word' id='word_1_220' title='bbox 1158 3181 1252 3235; x_wconf 90' lang='grc' dir='ltr'><strong>τοῦ</strong></span> <span class='ocrx_word' id='word_1_221' title='bbox 1283 3183 1549 3255; x_wconf 80' lang='grc' dir='ltr'>ληφθῆναι</span> <span class='ocrx_word' id='word_1_222' title='bbox 1586 3188 1715 3257; x_wconf 83' lang='grc' dir='ltr'>παρ’</span> <span class='ocrx_word' id='word_1_223' title='bbox 1741 3189 1884 3241; x_wconf 87' lang='grc' dir='ltr'>ἐκεί-</span> 
     </span>
    </p>
   </div>
   <div class='ocr_carea' id='block_1_31' title="bbox 304 3271 1883 3348">
    <p class='ocr_par' dir='ltr' id='par_1_31' title="bbox 304 3271 1883 3348">
     <span class='ocr_line' id='line_1_31' title="bbox 304 3271 1883 3348; baseline 0.007 -26"><span class='ocrx_word' id='word_1_224' title='bbox 304 3288 412 3329; x_wconf 66' lang='grc' dir='ltr'><strong>νων</strong></span> <span class='ocrx_word' id='word_1_225' title='bbox 444 3271 535 3324; x_wconf 76' lang='grc' dir='ltr'><strong>τὸν</strong></span> <span class='ocrx_word' id='word_1_226' title='bbox 580 3272 899 3341; x_wconf 85' lang='grc' dir='ltr'>ἀμπελῶνα,</span> <span class='ocrx_word' id='word_1_227' title='bbox 951 3274 1074 3326; x_wconf 75' lang='grc' dir='ltr'>ἐπεὶ</span> <span class='ocrx_word' id='word_1_228' title='bbox 1119 3274 1192 3345; x_wconf 82' lang='grc' dir='ltr'>μὴ</span> <span class='ocrx_word' id='word_1_229' title='bbox 1238 3274 1455 3345; x_wconf 82' lang='grc' dir='ltr'>εἴρηται</span> <span class='ocrx_word' id='word_1_230' title='bbox 1503 3275 1591 3329; x_wconf 85' lang='grc' dir='ltr'>διὰ</span> <span class='ocrx_word' id='word_1_231' title='bbox 1636 3279 1736 3348; x_wconf 86' lang='grc' dir='ltr'><strong>τῆς</strong></span> <span class='ocrx_word' id='word_1_232' title='bbox 1772 3279 1883 3333; x_wconf 89' lang='grc' dir='ltr'><strong>τῶν</strong></span> 
     </span>
    </p>
   </div>
   <div class='ocr_carea' id='block_1_32' title="bbox 306 3360 1890 3445">
    <p class='ocr_par' dir='ltr' id='par_1_32' title="bbox 306 3360 1890 3445">
     <span class='ocr_line' id='line_1_32' title="bbox 306 3360 1890 3445; baseline 0.007 -31"><span class='ocrx_word' id='word_1_233' title='bbox 306 3360 438 3418; x_wconf 75' lang='grc' dir='ltr'>υἱῶν</span> <span class='ocrx_word' id='word_1_234' title='bbox 460 3364 794 3435; x_wconf 87' lang='grc' dir='ltr'>παραϐολῆς,</span> <span class='ocrx_word' id='word_1_235' title='bbox 815 3365 1127 3433; x_wconf 85' lang='grc' dir='ltr'>ἀναγκαίως</span> <span class='ocrx_word' id='word_1_236' title='bbox 1147 3365 1235 3419; x_wconf 88' lang='grc' dir='ltr'><strong>διά</strong></span> <span class='ocrx_word' id='word_1_237' title='bbox 1255 3368 1354 3437; x_wconf 89' lang='grc' dir='ltr'><strong>τῆς</strong></span> <span class='ocrx_word' id='word_1_238' title='bbox 1387 3367 1523 3437; x_wconf 87' lang='grc' dir='ltr'><strong>μετά</strong></span> <span class='ocrx_word' id='word_1_239' title='bbox 1544 3372 1732 3441; x_wconf 83' lang='grc' dir='ltr'>χεῖρας</span> <span class='ocrx_word' id='word_1_240' title='bbox 1750 3390 1890 3445; x_wconf 88' lang='grc' dir='ltr'>παρ-</span> 
     </span>
    </p>
   </div>
   <div class='ocr_carea' id='block_1_33' title="bbox 309 3453 1888 3537">
    <p class='ocr_par' dir='ltr' id='par_1_33' title="bbox 309 3453 1888 3537">
     <span class='ocr_line' id='line_1_33' title="bbox 309 3453 1888 3537; baseline 0.008 -31"><span class='ocrx_word' id='word_1_241' title='bbox 309 3454 514 3524; x_wconf 74' lang='grc' dir='ltr'>ίστησι.</span> <span class='ocrx_word' id='word_1_242' title='bbox 566 3455 736 3509; x_wconf 85' lang='grc' dir='ltr'>Τοῦτο</span> <span class='ocrx_word' id='word_1_243' title='bbox 758 3457 813 3509; x_wconf 81' lang='grc' dir='ltr'>δ’</span> <span class='ocrx_word' id='word_1_244' title='bbox 847 3453 916 3528; x_wconf 73' lang='grc' dir='ltr'>ἦν</span> <span class='ocrx_word' id='word_1_245' title='bbox 942 3458 1000 3509; x_wconf 87' lang='grc' dir='ltr'><strong>τὸ</strong></span> <span class='ocrx_word' id='word_1_246' title='bbox 1035 3457 1110 3529; x_wconf 84' lang='grc' dir='ltr'><strong>μὴ</strong></span> <span class='ocrx_word' id='word_1_247' title='bbox 1158 3459 1299 3512; x_wconf 66' lang='grc' dir='ltr'>κατὶι</span> <span class='ocrx_word' id='word_1_248' title='bbox 1336 3460 1427 3513; x_wconf 81' lang='grc' dir='ltr'><strong>τὸν</strong></span> <span class='ocrx_word' id='word_1_249' title='bbox 1469 3461 1655 3515; x_wconf 77' lang='grc' dir='ltr'>δέοντα</span> <span class='ocrx_word' id='word_1_250' title='bbox 1699 3466 1888 3537; x_wconf 83' lang='grc' dir='ltr'>καιρὸν</span> 
     </span>
    </p>
   </div>
   <div class='ocr_carea' id='block_1_34' title="bbox 303 3546 1887 3625">
    <p class='ocr_par' dir='ltr' id='par_1_34' title="bbox 303 3546 1887 3625">
     <span class='ocr_line' id='line_1_34' title="bbox 303 3546 1887 3625; baseline 0.008 -27"><span class='ocrx_word' id='word_1_251' title='bbox 303 3546 599 3600; x_wconf 76' lang='grc' dir='ltr'>ἀποδοῦναι</span> <span class='ocrx_word' id='word_1_252' title='bbox 649 3550 776 3611; x_wconf 77' lang='grc' dir='ltr'>τοὺς</span> <span class='ocrx_word' id='word_1_253' title='bbox 832 3552 1077 3620; x_wconf 77' lang='grc' dir='ltr'>καρποὺς</span> <span class='ocrx_word' id='word_1_254' title='bbox 1128 3550 1204 3621; x_wconf 80' lang='grc' dir='ltr'>τῷ</span> <span class='ocrx_word' id='word_1_255' title='bbox 1251 3553 1633 3625; x_wconf 76' lang='grc' dir='ltr'>οἰκοδεσπότῃ·</span> <span class='ocrx_word' id='word_1_256' title='bbox 1677 3558 1769 3610; x_wconf 77' lang='grc' dir='ltr'><strong>καὶ</strong></span> <span class='ocrx_word' id='word_1_257' title='bbox 1825 3559 1887 3611; x_wconf 79' lang='grc' dir='ltr'>οὐ</span> 
     </span>
    </p>
   </div>
   <div class='ocr_carea' id='block_1_35' title="bbox 305 3641 1891 3711">
    <p class='ocr_par' dir='ltr' id='par_1_35' title="bbox 305 3641 1891 3711">
     <span class='ocr_line' id='line_1_35' title="bbox 305 3641 1891 3711; baseline 0.007 -21"><span class='ocrx_word' id='word_1_258' title='bbox 305 3641 466 3693; x_wconf 84' lang='grc' dir='ltr'>τοῦτο</span> <span class='ocrx_word' id='word_1_259' title='bbox 494 3643 673 3711; x_wconf 82' lang='grc' dir='ltr'>μόνον,</span> <span class='ocrx_word' id='word_1_260' title='bbox 707 3642 842 3694; x_wconf 83' lang='grc' dir='ltr'><strong>ἀλλά</strong></span> <span class='ocrx_word' id='word_1_261' title='bbox 876 3644 968 3695; x_wconf 83' lang='grc' dir='ltr'><strong>καὶ</strong></span> <span class='ocrx_word' id='word_1_262' title='bbox 995 3643 1055 3695; x_wconf 83' lang='grc' dir='ltr'><strong>τὸ</strong></span> <span class='ocrx_word' id='word_1_263' title='bbox 1080 3644 1466 3699; x_wconf 85' lang='grc' dir='ltr'>ἐπιϐουλεῦσαι</span> <span class='ocrx_word' id='word_1_264' title='bbox 1486 3651 1597 3711; x_wconf 87' lang='grc' dir='ltr'>τοῖς</span> <span class='ocrx_word' id='word_1_265' title='bbox 1627 3650 1891 3703; x_wconf 85' lang='grc' dir='ltr'>ἀπεσταλ-</span> 
     </span>
    </p>
   </div>
   <div class='ocr_carea' id='block_1_36' title="bbox 302 3734 1890 3808">
    <p class='ocr_par' dir='ltr' id='par_1_36' title="bbox 302 3734 1890 3808">
     <span class='ocr_line' id='line_1_36' title="bbox 302 3734 1890 3808; baseline 0.005 -22"><span class='ocrx_word' id='word_1_266' title='bbox 302 3734 493 3804; x_wconf 69' lang='grc' dir='ltr'>μένοις</span> <span class='ocrx_word' id='word_1_267' title='bbox 524 3735 613 3787; x_wconf 71' lang='grc' dir='ltr'><strong>ἐπὶ</strong></span> <span class='ocrx_word' id='word_1_268' title='bbox 648 3735 807 3805; x_wconf 63' lang='grc' dir='ltr'>λήψει</span> <span class='ocrx_word' id='word_1_269' title='bbox 836 3736 943 3787; x_wconf 89' lang='grc' dir='ltr'><strong>τῶν</strong></span> <span class='ocrx_word' id='word_1_270' title='bbox 966 3736 1190 3808; x_wconf 86' lang='grc' dir='ltr'>καρπῶν</span> <span class='ocrx_word' id='word_1_271' title='bbox 1228 3737 1464 3800; x_wconf 78' lang='grc' dir='ltr'>δούλοις·</span> <span class='ocrx_word' id='word_1_272' title='bbox 1499 3740 1592 3792; x_wconf 78' lang='grc' dir='ltr'><strong>καὶ</strong></span> <span class='ocrx_word' id='word_1_273' title='bbox 1624 3742 1683 3793; x_wconf 81' lang='grc' dir='ltr'><strong>οὐ</strong></span> <span class='ocrx_word' id='word_1_274' title='bbox 1730 3741 1890 3794; x_wconf 86' lang='grc' dir='ltr'>τοῦτο</span> 
     </span>
    </p>
   </div>
   <div class='ocr_carea' id='block_1_37' title="bbox 308 3827 1884 3903">
    <p class='ocr_par' dir='ltr' id='par_1_37' title="bbox 308 3827 1884 3903">
     <span class='ocr_line' id='line_1_37' title="bbox 308 3827 1884 3903; baseline 0.004 -24"><span class='ocrx_word' id='word_1_275' title='bbox 308 3827 495 3898; x_wconf 84' lang='grc' dir='ltr'>μόνον,</span> <span class='ocrx_word' id='word_1_276' title='bbox 526 3827 671 3880; x_wconf 83' lang='grc' dir='ltr'><strong>ἀλλά</strong></span> <span class='ocrx_word' id='word_1_277' title='bbox 692 3830 792 3881; x_wconf 82' lang='grc' dir='ltr'><strong>καί</strong></span> <span class='ocrx_word' id='word_1_278' title='bbox 832 3828 892 3881; x_wconf 76' lang='grc' dir='ltr'>τὸ</span> <span class='ocrx_word' id='word_1_279' title='bbox 921 3828 1019 3899; x_wconf 83' lang='grc' dir='ltr'><strong>υἱῷ</strong></span> <span class='ocrx_word' id='word_1_280' title='bbox 1048 3832 1235 3900; x_wconf 84' lang='grc' dir='ltr'>χεῖρας</span> <span class='ocrx_word' id='word_1_281' title='bbox 1267 3830 1542 3884; x_wconf 85' lang='grc' dir='ltr'>ἐπιϐαλεῖν</span> <span class='ocrx_word' id='word_1_282' title='bbox 1586 3833 1851 3903; x_wconf 72' lang='grc' dir='ltr'>τολμῆσαι</span> <span class='ocrx_word' id='word_1_283' title='bbox 1872 3852 1884 3864; x_wconf 75' lang='grc'><em>’</em></span> 
     </span>
    </p>
   </div>
   <div class='ocr_carea' id='block_1_38' title="bbox 306 3917 1890 3989">
    <p class='ocr_par' dir='ltr' id='par_1_38' title="bbox 306 3917 1890 3989">
     <span class='ocr_line' id='line_1_38' title="bbox 306 3917 1890 3989; baseline 0.003 -17"><span class='ocrx_word' id='word_1_284' title='bbox 306 3922 367 3973; x_wconf 75' lang='grc' dir='ltr'>ὃν</span> <span class='ocrx_word' id='word_1_285' title='bbox 396 3921 730 3989; x_wconf 64' lang='grc' dir='ltr'>ἐπιγνόντες,</span> <span class='ocrx_word' id='word_1_286' title='bbox 765 3922 861 3974; x_wconf 71' lang='grc' dir='ltr'><strong>καὶ</strong></span> <span class='ocrx_word' id='word_1_287' title='bbox 900 3920 1067 3973; x_wconf 74' lang='grc' dir='ltr'>αὑτὸν</span> <span class='ocrx_word' id='word_1_288' title='bbox 1105 3917 1241 3973; x_wconf 76' lang='grc' dir='ltr'>εἶναι</span> <span class='ocrx_word' id='word_1_289' title='bbox 1272 3922 1361 3974; x_wconf 82' lang='grc' dir='ltr'><strong>τὸν</strong></span> <span class='ocrx_word' id='word_1_290' title='bbox 1392 3923 1504 3975; x_wconf 76' lang='grc' dir='ltr'>υἱὸν</span> <span class='ocrx_word' id='word_1_291' title='bbox 1545 3924 1639 3977; x_wconf 85' lang='grc' dir='ltr'><strong>τοῦ</strong></span> <span class='ocrx_word' id='word_1_292' title='bbox 1687 3926 1890 3977; x_wconf 87' lang='grc' dir='ltr'>οἰκοδε-</span> 
     </span>
    </p>
   </div>
   <div class='ocr_carea' id='block_1_39' title="bbox 308 4014 1891 4088">
    <p class='ocr_par' dir='ltr' id='par_1_39' title="bbox 308 4014 1891 4088">
     <span class='ocr_line' id='line_1_39' title="bbox 308 4014 1891 4088; baseline 0.003 -22"><span class='ocrx_word' id='word_1_293' title='bbox 308 4014 511 4067; x_wconf 83' lang='grc' dir='ltr'>σπότου</span> <span class='ocrx_word' id='word_1_294' title='bbox 546 4014 997 4084; x_wconf 84' lang='grc' dir='ltr'>ὁμολογήσαντες,</span> <span class='ocrx_word' id='word_1_295' title='bbox 1025 4015 1173 4083; x_wconf 80' lang='grc' dir='ltr'>ὅμως</span> <span class='ocrx_word' id='word_1_296' title='bbox 1203 4015 1433 4078; x_wconf 81' lang='grc' dir='ltr'>ἀνεῖλον,</span> <span class='ocrx_word' id='word_1_297' title='bbox 1479 4016 1667 4069; x_wconf 85' lang='grc' dir='ltr'>ἀσεϐεῖ</span> <span class='ocrx_word' id='word_1_298' title='bbox 1687 4018 1891 4088; x_wconf 82' lang='grc' dir='ltr'>χρησά-</span> 
     </span>
    </p>
   </div>
   <div class='ocr_carea' id='block_1_40' title="bbox 313 4107 1891 4179">
    <p class='ocr_par' dir='ltr' id='par_1_40' title="bbox 313 4107 1891 4179">
     <span class='ocr_line' id='line_1_40' title="bbox 313 4107 1891 4179; baseline 0 -19"><span class='ocrx_word' id='word_1_299' title='bbox 313 4126 466 4178; x_wconf 82' lang='grc' dir='ltr'>μενοι</span> <span class='ocrx_word' id='word_1_300' title='bbox 492 4108 759 4178; x_wconf 78' lang='grc' dir='ltr'>λογισμῷ.</span> <span class='ocrx_word' id='word_1_301' title='bbox 795 4107 915 4161; x_wconf 86' lang='grc' dir='ltr'><strong>Τῶν</strong></span> <span class='ocrx_word' id='word_1_302' title='bbox 945 4109 1002 4160; x_wconf 84' lang='grc' dir='ltr'>δὲ</span> <span class='ocrx_word' id='word_1_303' title='bbox 1022 4107 1190 4179; x_wconf 87' lang='grc' dir='ltr'>τριῶν</span> <span class='ocrx_word' id='word_1_304' title='bbox 1222 4108 1547 4177; x_wconf 82' lang='grc' dir='ltr'>παραϐολῶν</span> <span class='ocrx_word' id='word_1_305' title='bbox 1578 4107 1671 4163; x_wconf 83' lang='grc' dir='ltr'><strong>τοῦ</strong></span> <span class='ocrx_word' id='word_1_306' title='bbox 1715 4110 1891 4179; x_wconf 87' lang='grc' dir='ltr'>ἀμπε-</span> 
     </span>
    </p>
   </div>
   <div class='ocr_carea' id='block_1_41' title="bbox 304 4199 1890 4272">
    <p class='ocr_par' dir='ltr' id='par_1_41' title="bbox 304 4199 1890 4272">
     <span class='ocr_line' id='line_1_41' title="bbox 304 4199 1890 4272; baseline 0.001 -21"><span class='ocrx_word' id='word_1_307' title='bbox 304 4200 503 4265; x_wconf 75' lang='grc' dir='ltr'>λῶνος,</span> <span class='ocrx_word' id='word_1_308' title='bbox 528 4201 627 4270; x_wconf 76' lang='grc' dir='ltr'>τὴν</span> <span class='ocrx_word' id='word_1_309' title='bbox 660 4200 756 4269; x_wconf 79' lang='grc' dir='ltr'><strong>μὲν</strong></span> <span class='ocrx_word' id='word_1_310' title='bbox 808 4199 1031 4271; x_wconf 85' lang='grc' dir='ltr'>πρώτην</span> <span class='ocrx_word' id='word_1_311' title='bbox 1073 4204 1184 4264; x_wconf 83' lang='grc' dir='ltr'>τοῖς</span> <span class='ocrx_word' id='word_1_312' title='bbox 1224 4200 1387 4254; x_wconf 81' lang='grc' dir='ltr'>αὐτοῦ</span> <span class='ocrx_word' id='word_1_313' title='bbox 1419 4201 1690 4272; x_wconf 85' lang='grc' dir='ltr'>μαθηταῖς</span> <span class='ocrx_word' id='word_1_314' title='bbox 1718 4201 1890 4272; x_wconf 77' lang='grc' dir='ltr'>παρέ-</span> 
     </span>
    </p>
   </div>
   <div class='ocr_carea' id='block_1_42' title="bbox 312 4292 1889 4365">
    <p class='ocr_par' dir='ltr' id='par_1_42' title="bbox 312 4292 1889 4365">
     <span class='ocr_line' id='line_1_42' title="bbox 312 4292 1889 4365; baseline 0.001 -20"><span class='ocrx_word' id='word_1_315' title='bbox 312 4293 460 4355; x_wconf 85' lang='grc' dir='ltr'>θετο,</span> <span class='ocrx_word' id='word_1_316' title='bbox 484 4293 543 4346; x_wconf 89' lang='grc' dir='ltr'><strong>ἐν</strong></span> <span class='ocrx_word' id='word_1_317' title='bbox 556 4295 620 4363; x_wconf 81' lang='grc' dir='ltr'>τῇ</span> <span class='ocrx_word' id='word_1_318' title='bbox 645 4292 903 4365; x_wconf 68' lang='grc' dir='ltr'>Γαλιλαίᾳ</span> <span class='ocrx_word' id='word_1_319' title='bbox 921 4295 1016 4346; x_wconf 82' lang='grc' dir='ltr'><strong>σὺν</strong></span> <span class='ocrx_word' id='word_1_320' title='bbox 1041 4294 1225 4357; x_wconf 82' lang='grc' dir='ltr'>αὐτοῖς</span> <span class='ocrx_word' id='word_1_321' title='bbox 1248 4293 1568 4363; x_wconf 80' lang='grc' dir='ltr'>ποιούμενος</span> <span class='ocrx_word' id='word_1_322' title='bbox 1589 4293 1889 4364; x_wconf 72' lang='grc' dir='ltr'>διατριϐάςο</span> 
     </span>
    </p>
   </div>
   <div class='ocr_carea' id='block_1_43' title="bbox 306 4383 1895 4457">
    <p class='ocr_par' dir='ltr' id='par_1_43' title="bbox 306 4383 1895 4457">
     <span class='ocr_line' id='line_1_43' title="bbox 306 4383 1895 4457; baseline -0.002 -17"><span class='ocrx_word' id='word_1_323' title='bbox 306 4383 501 4457; x_wconf 78' lang='grc' dir='ltr'>διόπερ</span> <span class='ocrx_word' id='word_1_324' title='bbox 530 4386 733 4449; x_wconf 80' lang='grc' dir='ltr'>πάντας</span> <span class='ocrx_word' id='word_1_325' title='bbox 764 4384 1082 4457; x_wconf 81' lang='grc' dir='ltr'>ἀνθρώπους</span> <span class='ocrx_word' id='word_1_326' title='bbox 1123 4386 1360 4457; x_wconf 82' lang='grc' dir='ltr'>ἐργάτας</span> <span class='ocrx_word' id='word_1_327' title='bbox 1392 4387 1579 4456; x_wconf 80' lang='grc' dir='ltr'>εἰσῆγε</span> <span class='ocrx_word' id='word_1_328' title='bbox 1622 4385 1895 4455; x_wconf 75' lang='grc' dir='ltr'>διαφόροις</span> 
     </span>
    </p>
   </div>
   <div class='ocr_carea' id='block_1_44' title="bbox 308 4476 1890 4549">
    <p class='ocr_par' dir='ltr' id='par_1_44' title="bbox 308 4476 1890 4549">
     <span class='ocr_line' id='line_1_44' title="bbox 308 4476 1890 4549; baseline -0.001 -18"><span class='ocrx_word' id='word_1_329' title='bbox 308 4476 484 4548; x_wconf 74' lang='grc' dir='ltr'>ὥραις</span> <span class='ocrx_word' id='word_1_330' title='bbox 528 4478 924 4549; x_wconf 81' lang='grc' dir='ltr'>κεκλημένους’</span> <span class='ocrx_word' id='word_1_331' title='bbox 982 4477 1355 4542; x_wconf 82' lang='grc' dir='ltr'>ὑπακούοντάς</span> <span class='ocrx_word' id='word_1_332' title='bbox 1403 4496 1462 4531; x_wconf 90' lang='grc' dir='ltr'><strong>τε</strong></span> <span class='ocrx_word' id='word_1_333' title='bbox 1501 4478 1629 4540; x_wconf 78' lang='grc' dir='ltr'>τοὺς</span> <span class='ocrx_word' id='word_1_334' title='bbox 1660 4478 1890 4541; x_wconf 69' lang='grc' dir='ltr'>πάντας,</span> 
     </span>
    </p>
   </div>
   <div class='ocr_carea' id='block_1_45' title="bbox 1630 404 2222 467">
    <p class='ocr_par' dir='ltr' id='par_1_45' title="bbox 1630 404 2222 467">
     <span class='ocr_line' id='line_1_45' title="bbox 1630 404 2222 467; baseline 0.007 -5"><span class='ocrx_word' id='word_1_335' title='bbox 1630 404 1720 463; x_wconf 81' lang='lat' dir='ltr'><strong>DE</strong></span> <span class='ocrx_word' id='word_1_336' title='bbox 1761 409 2222 467; x_wconf 69' lang='lat' dir='ltr'><strong>TIIEOPIIANIA.</strong></span> 
     </span>
    </p>
   </div>
   <div class='ocr_carea' id='block_1_46' title="bbox 937 522 1886 602">
    <p class='ocr_par' dir='ltr' id='par_1_46' title="bbox 937 526 1872 600">
     <span class='ocr_line' id='line_1_46' title="bbox 937 526 1872 600; baseline 0.002 -19"><span class='ocrx_word' id='word_1_337' title='bbox 937 545 1048 600; x_wconf 91' lang='grc' dir='ltr'>ρινε</span> <span class='ocrx_word' id='word_1_338' title='bbox 1080 526 1177 599; x_wconf 77' lang='grc' dir='ltr'><strong>τῆν</strong></span> <span class='ocrx_word' id='word_1_339' title='bbox 1202 526 1517 599; x_wconf 82' lang='grc' dir='ltr'>παραϐολὴν</span> <span class='ocrx_word' id='word_1_340' title='bbox 1550 529 1642 583; x_wconf 87' lang='grc' dir='ltr'><strong>τοῦ</strong></span> <span class='ocrx_word' id='word_1_341' title='bbox 1669 529 1872 583; x_wconf 85' lang='grc' dir='ltr'>Νάθαν.</span> 
     </span>
    </p>
   </div>
   <div class='ocr_carea' id='block_1_47' title="bbox 1991 522 3539 602">
    <p class='ocr_par' dir='ltr' id='par_1_47' title="bbox 1991 522 3539 602">
     <span class='ocr_line' id='line_1_47' title="bbox 1991 522 3539 602; baseline -0.006 -18"><span class='ocrx_word' id='word_1_342' title='bbox 1991 531 2247 586; x_wconf 79' lang='lat' dir='ltr'><strong>Nathanis</strong></span> <span class='ocrx_word' id='word_1_343' title='bbox 2273 530 2531 602; x_wconf 84' lang='lat' dir='ltr'><strong>parabola</strong></span> <span class='ocrx_word' id='word_1_344' title='bbox 2559 528 2821 598; x_wconf 81' lang='lat' dir='ltr'><strong>judicium</strong></span> <span class='ocrx_word' id='word_1_345' title='bbox 2850 528 2995 584; x_wconf 92' lang='lat' dir='ltr'><strong>tulit.</strong></span> <span class='ocrx_word' id='word_1_346' title='bbox 3040 525 3427 582; x_wconf 75' lang='lat' dir='ltr'><strong>Verumtamen</strong></span> <span class='ocrx_word' id='word_1_347' title='bbox 3463 522 3539 576; x_wconf 89' lang='lat' dir='ltr'><strong>llli</strong></span> 
     </span>
    </p>
   </div>
   <div class='ocr_carea' id='block_1_48' title="bbox 3436 403 3540 459">
    <p class='ocr_par' dir='ltr' id='par_1_48' title="bbox 3436 403 3540 459">
     <span class='ocr_line' id='line_1_48' title="bbox 3436 403 3540 459; baseline 0 0"><span class='ocrx_word' id='word_1_348' title='bbox 3436 403 3540 459; x_wconf 76' lang='lat'><strong>658</strong></span> 
     </span>
    </p>
   </div>
   <div class='ocr_carea' id='block_1_49' title="bbox 1976 613 3541 686">
    <p class='ocr_par' dir='ltr' id='par_1_49' title="bbox 1976 613 3541 686">
     <span class='ocr_line' id='line_1_49' title="bbox 1976 613 3541 686; baseline -0.007 -8"><span class='ocrx_word' id='word_1_349' title='bbox 1976 639 2035 678; x_wconf 89' lang='lat' dir='ltr'><strong>re</strong></span> <span class='ocrx_word' id='word_1_350' title='bbox 2062 624 2275 678; x_wconf 88' lang='lat' dir='ltr'><strong>demum</strong></span> <span class='ocrx_word' id='word_1_351' title='bbox 2327 621 2615 686; x_wconf 87' lang='lat' dir='ltr'><strong>intellecta,</strong></span> <span class='ocrx_word' id='word_1_352' title='bbox 2660 620 3010 675; x_wconf 82' lang='lat' dir='ltr'><strong>infortunium</strong></span> <span class='ocrx_word' id='word_1_353' title='bbox 3071 634 3101 672; x_wconf 91' lang='lat' dir='ltr'><strong>a</strong></span> <span class='ocrx_word' id='word_1_354' title='bbox 3147 632 3207 671; x_wconf 85' lang='lat' dir='ltr'><strong>se</strong></span> <span class='ocrx_word' id='word_1_355' title='bbox 3267 613 3541 685; x_wconf 81' lang='lat' dir='ltr'><strong>deprecati</strong></span> 
     </span>
    </p>
   </div>
   <div class='ocr_carea' id='block_1_50' title="bbox 1976 709 3545 783">
    <p class='ocr_par' dir='ltr' id='par_1_50' title="bbox 1976 709 3545 783">
     <span class='ocr_line' id='line_1_50' title="bbox 1976 709 3545 783; baseline -0.008 -13"><span class='ocrx_word' id='word_1_356' title='bbox 1976 725 2122 770; x_wconf 89' lang='lat' dir='ltr'><strong>sunt.</strong></span> <span class='ocrx_word' id='word_1_357' title='bbox 2158 714 2329 768; x_wconf 87' lang='lat' dir='ltr'><strong>Porro</strong></span> <span class='ocrx_word' id='word_1_358' title='bbox 2354 714 2491 783; x_wconf 88' lang='lat' dir='ltr'><strong>apud</strong></span> <span class='ocrx_word' id='word_1_359' title='bbox 2527 712 2836 766; x_wconf 67' lang='lat' dir='ltr'><strong>Mattltzeum</strong></span> <span class='ocrx_word' id='word_1_360' title='bbox 2873 711 3047 766; x_wconf 86' lang='lat' dir='ltr'><strong>tribus</strong></span> <span class='ocrx_word' id='word_1_361' title='bbox 3080 712 3145 763; x_wconf 90' lang='lat' dir='ltr'><strong>de</strong></span> <span class='ocrx_word' id='word_1_362' title='bbox 3178 709 3335 763; x_wconf 89' lang='lat' dir='ltr'><strong>vinea</strong></span> <span class='ocrx_word' id='word_1_363' title='bbox 3386 719 3545 775; x_wconf 84' lang='lat' dir='ltr'><strong>para-</strong></span> 
     </span>
    </p>
   </div>
   <div class='ocr_carea' id='block_1_51' title="bbox 1975 799 3543 875">
    <p class='ocr_par' dir='ltr' id='par_1_51' title="bbox 1975 799 3543 875">
     <span class='ocr_line' id='line_1_51' title="bbox 1975 799 3543 875; baseline -0.008 -12"><span class='ocrx_word' id='word_1_364' title='bbox 1975 808 2115 863; x_wconf 86' lang='lat' dir='ltr'><strong>bolis</strong></span> <span class='ocrx_word' id='word_1_365' title='bbox 2169 808 2244 861; x_wconf 87' lang='lat' dir='ltr'><strong>rei</strong></span> <span class='ocrx_word' id='word_1_366' title='bbox 2294 807 2456 875; x_wconf 84' lang='lat' dir='ltr'><strong>hujus</strong></span> <span class='ocrx_word' id='word_1_367' title='bbox 2503 806 2710 860; x_wconf 83' lang='lat' dir='ltr'><strong>mentio</strong></span> <span class='ocrx_word' id='word_1_368' title='bbox 2742 805 2835 858; x_wconf 89' lang='lat' dir='ltr'><strong>fit:</strong></span> <span class='ocrx_word' id='word_1_369' title='bbox 2868 818 3177 873; x_wconf 85' lang='lat' dir='ltr'><strong>quanquam</strong></span> <span class='ocrx_word' id='word_1_370' title='bbox 3218 802 3393 871; x_wconf 84' lang='lat' dir='ltr'><strong>prima</strong></span> <span class='ocrx_word' id='word_1_371' title='bbox 3421 799 3543 868; x_wconf 86' lang='lat' dir='ltr'><strong>qui-</strong></span> 
     </span>
    </p>
   </div>
   <div class='ocr_carea' id='block_1_52' title="bbox 1977 889 3544 961">
    <p class='ocr_par' dir='ltr' id='par_1_52' title="bbox 1977 889 3544 961">
     <span class='ocr_line' id='line_1_52' title="bbox 1977 889 3544 961; baseline -0.007 -8"><span class='ocrx_word' id='word_1_372' title='bbox 1977 899 2096 954; x_wconf 90' lang='lat' dir='ltr'><strong>dem</strong></span> <span class='ocrx_word' id='word_1_373' title='bbox 2126 899 2173 931; x_wconf 75' lang='grc' dir='ltr'>θ’</span> <span class='ocrx_word' id='word_1_374' title='bbox 2209 898 2373 951; x_wconf 71' lang='lat' dir='ltr'><strong>varia:</strong></span> <span class='ocrx_word' id='word_1_375' title='bbox 2400 897 2612 951; x_wconf 85' lang='lat' dir='ltr'><strong>illorum</strong></span> <span class='ocrx_word' id='word_1_376' title='bbox 2648 895 2960 949; x_wconf 78' lang='lat' dir='ltr'><strong>vocationes</strong></span> <span class='ocrx_word' id='word_1_377' title='bbox 2990 894 3393 961; x_wconf 83' lang='lat' dir='ltr'><strong>exprimuntur,</strong></span> <span class='ocrx_word' id='word_1_378' title='bbox 3452 889 3544 955; x_wconf 90' lang='lat' dir='ltr'><strong>qui</strong></span> 
     </span>
    </p>
   </div>
   <div class='ocr_carea' id='block_1_53' title="bbox 1978 983 3547 1054">
    <p class='ocr_par' dir='ltr' id='par_1_53' title="bbox 1978 983 3547 1054">
     <span class='ocr_line' id='line_1_53' title="bbox 1978 983 3547 1054; baseline -0.006 -10"><span class='ocrx_word' id='word_1_379' title='bbox 1978 993 2044 1044; x_wconf 91' lang='lat' dir='ltr'><strong>ad</strong></span> <span class='ocrx_word' id='word_1_380' title='bbox 2088 989 2261 1044; x_wconf 70' lang='lat' dir='ltr'><strong>vinea:</strong></span> <span class='ocrx_word' id='word_1_381' title='bbox 2289 988 2555 1043; x_wconf 81' lang='lat' dir='ltr'><strong>culturam</strong></span> <span class='ocrx_word' id='word_1_382' title='bbox 2587 995 2990 1050; x_wconf 86' lang='lat' dir='ltr'><strong>convenerunt;</strong></span> <span class='ocrx_word' id='word_1_383' title='bbox 3042 984 3237 1054; x_wconf 85' lang='lat' dir='ltr'><strong>quibus</strong></span> <span class='ocrx_word' id='word_1_384' title='bbox 3291 983 3547 1038; x_wconf 81' lang='lat' dir='ltr'><strong>omnibus</strong></span> 
     </span>
    </p>
   </div>
   <div class='ocr_carea' id='block_1_54' title="bbox 1977 1072 3544 1154">
    <p class='ocr_par' dir='ltr' id='par_1_54' title="bbox 1977 1072 3544 1154">
     <span class='ocr_line' id='line_1_54' title="bbox 1977 1072 3544 1154; baseline -0.007 -19"><span class='ocrx_word' id='word_1_385' title='bbox 1977 1098 2076 1154; x_wconf 89' lang='lat' dir='ltr'><strong>par</strong></span> <span class='ocrx_word' id='word_1_386' title='bbox 2114 1083 2321 1138; x_wconf 82' lang='lat' dir='ltr'><strong>denarii</strong></span> <span class='ocrx_word' id='word_1_387' title='bbox 2357 1096 2566 1136; x_wconf 87' lang='lat' dir='ltr'><strong>merces</strong></span> <span class='ocrx_word' id='word_1_388' title='bbox 2591 1080 2849 1135; x_wconf 90' lang='lat' dir='ltr'><strong>attributa</strong></span> <span class='ocrx_word' id='word_1_389' title='bbox 2885 1086 2987 1132; x_wconf 88' lang='lat' dir='ltr'><strong>est.</strong></span> <span class='ocrx_word' id='word_1_390' title='bbox 3021 1079 3201 1131; x_wconf 83' lang='lat' dir='ltr'><strong>Altera</strong></span> <span class='ocrx_word' id='word_1_391' title='bbox 3237 1072 3491 1145; x_wconf 85' lang='lat' dir='ltr'><strong>parabola</strong></span> <span class='ocrx_word' id='word_1_392' title='bbox 3528 1072 3544 1103; x_wconf 83' lang='grc'>¹</span> 
     </span>
    </p>
   </div>
   <div class='ocr_carea' id='block_1_55' title="bbox 1978 1164 3550 1238">
    <p class='ocr_par' dir='ltr' id='par_1_55' title="bbox 1978 1164 3550 1238">
     <span class='ocr_line' id='line_1_55' title="bbox 1978 1164 3550 1238; baseline -0.009 -9"><span class='ocrx_word' id='word_1_393' title='bbox 1978 1176 2207 1230; x_wconf 88' lang='lat' dir='ltr'><strong>duorum</strong></span> <span class='ocrx_word' id='word_1_394' title='bbox 2251 1175 2461 1228; x_wconf 87' lang='lat' dir='ltr'><strong>vocatio</strong></span> <span class='ocrx_word' id='word_1_395' title='bbox 2498 1175 2732 1226; x_wconf 79' lang='lat' dir='ltr'><strong>filiorum</strong></span> <span class='ocrx_word' id='word_1_396' title='bbox 2769 1171 3094 1233; x_wconf 84' lang='lat' dir='ltr'><strong>ostenditur,</strong></span> <span class='ocrx_word' id='word_1_397' title='bbox 3139 1182 3367 1238; x_wconf 91' lang='lat' dir='ltr'><strong>quorum</strong></span> <span class='ocrx_word' id='word_1_398' title='bbox 3412 1164 3550 1218; x_wconf 91' lang='lat' dir='ltr'><strong>alter</strong></span> 
     </span>
    </p>
   </div>
   <div class='ocr_carea' id='block_1_56' title="bbox 1978 1254 3545 1336">
    <p class='ocr_par' dir='ltr' id='par_1_56' title="bbox 1978 1254 3545 1336">
     <span class='ocr_line' id='line_1_56' title="bbox 1978 1254 3545 1336; baseline -0.009 -16"><span class='ocrx_word' id='word_1_399' title='bbox 1978 1268 2154 1336; x_wconf 85' lang='lat' dir='ltr'><strong>primo</strong></span> <span class='ocrx_word' id='word_1_400' title='bbox 2211 1266 2353 1320; x_wconf 85' lang='lat' dir='ltr'><strong>haud</strong></span> <span class='ocrx_word' id='word_1_401' title='bbox 2405 1265 2704 1333; x_wconf 84' lang='lat' dir='ltr'><strong>morigerus</strong></span> <span class='ocrx_word' id='word_1_402' title='bbox 2759 1261 2884 1328; x_wconf 89' lang='lat' dir='ltr'><strong>fuit,</strong></span> <span class='ocrx_word' id='word_1_403' title='bbox 2922 1261 3014 1316; x_wconf 90' lang='lat' dir='ltr'><strong>sed</strong></span> <span class='ocrx_word' id='word_1_404' title='bbox 3067 1261 3280 1314; x_wconf 88' lang='lat' dir='ltr'><strong>demum</strong></span> <span class='ocrx_word' id='word_1_405' title='bbox 3313 1254 3545 1312; x_wconf 81' lang='lat' dir='ltr'><strong>olllciutn</strong></span> 
     </span>
    </p>
   </div>
   <div class='ocr_carea' id='block_1_57' title="bbox 1978 1350 3546 1428">
    <p class='ocr_par' dir='ltr' id='par_1_57' title="bbox 1978 1350 3546 1428">
     <span class='ocr_line' id='line_1_57' title="bbox 1978 1350 3546 1428; baseline -0.004 -18"><span class='ocrx_word' id='word_1_406' title='bbox 1978 1358 2255 1428; x_wconf 61' lang='lat' dir='ltr'><strong>praestitit,</strong></span> <span class='ocrx_word' id='word_1_407' title='bbox 2282 1368 2444 1427; x_wconf 88' lang='lat' dir='ltr'><strong>atque</strong></span> <span class='ocrx_word' id='word_1_408' title='bbox 2473 1357 2525 1409; x_wconf 91' lang='lat' dir='ltr'><strong>in</strong></span> <span class='ocrx_word' id='word_1_409' title='bbox 2569 1357 2723 1410; x_wconf 87' lang='lat' dir='ltr'><strong>vinea</strong></span> <span class='ocrx_word' id='word_1_410' title='bbox 2752 1365 3010 1423; x_wconf 89' lang='lat' dir='ltr'><strong>operatus</strong></span> <span class='ocrx_word' id='word_1_411' title='bbox 3033 1361 3117 1406; x_wconf 89' lang='lat' dir='ltr'><strong>est</strong></span> <span class='ocrx_word' id='word_1_412' title='bbox 3144 1371 3157 1405; x_wconf 89' lang='lat'><strong>:</strong></span> <span class='ocrx_word' id='word_1_413' title='bbox 3204 1350 3342 1405; x_wconf 85' lang='lat' dir='ltr'><strong>alter</strong></span> <span class='ocrx_word' id='word_1_414' title='bbox 3366 1360 3546 1405; x_wconf 82' lang='lat' dir='ltr'><strong>autem</strong></span> 
     </span>
    </p>
   </div>
   <div class='ocr_carea' id='block_1_58' title="bbox 1981 1441 3549 1518">
    <p class='ocr_par' dir='ltr' id='par_1_58' title="bbox 1981 1441 3549 1518">
     <span class='ocr_line' id='line_1_58' title="bbox 1981 1441 3549 1518; baseline -0.006 -14"><span class='ocrx_word' id='word_1_415' title='bbox 1981 1452 2122 1505; x_wconf 83' lang='lat' dir='ltr'><strong>filius</strong></span> <span class='ocrx_word' id='word_1_416' title='bbox 2154 1451 2489 1504; x_wconf 90' lang='lat' dir='ltr'><strong>contrarium</strong></span> <span class='ocrx_word' id='word_1_417' title='bbox 2522 1449 2795 1518; x_wconf 81' lang='lat' dir='ltr'><strong>ingenium</strong></span> <span class='ocrx_word' id='word_1_418' title='bbox 2828 1461 2941 1515; x_wconf 87' lang='lat' dir='ltr'><strong>prae</strong></span> <span class='ocrx_word' id='word_1_419' title='bbox 2979 1459 3037 1499; x_wconf 90' lang='lat' dir='ltr'><strong>se</strong></span> <span class='ocrx_word' id='word_1_420' title='bbox 3079 1444 3219 1497; x_wconf 92' lang='lat' dir='ltr'><strong>tulit.</strong></span> <span class='ocrx_word' id='word_1_421' title='bbox 3263 1441 3369 1495; x_wconf 85' lang='lat' dir='ltr'><strong>Sed</strong></span> <span class='ocrx_word' id='word_1_422' title='bbox 3409 1457 3549 1512; x_wconf 69' lang='lat' dir='ltr'><strong>pra:-</strong></span> 
     </span>
    </p>
   </div>
   <div class='ocr_carea' id='block_1_59' title="bbox 1980 1533 3551 1609">
    <p class='ocr_par' dir='ltr' id='par_1_59' title="bbox 1980 1533 3551 1609">
     <span class='ocr_line' id='line_1_59' title="bbox 1980 1533 3551 1609; baseline -0.007 -11"><span class='ocrx_word' id='word_1_423' title='bbox 1980 1552 2131 1598; x_wconf 87' lang='lat' dir='ltr'><strong>sente</strong></span> <span class='ocrx_word' id='word_1_424' title='bbox 2154 1542 2369 1595; x_wconf 89' lang='lat' dir='ltr'><strong>demum</strong></span> <span class='ocrx_word' id='word_1_425' title='bbox 2401 1541 2650 1609; x_wconf 77' lang='lat' dir='ltr'><strong>paralrola</strong></span> <span class='ocrx_word' id='word_1_426' title='bbox 2689 1540 3007 1592; x_wconf 86' lang='lat' dir='ltr'><strong>translatam</strong></span> <span class='ocrx_word' id='word_1_427' title='bbox 3040 1536 3262 1591; x_wconf 87' lang='lat' dir='ltr'><strong>omnino</strong></span> <span class='ocrx_word' id='word_1_428' title='bbox 3292 1533 3551 1588; x_wconf 83' lang='lat' dir='ltr'><strong>Servatur</strong></span> 
     </span>
    </p>
   </div>
   <div class='ocr_carea' id='block_1_60' title="bbox 1980 1624 3551 1696">
    <p class='ocr_par' dir='ltr' id='par_1_60' title="bbox 1980 1624 3551 1696">
     <span class='ocr_line' id='line_1_60' title="bbox 1980 1624 3551 1696; baseline -0.007 -8"><span class='ocrx_word' id='word_1_429' title='bbox 1980 1634 2139 1688; x_wconf 82' lang='lat' dir='ltr'><strong>docet</strong></span> <span class='ocrx_word' id='word_1_430' title='bbox 2186 1634 2358 1685; x_wconf 68' lang='lat' dir='ltr'><strong>vineae</strong></span> <span class='ocrx_word' id='word_1_431' title='bbox 2414 1631 2735 1686; x_wconf 81' lang='lat' dir='ltr'><strong>locationem</strong></span> <span class='ocrx_word' id='word_1_432' title='bbox 2782 1644 2810 1681; x_wconf 88' lang='lat' dir='ltr'><strong>a</strong></span> <span class='ocrx_word' id='word_1_433' title='bbox 2858 1628 3131 1696; x_wconf 75' lang='lat' dir='ltr'><strong>prioribus</strong></span> <span class='ocrx_word' id='word_1_434' title='bbox 3182 1625 3435 1695; x_wconf 76' lang='lat' dir='ltr'><strong>agricolis</strong></span> <span class='ocrx_word' id='word_1_435' title='bbox 3483 1624 3551 1677; x_wconf 89' lang='lat' dir='ltr'><strong>ad</strong></span> 
     </span>
    </p>
   </div>
   <div class='ocr_carea' id='block_1_61' title="bbox 1980 1714 3553 1794">
    <p class='ocr_par' dir='ltr' id='par_1_61' title="bbox 1980 1714 3553 1794">
     <span class='ocr_line' id='line_1_61' title="bbox 1980 1714 3553 1794; baseline -0.006 -16"><span class='ocrx_word' id='word_1_436' title='bbox 1980 1724 2360 1794; x_wconf 73' lang='lat' dir='ltr'><strong>posteriores;</strong></span> <span class='ocrx_word' id='word_1_437' title='bbox 2403 1735 2731 1790; x_wconf 86' lang='lat' dir='ltr'><strong>causamque</strong></span> <span class='ocrx_word' id='word_1_438' title='bbox 2797 1718 3172 1773; x_wconf 79' lang='lat' dir='ltr'><strong>translationis</strong></span> <span class='ocrx_word' id='word_1_439' title='bbox 3234 1718 3429 1787; x_wconf 88' lang='lat' dir='ltr'><strong>aperit.</strong></span> <span class='ocrx_word' id='word_1_440' title='bbox 3484 1714 3553 1769; x_wconf 85' lang='lat' dir='ltr'><strong>Et</strong></span> 
     </span>
    </p>
   </div>
   <div class='ocr_carea' id='block_1_62' title="bbox 1984 1807 3551 1870">
    <p class='ocr_par' dir='ltr' id='par_1_62' title="bbox 1984 1807 3551 1870">
     <span class='ocr_line' id='line_1_62' title="bbox 1984 1807 3551 1870; baseline -0.004 -3"><span class='ocrx_word' id='word_1_441' title='bbox 1984 1815 2114 1869; x_wconf 73' lang='lat' dir='ltr'><strong>mihi</strong></span> <span class='ocrx_word' id='word_1_442' title='bbox 2162 1815 2376 1869; x_wconf 89' lang='lat' dir='ltr'><strong>videtur</strong></span> <span class='ocrx_word' id='word_1_443' title='bbox 2426 1812 2687 1866; x_wconf 77' lang='lat' dir='ltr'><strong>translata</strong></span> <span class='ocrx_word' id='word_1_444' title='bbox 2742 1811 2910 1864; x_wconf 77' lang='lat' dir='ltr'><strong>vineae</strong></span> <span class='ocrx_word' id='word_1_445' title='bbox 2966 1811 3165 1865; x_wconf 81' lang='lat' dir='ltr'><strong>locatio</strong></span> <span class='ocrx_word' id='word_1_446' title='bbox 3216 1809 3283 1862; x_wconf 90' lang='lat' dir='ltr'><strong>ab</strong></span> <span class='ocrx_word' id='word_1_447' title='bbox 3315 1823 3380 1862; x_wconf 88' lang='lat' dir='ltr'><strong>eo</strong></span> <span class='ocrx_word' id='word_1_448' title='bbox 3420 1807 3551 1870; x_wconf 83' lang='lat' dir='ltr'><strong>filio,</strong></span> 
     </span>
    </p>
   </div>
   <div class='ocr_carea' id='block_1_63' title="bbox 1982 1901 3551 1978">
    <p class='ocr_par' dir='ltr' id='par_1_63' title="bbox 1982 1901 3551 1978">
     <span class='ocr_line' id='line_1_63' title="bbox 1982 1901 3551 1978; baseline -0.006 -17"><span class='ocrx_word' id='word_1_449' title='bbox 1982 1909 2072 1978; x_wconf 90' lang='lat' dir='ltr'><strong>qui</strong></span> <span class='ocrx_word' id='word_1_450' title='bbox 2107 1922 2165 1963; x_wconf 90' lang='lat' dir='ltr'><strong>se</strong></span> <span class='ocrx_word' id='word_1_451' title='bbox 2202 1916 2548 1976; x_wconf 76' lang='lat' dir='ltr'><strong>operatur-um</strong></span> <span class='ocrx_word' id='word_1_452' title='bbox 2579 1907 2801 1975; x_wconf 80' lang='lat' dir='ltr'><strong>recepit,</strong></span> <span class='ocrx_word' id='word_1_453' title='bbox 2830 1919 2952 1958; x_wconf 81' lang='lat' dir='ltr'><strong>mox</strong></span> <span class='ocrx_word' id='word_1_454' title='bbox 2994 1903 3161 1957; x_wconf 85' lang='lat' dir='ltr'><strong>verba</strong></span> <span class='ocrx_word' id='word_1_455' title='bbox 3206 1901 3257 1954; x_wconf 92' lang='lat' dir='ltr'><strong>in</strong></span> <span class='ocrx_word' id='word_1_456' title='bbox 3293 1915 3406 1955; x_wconf 86' lang='lat' dir='ltr'><strong>rem</strong></span> <span class='ocrx_word' id='word_1_457' title='bbox 3442 1913 3551 1954; x_wconf 90' lang='lat' dir='ltr'><strong>non</strong></span> 
     </span>
    </p>
   </div>
   <div class='ocr_carea' id='block_1_64' title="bbox 1982 1988 3552 2065">
    <p class='ocr_par' dir='ltr' id='par_1_64' title="bbox 1982 1988 3552 2065">
     <span class='ocr_line' id='line_1_64' title="bbox 1982 1988 3552 2065; baseline -0.008 -10"><span class='ocrx_word' id='word_1_458' title='bbox 1982 1998 2256 2063; x_wconf 90' lang='lat' dir='ltr'><strong>contulit;</strong></span> <span class='ocrx_word' id='word_1_459' title='bbox 2293 1997 2489 2052; x_wconf 78' lang='lat' dir='ltr'><strong>tradita</strong></span> <span class='ocrx_word' id='word_1_460' title='bbox 2533 2005 2715 2051; x_wconf 88' lang='lat' dir='ltr'><strong>autem</strong></span> <span class='ocrx_word' id='word_1_461' title='bbox 2747 1995 2821 2049; x_wconf 88' lang='lat' dir='ltr'><strong>illi</strong></span> <span class='ocrx_word' id='word_1_462' title='bbox 2863 1997 2954 2065; x_wconf 88' lang='lat' dir='ltr'><strong>qui</strong></span> <span class='ocrx_word' id='word_1_463' title='bbox 2992 1994 3149 2049; x_wconf 90' lang='lat' dir='ltr'><strong>initio</strong></span> <span class='ocrx_word' id='word_1_464' title='bbox 3186 1992 3403 2062; x_wconf 85' lang='lat' dir='ltr'><strong>quidem</strong></span> <span class='ocrx_word' id='word_1_465' title='bbox 3433 1988 3552 2044; x_wconf 81' lang='lat' dir='ltr'><strong>ofﬁ-</strong></span> 
     </span>
    </p>
   </div>
   <div class='ocr_carea' id='block_1_65' title="bbox 1983 2086 3554 2157">
    <p class='ocr_par' dir='ltr' id='par_1_65' title="bbox 1983 2086 3554 2157">
     <span class='ocr_line' id='line_1_65' title="bbox 1983 2086 3554 2157; baseline -0.005 -12"><span class='ocrx_word' id='word_1_466' title='bbox 1983 2094 2126 2146; x_wconf 86' lang='lat' dir='ltr'><strong>cium</strong></span> <span class='ocrx_word' id='word_1_467' title='bbox 2160 2090 2505 2152; x_wconf 87' lang='lat' dir='ltr'><strong>detrectavit,</strong></span> <span class='ocrx_word' id='word_1_468' title='bbox 2536 2089 2631 2143; x_wconf 89' lang='lat' dir='ltr'><strong>sed</strong></span> <span class='ocrx_word' id='word_1_469' title='bbox 2662 2104 2782 2142; x_wconf 75' lang='lat' dir='ltr'><strong>mox</strong></span> <span class='ocrx_word' id='word_1_470' title='bbox 2820 2102 2984 2157; x_wconf 88' lang='lat' dir='ltr'><strong>opere</strong></span> <span class='ocrx_word' id='word_1_471' title='bbox 3014 2086 3373 2141; x_wconf 81' lang='lat' dir='ltr'><strong>obedientiam</strong></span> <span class='ocrx_word' id='word_1_472' title='bbox 3416 2098 3554 2152; x_wconf 55' lang='lat' dir='ltr'><strong>prie.</strong></span> 
     </span>
    </p>
   </div>
   <div class='ocr_carea' id='block_1_66' title="bbox 1981 2183 2139 2239">
    <p class='ocr_par' dir='ltr' id='par_1_66' title="bbox 1981 2183 2139 2239">
     <span class='ocr_line' id='line_1_66' title="bbox 1981 2183 2139 2239; baseline -0.013 0"><span class='ocrx_word' id='word_1_473' title='bbox 1981 2183 2139 2239; x_wconf 88' lang='lat' dir='ltr'><strong>stitit.</strong></span> 
     </span>
    </p>
   </div>
   <div class='ocr_carea' id='block_1_67' title="bbox 2057 2263 3556 2343">
    <p class='ocr_par' dir='ltr' id='par_1_67' title="bbox 2057 2263 3556 2343">
     <span class='ocr_line' id='line_1_67' title="bbox 2057 2263 3556 2343; baseline -0.007 -15"><span class='ocrx_word' id='word_1_474' title='bbox 2057 2274 2167 2328; x_wconf 88' lang='lat' dir='ltr'><strong>Sed</strong></span> <span class='ocrx_word' id='word_1_475' title='bbox 2204 2273 2347 2327; x_wconf 81' lang='lat' dir='ltr'><strong>enim</strong></span> <span class='ocrx_word' id='word_1_476' title='bbox 2379 2272 2551 2343; x_wconf 85' lang='lat' dir='ltr'><strong>magis</strong></span> <span class='ocrx_word' id='word_1_477' title='bbox 2590 2271 2912 2342; x_wconf 85' lang='lat' dir='ltr'><strong>perspicuos</strong></span> <span class='ocrx_word' id='word_1_478' title='bbox 2959 2283 3137 2324; x_wconf 81' lang='lat' dir='ltr'><strong>sermo</strong></span> <span class='ocrx_word' id='word_1_479' title='bbox 3182 2267 3295 2333; x_wconf 86' lang='lat' dir='ltr'><strong>fiet,</strong></span> <span class='ocrx_word' id='word_1_480' title='bbox 3346 2266 3396 2320; x_wconf 92' lang='lat' dir='ltr'><strong>si</strong></span> <span class='ocrx_word' id='word_1_481' title='bbox 3431 2263 3556 2320; x_wconf 89' lang='lat' dir='ltr'><strong>reli-</strong></span> 
     </span>
    </p>
   </div>
   <div class='ocr_carea' id='block_1_68' title="bbox 1983 2362 3554 2441">
    <p class='ocr_par' dir='ltr' id='par_1_68' title="bbox 1983 2362 3554 2441">
     <span class='ocr_line' id='line_1_68' title="bbox 1983 2362 3554 2441; baseline -0.007 -18"><span class='ocrx_word' id='word_1_482' title='bbox 1983 2371 2186 2441; x_wconf 78' lang='lat' dir='ltr'><strong>giosam</strong></span> <span class='ocrx_word' id='word_1_483' title='bbox 2222 2371 2415 2435; x_wconf 89' lang='lat' dir='ltr'><strong>vitam,</strong></span> <span class='ocrx_word' id='word_1_484' title='bbox 2438 2384 2558 2439; x_wconf 63' lang='lat' dir='ltr'><strong>quae</strong></span> <span class='ocrx_word' id='word_1_485' title='bbox 2587 2368 2752 2423; x_wconf 81' lang='lat' dir='ltr'><strong>divini</strong></span> <span class='ocrx_word' id='word_1_486' title='bbox 2782 2366 2929 2436; x_wconf 73' lang='lat' dir='ltr'><strong>regni</strong></span> <span class='ocrx_word' id='word_1_487' title='bbox 2958 2364 3174 2435; x_wconf 90' lang='lat' dir='ltr'><strong>propria</strong></span> <span class='ocrx_word' id='word_1_488' title='bbox 3208 2372 3311 2425; x_wconf 87' lang='lat' dir='ltr'><strong>est,</strong></span> <span class='ocrx_word' id='word_1_489' title='bbox 3344 2362 3554 2414; x_wconf 83' lang='lat' dir='ltr'><strong>vineam</strong></span> 
     </span>
    </p>
   </div>
   <div class='ocr_carea' id='block_1_69' title="bbox 1982 2446 3555 2530">
    <p class='ocr_par' dir='ltr' id='par_1_69' title="bbox 1982 2446 3555 2530">
     <span class='ocr_line' id='line_1_69' title="bbox 1982 2446 3555 2530; baseline -0.01 -17"><span class='ocrx_word' id='word_1_490' title='bbox 1982 2475 2105 2515; x_wconf 85' lang='lat' dir='ltr'><strong>esse</strong></span> <span class='ocrx_word' id='word_1_491' title='bbox 2144 2461 2492 2530; x_wconf 83' lang='lat' dir='ltr'><strong>putabimus:</strong></span> <span class='ocrx_word' id='word_1_492' title='bbox 2543 2466 2704 2526; x_wconf 91' lang='lat' dir='ltr'><strong>atque</strong></span> <span class='ocrx_word' id='word_1_493' title='bbox 2750 2458 2826 2510; x_wconf 89' lang='lat' dir='ltr'><strong>ita</strong></span> <span class='ocrx_word' id='word_1_494' title='bbox 2876 2453 3087 2524; x_wconf 83' lang='lat' dir='ltr'><strong>priores</strong></span> <span class='ocrx_word' id='word_1_495' title='bbox 3131 2450 3252 2520; x_wconf 85' lang='lat' dir='ltr'><strong>ejus</strong></span> <span class='ocrx_word' id='word_1_496' title='bbox 3297 2446 3555 2513; x_wconf 74' lang='lat' dir='ltr'><strong>cultores,</strong></span> 
     </span>
    </p>
   </div>
   <div class='ocr_carea' id='block_1_70' title="bbox 1984 2538 3558 2623">
    <p class='ocr_par' dir='ltr' id='par_1_70' title="bbox 1984 2538 3558 2623">
     <span class='ocr_line' id='line_1_70' title="bbox 1984 2538 3558 2623; baseline -0.013 -15"><span class='ocrx_word' id='word_1_497' title='bbox 1984 2555 2073 2623; x_wconf 90' lang='lat' dir='ltr'><strong>qui</strong></span> <span class='ocrx_word' id='word_1_498' title='bbox 2107 2553 2429 2619; x_wconf 87' lang='lat' dir='ltr'><strong>nonjustam</strong></span> <span class='ocrx_word' id='word_1_499' title='bbox 2451 2564 2668 2618; x_wconf 82' lang='lat' dir='ltr'><strong>cperam</strong></span> <span class='ocrx_word' id='word_1_500' title='bbox 2696 2548 2747 2601; x_wconf 91' lang='lat' dir='ltr'><strong>in</strong></span> <span class='ocrx_word' id='word_1_501' title='bbox 2781 2561 2843 2601; x_wconf 91' lang='lat' dir='ltr'><strong>ea</strong></span> <span class='ocrx_word' id='word_1_502' title='bbox 2877 2545 3313 2604; x_wconf 89' lang='lat' dir='ltr'><strong>collocaverunt,</strong></span> <span class='ocrx_word' id='word_1_503' title='bbox 3342 2538 3558 2594; x_wconf 65' lang='lat' dir='ltr'><strong>Judmos</strong></span> 
     </span>
    </p>
   </div>
   <div class='ocr_carea' id='block_1_71' title="bbox 1984 2626 3559 2709">
    <p class='ocr_par' dir='ltr' id='par_1_71' title="bbox 1984 2626 3559 2709">
     <span class='ocr_line' id='line_1_71' title="bbox 1984 2626 3559 2709; baseline -0.014 -7"><span class='ocrx_word' id='word_1_504' title='bbox 1984 2661 2106 2703; x_wconf 87' lang='lat' dir='ltr'><strong>esse</strong></span> <span class='ocrx_word' id='word_1_505' title='bbox 2152 2644 2460 2704; x_wconf 88' lang='lat' dir='ltr'><strong>credemus,</strong></span> <span class='ocrx_word' id='word_1_506' title='bbox 2493 2640 2583 2709; x_wconf 88' lang='lat' dir='ltr'><strong>qui</strong></span> <span class='ocrx_word' id='word_1_507' title='bbox 2631 2638 2790 2709; x_wconf 88' lang='lat' dir='ltr'><strong>primi</strong></span> <span class='ocrx_word' id='word_1_508' title='bbox 2843 2626 3022 2691; x_wconf 83' lang='lat' dir='ltr'><strong>divina</strong></span> <span class='ocrx_word' id='word_1_509' title='bbox 3058 2633 3249 2689; x_wconf 83' lang='lat' dir='ltr'><strong>notitia</strong></span> <span class='ocrx_word' id='word_1_510' title='bbox 3274 2631 3559 2700; x_wconf 78' lang='lat' dir='ltr'><strong>dignanter</strong></span> 
     </span>
    </p>
   </div>
   <div class='ocr_carea' id='block_1_72' title="bbox 1987 2718 3556 2798">
    <p class='ocr_par' dir='ltr' id='par_1_72' title="bbox 1987 2718 3556 2798">
     <span class='ocr_line' id='line_1_72' title="bbox 1987 2718 3556 2798; baseline -0.013 -6"><span class='ocrx_word' id='word_1_511' title='bbox 1987 2735 2283 2792; x_wconf 82' lang='lat' dir='ltr'><strong>collustrati</strong></span> <span class='ocrx_word' id='word_1_512' title='bbox 2346 2734 2623 2789; x_wconf 88' lang='lat' dir='ltr'><strong>fuerunt:</strong></span> <span class='ocrx_word' id='word_1_513' title='bbox 2682 2731 2848 2797; x_wconf 84' lang='lat' dir='ltr'><strong>hique</strong></span> <span class='ocrx_word' id='word_1_514' title='bbox 2901 2743 3058 2798; x_wconf 91' lang='lat' dir='ltr'><strong>pares</strong></span> <span class='ocrx_word' id='word_1_515' title='bbox 3103 2734 3230 2779; x_wconf 88' lang='lat' dir='ltr'><strong>sunt</strong></span> <span class='ocrx_word' id='word_1_516' title='bbox 3283 2722 3359 2777; x_wconf 87' lang='lat' dir='ltr'><strong>illi</strong></span> <span class='ocrx_word' id='word_1_517' title='bbox 3402 2718 3556 2775; x_wconf 86' lang='lat' dir='ltr'><strong>alteri</strong></span> 
     </span>
    </p>
   </div>
   <div class='ocr_carea' id='block_1_73' title="bbox 1989 2812 3561 2897">
    <p class='ocr_par' dir='ltr' id='par_1_73' title="bbox 1989 2812 3561 2897">
     <span class='ocr_line' id='line_1_73' title="bbox 1989 2812 3561 2897; baseline -0.013 -14"><span class='ocrx_word' id='word_1_518' title='bbox 1989 2829 2124 2892; x_wconf 88' lang='lat' dir='ltr'><strong>filio,</strong></span> <span class='ocrx_word' id='word_1_519' title='bbox 2147 2842 2314 2897; x_wconf 75' lang='lat' dir='ltr'><strong>quem</strong></span> <span class='ocrx_word' id='word_1_520' title='bbox 2359 2822 2704 2895; x_wconf 78' lang='lat' dir='ltr'><strong>evangelicus</strong></span> <span class='ocrx_word' id='word_1_521' title='bbox 2734 2834 2915 2876; x_wconf 86' lang='lat' dir='ltr'><strong>sermo</strong></span> <span class='ocrx_word' id='word_1_522' title='bbox 2943 2819 3189 2872; x_wconf 87' lang='lat' dir='ltr'><strong>damnat.</strong></span> <span class='ocrx_word' id='word_1_523' title='bbox 3223 2812 3561 2868; x_wconf 81' lang='lat' dir='ltr'><strong>Posteriores</strong></span> 
     </span>
    </p>
   </div>
   <div class='ocr_carea' id='block_1_74' title="bbox 1987 2909 3562 2987">
    <p class='ocr_par' dir='ltr' id='par_1_74' title="bbox 1987 2909 3562 2987">
     <span class='ocr_line' id='line_1_74' title="bbox 1987 2909 3562 2987; baseline -0.013 -11"><span class='ocrx_word' id='word_1_524' title='bbox 1987 2932 2167 2976; x_wconf 85' lang='lat' dir='ltr'><strong>autem</strong></span> <span class='ocrx_word' id='word_1_525' title='bbox 2200 2919 2458 2979; x_wconf 75' lang='lat' dir='ltr'><strong>cultores,</strong></span> <span class='ocrx_word' id='word_1_526' title='bbox 2492 2916 2584 2987; x_wconf 89' lang='lat' dir='ltr'><strong>qui</strong></span> <span class='ocrx_word' id='word_1_527' title='bbox 2615 2913 2853 2969; x_wconf 86' lang='lat' dir='ltr'><strong>debitum</strong></span> <span class='ocrx_word' id='word_1_528' title='bbox 2894 2909 3130 2964; x_wconf 87' lang='lat' dir='ltr'><strong>fructum</strong></span> <span class='ocrx_word' id='word_1_529' title='bbox 3176 2921 3275 2961; x_wconf 80' lang='lat' dir='ltr'><strong>suo</strong></span> <span class='ocrx_word' id='word_1_530' title='bbox 3315 2914 3562 2971; x_wconf 86' lang='lat' dir='ltr'><strong>tempore</strong></span> 
     </span>
    </p>
   </div>
   <div class='ocr_carea' id='block_1_75' title="bbox 1988 2990 3559 3071">
    <p class='ocr_par' dir='ltr' id='par_1_75' title="bbox 1988 2990 3559 3071">
     <span class='ocr_line' id='line_1_75' title="bbox 1988 2990 3559 3071; baseline -0.015 -4"><span class='ocrx_word' id='word_1_531' title='bbox 1988 3006 2648 3071; x_wconf 74' lang='lat' dir='ltr'><strong>exhibuerunt,etlmicos</strong></span> <span class='ocrx_word' id='word_1_532' title='bbox 2670 2999 3136 3063; x_wconf 81' lang='lat' dir='ltr'><strong>existimabimus,</strong></span> <span class='ocrx_word' id='word_1_533' title='bbox 3163 2997 3250 3066; x_wconf 88' lang='lat' dir='ltr'><strong>qui</strong></span> <span class='ocrx_word' id='word_1_534' title='bbox 3279 3007 3376 3064; x_wconf 89' lang='lat' dir='ltr'><strong>per</strong></span> <span class='ocrx_word' id='word_1_535' title='bbox 3403 2990 3559 3047; x_wconf 84' lang='lat' dir='ltr'><strong>Chri-</strong></span> 
     </span>
    </p>
   </div>
   <div class='ocr_carea' id='block_1_76' title="bbox 1990 3084 3562 3165">
    <p class='ocr_par' dir='ltr' id='par_1_76' title="bbox 1990 3084 3562 3165">
     <span class='ocr_line' id='line_1_76' title="bbox 1990 3084 3562 3165; baseline -0.015 -6"><span class='ocrx_word' id='word_1_536' title='bbox 1990 3115 2132 3159; x_wconf 82' lang='lat' dir='ltr'><strong>stum</strong></span> <span class='ocrx_word' id='word_1_537' title='bbox 2186 3103 2279 3157; x_wconf 83' lang='lat' dir='ltr'><strong>Dei</strong></span> <span class='ocrx_word' id='word_1_538' title='bbox 2333 3100 2575 3156; x_wconf 68' lang='lat' dir='ltr'><strong>notitiam</strong></span> <span class='ocrx_word' id='word_1_539' title='bbox 2614 3102 2960 3165; x_wconf 88' lang='lat' dir='ltr'><strong>receperunt,</strong></span> <span class='ocrx_word' id='word_1_540' title='bbox 2989 3089 3304 3157; x_wconf 83' lang='lat' dir='ltr'><strong>similesque</strong></span> <span class='ocrx_word' id='word_1_541' title='bbox 3338 3085 3415 3140; x_wconf 84' lang='lat' dir='ltr'><strong>illi</strong></span> <span class='ocrx_word' id='word_1_542' title='bbox 3451 3084 3562 3138; x_wconf 87' lang='lat' dir='ltr'><strong>lilio</strong></span> 
     </span>
    </p>
   </div>
   <div class='ocr_carea' id='block_1_77' title="bbox 1991 3180 3564 3262">
    <p class='ocr_par' dir='ltr' id='par_1_77' title="bbox 1991 3180 3564 3262">
     <span class='ocr_line' id='line_1_77' title="bbox 1991 3180 3564 3262; baseline -0.015 -9"><span class='ocrx_word' id='word_1_543' title='bbox 1991 3204 2303 3259; x_wconf 88' lang='lat' dir='ltr'><strong>evaserunt,</strong></span> <span class='ocrx_word' id='word_1_544' title='bbox 2336 3196 2427 3262; x_wconf 88' lang='lat' dir='ltr'><strong>qui</strong></span> <span class='ocrx_word' id='word_1_545' title='bbox 2468 3189 2607 3261; x_wconf 90' lang='lat' dir='ltr'><strong>patri</strong></span> <span class='ocrx_word' id='word_1_546' title='bbox 2638 3186 2958 3255; x_wconf 87' lang='lat' dir='ltr'><strong>obsequium</strong></span> <span class='ocrx_word' id='word_1_547' title='bbox 2991 3195 3046 3239; x_wconf 91' lang='lat' dir='ltr'><strong>ct</strong></span> <span class='ocrx_word' id='word_1_548' title='bbox 3073 3180 3437 3236; x_wconf 86' lang='lat' dir='ltr'><strong>obedientiam</strong></span> <span class='ocrx_word' id='word_1_549' title='bbox 3475 3191 3564 3230; x_wconf 87' lang='lat' dir='ltr'><strong>re-</strong></span> 
     </span>
    </p>
   </div>
   <div class='ocr_carea' id='block_1_78' title="bbox 1995 3269 3563 3357">
    <p class='ocr_par' dir='ltr' id='par_1_78' title="bbox 1995 3269 3563 3357">
     <span class='ocr_line' id='line_1_78' title="bbox 1995 3269 3563 3357; baseline -0.013 -15"><span class='ocrx_word' id='word_1_550' title='bbox 1995 3290 2108 3357; x_wconf 82' lang='lat' dir='ltr'><strong>ipsa</strong></span> <span class='ocrx_word' id='word_1_551' title='bbox 2148 3294 2382 3340; x_wconf 82' lang='lat' dir='ltr'><strong>testatus</strong></span> <span class='ocrx_word' id='word_1_552' title='bbox 2423 3291 2532 3337; x_wconf 89' lang='lat' dir='ltr'><strong>est.</strong></span> <span class='ocrx_word' id='word_1_553' title='bbox 2562 3280 2685 3335; x_wconf 67' lang='lat' dir='ltr'><strong>dam</strong></span> <span class='ocrx_word' id='word_1_554' title='bbox 2728 3292 2950 3333; x_wconf 89' lang='lat' dir='ltr'><strong>causam</strong></span> <span class='ocrx_word' id='word_1_555' title='bbox 3005 3274 3201 3329; x_wconf 75' lang='lat' dir='ltr'><strong>ablatze</strong></span> <span class='ocrx_word' id='word_1_556' title='bbox 3237 3272 3341 3325; x_wconf 90' lang='lat' dir='ltr'><strong>illis</strong></span> <span class='ocrx_word' id='word_1_557' title='bbox 3371 3269 3563 3330; x_wconf 76' lang='lat' dir='ltr'><strong>vincte,</strong></span> 
     </span>
    </p>
   </div>
   <div class='ocr_carea' id='block_1_79' title="bbox 1990 3360 3566 3450">
    <p class='ocr_par' dir='ltr' id='par_1_79' title="bbox 1990 3360 3566 3450">
     <span class='ocr_line' id='line_1_79' title="bbox 1990 3360 3566 3450; baseline -0.013 -16"><span class='ocrx_word' id='word_1_558' title='bbox 1990 3382 2119 3450; x_wconf 83' lang='lat' dir='ltr'><strong>quia</strong></span> <span class='ocrx_word' id='word_1_559' title='bbox 2164 3380 2217 3433; x_wconf 87' lang='lat' dir='ltr'><strong>in</strong></span> <span class='ocrx_word' id='word_1_560' title='bbox 2266 3376 2506 3430; x_wconf 73' lang='lat' dir='ltr'><strong>{iiiorum</strong></span> <span class='ocrx_word' id='word_1_561' title='bbox 2560 3372 2813 3443; x_wconf 87' lang='lat' dir='ltr'><strong>parabola</strong></span> <span class='ocrx_word' id='word_1_562' title='bbox 2864 3369 3124 3424; x_wconf 85' lang='lat' dir='ltr'><strong>Servator</strong></span> <span class='ocrx_word' id='word_1_563' title='bbox 3154 3380 3258 3419; x_wconf 90' lang='lat' dir='ltr'><strong>non</strong></span> <span class='ocrx_word' id='word_1_564' title='bbox 3299 3362 3455 3424; x_wconf 80' lang='lat' dir='ltr'><strong>dixit,</strong></span> <span class='ocrx_word' id='word_1_565' title='bbox 3485 3360 3566 3415; x_wconf 88' lang='lat' dir='ltr'><strong>id-</strong></span> 
     </span>
    </p>
   </div>
   <div class='ocr_carea' id='block_1_80' title="bbox 1991 3455 3566 3527">
    <p class='ocr_par' dir='ltr' id='par_1_80' title="bbox 1991 3455 3566 3527">
     <span class='ocr_line' id='line_1_80' title="bbox 1991 3455 3566 3527; baseline -0.015 -4"><span class='ocrx_word' id='word_1_566' title='bbox 1991 3471 2139 3523; x_wconf 89' lang='lat' dir='ltr'><strong>circo</strong></span> <span class='ocrx_word' id='word_1_567' title='bbox 2178 3479 2401 3521; x_wconf 89' lang='lat' dir='ltr'><strong>necesse</strong></span> <span class='ocrx_word' id='word_1_568' title='bbox 2429 3463 2529 3517; x_wconf 88' lang='lat' dir='ltr'><strong>fuit</strong></span> <span class='ocrx_word' id='word_1_569' title='bbox 2557 3472 2614 3515; x_wconf 87' lang='lat' dir='ltr'><strong>ut</strong></span> <span class='ocrx_word' id='word_1_570' title='bbox 2650 3462 2774 3524; x_wconf 86' lang='lat' dir='ltr'><strong>hac,</strong></span> <span class='ocrx_word' id='word_1_571' title='bbox 2806 3475 2927 3527; x_wconf 63' lang='lat' dir='ltr'><strong>quae</strong></span> <span class='ocrx_word' id='word_1_572' title='bbox 2956 3458 3010 3510; x_wconf 92' lang='lat' dir='ltr'><strong>in</strong></span> <span class='ocrx_word' id='word_1_573' title='bbox 3052 3455 3303 3509; x_wconf 91' lang='lat' dir='ltr'><strong>manibus</strong></span> <span class='ocrx_word' id='word_1_574' title='bbox 3338 3460 3443 3515; x_wconf 85' lang='lat' dir='ltr'><strong>est,</strong></span> <span class='ocrx_word' id='word_1_575' title='bbox 3472 3464 3566 3519; x_wconf 84' lang='lat' dir='ltr'><strong>pa-</strong></span> 
     </span>
    </p>
   </div>
   <div class='ocr_carea' id='block_1_81' title="bbox 1992 3545 3566 3627">
    <p class='ocr_par' dir='ltr' id='par_1_81' title="bbox 1992 3545 3566 3627">
     <span class='ocr_line' id='line_1_81' title="bbox 1992 3545 3566 3627; baseline -0.014 -12"><span class='ocrx_word' id='word_1_576' title='bbox 1992 3559 2174 3615; x_wconf 88' lang='lat' dir='ltr'><strong>rabola</strong></span> <span class='ocrx_word' id='word_1_577' title='bbox 2219 3555 2570 3627; x_wconf 73' lang='lat' dir='ltr'><strong>patefaceret.</strong></span> <span class='ocrx_word' id='word_1_578' title='bbox 2617 3553 2791 3607; x_wconf 87' lang='lat' dir='ltr'><strong>Causa</strong></span> <span class='ocrx_word' id='word_1_579' title='bbox 2831 3564 2959 3604; x_wconf 89' lang='lat' dir='ltr'><strong>vero</strong></span> <span class='ocrx_word' id='word_1_580' title='bbox 3011 3546 3131 3609; x_wconf 89' lang='lat' dir='ltr'><strong>fuit,</strong></span> <span class='ocrx_word' id='word_1_581' title='bbox 3180 3545 3302 3613; x_wconf 82' lang='lat' dir='ltr'><strong>quia</strong></span> <span class='ocrx_word' id='word_1_582' title='bbox 3328 3556 3435 3596; x_wconf 84' lang='lat' dir='ltr'><strong>non</strong></span> <span class='ocrx_word' id='word_1_583' title='bbox 3467 3555 3566 3595; x_wconf 86' lang='lat' dir='ltr'><strong>suo</strong></span> 
     </span>
    </p>
   </div>
   <div class='ocr_carea' id='block_1_82' title="bbox 1994 3639 3567 3724">
    <p class='ocr_par' dir='ltr' id='par_1_82' title="bbox 1994 3639 3567 3724">
     <span class='ocr_line' id='line_1_82' title="bbox 1994 3639 3567 3724; baseline -0.015 -15"><span class='ocrx_word' id='word_1_584' title='bbox 1994 3667 2239 3724; x_wconf 88' lang='lat' dir='ltr'><strong>tempore</strong></span> <span class='ocrx_word' id='word_1_585' title='bbox 2279 3651 2488 3705; x_wconf 78' lang='lat' dir='ltr'><strong>fruetus</strong></span> <span class='ocrx_word' id='word_1_586' title='bbox 2517 3649 2736 3704; x_wconf 89' lang='lat' dir='ltr'><strong>domino</strong></span> <span class='ocrx_word' id='word_1_587' title='bbox 2791 3644 3004 3699; x_wconf 89' lang='lat' dir='ltr'><strong>debitos</strong></span> <span class='ocrx_word' id='word_1_588' title='bbox 3043 3639 3398 3695; x_wconf 83' lang='lat' dir='ltr'><strong>obtulerunt:</strong></span> <span class='ocrx_word' id='word_1_589' title='bbox 3431 3648 3567 3704; x_wconf 65' lang='lat' dir='ltr'><strong>pra:-</strong></span> 
     </span>
    </p>
   </div>
   <div class='ocr_carea' id='block_1_83' title="bbox 1993 3723 3568 3812">
    <p class='ocr_par' dir='ltr' id='par_1_83' title="bbox 1993 3723 3568 3812">
     <span class='ocr_line' id='line_1_83' title="bbox 1993 3723 3568 3812; baseline -0.014 -14"><span class='ocrx_word' id='word_1_590' title='bbox 1993 3723 2248 3812; x_wconf 88' lang='lat' dir='ltr'><strong>tereaque</strong></span> <span class='ocrx_word' id='word_1_591' title='bbox 2300 3740 2477 3794; x_wconf 82' lang='lat' dir='ltr'><strong>servis</strong></span> <span class='ocrx_word' id='word_1_592' title='bbox 2529 3738 2596 3791; x_wconf 90' lang='lat' dir='ltr'><strong>ad</strong></span> <span class='ocrx_word' id='word_1_593' title='bbox 2638 3735 2974 3804; x_wconf 77' lang='lat' dir='ltr'><strong>colligendos</strong></span> <span class='ocrx_word' id='word_1_594' title='bbox 3018 3732 3227 3785; x_wconf 82' lang='lat' dir='ltr'><strong>fructus</strong></span> <span class='ocrx_word' id='word_1_595' title='bbox 3280 3723 3568 3782; x_wconf 84' lang='lat' dir='ltr'><strong>submissis</strong></span> 
     </span>
    </p>
   </div>
   <div class='ocr_carea' id='block_1_84' title="bbox 1992 3816 3567 3891">
    <p class='ocr_par' dir='ltr' id='par_1_84' title="bbox 1992 3816 3567 3891">
     <span class='ocr_line' id='line_1_84' title="bbox 1992 3816 3567 3891; baseline -0.014 0"><span class='ocrx_word' id='word_1_596' title='bbox 1992 3838 2219 3891; x_wconf 79' lang='lat' dir='ltr'><strong>exitium</strong></span> <span class='ocrx_word' id='word_1_597' title='bbox 2249 3833 2421 3888; x_wconf 87' lang='lat' dir='ltr'><strong>moliti</strong></span> <span class='ocrx_word' id='word_1_598' title='bbox 2448 3840 2565 3887; x_wconf 86' lang='lat' dir='ltr'><strong>sunt</strong></span> <span class='ocrx_word' id='word_1_599' title='bbox 2592 3844 2605 3883; x_wconf 89' lang='lat'><strong>:</strong></span> <span class='ocrx_word' id='word_1_600' title='bbox 2636 3829 2863 3883; x_wconf 87' lang='lat' dir='ltr'><strong>necdum</strong></span> <span class='ocrx_word' id='word_1_601' title='bbox 2892 3826 2978 3881; x_wconf 79' lang='lat' dir='ltr'><strong>liis</strong></span> <span class='ocrx_word' id='word_1_602' title='bbox 3002 3816 3567 3881; x_wconf 86' lang='lat' dir='ltr'><strong>maleficiiscoutenti,</strong></span> 
     </span>
    </p>
   </div>
   <div class='ocr_carea' id='block_1_85' title="bbox 1996 3916 3569 3995">
    <p class='ocr_par' dir='ltr' id='par_1_85' title="bbox 1996 3916 3569 3995">
     <span class='ocr_line' id='line_1_85' title="bbox 1996 3916 3569 3995; baseline -0.014 -12"><span class='ocrx_word' id='word_1_603' title='bbox 1996 3930 2101 3984; x_wconf 86' lang='lat' dir='ltr'><strong>lilio</strong></span> <span class='ocrx_word' id='word_1_604' title='bbox 2134 3928 2234 3995; x_wconf 80' lang='lat' dir='ltr'><strong>ipsi</strong></span> <span class='ocrx_word' id='word_1_605' title='bbox 2270 3920 2464 3979; x_wconf 76' lang='lat' dir='ltr'><strong>afferre</strong></span> <span class='ocrx_word' id='word_1_606' title='bbox 2489 3937 2682 3976; x_wconf 89' lang='lat' dir='ltr'><strong>manus</strong></span> <span class='ocrx_word' id='word_1_607' title='bbox 2726 3935 2831 3972; x_wconf 89' lang='lat' dir='ltr'><strong>non</strong></span> <span class='ocrx_word' id='word_1_608' title='bbox 2867 3916 3219 3971; x_wconf 83' lang='lat' dir='ltr'><strong>dubitarunt:</strong></span> <span class='ocrx_word' id='word_1_609' title='bbox 3252 3924 3411 3980; x_wconf 84' lang='lat' dir='ltr'><strong>quem</strong></span> <span class='ocrx_word' id='word_1_610' title='bbox 3438 3921 3569 3963; x_wconf 83' lang='lat' dir='ltr'><strong>sane</strong></span> 
     </span>
    </p>
   </div>
   <div class='ocr_carea' id='block_1_86' title="bbox 1994 3998 3564 4089">
    <p class='ocr_par' dir='ltr' id='par_1_86' title="bbox 1994 3998 3564 4089">
     <span class='ocr_line' id='line_1_86' title="bbox 1994 3998 3564 4089; baseline -0.015 -15"><span class='ocrx_word' id='word_1_611' title='bbox 1994 4020 2257 4089; x_wconf 70' lang='lat' dir='ltr'><strong>agnitum,</strong></span> <span class='ocrx_word' id='word_1_612' title='bbox 2288 4028 2449 4085; x_wconf 87' lang='lat' dir='ltr'><strong>atque</strong></span> <span class='ocrx_word' id='word_1_613' title='bbox 2478 4012 2874 4068; x_wconf 79' lang='lat' dir='ltr'><strong>dominiﬁlium</strong></span> <span class='ocrx_word' id='word_1_614' title='bbox 2900 4023 3003 4062; x_wconf 86' lang='lat' dir='ltr'><strong>non</strong></span> <span class='ocrx_word' id='word_1_615' title='bbox 3022 4004 3333 4064; x_wconf 73' lang='lat' dir='ltr'><strong>difﬁtentes,</strong></span> <span class='ocrx_word' id='word_1_616' title='bbox 3362 3998 3564 4055; x_wconf 82' lang='lat' dir='ltr'><strong>nihilo-</strong></span> 
     </span>
    </p>
   </div>
   <div class='ocr_carea' id='block_1_87' title="bbox 1994 4094 3567 4178">
    <p class='ocr_par' dir='ltr' id='par_1_87' title="bbox 1994 4094 3567 4178">
     <span class='ocr_line' id='line_1_87' title="bbox 1994 4094 3567 4178; baseline -0.015 -12"><span class='ocrx_word' id='word_1_617' title='bbox 1994 4114 2173 4167; x_wconf 87' lang='lat' dir='ltr'><strong>minus</strong></span> <span class='ocrx_word' id='word_1_618' title='bbox 2218 4110 2383 4178; x_wconf 86' lang='lat' dir='ltr'><strong>impio</strong></span> <span class='ocrx_word' id='word_1_619' title='bbox 2424 4105 2654 4161; x_wconf 89' lang='lat' dir='ltr'><strong>consilio</strong></span> <span class='ocrx_word' id='word_1_620' title='bbox 2690 4104 3102 4157; x_wconf 90' lang='lat' dir='ltr'><strong>interemerunt.</strong></span> <span class='ocrx_word' id='word_1_621' title='bbox 3156 4097 3334 4163; x_wconf 82' lang='lat' dir='ltr'><strong>Atque</strong></span> <span class='ocrx_word' id='word_1_622' title='bbox 3373 4094 3567 4146; x_wconf 87' lang='lat' dir='ltr'><strong>harum</strong></span> 
     </span>
    </p>
   </div>
   <div class='ocr_carea' id='block_1_88' title="bbox 1996 4181 3573 4269">
    <p class='ocr_par' dir='ltr' id='par_1_88' title="bbox 1996 4181 3573 4269">
     <span class='ocr_line' id='line_1_88' title="bbox 1996 4181 3573 4269; baseline -0.016 -10"><span class='ocrx_word' id='word_1_623' title='bbox 1996 4207 2068 4259; x_wconf 88' lang='lat' dir='ltr'><strong>de</strong></span> <span class='ocrx_word' id='word_1_624' title='bbox 2094 4204 2251 4256; x_wconf 83' lang='lat' dir='ltr'><strong>vinea</strong></span> <span class='ocrx_word' id='word_1_625' title='bbox 2278 4198 2537 4269; x_wconf 87' lang='lat' dir='ltr'><strong>parabola</strong></span> <span class='ocrx_word' id='word_1_626' title='bbox 2550 4213 2663 4250; x_wconf 89' lang='lat' dir='ltr'><strong>rum</strong></span> <span class='ocrx_word' id='word_1_627' title='bbox 2697 4195 2867 4250; x_wconf 78' lang='lat' dir='ltr'><strong>trium</strong></span> <span class='ocrx_word' id='word_1_628' title='bbox 2896 4191 3129 4260; x_wconf 79' lang='lat' dir='ltr'><strong>primam</strong></span> <span class='ocrx_word' id='word_1_629' title='bbox 3159 4183 3439 4252; x_wconf 84' lang='lat' dir='ltr'><strong>discipulis</strong></span> <span class='ocrx_word' id='word_1_630' title='bbox 3461 4181 3573 4235; x_wconf 90' lang='lat' dir='ltr'><strong>suis</strong></span> 
     </span>
    </p>
   </div>
   <div class='ocr_carea' id='block_1_89' title="bbox 1997 4277 3575 4354">
    <p class='ocr_par' dir='ltr' id='par_1_89' title="bbox 1997 4277 3575 4354">
     <span class='ocr_line' id='line_1_89' title="bbox 1997 4277 3575 4354; baseline -0.016 -3"><span class='ocrx_word' id='word_1_631' title='bbox 1997 4295 2251 4351; x_wconf 85' lang='lat' dir='ltr'><strong>recitavit</strong></span> <span class='ocrx_word' id='word_1_632' title='bbox 2288 4293 2566 4354; x_wconf 87' lang='lat' dir='ltr'><strong>Servator,</strong></span> <span class='ocrx_word' id='word_1_633' title='bbox 2591 4289 2716 4342; x_wconf 90' lang='lat' dir='ltr'><strong>dum</strong></span> <span class='ocrx_word' id='word_1_634' title='bbox 2747 4288 2799 4342; x_wconf 90' lang='lat' dir='ltr'><strong>in</strong></span> <span class='ocrx_word' id='word_1_635' title='bbox 2835 4283 3056 4340; x_wconf 78' lang='lat' dir='ltr'><strong>Galilzea</strong></span> <span class='ocrx_word' id='word_1_636' title='bbox 3110 4294 3232 4333; x_wconf 87' lang='lat' dir='ltr'><strong>cum</strong></span> <span class='ocrx_word' id='word_1_637' title='bbox 3278 4277 3346 4331; x_wconf 87' lang='lat' dir='ltr'><strong>iis</strong></span> <span class='ocrx_word' id='word_1_638' title='bbox 3386 4288 3575 4329; x_wconf 84' lang='lat' dir='ltr'><strong>versa-</strong></span> 
     </span>
    </p>
   </div>
   <div class='ocr_carea' id='block_1_90' title="bbox 1999 4365 3575 4453">
    <p class='ocr_par' dir='ltr' id='par_1_90' title="bbox 1999 4365 3575 4453">
     <span class='ocr_line' id='line_1_90' title="bbox 1999 4365 3575 4453; baseline -0.018 -8"><span class='ocrx_word' id='word_1_639' title='bbox 1999 4399 2170 4445; x_wconf 89' lang='lat' dir='ltr'><strong>retur.</strong></span> <span class='ocrx_word' id='word_1_640' title='bbox 2207 4386 2392 4453; x_wconf 82' lang='lat' dir='ltr'><strong>Quare</strong></span> <span class='ocrx_word' id='word_1_641' title='bbox 2430 4394 2484 4438; x_wconf 86' lang='lat' dir='ltr'><strong>ct</strong></span> <span class='ocrx_word' id='word_1_642' title='bbox 2510 4396 2700 4437; x_wconf 88' lang='lat' dir='ltr'><strong>omnes</strong></span> <span class='ocrx_word' id='word_1_643' title='bbox 2730 4378 2975 4435; x_wconf 84' lang='lat' dir='ltr'><strong>homines</strong></span> <span class='ocrx_word' id='word_1_644' title='bbox 2999 4373 3136 4428; x_wconf 68' lang='lat' dir='ltr'><strong>dixit</strong></span> <span class='ocrx_word' id='word_1_645' title='bbox 3162 4370 3393 4427; x_wconf 79' lang='lat' dir='ltr'><strong>diversis</strong></span> <span class='ocrx_word' id='word_1_646' title='bbox 3425 4365 3575 4422; x_wconf 87' lang='lat' dir='ltr'><strong>boris</strong></span> 
     </span>
    </p>
   </div>
   <div class='ocr_carea' id='block_1_91' title="bbox 1995 4464 3579 4547">
    <p class='ocr_par' dir='ltr' id='par_1_91' title="bbox 1995 4464 3579 4547">
     <span class='ocr_line' id='line_1_91' title="bbox 1995 4464 3579 4547; baseline -0.016 -14"><span class='ocrx_word' id='word_1_647' title='bbox 1995 4479 2062 4533; x_wconf 90' lang='lat' dir='ltr'><strong>ad</strong></span> <span class='ocrx_word' id='word_1_648' title='bbox 2091 4492 2309 4547; x_wconf 87' lang='lat' dir='ltr'><strong>operam</strong></span> <span class='ocrx_word' id='word_1_649' title='bbox 2337 4483 2588 4538; x_wconf 87' lang='lat' dir='ltr'><strong>vocatos;</strong></span> <span class='ocrx_word' id='word_1_650' title='bbox 2614 4472 2704 4541; x_wconf 90' lang='lat' dir='ltr'><strong>qui</strong></span> <span class='ocrx_word' id='word_1_651' title='bbox 2732 4467 2909 4525; x_wconf 88' lang='lat' dir='ltr'><strong>cuncti</strong></span> <span class='ocrx_word' id='word_1_652' title='bbox 2943 4464 3343 4533; x_wconf 86' lang='lat' dir='ltr'><strong>obtemperant,</strong></span> <span class='ocrx_word' id='word_1_653' title='bbox 3367 4471 3579 4529; x_wconf 87' lang='lat' dir='ltr'><strong>parem-</strong></span> 
     </span>
    </p>
   </div>
   <div class='ocr_carea' id='block_1_92' title="bbox 310 4548 1886 4643">
    <p class='ocr_par' dir='ltr' id='par_1_92' title="bbox 310 4570 1886 4643">
     <span class='ocr_line' id='line_1_92' title="bbox 310 4570 1886 4643; baseline -0.003 -17"><span class='ocrx_word' id='word_1_654' title='bbox 310 4573 408 4627; x_wconf 78' lang='grc' dir='ltr'>καὶ</span> <span class='ocrx_word' id='word_1_655' title='bbox 446 4571 633 4643; x_wconf 81' lang='grc' dir='ltr'>μισθὸν</span> <span class='ocrx_word' id='word_1_656' title='bbox 655 4572 1027 4643; x_wconf 85' lang='grc' dir='ltr'>λαμϐάνοντας</span> <span class='ocrx_word' id='word_1_657' title='bbox 1058 4572 1148 4625; x_wconf 88' lang='grc' dir='ltr'><strong>τὸν</strong></span> <span class='ocrx_word' id='word_1_658' title='bbox 1181 4572 1342 4626; x_wconf 81' lang='grc' dir='ltr'>αὐτόν</span> <span class='ocrx_word' id='word_1_659' title='bbox 1361 4590 1376 4602; x_wconf 63' lang='grc'><strong>⁸</strong></span> <span class='ocrx_word' id='word_1_660' title='bbox 1405 4572 1503 4643; x_wconf 84' lang='grc' dir='ltr'>τὴν</span> <span class='ocrx_word' id='word_1_661' title='bbox 1540 4570 1598 4627; x_wconf 69' lang='grc' dir='ltr'>δὲ</span> <span class='ocrx_word' id='word_1_662' title='bbox 1639 4570 1886 4641; x_wconf 65' lang='grc' dir='ltr'>δευτέρω.</span> 
     </span>
    </p>
   </div>
   <div class='ocr_carea' id='block_1_93' title="bbox 1991 4548 3577 4643">
    <p class='ocr_par' dir='ltr' id='par_1_93' title="bbox 2004 4548 3577 4640">
     <span class='ocr_line' id='line_1_93' title="bbox 2004 4548 3577 4640; baseline -0.015 -16"><span class='ocrx_word' id='word_1_663' title='bbox 2004 4586 2108 4640; x_wconf 89' lang='lat' dir='ltr'><strong>que</strong></span> <span class='ocrx_word' id='word_1_664' title='bbox 2139 4568 2444 4624; x_wconf 83' lang='lat' dir='ltr'><strong>mercedem</strong></span> <span class='ocrx_word' id='word_1_665' title='bbox 2478 4566 2727 4633; x_wconf 86' lang='lat' dir='ltr'><strong>capiunt.</strong></span> <span class='ocrx_word' id='word_1_666' title='bbox 2757 4558 3066 4617; x_wconf 88' lang='lat' dir='ltr'><strong>Secundam</strong></span> <span class='ocrx_word' id='word_1_667' title='bbox 3105 4552 3417 4625; x_wconf 83' lang='lat' dir='ltr'><strong>parabolatn</strong></span> <span class='ocrx_word' id='word_1_668' title='bbox 3450 4548 3577 4602; x_wconf 84' lang='lat' dir='ltr'><strong>Hie-</strong></span> 
     </span>
    </p>
   </div>
   <div class='ocr_carea' id='block_1_94' title="bbox 310 4660 1895 4735">
    <p class='ocr_par' dir='ltr' id='par_1_94' title="bbox 310 4660 1895 4735">
     <span class='ocr_line' id='line_1_94' title="bbox 310 4660 1895 4735; baseline -0.004 -15"><span class='ocrx_word' id='word_1_669' title='bbox 310 4667 369 4720; x_wconf 72' lang='grc' dir='ltr'>ὲν</span> <span class='ocrx_word' id='word_1_670' title='bbox 410 4664 804 4735; x_wconf 78' lang='grc' dir='ltr'>Ἰεροσολύμοις</span> <span class='ocrx_word' id='word_1_671' title='bbox 829 4665 1138 4735; x_wconf 88' lang='grc' dir='ltr'>γενόμενος,</span> <span class='ocrx_word' id='word_1_672' title='bbox 1161 4664 1305 4718; x_wconf 79' lang='grc' dir='ltr'>ἔνδον</span> <span class='ocrx_word' id='word_1_673' title='bbox 1330 4680 1388 4717; x_wconf 89' lang='grc' dir='ltr'><strong>τε</strong></span> <span class='ocrx_word' id='word_1_674' title='bbox 1418 4665 1475 4716; x_wconf 88' lang='grc' dir='ltr'><strong>ἐν</strong></span> <span class='ocrx_word' id='word_1_675' title='bbox 1500 4661 1645 4733; x_wconf 80' lang='grc' dir='ltr'><strong>αὑτῷ</strong></span> <span class='ocrx_word' id='word_1_676' title='bbox 1659 4660 1735 4732; x_wconf 80' lang='grc' dir='ltr'>τῷ</span> <span class='ocrx_word' id='word_1_677' title='bbox 1765 4660 1895 4733; x_wconf 82' lang='grc' dir='ltr'><strong>ἱερῴ</strong></span> 
     </span>
    </p>
   </div>
   <div class='ocr_carea' id='block_1_95' title="bbox 308 4756 1898 4828">
    <p class='ocr_par' dir='ltr' id='par_1_95' title="bbox 308 4756 1898 4828">
     <span class='ocr_line' id='line_1_95' title="bbox 308 4756 1898 4828; baseline -0.001 -19"><span class='ocrx_word' id='word_1_678' title='bbox 308 4757 602 4819; x_wconf 81' lang='grc' dir='ltr'>διδάσκων,</span> <span class='ocrx_word' id='word_1_679' title='bbox 628 4758 741 4819; x_wconf 81' lang='grc' dir='ltr'>τοῖς</span> <span class='ocrx_word' id='word_1_680' title='bbox 772 4757 1119 4828; x_wconf 81' lang='grc' dir='ltr'>ἀρχιερεῦσιν</span> <span class='ocrx_word' id='word_1_681' title='bbox 1158 4756 1353 4825; x_wconf 78' lang='grc' dir='ltr'>ἐπῆγε,</span> <span class='ocrx_word' id='word_1_682' title='bbox 1390 4756 1483 4809; x_wconf 72' lang='grc' dir='ltr'><strong>καὶ</strong></span> <span class='ocrx_word' id='word_1_683' title='bbox 1513 4759 1626 4819; x_wconf 88' lang='grc' dir='ltr'>τοῖς</span> <span class='ocrx_word' id='word_1_684' title='bbox 1668 4756 1898 4825; x_wconf 88' lang='grc' dir='ltr'>πρεσϐυ-</span> 
     </span>
    </p>
   </div>
   <div class='ocr_carea' id='block_1_96' title="bbox 310 4847 1896 4923">
    <p class='ocr_par' dir='ltr' id='par_1_96' title="bbox 310 4847 1896 4923">
     <span class='ocr_line' id='line_1_96' title="bbox 310 4847 1896 4923; baseline -0.003 -21"><span class='ocrx_word' id='word_1_685' title='bbox 310 4852 493 4923; x_wconf 85' lang='grc' dir='ltr'>τέροις</span> <span class='ocrx_word' id='word_1_686' title='bbox 550 4849 644 4905; x_wconf 89' lang='grc' dir='ltr'><strong>τοῦ</strong></span> <span class='ocrx_word' id='word_1_687' title='bbox 702 4848 854 4915; x_wconf 87' lang='grc' dir='ltr'>λαοῦ,</span> <span class='ocrx_word' id='word_1_688' title='bbox 909 4848 1047 4920; x_wconf 88' lang='grc' dir='ltr'><strong>μετά</strong></span> <span class='ocrx_word' id='word_1_689' title='bbox 1088 4848 1283 4903; x_wconf 80' lang='grc' dir='ltr'>πολλοῦ</span> <span class='ocrx_word' id='word_1_690' title='bbox 1323 4847 1416 4900; x_wconf 85' lang='grc' dir='ltr'><strong>τοῦ</strong></span> <span class='ocrx_word' id='word_1_691' title='bbox 1460 4847 1896 4917; x_wconf 71' lang='grc' dir='ltr'>παραστήματος</span> 
     </span>
    </p>
   </div>
   <div class='ocr_carea' id='block_1_97' title="bbox 311 4937 1896 5011">
    <p class='ocr_par' dir='ltr' id='par_1_97' title="bbox 311 4937 1896 5011">
     <span class='ocr_line' id='line_1_97' title="bbox 311 4937 1896 5011; baseline -0.002 -18"><span class='ocrx_word' id='word_1_692' title='bbox 311 4941 645 5011; x_wconf 82' lang='grc' dir='ltr'>ἐλεγκτικῶς</span> <span class='ocrx_word' id='word_1_693' title='bbox 684 4942 862 5011; x_wconf 79' lang='grc' dir='ltr'>φήσας</span> <span class='ocrx_word' id='word_1_694' title='bbox 888 4941 1022 5010; x_wconf 80' lang='grc' dir='ltr'>πρὸς</span> <span class='ocrx_word' id='word_1_695' title='bbox 1054 4942 1273 5005; x_wconf 74' lang='grc' dir='ltr'>αὐτοὺς,</span> <span class='ocrx_word' id='word_1_696' title='bbox 1302 4939 1377 5003; x_wconf 77' lang='grc' dir='ltr'><strong>ῶς</strong></span> <span class='ocrx_word' id='word_1_697' title='bbox 1414 4940 1523 5010; x_wconf 83' lang='grc' dir='ltr'>ἄρα</span> <span class='ocrx_word' id='word_1_698' title='bbox 1568 4940 1617 4991; x_wconf 88' lang='grc' dir='ltr'><strong>οἱ</strong></span> <span class='ocrx_word' id='word_1_699' title='bbox 1668 4937 1896 4990; x_wconf 87' lang='grc' dir='ltr'>τελῶναι</span> 
     </span>
    </p>
   </div>
   <div class='ocr_carea' id='block_1_98' title="bbox 314 5030 1900 5106">
    <p class='ocr_par' dir='ltr' id='par_1_98' title="bbox 314 5030 1900 5106">
     <span class='ocr_line' id='line_1_98' title="bbox 314 5030 1900 5106; baseline -0.005 -18"><span class='ocrx_word' id='word_1_700' title='bbox 314 5037 410 5089; x_wconf 74' lang='grc' dir='ltr'><strong>καὶ</strong></span> <span class='ocrx_word' id='word_1_701' title='bbox 434 5037 492 5088; x_wconf 75' lang='grc' dir='ltr'>αἱ</span> <span class='ocrx_word' id='word_1_702' title='bbox 515 5035 711 5106; x_wconf 81' lang='grc' dir='ltr'>πόρναι</span> <span class='ocrx_word' id='word_1_703' title='bbox 737 5035 1027 5105; x_wconf 85' lang='grc' dir='ltr'>προάγοιεν</span> <span class='ocrx_word' id='word_1_704' title='bbox 1053 5035 1249 5096; x_wconf 76' lang='grc' dir='ltr'>αὐτοὺς</span> <span class='ocrx_word' id='word_1_705' title='bbox 1265 5034 1345 5095; x_wconf 85' lang='grc' dir='ltr'><strong>εἰς</strong></span> <span class='ocrx_word' id='word_1_706' title='bbox 1368 5034 1466 5102; x_wconf 85' lang='grc' dir='ltr'><strong>τὴν</strong></span> <span class='ocrx_word' id='word_1_707' title='bbox 1493 5031 1765 5102; x_wconf 77' lang='grc' dir='ltr'>βασιλείαν</span> <span class='ocrx_word' id='word_1_708' title='bbox 1790 5030 1900 5081; x_wconf 88' lang='grc' dir='ltr'><strong>τῶν</strong></span> 
     </span>
    </p>
   </div>
   <div class='ocr_carea' id='block_1_99' title="bbox 309 5121 1905 5196">
    <p class='ocr_par' dir='ltr' id='par_1_99' title="bbox 309 5121 1905 5196">
     <span class='ocr_line' id='line_1_99' title="bbox 309 5121 1905 5196; baseline -0.004 -18"><span class='ocrx_word' id='word_1_709' title='bbox 309 5126 592 5196; x_wconf 60' lang='grc' dir='ltr'>οὺρανῶνυ</span> <span class='ocrx_word' id='word_1_710' title='bbox 631 5124 725 5179; x_wconf 74' lang='grc' dir='ltr'><strong>καὶ</strong></span> <span class='ocrx_word' id='word_1_711' title='bbox 751 5125 941 5195; x_wconf 84' lang='grc' dir='ltr'>τρίτην</span> <span class='ocrx_word' id='word_1_712' title='bbox 975 5124 1031 5177; x_wconf 87' lang='grc' dir='ltr'><strong>δέ</strong></span> <span class='ocrx_word' id='word_1_713' title='bbox 1057 5126 1168 5190; x_wconf 69' lang='grc' dir='ltr'>τοῖς</span> <span class='ocrx_word' id='word_1_714' title='bbox 1212 5123 1395 5188; x_wconf 61' lang='grc' dir='ltr'>αὐτοῖς</span> <span class='ocrx_word' id='word_1_715' title='bbox 1430 5121 1742 5191; x_wconf 75' lang='grc' dir='ltr'>ἀναγκαίως</span> <span class='ocrx_word' id='word_1_716' title='bbox 1778 5136 1905 5189; x_wconf 79' lang='grc' dir='ltr'>προ-</span> 
     </span>
    </p>
   </div>
   <div class='ocr_carea' id='block_1_100' title="bbox 388 5233 1665 5301">
    <p class='ocr_par' dir='ltr' id='par_1_100' title="bbox 388 5233 1665 5301">
     <span class='ocr_line' id='line_1_100' title="bbox 388 5233 1665 5301; baseline -0.005 -9"><span class='ocrx_word' id='word_1_717' title='bbox 388 5238 638 5294; x_wconf 76' lang='lat' dir='ltr'><strong>”Matllt.</strong></span> <span class='ocrx_word' id='word_1_718' title='bbox 678 5255 770 5301; x_wconf 77' lang='lat' dir='ltr'><strong>xx,</strong></span> <span class='ocrx_word' id='word_1_719' title='bbox 812 5237 959 5292; x_wconf 76' lang='grc'><strong>1-16.</strong></span> <span class='ocrx_word' id='word_1_720' title='bbox 1039 5239 1055 5268; x_wconf 85' lang='grc'>¹</span> <span class='ocrx_word' id='word_1_721' title='bbox 1088 5236 1278 5291; x_wconf 81' lang='lat' dir='ltr'><strong>Matth.</strong></span> <span class='ocrx_word' id='word_1_722' title='bbox 1328 5250 1441 5300; x_wconf 71' lang='lat' dir='ltr'><strong>XXI,</strong></span> <span class='ocrx_word' id='word_1_723' title='bbox 1472 5233 1665 5287; x_wconf 67' lang='lat'><strong>28-30.</strong></span> 
     </span>
    </p>
   </div>
   <div class='ocr_carea' id='block_1_101' title="bbox 312 5366 1893 5451">
    <p class='ocr_par' dir='ltr' id='par_1_101' title="bbox 312 5366 1893 5451">
     <span class='ocr_line' id='line_1_101' title="bbox 312 5366 1893 5451; baseline -0.004 -25"><span class='ocrx_word' id='word_1_724' title='bbox 312 5373 475 5451; x_wconf 53' lang='lat' dir='ltr'><strong>signa,</strong></span> <span class='ocrx_word' id='word_1_725' title='bbox 495 5371 561 5451; x_wconf 76' lang='lat' dir='ltr'><strong>de</strong></span> <span class='ocrx_word' id='word_1_726' title='bbox 574 5371 739 5451; x_wconf 78' lang='lat' dir='ltr'><strong>variis</strong></span> <span class='ocrx_word' id='word_1_727' title='bbox 754 5371 1267 5451; x_wconf 61' lang='lat' dir='ltr'><strong>_vinem‘parabulis,</strong></span> <span class='ocrx_word' id='word_1_728' title='bbox 1280 5384 1346 5422; x_wconf 85' lang='lat' dir='ltr'><strong>ea</strong></span> <span class='ocrx_word' id='word_1_729' title='bbox 1379 5370 1591 5450; x_wconf 54' lang='lat' dir='ltr'><strong>absunt</strong></span> <span class='ocrx_word' id='word_1_730' title='bbox 1606 5384 1634 5419; x_wconf 89' lang='lat' dir='ltr'><strong>a</strong></span> <span class='ocrx_word' id='word_1_731' title='bbox 1666 5366 1737 5451; x_wconf 47' lang='grc' dir='ltr'><strong>ξε</strong></span> <span class='ocrx_word' id='word_1_732' title='bbox 1748 5368 1893 5451; x_wconf 69' lang='lat' dir='ltr'><strong>ria_ca</strong></span> 
     </span>
    </p>
   </div>
   <div class='ocr_carea' id='block_1_102' title="bbox 316 5436 1899 5508">
    <p class='ocr_par' dir='ltr' id='par_1_102' title="bbox 316 5436 1899 5508">
     <span class='ocr_line' id='line_1_102' title="bbox 316 5436 1899 5508; baseline -0.006 -11"><span class='ocrx_word' id='word_1_733' title='bbox 316 5436 698 5507; x_wconf 80' lang='lat' dir='ltr'><strong>Theophania&#39;;</strong></span> <span class='ocrx_word' id='word_1_734' title='bbox 717 5442 945 5508; x_wconf 90' lang='lat' dir='ltr'><strong>ideoqne</strong></span> <span class='ocrx_word' id='word_1_735' title='bbox 969 5436 1031 5493; x_wconf 79' lang='lat' dir='ltr'><strong>ex</strong></span> <span class='ocrx_word' id='word_1_736' title='bbox 1054 5438 1467 5494; x_wconf 78' lang='lat' dir='ltr'><strong>commentariis</strong></span> <span class='ocrx_word' id='word_1_737' title='bbox 1485 5438 1665 5505; x_wconf 87' lang='lat' dir='ltr'><strong>potius</strong></span> <span class='ocrx_word' id='word_1_738' title='bbox 1682 5436 1899 5508; x_wconf 82' lang='lat' dir='ltr'><strong>Eusebii</strong></span> 
     </span>
    </p>
   </div>
   <div class='ocr_carea' id='block_1_103' title="bbox 312 5507 1899 5580">
    <p class='ocr_par' dir='ltr' id='par_1_103' title="bbox 312 5507 1899 5580">
     <span class='ocr_line' id='line_1_103' title="bbox 312 5507 1899 5580; baseline -0.006 -13"><span class='ocrx_word' id='word_1_739' title='bbox 312 5513 369 5567; x_wconf 87' lang='lat' dir='ltr'><strong>in</strong></span> <span class='ocrx_word' id='word_1_740' title='bbox 406 5510 699 5580; x_wconf 79' lang='lat' dir='ltr'><strong>Evangelia</strong></span> <span class='ocrx_word' id='word_1_741' title='bbox 724 5510 827 5564; x_wconf 88' lang='lat' dir='ltr'><strong>huc</strong></span> <span class='ocrx_word' id='word_1_742' title='bbox 856 5507 981 5564; x_wconf 78' lang='lat' dir='ltr'><strong>esse</strong></span> <span class='ocrx_word' id='word_1_743' title='bbox 1023 5510 1283 5580; x_wconf 81' lang='lat' dir='ltr'><strong>translata</strong></span> <span class='ocrx_word' id='word_1_744' title='bbox 1313 5510 1511 5580; x_wconf 82' lang='lat' dir='ltr'><strong>aliquis</strong></span> <span class='ocrx_word' id='word_1_745' title='bbox 1545 5507 1899 5580; x_wconf 76' lang='lat' dir='ltr'><strong>existimabit.</strong></span> 
     </span>
    </p>
   </div>
   <div class='ocr_carea' id='block_1_104' title="bbox 314 5576 1902 5648">
    <p class='ocr_par' dir='ltr' id='par_1_104' title="bbox 314 5576 1902 5648">
     <span class='ocr_line' id='line_1_104' title="bbox 314 5576 1902 5648; baseline -0.004 -13"><span class='ocrx_word' id='word_1_746' title='bbox 314 5584 426 5636; x_wconf 85' lang='lat' dir='ltr'><strong>Sed</strong></span> <span class='ocrx_word' id='word_1_747' title='bbox 455 5576 605 5634; x_wconf 69' lang='lat' dir='ltr'><strong>certe</strong></span> <span class='ocrx_word' id='word_1_748' title='bbox 630 5582 691 5633; x_wconf 76' lang='lat' dir='ltr'><strong>&#39;in</strong></span> <span class='ocrx_word' id='word_1_749' title='bbox 720 5582 917 5634; x_wconf 82' lang='lat' dir='ltr'><strong>codice</strong></span> <span class='ocrx_word' id='word_1_750' title='bbox 960 5582 1027 5638; x_wconf 85' lang='lat' dir='ltr'><strong>A.</strong></span> <span class='ocrx_word' id='word_1_751' title='bbox 1054 5595 1109 5648; x_wconf 87' lang='lat' dir='ltr'><strong>p.</strong></span> <span class='ocrx_word' id='word_1_752' title='bbox 1136 5579 1264 5634; x_wconf 70' lang='lat'><strong>262.</strong></span> <span class='ocrx_word' id='word_1_753' title='bbox 1292 5579 1502 5633; x_wconf 70' lang='lat' dir='ltr'><strong>b.-263.</strong></span> <span class='ocrx_word' id='word_1_754' title='bbox 1559 5594 1632 5637; x_wconf 63' lang='grc' dir='ltr'><strong>ἢ..</strong></span> <span class='ocrx_word' id='word_1_755' title='bbox 1666 5587 1725 5648; x_wconf 81' lang='lat' dir='ltr'><strong>ut</strong></span> <span class='ocrx_word' id='word_1_756' title='bbox 1766 5576 1902 5637; x_wconf 85' lang='lat' dir='ltr'><strong>dixi,</strong></span> 
     </span>
    </p>
   </div>
   <div class='ocr_carea' id='block_1_105' title="bbox 312 5646 1903 5720">
    <p class='ocr_par' dir='ltr' id='par_1_105' title="bbox 312 5646 1903 5720">
     <span class='ocr_line' id='line_1_105' title="bbox 312 5646 1903 5720; baseline -0.004 -15"><span class='ocrx_word' id='word_1_757' title='bbox 312 5655 434 5706; x_wconf 88' lang='lat' dir='ltr'><strong>sine</strong></span> <span class='ocrx_word' id='word_1_758' title='bbox 450 5650 555 5720; x_wconf 84' lang='lat' dir='ltr'><strong>ulla</strong></span> <span class='ocrx_word' id='word_1_759' title='bbox 576 5652 971 5720; x_wconf 86' lang='lat' dir='ltr'><strong>intercapedine</strong></span> <span class='ocrx_word' id='word_1_760' title='bbox 1009 5646 1207 5716; x_wconf 77' lang='lat' dir='ltr'><strong>jaceat,</strong></span> <span class='ocrx_word' id='word_1_761' title='bbox 1234 5663 1424 5702; x_wconf 89' lang='lat' dir='ltr'><strong>nomen</strong></span> <span class='ocrx_word' id='word_1_762' title='bbox 1445 5664 1550 5716; x_wconf 92' lang='lat' dir='ltr'><strong>que</strong></span> <span class='ocrx_word' id='word_1_763' title='bbox 1572 5646 1782 5720; x_wconf 82' lang='lat' dir='ltr'><strong>Eusebii</strong></span> <span class='ocrx_word' id='word_1_764' title='bbox 1812 5662 1903 5713; x_wconf 81' lang='lat' dir='ltr'><strong>ge-</strong></span> 
     </span>
    </p>
   </div>
   <div class='ocr_carea' id='block_1_106' title="bbox 318 5719 1905 5788">
    <p class='ocr_par' dir='ltr' id='par_1_106' title="bbox 318 5719 1905 5788">
     <span class='ocr_line' id='line_1_106' title="bbox 318 5719 1905 5788; baseline -0.007 -11"><span class='ocrx_word' id='word_1_765' title='bbox 318 5732 470 5777; x_wconf 89' lang='lat' dir='ltr'><strong>runt.</strong></span> <span class='ocrx_word' id='word_1_766' title='bbox 506 5719 635 5773; x_wconf 72' lang='lat' dir='ltr'><strong>Milli</strong></span> <span class='ocrx_word' id='word_1_767' title='bbox 675 5731 855 5774; x_wconf 89' lang='lat' dir='ltr'><strong>autem</strong></span> <span class='ocrx_word' id='word_1_768' title='bbox 893 5731 1073 5788; x_wconf 88' lang='lat' dir='ltr'><strong>partes</strong></span> <span class='ocrx_word' id='word_1_769' title='bbox 1104 5719 1200 5772; x_wconf 83' lang='lat' dir='ltr'><strong>Itas</strong></span> <span class='ocrx_word' id='word_1_770' title='bbox 1243 5730 1347 5770; x_wconf 84' lang='lat' dir='ltr'><strong>tam</strong></span> <span class='ocrx_word' id='word_1_771' title='bbox 1378 5728 1525 5773; x_wconf 79' lang='lat' dir='ltr'><strong>arcte</strong></span> <span class='ocrx_word' id='word_1_772' title='bbox 1547 5719 1905 5779; x_wconf 65' lang='lat' dir='ltr'><strong>cohaerentes,</strong></span> 
     </span>
    </p>
   </div>
   <div class='ocr_carea' id='block_1_107' title="bbox 305 5789 1901 5856">
    <p class='ocr_par' dir='ltr' id='par_1_107' title="bbox 305 5789 1901 5856">
     <span class='ocr_line' id='line_1_107' title="bbox 305 5789 1901 5856; baseline -0.003 -13"><span class='ocrx_word' id='word_1_773' title='bbox 305 5806 431 5843; x_wconf 73' lang='lat' dir='ltr'><strong>1am</strong></span> <span class='ocrx_word' id='word_1_774' title='bbox 475 5791 768 5852; x_wconf 73' lang='lat' dir='ltr'><strong>sententia,</strong></span> <span class='ocrx_word' id='word_1_775' title='bbox 813 5800 923 5843; x_wconf 87' lang='lat' dir='ltr'><strong>tum</strong></span> <span class='ocrx_word' id='word_1_776' title='bbox 976 5791 1111 5848; x_wconf 87' lang='lat' dir='ltr'><strong>loco,</strong></span> <span class='ocrx_word' id='word_1_777' title='bbox 1146 5803 1405 5856; x_wconf 86' lang='lat' dir='ltr'><strong>separare</strong></span> <span class='ocrx_word' id='word_1_778' title='bbox 1456 5802 1548 5841; x_wconf 83' lang='lat' dir='ltr'><strong>aut</strong></span> <span class='ocrx_word' id='word_1_779' title='bbox 1590 5789 1901 5854; x_wconf 83' lang='lat' dir='ltr'><strong>discerpere</strong></span> 
     </span>
    </p>
   </div>
   <div class='ocr_carea' id='block_1_108' title="bbox 310 5858 1895 5932">
    <p class='ocr_par' dir='ltr' id='par_1_108' title="bbox 310 5858 1895 5932">
     <span class='ocr_line' id='line_1_108' title="bbox 310 5858 1895 5932; baseline -0.001 -18"><span class='ocrx_word' id='word_1_780' title='bbox 310 5877 541 5932; x_wconf 67' lang='lat' dir='ltr'><strong>prorsus</strong></span> <span class='ocrx_word' id='word_1_781' title='bbox 568 5878 671 5916; x_wconf 82' lang='lat' dir='ltr'><strong>non</strong></span> <span class='ocrx_word' id='word_1_782' title='bbox 700 5862 912 5916; x_wconf 83' lang='lat' dir='ltr'><strong>licebat.</strong></span> <span class='ocrx_word' id='word_1_783' title='bbox 953 5861 1062 5915; x_wconf 89' lang='lat' dir='ltr'><strong>lloc</strong></span> <span class='ocrx_word' id='word_1_784' title='bbox 1084 5860 1188 5927; x_wconf 83' lang='lat' dir='ltr'><strong>aio,</strong></span> <span class='ocrx_word' id='word_1_785' title='bbox 1229 5858 1351 5929; x_wconf 84' lang='lat' dir='ltr'><strong>quia</strong></span> <span class='ocrx_word' id='word_1_786' title='bbox 1381 5862 1606 5913; x_wconf 85' lang='lat' dir='ltr'><strong>credere</strong></span> <span class='ocrx_word' id='word_1_787' title='bbox 1649 5859 1729 5911; x_wconf 88' lang='lat' dir='ltr'><strong>vel</strong></span> <span class='ocrx_word' id='word_1_788' title='bbox 1770 5872 1895 5926; x_wconf 76' lang='lat' dir='ltr'><strong>spe—</strong></span> 
     </span>
    </p>
   </div>
   <div class='ocr_carea' id='block_1_109' title="bbox 2002 4649 3579 4727">
    <p class='ocr_par' dir='ltr' id='par_1_109' title="bbox 2002 4649 3579 4727">
     <span class='ocr_line' id='line_1_109' title="bbox 2002 4649 3579 4727; baseline -0.013 -15"><span class='ocrx_word' id='word_1_789' title='bbox 2002 4656 2307 4727; x_wconf 75' lang='lat' dir='ltr'><strong>rosolymis,</strong></span> <span class='ocrx_word' id='word_1_790' title='bbox 2343 4655 2469 4709; x_wconf 91' lang='lat' dir='ltr'><strong>dum</strong></span> <span class='ocrx_word' id='word_1_791' title='bbox 2500 4655 2638 4706; x_wconf 91' lang='lat' dir='ltr'><strong>intra</strong></span> <span class='ocrx_word' id='word_1_792' title='bbox 2663 4650 2919 4721; x_wconf 84' lang='lat' dir='ltr'><strong>templum</strong></span> <span class='ocrx_word' id='word_1_793' title='bbox 2950 4649 3192 4712; x_wconf 87' lang='lat' dir='ltr'><strong>doceret,</strong></span> <span class='ocrx_word' id='word_1_794' title='bbox 3234 4656 3414 4697; x_wconf 90' lang='lat' dir='ltr'><strong>coram</strong></span> <span class='ocrx_word' id='word_1_795' title='bbox 3448 4652 3579 4708; x_wconf 83' lang='lat' dir='ltr'><strong>pon-</strong></span> 
     </span>
    </p>
   </div>
   <div class='ocr_carea' id='block_1_110' title="bbox 2003 4734 3576 4817">
    <p class='ocr_par' dir='ltr' id='par_1_110' title="bbox 2003 4734 3576 4817">
     <span class='ocr_line' id='line_1_110' title="bbox 2003 4734 3576 4817; baseline -0.013 -13"><span class='ocrx_word' id='word_1_796' title='bbox 2003 4752 2242 4805; x_wconf 89' lang='lat' dir='ltr'><strong>tificilms</strong></span> <span class='ocrx_word' id='word_1_797' title='bbox 2302 4748 2589 4817; x_wconf 81' lang='lat' dir='ltr'><strong>pOpuliqne</strong></span> <span class='ocrx_word' id='word_1_798' title='bbox 2645 4744 2967 4800; x_wconf 84' lang='lat' dir='ltr'><strong>senioribus</strong></span> <span class='ocrx_word' id='word_1_799' title='bbox 3019 4741 3203 4806; x_wconf 74' lang='lat' dir='ltr'><strong>dixit;</strong></span> <span class='ocrx_word' id='word_1_800' title='bbox 3258 4747 3312 4792; x_wconf 92' lang='lat' dir='ltr'><strong>et</strong></span> <span class='ocrx_word' id='word_1_801' title='bbox 3361 4734 3576 4803; x_wconf 89' lang='lat' dir='ltr'><strong>quidem</strong></span> 
     </span>
    </p>
   </div>
   <div class='ocr_carea' id='block_1_111' title="bbox 2003 4826 3580 4903">
    <p class='ocr_par' dir='ltr' id='par_1_111' title="bbox 2003 4826 3580 4903">
     <span class='ocr_line' id='line_1_111' title="bbox 2003 4826 3580 4903; baseline -0.012 -8"><span class='ocrx_word' id='word_1_802' title='bbox 2003 4839 2521 4895; x_wconf 81' lang='lat' dir='ltr'><strong>confidentissimum</strong></span> <span class='ocrx_word' id='word_1_803' title='bbox 2586 4836 2793 4890; x_wconf 90' lang='lat' dir='ltr'><strong>addidit</strong></span> <span class='ocrx_word' id='word_1_804' title='bbox 2848 4832 3298 4903; x_wconf 86' lang='lat' dir='ltr'><strong>increpationem,</strong></span> <span class='ocrx_word' id='word_1_805' title='bbox 3348 4826 3467 4880; x_wconf 90' lang='lat' dir='ltr'><strong>fore</strong></span> <span class='ocrx_word' id='word_1_806' title='bbox 3521 4831 3580 4876; x_wconf 88' lang='lat' dir='ltr'><strong>ut</strong></span> 
     </span>
    </p>
   </div>
   <div class='ocr_carea' id='block_1_112' title="bbox 2005 4922 3609 5002">
    <p class='ocr_par' dir='ltr' id='par_1_112' title="bbox 2005 4922 3609 5002">
     <span class='ocr_line' id='line_1_112' title="bbox 2005 4922 3609 5002; baseline -0.014 -15"><span class='ocrx_word' id='word_1_807' title='bbox 2005 4933 2153 5002; x_wconf 88' lang='lat' dir='ltr'><strong>ipsos</strong></span> <span class='ocrx_word' id='word_1_808' title='bbox 2180 4932 2455 5001; x_wconf 85' lang='lat' dir='ltr'><strong>publicani</strong></span> <span class='ocrx_word' id='word_1_809' title='bbox 2486 4944 2548 4983; x_wconf 89' lang='lat' dir='ltr'><strong>ac</strong></span> <span class='ocrx_word' id='word_1_810' title='bbox 2584 4928 2908 4985; x_wconf 88' lang='lat' dir='ltr'><strong>meretrices</strong></span> <span class='ocrx_word' id='word_1_811' title='bbox 2950 4927 3004 4981; x_wconf 89' lang='lat' dir='ltr'><strong>in</strong></span> <span class='ocrx_word' id='word_1_812' title='bbox 3054 4922 3319 4985; x_wconf 82' lang='lat' dir='ltr'><strong>ccelorum</strong></span> <span class='ocrx_word' id='word_1_813' title='bbox 3358 4928 3609 4991; x_wconf 24' lang='lat' dir='ltr'><strong>regnum‘</strong></span> 
     </span>
    </p>
   </div>
   <div class='ocr_carea' id='block_1_113' title="bbox 2006 5012 3581 5094">
    <p class='ocr_par' dir='ltr' id='par_1_113' title="bbox 2006 5012 3581 5094">
     <span class='ocr_line' id='line_1_113' title="bbox 2006 5012 3581 5094; baseline -0.013 -17"><span class='ocrx_word' id='word_1_814' title='bbox 2006 5022 2401 5094; x_wconf 70' lang='lat' dir='ltr'><strong>prmcedcrcnt.</strong></span> <span class='ocrx_word' id='word_1_815' title='bbox 2436 5020 2675 5084; x_wconf 79' lang='lat' dir='ltr'><strong>Tertiam</strong></span> <span class='ocrx_word' id='word_1_816' title='bbox 2705 5019 2941 5086; x_wconf 88' lang='lat' dir='ltr'><strong>denique</strong></span> <span class='ocrx_word' id='word_1_817' title='bbox 2967 5015 3107 5085; x_wconf 89' lang='lat' dir='ltr'><strong>apud</strong></span> <span class='ocrx_word' id='word_1_818' title='bbox 3135 5012 3352 5067; x_wconf 88' lang='lat' dir='ltr'><strong>eosdem</strong></span> <span class='ocrx_word' id='word_1_819' title='bbox 3391 5018 3581 5059; x_wconf 83' lang='lat' dir='ltr'><strong>neces-</strong></span> 
     </span>
    </p>
   </div>
   <div class='ocr_carea' id='block_1_114' title="bbox 2011 5099 3583 5184">
    <p class='ocr_par' dir='ltr' id='par_1_114' title="bbox 2011 5099 3583 5184">
     <span class='ocr_line' id='line_1_114' title="bbox 2011 5099 3583 5184; baseline -0.014 -13"><span class='ocrx_word' id='word_1_820' title='bbox 2011 5116 2158 5171; x_wconf 91' lang='lat' dir='ltr'><strong>sario</strong></span> <span class='ocrx_word' id='word_1_821' title='bbox 2210 5114 2527 5183; x_wconf 84' lang='lat' dir='ltr'><strong>parabolam</strong></span> <span class='ocrx_word' id='word_1_822' title='bbox 2571 5114 2815 5184; x_wconf 90' lang='lat' dir='ltr'><strong>protulit,</strong></span> <span class='ocrx_word' id='word_1_823' title='bbox 2864 5123 3057 5166; x_wconf 87' lang='lat' dir='ltr'><strong>causas</strong></span> <span class='ocrx_word' id='word_1_824' title='bbox 3130 5105 3462 5163; x_wconf 88' lang='lat' dir='ltr'><strong>edisserens,</strong></span> <span class='ocrx_word' id='word_1_825' title='bbox 3512 5099 3583 5151; x_wconf 90' lang='lat' dir='ltr'><strong>ob</strong></span> 
     </span>
    </p>
   </div>
   <div class='ocr_carea' id='block_1_115' title="bbox 2005 5350 3588 5433">
    <p class='ocr_par' dir='ltr' id='par_1_115' title="bbox 2005 5350 3588 5433">
     <span class='ocr_line' id='line_1_115' title="bbox 2005 5350 3588 5433; baseline -0.01 -15"><span class='ocrx_word' id='word_1_826' title='bbox 2005 5379 2126 5419; x_wconf 91' lang='lat' dir='ltr'><strong>rare</strong></span> <span class='ocrx_word' id='word_1_827' title='bbox 2153 5363 2277 5418; x_wconf 90' lang='lat' dir='ltr'><strong>licet</strong></span> <span class='ocrx_word' id='word_1_828' title='bbox 2296 5362 2576 5433; x_wconf 84' lang='lat' dir='ltr'><strong>Syriacam</strong></span> <span class='ocrx_word' id='word_1_829' title='bbox 2603 5359 2993 5429; x_wconf 84' lang='lat' dir='ltr'><strong>&#39;I‘heophaniam</strong></span> <span class='ocrx_word' id='word_1_830' title='bbox 3028 5353 3166 5424; x_wconf 88' lang='lat' dir='ltr'><strong>apud</strong></span> <span class='ocrx_word' id='word_1_831' title='bbox 3184 5352 3400 5433; x_wconf 67' lang='lat' dir='ltr'><strong>Syrum</strong></span> <span class='ocrx_word' id='word_1_832' title='bbox 3416 5350 3588 5433; x_wconf 52' lang='lat' dir='ltr'><strong>inier-</strong></span> 
     </span>
    </p>
   </div>
   <div class='ocr_carea' id='block_1_116' title="bbox 2004 5419 3585 5504">
    <p class='ocr_par' dir='ltr' id='par_1_116' title="bbox 2004 5419 3585 5504">
     <span class='ocr_line' id='line_1_116' title="bbox 2004 5419 3585 5504; baseline -0.011 -15"><span class='ocrx_word' id='word_1_833' title='bbox 2004 5445 2210 5504; x_wconf 90' lang='lat' dir='ltr'><strong>pretem</strong></span> <span class='ocrx_word' id='word_1_834' title='bbox 2258 5419 2525 5502; x_wconf 71' lang='lat' dir='ltr'><strong>integram</strong></span> <span class='ocrx_word' id='word_1_835' title='bbox 2568 5419 2881 5504; x_wconf 55' lang='lat' dir='ltr'><strong>_e_sse,&#39;non</strong></span> <span class='ocrx_word' id='word_1_836' title='bbox 2926 5419 3107 5504; x_wconf 77' lang='lat' dir='ltr'><strong>autem</strong></span> <span class='ocrx_word' id='word_1_837' title='bbox 3148 5419 3439 5504; x_wconf 74' lang='lat' dir='ltr'><strong>aliquando</strong></span> <span class='ocrx_word' id='word_1_838' title='bbox 3468 5419 3585 5501; x_wconf 70' lang='lat' dir='ltr'><strong>for-</strong></span> 
     </span>
    </p>
   </div>
   <div class='ocr_carea' id='block_1_117' title="bbox 2010 5492 3586 5567">
    <p class='ocr_par' dir='ltr' id='par_1_117' title="bbox 2010 5492 3586 5567">
     <span class='ocr_line' id='line_1_117' title="bbox 2010 5492 3586 5567; baseline -0.01 -10"><span class='ocrx_word' id='word_1_839' title='bbox 2010 5492 2153 5559; x_wconf 79' lang='lat' dir='ltr'><strong>iassc</strong></span> <span class='ocrx_word' id='word_1_840' title='bbox 2202 5492 2500 5557; x_wconf 52' lang='lat' dir='ltr'><strong>breviavtam</strong></span> <span class='ocrx_word' id='word_1_841' title='bbox 2559 5501 2697 5567; x_wconf 87' lang='lat' dir='ltr'><strong>(sive</strong></span> <span class='ocrx_word' id='word_1_842' title='bbox 2748 5515 2843 5567; x_wconf 91' lang='lat' dir='ltr'><strong>per</strong></span> <span class='ocrx_word' id='word_1_843' title='bbox 2892 5499 2968 5552; x_wconf 90' lang='lat' dir='ltr'><strong>rei</strong></span> <span class='ocrx_word' id='word_1_844' title='bbox 3010 5495 3415 5567; x_wconf 84' lang='lat' dir='ltr'><strong>compendium,</strong></span> <span class='ocrx_word' id='word_1_845' title='bbox 3471 5492 3586 5545; x_wconf 72' lang='lat' dir='ltr'><strong>sive</strong></span> 
     </span>
    </p>
   </div>
   <div class='ocr_carea' id='block_1_118' title="bbox 2010 5563 3584 5644">
    <p class='ocr_par' dir='ltr' id='par_1_118' title="bbox 2010 5563 3584 5644">
     <span class='ocr_line' id='line_1_118' title="bbox 2010 5563 3584 5644; baseline -0.011 -15"><span class='ocrx_word' id='word_1_846' title='bbox 2010 5590 2104 5644; x_wconf 86' lang='lat' dir='ltr'><strong>per</strong></span> <span class='ocrx_word' id='word_1_847' title='bbox 2132 5570 2532 5639; x_wconf 77' lang='lat' dir='ltr'><strong>emissionem),</strong></span> <span class='ocrx_word' id='word_1_848' title='bbox 2554 5563 2695 5644; x_wconf 67' lang='lat' dir='ltr'><strong>sicut</strong></span> <span class='ocrx_word' id='word_1_849' title='bbox 2726 5563 2873 5644; x_wconf 77' lang='lat' dir='ltr'><strong>certe</strong></span> <span class='ocrx_word' id='word_1_850' title='bbox 2902 5566 3098 5644; x_wconf 72' lang='lat' dir='ltr'><strong>accidit</strong></span> <span class='ocrx_word' id='word_1_851' title='bbox 3134 5563 3325 5644; x_wconf 69' lang='lat' dir='ltr'><strong>lgttatii</strong></span> <span class='ocrx_word' id='word_1_852' title='bbox 3377 5571 3584 5644; x_wconf 54' lang='lat' dir='ltr'><strong>marty—</strong></span> 
     </span>
    </p>
   </div>
   <div class='ocr_carea' id='block_1_119' title="bbox 2011 5632 3586 5712">
    <p class='ocr_par' dir='ltr' id='par_1_119' title="bbox 2011 5632 3586 5712">
     <span class='ocr_line' id='line_1_119' title="bbox 2011 5632 3586 5712; baseline -0.01 -15"><span class='ocrx_word' id='word_1_853' title='bbox 2011 5632 2086 5699; x_wconf 75' lang='lat' dir='ltr'><strong>i‘is</strong></span> <span class='ocrx_word' id='word_1_854' title='bbox 2113 5644 2382 5712; x_wconf 85' lang='lat' dir='ltr'><strong>epistolis,</strong></span> <span class='ocrx_word' id='word_1_855' title='bbox 2410 5632 2548 5708; x_wconf 81' lang='lat' dir='ltr'><strong>quas</strong></span> <span class='ocrx_word' id='word_1_856' title='bbox 2576 5640 2746 5712; x_wconf 76' lang='lat' dir='ltr'><strong>Syrus</strong></span> <span class='ocrx_word' id='word_1_857' title='bbox 2784 5639 3050 5712; x_wconf 69' lang='lat' dir='ltr'><strong>interpres</strong></span> <span class='ocrx_word' id='word_1_858' title='bbox 3080 5636 3353 5712; x_wconf 78' lang='lat' dir='ltr'><strong>breviores</strong></span> <span class='ocrx_word' id='word_1_859' title='bbox 3381 5632 3586 5686; x_wconf 66' lang='lat' dir='ltr'><strong>Graecis</strong></span> 
     </span>
    </p>
   </div>
   <div class='ocr_carea' id='block_1_120' title="bbox 2011 5706 3584 5770">
    <p class='ocr_par' dir='ltr' id='par_1_120' title="bbox 2011 5706 3584 5770">
     <span class='ocr_line' id='line_1_120' title="bbox 2011 5706 3584 5770; baseline -0.009 -3"><span class='ocrx_word' id='word_1_860' title='bbox 2011 5706 2279 5767; x_wconf 67' lang='lat' dir='ltr'><strong>interdum</strong></span> <span class='ocrx_word' id='word_1_861' title='bbox 2318 5706 2525 5764; x_wconf 73' lang='lat' dir='ltr'><strong>recitat.</strong></span> <span class='ocrx_word' id='word_1_862' title='bbox 2576 5706 2763 5762; x_wconf 76' lang='lat' dir='ltr'><strong>Nonne</strong></span> <span class='ocrx_word' id='word_1_863' title='bbox 2813 5724 2941 5760; x_wconf 85' lang='lat' dir='ltr'><strong>vero</strong></span> <span class='ocrx_word' id='word_1_864' title='bbox 2990 5706 3318 5770; x_wconf 73' lang='lat' dir='ltr'><strong>Qturstiouer</strong></span> <span class='ocrx_word' id='word_1_865' title='bbox 3370 5715 3584 5769; x_wconf 82' lang='lat' dir='ltr'><strong>quoque</strong></span> 
     </span>
    </p>
   </div>
   <div class='ocr_carea' id='block_1_121' title="bbox 2014 5771 3585 5849">
    <p class='ocr_par' dir='ltr' id='par_1_121' title="bbox 2014 5771 3585 5849">
     <span class='ocr_line' id='line_1_121' title="bbox 2014 5771 3585 5849; baseline -0.009 -13"><span class='ocrx_word' id='word_1_866' title='bbox 2014 5783 2229 5836; x_wconf 72' lang='lat' dir='ltr'><strong>Eusebii</strong></span> <span class='ocrx_word' id='word_1_867' title='bbox 2256 5781 2602 5849; x_wconf 74' lang='lat' dir='ltr'><strong>cuongclicas,</strong></span> <span class='ocrx_word' id='word_1_868' title='bbox 2639 5782 2686 5832; x_wconf 91' lang='lat' dir='ltr'><strong>in</strong></span> <span class='ocrx_word' id='word_1_869' title='bbox 2712 5779 2898 5832; x_wconf 86' lang='lat' dir='ltr'><strong>codice</strong></span> <span class='ocrx_word' id='word_1_870' title='bbox 2926 5778 3040 5829; x_wconf 80' lang='lat' dir='ltr'><strong>Vat.</strong></span> <span class='ocrx_word' id='word_1_871' title='bbox 3074 5771 3585 5849; x_wconf 39' lang='lat' dir='ltr'><strong>l‘alatinouslndipse</strong></span> 
     </span>
    </p>
   </div>
   <div class='ocr_carea' id='block_1_122' title="bbox 2012 5839 3511 5922">
    <p class='ocr_par' dir='ltr' id='par_1_122' title="bbox 2012 5839 3511 5922">
     <span class='ocr_line' id='line_1_122' title="bbox 2012 5839 3511 5922; baseline -0.009 -15"><span class='ocrx_word' id='word_1_872' title='bbox 2012 5855 2078 5908; x_wconf 84' lang='lat' dir='ltr'><strong>ab</strong></span> <span class='ocrx_word' id='word_1_873' title='bbox 2111 5839 2599 5922; x_wconf 49' lang='lat' dir='ltr'><strong>anctiymovvetcre</strong></span> <span class='ocrx_word' id='word_1_874' title='bbox 2629 5851 2922 5916; x_wconf 78' lang='lat' dir='ltr'><strong>breviatas,</strong></span> <span class='ocrx_word' id='word_1_875' title='bbox 2954 5863 3050 5902; x_wconf 90' lang='lat' dir='ltr'><strong>nos</strong></span> <span class='ocrx_word' id='word_1_876' title='bbox 3080 5846 3179 5916; x_wconf 78' lang='lat' dir='ltr'><strong>ipsi</strong></span> <span class='ocrx_word' id='word_1_877' title='bbox 3206 5839 3511 5899; x_wconf 71' lang='lat' dir='ltr'><strong>edidimus?</strong></span> 
     </span>
    </p>
   </div>
  </div>
