4008 6512
461 400 570 460 639

1183 392 1453 451 EL’SEBII
1491 391 1975 449 CAESABIENSlS
2011 388 2162 444 OPP.
2207 385 2388 442 PARS
2425 385 2518 442 Π.
2555 413 2628 428 -—
2663 378 3084 437 DOGMATICA.

3615 375 3718 430 6ιο

461 535 599 593 quas
626 519 886 575 caelorum
934 529 1162 584 regnum
1207 515 1292 571 his
1350 526 1619 584 ereptum,
1650 516 1717 570 ad
1757 515 1894 569 alios
1921 522 2034 568 erat

2143 508 2299 578 φέρει
2343 507 2443 569 τὰς
2490 502 2672 566 αἰτίας
2720 498 3014 572 παριστὰς,
3045 497 3112 550 δι’
3147 497 3212 560 ἃς
3239 494 3460 566 ἔμελλεν
3489 496 3569 557 εἰς
3611 495 3718 548 ἑτέ-

462 601 904 668 transierendum
933 625 948 661 :
981 619 1205 676 tresque
1234 608 1460 661 omnino
1490 622 1685 661 causas
1724 608 2036 674 recensuit;

459 707 718 775 primam,
745 703 813 756 de
843 699 1114 756 fructibus
1146 715 1283 769 quos
1319 700 1550 770 improbi
1581 701 1837 771 agricolae
1865 702 2037 756 abne-

458 804 767 864 gaverunt:
796 808 974 863 neque
1001 794 1147 849 enim
1174 793 1442 862 imperata
1471 793 1738 856 fecerunt.
1767 793 1863 848 sed
1893 792 2040 861 leges

454 888 534 943 eis
586 887 727 941 latas
780 887 1144 941 violaverunt.
1190 885 1424 939 Causam
1485 884 1740 946 alteram,
1791 883 2035 938 facinora

347 963 356 970 ’
456 981 720 1035 adversus
743 979 1039 1048 prophetas
1070 977 1246 1032 dixit:
1277 978 1329 1032 lti
1358 976 1558 1046 quippe
1598 975 1870 1047 praemissi
1919 976 2038 1031 fue-

456 1083 582 1126 rant
613 1071 760 1126 servi
785 1069 901 1124 Dei.
944 1070 1184 1125 Tertiam
1213 1069 1447 1139 denique
1471 1083 1692 1123 causam
1722 1069 1907 1122 attulit
1943 1085 2037 1139 pa.-

456 1163 802 1218 trisfamilias
853 1163 1024 1216 filium
1057 1179 1279 1218 suasum.
1312 1162 1676 1229 Quamobrem
1710 1161 1816 1216 fusi
1859 1165 2040 1219 omnis

454 1255 736 1325 sanguinis
786 1269 961 1322 pretia:
1009 1255 1078 1309 ab
1128 1255 1194 1308 iis
1258 1265 1636 1322 reposcemur,
1687 1269 1718 1308 a
1776 1255 2040 1324 sanguine

448 1346 585 1416 justi
630 1346 820 1402 Abelis
853 1361 1024 1417 usque
1055 1347 1122 1400 ad
1161 1347 1480 1418 sanguinem
1516 1345 1816 1402 Zaeliaria:.

523 1614 649 1671 llaec
691 1616 1040 1685 pontificibus
1068 1624 1234 1684 atque
1269 1615 1575 1672 senioribus
1612 1617 1663 1670 in
1696 1617 1890 1672 faciem
1929 1619 2035 1673 ob-

446 1706 611 1775 iecta,
662 1725 766 1761 nun
803 1708 1076 1764 mediocre
1110 1709 1197 1764 his
1244 1709 1501 1779 probrum
1541 1713 1820 1765 creabant.
1855 1713 2035 1779 Quare

452 1798 712 1852 admirari
737 1799 861 1853 licet
902 1798 1276 1864 Servatorem,
1308 1801 1399 1868 qui
1429 1810 1626 1870 przeter
1657 1811 1851 1856 caetera
1883 1812 2036 1870 pote-

451 1901 649 1946 statem
699 1907 920 1962 quoque
971 1894 1244 1948 sermonis
1282 1908 1474 1964 magna
1531 1909 1655 1949 cum
1705 1899 2033 1951 auctoritate

450 1985 761 2049 exserebat,
800 1996 967 2055 atque
1012 1988 1189 2040 instar
1236 1986 1438 2055 judicis
1471 2001 1688 2055 poenam
1724 1988 1914 2042 iisdem
1951 2004 2036 2042 sa-

449 2076 790 2142 pientissime
819 2093 1002 2133 coram
1042 2079 1395 2133 decernebat.
1439 2077 1577 2135 Huic
1621 2089 1802 2135 autem
1829 2080 2035 2135 Serva-

450 2169 584 2225 toris
622 2171 789 2225 nostri
833 2171 1109 2238 parabolae
1138 2181 1428 2239 consonat,
1474 2175 1548 2227 uti
1575 2173 1776 2227 dictum
1802 2183 1909 2238 est,
1941 2173 2028 2227 illa

450 2261 620 2316 Isaiae.
653 2263 757 2317 Sed
798 2275 979 2319 tamen
1007 2267 1268 2334 propheta
1309 2268 1524 2322 vineam
1560 2268 1846 2338 objurgat,
1889 2267 2033 2322 nulla

448 2355 718 2409 cultorum
769 2357 910 2410 facta
955 2360 1232 2412 mentione
1259 2380 1271 2414 :
1299 2367 1354 2413 at
1384 2375 1514 2413 vero
1540 2359 1801 2416 Servator
1832 2363 2032 2418 vinito-

449 2461 535 2499 res
554 2461 738 2499 coram
775 2447 1026 2518 objurgat
1048 2460 1212 2518 atque
1256 2462 1568 2518 praesentes.
1593 2451 1656 2505 Hi
1689 2469 1851 2521 porro
1878 2465 2036 2510 erant

449 2537 722 2606 principes
754 2540 1030 2611 ducesque
1069 2545 1288 2612 pepuli:
1323 2545 1463 2612 apud
1496 2560 1632 2615 quos
1655 2547 1820 2600 etiam
1856 2547 2035 2602 scelus

446 2635 709 2688 adversus
743 2652 802 2692 se
831 2637 899 2691 ab
938 2636 1022 2691 his
1056 2637 1382 2706 patrandum
1425 2642 1920 2695 commemoravit:
1955 2641 2036 2697 foe

449 2741 614 2796 reque
642 2728 718 2781 ait
745 2740 803 2783 ut
837 2731 995 2783 vinea
1031 2730 1098 2784 iis
1134 2730 1608 2802 auferatur,atque
1629 2732 1750 2788 aliis
1790 2734 2037 2789 tradatur

445 2817 766 2874 cultoribus.
825 2820 960 2874 Exin
1015 2821 1365 2886 eiiucleabat,
1411 2837 1656 2892 quaenam
1696 2826 1822 2880 vitis
1845 2838 2030 2889 esset;

448 2922 641 2977 nempe
663 2910 754 2963 Dei
777 2925 1000 2981 regnum
1021 2913 1194 2967 viuere
1214 2913 1428 2968 nomine
1443 2914 1666 2984 intelligi
1690 2917 2032 2973 declarabat:

447 3003 588 3069 quod
612 3003 829 3072 quidem
865 3003 957 3058 Dei
985 3021 1210 3074 regnum
1257 3021 1353 3075 per
1383 3008 1526 3076 piam
1562 3009 1872 3079 religionem
1904 3011 2032 3064 olitn

447 3095 787 3164 principibus
813 3097 1015 3164 prioris
1065 3099 1248 3168 populi
1288 3099 1661 3155 concreditum
1689 3101 1886 3157 fuerat.
1929 3102 2034 3158 Sed

2145 620 2274 674 ρους
2317 598 2698 672 μετατίθεσθαι
2747 594 3125 667 ἀφαιρουμένη
3160 593 3218 658 ἐξ
3255 591 3432 645 αὐτῶν
3481 591 3515 661 ἡ
3572 589 3718 660 βασι-

2145 694 2264 748 λεία
2285 694 2392 748 τῶν
2427 690 2696 764 οὐρανῶν.
2726 691 2888 760 Τρεῖς
2910 688 2965 740 δὲ
2991 685 3090 749 τὰς
3129 685 3306 746 πάσας
3337 681 3517 744 αἰτίας
3549 698 3718 735 κατα-

2144 787 2311 856 λέγει·
2346 785 2572 857 πρώτην
2606 783 2728 854 μὲν,
2758 783 2856 850 τὴν
2887 781 3013 850 περὶ
3035 778 3162 840 τοὺς
3204 776 3446 847 καρποὺς
3471 775 3719 843 ἀγνωμο-

2147 879 2312 950 σύνην
2339 878 2447 931 τῶν
2469 876 2760 947 γεωργῶν·
2792 875 2852 928 οὐ
2889 873 2998 944 γάρ
3035 871 3297 942 ἔπραττον
3322 867 3462 921 κατά
3480 866 3548 918 τὰ
3577 883 3718 937 παρ-

2142 971 2456 1042 ηγγελμένα
2501 970 2683 1032 αὐτοῖς
2712 967 2851 1039 (65),
2885 963 3200 1038 παραϐάται
3228 961 3282 1013 δὲ
3306 961 3598 1029 ἐτύγχανον
3626 957 3720 1011 τοῦ

2141 1065 2386 1128 δοθέντος
2442 1064 2624 1126 αὐτοῖς
2667 1061 2831 1132 νόμου
2851 1077 2866 1090 ·
2897 1057 3152 1129 δευτέραν
3185 1055 3261 1119 δὲ,
3294 1052 3388 1124 τὴν
3437 1050 3579 1105 κατὰ
3614 1051 3722 1101 τῶν

2145 1155 2439 1229 προφητῶν
2469 1154 2762 1224 ἐπιϐουλήν
2779 1170 2792 1184 ⁸
2816 1144 2960 1206 οὗτοι
2989 1149 3099 1220 γὰρ
3118 1144 3254 1220 ἦσαν
3274 1148 3322 1200 οἱ
3355 1142 3724 1216 προαπεσταλο

2147 1248 2296 1319 μένοι
2333 1249 2428 1302 τοῦ
2477 1247 2613 1301 Θεοῦ
2660 1245 2870 1300 δοῦλοιο
2922 1243 3018 1295 καὶ
3057 1240 3268 1312 τρίτην,
3313 1237 3413 1307 τὴν
3448 1234 3589 1289 κατὰ
3631 1233 3724 1285 τοῦ

2143 1340 2258 1394 υἱοῦ
2282 1340 2375 1393 τοῦ
2407 1338 2790 1393 οἰκοδεσπότου
2835 1333 3168 1408 μιαιφονίαν,
3194 1331 3258 1384 δι’
3283 1332 3348 1402 ἢν
3372 1329 3712 1399 ὲκδικηθήσε-

2140 1449 2232 1485 ται
2264 1433 2322 1498 ἐξ
2347 1431 2529 1486 αὐτῶν
2567 1433 2676 1484 πᾶν
2723 1424 2885 1499 αἷμα,
2914 1428 3023 1481 ἀπὸ
3070 1425 3301 1496 αἵματος
3322 1421 3486 1474 ’Ἅϐελ
3515 1421 3610 1474 τοῦ
3649 1421 3726 1472 δι-

2143 1524 2299 1577 καίου
2339 1524 2531 1595 μέχρις
2558 1523 2788 1594 αἵματος
2825 1519 3114 1592 Ζαχαρίου.

2214 1615 2402 1670 Ταῦτα
2426 1615 2482 1668 δὲ
2507 1617 2586 1678 είς
2608 1617 2901 1686 πρόσωπον
2919 1613 3028 1675 τοῖς
3045 1606 3358 1680 ἀρχιερεῦσι
3374 1605 3468 1658 καὶ
3491 1601 3727 1674 πρεσϐυς

2141 1708 2321 1781 τέροις
2371 1707 2638 1778 λεγόμενα
2679 1708 2740 1760 οὐ
2778 1704 3006 1776 μικροὺς
3043 1703 3229 1764 αὐτοῖς
3265 1697 3527 1770 παρεῖχεν
3565 1696 3722 1763 ἐλέγ-

2141 1819 2288 1872 χους.
2317 1801 2406 1854 Διὸ
2431 1799 2524 1853 τοῦ
2551 1801 2802 1871 Σωτῆρος
2825 1797 3078 1867 θαυμάσα
3095 1794 3228 1847 ιὲστι
3260 1793 3397 1864 μετά
3417 1791 3522 1845 τῶν
3549 1789 3725 1844 ἄλλων

2137 1894 2228 1946 καὶ
2249 1891 2347 1964 τὴν
2379 1893 2626 1959 ἐξουσίαν
2663 1892 2757 1945 τοῦ
2804 1890 2963 1958 λόγου
3010 1887 3148 1959 μετά
3195 1887 3393 1957 πολλῆς
3436 1884 3722 1949 αὐθεντὶας

2135 1986 2577 2056 ἀποφηναμένου,
2614 1985 2707 2037 καὶ
2733 1983 2921 2054 κριτοῦ
2954 1982 3111 2053 δίκην
3145 1981 3244 2052 τὴν
3270 1982 3389 2033 κατ’
3434 1978 3614 2032 αὐτῶν
3643 1995 3724 2029 τι-

2137 2078 2348 2150 μωρίαν
2380 2082 2460 2140 εἰς
2489 2079 2548 2130 τὸ
2582 2076 2760 2130 αὐτῶν
2795 2075 3082 2147 πρόσωπον
3125 2073 3264 2144 μετά
3293 2071 3600 2142 βαθυτάτης
3635 2087 3724 2122 σο-

2135 2172 2264 2242 φίας
2293 2170 2689 2239 ὲξενεγκόντος.
2733 2169 2813 2240 Τῇ
2848 2167 3098 2239 παρούσῃ
3130 2167 3224 2221 τοῦ
3268 2167 3521 2236 Σωτῆρος
3563 2163 3722 2234 ἡμῶν

2133 2264 2413 2338 παραϐολῇ
2447 2264 2659 2336 συνᾴδει
2682 2267 2714 2335 ἡ
2736 2263 2886 2336 παρά
2911 2263 2988 2334 τῷ
3003 2260 3306 2331 Ἡσαΐᾳ,ὼς
3324 2259 3539 2330 εἴρηται
3565 2257 3722 2326 (65⁸).

2135 2359 2282 2430 Πλὴν
2315 2359 2348 2429 ἡ
2380 2360 2482 2429 μὲν
2510 2357 2608 2411 τοῦ
2635 2359 2915 2430 προφήτου
2934 2355 3026 2408 τὸν
3046 2353 3344 2424 ἀμπελῶνα
3367 2351 3725 2420 διεμὲμφετο,

2133 2452 2240 2504 τῶν
2287 2450 2549 2522 γεωργῶν
2597 2452 2819 2522 μνήμην
2860 2448 3109 2520 οὐδαμῶς
3155 2445 3538 2516 πεποιημένη·
3592 2446 3620 2496 ό
3664 2442 3721 2493 δὲ

2135 2546 2327 2616 Σωτὴρ
2349 2546 2476 2608 τοὺς
2504 2545 2783 2616 γεωργοὺς
2811 2543 3119 2612 ἀπήλεγχεν
3143 2543 3220 2604 εἰς
3244 2539 3531 2610 πρόσωπον
3556 2535 3713 2590 ἑστῶ-

2133 2656 2232 2701 τας
2290 2638 2384 2692 καὶ
2433 2638 2728 2710 παρόντας.
2779 2631 2938 2690 Οὗτοι
2973 2635 3016 2688 δ’
3056 2630 3196 2705 ἦσαν
3238 2633 3288 2685 οἱ
3320 2631 3580 2701 ἄρχοντες
3631 2630 3721 2680 καὶ

2133 2731 2428 2802 ἡγούμενοι
2453 2731 2549 2783 τοῦ
2578 2729 2708 2782 λαοῦ
2734 2748 2745 2760 -
2779 2723 2859 2792 οἷς
2888 2727 3022 2798 ὁμοῦ
3051 2726 3147 2779 καὶ
3178 2726 3245 2794 ἣν
3269 2726 3581 2794 ποιήσονται
3601 2721 3719 2773 κατ’

2135 2823 2298 2879 αὑτοῦ
2330 2823 2622 2894 ἐπιϐουλὴν
2666 2823 2883 2892 ἐδήλου·
2930 2821 3023 2873 καὶ
3054 2819 3129 2882 ὼς
3164 2815 3464 2889 ἀρθήσεται
3498 2816 3590 2868 ἀπ’
3628 2814 3721 2865 αὐ-

2134 2917 2240 2971 τῶν
2284 2920 2314 2971 ό
2371 2917 2651 2989 ἀμπελὼν,
2711 2917 2802 2969 καὶ
2848 2914 3129 2984 δοθήσεται
3164 2911 3370 2981 ἑτέροις
3431 2908 3718 2978 γεωργοῖς,

2135 3007 2423 3080 προῦλεγν
2449 3009 2725 3078 διασαφῶν
2761 3007 2958 3078 ἐφεξῆς
2982 3006 3065 3068 τίς
3095 3021 3222 3057 ποτε
3256 3005 3338 3073 εἴη
3370 3004 3398 3055 ό
3436 2999 3716 3071 ἀμπελὼν,

2136 3102 2230 3155 καὶ
2258 3101 2523 3156 διδάσκων
2557 3101 2654 3173 τὴν
2689 3100 2968 3171 βασιλείαν
3013 3096 3106 3150 τοῦ
3149 3095 3284 3148 Θεοῦ
3317 3090 3454 3146 εἶναι
3492 3092 3583 3144 τὸν
3619 3092 3721 3161 ἀμ-

448 3189 591 3240 eaim
634 3203 754 3239 cum
807 3189 858 3241 hi
893 3205 1070 3257 neque
1097 3192 1310 3246 debitos
1355 3191 1567 3248 fructus
1601 3195 1931 3262 redderent,
1979 3207 2034 3252 et

2140 3195 2353 3248 πελῶνα
2374 3211 2392 3226 ·
2421 3195 2544 3266 ἥτις
2575 3192 2823 3265 βασιλεία
2854 3190 2991 3244 Θεοῦ
3025 3189 3112 3242 διά
3133 3187 3228 3240 τοῦ
3259 3173 3545 3247 θεοσεϐοῦς
3574 3183 3721 3235 πολι-

445 3287 646 3344 praeter
683 3277 813 3346 legis
861 3280 1247 3345 violationetn,
1304 3282 1541 3339 caedibus
1590 3300 1807 3355 quoque
1853 3297 2029 3342 semet

449 3367 849 3436 impiavissent,
879 3369 1072 3424 merito
1114 3370 1374 3428 Servator
1409 3374 1548 3429 hanc
1574 3375 1628 3429 in
1664 3375 1783 3430 illos
1819 3385 2031 3432 senten-

449 3461 578 3513 tiam
607 3461 748 3526 tulit,
780 3463 968 3518 dicens
998 3481 1012 3518 :
1046 3462 1334 3534 Propterea
1384 3467 1505 3521 dico
1553 3468 1718 3533 vobis,
1758 3470 2030 3538 auferetur

447 3570 480 3602 η
512 3554 653 3604 vobis
693 3570 916 3622 regnum
958 3553 1096 3620 Dei,
1139 3566 1185 3610 et
1231 3557 1451 3611 dabitur;
1485 3561 1626 3628 genti
1667 3576 1785 3630 qum
1824 3560 2031 3631 fructus

447 3643 562 3710 ejus
582 3645 1212 3714 exhibebit—Quoniam
1254 3666 1383 3705 vero
1420 3651 1558 3704 dixit
1585 3654 1887 3708 occiderunt
1915 3655 2034 3727 (do-

450 3733 580 3786 mini
615 3735 829 3806 filium),
863 3753 968 3791 non
988 3738 1098 3808 jam
1120 3741 1392 3796 videretur
1420 3743 1689 3810 parabolae
1711 3745 1879 3800 series
1903 3746 2033 3816 pati,

451 3824 625 3890 ipsum
675 3825 792 3883 fore
838 3841 1163 3898 praesentem
1197 3849 1394 3903 patum,
1433 3851 1536 3905 qua
1585 3837 1706 3890 mali
1759 3839 2031 3906 agricolm,

450 3919 654 3973 domini
713 3924 792 3975 sui
842 3923 1259 3993 interfectores,
1293 3929 1486 3983 merito
1535 3931 1807 3997 plectendi
1852 3943 2032 3987 erant.

446 4010 610 4081 Atqui
645 4028 828 4069 revera
857 4033 976 4072 esse
1005 4020 1261 4075 eumdem
1297 4033 1531 4078 constat.
1565 4024 1688 4093 quia
1724 4025 1838 4094 ipse
1864 4026 2032 4094 judex

447 4113 554 4156 est.

2131 3287 2223 3341 τεύ
2233 3304 2400 3358 ματος
2429 3287 2599 3341 πάλαι
2633 3285 2897 3358 πρότερον
2922 3285 3034 3343 τοῖς
3060 3281 3285 3352 ἄρχουσι
3326 3277 3418 3330 τοῦ
3460 3275 3720 3347 προτέρου

2131 3381 2262 3435 λαοῦ
2291 3382 2673 3435 ἐπεπίστευτο.
2729 3376 2950 3448 Ἐπειδὴ
3001 3374 3132 3446 μηδὲ
3175 3374 3299 3436 τοὺς
3333 3372 3552 3431 δέοντας
3584 3382 3720 3438 καρ-

2134 3477 2271 3538 ποὺς
2299 3474 2644 3536 ἀπεδίδοσαν,
2688 3471 2824 3544 πρὸς
2860 3470 2917 3524 δὲ
2963 3471 3030 3539 τῇ
3075 3465 3168 3518 τοῦ
3213 3465 3376 3534 νόμου
3419 3458 3720 3530 παραϐάσει

2137 3567 2470 3638 μιαιφονίαις
2498 3566 2723 3629 ἑαυτοὺς
2751 3564 3164 3634 περιέσπειραν,
3198 3557 3424 3618 εἰκότως
3468 3553 3564 3623 τὴν
3605 3550 3720 3603 κατ’

2139 3659 2319 3714 αὐτῶν
2358 3661 2386 3711 ό
2427 3658 2621 3729 Σωτὴρ
2669 3656 2990 3724 ἐξενέγκατο
3033 3652 3306 3721 ἀπόφασιν
3331 3689 3347 3713 ,
3392 3645 3578 3700 εἰπών’
3625 3641 3720 3695 Διὰ

2137 3753 2314 3806 τοῦτο
2347 3751 2503 3823 λέγω
2540 3751 2703 3820 ὑμῖν,
2741 3748 3065 3818 ἀρθήσεται
3110 3745 3210 3812 ἀφ’
3257 3739 3423 3810 ὑμῶν
3467 3739 3505 3804 ή
3541 3737 3721 3800 βασι’

2137 3844 2275 3897 λεία
2332 3843 2438 3897 τοῦ
2495 3842 2666 3906 Θεοῦ,
2723 3841 2820 3894 καὶ
2879 3836 3204 3903 δοθήσεται
3245 3834 3402 3887 ἔθνει
3453 3828 3722 3882 ποιοῦντι

2137 3937 2280 4004 τοὺς
2312 3937 2581 4007 καρποὺς
2606 3933 2794 4003 αὐτῆς
2827 3933 2881 4004 (6
2893 3933 2960 4002 ι).
2983 3961 3055 3971 ——
3077 3930 3190 4001 (65)
3219 3925 3434 3994 Ἐπειδὴ
3467 3922 3524 3975 δὲ
3553 3917 3722 3981 εἶπεν,

2137 4030 2220 4082 ὅτι
2249 4029 2628 4093 ἀπέκτειναν,
2667 4026 2844 4080 οὐκέθ’
2874 4027 2907 4096 ή
2941 4021 3231 4078 ἀκολουθία
3265 4019 3365 4089 τῆς
3415 4011 3722 4086 παραϐολῆς

2139 4121 2282 4193 ἔχειν
2315 4121 2537 4176 δύναται
2563 4121 2724 4175 αὑτὸν
2753 4117 2892 4172 εἶναι
2923 4117 3013 4170 τὸν
3037 4112 3406 4186 παρεσόμενον
3441 4109 3533 4160 ἐπὶ
3557 4121 3716 4175 ngue-

446 4194 568 4270 ρίᾳ,
599 4198 667 4270 ἣν
699 4195 838 4272 ἦσαν
863 4202 1062 4258 δίκαιοι
1097 4205 1355 4276 ὑποσχεῖν
1384 4206 1544 4259 κακοὶ
1575 4209 1812 4278 γεωργοὶ
1842 4210 1936 4262 καὶ
1971 4213 2151 4279 φονεῖς
2213 4211 2307 4266 τοῦ
2343 4212 2624 4266 δεσπότου.
2664 4213 2786 4264 ’Ότι
2833 4209 2890 4262 δὲ
2952 4205 3115 4269 αὑτός
3148 4204 3287 4266 ἐστι,
3335 4196 3525 4268 δῆλονο
3564 4193 3721 4255 αὐτὸς

443 4290 558 4363 γὰρ
589 4297 801 4367 κριτής.

2289 4319 2300 4348 l’

518 4386 680 4454 Lapis
713 4392 912 4443 dicitur
957 4391 1216 4448 Dominus
1239 4402 1461 4463 prepter
1485 4403 1760 4448 terrenum
1780 4409 1978 4464 corpus
2009 4413 2023 4450 :

2205 4390 2316 4462 (66)
2337 4390 2494 4454 Λίθος
2517 4392 2546 4442 ό
2563 4391 2765 4462 Κύριος
2780 4388 2996 4456 λέγεται
3015 4384 3128 4455 (67)
3142 4381 3232 4436 διὰ
3246 4381 3307 4433 τὸ
3322 4377 3524 4447 γεῶδες
3543 4375 3715 4444 σῶμα·

448 4475 588 4545 lapis
639 4481 845 4549 absque
894 4499 1149 4536 manuum
1205 4486 1508 4540 ministerio
1549 4487 1812 4552 excisus,
1871 4497 2030 4554 prout

451 4568 622 4622 fertur
649 4571 699 4623 in
733 4572 964 4628 Danielis
983 4575 1187 4629 visione
1208 4579 1252 4640 ί,
1289 4589 1510 4646 propter
1545 4593 1698 4631 suam
1733 4579 1798 4633 de
1827 4579 2033 4647 virgine

450 4661 786 4716 nativitatem
819 4683 832 4718 :
870 4681 1043 4735 neque
1076 4670 1220 4722 enim
1258 4669 1332 4722 illi
1363 4684 1497 4738 opus
1533 4669 1632 4722 fuit
1677 4671 1912 4723 humano
1948 4685 2033 4723 se-

451 4751 618 4817 mine,
646 4755 852 4809 cualesti
879 4758 1074 4812 virtute
1097 4761 1402 4829 genituram
1431 4762 1549 4832 ejus
1581 4763 1996 4816 administrante
2015 4805 2029 4829 ,

450 4854 790 4915 matremque
821 4849 1008 4904 habuit
1064 4854 1376 4920 nuptiarum
1431 4866 1712 4923 expertem
1760 4854 2030 4923 puellam,

447 4953 569 5008 quae
621 4956 763 4994 novo
804 4942 946 4997 inter
986 4945 1234 4998 homines
1287 4961 1439 5000 more
1486 4949 1550 5001 de
1601 4947 1804 5016 Spiritu
1841 4959 2033 5002 sancto

449 5033 720 5102 concepit.
758 5033 918 5105 Lapis
957 5048 1107 5101 erat,
1148 5056 1253 5092 non
1289 5054 1481 5092 aurum
1519 5054 1696 5107 neque
1718 5049 2030 5107 argentum,

451 5139 625 5194 ιιιεειυθ
653 5141 743 5180 rex
769 5128 963 5197 aliquis
987 5129 1276 5199 gloriosus,
1318 5133 1383 5186 iis
1424 5130 1620 5186 similis
1645 5129 1733 5198 qui
1766 5146 1861 5199 per
1888 5132 2034 5201 ejus-

531 5245 552 5273 ’
596 5247 726 5297 Dan.
759 5262 817 5310 ll,
844 5247 935 5302 45.

528 5355 642 5426 (65)
672 5358 810 5414 Cod.
852 5361 917 5414 Α.
955 5362 991 5414 r.
1018 5361 1149 5417 265.

529 5427 665 5495 (65')
696 5429 964 5484 Nimirum
995 5435 1093 5486 sub
1120 5433 1291 5486 initiis
1324 5429 1484 5497 hujus
1517 5441 1785 5484 enarrata:
1823 5431 2046 5499 parabo-

458 5496 546 5556 lae.
590 5500 677 5572 ubi
711 5512 862 5572 certe
909 5503 1080 5572 Syrus
1129 5496 1487 5569 congruebat.
1512 5500 1660 5572 Ergo
1694 5496 1872 5572 totum
1910 5505 2045 5562 hoc,

461 5569 677 5621 etiamsi
719 5571 772 5623 in
803 5569 966 5640 Syrn'
993 5575 1355 5637 desideretur,
1403 5573 1471 5626 ad
1509 5571 1650 5626 idem
1690 5569 2050 5641 TheOphauia:

465 5654 664 5703 corpus
701 5647 976 5708 pertinere
1003 5647 1236 5701 videtur,
2003 5677 2006 5681 -

537 5708 649 5781 (ϋῷ)
677 5711 970 5781 llucnsquc
1005 5714 1121 5765 sine
1166 5713 1268 5764 ulli
1306 5711 1724 5781 interruptione.
1759 5710 1828 5764 ab
1874 5712 2034 5766 initio

469 5778 771 5844 parabolae,
799 5778 968 5834 codex
1005 5785 1067 5833 A.
1113 5781 1398 5850 Reliquum
1449 5778 1580 5836 vero
1623 5782 1982 5850 fragmentum
2015 5823 2029 5844 ,

463 5863 616 5916 a-qne
636 5851 736 5905 sub
759 5853 978 5907 nonnae
1016 5853 1230 5908 Eusebii
1265 5853 1316 5906 iu
1337 5853 1523 5909 codice
1546 5853 1735 5909 eodem
1761 5855 2030 5912 laudatur.

2132 4483 2277 4546 λίθος
2301 4483 2630 4554 τεμνόμενος
2658 4483 2786 4536 ἄνευ
2811 4477 3034 4550 χειρῶν,
3059 4475 3203 4529 κατὰ
3227 4473 3328 4544 τὴν
3360 4466 3558 4536 Δανιὴλ
3592 4466 3722 4535 ὅρα-

2139 4591 2244 4637 σιν,
2277 4572 2367 4626 διά
2398 4571 2495 4642 τὴν
2522 4575 2586 4624 ὲκ
2620 4570 2889 4641 παρθένου
2929 4568 3212 4637 γέννησινο
3261 4563 3322 4613 οὐ
3373 4557 3482 4628 γὰρ
3507 4556 3721 4627 ἐδέησεν

2136 4667 2284 4737 αὐτῷ
2329 4667 2538 4735 σπορᾶς
2588 4664 2955 4734 ἀνθρωπίνης,
3007 4657 3264 4730 οὐρανίου
3319 4653 3600 4721 δυνάμεως
3657 4650 3723 4703 τὰ

2139 4760 2260 4814 κατ’
2290 4757 2453 4812 αὐτὸν
2479 4757 2940 4827 οίκονομουμένης
2961 4771 2973 4784 ·
3001 4753 3096 4806 καὶ
3132 4751 3315 4821 μήτηρ
3338 4744 3488 4814 αὐτῷ
3515 4741 3721 4812 ἀπειρό-

2139 4873 2314 4927 γαμος
2368 4854 2526 4924 κόρη,
2570 4853 2754 4907 καινὸν
2803 4849 3070 4922 τρόπονῆ
3113 4844 3234 4899 καθ’
3271 4843 3419 4914 ἡμᾶς
3472 4839 3531 4904 ἐξ
3567 4837 3722 4906 ἁγίου

2141 4949 2456 5019 Πνεῦματος
2495 4948 2718 5001 κύουσα.
2773 4943 2933 5007 Λίθος
2981 4939 3069 5014 ἦν,
3122 4939 3234 4992 ἀλλ’
3278 4937 3340 4989 οὐ
3379 4933 3577 5005 χρυσὸς
3618 4927 3722 5019 οὐδ’

2141 5018 2401 5112 ἄργυρος,
2437 5040 2558 5093 οὐδὲ
2595 5036 2846 5109 βασιλεύς
2886 5053 2970 5099 τις
3002 5029 3229 5096 ἔνδοξος.
3279 5028 3462 5097 ὅμοιος
3489 5024 3601 5084 τοῖς
3642 5018 3722 5112 διὰ

2143 5111 2252 5187 τῶν
2295 5133 2513 5187 τοιῶνδε
2553 5131 2838 5202 συμϐόλων
2873 5128 3025 5200 παρά
3067 5124 3146 5195 τῷ
3193 5117 3389 5190 Δανιὴλ
3429 5111 3721 5184 δεδηλωμέ-

2153 5362 2246 5416 sed
2273 5361 2326 5414 itt
2366 5362 2558 5428 pagina
2584 5357 2905 5428 versaiﬁﬁﬁ.
2933 5357 2986 5409 lt.

2219 5430 2332 5498 (δε)
2361 5427 2493 5486 Cod.
2521 5433 2585 5482 Α.
2612 5429 2648 5482 r.
2675 5427 2802 5482 εδδ.
2831 5428 2881 5498 b:

2221 5492 2334 5568 (66')
2359 5503 2492 5557 Cod.
2516 5503 2581 5552 A.
2621 5500 2658 5552 f.
2689 5498 2818 5552 9.64.
2846 5495 3072 5567 Syr.lv,
3103 5492 3190 5568 HI.
3393 5558 3402 5566 .
3512 5555 3539 5568 η
3623 5559 3638 5568 Δ
3671 5549 3684 5568 ε

2223 5555 2434 5643 (biiDe
2477 5555 2575 5643 hoc
2607 5571 2839 5643 mystico
2883 5555 3022 5643 saxo
3060 5555 3222 5643 verba
3265 5555 3720 5643 pfl'llllDﬁI‘l‘ll—lhi‘l:

2153 5628 2489 5705 Tltiwp'lmnia
2541 5628 2764 5707 Syriaca
2829 5652 2915 5692 tv.
2963 5635 3076 5697 M;
3128 5633 3223 5707 sed
3279 5628 3500 5707 Graccus
3553 5632 3720 5707 testas

2154 5692 2256 5763 sub
2290 5692 2506 5764 Eusebii
2547 5692 2769 5762 nomine
2817 5721 2854 5757 ει
2891 5692 3078 5758 Niceta
3126 5705 3333 5756 relatus
3368 5697 3541 5752 multo
3574 5692 3717 5760 plura

2152 5782 2374 5847 recitat,
2438 5783 2554 5835 sive
2613 5795 2679 5833 ex
2741 5775 3076 5847 Theophuuia
3125 5773 3242 5828 sive
3282 5783 3352 5824 ex
3396 5769 3719 5823 commenta-

2156 5851 2272 5905 riis.
