4008 6514
276 428 370 484 6M

1588 410 1675 464 DE
1713 407 2180 465 THEOPHANIA.

3441 395 3548 456 642

278 563 406 610 νοις·
437 557 578 598 αλια
591 559 674 604 τις
695 536 922 608 γυμνὸς,
944 534 1038 588 καὶ
1060 531 1280 601 εὐτελὴς
1306 530 1400 583 καὶ
1429 528 1863 601 ἀπεῤῥιμμένος·

1984 528 2116 582 modi
2144 524 2389 597 symbola
2444 541 2472 578 a
2505 524 2724 578 Danie.e
2751 519 3112 578 demonstrati
3159 514 3409 580 luerunt;
3446 531 3549 568 nu—

274 638 352 694 διὸ
380 636 476 691 καὶ
511 635 660 696 λίθος
705 629 1151 700 προσκόμματος,
1208 625 1302 676 καὶ
1355 623 1531 693 πέτρα
1568 620 1862 675 σκανδάλου

277 729 672 802 ἀπηγόρευται.
733 723 791 777 '0
847 723 942 792 μὲν
992 715 1085 773 οὖν
1136 718 1219 781 τίς
1260 733 1442 787 φησιν·
1500 715 1662 768 Οὕτω
1701 714 1862 783 λέγει

280 825 520 894 Κύριος·
568 818 714 874 Ἰδοὺ
735 815 849 886 ἐγὼ
868 813 1142 884 ἐμϐάλλω
1165 814 1254 877 εὶς
1281 809 1387 863 τὸν
1415 807 1690 878 θεμέλιον
1712 806 1866 860 Σιὼν

276 915 447 969 λίθον
461 905 792 974 πολυτελῆ,
812 900 1118 962 ἐκλεκτόν,
1135 895 1580 967 ἀκροτωνιαῖον,
1601 895 1860 960 ἔντιμον·

277 1006 370 1059 καὶ
418 1007 451 1058 ό
491 1000 795 1055 πιστεύων
825 997 918 1048 ἐπ’
947 993 1136 1047 αὐτὸν
1183 993 1255 1044 οὐ
1296 988 1384 1058 μὴ
1429 983 1860 1054 καταισχυνθῇ·

273 1099 299 1148 6
320 1096 377 1149 δὲ
410 1095 528 1166 βοᾷ·
580 1091 763 1145 Λίθον
795 1087 866 1140 ὃν
896 1084 1350 1152 ἀπεδοκίμασαν
1386 1083 1440 1133 οι
1489 1077 1868 1146 οἰκοδομοῦν-

273 1207 391 1255 τες·
421 1188 518 1241 καὶ
560 1186 742 1240 Λίθον
772 1181 839 1236 δὲ
865 1179 1326 1248 προσκόμματος
1355 1171 1728 1238 κεκλήκασιν
1757 1172 1866 1223 αὺ-

274 1284 404 1336 τόν.
456 1279 686 1341 Ἡσαΐας
727 1275 785 1328 δὲ
844 1271 1147 1341 ἀποτολμᾷ,
1196 1269 1286 1322 καὶ
1322 1268 1414 1320 τὸν
1465 1264 1666 1336 Κύριον
1705 1261 1868 1315 αὐτὸν

275 1371 412 1427 εἶναι
449 1374 540 1424 τὸν
569 1369 715 1422 λίθον
752 1365 1014 1426 διδάσκει,
1051 1355 1270 1430 ὧδέ·πη
1317 1356 1620 1422 θεσπίζων·
1646 1357 1868 1424 Κύριον

275 1465 465 1521 αὐτὸν·
487 1462 806 1534 ἁγιάσατε·
835 1457 933 1511 καὶ
964 1454 1147 1519 αὐτὸς
1172 1453 1345 1506 ἕσται
1367 1467 1484 1505 σου
1515 1452 1720 1518 φόϐος.
1741 1446 1867 1502 Κᾶν

273 1562 367 1612 ἐπ’
404 1555 565 1620 αὐτῷ
603 1550 902 1616 πεποιθὼς
937 1544 1034 1620 ᾖς,
1088 1548 1259 1601 ἔσται
1304 1560 1402 1598 σοι
1441 1547 1529 1609 εὶς
1580 1543 1864 1611 ἁγίασμα,

276 1651 373 1704 καὶ
415 1652 529 1717 οὺχ
576 1648 657 1711 ὡς
694 1645 867 1698 λίθου
913 1641 1325 1709 προσκόιιμαςτι
1367 1633 1865 1701 συναντήσεσθε,

277 1745 402 1798 οὐδ’
429 1745 508 1808 ὠς
543 1738 762 1807 πέτρας
782 1734 1064 1806 πτώματι.
1122 1733 1174 1784 '0
1199 1730 1266 1784 δὲ
1305 1727 1471 1796 οἶκος
1515 1726 1753 1796 Ἰσραὴλ
1798 1727 1868 1779 ἐν

275 1835 506 1905 παγίδι,
541 1832 643 1885 καὶ
693 1833 763 1885 ἐν
796 1827 1154 1898 κοιλάσματι
1200 1827 1253 1878 οἱ
1299 1822 1622 1891 καθήμενοι
1655 1821 1726 1872 ἐν
1781 1820 1868 1873 Ἰε-

1971 625 2094 685 dus,
2124 623 2366 689 inquam,
2401 628 2551 683 erat,
2592 617 2710 671 vilis
2753 625 2916 684 atque
2958 611 3240 679 abiectus;
3290 621 3460 678 quare
3494 615 3550 662 et

1970 713 2108 782 lapis
2141 709 2460 765 oﬂ‘ensiouis
2493 724 2558 763 ac
2607 719 2758 776 petra
2789 706 3032 762 scandali
3064 705 3242 758 dictus
3276 707 3380 756 e‘st.
3417 699 3550 768 Qui-

1971 810 2092 863 dam
2122 823 2251 877 ergo
2273 805 2448 858 dicit'
2484 821 2497 856 :
2533 802 2623 857 Sic
2664 804 2736 856 ait
2774 802 3052 863 Dominus,
3085 798 3222 852 Ecce
3249 814 3343 867 ego
3400 797 3550 849 mitto

1969 897 2024 950 in
2050 897 2449 964 fundamentum
2481 892 2660 946 Sionis
2701 891 2932 958 lapidem
2973 891 3281 957 pretiosum,
3306 889 3548 948 electum,

1970 989 2300 1059 angularem,
2329 986 2712 1041 Itonorabilem.
2768 983 2832 1036 Et
2855 984 2945 1051 qui
2983 981 3263 1034 crediderit
3311 979 3365 1031 in
3400 993 3543 1040 eum,

1972 1101 2075 1137 non
2107 1082 2477 1148 confundetur.
2514 1080 2632 1149 Ipse
2677 1091 2809 1130 vero
2831 1076 3032 1128 clamat
3065 1093 3077 1127 :
3116 1073 3369 1142 Lapidem
3398 1087 3552 1140 queat

1974 1179 2376 1246 reprobaverunt
2401 1173 2722 1241 wdiﬁcantes
2747 1169 2789 1225 ⁸.
2824 1169 2911 1235 Ει,
2948 1167 3202 1236 Lapidem
3241 1165 3554 1234 o/fensionis

1971 1287 2089 1324 eum
2129 1270 2457 1339 appellarunt
2493 1267 2533 1320 '.
2571 1265 2744 1318 lsaias
2774 1277 2901 1316 Vero
2924 1262 3082 1314 audet
3108 1261 3287 1314 dicere
3324 1257 3556 1325 lapidem

1975 1365 2136 1425 hunc,
2165 1364 2338 1431 ipsum
2353 1375 2474 1414 esse
2500 1359 2810 1420 Dominum,
2833 1355 2910 1409 ita
2935 1354 3203 1408 deﬁniens
3235 1367 3248 1403 :
3275 1349 3557 1402 Dominum

1975 1460 2145 1525 ipsum
2179 1455 2547 1523 sanctiﬁcate;
2579 1463 2625 1505 et
2647 1453 2757 1519 ipse
2799 1450 2897 1503 erit
2932 1463 3096 1516 pauor
3127 1455 3270 1498 tuus.
3325 1440 3396 1494 Et
3436 1439 3484 1495 si
3511 1430 3560 1491 ei

1974 1548 2205 1615 conﬁsus
2230 1547 2417 1617 fueris,
2442 1547 2543 1598 erit
2575 1543 2671 1597 tibi
2692 1545 2749 1596 in
2781 1539 3280 1608 sanctiﬁcationem,
3309 1549 3473 1601 neque
3498 1537 3562 1585 ut

1974 1643 2027 1695 in
2074 1642 2297 1707 lapidem
2342 1637 2653 1708 o/fendicnli
2695 1635 3015 1703 impingetis,
3060 1646 3224 1700 neque
3261 1629 3316 1681 in
3355 1641 3560 1696 petram

1976 1732 2176 1800 lapsus.
2216 1728 2415 1782 Domus
2449 1740 2625 1780 autem
2663 1724 2885 1779 Israelis
2909 1724 2963 1776 in
2993 1721 3202 1791 laqueo,
3236 1717 3561 1770 habitatores

1982 1823 2313 1877 Hierusalem
2342 1823 2396 1874 in
2446 1821 2633 1890 fovea;
2663 1828 2938 1886 propterea
2990 1817 3301 1882 impotentes
3328 1817 3482 1863 erunt
3512 1807 3556 1864 ⁸.

272 1897 631 2000 ρουσαλὴμ·
674 1924 773 1978 διὰ
825 1897 1561 1981 τοῦτοίάδυνατήσουσιν.
1619 1911 1759 1964 Ἀνθ’
1812 1905 1872 1964 οὗ

1984 1917 2080 1971 Pro
2112 1917 2310 1985 quibus
2337 1915 2508 1984 magis
2562 1911 2847 1982 perspicue
2890 1905 3257 1979 Symmachus
3285 1902 3560 1969 interpre-
3591 1913 3595 1917 ‘

277 2022 616 2092 σαφέστερος
642 2019 670 2071 6
691 2017 986 2087 Σύμμαχος
1015 2012 1350 2083 ἡρμήνευσε·
1385 2007 1604 2074 Κύριον
1629 2001 1746 2056 τῶν
1769 2002 1873 2055 δυ-

274 2113 539 2183 νάμεων,
577 2109 768 2163 αὑτὸν
798 2103 1104 2176 ἁγιάσατε·
1137 2100 1235 2154 καὶ
1265 2098 1448 2162 αὐτὸς
1488 2095 1659 2149 ἔσται
1693 2095 1877 2163 φόϐος

275 2205 449 2275 ὑμῶν
515 2201 613 2256 καὶ
681 2198 1016 2268 κραταιωμα
1090 2192 1289 2263 ὑμῶν,
1368 2189 1467 2243 καὶ
1546 2188 1720 2240 ἔσται
1788 2188 1878 2251 εις

282 2271 574 2366 ἀ-γίασμα·
604 2292 690 2356 εἰς
714 2288 781 2341 δὲ
830 2289 1004 2342 λίθον
1022 2281 1483 2352 προσκόμματος
1518 2275 1615 2328 καὶ
1666 2276 1754 2339 εὶς
1783 2271 1880 2326 πέ-

277 2405 428 2459 τραν
473 2379 828 2438 σκανδάλου
868 2378 992 2443 τοῖς
1029 2374 1212 2429 δυσὶν
1251 2372 1440 2434 οἴκοις
1489 2367 1746 2437 Ἰσραὴλ,
1791 2368 1879 2431 εὶς

279 2478 505 2548 παγίδα
535 2474 631 2530 καὶ
654 2477 742 2540 εὶς
774 2469 1126 2526 σκάνδαλον
1151 2465 1230 2530 τῷ
1265 2463 1531 2517 οἰκοῦντι
1559 2461 1628 2514 ἐν
1669 2459 1878 2529 Ἰερου-

279 2571 512 2640 σαλήμ.
548 2567 717 2622 Ἔνθα
745 2565 1035 2634 γενόμενος
1061 2559 1359 2628 ἐπίστησον
1390 2555 1513 2607 τίνα
1554 2553 1748 2625 τρόπον
1781 2551 1879 2604 αὺ-

278 2664 373 2717 τὸν
405 2662 496 2714 τὸν
530 2659 730 2730 Κύριον
753 2654 859 2707 τῶν
887 2652 1171 2722 δυνάμεων
1195 2651 1308 2711 τοῖς
1351 2647 1446 2716 μὲν
1477 2647 1562 2698 ἐπ’
1594 2641 1756 2696 αὐτὸν
1782 2657 1879 2693 πε-

282 2755 528 2809 ποιθόσιν
555 2749 774 2805 ἔσεσθαι
807 2747 886 2810 εἰς
909 2742 1161 2814 ἁγίασμά
1194 2756 1379 2811 φησιν,
1415 2737 1529 2792 ἀλλ’
1559 2737 1657 2806 οὐχ
1687 2733 1762 2796 ὡς
1799 2731 1880 2784 λί-

284 2849 378 2903 θον
421 2845 870 2919 προσκόμματος,
894 2837 1014 2892 οὐδὲ
1043 2836 1118 2900 ὡς
1157 2833 1362 2903 πέτραν
1406 2828 1726 2899 πτώματος·
1769 2827 1880 2887 τοῖς

280 2943 337 2996 δὲ
374 2941 450 3014 μὴ
469 2918 564 2992 ἐπ’
598 2937 756 2991 αὑτὸν
803 2931 1085 2987 πε-ποιθόσι
1128 2927 1276 2980 λίθον
1321 2922 1747 2994 προσκόμματος
1785 2918 1880 2970 καὶ

280 3035 494 3105 πέτραν
537 3029 831 3101 πτώματος
870 3021 1198 3096 γενήσεσθαι
1231 3020 1428 3081 δοκεῖν,
1469 3015 1731 3069 διδάσκει.
1768 3010 1879 3065 Καὶ

282 3129 430 3190 τινες
451 3120 616 3183 οὗτοι,
650 3118 1006 3193 προφητεύει,
1043 3115 1229 3184 σαφῶς
1253 3111 1498 3183 δηλώσας
1527 3110 1655 3171 τοὺς
1681 3108 1760 3170 εἰς
1786 3106 1880 3158 τὸν

284 3223 522 3295 Χριστὸν
572 3219 971 3287 ἐπιστήσαντας
1013 3212 1118 3265 τῶν
1167 3213 1231 3263 ἐκ
1265 3207 1584 3279 περιτομῆς.
1624 3202 1784 3263 Λίθος
1823 3201 1880 3256 δὲ

288 3315 383 3362 καὶ
437 3312 610 3374 ἄλλως
660 3307 1028 3380 ἐχρημάτιζεν
1080 3305 1108 3356 ὁ
1154 3303 1344 3374 Σωτὴρ
1395 3300 1484 3354 διὰ
1531 3299 1592 3352 τδ
1633 3297 1878 3368 θεμέλιος

288 3402 534 3476 ἀρραγὴς
586 3404 677 3456 καὶ
713 3403 968 3472 πετραίος
1011 3393 1413 3467 ὑποϐεϐλῆσθαι
1447 3396 1513 3464 τῇ
1555 3392 1704 3462 πάσῃ
1738 3389 1880 3442 οἰκο-

289 3496 451 3566 δομίᾳ
487 3495 584 3564 τῆς
631 3493 772 3548 κατὰ
813 3492 946 3544 Θεὸν
990 3489 1285 3552 πολιτείας.
1337 3486 1624 3556 Θεμέλιον
1663 3484 1878 3546 ἄλλον,

293 3589 456 3660 φησὶν
499 3589 527 3640 ὁ
563 3587 703 3651 θεῖος
746 3584 1102 3648 Ἀπόστολος,
1153 3581 1354 3647 οὐδεὶς
1401 3579 1652 3633 δύναται
1694 3577 1881 3630 θεῖναι

296 3683 450 3751 1ταρὰ
477 3681 582 3734 τὸν
626 3682 924 3750 κείμενον,
971 3678 1039 3742 ὅς
1087 3677 1258 3728 ἐστιν
1317 3671 1552 3743 Ἰησοῦς
1597 3670 1878 3740 Χριστός·

290 3777 386 3829 καὶ
411 3770 585 3837 αὖθις·
635 3774 700 3829 ἰι
725 3773 793 3826 δὲ
823 3771 1008 3840 πέτρα
1035 3767 1115 3839 ἦν
1139 3772 1170 3823 ό
1187 3766 1461 3836 Χριστός.
1483 3763 1643 3825 Λίθος
1664 3778 1883 3832 τοιγαρ-

290 3867 382 3921 οὖν
420 3868 516 3922 καὶ
554 3868 732 3938 πέτρα
773 3867 868 3920 καὶ¹
921 3862 1174 3935 θεμέλιος
1219 3859 1315 3913 τοῦ
1365 3857 1508 3912 κατὰ
1543 3856 1673 3909 Θεὸν
1731 3854 1880 3907 πολι-

289 3961 560 4032 τεύματος
600 3958 762 4022 αὐτὸς
811 3954 912 4029 ἦν·
953 3958 1048 4010 καὶ
1085 3955 1231 4018 λίθος
1275 3951 1686 4025 ἀκρογωνιαῖος,
1726 3947 1881 4000 ἐκλε-

290 4053 442 4117 κτός,
472 4053 708 4124 ἔντιμος,
748 4051 956 4122 μηδένα
985 4049 1096 4102 τῶν
1123 4050 1203 4110 εἰς
1237 4045 1399 4101 αὑτὸν
1437 4041 1744 4113 ἠλπικότων
1787 4039 1882 4094 καὶ

290 4143 738 4200 πεπιστευκότων
784 4142 1073 4213 αἰσχύνων·
1105 4143 1134 4194 ὁ
1171 4140 1214 4193 δ’
1255 4137 1415 4201 αὐτὸς
1442 4135 1589 4199 λίθος
1616 4130 1684 4205 ἦν
1715 4149 1880 4204 προσ-

292 4241 577 4310 κόμματος
620 4236 715 4291 καὶ
769 4236 946 4307 πέτρα
993 4233 1286 4288 σκανδάλου
1338 4231 1426 4284 διὰ
1477 4228 1539 4281 τὸ
1591 4226 1784 4289 πάθος,
1837 4218 1880 4293 ᾧ

295 4332 662 4401 προσκόπτειν
689 4331 816 4390 τοὺς
848 4327 1212 4389 ἀπιστοῦντας
1255 4322 1562 4394 συμϐαίνει·
1611 4320 1704 4372 καὶ
1736 4316 1881 4380 λίθος

295 4421 354 4472 ὃν
403 4420 809 4492 ἀπεδοκίμασαν
855 4424 904 4474 οἱ
957 4417 1383 4489 οἰκοδομοῦντες.
1450 4414 1666 4485 Ταύτην
1721 4411 1881 4474 αὐτὸς

297 4510 755 4581 ὲπισφραγίζεται
799 4514 898 4581 τὴν
941 4513 1238 4584 ἑρμηνείαν
1283 4509 1373 4562 διὰ
1410 4509 1508 4579 τῆς
1545 4503 1879 4578 παραϐολῆς,

1977 2019 2124 2064 tatus
2151 2018 2236 2062 est
2269 2025 2283 2061 :
2311 2006 2594 2060 Dominum
2627 2006 2908 2066 uirtutum,
2949 2000 3121 2068 ipsum
3162 1993 3495 2062 sanctiﬁcate
3540 2007 3560 2044 :

1975 2115 2022 2158 et
2045 2106 2153 2173 ipse
2177 2103 2271 2156 erit
2309 2117 2476 2168 pavor
2501 2109 2666 2152 vester
2703 2106 2750 2150 et
2774 2094 3057 2166 fortitudo,
3083 2092 3286 2159 eritque
3326 2090 3381 2141 in
3429 2102 3560 2140 san-

1976 2198 2392 2266 ct-iﬁcationem;
2430 2193 2564 2260 lupis
2609 2206 2726 2245 vero
2758 2185 3066 2258 o/fendiculi
3121 2193 3170 2238 et
3221 2191 3370 2250 petra
3405 2194 3564 2233 scan-

1976 2293 2086 2345 dali
2116 2290 2322 2343 duabus
2361 2285 2604 2341 domibus
2650 2282 2894 2345 Israelis,
2931 2279 3149 2349 laqueus
3179 2286 3226 2329 et
3248 2269 3563 2327 scandalum

1978 2383 2166 2439 incolae
2207 2381 2567 2437 Hierusalem.
2607 2379 2782 2443 Atque
2808 2375 2911 2429 hoc
2943 2372 3064 2427 loco
3088 2368 3401 2430 considera,
3429 2375 3567 2432 quo-

1978 2475 2138 2530 modo
2188 2475 2362 2544 ipsum
2427 2471 2712 2525 Dominum
2757 2467 3017 2520 virtutum
3073 2457 3472 2516 conlidentibus
3514 2453 3564 2509 ei

1981 2569 2215 2620 futurum
2249 2579 2370 2620 esse
2419 2563 2551 2617 dicit
2580 2563 2629 2614 in
2657 2557 3148 2614 sanctiﬁcationem
3176 2591 3192 2616 ,
3227 2565 3335 2604 non
3366 2555 3553 2601 autem

1980 2661 2032 2714 in
2060 2656 2368 2712 olfendiculi
2424 2654 2654 2724 lapidem
2688 2691 2703 2715 ,
2739 2659 2794 2704 et
2827 2650 2880 2702 in
2913 2656 3120 2716 petram
3151 2643 3358 2709 lapsus.
3392 2639 3565 2692 Secus

1979 2767 2106 2806 vero
2132 2749 2352 2802 minime
2383 2747 2430 2800 ei
2472 2742 2897 2802 conlidentibus,
2933 2737 3166 2806 lapidem
3197 2733 3440 2786 futurum
3481 2727 3568 2782 ot.

1980 2840 2235 2898 fendiculi
2263 2881 2278 2905 ,
2326 2847 2381 2893 et
2413 2847 2620 2907 petram
2661 2834 2868 2902 lapsus,
2899 2829 3068 2883 videri
3117 2826 3295 2880 docet.
3331 2820 3564 2888 Quinam

1980 2945 2160 2989 autem
2215 2932 2266 2985 hi
2299 2931 2438 2993 sint,
2468 2928 2823 2987 vatécinatur,
2868 2918 3155 2974 manifeste
3182 2917 3567 2971 demonstrans

1981 3023 2364 3081 circumcisum
2419 3021 2509 3090 qui
2573 3019 2836 3072 adversus
2891 3012 3167 3068 Christum
3221 3003 3572 3062 consurrexit

1981 3117 2254 3189 populum.
2311 3114 2484 3167 Aliter
2537 3125 2753 3182 quoque
2786 3106 2922 3177 lapis
2979 3113 3060 3158 est
3091 3102 3376 3162 Servator,
3431 3096 3560 3166 quia

1984 3226 2080 3266 ceu
2119 3209 2528 3263 fundamentum
2581 3199 2856 3256 immobile
2903 3213 2966 3251 ac
2999 3194 3291 3263 lapideum,
3323 3187 3573 3257 supposi-

1993 3316 2077 3358 tus
2130 3301 2231 3356 fuit
2278 3300 2533 3353 universo
2589 3293 2820 3350 tedilicio
2872 3291 2997 3344 vita:
3047 3286 3346 3342 secundum
3402 3283 3570 3335 Deum

1988 3396 2228 3468 agendte.
2257 3390 2690 3444 Fundamentum
2725 3384 2874 3438 aliud
2901 3424 2916 3448 ,
2948 3383 3024 3435 ait
3054 3381 3211 3432 divus
3247 3372 3571 3444 Apostolus,

1990 3503 2136 3542 nemo
2183 3493 2350 3556 potest
2398 3496 2588 3547 ponere
2621 3487 2814 3545 prwler
2859 3473 2976 3543 jam
3012 3471 3237 3538 positum
3265 3507 3281 3530 ,
3315 3464 3455 3535 quod
3495 3473 3573 3516 est

1989 3553 2228 3634 Christus
2259 3575 2415 3628 Jesus
2442 3573 2487 3628 ".
2517 3572 2581 3625 Et
2612 3582 2804 3624 rursus
2843 3585 2856 3620 :
2889 3564 3050 3619 Petra
3090 3571 3265 3614 autem
3286 3568 3398 3612 erat
3427 3553 3576 3610 Clari-

1987 3684 2097 3726 stus
2126 3663 2167 3723 ‘.
2203 3669 2362 3738 Lapis
2415 3669 2594 3734 itaque
2631 3672 2686 3717 et
2733 3669 2887 3731 petra
2918 3667 2972 3712 et
3009 3655 3418 3710 fundamentum
3452 3651 3578 3699 vita:

1989 3764 2282 3820 secumlum
2322 3761 2490 3814 Deum
2518 3753 2762 3827 agenda},
2785 3754 2898 3821 ipse
2918 3757 3072 3812 erat;
3104 3747 3240 3816 lapis
3272 3740 3573 3812 angularis,

1989 3857 2214 3917 electus,
2246 3850 2600 3912 honorabilis,
2631 3845 2902 3902 neminem
2939 3843 2992 3895 in
3027 3856 3092 3895 eo
3114 3836 3448 3907 sperautium
3487 3837 3575 3883 at-

1989 3963 2092 4018 que
2108 3943 2492 4002 conlidentium
2523 3939 2882 3995 confundens.
2904 3934 3113 3987 Rursus
3140 3931 3278 3983 idem
3303 3925 3437 3994 lapis
3459 3929 3577 3976 erat

1989 4037 2375 4095 oﬂ'endieuliet
2417 4043 2566 4103 petra
2595 4029 2838 4086 scandali
2885 4035 3106 4096 propter
3135 4021 3466 4090 passionem,
3520 4014 3574 4068 in

1989 4147 2151 4202 quam
2204 4127 2478 4183 oﬂ‘endere
2524 4121 2822 4179 incredulis
2872 4117 3107 4178 accidit;
3150 4123 3203 4167 et
3253 4110 3390 4179 lapis
3414 4121 3573 4175 quem

1992 4225 2420 4292 reprobaverunt
2481 4216 2830 4273 aedificantes.
2895 4211 3046 4264 lianc
3102 4209 3218 4276 ipse
3288 4202 3576 4257 cmdirmat

1991 4312 2494 4385 interpretationem
2517 4323 2616 4379 per
2647 4303 2955 4377 parabolam
2985 4341 3000 4366 ,
3031 4299 3244 4352 vineam
3280 4291 3577 4362 agricolas-

1990 4425 2098 4478 que
2134 4405 2420 4464 inducens,
2479 4411 2776 4466 servosque
2815 4395 3010 4448 missos
3048 4391 3253 4460 primos
3281 4398 3334 4441 et
3379 4385 3576 4438 alteros

1991 4503 2058 4554 ah
2104 4496 2360 4571 agricolis
2395 4494 2592 4560 injuria
2645 4489 2917 4544 allectos:
2963 4495 3346 4550 postremoque
3395 4477 3566 4531 lilium

299 4605 595 4676 ἀμπελῶνα
628 4604 721 4658 καὶ
745 4608 1024 4676 γεωργοὺς
1047 4605 1280 4674 εἰσάγων
1298 4603 1515 4665 δούλους
1539 4619 1597 4654 τε
1623 4599 1876 4653 ἀπεσταλ-

1991 4613 2017 4646 a
2046 4570 2197 4656 patre
2231 4591 2476 4648 missum.
2520 4595 2572 4639 et
2603 4584 2670 4638 ab
2704 4580 2883 4650 impiis
2910 4575 3164 4649 agricolis
3202 4570 3574 4626 interfectum.

302 4701 496 4770 μένους
518 4697 764 4771 πρώτους
785 4699 876 4750 καὶ
902 4697 1186 4768 δευτέρους
1207 4695 1594 4769 ὑϐριζομένους
1619 4693 1754 4765 πρὸς
1781 4690 1890 4743 τῶν

298 4790 582 4863 γεωργῶν·
601 4792 693 4843 καὶ
719 4790 868 4852 τέλος
902 4790 1056 4842 ’Υῑδγ
1073 4789 1355 4860 ἀγαπητὸν
1385 4789 1488 4840 ὑπὸ
1519 4788 1617 4858 μὲν
1647 4785 1742 4839 τοῦ
1776 4786 1889 4838 Hat-

307 4885 427 4955 πρὸς
479 4883 918 4956 ἐκπεμπόμενον,
966 4883 1070 4936 ὑπὸ
1098 4883 1154 4936 δὲ
1184 4878 1397 4935 ἀσεϐῶν
1451 4880 1712 4952 γεωργῶν
1749 4879 1884 4930 ἀπο-

1995 4684 2127 4740 Post
2149 4699 2310 4752 quam
2332 4697 2394 4752 pa
2407 4677 2647 4733 rabulam
2675 4675 2858 4739 infert,
2882 4670 3009 4739 quid
3037 4669 3126 4730 sit,
3150 4665 3400 4732 Lapidem
3425 4675 3577 4726 quem

1997 4779 2400 4847 reprobaverunt
2443 4772 2768 4840 redi/icantes
2798 4809 2814 4834 ,
2867 4766 2950 4820 hic
3005 4763 3180 4832 [actus
3223 4770 3296 4814 est
3329 4760 3384 4811 in
3419 4761 3578 4823 caput

1996 4871 2178 4938 aitquli
2204 4869 2247 4921 ⁹.

311 4933 424 4955 τ-.
1106 4933 1150 4936 η
1330 4933 1357 4934 η
1462 4933 1473 4950 ,
1526 4933 1578 4952 κ,
1613 4933 1624 4948 .
2071 4933 2087 4938 .ν

305 4977 672 5048 κτιννύμενον.
708 4975 840 5029 Μεθ’
874 4975 942 5045 ἢν
965 4975 1275 5046 παραϐολὴν
1305 4973 1577 5044 ἐπιφέρει,
1612 4973 1665 5024 τί
1696 4973 1812 5024 ἐστι
1852 4969 1934 5030 τὸ,
1974 4965 2155 5020 Λίθον
2213 4960 2285 5014 ὃν
2322 4955 2778 5024 ἀπεδοκίμασαν
2806 4954 2858 5005 οἱ
2887 4942 3362 5015 οικοδομοῦντες,
3395 4933 3576 4999 οὗτος

302 5069 555 5140 ἐγενήθη
581 5071 668 5134 εις
690 5067 966 5137 κεφαλὴν
992 5069 1228 5137 γωνίας.

1043 5160 1117 5214 Ζ⁹.

369 5253 485 5327 (68)
525 5250 744 5321 Ἐπειδὴ
775 5250 941 5304 δὲκαὶ
967 5251 1100 5322 περὶ
1132 5250 1228 5304 τοῦ
1250 5250 1418 5304 τόπου
1454 5249 1688 5319 ἔχρησεν
1724 5247 1753 5298 6
1788 5242 1884 5298 τοῦ

295 5347 435 5402 θεοῦ
460 5345 656 5414 Λόγος,
684 5345 818 5415 φέρε
841 5343 1039 5414 ἴδωμεν
1070 5342 1171 5408 τὰς
1199 5342 1365 5396 αὐτοῦ
1391 5341 1519 5412 περὶ
1552 5337 1743 5393 τούτου
1775 5356 1889 5410 φω-

297 5439 414 5501 νάς.
435 5437 513 5492 Οὐ
534 5437 793 5508 φέροντες
816 5434 984 5488 αὐτοῦ
1012 5435 1112 5506 τὴν
1136 5435 1340 5506 σεμνὴν
1370 5432 1743 5493 διδασκαλίαν,
1763 5429 1886 5484 οὔτε

298 5530 399 5603 τὴν
432 5529 740 5600 πρόρρησιν
757 5527 866 5600 (69)
882 5528 979 5581 καὶ
991 5527 1116 5590 τοὺς
1133 5525 1412 5597 ἐλέγχους,
1430 5527 1480 5579 οἱ
1495 5524 1603 5579 τῶν
1619 5521 1888 5578 Ἰουδαίων

2735 5135 2776 5190 ν
2785 5132 2844 5188 11.

2066 5239 2203 5308 Quia
2225 5251 2358 5291 vero
2383 5234 2450 5288 de
2471 5231 2592 5287 loco
2614 5228 2778 5284 etiam
2811 5235 3090 5278 oracu.um
3130 5214 3300 5270 edidit
3331 5211 3420 5265 Dei
3449 5210 3580 5264 Ver-

1993 5335 2160 5401 bum,
2209 5328 2386 5401 agesis
2413 5325 2583 5396 ipsius
2627 5321 2731 5376 hac
2779 5317 2846 5372 de
2893 5328 2954 5368 re
2979 5325 3137 5365 voces
3167 5304 3573 5360 animadverta-

1996 5442 2137 5482 mus.
2171 5400 2303 5479 Cnm
2335 5433 2434 5474 nec
2468 5417 2584 5484 ejus
2615 5409 2976 5466 venerandam
3023 5400 3322 5457 doctrinam
3354 5437 3368 5463 ,
3399 5408 3574 5463 neque

1995 5515 2339 5576 vaticinium.
2370 5522 2546 5578 neque
2569 5499 3021 5573 reprehensiones
3047 5507 3202 5562 tequo
3229 5489 3410 5543 animo
3460 5485 3572 5540 ler-

372 5647 395 5678 ³
423 5645 549 5700 lsai.
576 5659 764 5710 xxvm,
789 5641 876 5696 16.
963 5639 987 5672 ⁵
1013 5639 1158 5696 Psal.
1187 5639 1468 5705 cxvn,22.
1543 5640 1565 5672 ⁸
1585 5637 1711 5696 lsai.
1735 5653 1854 5704 vm,

2047 5632 2218 5690 “ibid.
2251 5629 2342 5686 15.
2418 5626 2439 5657 ⁷
2464 5624 2480 5679 l
2502 5622 2629 5679 Cor.
2658 5635 2737 5685 tn,
2759 5618 2845 5673 il.
2913 5613 2935 5645 ⁸
2966 5611 2985 5667 l
3016 5611 3145 5669 Cor.
3168 5624 3224 5674 ι,
3247 5605 3299 5660 4.
3381 5603 3403 5634 ⁹
3426 5599 3572 5656 Psal.

300 5732 475 5781 csvu,
501 5715 594 5771 22.

376 5829 490 5899 (68)
512 5828 643 5899 (Ind.
670 5831 734 5882 A.
761 5826 797 5881 l'.
824 5826 947 5899 199.
982 5825 1104 5899 Syr.
1133 5841 1208 5891 tv,
1244 5825 1330 5879 18.

378 5889 493 5971 (69)
520 5897 742 5956 Videtur
767 5889 1043 5955 declinare
1066 5913 1094 5952 a
1145 5889 1306 5954 sensu
1337 5895 1527 5962 Syrus,
1567 5893 1657 5958 qui
1712 5889 1882 5946 divul-

1995 5818 2256 5889 gationem
2287 5853 2314 5888 ,_
2359 5825 2466 5867 non
2528 5816 2707 5863 autem
2758 5801 3147 5878 prtedictionent
3175 5837 3192 5865 ,
3240 5797 3572 5860 Interpreta.

1994 5901 2098 5946 tur.
