4008 6526
509 398 615 457 645

1211 403 1480 459 E'USEBH
1519 402 1996 458 CIESARIENSIS
2037 401 2186 459 OPP.
2228 401 2408 456 PARS
2446 401 2534 455 ιν.
2574 435 2642 444 -
2681 401 3101 459 DOGMATICA.

3629 404 3724 461 ςιι

509 530 631 575 rent
658 517 961 573 Judzrorum
1009 518 1278 586 principes
1311 559 1325 580 ,
1377 520 1507 572 urbe
1538 521 1683 573 illum
1741 521 1893 574 abire
1920 536 2070 573 cura-

2174 521 2460 590 ἄρχοντες,
2504 521 2604 592 τῆς
2649 520 2855 584 πόλεως
2900 519 3276 590 ἀπαλλαγῆναι
3310 520 3544 572 ἐποίουν.
3588 522 3641 573 '0
3683 503 3723 574 ὃ⁸

507 620 653 665 runt.
708 609 999 663 Discedens
1046 622 1225 662 autem
1270 610 1658 680 Hierosolymis
1683 612 1935 664 Christus
1978 614 2072 667 bas

506 702 673 754 edidit
701 709 888 755 contra
923 700 1107 753 urbem
1163 716 1324 755 voces
1357 720 1371 754 :
1410 701 1765 767 Hierusalem,
1813 703 2071 756 Hierusa-

503 790 626 851 lem,
666 805 1020 855 sa'pennmero
1060 790 1235 855 optavi
1280 791 1422 857 ﬁlios
1462 803 1580 844 tuos
1612 808 1960 861 carigregare,
1992 804 2071 845 at-

504 893 678 934 tamen
706 896 791 932 res
819 881 1087 933 rennistis.
1122 880 1205 932 En
1237 882 1552 951 relinquitur
1589 884 1731 936 vobis
1760 884 1948 936 domus
1992 900 2073 936 ne-

503 982 615 1025 ura
642 972 849 1025 deserta
876 972 938 1026 ’°.
966 970 1083 1024 Jam
1111 987 1217 1025 non
1251 971 1340 1026 Dei
1375 974 1588 1026 domum
1627 975 1880 1041 templum
1919 975 2069 1037 illud,

505 1064 989 1130 sanctuariumque
1023 1078 1143 1116 esse
1182 1064 1578 1128 demonstrans,
1615 1066 1706 1119 sed
1738 1064 1951 1118 illorum
1984 1066 2073 1119 do-

504 1168 674 1217 mum,
706 1163 927 1223 propter
954 1153 1131 1207 scelus
1154 1152 1434 1206 infandum
1463 1154 1604 1222 quod
1633 1163 1931 1209 conseculo
1952 1172 2071 1211 mox

506 1255 747 1314 tempore
781 1245 977 1298 ibidem
1008 1255 1276 1313 patratum
1312 1256 1394 1298 est
1427 1262 1440 1297 :
1476 1259 1665 1313 nempe
1713 1246 1947 1299 immane
1978 1246 2072 1301 Ju-

504 1338 742 1393 daeorum
767 1346 955 1391 contra
981 1336 1325 1391 Servatorem
1356 1336 1643 1406 piaculum.
1667 1337 1834 1391 Porro
1856 1354 2074 1393 necesse

504 1438 620 1486 erat
654 1444 758 1484 non
796 1430 946 1484 urbis
993 1429 1164 1483 solum
1202 1428 1406 1483 incolas
1430 1467 1443 1489 ,
1490 1443 1673 1481 verum
1716 1429 1878 1483 etiam
1921 1432 2070 1498 pavi-

504 1532 746 1575 mentum
782 1520 931 1585 illnd,
963 1536 1072 1590 quo
1104 1529 1381 1588 tantopere
1410 1519 1822 1589 gloriabantur;
1849 1521 2070 1591 dignum

504 1611 709 1665 referre
735 1610 963 1679 pretium
994 1609 1292 1662 facinorum
1339 1610 1407 1662 ab
1467 1609 1658 1664 incolis
1708 1622 2068 1678 patratorum.

503 1700 558 1755 Id
587 1701 731 1768 quod
766 1716 870 1755 non
914 1701 1086 1754 multo
1118 1711 1236 1767 post
1267 1701 1490 1764 accidit,
1523 1715 1643 1753 cum
1696 1700 1929 1755 Romani
1980 1719 2070 1755 ur-

502 1795 621 1849 bem
648 1794 820 1848 adorti
849 1834 863 1858 ,
906 1794 1051 1849 cives
1083 1793 1199 1861 eius
1242 1796 1434 1863 partim
1474 1794 1597 1848 belli
1626 1793 1747 1861 jure
1782 1794 2066 1849 intereme-

503 1896 650 1947 runt,
684 1887 879 1956 partim
916 1887 1160 1956 captivos
1199 1888 1573 1951 abduxerunt;
1616 1898 1670 1941 et
1702 1898 1898 1956 praeter
1931 1886 2069 1941 fame

503 1988 745 2041 necatos,
801 1978 1061 2047 reliquam
1094 1978 1489 2033 multitudinem
1517 1981 1633 2034 loco
1659 1982 1988 2036 abstractam
2018 1983 2071 2036 in

498 2072 648 2125 orbis
686 2080 844 2125 terra:
890 2072 1200 2124 vastitatem
1256 2072 1668 2139 disperserunt:
1708 2073 1939 2143 denique
1977 2089 2071 2128 co-

502 2179 620 2217 rum
673 2165 890 2217 domum
940 2180 1034 2217 seu
1075 2164 1326 2232 templum
1366 2164 1779 2229 inﬂammantes,
1813 2166 1862 2218 in
1890 2168 2071 2220 deser-

502 2254 768 2309 tissimam
801 2253 1149 2321 solitudinem
1205 2264 1610 2308 converterunt.
1660 2256 1803 2309 Sane
1838 2256 1948 2309 haec
1979 2271 2071 2326 po-

501 2355 648 2400 stero
718 2356 958 2415 tempore
1023 2345 1421 2414 contigerunt;
1469 2346 1560 2399 sed
1616 2346 1757 2399 enim
1796 2346 2072 2410 Servator,

502 2437 645 2493 Deus
667 2438 874 2492 scilicet
898 2439 1147 2501 Verbum,
1179 2437 1519 2506 praescientia
1551 2447 1725 2497 utens.
1749 2454 1868 2506 qum
1891 2438 2068 2492 futura

500 2539 657 2583 erant
686 2530 1071 2597 suprascriptis
1102 2529 1287 2582 verbis
1323 2538 1447 2581 ante
1474 2529 1757 2585 nuntiavit.
1795 2528 1956 2584 Urbis
1976 2545 2070 2582 au-

502 2631 609 2675 tem
660 2621 799 2675 filios
833 2622 1066 2689 appellat
1099 2630 1313 2691 gentem
1352 2617 1630 2672 Judaicam
1654 2658 1668 2682 ,
1701 2621 1915 2673 domum
1942 2635 2072 2673 vero

497 2728 687 2767 eorum
723 2713 854 2766 dicit
906 2728 1005 2781 pro
1059 2710 1278 2779 templo.
1345 2710 1547 2763 Deinde
1584 2721 1811 2764 testatur
1844 2711 1960 2764 fore
2013 2721 2071 2764 ut

502 2807 737 2873 ipsorum
774 2803 928 2873 culpa
986 2803 1120 2857 diris
1165 2805 1380 2857 casibus
1426 2804 1775 2868 irretiantur;
1826 2803 2070 2870 quando-

499 2897 715 2964 quidem
771 2896 883 2963 ipse
917 2894 1062 2947 haud
1106 2893 1274 2947 semel
1318 2903 1547 2947 conatus
1603 2892 1781 2949 fuerat
1831 2894 2067 2948 sobolem

498 3004 684 3044 eorum
716 2989 816 3041 sub
849 2985 1065 3056 pietatis
1092 2983 1280 3054 jugum
1316 2984 1556 3045 mittere,-
1594 2983 1717 3036 dnm
1751 2997 1935 3038 curam
1972 2996 2067 3037 eo-

500 3084 744 3138 rnmdem
767 3089 1076 3149 perpetuam
1100 3086 1331 3146 gereret,
1365 3091 1461 3144 per
1482 3075 1727 3142 singulos
1759 3076 2057 3144 proi’betas

500 3172 850 3242 singulasque
894 3179 1082 3224 aetates
1132 3184 1160 3220 a
1206 3167 1477 3236 pravitate
1529 3180 1623 3219 eos
1673 3166 1958 3219 retrahens
2003 3179 2065 3221 ac

503 3274 794 3314 revocans.
831 3257 1100 3312 Caeterum
1142 3256 1194 3310 bi
1224 3256 1435 3309 vocanti
1474 3254 1695 3308 minime
1722 3254 2065 3324 obtempera-

500 3361 726 3415 verunt;
786 3348 1313 3417 quamobrem-tulit
1366 3348 1420 3401 in
1457 3361 1553 3401 eos
1606 3346 1690 3401 bis
1738 3346 1919 3401 verbis
1948 3362 2071 3401 sen-

502 3442 723 3496 tentiam
751 3459 766 3495 :
794 3440 927 3495 Ecce
951 3440 1262 3511 relinquitur
1285 3440 1424 3493 vobis
1445 3439 1628 3491 domus
1646 3447 1817 3492 vestra
1844 3438 2068 3494 deserta.

502 3533 872 3588 Solertissime
906 3546 1034 3586 vero
1083 3547 1190 3585 non
1238 3530 1431 3585 urbem
1479 3531 1754 3585 desertam
1802 3530 1915 3585 fore
1957 3530 2068 3594 ait,

500 3624 597 3678 sed
622 3624 840 3678 donmm
869 3637 988 3691 qua:
1023 3622 1093 3675 ibi
1121 3630 1266 3687 crat,
1295 3622 1346 3675 id
1381 3631 1463 3675 est
1491 3621 1766 3690 templum,
1792 3622 1934 3691 quod
1957 3620 2068 3687 jam

502 3730 610 3768 non
638 3729 794 3768 suum
852 3727 1026 3781 neque
1070 3712 1164 3767 Dei
1207 3712 1571 3768 habitaculum
1608 3713 1793 3768 haberi
1822 3712 1953 3778 vult,
1977 3712 2070 3767 sed

503 3808 715 3861 illorum
757 3820 876 3860 esse
920 3806 1017 3859 ait.
1070 3805 1351 3860 Desertum
1402 3820 1532 3860 vero
1574 3806 1714 3860 haud
1753 3806 1909 3860 aliter
1956 3804 2071 3860 fore

500 3898 847 3964 vaticinatur,
868 3898 969 3952 nisi
999 3900 1123 3967 quia
1166 3908 1427 3952 consueta
1463 3899 1549 3952 illa
1588 3899 1683 3954 Dei
1713 3915 1842 3954 cura
1880 3914 1945 3953 ac
1984 3913 2073 3967 pa-

502 3991 734 4047 trocinio
776 3991 1112 4060 spoliandum
1158 4001 1299 4046 erat.
1350 3992 1534 4045 Mirari
1571 4003 1749 4045 autem
1782 3992 1924 4046 subit
1958 4006 2070 4045 ser-

503 4084 679 4138 monis
708 4083 981 4148 eﬂ’ectum,
1015 4084 1140 4153 quia
1176 4098 1446 4150 nunquam
1474 4082 1612 4137 alias
1652 4082 1717 4136 ad
1752 4091 1955 4135 tantam
1984 4097 2072 4135 so-

500 4177 781 4231 litudinem
830 4177 875 4230 is
908 4176 1058 4229 locus
1110 4176 1359 4228 redactus
1410 4175 1540 4240 fuit;
1591 4189 1659 4229 ne
1705 4184 1818 4227 tum
1853 4174 2069 4241 quidem

499 4282 621 4320 cum
655 4266 724 4320 ob
752 4266 1077 4335 impietatem
1105 4265 1404 4320 incolarum
1443 4276 1603 4334 atque
1637 4264 1992 4319 idololatriam
2018 4272 2072 4317 et

500 4360 886 4431 prophetarum
926 4362 1100 4413 caedes
1124 4400 1140 4423 ,
1191 4360 1245 4412 in
1278 4358 1698 4428 Babyloniorum
1751 4364 2069 4425 patestatem

501 4450 649 4503 venit
688 4467 703 4502 :
750 4449 843 4502 illo
892 4451 1038 4503 enim
1082 4460 1324 4518 tempore
1362 4447 1774 4517 septuagenaria
1820 4440 1923 4499 fuit
1968 4446 2069 4500 loci

2174 612 2470 683 ἀναχωρῶν
2490 613 2599 667 τῶν
2650 614 2713 666 Ἰε
2724 612 3031 683 ροσολύμων
3055 612 3265 664 τοίασδε
3308 612 3577 683 προήκατο
3597 614 3723 666 κατὰ

2172 704 2273 773 τῆς
2323 705 2525 767 πόλεως
2570 706 2773 773 φωνάς’
2821 703 3249 771 Ἰερουσαλὴμ,
3305 703 3720 773 Ἰερουσαλὴμ,

2174 795 2430 861 ποσάκις
2463 796 2735 863 ἠθέλησα
2758 795 3221 865 ἐπισυναγαγεῖν
3261 792 3440 848 τέκνα
3473 812 3613 857 σου,
3637 798 3723 850 καὶ

2172 890 2285 939 οὐκ
2314 886 2668 953 ἠθελήσατε.
2725 886 2867 941 Ἰδοὺ
2899 888 3131 956 ἀφίεται
3158 886 3297 955 ὑμῖν
3321 888 3353 939 ό
3382 881 3543 951 οἶκος
3576 886 3724 954 ὑμῶν

2173 977 2415 1045 ἕρημος·
2448 978 2628 1030 οὐκέτι
2663 974 2811 1031 οἷκον
2838 978 2972 1030 Θεοῦ
3006 977 3096 1029 τὸν
3128 976 3261 1030 νεὼν
3296 976 3388 1028 καὶ
3422 976 3483 1028 τὸ
3512 976 3569 1028 ὲν
3591 977 3724 1047 αύτῷ

2173 1068 2587 1138 ἁγίασμα,ἀλλὰ
2622 1070 2801 1121 αὐτῶν
2831 1065 2968 1122 εἶναι
2992 1064 3137 1121 οἷκον
3153 1067 3581 1137 ἀποφηνάμενος·
3616 1070 3725 1137 μια-

2176 1176 2377 1228 σματος
2392 1160 2499 1229 γὰρ
2522 1160 2747 1227 ἐναγοῦς
2766 1161 2822 1211 ἐν
2854 1158 2929 1229 τῷ
2953 1160 3090 1229 μετὰ
3107 1158 3279 1212 ταῦτα
3296 1158 3469 1228 χρόνῳ
3482 1158 3726 1228 δρασθέν-

2173 1268 2261 1314 τος
2295 1252 2385 1303 ὑπ’
2408 1250 2605 1315 αὐτῶν,
2629 1251 2789 1305 τοῦτο
2822 1250 2866 1301 δ’
2902 1247 2969 1320 ἦν
2994 1250 3054 1303 τὸ
3084 1249 3350 1319 τολμηθὲν
3380 1249 3561 1312 αὐτοῖς
3607 1248 3726 1315 ἄγος

2174 1343 2312 1397 κατά
2347 1342 2439 1395 τοῦ
2473 1344 2746 1414 Σωτῆρος,
2780 1343 2949 1413 ἐχρῆν
2978 1337 3149 1413 δήπου
3193 1340 3271 1411 μὴ
3298 1340 3455 1410 μόνον
3489 1340 3611 1403 τοὺς
3634 1340 3721 1410 τῆς

2174 1434 2378 1498 πόλεως
2414 1436 2734 1505 οἰκήτορας,
2770 1432 2904 1486 ἀλλά
2943 1434 3033 1486 καὶ
3070 1432 3200 1485 αὐτὸ
3233 1432 3292 1483 τὸ
3335 1431 3546 1499 ἔδαφος,
3581 1431 3658 1499 ἐφ’
3686 1424 3726 1498 ᾧ

2176 1524 2316 1595 μέγα
2360 1524 2638 1595 ἐφρόνουν,
2688 1523 2980 1594 τάπίχειρα
3037 1515 3111 1575 ὧν
3162 1521 3390 1592 ἔδρασαν
3442 1522 3727 1591 οἰκήτορες,

2172 1618 2393 1670 παθεῖν’
2430 1615 2466 1668 ἃ.
2495 1615 2557 1685 δὴ
2595 1615 2686 1668 καὶ
2718 1614 3050 1667 πεπόνθασιν
3082 1614 3180 1666 οὐκ
3211 1614 3290 1675 είς
3336 1611 3565 1683 μακρὸν,
3605 1612 3725 1663 Ῥωο

2176 1708 2348 1778 μαίων
2386 1706 2716 1761 ἐπελθόντων
2739 1709 2803 1776 τῇ
2835 1706 3008 1769 πόλει,
3041 1706 3135 1758 καὶ
3167 1705 3274 1757 τῶν
3294 1703 3588 1773 οἰκητόρων
3615 1703 3727 1763 τοὺς

2176 1800 2271 1870 μὲν
2306 1798 2536 1868 πολέμου
2569 1797 2717 1868 νόμῳ
2736 1796 3215 1866 κατασφαξάντων,
3249 1797 3374 1858 τοὺς
3400 1795 3443 1847 δ’
3469 1792 3727 1863 αἰχμαλώ‹

2170 1907 2293 1953 τους
2324 1890 2734 1957 ἀπαγαγόντων,
2758 1890 2882 1951 τοὺς
2904 1888 2959 1940 δὲ
2982 1887 3123 1958 λιμῴ
3154 1886 3595 1957 διαφθειράντων,
3614 1885 3727 1947 τοὺς

2128 2030 2142 2049 ,
2168 1981 2211 2033 δι’
2260 1980 2646 2035 ἀπελασάντων
2699 1980 2791 2031 καὶ
2821 1981 2898 2041 εἰς
2938 1980 3113 2034 πάντα
3152 1978 3314 2030 τόπον
3355 1975 3723 2028 διασκεδασάν-

2167 2089 2273 2125 των
2303 2072 2438 2142 (70),
2466 2073 2554 2124 τὸν
2583 2072 2624 2122 δ’
2650 2066 2794 2123 οἷκον
2824 2070 3002 2123 αὐτῶν
3033 2070 3123 2121 καὶ
3147 2060 3235 2120 τὸν
3262 2060 3395 2122 νεὼν
3428 2067 3727 2139 ἐμπρησάν-

2167 2180 2294 2226 των,
2319 2164 2394 2226 είς
2432 2161 2635 2232 ἔσχατά
2655 2179 2712 2214 τε
2741 2160 2974 2231 ἐρημίας
2996 2150 3416 2230 περιϐαλόντων.
3455 2158 3611 2214 Ἀλλά
3629 2157 3729 2228 γὰρ

2167 2256 2369 2308 τούτων
2392 2256 2448 2307 ἐν
2474 2258 2586 2316 τοῖς
2615 2254 2751 2323 μετά
2782 2253 2951 2306 ταῦτα
2984 2254 3195 2325 χρόνοις
3226 2251 3556 2321 γενομένων,
3602 2267 3724 2320 προ-

2169 2348 2346 2401 λαϐὼν
2379 2349 2406 2399 ὁ
2450 2348 2639 2418 Σωτὴρ
2681 2347 2739 2398 τὺ
2790 2345 2978 2416 μέλλον
3012 2348 3079 2415 τῇ
3120 2344 3448 2417 προγνώσει,
3495 2340 3578 2397 οἷα
3608 2343 3726 2406 Θεὸς

2169 2441 2360 2509 Λόγος,
2413 2439 2482 2491 τὰ
2527 2438 2915 2509 συμϐησόμενα
2951 2437 3310 2509 προαγορεύει
3341 2437 3435 2490 διὰ
3466 2437 3567 2489 τῶν
3609 2452 3727 2506 προέ

2169 2534 2455 2602 κειμένων.
2474 2531 2648 2582 Τέκνα
2668 2530 2722 2582 δὲ
2754 2531 2852 2600 τῆς
2884 2529 3089 2593 πόλεως
3111 2529 3364 2598 ὀνομάζει
3388 2528 3450 2581 τὸ
3483 2526 3725 2581 Ἰουδαίων

2173 2626 2279 2676 πᾶν
2312 2622 2462 2685 ἔθνος
2482 2638 2494 2650 ·
2531 2616 2674 2673 οἷκον
2694 2620 2750 2673 δὲ
2784 2619 2964 2672 αὐτῶν
3000 2619 3267 2672 ἀποκαλεῖ
3304 2618 3396 2672 τὸν
3429 2617 3581 2672 νεών.
3610 2612 3730 2670 Εἶτα

2172 2712 2527 2784 μαρτύρεται,
2560 2713 2639 2764 ὅτι
2658 2710 2809 2782 παρά
2825 2709 2921 2781 τὴν
2954 2710 3130 2763 αὐτῶν
3159 2710 3336 2763 αἰτίαν
3353 2710 3422 2762 τὰ
3453 2707 3731 2778 σκυθρωπά

2168 2806 2363 2868 αὐτοὺς
2380 2803 2768 2875 μετελεύσεται
2789 2820 2801 2832 ·
2838 2802 3135 2874 ἐπειδήπερ
3168 2802 3329 2865 αὐτὸς
3366 2802 3463 2872 μὲν
3493 2800 3727 2860 πολλάκις

2168 2898 2585 2965 ἐπισυναγαγεῖν
2606 2896 2785 2949 αὐτῶν
2802 2895 3048 2947 τὰτέκνα
3075 2893 3181 2946 ὑπὸ
3207 2893 3296 2945 τὸν
3323 2894 3423 2963 τῆς
3444 2884 3733 2950 θεοσεϐείας

2169 2990 2333 3058 ζυγὸν
2358 2988 2700 3058 βεϐούληται,
2733 2982 2819 3040 οἷα
2850 2989 2914 3043 ἐκ
2943 2986 3036 3039 τοῦ
3067 2986 3267 3052 παντὸς
3295 2986 3548 3057 πρόνοιαν
3569 2982 3735 3037 αὐτῶν

2171 3079 2555 3151 πεποιημένος,
2585 3080 2651 3133 δι’
2689 3079 2918 3133 ἑκάστου
2947 3094 3006 3130 τε
3033 3078 3314 3152 προφήτου
3352 3076 3449 3129 καὶ⁹
3481 3074 3598 3131 καθ’
3623 3074 3731 3125 ἐκά-

2170 3188 2300 3243 στην
2318 3171 2506 3239 γενεὰν
2531 3168 2871 3240 ἐπιστρέφων
2887 3167 3083 3229 αὐτοὺς
3105 3168 3197 3219 καὶ
3213 3164 3661 3234 ἀνακαλούμενος·
3683 3162 3729 3213 όί

2176 3262 2233 3314 δέ
2256 3261 2357 3315 οὐκ
2388 3262 2577 3331 ἤθελον
2605 3257 2910 3312 ὑπακοῦσαι
2940 3260 3005 3328 τῇ
3042 3257 3230 3327 κλήσει
3247 3272 3260 3285 '
3299 3251 3359 3308 οὗ
3382 3254 3446 3326 δὴ
3470 3255 3620 3327 χάριν
3644 3251 3736 3317 τὴν·

2177 3354 2296 3407 κατ’
2336 3354 2513 3407 αὐτῶν
2569 3352 2844 3420 ἀπόφασιν
2902 3348 3287 3421 προενήνεκται
3331 3345 3502 3401 εἰπών
3527 3363 3541 3378 ·
3594 3337 3729 3401 Ἰδοὺ

2175 3446 2411 3515 ἀφίεται
2464 3442 2610 3512 ὑμῖν
2647 3445 2679 3495 ό
2717 3430 2883 3506 οἶκος
2926 3438 3093 3509 ὑμῶν
3142 3440 3383 3508 ἔρημος.
3433 3435 3637 3505 Σφόδρα
3678 3423 3730 3485 δέ

2176 3533 2417 3605 ἀκριϐῶς
2437 3533 2496 3585 οὐ
2514 3533 2609 3602 τὴν
2631 3522 2781 3583 πόλιν
2806 3530 3010 3599 ἔρημον
3036 3527 3252 3580 ἔσεσθαί
3279 3535 3466 3597 φησιν,
3498 3521 3626 3578 ἀλλά
3648 3520 3731 3573 τὸν

2177 3630 2234 3679 ἐν
2274 3626 2410 3695 αὐτῇ
2446 3620 2615 3687 οἷκον,
2654 3623 2852 3694 δηλαδὴ
2885 3622 2976 3673 τὸν
3008 3619 3142 3674 νεών
3163 3636 3174 3647 ·
3205 3619 3263 3673 ὄν
3295 3618 3481 3672 οὐκέτι
3523 3612 3727 3676 ἑαυτοῦ,

2175 3716 2288 3770 ἀλλ’
2315 3715 2436 3771 οὐδὲ
2455 3714 2549 3767 τοῦ
2582 3713 2716 3767 Θεοῦ
2761 3708 2907 3766 οἷκον
2934 3710 3177 3783 βούλεται
3205 3706 3584 3781 χρηματίζειν,
3626 3700 3729 3755 ἀλλ’

2177 3805 2354 3861 αὐτῶν
2383 3800 2518 3858 εἷναί
2540 3820 2721 3874 φησιν.
2758 3802 3000 3871 Ἐρημον
3028 3799 3083 3852 δέ
3118 3798 3278 3853 αὐτὸν
3311 3794 3531 3849 ἔσεσθαι
3559 3788 3727 3843 θεσπί·

2178 3898 2281 3962 ζει,
2314 3899 2413 3951 οὐκ
2445 3896 2670 3967 ἄλλωςῆ
2700 3892 2918 3963 ὑπὸτῆς
2948 3892 3219 3964 πρότερον
3236 3884 3632 3953 ἐπισκοπούσης
3647 3881 3730 3934 αὑ-

2176 3993 2266 4045 τὸν
2304 3990 2559 4064 προνοίας
2595 3986 3178 4057 καταλειφθησόμενον.
3227 3982 3338 4034 Καὶ
3367 3980 3431 4051 δὴ
3478 3974 3729 4047 θαυμάσαι

2176 4084 2290 4137 ἔστι
2338 4083 2431 4136 τοῦ
2483 4081 2642 4151 λόγου
2690 4080 2752 4134 τὸ
2797 4077 3168 4147 ἀποτέλεσμα,
3205 4073 3380 4143 ὁτιδὴ
3419 4070 3537 4141 μηδ’
3565 4068 3729 4122 ἄλλοτε

2179 4175 2398 4228 πώποτε
2435 4173 2703 4245 τοσαύτην
2742 4171 3031 4241 ὑπέμεινεν
3065 4165 3301 4239 ἐρημίαν
3344 4165 3373 4215 ὁ
3415 4163 3603 4223 τόπος,
3637 4154 3729 4209 οὐδ’

2177 4269 2265 4321 ὅτε
2299 4262 2389 4320 διὰ
2438 4266 2537 4329 τὰς
2581 4262 3027 4336 ὑπερϐαλλούσας
3082 4256 3261 4313 αὐτῶν
3298 4252 3610 4313 δυσσεϐείας
3651 4246 3732 4299 καὶ

2178 4356 2640 4427 εἰδωλολατρείας,
2683 4355 2778 4418 τάς
2811 4370 2869 4406 τε
2899 4350 3044 4406 κατὰ
3068 4350 3174 4402 τῶν
3209 4345 3504 4419 προφητῶν
3540 4351 3727 4414 μιαιφοο

2177 4450 2315 4513 νίας,
2351 4448 2454 4501 ὑπὸ
2475 4447 2753 4501 Βαϐυλῶνι
2780 4446 2914 4515 ἥλω·
2946 4440 3444 4514 ὲϐδομηκονταετὴς
3467 4432 3619 4502 γάρὸ
3636 4428 3729 4488 πᾶς

503 4541 764 4594 solitudo.
793 4542 972 4607 Quare
1004 4557 1069 4594 ne
1106 4541 1345 4595 fataliter
1370 4539 1586 4609 quidem
1622 4547 1753 4590 tunc
1777 4537 1843 4590 iis
1867 4536 2068 4591 dictum

2178 4540 2275 4611 τῆς
2304 4538 2637 4611 ἐρημώσεως
2671 4537 2764 4591 τοῦ
2794 4537 2965 4590 τόπου
2987 4534 3172 4605 χρόνος
3205 4526 3321 4581 κατ’
3360 4523 3594 4583 ἐκείνους
3624 4519 3727 4617 ἐγε-

506 4630 629 4695 fuit,
666 4629 1004 4701 Relinquitur
1030 4633 1171 4685 vobis
1199 4632 1383 4684 domus
1416 4640 1587 4682 vestra
1619 4628 1824 4681 deserta
1856 4643 1872 4680 :
1902 4642 2075 4696 neque

502 4725 647 4779 enim
699 4725 955 4779 derelicta
988 4763 1003 4789 ,
1055 4726 1164 4778 imo
1214 4723 1579 4778 visitationem
1634 4720 1893 4791 Opiferam
1928 4721 2071 4775 haud

507 4814 674 4868 multo
711 4824 830 4885 post
855 4826 1081 4883 experta
1111 4823 1213 4877 est,
1250 4827 1357 4881 quo
1385 4822 1627 4878 tempore
1651 4809 2072 4878 splendidiorem

506 4906 684 4974 priore
706 4916 846 4960 statu
882 4906 1324 4961 instaurationem
1365 4903 1696 4971 impetravit,
1746 4903 1817 4957 ita
1854 4914 1911 4958 ut
1938 4920 2074 4975 pra:-

506 4996 983 5066 dixeritpropbeta
1020 4996 1284 5064 quidam,
1337 5003 1664 5064 postremam
1692 4994 1884 5049 domus
1919 4994 2077 5061 bnjus

505 5089 733 5158 gloriam
782 5089 966 5159 priore
1013 5086 1362 5141 illustriorem
1411 5083 1529 5139 fore
1580 5085 1643 5138 ¹¹.
1696 5085 2074 5139 Verumtamen

506 5190 628 5247 post
661 5179 970 5235 Servatoris
1004 5178 1175 5233 nostri
1208 5176 1450 5240 effatum,
1479 5186 1814 5247 quantopere
1832 5174 2076 5230 derelicti

502 5273 671 5331 Judaei
705 5274 929 5339 fuerint,
978 5283 1345 5342 quantamque
1391 5273 1443 5326 in
1492 5272 1839 5326 solitudinem
1890 5269 2079 5322 domus

506 5382 696 5420 eorum
739 5369 993 5431 venerit,
1029 5367 1093 5419 iis
1131 5366 1345 5434 quidem
1385 5366 1475 5433 qui
1512 5364 1630 5419 loca
1672 5362 1763 5417 illa
1822 5362 2074 5425 lustrant,

505 5459 644 5513 visio
674 5458 785 5527 ipsa
825 5467 879 5513 et
911 5466 988 5512 tot
1019 5471 1283 5511 annorum
1313 5454 1648 5509 diuturnitas
1673 5450 1878 5504 oraculi
1913 5462 2075 5502 even-

508 5559 622 5601 tum
671 5554 1007 5604 demonstrat
1058 5564 1072 5603 :
1117 5548 1318 5603 etenim
1371 5558 1581 5616 tempus
1633 5562 1737 5599 non
1797 5542 1957 5611 duplo
1989 5556 2074 5595 so-

506 5641 649 5707 lum,
699 5657 861 5711 quam
904 5638 1376 5709 septuagenarium
1422 5625 1773 5691 desolationis
1826 5635 1925 5689 sub
1974 5631 2077 5685 Ba-

579 5757 622 5786 ¹⁰
648 5755 836 5809 Matth.
860 5770 1018 5814 nm.
1040 5751 1229 5806 57-58.
1276 5750 1286 5819 |
1325 5750 1364 5781 ¹¹
1391 5753 1523 5819 Agg.
1548 5765 1610 5811 tt,
1645 5748 1733 5803 ιο.

2178 4607 2351 4701 νήθη.-
2388 4607 2479 4681 die
2529 4628 2629 4681 οὐκ
2671 4626 2737 4680 ἂν
2790 4626 2995 4697 κυρίως
3032 4618 3226 4691 ἐλέχθη
3270 4616 3454 4677 αὐτοῖς
3492 4612 3604 4665 τότε
3658 4607 3726 4668 τὸ,

2193 4722 2451 4789 Ἀξςίεται
2473 4720 2614 4790 ὑμῖν
2637 4724 2667 4775 ό
2685 4716 2844 4785 οἶκος
2865 4716 3035 4786 ὑμῶν
3053 4714 3288 4781 ἐρημοςο
3317 4709 3379 4761 οὐ
3411 4702 3724 4777 γάρᾶφείθη’

2180 4815 2336 4885 ἔτυχε
2382 4816 2439 4869 δὲ
2482 4815 2790 4885 ἐπισκοπῆς
2832 4814 2947 4883 μετ’
2978 4811 3037 4863 οὐ
3076 4808 3244 4860 πολὺν
3285 4803 3493 4875 χρόνον,
3535 4790 3727 4885 καθίᾼόν

2180 4905 2529 4968 ἀνανεώσεως
2578 4904 2819 4977 μείζονος
2862 4903 2894 4973 ἢ
2929 4900 3070 4954 κατὰ
3106 4896 3204 4966 τὴν
3231 4892 3500 4965 προτέραν
3523 4882 3727 4977 tanta.

2182 4998 2257 5060 ὡς
2294 4996 2552 5069 προεῖπον
2585 5011 2728 5057 τινες
2765 4993 2871 5045 τῶν
2902 4987 3217 5060 προφητῶν,
3248 4986 3329 5037 ὅτι
3378 4983 3443 5049 δὴ
3468 4982 3667 5034 Ἔσται
3696 4970 3727 5035 ὴ

2182 5088 2330 5152 δόξα
2356 5087 2461 5141 τοῦ
2494 5087 2662 5139 οἴκου
2686 5086 2899 5137 τούτου
2942 5082 2980 5147 ἡ
3028 5076 3254 5148 ἐσχάτη
3295 5073 3445 5140 ὑπὲρ
3476 5069 3584 5136 τὴν
3608 5077 3728 5129 προ·

2184 5178 2381 5247 τέραν.
2413 5178 2569 5231 Μετά
2596 5178 2653 5230 δέ
2683 5177 2779 5249 τὴν
2795 5174 2887 5227 τοῦ
2920 5172 3169 5241 Σωτῆρος
3197 5166 3350 5237 ὑμῶν
3376 5161 3571 5233 φωνὴν,
3602 5158 3728 5213 ὅπως

2186 5271 2507 5341 ἀφείθησαν,
2557 5272 2584 5323 ὅ
2630 5286 2688 5322 τε
2732 5265 2875 5329 οἶκος
2914 5262 3091 5318 αὐτῶν
3141 5264 3221 5341 είς
3263 5259 3489 5329 ἔσχατον
3496 5246 3728 5341 ἐρημίας

2183 5362 2370 5432 ἤλασε,
2407 5365 2517 5424 τοῖς
2569 5363 2647 5423 εἰς
2686 5360 2809 5421 τοὺς
2842 5357 3040 5417 τόπους
3086 5332 3581 5423 ἀφικνουμένοις⁹ή
3622 5336 3725 5432 (νέαις

2182 5425 2317 5524 αὐτὴ
2351 5453 2444 5506 τοῦ
2470 5453 2627 5519 λόγου
2663 5449 2860 5520 μᾶλλον
2899 5447 3134 5500 δείκνυσι
3161 5444 3224 5497 τὸ
3253 5437 3619 5524 ἀποτέλεσμα’
3646 5425 3725 5524 καὶ

2181 5548 2207 5598 ὀ
2257 5515 2445 5616 χρόνος
2489 5515 2553 5595 δὲ-
2597 5515 2859 5611 πολυετὴς
2906 5536 3143 5608 γεγονὼς
3186 5535 3281 5588 καὶ
3310 5529 3532 5603 μακρὸς,
3662 5515 3725 5585 μὴ

2186 5611 2345 5704 μόνον
2388 5634 2706 5689 διπλασίονα
2744 5629 2881 5685 εἶναι
2928 5630 3023 5700 τῆς
3065 5611 3728 5696 ἐϐδομηκονταετοῦς’ὲρτιν

580 5849 692 5914 (70)
750 5849 829 5903 Ab
880 5848 978 5901 hoc
1034 5861 1192 5900 sensu
1233 5843 1489 5897 recedunt
1520 5840 1700 5906 verba,
1735 5840 1838 5893 and
1865 5842 2039 5893 other:
2076 5837 2194 5905 they
2222 5830 2540 5903 pmsecnted.
