4008 6514
309 399 412 454 655

1647 398 1735 452 DE
1773 387 2270 455 TllEOPl—iANlAﬁ

3451 415 3557 470 διο

313 515 458 585 μίας,
499 515 599 586 τῆς
635 516 726 568 ὲπί⁵
765 515 1041 569 Βαϐυλῶνι
1074 517 1466 586 γεγενημένης,
1503 515 1638 569 ἀλλὰ
1679 517 1772 568 καὶ
1801 532 1858 568 τε

1990 515 2182 587 bylone
2236 522 2470 589 spatium
2507 561 2522 588 ,
2583 524 2674 577 sed
2744 523 3044 593 quadruplo
3109 524 3273 579 etiam
3336 526 3552 593 majus,

308 605 676 676 τραπλασίονα
729 605 1075 678 ὑπερϐαίνειν
1128 607 1225 678 τήν
1277 606 1369 660 τοῦ
1426 607 1678 677 Σωτῆρος
1731 605 1884 676 ήμῶν

309 698 584 767 ἀπόφασιν
605 697 906 751 πιστοῦται.

380 790 492 844 Καὶ
536 789 649 860 (Ἠ)
676 791 756 842 ὅτι
790 789 888 860 μὲν
904 789 1192 855 ἀξιοθέατοι
1228 785 1294 860 ἧν
1323 791 1502 844 πάντα
1529 788 1595 841 τὰ
1624 789 1723 858 τῆς
1741 789 1884 841 οἰκο-

307 882 499 952 δομῆς,
527 882 596 936 τά
627 898 685 934 τε
717 885 816 952 τῆς
844 882 1006 952 ἄλλης
1036 883 1377 952 κατασκευῆς
1416 881 1510 934 τοῦ
1543 879 1732 933 αὐτόθι
1755 878 1879 942 νεὼ,

307 976 556 1045 δηλοῦσιν
583 979 640 1028 αἰ
667 976 916 1048 ἱστορίαι·
941 975 1229 1044 δείγματος
1259 973 1316 1026 δὲ
1345 973 1504 1044 χάριν
1527 973 1694 1025 εἰσέτι
1724 971 1881 1040 δεῦρο

306 1069 533 1137 λείψανά
557 1085 676 1122 τινα
708 1068 1070 1138 πεφύλακται,
1093 1067 1161 1120 δι’
1184 1059 1258 1118 ὧν
1283 1065 1349 1118 τὰ
1381 1066 1501 1135 ἴχνη
1526 1064 1877 1134 καταλαμϐά-

304 1178 452 1214 νεται
482 1160 590 1213 τῶν
609 1161 774 1215 πάλαι
807 1159 1362 1230 κατασκευασμάτων.
1393 1159 1617 1214 Παντων
1647 1157 1703 1210 δὲ
1743 1157 1875 1210 Θαυν

306 1252 622 1322 μασιωτέρα
653 1251 909 1322 τυγχάνει
945 1252 976 1320 ή
1021 1249 1174 1321 Θεῖκὴ
1192 1249 1358 1321 φωνὴ
1384 1249 1482 1319 τῆς
1510 1248 1602 1301 τοῦ
1632 1249 1877 1320 Σωτῆρος

301 1345 461 1416 ἡμῶν
497 1344 851 1416 προγνώσεως
870 1362 883 1375 ’
915 1345 1034 1399 Ὅτι
1064 1345 1161 1416 μὲν
1185 1344 1329 1415 ἀμφί
1354 1343 1416 1396 τὸ
1445 1343 1591 1414 ἱερὸν
1610 1343 1873 1406 ἐϐάδιζεν,

299 1441 348 1489 οἰ
369 1437 413 1489 δ’
443 1436 607 1490 αὐτοῦ
634 1437 892 1509 μαθηταὶ,
915 1436 1007 1490 τοῦ
1041 1437 1328 1508 περιϐόλου
1356 1435 1456 1497 τὰς
1471 1434 1758 1506 οἰκοδομὰς
1785 1436 1876 1488 air

297 1528 392 1582 τοῦ
411 1547 471 1583 τε
497 1529 591 1582 τοῦ
619 1528 764 1601 ἱεροῦ
795 1529 855 1582 τὺ
882 1528 1108 1598 μέγεθος
1141 1530 1234 1583 καὶ
1265 1527 1328 1582 τὸ
1360 1528 1554 1593 κάλλος
1599 1527 1871 1589 ὑπερθαυ-

265 1601 276 1608 ’
299 1618 582 1688 μάζοντες,
613 1619 880 1672 ἐδείκνυον
905 1619 1070 1689 αὐτῷ.
1115 1619 1173 1671 '0
1191 1619 1247 1672 δὲ
1277 1619 1620 1690 καταλλήλως
1637 1621 1749 1680 τοῖς
1774 1617 1872 1680 τάς

294 1712 585 1782 οἰκοδομάς
629 1711 1098 1782 ἐκπεπληγμένοις
1141 1712 1474 1783 ἀπεφήνατο,
1511 1713 1567 1764 ὲν
1610 1707 1689 1775 οἷς
1715 1710 1872 1764 ἐθαυ-

297 1804 552 1874 μάζοντο,
588 1802 704 1867 πῶς
724 1803 785 1856 οὐ
823 1803 897 1874 μή
929 1803 1085 1877 μείνῃ
1115 1802 1260 1867 λίθος
1282 1804 1374 1856 ὲπί
1399 1802 1543 1856 λίθον
1575 1803 1871 1872 άκαθαίρε-

291 1912 382 1956 τος
403 1912 416 1924 °
457 1895 565 1948 δεῖν
594 1893 703 1965 γὰρ
737 1895 826 1948 διὰ
851 1894 919 1948 τὰ
960 1894 1407 1966 τολμηθησόμενα
1445 1897 1557 1959 τοῖς
1587 1896 1866 1966 οἰκήτορσι

293 1987 534 2056 παντελῆ
574 1986 778 2061 φθοράν
810 1988 904 2040 καὶ
949 1988 1182 2058 ἐρημίαν
1222 1987 1313 2041 τὸν
1367 1986 1530 2040 τόπον
1557 1987 1863 2057 ὑπομεῖναι,

292 2079 387 2132 an
417 2078 481 2149 δὴ
505 2079 714 2131 ἀσεϐῶν
743 2079 953 2152 ἀνδρῶν
985 2081 1271 2152 γενόμενον
1301 2080 1632 2152 οἰκητήριον.
1678 2080 1864 2142 Ὅπως

288 2168 345 2222 δὲ
377 2170 448 2222 τά
478 2170 578 2239 τῆς
614 2173 969 2244 προρρήσεως
1001 2175 1080 2236 εἰς
1105 2173 1242 2244 ἔργα
1280 2171 1862 2246 προκεχωρηκενζ⁷ὄ⁸τε

289 2264 400 2328 πᾶς
435 2263 568 2326 νεὼς
594 2265 684 2316 καὶ
722 2267 750 2318 ὁ
788 2265 1089 2337 περίϐολος,
1115 2266 1183 2318 τά
1211 2283 1269 2319 τε
1299 2268 1366 2320 ἐν’
1390 2266 1538 2338 αὐτῷ
1569 2267 1738 2339 σεμνὰ
1771 2269 1863 2321 καὶ

288 2355 595 2425 περικαλλῆ
635 2355 920 2427 ἱδρύματα,
956 2357 1132 2410 πάντα
1148 2357 1302 2425 λόγον
1342 2357 1718 2411 καλύπτουσαν
1748 2358 1859 2428 (72)

286 2444 524 2515 ἐρημίαν
556 2444 614 2509 ἐξ
639 2445 844 2498 ἐκείνου
870 2445 962 2498 καὶ
999 2448 1079 2509 εἰς
1098 2446 1255 2517 δεῦρο
1288 2447 1598 2518 ὑπέμεινεν⁹
1629 2446 1783 2513 αὔξει
1802 2465 1860 2500 τε

288 2537 430 2589 κατά
456 2537 699 2610 χρόνους,
742 2539 836 2591 καὶ
875 2539 1187 2609 ἐπινέμεται
1223 2541 1256 2610 ή
1286 2539 1380 2592 τοῦ
1413 2540 1570 2609 λόγου
1610 2541 1856 2613 δύναμις,

286 2629 362 2691 ὡς
395 2629 531 2700 μηδὲ
569 2629 711 2700 ἴχνος
739 2629 1002 2701 θεμελίων
1040 2631 1097 2684 ἔν
1135 2649 1243 2685 τισι
1275 2632 1556 2701 φαίνεσθαι
1588 2634 1793 2698 τόποις,
1829 2635 1858 2687 ὃ

286 2721 464 2787 ἔξεστι
499 2721 575 2791 τῷ
615 2722 921 2793 βουλομένῳ
962 2724 1408 2795 παραλαμϐάνειν
1445 2726 1757 2798 ὀφθαλμοῖς.
1795 2729 1856 2781 Εἰ

283 2813 340 2866 δὲ
374 2815 511 2884 φαίη
539 2831 624 2878 τις
654 2814 793 2886 μέρη
829 2815 949 2868 τινὰ
977 2815 1058 2869 ἔτι
1093 2819 1432 2882 συνεστάναι,
1458 2819 1592 2872 ἀλλὰ
1619 2822 1711 2874 καὶ
1738 2822 1858 2874 τού-

283 2923 396 2958 των
442 2906 548 2978 χρὴ
583 2908 885 2980 προσδοκᾷν
923 2909 1012 2962 τὸν
1050 2909 1391 2980 ἀφανισμὸν,
1436 2912 1704 2983 ὁσημέραι
1759 2916 1856 2984 τῆς

283 2999 522 3069 ἐρημίας
569 2999 856 3071 αὐξούσης,
914 3001 1006 3054 καὶ⁴
1052 3001 1152 3070 τῆς
1181 3003 1476 3074 εἰρημένης
1502 3005 1854 3075 προρρήσεως

281 3090 581 3162 ἀπορρήτῳ
606 3091 830 3162 δυνάμει
879 3094 1048 3146 εἰσαεὶ
1074 3093 1420 3165 ἐνεργούσης.
1452 3090 1583 3148 Οἶδα
1613 3095 1666 3148 δέ
1697 3113 1855 3148 τινων

281 3180 524 3244 ἀκούσας
575 3183 1024 3254 ὲρμηνευσάντων
1085 3185 1184 3255 τὴν
1237 3185 1640 3257 προειρημένην
1671 3187 1853 3258 φωνὴν
1881 3212 1924 3270 C

283 3271 535 3336 ἑτέρως’
572 3273 646 3344 μή
685 3274 795 3347 γὰρ
837 3276 965 3347 περὶ
1009 3275 1224 3330 πάντων
1255 3277 1362 3330 τῶν
1407 3278 1853 3349 οἰκοδομημάτων

283 3357 552 3427 εἰρῆσθαι,
585 3365 718 3419 ἀλλὰ
753 3367 881 3439 περί
922 3385 1065 3433 τινος
1106 3369 1320 3440 μέρους,
1356 3368 1385 3422 ὃ
1433 3369 1498 3441 δὴ
1526 3371 1574 3422 οἱ
1616 3369 1854 3440 μαθηταὶ

280 3445 449 3503 αὑτοῦ
480 3452 848 3528 Θαυμάζοντες
880 3460 1429 3533 ἐπεδείκνυον-αὐτῷ·
1479 3463 1618 3518 κατ’.
1644 3463 1852 3518 ἐκείνου

281 3541 394 3614 γὰρ
428 3541 797 3619 ἐξενηνοχέναι
817 3553 977 3605 αὑτὸν
1009 3553 1106 3625 τὴν
1133 3555 1456 3627 πρόρρησιν.

1022 3709 1104 3762 H'.

378 3770 468 3844 73)
486 3773 644 3827 Ἰδὼν
663 3775 777 3844 τὴν
797 3780 998 3844 πόλιν,
1013 3780 1317 3834 ἔκλαυσεν
1340 3780 1430 3832 ἐπ’
1447 3779 1620 3848 αὐτῇ,
1638 3780 1850 3850 λέγων,

273 3863 390 3930 ὅτι,
424 3867 492 3918 Εἰ
517 3863 707 3935 ἔγνως
744 3868 843 3922 καὶ
872 3869 977 3934 σὺ,
1010 3871 1112 3925 καί
1140 3887 1205 3940 γε
1237 3872 1306 3924 ἐν
1339 3870 1410 3938 τῇ
1443 3871 1633 3940 ἡμέρᾳ
1667 3873 1851 3940 ταύτῃ

275 3957 349 4010 τὰ
374 3956 524 4025 πρὸς
548 3954 797 4025 εἰρήνην
819 3975 949 4013 σοι·
981 3958 1096 4014 νῦν
1128 3957 1196 4013 δὲ
1231 3962 1448 4029 ἐκρύϐη
1478 3960 1596 4016 ἀπὸ
1631 3963 1852 4030 ὀφθαλ-

271 4045 404 4116 μῶν
431 4062 566 4102 σου.
600 4049 726 4102 Ὂτι
758 4048 1020 4116 ἥξουσιν
1051 4047 1260 4120 ἡμέραι
1292 4051 1389 4104 ἐπὶ
1423 4050 1518 4114 σὲ,
1555 4051 1650 4105 καὶ
1690 4065 1851 4120 περι-

269 4137 670 4192 κυκλώσουσί
697 4155 770 4194 σε
793 4143 846 4193 oi
873 4140 1074 4208 ἐχθροί
1106 4158 1226 4204 σοι,
1271 4143 1369 4194 καὶ
1417 4143 1753 4207 συνέξουσί
1778 4159 1852 4196 σε

271 4227 594 4293 πάντοθεν,
624 4229 722 4282 καὶ
751 4228 1071 4299 ἐδαφιοῦσι
1101 4246 1174 4283 σε
1204 4230 1300 4283 καί
1333 4229 1405 4284 τὰ
1433 4230 1611 4284 τέκνα
1637 4246 1752 4284 σου
1783 4230 1853 4284 ἐν

213 4364 224 4388 ,
273 4323 392 4370 σοι.
441 4320 544 4393 [Τὰ
581 4321 680 4392 μὲν
717 4322 1088 4393 προλεγόμενα
1129 4322 1256 4393 περι⁹
1286 4321 1380 4375 τοῦ
1406 4321 1534 4376 ναοῦ
1559 4317 1626 4392 ἦν
1717 4321 1849 4375 ταῦ-

272 4427 346 4463 τα
377 4409 434 4462 δὲ
469 4414 595 4477 περὶ
629 4415 726 4484 τῆς
768 4416 976 4478 πόλεως
1021 4413 1188 4484 αὐτῆς
1226 4413 1560 4478 ὲΟεσπίζετο,
1605 4415 1671 4485 ἣν
1717 4413 1854 4468 Θεοῦ

1987 621 2107 678 post
2124 611 2430 669 Servatoris
2454 617 2624 670 nostri
2645 618 2970 672 sententiam
2995 615 3190 685 fuisse,
3212 618 3552 690 exploratqu

1983 711 2086 756 est.

2054 792 2121 846 Et
2143 795 2284 862 quod
2325 796 2541 865 quidem
2572 797 2688 850 visu
2715 799 2992 854 mirabiles
3022 809 3204 856 essent
3236 799 3553 857 aediﬁcatio-

1984 899 2118 952 nes,
2164 888 2451 957 omnisque
2491 889 2732 958 reliquus
2773 889 2953 958 templi
3009 891 3155 945 illius
3213 903 3549 961 apparatus,

1983 975 2220 1032 historiae
2249 980 2653 1034 demonstrant.
2675 980 2860 1035 indicii
2898 992 3074 1036 autem
3110 984 3311 1050 gratia,
3343 983 3550 1052 aliquot

1980 1066 2159 1122 adhuc
2182 1068 2420 1138 reliquim
2444 1082 2858 1136 conservantur,
2889 1087 2953 1125 ex
2985 1072 3180 1141 quibus
3197 1083 3432 1127 veterum
3459 1089 3548 1128 or-

1979 1168 2357 1213 namentorum
2397 1162 2618 1230 vestigia
2664 1174 2986 1218 noscuntur.
3023 1161 3126 1218 Sed
3165 1179 3274 1232 prae
3295 1165 3548 1218 omnibus

1978 1250 2249 1305 mirabilis
2299 1261 2380 1306 est
2425 1253 2782 1308 vaticinantis
2822 1253 2996 1308 nostri
3031 1253 3336 1308 Servateris
3365 1253 3545 1309 divina

1976 1352 2102 1393 vox.
2128 1339 2262 1394 Nam
2299 1357 2422 1396 cum
2464 1342 2578 1412 ipse
2613 1343 2758 1399 circa
2789 1344 3048 1411 templum
3078 1343 3400 1410 auibularet,
3429 1345 3554 1414 ejus

1976 1438 2154 1484 autem
2185 1433 2434 1502 discipuli
2473 1436 2613 1503 septi
2658 1435 2884 1490 aedilicia
2916 1447 2971 1490 et
3008 1436 3178 1505 ipsius
3205 1436 3388 1506 templi
3415 1435 3546 1492 'ma-

1973 1521 2310 1590 gnitudinem
2338 1534 2501 1594 atque
2526 1524 2866 1595 splendorem
2899 1542 3228 1596 magnopere
3274 1527 3548 1582 admiran-

1975 1622 2056 1668 tes
2090 1613 2572 1682 demonstrarent,
2628 1618 2865 1673 vicissim
2920 1621 3031 1688 ipse
3075 1621 3142 1674 iis
3192 1623 3283 1692 qui
3317 1621 3542 1679 mdilleia

1972 1706 2670 1776 suspiciebantallirmavit,
2703 1713 2756 1766 in
2796 1714 2882 1768 bis
2908 1729 3144 1783 quorum
3188 1716 3287 1786 ipsi
3320 1727 3543 1787 stupore

1974 1795 2297 1858 tenebantur
2353 1814 2457 1852 non
2508 1815 2882 1858 remansurum
2936 1803 3377 1874 lapidemsupra
3410 1805 3550 1875 lapi-

1921 1885 1942 1907 "
1974 1885 2119 1950 dem,
2146 1888 2276 1955 quin
2303 1891 2485 1944 omnia
2521 1893 2951 1950 destruereutur.
2989 1896 3199 1950 Etenim
3231 1897 3543 1951 necessario

1976 1976 2112 2040 fore,
2146 1989 2204 2032 ut
2243 1994 2466 2050 propter
2497 1983 2865 2038 habitatorum
2922 1986 3189 2050 facinora,
3232 1989 3542 2043 universale

1973 2070 2194 2124 exitium
2221 2088 2284 2128 ac
2326 2077 2636 2130 vastitatem
2672 2079 2716 2131 is
2755 2078 2906 2134 locus
2949 2091 3253 2148 pateretur,
3287 2085 3412 2152 quia
3440 2084 3542 2136 im-

1971 2176 2185 2229 piorum
2247 2165 2528 2221 hominum
2577 2181 2829 2225 evaserat
2881 2172 3273 2229 habitaculum.
3330 2176 3537 2229 Revera

1970 2270 2089 2308 cum
2136 2265 2340 2312 exitum
2393 2269 2549 2314 nacta
2599 2270 2680 2315 est
2731 2264 3032 2331 prmdictio,
3071 2273 3243 2319 totum
3278 2267 3540 2336 templum

1968 2362 2090 2402 cum
2129 2361 2284 2419 septo
2309 2367 2427 2410 Stto.
2453 2367 2506 2405 et
2532 2355 2742 2408 citantis
2769 2355 2874 2410 illis
2913 2357 3208 2425 splendidis
3253 2368 3414 2426 atque
3451 2375 3544 2413 or-
3586 2411 3605 2426 ,

1970 2443 2274 2497 natissimis
2297 2445 2566 2508 a'tliﬁciis,
2623 2447 2954 2502 inellubilcm
3003 2449 3150 2505 dictu
3203 2451 3538 2516 vastitatem,

1966 2547 2030 2586 ex
2060 2548 2124 2587 eo
2162 2543 2403 2604 tempore
2427 2551 2490 2591 ac
2523 2537 2774 2606 deinceps
2798 2549 3077 2608 expertum
3116 2551 3199 2596 est
3227 2558 3241 2594 :
3269 2557 3389 2610 quae
3430 2541 3544 2596 imo

1967 2639 2062 2694 per
2086 2635 2327 2694 tempora
2355 2628 2668 2694 augebitur,
2713 2629 3044 2698 deposcente
3092 2631 3269 2686 locum
3296 2632 3540 2688 vaticinii

1967 2719 2228 2784 potentia,
2274 2727 2330 2772 ut
2372 2716 2484 2787 jam
2525 2732 2591 2772 ne
2631 2721 2854 2790 vestigia
2894 2722 3114 2790 quidem
3157 2723 3544 2779 fundamento-

1965 2823 2083 2861 rum
2115 2809 2312 2863 alicubi
2341 2822 2660 2879 appareant.
2687 2812 2739 2864 id
2759 2814 2903 2880 quod
2941 2813 3139 2868 volenti
3165 2814 3384 2870 cuilibet
3410 2831 3536 2886 spe-

1964 2911 2112 2956 ctare
2149 2916 2332 2955 coram
2376 2901 2582 2958 licebit.
2607 2902 2767 2970 Quod
2802 2906 2844 2959 si
2875 2905 2996 2972 quis
3027 2907 3195 2969 dicat,
3232 2919 3414 2976 partes
3436 2906 3539 2962 ali-

1963 3003 2093 3061 quot
2134 2994 2312 3048 adhuc
2353 2993 2688 3060 subsistere,
2738 2995 2836 3050 has
2901 3011 3116 3066 quoque
3167 2998 3306 3052 idem
3356 3010 3537 3055 manet

1962 3084 2208 3150 exitium,
2238 3098 2528 3141 crescente
2562 3088 2802 3155 quotidie
2826 3088 3138 3152 solitudine,
3175 3090 3416 3160 dictique
3441 3106 3537 3146 va-

1964 3177 2132 3230 ticinii
2155 3177 2456 3232 insensibili
2483 3179 2532 3232 vi
2559 3193 2774 3248 semper
2801 3190 3046 3249 urgente.
3074 3180 3292 3235 Memini
3320 3197 3538 3251 quoque

1959 3284 2044 3323 me
2064 3272 2254 3325 audire
2284 3271 2556 3340 quosdam
2595 3271 2912 3338 praedictum
2943 3273 3225 3328 oraculum
3257 3273 3419 3329 aliter
3447 3274 3529 3330 in-

1958 3369 2354 3430 terpretantes;
2385 3362 2594 3418 scilicet
2631 3378 2736 3417 non
2770 3363 2836 3417 de
2877 3371 2990 3417 toto
3021 3363 3253 3418 a'dil‘tcio
3275 3363 3535 3419 Servato-

1957 3468 2071 3508 rem
2095 3469 2217 3510 esse
2243 3453 2506 3519 locutum.
2538 3455 2632 3511 sed
2657 3455 2724 3510 de
2755 3454 2842 3509 illa
2868 3464 3044 3523 parte,
3081 3470 3242 3524 quam
3275 3457 3323 3510 ei
3366 3456 3534 3512 disci-

1955 3546 2065 3614 puli
2094 3546 2402 3600 mirabundi
2439 3547 2838 3613 ostendebant;
2869 3548 2935 3600 de
2970 3547 3070 3600 huc
3097 3546 3352 3601 nimirum
3381 3558 3536 3617 parte

1956 3637 2234 3693 Christum
2259 3638 2596 3707 praedixisse.
2678 3708 2717 3718 ν

2031 3775 2227 3832 Videns
2263 3777 2543 3842 civitatem,
2561 3706 2874 3845 munitm
2899 3777 3044 3831 illam
3069 3775 3286 3833 dicens:
3319 3778 3456 3843 Quia
3487 3780 3534 3834 si

1956 3871 2283 3938 coguovisses
2315 3879 2362 3922 et
2394 3880 2474 3934 tu,
2511 3879 2559 3922 et
2588 3871 2798 3939 quidem
2824 3870 2921 3924 hac
2959 3870 3063 3932 die,
3096 3885 3214 3937 quae
3245 3871 3319 3922 ad
3351 3887 3533 3938 pacem

1956 3962 2086 4026 tibi;
2111 3978 2248 4014 nunc
2273 3971 2447 4014 autem
2473 3961 2778 4015 abscondita
2807 3971 2928 4014 sunt
2958 3961 3022 4013 ab
3047 3961 3211 4015 oculis
3237 3962 3364 4014 tuis.
3394 3961 3534 4024 Quia

1955 4056 2064 4110 dies
2087 4056 2180 4108 tibi
2199 4054 2782 4122 supervenient,quibus
2806 4053 3006 4107 inimici
3035 4055 3112 4106 lui
3135 4053 3533 4107 circumd'abuut

1957 4156 2025 4210 te,
2057 4157 2105 4201 et
2131 4148 2544 4216 coaugustabunt
2587 4156 2636 4200 te
2679 4149 2912 4216 undique
2935 4187 2949 4210 ,
2987 4156 3036 4200 et
3067 4147 3136 4198 ad
3179 4156 3374 4213 terram
3410 4161 3533 4214 pro-

1957 4247 2187 4290 slcrueul
2235 4247 2303 4299 te,
2335 4245 2382 4289 et
2420 4235 2558 4303 ﬁlios
2592 4238 2681 4302 qui
2718 4239 2771 4290 in
2820 4247 2869 4290 te
2922 4246 3042 4290 sunt
3101 4236 3163 4289 ¹².
3214 4233 3533 4307 [Superiora

1956 4330 2172 4399 quidem
2201 4329 2269 4384 de
2311 4328 2510 4398 templo
2542 4329 2798 4398 praedicta
2842 4325 3137 4400 fuerunt;]
3191 4327 3306 4382 huic
3351 4333 3529 4382 autem

1959 4420 2208 4476 Christus
2262 4421 2331 4476 de
2399 4421 2511 4491 ipsa
2565 4419 2696 4474 urbe
2739 4419 3159 4486 vaticinabatur,
3213 4433 3375 4488 quam
3433 4418 3531 4474 Dei

274 4502 432 4556 πόλιν
458 4500 737 4570 ὠνόμαζον
759 4509 808 4552 οἰ
843 4508 1083 4560 Ἰουδαῖοι
1115 4507 1202 4560 διὰ
1231 4507 1320 4559 τὸν
1345 4509 1400 4559 ὲν
1433 4506 1568 4577 αὐτῇ
1594 4506 1688 4559 τοῦ
1715 4507 1850 4560 Θεοῦ

1966 4517 2148 4567 urbem
2180 4513 2526 4582 appellabant
2554 4510 2744 4575 Judaei,
2765 4519 2988 4581 propter
3013 4510 3289 4566 conditum
3330 4509 3408 4565 ibi
3433 4508 3528 4564 Dei

274 4593 562 4666 ἱδρυμένον
604 4590 758 4646 νεὼν.
813 4592 1191 4646 Ἀποκλαίεται
1240 4599 1376 4664 δῆτα
1422 4596 1520 4668 τὴν
1563 4596 1852 4668 σύμπασαν

272 4687 431 4740 πόλιν
458 4687 486 4738 ὁ
510 4683 908 4754 φιλάνθρωπος,
940 4683 1036 4752 οὐχ
1053 4683 1196 4736 οὕτω
1216 4683 1283 4736 τὰ
1298 4682 1702 4758 οἰκοδομήματα
1732 4687 1854 4740 οὐδὲ

227 4793 236 4801 ·
269 4778 538 4846 τοῦδαφος
565 4777 716 4840 αὐτὸ,
748 4773 822 4839 ὡς
854 4775 952 4839 τὰς
985 4775 1161 4847 ψυχὰς
1192 4777 1299 4829 τῶν
1338 4779 1506 4832 πάλαι
1553 4781 1851 4851 οἰκητόρων

271 4873 368 4924 καὶ
413 4870 513 4942 τὴν
559 4868 834 4923 ἀπώλειαν
870 4868 1048 4920 αὐτῶν
1103 4868 1300 4922 ἐλεῶνο
1337 4870 1473 4923 ἀλλὰ
1517 4872 1611 4924 καὶ
1649 4874 1716 4924 τὰ
1752 4874 1851 4943 τῆς

269 4964 511 5033 ἐρημίας
533 4961 708 5016 αὐτῶν
741 4960 1036 5032 παρίστησι
1069 4960 1241 5029 λέγων
1266 4978 1278 4991 ·
1328 4965 1395 5016 Εἰ
1434 4962 1621 5032 ἔγνως
1655 4965 1756 5020 καί
1787 4981 1851 5034 γε

269 5059 354 5111 σὺ
393 5057 465 5109 ἐν
506 5053 580 5124 τῇ
613 5053 800 5124 ἡμέρᾳ
826 5055 1010 5122 ταύτῃ
1045 5055 1117 5106 τὰ
1139 5053 1288 5122 πρῖπς
1315 5053 1562 5123 εἰρήνην
1595 5069 1713 5108 σοι.
1756 5057 1853 5125 Ση-

275 5149 456 5220 μαίνει
493 5148 550 5201 δὲ
581 5147 678 5217 τὴν
712 5145 875 5200 αὐτοῦ
920 5145 1221 5214 παρουσίαν
1253 5146 1337 5198 ἐπ’
1367 5147 1556 5217 εἰρήνῃ
1585 5147 1676 5198 τοῦ
1709 5145 1842 5216 σύμ-

271 5257 476 5303 παντος
525 5240 729 5309 κόσμου
758 5238 1144 5308 γεγενημένην.
1178 5235 1348 5299 Αὐτὸς
1376 5237 1484 5308 γὰρ
1515 5229 1582 5307 ἦν
1630 5240 1757 5310 περί
1790 5228 1850 5291 οὗ

267 5335 514 5404 εἴρηται*
561 5330 867 5386 Ἀνατελεῖ
892 5330 962 5384 ἐν
983 5330 1110 5395 ταῖς
1137 5328 1386 5398 ἡμέραις
1413 5328 1596 5385 αὐτοῦ
1629 5329 1849 5386 δικαιο-

346 5430 391 5458 ¹¹
423 5426 550 5478 Luc.
584 5440 696 5487 xtx,
727 5420 915 5476 H—ﬂ.
995 5421 1036 5452 ¹³
1078 5422 1196 5475 lsai.
1227 5435 1349 5486 xu,
1389 5419 1442 5475 8.

344 5518 458 5589 (ῗί)
496 5517 560 5570 Α.
609 5517 645 5570 l'.
677 5514 802 5569 267.
827 5517 976 5589 fyr.
1026 5531 1098 5589 tv,
1140 5515 1222 5568 l8.
1254 5514 1420 5589 Totus
1456 5515 1544 5589 qui
1605 5518 1849 5589 Sequitur

269 5584 640 5654 Incursusque
679 5589 766 5660 Aad
822 5584 1208 5660 ἐξενηνοχέναι
1236 5585 1416 5660 αὐτὸν-
1449 5585 1544 5655 τὴν
1605 5587 1849 5660 πρόρρη-

271 5675 378 5718 σιν,
434 5660 637 5710 diserte
677 5656 732 5710 in
779 5658 968 5708 codice
1027 5656 1343 5706 inscribitur
1373 5657 1451 5707 sic
1498 5674 1511 5708 :
1549 5656 1847 5712 ΕὐσεΒῖοὺ

268 5725 685 5796 Εὑαγγελικῆς
703 5726 1063 5794 Θεοφανείας
1089 5727 1160 5777 Δ’.
1194 5723 1404 5796 Eusebii
1434 5741 1496 5778 ea:
1517 5725 1846 5796 Evangelica:

273 5795 624 5866 Theophanin:
673 5797 804 5848 hbe
833 5805 1040 5863 quarto.
1074 5795 1233 5864 Atqui
1265 5795 1428 5866 etiam
1451 5795 1842 5866 praecedentem

270 5864 475 5924 locum.
503 5867 608 5921 etsi
647 5868 690 5922 is
731 5867 783 5920 iu
813 5867 998 5921 codice
1029 5868 1238 5920 nonnisi
1262 5864 1459 5918 nudum
1498 5865 1715 5920 Eusebii
1746 5883 1841 5920 no-

1963 4605 2239 4674 templum.
2287 4605 2431 4660 Sane
2468 4603 2708 4659 clemens
2758 4603 3017 4657 Servator
3049 4600 3196 4668 luget
3220 4600 3529 4656 universam

1959 4697 2269 4764 civitatem;
2305 4709 2478 4765 neque
2505 4703 2613 4749 tam
2641 4693 2863 4748 aedilicia
2893 4708 2956 4747 ac
2984 4691 3158 4747 solum
3195 4688 3332 4758 ejus,
3371 4703 3530 4759 quam

1959 4789 2168 4842 animas
2211 4785 2536 4851 incolarum,
2597 4784 2900 4852 horumque
2949 4782 3172 4837 exitium
3221 4780 3530 4834 miseratur.

1959 4881 2094 4936 Tum
2123 4881 2357 4933 futuram
2384 4877 2498 4945 ejus
2530 4875 2874 4932 solitudinem
2914 4879 3264 4944 reprasentat
3303 4870 3487 4925 dicens
3514 4886 3529 4922 :

1960 4973 2025 5028 Si
2061 4971 2384 5041 cognovisse:
2437 4979 2483 5022 et
2525 4979 2580 5020 tu
2618 4971 2703 5022 die
2737 4969 2834 5020 hac
2857 5006 2875 5033 ,
2911 4981 3028 5034 qua:
3057 4965 3129 5018 ad
3184 4976 3363 5030 pacem
3415 4960 3530 5013 tibi.

1960 5063 2284 5131 Signiﬁcans
2315 5061 2565 5114 videlicet
2593 5060 2883 5114 adventum
2925 5070 3080 5110 suum
3117 5055 3373 5108 universo
3413 5050 3532 5106 orbi

1958 5172 2054 5226 per
2085 5169 2144 5209 se
2167 5168 2286 5208 esse
2318 5153 2639 5221 pacilerttm.
2690 5149 2804 5219 Ipse
2843 5147 2986 5200 enim
3016 5153 3100 5200 est
3122 5144 3190 5198 de
3219 5142 3534 5211 quo'exsta-

1957 5246 2050 5300 bat
2088 5243 2390 5307 oraculum,
2419 5242 2536 5311 fore
2570 5251 2623 5294 ut
2648 5241 2700 5292 in
2723 5237 2904 5291 diebus
2931 5233 3046 5302 ejus
3069 5233 3302 5286 oriretur
3330 5229 3532 5291 iustitia

1957 5354 2003 5394 et
2028 5338 2172 5408 pacis
2195 5335 2349 5405 capia
2373 5334 2437 5387 ".
2467 5332 2680 5402 Reapse
2711 5329 2757 5385 is
2797 5334 3019 5381 venerat
3060 5338 3246 5394 pacem
3271 5319 3535 5392 proximis

1959 5535 2081 5575 men
2123 5517 2296 5588 gerit,
2337 5513 2507 5571 nihilo
2551 5522 2729 5588 tamen
2769 5509 2946 5562 minus
2981 5523 3044 5563 ex
3079 5502 3419 5573 Tireopltania
3461 5497 3531 5554 ad

1957 5582 2191 5643 littera'm
2233 5594 2507 5653 sumptum
2541 5582 2798 5653 vidimus.

2025 5658 2143 5724 (72)
2174 5656 2344 5727 Syrus
2359 5644 2497 5721 'legit
2527 5648 2916 5713 καλύπτοντα,,
2945 5644 3233 5716 retulitque
3261 5645 3376 5716 ejus
3406 5655 3517 5695 sen-

1957 5746 2072 5784 sum
2116 5729 2180 5781 ad
2215 5727 2364 5793 prius
2392 5739 2624 5793 comma.

2029 5798 2142 5868 (73)
2174 5785 2308 5852 εδει.
2341 5795 2401 5848 Α.
2445 5793 2484 5846 r.
2521 5790 2646 5844 c260.
2674 5789 2725 5843 ιι.
2761 5788 2883 5860 Syr.
2917 5802 2990 5851 IV,
3032 5785 3110 5839 ιο.
