4008 6516
335 346 438 397 639

1671 367 1760 422 DE
1796 368 2262 428 ΤΗΕΘΡΗΑΝΙᾹ.

3469 379 3575 435 650

333 461 628 559 κήσοντος·
647 466 911 559 ,ἐπιλέγει
955 470 1000 525 δ’
1032 467 1125 529 οῦν
1155 476 1303 548 ἑξῆς,
1334 478 1418 533 ὅτι
1454 484 1882 556 κατοικηθήσετα

2012 487 2263 558 intelligit
2287 488 2692 547 derelictionem
2722 506 2751 547 a
2778 493 2915 559 suis,
2968 505 3032 548 ac
3082 506 3360 548 sacrarum
3390 506 3574 549 rerum

333 553 365 623 ἡ
396 552 575 651 πόλις,
605 557 789 651 eam
814 563 917 614 ὑπὸ
950 565 1237 634 Ἰουδαίων,
1266 570 1377 624 ἀλλ’
1408 552 1711 632 ὑπὸὲθνῶν.
1739 552 1904 651 *Ἐρή-

334 661 509 713 μωσιν
530 645 588 698 δὲ
621 648 789 719 αὐτῆς
816 653 1082 708 ἀποκαλεῖ
1106 658 1166 711 τὸ
1189 662 1384 731 μηκέτι
1413 663 1517 718 ὑπὸ
1536 664 1643 719 τῶν
1666 645 1900 732 οἰκείων,

332 734 466 831 μηδὲ
491 738 632 831 κατὰ
655 740 751 812 τὴν
782 744 1011 815 νόμιμον
1032 748 1284 818 λατρείαν
1315 756 1682 825 συστήσασθαι
1712 760 1899 831 αὐτήν.

333 825 515 891 Ὅπως
539 830 596 883 δὲ
631 832 723 885 καὶ
748 834 920 888 ταῦτα
954 838 1089 911 ὲπλη
1100 841 1274 911 ροῦτο,
1310 846 1459 899 οὐδὲν
1481 847 1561 900 δεῖ
1586 850 1792 903 πόλλων
1819 825 1903 905 λό-

328 933 467 1013 γων·
494 921 726 1013 πάρεστι
756 926 863 999 γὰρ
895 928 984 981 ὑπ’
1010 930 1195 1001 ὕψεσιν
1224 937 1356 1007 όρᾷν
1388 938 1671 1004 Ἰουδαίους
1702 943 1797 1013 μὲν
1823 945 1902 1007 εἰς

328 1008 504 1062 πάντα
539 1011 607 1064 τὰ
640 1012 767 1084 ἔθνη
812 1016 1315 1091 διεσκεδασμένους,
1369 1008 1774 1098 ἀλλοφύλους-δὲ
1806 1036 1901 1087 καὶ

326 1100 632 1197 ἀλλογενεῖς
691 1108 977 1180 οἰκήτορας
1024 1114 1121 1182 τῆς
1169 1117 1334 1172 πάλαι
1384 1121 1482 1190 μὲν
1528 1123 1898 1197 Ἰερουσαλὴμ,

324 1193 421 1245 νῦν
442 1194 488 1246 δ’
512 1196 619 1248 ἀπὸ
640 1198 731 1250 τοῦ
756 1200 1112 1275 πολιορκητοῦ
1132 1208 1310 1262 Αἰλίου
1349 1211 1623 1282 Ἀδριανοῦ
1645 1215 1776 1285 (74⁶)
1807 1193 1901 1270 Ai-

324 1285 441 1350 λίας
474 1295 987 1367 μετωνομασμένης.
1023 1299 1094 1352 Τὸ
1116 1301 1245 1368 γοῦν
1273 1305 1571 1375 παράδοξον
1595 1307 1691 1361 τοῦ
1723 1309 1901 1363 θεσπί-

326 1394 529 1448 σματος
558 1382 705 1435 τοῦτ’
738 1385 805 1439 ἂν
838 1387 944 1458 εἴη,
988 1390 1068 1443 ὅτι
1102 1410 1207 1464 περ
1253 1395 1492 1459 Ἰουδαῖοι
1548 1399 1666 1469 μὲν,
1713 1404 1896 1471 φησὶν.

324 1471 921 1547 αἰχμαλωτισθήσονται
952 1483 1031 1544 είς
1062 1484 1237 1538 πάντα
1264 1487 1330 1539 τὰ
1359 1488 1484 1560 ἔθνη
1506 1507 1519 1520 ·
1548 1492 1673 1561 περὶ
1703 1492 1759 1545 δὲ
1791 1494 1898 1550 τῶν

320 1562 511 1655 ἐθνῶν,
543 1567 637 1619 καὶ
678 1569 1029 1645 Ἰερουσαλὴμ
1055 1576 1204 1631 ἔσται
1232 1583 1539 1655 πατουμένη
1569 1584 1660 1637 ὑπ’
1704 1585 1895 1642 ὲθνῶν.

332 1650 724 1729 Ἐκπληκτικὸν
761 1662 815 1716 δὲ
840 1664 901 1717 τὸ
930 1668 1292 1741 ἀποτέλεσμα,
1317 1672 1370 1725 εἴ
1387 1650 1450 1742 γε
1495 1650 1732 1729 Ἰουδαῖοι
1763 1679 1897 1748 πλη-

318 1747 539 1817 ροῦντες
579 1751 678 1823 τὴν
717 1756 1010 1826 σύμπασαν
1038 1761 1341 1835 ἀνθρώπων
1375 1767 1719 1841 οἰκουμένην,
1754 1747 1894 1823 ὥστε

2008 578 2251 649 legitimo
2284 580 2390 634 ritu
2422 585 2815 650 operandarum
2846 585 3029 639 linem.
3054 582 3209 651 Quod
3238 586 3357 639 hinc
3390 594 3571 639 autem

2008 671 2078 725 ita
2097 687 2155 727 se
2173 672 2483 737 habuerint,
2510 674 2692 728 multis
2708 676 2889 730 verbis
2915 675 3242 732 conﬁrmare
3267 692 3375 731 non
3404 677 3575 731 inter-

2006 769 2109 818 est.
2151 759 2335 816 Palam
2402 762 2604 832 quippe
2644 762 2831 819 videre
2874 773 2958 821 est
3007 763 3216 821 Judzeos
3262 767 3463 836 passim
3518 767 3571 821 in

2006 854 2149 909 omni
2176 863 2336 925 gente
2364 854 2670 925 dispersos,
2697 866 2986 912 extraneos
3024 873 3153 915 vero
3198 867 3362 938 atque
3394 859 3577 914 alieni-

2006 959 2169 1015 genas
2198 946 2402 1001 versari
2433 946 2486 1000 in
2520 946 2673 1011 urbe,
2706 962 2826 1017 quae
2856 947 2985 1003 olim
3016 948 3411 1020 Hierosolyma,
3431 966 3574 1005 nunc

2005 1036 2073 1091 ab
2108 1046 2477 1108 expugnatore
2522 1037 2665 1093 Αειιο
2724 1032 2966 1090 Adriano
3006 1039 3147 1095 Elia
3189 1040 3575 1097 trausl’ormato

2005 1127 2220 1184 nomine
2249 1129 2391 1184 dicta
2414 1139 2517 1185 est.
2571 1132 2711 1200 Ergo
2752 1131 3031 1186 oraculum
3071 1132 3273 1187 idcirco
3311 1133 3370 1187 lit
3406 1135 3575 1189 mira-

2004 1220 2127 1287 bile,
2155 1221 2278 1291 quia
2306 1220 2496 1287 Judaei,
2528 1225 2727 1294 inquit,
2749 1225 2890 1279 inter
2912 1239 3099 1280 omnes
3119 1225 3346 1295 papulos
3375 1226 3571 1296 captivi

2004 1312 2432 1384 dispergentur:
2474 1313 2541 1369 ad
2603 1326 2790 1385 gentes
2824 1327 3008 1371 autem
3064 1332 3209 1386 quoa
3254 1317 3479 1385 attinet,
3518 1326 3574 1370 et

2002 1403 2402 1476 Hierosolyma,
2470 1405 2666 1475 inquit,
2727 1407 3070 1462 ethnicorum
3128 1408 3262 1477 pede
3308 1415 3571 1463 terentur.

2000 1497 2281 1553 Terribilis
2309 1513 2441 1553 sane
2465 1501 2723 1554 eventus!
2762 1500 3199 1571 quandoquidem
3230 1494 3433 1569 Judaei,
3479 1502 3574 1571 qui

2000 1590 2312 1645 universum
2352 1600 2617 1647 terrarum
2655 1592 2843 1648 orbem
2890 1601 3181 1663 occupant,
3229 1581 3391 1663 atqu‘e
3431 1592 3576 1647 inter

1998 1679 2282 1751 Ethiopes
2344 1691 2399 1738 et
2454 1682 2689 1755 Scythas
2735 1699 2903 1755 usque
2958 1685 3024 1739 ad
3091 1684 3280 1739 mundi
3338 1682 3572 1745 conﬁnia

1997 1773 2220 1843 degunt,
2266 1774 2331 1830 ad
2367 1774 2555 1831 urbem
2604 1785 2807 1830 tantum
2858 1791 3011 1830 suam
3056 1776 3392 1846 propriaeque
3441 1773 3572 1828 olim

316 1839 411 1936 καὶ
454 1843 644 1936 μέχρις
683 1846 957 1903 Αἰθιόπων
986 1855 1229 1925 χωρῆσαι
1262 1858 1354 1909 καὶ
1397 1839 1661 1925 Σκυθῶν,
1683 1862 1775 1915 καὶ
1808 1862 1882 1915 αὖε

1999 1866 2276 1935 religionis
2309 1869 2493 1925 sedem
2539 1869 2797 1924 accedere
2827 1876 3116 1936 nequeunt.
3174 1864 3293 1920 Jam
3341 1867 3385 1921 si
3443 1865 3572 1919 urbs

313 1929 422 2029 τιῖιν
442 1932 550 2029 των
584 1936 834 2029 περάτων
871 1940 970 2011 τῆς
1009 1942 1131 2012 γῆς,
1164 1946 1222 1999 ἐν
1253 1946 1389 2019 μόνῃ
1434 1950 1495 2019 τῇ
1526 1949 1705 2003 αὐτῶν
1738 1950 1882 2004 πόλει

1994 1965 2204 2010 vastata
2235 1968 2379 2012 esset
2423 1961 2744 2029 desertaque
2786 1959 2856 2013 ab
2893 1956 3108 2021 incolis,
3160 1957 3297 2011 hanc
3341 1954 3573 2010 fortasse

311 2022 406 2074 καὶ
437 2023 516 2094 τῷ
546 2025 710 2080 πάλαι
742 2028 1164 2105 θρησκευομένῳ
1206 2039 1336 2109 παρ’
1370 2038 1554 2103 αὐτοῖς
1588 2040 1759 2112 τόπῳ,
1794 2043 1882 2114 οὐχ

1997 2046 2192 2117 aliquis
2244 2051 2487 2121 praedicti
2526 2051 2702 2107 exsilii
2741 2065 2961 2105 causam
3018 2037 3359 2103 existimaret
3389 2044 3402 2100 ἑ
3431 2060 3574 2100 nunc

309 2106 411 2166 οἷοί
444 2115 504 2168 τέ
525 2118 661 2171 είσιν
683 2120 997 2178 ἐπιϐαίνειν.
1020 2126 1129 2179 Καὶ
1163 2128 1211 2180 εί
1236 2106 1332 2198 μέν
1364 2125 1432 2201 ἦν
1466 2106 1741 2196 παντελῶς
1767 2106 1882 2204 ἔρηλ

2001 2154 2133 2195 vero
2158 2142 2223 2197 ab
2244 2106 2521 2198 extraneis
2569 2150 2734 2212 atque
2776 2141 2842 2195 ab
2877 2138 3193 2208 alienigenis
3222 2137 3376 2191 locus
3418 2134 3573 2189 habi-

312 2222 411 2296 μος
458 2210 491 2278 ἡ
532 2209 686 2275 πόλις
732 2214 828 2267 καὶ
870 2216 1139 2288 ἀοίκητος,
1183 2220 1285 2273 κᾶν
1319 2221 1585 2293 ὑπενόησέ
1618 2242 1702 2288 τις
1744 2225 1882 2279 τοῦτ¹

2001 2239 2167 2296 tatur,
2198 2231 2328 2286 solis
2351 2242 2534 2288 autem
2576 2209 2780 2287 ludatis
2811 2230 3121 2284 inaccessus
3160 2236 3267 2292 est,
3304 2228 3377 2281 ita
3411 2235 3469 2279 ut
3501 2237 3571 2279 ne

308 2295 450 2353 εἶναι
482 2303 543 2355 τὸ
568 2303 768 2358 αἴτιον·
796 2307 891 2360 νῦν
914 2309 969 2362 δὲ
993 2310 1096 2363 ὑπὸ
1121 2312 1423 2381 ἀλλογενῶν
1457 2316 1550 2369 καὶ
1577 2315 1882 2387 ἀλλοφύλων

1998 2322 2241 2392 aspicere
2274 2324 2487 2393 quidem
2512 2325 2743 2393 patrium
2782 2324 2954 2377 solum
2994 2319 3167 2376 oculis
3204 2318 3316 2375 suis
3338 2317 3567 2389 possint.

307 2392 480 2447 ἐθνῶν
542 2396 637 2450 τοῦ
702 2400 866 2454 τόπου
924 2405 1345 2476 κατοικουμένου
1372 2446 1387 2471 ,
1461 2408 1645 2479 μόνοις
1706 2410 1882 2474 αὐτοῖς

1996 2414 2124 2481 Quae
2168 2392 2378 2472 scilicet
2423 2392 2567 2472 hunc
2622 2417 2826 2472 exitum
2886 2415 3217 2477 habuerunt,
3254 2422 3315 2464 ut
3352 2407 3574 2466 oraculo

304 2484 507 2550 ἄϐατος
550 2492 833 2562 τυγχάνει,
899 2494 974 2558 ὡς
1023 2496 1147 2567 μήτ’
1200 2494 1259 2562 ἐξ
1316 2500 1583 2555 αὐτόπτου
1630 2501 1882 2557 δύνασθαι

1997 2507 2151 2563 ﬁeret
2204 2485 2336 2565 satis
2382 2509 2581 2565 dicenti
2631 2526 2648 2564 :
2691 2508 2760 2563 Et
2815 2506 3184 2578 Hierosolyma
3240 2503 3568 2558 ethnicorum

307 2576 365 2627 τὸ
425 2580 677 2652 πατρῷον
727 2584 908 2639 αὐτῶν
968 2586 1160 2658 ἔδαφος
1206 2587 1464 2661 θεωρεῖν·
1513 2592 1550 2647 ὃ.
1590 2593 1654 2665 δὴ
1698 2594 1882 2648 τοῦτον

1994 2599 2120 2665 pede
2151 2609 2405 2654 terentur.

301 2668 728 2811 Ξὲτοτετέλεσται
784 2676 876 2730 τὸν
940 2679 1139 2750 τρόπον
1183 2680 1487 2747 ἀκολούθως
1526 2684 1604 2755 τῷ
1656 2687 1887 2756 φήσαντι
1924 2690 2188 2762 χρησμῷ·
2217 2694 2327 2747 Καὶ
2382 2692 2771 2764 Ἰερουσαλὴμ
2827 2693 2999 2747 ἔσται
3069 2690 3414 2762 πατουμένη
3447 2687 3565 2743 ὑπὸ

376 2776 520 2811 νων.

336 2762 520 2815 θνωγ.

366 2853 480 2906 Καὶ
505 2854 737 2922 δεικνὺς,
771 2859 852 2912 ὅτι
902 2859 1013 2914 οὔτ’
1050 2865 1409 2939 ἀναστήσεται
1454 2869 1636 2924 λοιπὸν
1678 2872 1707 2924 ό
1743 2871 1886 2938 ναὸς,

297 2943 414 2997 οὔτ’
445 2947 525 3010 εἰς
570 2948 671 3019 τὴν
699 2952 975 3023 προτέραν
1020 2958 1385 3029 ὲπανήξουσιν
1445 2963 1685 3018 Ἰουδαῖοι
1740 2968 1890 3021 πολι-

298 3036 470 3103 τείαν,
502 3041 828 3113 προστίθησι
866 3048 989 3110 ταῖς
1046 3050 1212 3103 αὑτοῦ
1276 3056 1637 3125 προρρήσεσι,
1696 3059 1887 3129 χρόνον

296 3129 517 3223 ορίζων,
570 3134 732 3205 μέχρι
773 3136 913 3200 τίνος
952 3138 1103 3194 ἔσται
1149 3142 1502 3217 Ἰερουσαλὴμ
1559 3150 1877 3223 πατουμένη

296 3222 405 3277 ὑπὸ
454 3223 655 3277 έθνῶν’
693 3225 841 3295 λέγει
890 3228 934 3281 δ’
966 3226 1078 3296 οὖν,
1136 3233 1275 3303 ἄχρι
1310 3238 1666 3305 πληρωθῶσι
1700 3222 1891 3310 καιροὶ

2063 2893 2240 2961 Atque
2270 2899 2329 2947 ut
2358 2889 2607 2947 Christus
2637 2889 3079 2955 demonstraret,
3122 2888 3378 2959 templum
3408 2888 3564 2945 dein-

1991 3000 2116 3055 ceps
2139 2985 2280 3041 haud
2310 2993 2664 3040 instauratum
2697 2984 2785 3050 iri,
2811 2998 2989 3053 neque
3022 2982 3237 3039 Judteos
3271 2982 3557 3053 pristinam

1990 3091 2145 3133 suam
2212 3076 2598 3146 rempublicam
2652 3087 3113 3146 recuperaturos,
3171 3076 3384 3131 caneris
3452 3075 3565 3131 suis

1991 3170 2436 3240 praedictionibus
2509 3169 2718 3224 addidit
2797 3170 3057 3239 temporis
3138 3168 3505 3225 deﬁnitionem
3544 3208 3561 3233 ,

1991 3259 2249 3328 quamdiu
2308 3258 2518 3314 scilicet
2579 3256 2949 3329 llierosolyma
3018 3257 3360 3313 ethnicorum
3428 3257 3565 3325 pede

293 3312 519 3369 ἐθνῶν
548 3314 690 3370 οὕτω
742 3321 987 3389 σημάνας
1017 3325 1115 3395 τὴν
1147 3325 1240 3379 τοῦ
1291 3326 1405 3397 βίου
1438 3330 1761 3397 συντέλειαν,
1797 3334 1882 3387 καὶ

1994 3303 2249 3328 1--."-.-
2308 3303 2518 3314 πων--
2579 3303 2949 3329 --.ν.ν,ν.,.....
3021 3303 3360 3313 --.....---_...
3430 3303 3563 3325 τη-

1995 3352 2217 3405 terenda
2266 3361 2487 3405 essent:
2518 3351 2596 3405 ait
2632 3350 2815 3414 enim,
2846 3351 3010 3404 donec
3055 3360 3289 3419 tempora
3333 3350 3563 3419 gentium

292 3404 386 3513 τρν
421 3404 592 3513 μέχρι
622 3409 929 3464 συντέλειαν
957 3413 1131 3484 λέγων
1158 3418 1375 3489 χρόνον·
1414 3422 1666 3492 σημαίνει
1699 3423 1755 3477 δὲ
1794 3427 1882 3479 καὶ

1991 3442 2485 3511 compleantur:ita
2532 3441 2844 3513 signiﬁcans
2891 3443 3074 3497 saeculi
3132 3443 3560 3497 consummatio-

291 3494 383 3603 τόν
400 3495 507 3603 πρὸ
532 3497 629 3603 τῆς
651 3500 1028 3600 αἰχμαλωσίας
1046 3505 1155 3577 (75)
1180 3507 1434 3579 πόλεμον.
1461 3510 1649 3565 εἰπών·
1678 3515 1882 3569 Ἔσται

1990 3549 2137 3598 nem,
2171 3548 2269 3589 nec
2308 3549 2415 3591 non
2443 3533 2699 3603 temporis
2733 3548 2900 3603 usque
2934 3533 3001 3588 ad
3040 3533 3559 3589 consummationem

291 3583 403 3653 γὰρ
439 3585 671 3657 ἀνάγκη
700 3589 797 3641 ἐπὶ
840 3589 950 3659 τῆς
970 3592 1099 3661 γῆς,
1134 3596 1230 3649 καὶ
1273 3597 1417 3667 ὀργὴ
1436 3600 1670 3670 μεγάλη
1698 3603 1768 3656 ἐν
1805 3603 1886 3669 τῷ

293 3672 419 3763 iac?)
446 3676 652 3741 τούτῳ,
686 3678 785 3732 καὶ
812 3683 1141 3738 πεσοῦνται
1161 3686 1230 3740 ὲν
1258 3692 1509 3759 στόματι
1557 3695 1878 3763 μαχαίρας.

293 3761 479 3816 Ταῦτα
530 3769 586 3823 δὲ
639 3771 788 3836 ὅπως
838 3774 979 3826 κατά
1038 3776 1202 3849 μέρος
1266 3781 1538 3853 ἐπράχθη,
1581 3761 1677 3837 και
1710 3761 1785 3850 ὧς
1813 3787 1881 3841 τὰ

295 3862 748 3949 προηγορευμένα
773 3865 875 3916 ὑπὸ
898 3866 991 3919 τοῦ
1011 3869 1261 3941 Σωτῆρος
1284 3872 1440 3943 ἡμῶν
1454 3875 1641 3940 τέλους
1665 3877 1878 3949 ἔτυχεν,

293 3943 507 4042 ἔξεστιν
540 3953 646 4006 ἀπὸ
681 3958 779 4028 τῆς
816 3958 1078 4030 Ἱστορίας
1120 3963 1384 4035 Ἰωσήπου
1419 3967 1607 4037 μαθεῖν
1640 3943 1794 4042 (76)Ῑ’
1819 3971 1878 4036 ὃς

292 4036 391 4134 καὶ
429 4037 540 4134 *τῇς
584 4042 834 4113 φησάσης
865 4050 957 4104 τοῦ
991 4054 1243 4125 Σωτῆρος
1276 4036 1433 4127 ήμῶν
1494 4036 1871 4134 προρρήσεως,

294 4130 538 4225 Οὐαὶ-δέ
569 4134 697 4225 ταῖς
736 4137 1133 4209 θηλαζούσαις
1158 4147 1228 4200 ἐν
1258 4149 1516 4218 ἐκείναις
1539 4130 1707 4220 ea}?
1734 4156 1875 4225 ὴμέ-

286 4237 424 4288 ραις
438 4221 460 4274 .’
490 4222 550 4275 τὸ
577 4224 924 4300 ἀποτέλεσμα
956 4232 1141 4301 σαφῶς
1163 4238 1458 4311 παρίστησι
1484 4280 1499 4305 ,
1566 4221 1872 4315 μνημοθέύ-

289 4332 413 4381 σας,
438 4316 515 4381 ὡς
547 4322 825 4386 γυναῖκες,
845 4323 914 4377 τά
953 4326 1158 4381 ἑαυτῶν
1198 4329 1372 4404 βρέφη
1404 4335 1711 4405 όπτήσασαι
1738 4340 1871 4413 πυρὶ

284 4411 376 4465 διὰ
408 4412 507 4485 τὴν
530 4414 835 4488 ὑπερϐολὴν
858 4418 952 4472 τοῦ
990 4422 1353 4493 κατασχόντος
1374 4424 1533 4496 λιμοῦ
1564 4427 1661 4500 τὴν
1693 4411 1866 4499 πόλιν,

284 4507 512 4577 ἔφαγον.

1987 3625 2355 3683 intervallum.
2385 3624 2669 3697 Significat
2709 3626 2877 3681 etiam
2917 3627 3114 3682 bellum
3149 3627 3293 3696 quod
3332 3626 3561 3696 captivi-

1986 3728 2152 3774 tatem
2185 3734 2580 3790 prazcessurum
2608 3728 2727 3775 erat
2758 3735 2774 3775 :
2804 3718 3015 3775 Futura
3048 3729 3146 3785 est,
3177 3718 3384 3788 inquit,
3414 3733 3559 3786 pres-

1982 3827 2108 3865 sura
2131 3812 2187 3864 in
2217 3821 2383 3877 terra,
2401 3827 2693 3882 magnaque
2717 3811 2799 3865 ira
2820 3826 2977 3879 super
2995 3810 3186 3879 populo
3212 3810 3331 3872 hoc,
3364 3819 3413 3863 et
3445 3810 3560 3862 acie

1978 3900 2145 3971 gladii
2192 3902 2398 3956 cadent.
2452 3902 2629 3973 Atque
2688 3902 2805 3957 haec
2848 3900 3058 3972 singula
3100 3900 3555 3970 quemadmodum

1978 3992 2300 4059 acciderint,
2335 4003 2498 4061 atque
2525 4002 2588 4048 ut
2631 3993 2946 4049 Servatoris
2982 3993 3151 4047 nostri
3200 3991 3417 4047 oracula
3447 3992 3557 4045 sint

1977 4084 2180 4138 exitum
2213 4095 2525 4150 consecuta,
2577 4100 2644 4139 ex
2696 4084 2917 4152 Josephi
2949 4083 3191 4139 Historia
3227 4095 3557 4153 cognoscere

1975 4175 2123 4232 licet.
2158 4175 2301 4232 idem
2335 4177 2563 4231 alterum
2606 4192 2822 4246 quoque
2865 4175 3176 4232 Servatoris
3215 4174 3552 4240 vaticinium,

1973 4265 2231 4322 nimirum
2267 4264 2357 4321 γω
2380 4265 2703 4320 lactantibus
2727 4266 2781 4319 in
2803 4266 2988 4319 diebus
3013 4266 3161 4319 illis!
3202 4273 3399 4320 eventu
3425 4276 3550 4332 per—

1970 4358 2156 4427 spicue
2213 4359 2617 4429 comprobatum
2665 4359 2827 4413 tradit
2881 4376 2895 4413 :
2943 4358 3143 4414 etenim
3204 4365 3474 4413 memorat
3519 4370 3548 4408 a

1968 4449 2565 4520 mulieribus'parvulos
2600 4450 2848 4520 proprios
2896 4452 3019 4522 igne
3050 4458 3224 4505 tostos
3250 4448 3308 4505 in
3337 4462 3546 4503 summa

1967 4543 2121 4601 urbis
2148 4543 2290 4600 fame
2322 4544 2488 4601 fuisse
2514 4547 2826 4602 devoratos.

350 4601 466 4673 (77)
499 4601 699 4657 Τοῦτον
729 4603 837 4677 γὰρ
873 4606 1036 4661 αὑτὸν
1073 4608 1163 4664 τὸν
1196 4612 1560 4685 γενησόμενον
1581 4616 1639 4670 ἐν
1675 4618 1741 4688 τῇ
1777 4617 1867 4671 πό-

2043 4635 2194 4691 Hanc
2232 4635 2402 4707 ipsam
2445 4636 2564 4692 urbi
2616 4648 2936 4692 eventuram
2990 4636 3190 4692 famem
3240 4633 3548 4706 praevidens

279 4691 555 4801 htnltpbv
586 4696 971 4770 προθεωρήσας
998 4703 1025 4754 ό
1047 4702 1255 4775 Σωτήρ,
1290 4707 1522 4778 παρῄνει
1544 4712 1655 4775 τοῖς
1700 4712 1863 4765 αὐτοῦ

1987 4727 2254 4794 Servator,
2288 4728 2614 4784 admonebat
2639 4729 2932 4799 discipulos
2965 4744 3094 4786 suos
3128 4740 3187 4785 ut
3213 4730 3267 4786 in
3299 4731 3543 4801 proxima

282 4786 556 4857 μαθηταῖς
591 4791 648 4842 ὲν
672 4793 739 4861 τῇ
765 4791 1032 4867 μελλούσῃ
1060 4796 1202 4849 κατά
1237 4798 1504 4855 Ἰουδαίων
1536 4804 1862 4875 γενήσεσθαι

278 4881 589 4954 πολιορκίᾳ,
629 4885 702 4956 μὴ
729 4885 803 4950 ὡς
850 4887 936 4939 ἐπ’
973 4889 1186 4962 ἀσφαλῆ
1225 4892 1389 4946 τόπον
1448 4897 1540 4948 καὶ
1596 4898 1859 4966 φυλαττό-
1898 4938 1905 4945 .

280 4990 443 5044 μενον
469 4974 575 5028 ὑπὸ
602 4977 697 5030 τοῦ
724 4978 860 5032 Θεοῦ
885 4981 1248 5051 καταφεύγειν
1271 4985 1363 5039 ἐπὶ
1390 4987 1489 5058 τὴν
1520 4988 1692 5058 πόλιν,
1722 4992 1859 5063 ὅπερ

278 5066 610 5122 πεπόνθασιν
638 5071 688 5122 οἱ
727 5070 932 5137 πολλοὶ,
980 5074 1095 5127 ἀλλ’
1132 5076 1340 5131 ἐκεῖθεν
1393 5078 1491 5149 μὲν
1531 5081 1855 5153 ἀναχωρεῖν,

278 5154 503 5225 φεύγειν
530 5160 588 5214 δὲ
622 5162 702 5225 εἰς
734 5164 800 5217 τά
827 5164 961 5236 ὅρηο
1013 5168 1108 5221 καὶ
1147 5169 1273 5232 τοὺς
1315 5172 1373 5223 ὲν
1408 5172 1558 5244 μέσῳ
1596 5174 1693 5246 τῆς
1736 5177 1861 5230 ἰου-

275 5249 436 5312 δαίας
467 5250 727 5321 ἐκχωρεῖν
772 5259 851 5321 είς
893 5258 961 5312 τὰ
1003 5259 1131 5333 ἔθνη
1167 5261 1313 5334 (78);
1360 5265 1456 5319 καὶ
1515 5266 1641 5330 τοὺς
1688 5270 1748 5322 ὲν
1788 5272 1856 5341 τῇ

347 5447 488 5517 (74‘)
514 5447 882 5525 _No_n__tanten
938 5457 1217 5515 incruenta
1266 5463 1515 5520 victoria.
1573 5467 1664 5521 Ait
1714 5469 1860 5525 enim

271 5518 482 5604 Fronto
502 5517 579 5573 De
606 5519 737 5604 bello
762 5522 1049 5604 Parthico:
1078 5549 1106 5604 «_
1125 5517 1692 5604 :Adrianiovimper—iium
1720 5517 1860 5594 διιῖιῖ

272 5598 457 5656 nente,
493 5600 759 5670 quantum
793 5593 1022 5648 militum
1088 5593 1519 5670 (Romanorum)
1574 5623 1603 5660 a
1654 5593 1855 5664 Judaeis

270 5661 505 5736 caesum!
536 5659 791 5736 ihegesis
833 5678 1034 5736 _autem
1094 5659 1399 5729 'historicos
1441 5693 1470 5730 a
1505 5659 1606 5732 'me
1653 5659 1851 5736 ἱδῖἷιὲιίἶ

276 5731 330 5784 in
365 5731 810 5787 adnotationibus
833 5733 1097 5791 laudatos.

1967 4816 2278 4873 Judteorum
2312 4818 2663 4884 obsessione,
2694 4819 2899 4874 nollent
2949 4827 3209 4890 tanquam
3257 4820 3324 4874 ad
3374 4828 3543 4874 tutum

1965 4910 2143 4966 locum
2190 4920 2247 4966 et
2285 4926 2315 4965 a
2354 4912 2465 4967 Deo
2509 4912 2837 4968 custoditum
2890 4913 2942 4967 in
2993 4917 3182 4969 urbem
3235 4912 3541 4981 confugere,

1965 5005 2108 5071 quod
2142 5002 2360 5074 plurimi
2387 5003 2653 5070 fecerunt,
2704 5004 2799 5060 sed
2847 5004 2973 5060 inde
3017 5006 3195 5074 potius
3227 5002 3541 5058 recederent

1964 5092 2208 5161 atquein
2240 5103 2448 5149 montes
2484 5095 2769 5163 fugerent;
2814 5106 2870 5149 et
2914 5095 3007 5164 qui
3053 5102 3211 5149 erant
3259 5092 3312 5138 in
3362 5085 3535 5140 media
3636 5133 3643 5143 .

1965 5182 2150 5239 Judaea
2175 5183 2240 5237 ad
2260 5195 2453 5255 gentes
2478 5187 2799 5253 migrarent,
2831 5185 2885 5232 et
2911 5176 3004 5246 qui
3037 5175 3089 5229 in
3117 5190 3248 5245 agro
3272 5175 3539 5245 degebant

1967 5287 2312 5343 nequaquam
2345 5275 2414 5330 ad
2444 5272 2679 5329 munitas
2720 5281 2874 5322 arces
2899 5272 3318 5331 concurrerent,
3359 5280 3535 5336 neque

1960 5487 2164 5539 sensu;
2193 5484 2249 5530 et
2276 5483 2540 5543 praeterea
2579 5472 2780 5525 desunt
2818 5468 2956 5538 Syro
2998 5464 3365 5537 praecedentes
3408 5478 3533 5531 octo

1957 5544 2228 5598 versiculi.

2025 5614 2137 5683 (76)
2170 5612 2306 5683 Bell.
2356 5608 2641 5683 luti._l_ih.
2665 5624 2791 5683 χιιι,
2830 5608 2884 5665 8.

2047 5677 2136 5750 77)
2176 5682 2311 5736 Cod.
2338 5682 2401 5735 A.
2433 5681 2477 5750 gl‘.
2504 5679 2630 5733 270.
2661 5677 2784 5750 Syr.
2821 5694 2892 5743 tv,
2923 5681 3014 5744 “20,
3050 5677 3141 5733 2!.

2047 5686 2111 5735 77
2176 5686 2311 5736 Cod.
2338 5686 2401 5735 A.
2440 5686 2477 5735 ῐ.
2504 5686 2630 5733 270.
2661 5686 2784 5750 Syr.
2821 5694 2892 5743 tv,
2923 5686 3014 5744 “20,
3050 5686 3141 5733 21.

2047 5686 2136 5823 ῖεζ
2162 5752 2259 5809 llic
2280 5767 2387 5810 non
2426 5749 2565 5809 bene
2602 5751 2773 5821 Syrus
2802 5750 3046 5808 Graecum
3095 5751 3310 5807 videtur
3368 5750 3527 5807 intel-

344 5798 458 5871 (75)
513 5798 615 5857 llic
666 5801 835 5872 Syrus
881 5804 1120 5862 deﬂectit
1178 5808 1513 5880 aliquantum
1571 5834 1603 5875 a
1650 5818 1845 5877 Graeco
1947 5798 2161 5881 lex‘isse.

582 5902 856 5967 ΡΑτιιοι..
901 5905 1020 5969 Gn.
1045 5908 1302 6003 XXIV.

3130 5914 3204 5977 21
