4008 6520
545 382 638 437 651

1208 377 1473 434 EUSEBII
1511 374 1988 434 CASSARIENSIS
2024 377 2173 433 OPP.
2215 377 2393 431 PARS
2431 376 2517 432 ιγ.
2560 406 2625 418 --
2666 372 3080 430 DOGMATICA.

3661 378 3755 433 652

545 498 858 567 prudentem
910 497 1192 551 crederent
1220 496 1275 550 in
1315 496 1509 565 oppida
1546 510 1845 560 secessum,
1893 497 2104 552 etiamsi

2208 497 2357 569 χώρᾳ
2392 497 2466 567 μὴ
2501 495 2862 564 καταφεύγειν
2892 494 2967 558 ὼς
3010 494 3103 545 ἐπὶ
3147 492 3339 563 ὀχυρὸν
3392 493 3572 559 τόπον,
3633 497 3754 567 μηδὲ

545 593 597 646 id
625 600 830 659 tempus
856 590 1125 659 postulare
1155 589 1466 654 videretur;
1520 589 1614 645 sed
1666 596 1875 643 lucrum
1930 590 2106 660 potius

464 700 476 716 ἰ
544 681 909 736 existimarent
941 679 1141 747 fugam,
1174 688 1394 748 propter
1422 678 1817 748 impendentem
1851 678 1943 734 Dei
1969 680 2104 733 iram

545 785 653 827 tum
685 772 882 841 templo
911 781 1021 824 tum
1057 770 1285 825 civitati.
1335 769 1461 825 Haec
1507 774 1805 842 perspicue.
1848 782 1903 825 et
1954 782 2105 826 extra

546 876 760 918 omnem
780 862 1184 932 ambiguitatem
1209 863 1653 919 demonstrabant
1671 879 1889 919 causam
1919 879 2108 932 quam-

542 956 728 1014 obrem
773 956 1096 1011 hortabatur
1159 958 1227 1011 ad
1282 966 1491 1011 montes
1559 955 1776 1026 fugere,
1832 971 2007 1026 neque
2053 956 2105 1009 in

542 1049 735 1118 oppida
772 1049 975 1102 munita
1006 1048 1222 1103 reverti.
1268 1046 1395 1102 Ideo
1446 1047 1522 1102 ait
1558 1066 1574 1104 :
1607 1048 1673 1101 Et
1716 1048 1805 1117 qui
1856 1048 1910 1102 in
1962 1047 2109 1116 agris

542 1150 687 1209 sunt,
726 1149 953 1196 caveant
984 1141 1271 1210 quominus
1316 1139 1449 1195 urbe
1490 1155 1548 1195 se
1588 1140 1929 1195 concludant.
1966 1142 2109 1193 Sunt

541 1230 686 1283 enim
714 1230 769 1284 bi
802 1230 915 1284 dies
950 1229 1191 1295 ultionis,
1233 1237 1287 1283 et
1322 1229 1503 1283 omnia
1547 1229 1705 1283 ﬂendi
1736 1244 1856 1299 quae
1882 1243 2111 1298 praeser-

544 1322 641 1375 tim
695 1324 835 1390 apud
879 1320 1150 1375 Danielem
1196 1321 1401 1389 scripta
1448 1328 1592 1376 sunt.
1654 1320 1759 1375 Sed
1821 1330 1877 1375 et
1927 1322 2108 1386 minae,

550 1409 789 1467 thunc
810 1413 1177 1474 nutrientibus,
1205 1411 1471 1478 quomodo
1497 1410 1703 1465 exitum
1753 1410 1862 1465 sint
1905 1418 2111 1464 εοτιιιιε

544 1504 1037 1575 Hierosolymorum
1060 1505 1401 1558 obsessorum
1427 1511 1686 1571 tempore,
1715 1502 1865 1557 testis
1888 1503 2109 1556 idoneus

544 1609 627 1653 est
676 1597 890 1651 Flavius
938 1595 1223 1664 Iosephus,
1273 1595 1363 1664 qui
1399 1602 1651 1649 accurate
1697 1604 1908 1663 tempus
1954 1593 2107 1658 illud,

542 1700 665 1761 post
698 1688 1004 1743 Servatoris
1037 1686 1204 1740 nostri
1230 1686 1397 1748 diras,
1419 1683 1779 1748 describit;et
1811 1684 2107 1752 quomodo,

542 1780 906 1851 prementibus
938 1779 1194 1834 Romanis
1222 1777 1520 1845 urbemque
1541 1775 1902 1844 capientibus,
1937 1774 2109 1828 maxi-

543 1878 628 1925 ma
655 1870 957 1925 .Inda'orum
995 1870 1280 1923 multitudo
1324 1867 1503 1939 gladio
1548 1876 1867 1935 consumpta
1920 1864 2102 1928 fuerit,
2140 1868 2178 1922 Β

543 1961 820 2030 multoque
849 1960 1031 2030 plures
1060 1962 1200 2013 fame
1244 1974 1406 2027 quam
1443 1958 1590 2013 ferro
1632 1956 1916 2026 perierint.
1964 1955 2106 2022 Quin

541 2053 676 2108 adeo
701 2053 953 2107 mulieres
980 2066 1193 2121 quoque
1220 2050 1472 2119 parvulos
1514 2064 1643 2104 suos
1687 2049 1809 2117 igne
1854 2056 2106 2104 assantes.

539 2158 721 2199 escam
760 2145 862 2199 sibi
889 2144 958 2197 ob
983 2154 1279 2197 extremam
1312 2142 1591 2210 penuriam
1634 2138 1898 2194 fecerunt.
1933 2139 2109 2207 Atque

540 2232 657 2288 haec
688 2234 1031 2302 contigerunt
1066 2233 1241 2301 primo
1270 2230 1484 2299 quidem
1524 2230 1623 2286 sub
1654 2229 1773 2283 Tito
1801 2244 1863 2281 ac
1907 2226 2109 2296 Vespa-

539 2326 715 2387 siano,
744 2334 929 2392 postea
973 2322 1075 2378 sub
1127 2323 1389 2387 Adriano,
1424 2321 1789 2377 Romanorum
1822 2320 2110 2388 imperato-

542 2414 723 2480 ribus;
753 2431 856 2485 qua
885 2425 1041 2469 aetate
1077 2414 1426 2469 interdictum
1482 2427 1701 2483 prorsus
1757 2410 1959 2467 Judmis
2009 2408 2112 2462 fuit

538 2505 717 2575 patrio
743 2505 878 2569 solo,
914 2513 971 2558 et
995 2505 1063 2557 ab
1088 2501 1322 2557 ethnicis
1360 2500 1697 2556 llierusalem
1746 2498 1849 2553 fuit
1888 2495 2110 2553 concul—

538 2608 681 2662 cata,
744 2597 879 2651 adeo
929 2605 990 2649 ut
1045 2595 1218 2650 nullos
1278 2593 1479 2650 incolas
1521 2594 1670 2647 cives
1720 2593 1943 2646 haberet
2005 2590 2108 2645 nisi

536 2696 825 2741 extraneos
856 2693 911 2739 et
940 2684 1292 2753 alienigenas,
1331 2682 1610 2737 translatis
1640 2682 1764 2736 illuc
1801 2680 2099 2751 inquilinis,

538 2775 838 2830 incolarum
886 2776 1125 2843 priorum
1170 2775 1307 2829 loco.
1352 2774 1556 2830 Exinde
1593 2775 1737 2831 enim
1779 2774 2110 2829 circumdata

535 2876 622 2922 est
651 2866 819 2921 armis
851 2866 1003 2931 urbs,
1034 2875 1197 2935 atque
1238 2866 1399 2934 hujus
1442 2866 1807 2922 sanctuarium
1848 2866 1915 2919 ad
1967 2880 2111 2921 sum-

537 2974 679 3012 mam
710 2958 1057 3013 solitudinem
1091 2958 1366 3013 redactum
1400 2957 1500 3010 fuit
1527 2974 1541 3013 :
1572 2957 1658 3011 illa
1686 2957 1919 3027 denique
1949 2957 2109 3011 deso-

533 3060 757 3117 lationis
777 3060 1128 3127 abominatio,
1156 3076 1318 3132 quam
1345 3060 1530 3115 Daniel
1558 3062 1908 3130 praedixerat,
1937 3062 2111 3116 medio

535 3162 590 3216 in
621 3166 933 3222 sanctuario
956 3166 1249 3221 constituta
1288 3165 1416 3230 fuit,
1450 3179 1653 3218 aeneum
1708 3166 1831 3219 dico
1887 3167 2111 3223 victoris

2209 589 2501 643 σπουδαίαν
2552 587 2801 659 ἡγεῖσθαι
2832 587 2930 657 τὴν
2968 586 3059 639 ἐπὶ
3096 586 3195 656 τὴν
3239 583 3388 637 πόλιν
3418 584 3755 659 ἐπιστροφὴν,

2207 681 2311 736 κᾶν
2350 682 2407 735 αἱ
2457 684 2635 751 χρεῖαι
2674 680 2943 734 καλῶσιν·
2976 678 3244 749 ἅρπαγμα
3282 676 3339 730 δὲ
3392 677 3628 732 τίθεσθαι
3671 679 3759 753 τήν

2208 775 2402 845 φυγὴν,
2432 774 2519 827 διά
2542 774 2640 844 τὴν
2670 772 3097 842 ἐπελευσομένην
3118 772 3182 823 ἐκ
3214 770 3345 823 Θεοῦ
3372 771 3537 842 ὀργὴν
3583 771 3657 841 τῷ
3702 788 3759 828 τε

2207 866 2320 938 ναῷ
2344 868 2438 921 καὶ
2464 869 2531 937 τῇ
2566 866 2735 919 πόλει.
2768 864 2954 918 Ταῦτα
2977 863 3085 937 γὰρ
3108 864 3364 933 ἄντικρυς
3386 864 3479 915 καὶ⁸
3506 862 3623 932 δίχα
3666 862 3758 916 πά-

2208 978 2307 1033 σης
2340 960 2667 1031 ἀμφιϐολίας
2702 957 3086 1030 παραστατικὰ
3115 957 3181 1011 ἂν
3220 956 3331 1026 εἴη,
3350 956 3449 1026 τῆς
3480 956 3671 1019 αἰτίας,
3702 954 3757 1009 δι’

2207 1054 2274 1125 ῆν
2323 1053 2717 1126 παρεκελεύετο
2769 1052 2986 1122 φεύγειν
3040 1051 3134 1104 ἐπὶ
3162 1050 3231 1103 τά
3272 1050 3369 1121 ὄρη
3396 1088 3410 1112 ,
3433 1048 3529 1101 καὶ
3564 1047 3635 1118 μὴ
3658 1049 3761 1100 ἐπι-

2210 1145 2461 1216 στρέφειν
2502 1146 2596 1198 ἐπὶ
2626 1144 2726 1208 τὰς
2768 1145 2969 1207 πόλεις.
3002 1144 3093 1197 Διό
3130 1159 3291 1213 φησι·
3334 1142 3443 1196 Kal.
3479 1143 3529 1194 οἱ
3565 1144 3620 1195 ἐν
3656 1146 3760 1207 ταῖς

2209 1236 2447 1309 χώραις,
2490 1237 2565 1309 μὴ
2605 1236 2996 1290 είσελθέτωσαν
3056 1238 3134 1299 είς
3181 1234 3387 1304 αὐτήνο
3446 1235 3529 1286 ὃτι
3578 1235 3761 1304 ἡμέραι

2208 1332 2539 1403 ἐκδικήσεως
2594 1326 2755 1384 αὗταί
2800 1331 2930 1393 εἰσι,
2971 1327 3065 1381 τοῦ
3108 1325 3459 1398 πληρωθῆναι
3500 1327 3667 1380 πάντα
3701 1326 3760 1378 τὰ

2209 1421 2568 1492 γεγραμμένα
2606 1422 2663 1471 ἐν
2700 1419 2777 1490 τῷ
2817 1418 3012 1489 Δανιὴλ
3052 1417 3304 1490 μάλιστα.
3357 1416 3517 1469 Ἀλλά
3560 1418 3648 1469 καὶ
3681 1416 3761 1482 τὸ,

2214 1514 2357 1567 Οὐαὶ
2398 1512 2525 1578 ταῖς
2559 1512 2954 1579 θηλαζούσαις
3004 1513 3156 1574 τότε,
3186 1510 3333 1572 ὅπως
3383 1509 3569 1572 τέλους
3620 1508 3761 1579 ἔτυχε

2214 1605 2350 1659 κατά
2376 1607 2468 1660 τὸν
2518 1604 2707 1676 καιρὸν
2756 1604 2854 1675 τῆς
2888 1602 3197 1673 πολιορκίας
3238 1603 3345 1655 τῶν
3378 1601 3759 1672 Ἱεροσολύμων,

2211 1699 2395 1763 ἱκανὸς
2422 1697 2796 1751 πιστώσασθαι
2825 1696 3052 1758 Φλάϐιος
3082 1694 3374 1765 Ἰώσηπος,
3406 1694 3643 1765 ἀκριϐῶς
3684 1694 3762 1745 τὸν

2214 1791 2470 1865 μετὰδτάς
2491 1791 2628 1863 ἀρὰς
2658 1788 2751 1843 τοῦ
2779 1790 3026 1859 Σωτῆρος
3041 1787 3196 1858 ήμῶν
3214 1787 3449 1855 πόλεμον
3474 1787 3760 1857 ἱστορήσας·

2208 1894 2301 1938 και
2329 1883 2425 1948 ὡς,
2456 1884 2791 1937 ἐπιστάντων
2826 1880 3109 1951 Ῥωμαίων
3141 1880 3238 1934 καὶ
3256 1879 3353 1950 τὴν
3375 1877 3529 1931 πόλιν
3558 1876 3763 1929 ἑλόντων

2209 1975 2517 2049 πολιορκίᾳ,
2552 1974 2723 2048 μυρία
2757 1974 2854 2046 μὲν
2884 1972 3060 2045 πλήθη
3090 1973 3183 2027 τοῦ
3218 1971 3487 2026 Ἰουδαίων
3516 1969 3687 2031 έθνους
3714 1970 3763 2020 ἐν

2212 2071 2439 2140 στόματι
2472 2069 2740 2140 μαχαίρας
2768 2068 3004 2138 ἀνῃρέθη
3024 2108 3038 2131 ,
3074 2066 3289 2128 πλείους
3322 2065 3382 2119 δὲ
3409 2061 3540 2118 ’τῶν
3582 2061 3763 2137 ἀνῃρη-

2213 2163 2390 2233 μένων
2416 2161 2493 2232 τῷ
2524 2160 2667 2231 λιμῷ
2698 2160 3061 2230 διεφθάρησαν
3080 2175 3094 2189 ·
3134 2158 3233 2229 ἤδη
3265 2158 3320 2210 δὲ
3359 2157 3453 2209 καὶ
3480 2154 3547 2209 τὰ
3578 2154 3761 2208 ἐαυτῶν

2210 2254 2387 2325 βρέφη
2419 2254 2673 2321 γυναῖκες
2726 2252 3031 2321 ὀπτήσασαι
3081 2250 3234 2320 πυρὶ,
3279 2250 3456 2319 τροφῇ
3495 2247 3763 2316 κέχρηνται

2206 2344 2275 2398 δι’
2303 2343 2746 2415 ὑπερϐάλλουσαν
2782 2343 3005 2397 ἔνδειαν.
3036 2342 3322 2395 Συνέϐαινε
3357 2339 3414 2392 δὲ
3454 2338 3619 2392 ταῦτα
3653 2337 3763 2407 πρό-

2208 2453 2369 2507 τερον
2412 2436 2511 2506 μὲν
2544 2435 2686 2488 κατὰ
2722 2434 2879 2488 Τῖτον
2916 2434 3010 2489 καὶ
3043 2432 3482 2487 Οὐεσπασιανόν·
3544 2428 3672 2499 μετὰ
3714 2428 3761 2480 δὲ

2208 2527 2453 2591 τούτους,
2500 2527 2617 2579 κατ’
2670 2526 2961 2595 Ἀδριανὸν,
2997 2526 3123 2588 τοὺς
3176 2523 3463 2593 Ῥωμαίων
3517 2520 3761 2589 αὐτοκρά-

2208 2634 2393 2684 τορας,
2418 2618 2539 2672 καθ’
2569 2618 2661 2681 οῦς
2688 2618 2886 2681 ἄϐατος
2920 2617 3017 2688 μὲν
3052 2617 3109 2678 ἐς
3139 2615 3199 2668 τὸ
3225 2613 3489 2677 παντελὲς
3516 2610 3762 2671 Ἰουδαίοις

2208 2712 2237 2765 ὁ
2268 2711 2493 2781 πάτριος
2516 2709 2693 2764 αὐτῶν
2724 2710 2958 2779 κατέστη
2992 2709 3175 2771 τόπος,
3208 2707 3399 2775 γέγονε
3427 2705 3485 2760 δὲ
3516 2706 3753 2775 Ἰερουσα-

2208 2804 2322 2876 λὴμ
2353 2803 2665 2875 πατουμένη
2698 2804 2789 2856 ὑπ’
2839 2803 3029 2870 ἐθνῶν,
3057 2804 3133 2866 ὼς
3187 2800 3321 2873 μηδὲ
3375 2799 3591 2869 ἐτέρους
3634 2795 3760 2866 ἔχειν

2208 2897 2501 2967 οίκήτορας
2529 2894 2748 2958 πολίτας
2780 2895 2812 2965 ἢ
2851 2895 3041 2966 μόνους
3075 2892 3405 2961 ἀλλοφύλους
3444 2888 3535 2943 καὶ
3568 2886 3760 2954 ἀλλογε-

2209 2988 2340 3053 νείς,
2376 2986 2640 3056 μετοίκων
2668 2985 2853 3041 αὐτόθι
2880 2984 3328 3039 κατοικισθέντων
3368 2982 3490 3036 ἀντὶ
3516 2979 3618 3033 τῶν
3646 2975 3760 3047 πρό-

2210 3097 2367 3151 τερον
2417 3080 2738 3152 οἰκητόρων.
2797 3079 2885 3146 Ἐξ
2918 3078 3126 3132 ἐκείνου
3159 3078 3216 3131 δὲ
3270 3074 3634 3143 κυκλωθείσης
3670 3067 3759 3122 ὑπὸ

2214 3172 2587 3243 στρατοπέδων
2616 3173 2714 3243 τῆς
2755 3170 3128 3243 Ἰερουσαλὴμ,
3158 3170 3251 3223 καὶ
3278 3168 3413 3221 αὐτὸ
3447 3166 3506 3219 τὸ
3541 3164 3759 3232 ἁγίασμα

535 3255 884 3311 simulacrum
920 3259 1062 3328 quod
1096 3259 1148 3312 in
1198 3258 1375 3311 medio
1424 3256 1625 3325 templo
1654 3256 1962 3311 dedicatum
1991 3267 2095 3312 est.

2208 3262 2260 3315 τὸ
2288 3265 2346 3317 ὲν
2373 3264 2511 3335 αὐτῇ
2541 3266 2621 3327 είς
2648 3264 2747 3335 τὴν
2776 3261 3010 3332 ἐσχάτην
3034 3261 3376 3332 περιετράπη
3400 3257 3624 3330 ἐρημίαν
3644 3272 3655 3284 '
3679 3256 3759 3307 καὶ

533 3345 596 3401 τὸ
625 3346 898 3420 βδέλυγμα
931 3350 1028 3420 τῆς
1048 3348 1376 3421 ἐρημώσεως
1401 3348 1462 3400 τὸ
1488 3346 1649 3420 ῥηθὲν
1676 3346 1763 3400 διὰ
1786 3348 1987 3419 Δανιὴλ
2008 3349 2102 3403 τοῦ
2142 3356 2418 3425 προφήτου
2448 3357 2579 3427 ἔστη
2644 3355 2702 3409 ἐν
2740 3354 2817 3426 τῷ
2881 3354 3202 3424 ἁγιάσματι,
3256 3351 3318 3404 τὸ
3368 3351 3590 3423 χάλκεόν
3637 3364 3758 3417 φημι

532 3443 901 3515 ἀπεικόνισμα
955 3441 1049 3495 τοῦ
1118 3438 1472 3511 πολιορκητοῦ
1530 3439 1587 3491 ἐν
1634 3438 1783 3508 αὐτῷ
1828 3439 1977 3511 μέσῳ
2024 3440 2104 3511 τῷ
2146 3444 2272 3517 ἱερῷ
2303 3449 2603 3522 ἱδρυμένον,

607 3539 730 3594 llaec
763 3540 927 3608 igitur
961 3551 991 3591 e
1022 3535 1267 3605 plurimis
1299 3534 1603 3587 adnotanda
1642 3547 1827 3588 euravr
1878 3542 2097 3604 prepter

534 3631 774 3685 divinum
810 3628 1115 3683 Servatoris
1147 3625 1318 3679 nostri
1353 3626 1666 3679 vaticinium
1705 3626 1969 3692 dicentis,
2014 3624 2102 3681 Va:

531 3723 927 3793 prargnantibus
952 3730 1002 3776 et
1028 3720 1345 3773 laetantibus
1370 3721 1424 3772 in
1450 3719 1629 3773 diebus
1654 3718 1801 3772 illis!
1830 3718 1934 3773 Sed
1968 3733 2103 3789 quo-

532 3816 679 3869 niam
720 3814 787 3867 ad
814 3824 1040 3868 caeteras
1079 3810 1387 3867 Servatoris
1420 3810 1793 3880 prazdictiones
1823 3810 1935 3865 haec
1967 3826 2101 3881 quo-

534 3922 638 3974 que
678 3904 891 3960 accedit
922 3922 936 3958 :
971 3904 1086 3957 Erit
1115 3918 1362 3971 pressura
1410 3917 1598 3971 magna
1630 3901 1686 3955 in
1737 3912 1900 3970 terra,
1935 3913 1982 3955 et
2022 3902 2103 3955 ira

458 4000 461 4003 λ
533 4012 687 4063 super
711 3994 901 4064 populo
937 3994 1033 4047 hoc
1051 4010 1070 4059 ;
1100 3994 1184 4047 vel
1200 3992 1494 4046 secundum
1518 3990 1851 4056 Matthazunt,
1884 3992 2104 4046 tribula-

532 4086 659 4139 latio
688 4086 985 4156 cujusmodi
1024 4094 1184 4138 antea
1218 4100 1489 4154 nunquam
1522 4083 1717 4151 fuit“;
1750 4098 1930 4153 Operae
1980 4098 2102 4152 pre-

534 4178 666 4230 tium
704 4187 789 4233 est
832 4178 1021 4232 audire
1042 4176 1384 4240 historicum,
1418 4176 1510 4244 qui
1546 4190 1703 4229 casus
1734 4175 1855 4229 illos
1884 4174 1962 4229 sic
1990 4173 2105 4228 fere

531 4278 720 4321 narrat
748 4285 761 4321 :
798 4288 817 4320 ι
843 4267 907 4323 Et
938 4267 1252 4338 singillatim
1284 4266 1502 4337 quidem
1530 4266 1759 4321 crimina
1785 4265 1986 4319 civium
2016 4280 2103 4319 re-

531 4360 741 4414 censeri
773 4370 1074 4428 nequeunt;
1109 4360 1416 4415 summatim
1435 4370 1562 4412 vero
1596 4356 1793 4420 dicam,
1818 4370 1990 4425 neque
2018 4355 2101 4409 ulc

531 4448 637 4503 lam
666 4450 853 4503 urbem
881 4452 1029 4521 paria
1062 4452 1200 4504 mala
1235 4464 1473 4521 passam,
1506 4462 1682 4517 neque
1722 4448 1849 4502 item
1876 4462 2103 4517 genera-

532 4540 731 4594 tionem
761 4541 923 4595 ullam
948 4544 1016 4596 ab
1038 4543 1169 4596 orbe
1190 4543 1410 4597 condito
1434 4540 1701 4596 scelerum
1732 4537 2103 4593 fecundiorem

531 4631 828 4687 exstitisse.
856 4632 920 4687 Et
952 4633 1168 4703 quidem
1197 4634 1383 4688 urbem
1414 4632 1582 4688 Judaei
1631 4630 1733 4700 ipsi
1784 4629 2101 4697 pessumde-

534 4724 752 4789 derunt,
802 4724 1182 4795 Romanosque
1224 4726 1422 4779 invitos
1470 4724 1645 4778 diram
1691 4720 1973 4777 victoriam
2006 4734 2102 4789 pa-

2280 3544 2389 3614 (79)
2421 3542 2606 3597 Ταῦτα
2640 3542 2738 3614 μὲν
2770 3535 2863 3595 οῦν
2896 3540 3004 3594 ἀπὸ
3040 3538 3247 3611 μυρίων
3294 3536 3515 3590 τέθεικα
3556 3530 3635 3586 διὰ
3674 3528 3757 3597 τὴν

2209 3636 2357 3689 θείαν
2403 3636 2497 3688 τοῦ
2555 3636 2805 3706 Σωτῆρος
2857 3632 3013 3706 ημῶν
3045 3631 3348 3702 πρόρρησιν
3370 3627 3466 3699 τὴν
3499 3630 3753 3695 φήσασαν⁶

2212 3726 2355 3781 Οὐαὶ
2383 3726 2451 3778 δὲ
2480 3725 2609 3792 ταῖς
2657 3726 2726 3778 ἐν
2759 3725 2970 3797 γαστρί
3003 3725 3288 3793 ἑκουσίας
3319 3721 3420 3774 καὶ
3451 3716 3575 3781 ταῖς
3602 3711 3753 3803 θηλίῖ’

2209 3816 2448 3884 ζούσαις
2473 3818 2543 3871 ἐν
2570 3818 2829 3884 ἐκείναις
2856 3815 2986 3883 ταῖς
3015 3816 3260 3885 ἡμέραις
3279 3830 3291 3843 ·
3324 3812 3448 3865 ἐπεὶ
3464 3810 3515 3863 δὲ
3548 3802 3632 3856 καὶ
3656 3802 3752 3885 τουο

2207 3927 2268 3962 το
2294 3911 2413 3974 ταῖς
2471 3910 2806 3981 προρρήσεσι
2854 3907 2949 3961 τοῦ
2999 3907 3251 3977 Σωτῆρος
3315 3903 3645 3981 πρόσκειται,
3682 3884 3748 3981 τὸ]

2213 3999 2416 4053 Ἔσται
2452 3977 2683 4070 audiam—
2716 3996 2948 4067 μεγάλη
2986 3996 3082 4049 ἐπὶ
3108 3994 3218 4063 τῆς
3265 3993 3381 4064 Τῆο
3405 3986 3499 4036 καὶ
3528 3977 3660 4049 ὁρτὴ
3683 3977 3749 4070 τῷ

2207 4088 2335 4155 λαῷ
2363 4090 2550 4154 τούτῳ
2574 4067 2649 4161 ἐὴ
2683 4090 2822 4143 κατά
2846 4090 2937 4141 τὸν
2962 4086 3270 4143 Ματθαῐον,
3313 4076 3517 4143 θλίψις
3552 4072 3640 4167 οῖίι
3668 4067 3748 4167 σίζ’

2208 4180 2419 4233 δέποτε
2728 4176 3029 4232 ἐπακοῦσαι
3056 4172 3214 4226 καλὸν
3246 4168 3340 4222 τοῦ
3365 4160 3623 4236 ἱστορικοῦ

2209 4290 2313 4326 των
2334 4247 2529 4326 αὐτῶν
2543 4272 2611 4327 τά
2641 4270 3049 4339 ἀποτελέσματα
3073 4258 3174 4317 ὧδέ
3191 4280 3266 4333 πη
3285 4257 3612 4331 ἱστοροῦντος

2214 4384 2231 4415 ι
2266 4365 2403 4418 Καθ’
2421 4366 2651 4418 ἕκαστον
2671 4364 2766 4435 μὲν
2788 4358 2880 4415 οὖν
2901 4356 3171 4423 ἐπεξιέναι
3199 4354 3295 4425 τὴν
3318 4347 3645 4423 παρανομίαν
3665 4341 3745 4435 αὖα

2208 4457 2314 4509 τῶν
2338 4496 2354 4521 ,
2408 4432 2697 4510 ἀδύνατον)
2748 4451 3034 4506 συνελόντα
3088 4448 3132 4502 δ’
3163 4446 3367 4510 εἰπεῖν,
3431 4442 3563 4514 μήτε
3615 4432 3745 4488 πόλιν

2208 4545 2374 4616 ἀλλην
2400 4544 2623 4598 τοιαῦτα
2670 4540 3024 4603 πεπονθέναι,
3070 4538 3205 4608 μήτε
3234 4532 3426 4602 γενεὰν
3480 4530 3535 4596 ἐξ
3582 4524 3744 4616 “tam;

2208 4615 2487 4706 γεγονέναι
2546 4634 2742 4697 κακίας
2771 4629 3164 4702 γονιμωτέραν.
3196 4625 3305 4697 Τὴν
3338 4624 3435 4696 μὲν
3488 4620 3631 4674 πόλιν
3677 4615 3744 4668 ἀν-

2209 4724 2441 4795 έτρεψαν
2474 4724 2625 4777 αὐτοὶ
2653 4765 2667 4788 ,
2724 4720 3026 4792 Ῥωμαίους
3083 4718 3140 4771 δὲ
3187 4716 3416 4777 ἄκοντας
3468 4710 3743 4795 ἠνάγκασαν

534 4826 681 4871 trare
708 4826 1024 4888 coegerunt,
1072 4792 1235 4886 atque
1266 4817 1441 4887 ignem
1466 4814 1856 4885 propemodum
1889 4826 2105 4867 moran-

2210 4792 2574 4885 ἐπιγραφῆναι
2608 4810 2913 4885 σκυθρωπῷ
2940 4806 3354 4879 κατορθώματι·
3376 4803 3469 4857 καὶ
3494 4800 3639 4873 μόνον
3664 4792 3742 4888 ξὺχ

529 4915 636 4959 tem
690 4908 757 4960 ad
812 4882 1071 4978 iemplum
1114 4882 1516 4978 pertraxerunt.
1568 4882 1734 4960 Certe
1786 4904 1840 4958 id
1891 4907 2020 4959 dum
2070 4917 2101 4957 e

2208 4882 2481 4958 εἵλκυσαν
2522 4882 2782 4975 βραδῦνον
2841 4903 2932 4954 ἐπὶ
2965 4900 3059 4953 τὸν
3128 4899 3254 4951 ναὸν
3289 4896 3351 4950 τὸ
3397 4893 3534 4963 πῦρ·
3580 4882 3739 4956 ἀμέλει

531 5002 808 5061 superiore
842 5002 974 5055 urbe
1006 5001 1397 5053 inﬂammatum
1440 5006 1755 5063 cernerent,
1796 5010 1973 5065 neque
2005 4997 2103 5047 do-

531 5083 749 5137 luerunt
784 5100 955 5152 neque
998 5091 1259 5163 lacrymis
1297 5090 1501 5159 dignati
1552 5097 1698 5143 sunt.
1725 5107 1744 5139 ι
1779 5089 1957 5155 Atque
1986 5085 2100 5138 hanc

533 5176 844 5228 acciderunt
875 5185 1095 5242 propter
1125 5173 1213 5225 illa
1249 5182 1430 5240 verba,
1471 5179 1586 5231 Erit
1637 5178 1774 5231 enim
1823 5174 2099 5227 tribulatio

530 5283 722 5335 magna
747 5280 765 5317 :
792 5267 842 5319 id
891 5265 1033 5335 quod
1082 5278 1110 5317 a
1150 5263 1439 5322 Servatore
1469 5272 1810 5335 praedictum,
1849 5276 1969 5336 post
2000 5282 2099 5318 au-

532 5375 659 5411 num
682 5359 911 5426 denique
932 5357 1423 5426 quadragesimum,
1451 5360 1780 5432 Vespasium
1797 5360 2099 5413 Romanum

533 5451 818 5519 imperium
860 5458 1101 5514 tenente,
1150 5457 1286 5504 teste
1331 5448 1617 5519 historico,
1672 5464 1863 5519 reapse
1914 5447 2099 5503 confe-

530 5552 676 5593 ctum
706 5552 807 5595 est.

602 5632 645 5663 “
680 5632 863 5687 Matth.
904 5632 1151 5699 XXIV,2L

600 5725 713 5793 (τι)
750 5724 883 5778 Cod.
915 5728 978 5779 Α.
1017 5726 1062 5794 t‘.
1085 5724 1368 5794 270.75”.
1402 5725 1491 5786 tv.
1521 5726 1613 5779 ει.

599 5796 712 5865 (δυ)
750 5794 1012 5865 Josephus
1039 5793 1173 5849 Bell.
1200 5793 1327 5848 Jttd.
1357 5800 1443 5851 lib.
1476 5814 1547 5861 γι,
1582 5797 1667 5848 il.

2198 4997 2485 5067 καιόμενον
2521 4999 2585 5049 ἐκ
2612 4997 2710 5063 τῆς
2735 4995 2848 5048 ἀνω
2876 4992 3086 5055 πόλεως
3107 4989 3434 5062 ἀφορῶντες,
3458 4983 3572 5038 οὔτε
3594 4979 3737 5067 ῆλγι·

2199 5105 2298 5141 σαν
2320 5064 2341 5152 ,ν
2374 5087 2495 5141 οὗτε
2531 5086 2853 5157 ἐδάκρυσαν.
2893 5105 2912 5137 ι
2947 5083 3132 5138 Ταῦτα
3178 5079 3267 5135 διὰ
3311 5078 3392 5143 τὸ,
3423 5077 3615 5128 Ἔσται
3643 5064 3736 5157 ἶάρ

2199 5181 2405 5249 θλίψις
2426 5153 2698 5248 μεγάληλ
2757 5178 2786 5229 ὃ
2842 5176 2905 5246 δὴ
2934 5176 3030 5229 καὶ
3062 5170 3372 5245 προρρηθὲν
3404 5166 3507 5221 ὑπὸ

2204 5243 2394 5342 τῆρξλςξ
2420 5243 2835 5342 μεμαρτῦρηται
2869 5243 2972 5322 ὑπὸ
3020 5243 3118 5319 τοῦ
3150 5243 3496 5335 συγγραφέως
3521 5243 3731 5342 μεθ’ξλα

2205 5362 2299 5432 ἔτη
2348 5361 2786 5431 τεσσαράκοντα,
2855 5360 2990 5412 κατὰ.
3048 5358 3143 5427 τὴν
3200 5353 3588 5407 Οὑεσπασιανου
3622 5336 3731 5390 Ῥω·

2209 5453 2381 5523 μαίων
2410 5452 2837 5522 αὺτοκρατορίαν
2871 5449 3157 5523 πληρωθέν
3188 5444 3319 5517 (81).

2270 5719 2380 5788 (81)
2399 5717 2757 5788 l‘rmcetleritizi
2786 5712 3115 5788 atlamussim
3134 5715 3262 5763 sunt
3288 5704 3336 5788 in
3363 5686 3724 5788 Syriafiﬂlfgf

2200 5766 2420 5858 ph‘tt‘n—t‘ili.
2991 5791 3111 5849 post
3156 5766 3419 5845 sequitur,
3435 5766 3589 5821 ταῦτα
3623 5766 3707 5817 συγ
