4008 6526
326 438 431 496 655

401 637 534 698 Εἶτα
568 642 852 715 μεθίστησι
886 650 1011 710 τοὺς
1040 648 1229 716 λόγους
1256 650 1284 701 ὁ
1314 647 1519 719 Κύριος
1547 649 1641 700 ἐπὶ
1675 648 1766 701 τὸν
1798 649 1898 718 τῆς

328 736 637 800 συντελείας
686 738 896 809 καιρὸν,
927 740 1021 792 καί
1074 756 1241 811 φησι·
1296 742 1406 794 Καὶ
1454 742 1625 794 ἔσται
1683 740 1899 809 σημεῖα

325 826 569 894 ἐνὴλὶῳ
613 827 710 881 καὶ
767 827 997 898 σελήνῃ
1053 829 1154 882 καὶ
1210 830 1473 899 ἄστροις.
1522 829 1895 900 Συγκεχῦσθαι

325 918 473 972 δοκεῖ
502 918 572 972 τὰ
596 920 694 991 τῆς
720 920 861 975 κατὰ
889 922 986 992 τὴν
1017 921 1161 990 λέξιν
1189 923 1527 990 ἀκολουθίας,
1579 922 1668 977 διά
1711 922 1774 976 τὸ
1821 922 1897 994 μὴ

323 1011 632 1065 διεστάλθαι
653 1012 1047 1083 ἀφωρισμένως
1074 1016 1143 1069 τά
1170 1032 1230 1069 τε
1275 1017 1404 1087 περ)⁸
1432 1016 1535 1087 τῆς
1583 1001 1900 1087 πολιορκίας

324 1102 416 1156 τοῦ
458 1103 625 1156 τόπου
659 1103 975 1175 λελεγμένα,
1008 1106 1199 1159 καὶτὰ
1248 1108 1377 1178 περὶ
1424 1107 1522 1178 τῆς
1589 1107 1897 1171 συντελείας

322 1193 415 1247 τοῦ
444 1194 660 1258 αἰῶνος.
691 1196 827 1249 Κατ’
857 1196 1164 1267 οἰκονομίαν
1191 1197 1247 1251 δὲ
1276 1198 1385 1269 ἄρα
1416 1198 1508 1252 τοῦ
1539 1198 1683 1252 θείου
1730 1199 1898 1252 Πνεύ-

325 1302 494 1356 ματος
524 1287 557 1357 ἡ
585 1286 817 1355 ἀσάφεια
858 1287 1046 1355 γέγονε
1070 1327 1085 1352 ,
1122 1288 1453 1360 κρύπτοντος
1507 1292 1761 1362 ἐπίτηδες
1799 1293 1897 1363 τῆς

327 1378 435 1432 τῶν
463 1378 673 1432 πολλῶν
698 1378 950 1447 γνώσεως
978 1379 1044 1432 τά
1066 1382 1123 1434 ὲν
1158 1382 1491 1453 ἀπορρήτοις
1518 1384 1622 1437 ὑπὸ
1650 1384 1745 1436 τοῦ
1793 1386 1899 1437 Σω-
1922 1440 1929 1447 _

326 1470 492 1541 τῆρος
522 1471 702 1541 μόνοις
745 1473 855 1534 τοῖς
912 1472 1073 1525 αὑτοῦ
1133 1472 1398 1543 μαθηταῖς
1451 1475 1891 1546 παραδεδομένα·

320 1562 465 1615 οὕτω
514 1562 691 1614 τοίνυν
740 1561 1195 1631 ἀναγνωσόμεθα,
1220 1562 1296 1624 ὼς
1324 1564 1372 1615 εί
1426 1563 1563 1633 μετά
1612 1564 1896 1634 διαστολῆς

320 1656 506 1727 εῐρητο
561 1653 747 1708 τοῦτον
793 1654 886 1708 τὸν
938 1656 1164 1726 τρόπον·
1210 1656 1343 1726 Περὶ
1397 1656 1497 1725 μὲν
1557 1657 1653 1726 τῆς
1707 1673 1894 1709 συντε-

317 1745 468 1811 λείας
503 1746 598 1800 τοῦ
638 1746 867 1811 αἰῶνος,
910 1746 1136 1817 βλέπετε
1192 1748 1264 1817 μή
1302 1764 1386 1810 τις
1439 1747 1582 1817 ὑμᾶς
1620 1748 1891 1819 πλανήσῃ’

318 1837 507 1891 πολλοὶ⁹
557 1838 665 1907 γὰρ
713 1836 1019 1891 ἐλεύσονται
1070 1838 1161 1890 ἐπὶ
1213 1836 1289 1907 τῷ
1337 1836 1559 1907 ὀνόματί
1612 1854 1740 1907 μου·
1800 1838 1894 1891 καὶ

1666 437 1751 491 DE
1790 437 2248 494 THEOPIIANIA.

1926 572 1974 626 Α

3300 378 3349 407 \.

3456 444 3560 497 (5M

2736 560 2805 615 X.

2070 649 2205 704 Exin
2238 649 2537 704 orationem
2566 652 2828 705 convertit
2876 650 3133 705 Servator
3190 650 3257 705 ad
3316 659 3558 719 tempora

1999 742 2506 803 consummationis,
2542 741 2726 811 aitque
2757 760 2769 795 :
2800 741 2868 796 Et
2898 753 3048 796 erunt
3080 744 3232 813 signa
3260 743 3313 795 in
3343 744 3471 806 sole,
3513 753 3560 796 et

1998 832 2144 900 luna,
2197 843 2244 887 et
2281 833 2444 888 stellis
2466 834 2532 887 ".
2562 833 2830 889 Confusus
2868 835 3081 890 videtur
3114 836 3382 889 sermonis
3430 849 3559 888 con-

2000 933 2199 987 textus,
2235 926 2358 993 quia
2409 926 2631 993 praecise
2677 940 2782 979 non
2834 934 2959 981 sunt
3004 927 3281 992 distincta,
3322 941 3443 994 qua:
3494 929 3561 979 de

1998 1014 2103 1070 loci
2132 1015 2447 1070 obsessione
2479 1015 2753 1081 dicuntur,
2780 1012 2847 1071 ab
2879 1016 2944 1071 iis
2974 1033 3091 1086 quae
3122 1019 3185 1071 de
3212 1017 3395 1072 szeculi
3430 1032 3561 1070 con-

1998 1106 2376 1162 summatione.
2418 1105 2675 1161 Prudenti
2709 1116 2884 1161 tamen
2909 1106 3074 1160 divini
3106 1107 3339 1175 Spiritus
3370 1108 3562 1161 volun-

2001 1207 2109 1253 tate
2144 1203 2257 1255 lucc
2294 1200 2600 1255 obscuritas
2635 1200 2853 1265 accidit,
2890 1208 2949 1253 ut
2980 1198 3338 1253 multitudinis
3373 1201 3561 1268 cogni-

2000 1288 2132 1343 tioni
2182 1299 2342 1344 caute
2391 1290 2861 1351 subtraherentur,
2897 1301 3019 1357 qua:
3065 1301 3265 1341 arcano
3308 1286 3563 1340 Servator

1998 1380 2113 1436 suis
2167 1390 2377 1435 tantum
2426 1380 2705 1452 discipulis
2750 1380 3245 1435 commendaverat.
3291 1378 3383 1433 Sic
3429 1394 3562 1448 ergo

1999 1474 2252 1542 legemus,
2290 1474 2443 1544 quasi
2491 1488 2612 1528 cum
2658 1474 3095 1544 interpunctione
3142 1473 3345 1527 dictum
3398 1471 3562 1526 luerit

1997 1573 2055 1618 ut
2080 1564 2323 1634 sequitur
2350 1582 2364 1619 :
2396 1564 2470 1621 De
2502 1567 2966 1622 consummatione
3000 1576 3180 1621 autem
3224 1563 3425 1630 saeculi,
3461 1579 3556 1618 ca-

1995 1666 2208 1734 veteye
2250 1658 2371 1727 quis
2415 1673 2511 1713 vos
2551 1658 2818 1729 decipiat;
2855 1658 3007 1712 multi
3054 1659 3197 1714 enim
3231 1658 3284 1712 in
3335 1658 3552 1713 nomine

1995 1763 2115 1803 meo
2142 1748 2387 1814 venient;
2420 1757 2474 1802 et
2506 1762 2624 1817 quae
2654 1749 2727 1801 ibi
2758 1757 3054 1815 sequuntur
3083 1747 3309 1816 reliqua.
3344 1747 3547 1803 Postre-

1997 1856 2097 1893 mae
2130 1849 2309 1895 autem
2351 1840 2452 1895 loci
2494 1840 2812 1904 obsidionis,
2836 1849 2955 1909 post
2989 1855 3150 1909 quam
3193 1838 3558 1894 restitutionis

314 1928 385 1982 τὰ
412 1929 623 1991 τούτοις
645 1929 914 1999 ἑπόμενα·
947 1930 1075 2000 περὶ
1105 1929 1161 1981 δὲ
1191 1930 1288 1999 τῆς
1318 1928 1628 2000 πολιορκίας
1660 1926 1754 1981 τοῦ
1802 1930 1890 1982 τὸ-

1995 1930 2136 1985 uulla
2166 1946 2308 2001 spes,
2332 1930 2434 1986 hoc
2464 1931 2715 1985 indicium
2744 1944 2863 1985 esse
2893 1932 3052 1985 debet
3078 1947 3092 1984 :
3118 1944 3281 1999 quum
3316 1929 3561 1985 videritis

317 2033 421 2069 που
473 2017 573 2087 τῆς
630 2016 886 2087 ὑστάτης,
923 2017 1042 2087 μεθ’
1089 2018 1154 2087 ἣν
1198 2019 1297 2071 οὐκ
1344 2017 1488 2070 ἐστιν
1538 2014 1692 2081 αὖθις
1736 2018 1894 2118 αὐτοις

1995 2027 2385 2080 circumdatam
2419 2025 2485 2079 ab
2520 2024 2852 2079 exercitibus
2890 2022 3249 2089 Hierusalem,
3287 2032 3417 2076 tunc
3452 2024 3562 2077 sci-

317 2105 906 2177 ἀνοιγοδομηθήσεσθαι
944 2107 1269 2177 προσδοκᾷν,
1301 2106 1444 2159 τοῦτ’
1469 2107 1611 2177 ἔχειν
1638 2105 1894 2180 ὠφείλετᾴ

1998 2126 2105 2172 tote
2131 2117 2437 2172 vastitatem
2464 2116 2583 2185 ejus
2612 2116 2834 2179 instare,
2866 2117 3091 2184 ideoque
3117 2131 3235 2183 quze
3258 2115 3305 2168 ei
3335 2114 3407 2168 rei
3437 2123 3563 2168 sunt

316 2200 379 2252 τὸ
417 2202 641 2271 σημεῖον
661 2217 675 2230 ·
707 2200 833 2252 ὅταν
892 2199 1043 2269 ίδητε
1069 2198 1439 2270 κυκλουμένην
1467 2200 1571 2252 ὑπὸ
1598 2199 1707 2251 τῶν
1742 2216 1902 2270 στρα-

316 2292 562 2346 τοπέδων
599 2292 698 2364 τὴν
748 2290 1098 2364 Ἰερουσαλὴμ
1122 2331 1137 2356 ,
1178 2292 1300 2346 τότε
1342 2291 1516 2362 γνῶτε
1560 2292 1641 2345 ὅτι
1673 2292 1899 2362 ἤγγικεν

316 2385 349 2454 ἠ
378 2385 663 2455 ἐρήμωσις
696 2386 886 2456 αὐτῆς,
917 2385 1009 2439 καὶ
1034 2385 1103 2439 τὰ
1135 2385 1343 2447 τούτοις
1364 2383 1633 2437 ἀκόλουθα
1661 2385 1864 2436 ποιεῖτε
1883 2400 1896 2414 ⁸

314 2479 447 2549 περὶ
472 2477 530 2530 δὲ
555 2478 655 2549 τῆς
688 2477 830 2531 κατὰ
858 2478 958 2549 τὴν
1000 2477 1307 2530 συντέλειαν
1337 2477 1431 2529 τοῦ
1468 2476 1664 2539 αἰῶνος
1698 2494 1901 2548 παρου-

315 2574 436 2639 σίας
468 2574 561 2627 τοῦ
608 2574 992 2646 Ἀντιχρίστου,
1023 2574 1174 2629 ταῦθ’
1210 2575 1336 2645 ὑμῖν
1368 2574 1529 2642 λέγω·
1542 2576 1753 2628 Ἔσται
1777 2575 1909 2627 τότε
1937 2576 2139 2643 θλίψις
2165 2576 2395 2646 μεγάλη
2414 2592 2428 2607 ο
2475 2575 2643 2630 ταῦτα
2684 2575 2780 2647 μὲν
2824 2574 2952 2647 περὶ
2995 2575 3092 2646 τῆς
3118 2576 3259 2628 κατά
3284 2574 3372 2627 τὸν
3403 2573 3566 2626 τόπον
3646 2604 3649 2607 ι

312 2666 675 2738 νομιζομένης
700 2666 1029 2736 συγχύσεως.

387 2758 503 2828 (82)
532 2759 742 2823 Ταῦτα,
780 2758 1016 2828 συγγενῆ
1047 2760 1174 2812 δντα
1199 2762 1310 2821 τοῖς
1343 2758 1493 2828 παρά
1530 2758 1605 2829 τῷ
1633 2759 1896 2831 Ματθαίῳ

314 2854 373 2904 ὲν
401 2850 479 2921 τῷ
503 2852 618 2922 ὄρει
656 2850 765 2904 τῶν
797 2851 1021 2904 Ἐλαιῶν
1050 2850 1185 2922 πρὸς
1225 2850 1349 2912 τοὺς
1393 2850 1724 2913 ἀποστόλους
1767 2850 1895 2920 περὶ

316 2942 627 3007 συντελείας
659 2942 1133 3014 παραδεδομένοις,
1168 2941 1395 3012 φέρεται
1426 2940 1576 3011 παρά
1608 2940 1686 3012 τῷ
1709 2944 1893 3013 Λουκᾷ

312 3034 390 3097 ὡς
412 3033 679 3105 εἰρημένα
700 3034 803 3104 πρὸ
822 3034 920 3103 τῆς
950 3032 1157 3085 εἰσόδου
1185 3031 1349 3085 αὑτοῦ
1378 3032 1478 3102 τῆς
1516 3031 1891 3103 Ἰερουσαλὴμ,

314 3124 702 3196 ὲνδιατρίϐοντι
733 3125 932 3195 μεταξὺ
965 3123 1277 3195 Σαμαρείας
1303 3123 1397 3176 καὶ
1435 3123 1742 3187 Γαλιλαίας.
1802 3127 1886 3175 Δι-

311 3215 502 3271 δάσκει
531 3217 589 3269 δὲ
609 3215 696 3270 διά
715 3215 918 3270 τούτων
947 3217 1020 3286 μὴ
1047 3216 1156 3269 δεῖν
1189 3214 1647 3286 συναρπάζεσθαι,
1673 3215 1725 3268 εἰ
1740 3232 1890 3276 ποτε,

314 3309 636 3373 ἐπιστάντος
671 3308 765 3362 τοῦ
794 3308 1179 3380 Ἀντιχρίστου,
1234 3307 1502 3378 διατρέχοι
1562 3308 1721 3379 φήμη
1768 3307 1895 3378 περὶ

313 3401 701 3465 αύτοῦ,ὼςτοῢ
733 3401 967 3473 Χριστοῦ
1000 3401 1275 3469 φανέντος.
1303 3400 1396 3455 Διό
1417 3417 1550 3471 φησι
1569 3416 1582 3429 ·
1632 3400 1765 3453 Ἐὰν
1796 3400 1895 3453 λέ-

313 3509 503 3564 γωσιν
535 3494 697 3562 ὑμῖν,
727 3494 879 3549 Ἰδοὺ
908 3489 1044 3557 ὦδε,
1069 3495 1107 3562 ἢ
1144 3494 1272 3548 ἰδοὺ
1302 3494 1445 3559 ἐκεῖ,
1474 3492 1558 3562 μὴ
1592 3492 1892 3559 ἐξέλθητε,

309 3584 470 3653 μηδὲ
527 3585 810 3657 διῴξητε·
878 3585 1135 3641 ἀδύνατον
1199 3586 1307 3657 γὰρ
1368 3585 1551 3639 λοιπὸν
1606 3585 1697 3637 τὸν
1748 3584 1893 3650 anas

311 3677 408 3729 ἐπὶ
447 3678 551 3748 γῆς
601 3677 838 3747 φανέντα
889 3676 1050 3730 πάλιν
1100 3678 1159 3729 ὲν
1214 3676 1437 3745 γωνίαις
1486 3676 1591 3745 γῆς
1642 3675 1743 3738 τάς
1779 3676 1894 3728 δια-

312 3769 507 3836 τριϐὰς
558 3770 905 3841 ποιήσασθαι.
957 3770 1020 3822 Ei
1077 3765 1170 3822 οὖν
1215 3786 1299 3831 τις
1347 3768 1501 3822 ἔσται
1551 3763 1724 3838 ὧδεῆ
1780 3770 1895 3821 ἐκεῖ

313 3855 749 3928 θρυλλούμενος,
821 3861 895 3932 μὴ
966 3858 1259 3930 ὲξέρχησθε
1325 3860 1516 3929 ὑμεῖς,
1599 3859 1737 3930 μηδὲ
1811 3877 1895 3912 πι-

315 3947 545 4016 στεύητε
604 3955 717 4015 τοῖς
782 3951 1127 4022 λεγομένοις·
1194 3950 1353 4013 ἄλλος
1420 3950 1529 4025 γὰρ
1597 3951 1751 4005 ἔσται
1806 3969 1892 4015 τις

310 4030 508 4103 οὗτος,
564 4043 661 4091 καὶ
716 4044 813 4114 ούχ
872 4044 901 4095 ὁ
958 4042 1164 4113 ἀληθὴς
1226 4041 1492 4112 Χριστός·
1550 4035 1595 4110 ᾧ
1648 4043 1753 4113 χρὴ
1817 4043 1891 4113 μὴ

312 4130 624 4201 προσέχειν.
663 4130 736 4184 Τὸ
785 4129 893 4203 γὰρ
934 4134 1186 4203 μέγιστον
1239 4136 1461 4203 σημεῖον
1500 4134 1599 4198 τῆς
1636 4134 1893 4207 δευτέρας

309 4220 408 4277 τοῦ
434 4221 686 4292 Σωτῆρος
709 4223 741 4291 ἡ
751 4221 867 4291 μῶν
901 4225 1199 4294 παρουσίας
1224 4226 1299 4287 ὼς
1319 4226 1570 4297 ἀστραπὴ
1605 4224 1777 4288 ἔσται,
1794 4226 1891 4296 οὐχ

310 4313 475 4384 ὁμοία
508 4316 627 4376 ταῖς
656 4314 877 4376 πολλαῖς
900 4315 992 4367 καὶ
1023 4316 1080 4370 ὲν
1115 4317 1272 4387 μέρει
1308 4316 1399 4369 τοῦ
1432 4317 1628 4380 παντὸς
1658 4317 1746 4371 ἀεὶ
1768 4333 1894 4385 φαι-

310 4403 585 4475 νομέναις,
632 4404 768 4459 ἀλλὰ
813 4423 895 4469 τις
925 4406 1199 4471 ίδιάζουσα
1243 4408 1338 4461 καὶ
1370 4407 1516 4479 ξένη,
1573 4408 1667 4460 τὸν
1716 4407 1892 4461 πάντα

1995 2205 2184 2259 idonea
2219 2203 2398 2259 facite.
2436 2204 2675 2275 Denique
2702 2206 2766 2259 de
2793 2204 3117 2259 Antichristi
3142 2205 3285 2258 circa
3310 2219 3563 2259 consum-

1997 2298 2289 2350 mationem
2317 2295 2496 2351 saeculi
2528 2297 2782 2361 adventu,
2819 2296 2919 2350 hoc
2948 2296 3101 2351 vobis
3128 2296 3216 2349 aio
3243 2314 3254 2348 :
3282 2292 3400 2347 Erit
3441 2303 3564 2345 tunc

1997 2386 2270 2441 tribulatio
2302 2404 2512 2458 magna.
2544 2387 2818 2444 Hactenus
2846 2391 2912 2442 de
2945 2388 3109 2458 hujus
3139 2385 3432 2456 evangelici
3460 2384 3564 2438 loci

1997 2488 2179 2548 putata
2212 2480 2550 2535 confusione.

2076 2756 2223 2821 "me,
2280 2763 2505 2825 cognata
2555 2756 2661 2810 illis
2708 2770 2828 2825 quae
2884 2755 3023 2826 apud
3072 2755 3378 2809 Matthzeum
3412 2756 3454 2787 ¹⁸
3510 2755 3563 2807 ἰιι

2000 2853 2182 2901 monte
2226 2844 2501 2898 Olivarum
2548 2846 2803 2899 dicuntur
2836 2846 3094 2911 apostolis
3114 2848 3179 2899 de
3219 2846 3400 2899 mumli
3434 2845 3562 2909 line,

1998 2939 2137 3007 apud
2170 2936 2431 2991 Lucam"
2466 2946 2758 2989 narrantur
2791 2952 2892 2990 ceu
2924 2938 3066 2992 dicta
3100 2946 3225 2991 ante
3260 2937 3564 3006 ingressum

1999 3031 2053 3086 in
2086 3032 2275 3086 urbem
2312 3028 2679 3093 Hierusalem,
2718 3038 2964 3085 morante
3003 3028 3127 3085 Jesu
3180 3030 3321 3085 inter
3371 3028 3563 3085 Sama-

1998 3122 2136 3176 riam
2172 3129 2227 3175 et
2277 3119 2574 3175 Galilaeam.
2626 3119 2792 3173 Docet
2838 3130 3014 3173 autem
3068 3120 3152 3176 his
3203 3120 3400 3185 verbis,
3457 3135 3564 3175 non

1996 3224 2246 3285 oportere
2276 3228 2600 3284 quemquam
2622 3226 2808 3267 errore
2838 3212 3026 3283 abripi,
3054 3215 3098 3269 si
3129 3214 3441 3283 aliquando,
3486 3215 3566 3268 in-

1996 3316 2173 3363 stante
2202 3307 2527 3361 Antichristi
2557 3316 2817 3376 tempore,
2856 3306 3000 3359 fama
3049 3308 3114 3362 de
3145 3322 3209 3361 eo
3240 3317 3564 3377 pervagetur

1996 3399 2149 3468 quasi
2199 3397 2448 3453 Christus
2498 3399 2829 3469 apparuerit.
2882 3399 3087 3453 Idcirco
3135 3400 3209 3453 ait
3250 3416 3264 3452 :
3301 3396 3361 3453 Si
3421 3401 3564 3452 vobis

1995 3489 2247 3556 dixerint,
2283 3488 2415 3545 Ecce
2470 3492 2571 3557 hic,
2629 3500 2674 3544 et
2714 3507 2826 3545 ecce
2885 3492 3013 3555 illic,
3071 3491 3228 3544 nolite
3285 3490 3357 3539 ire
3404 3507 3565 3547 neque

1994 3584 2259 3636 sectamini
2307 3599 2325 3637 :
2382 3583 2713 3652 impossibile
2766 3584 2908 3638 enim
2946 3592 3047 3649 est,
3074 3598 3200 3639 eum
3253 3586 3344 3655 qui
3396 3584 3567 3640 semel

1995 3673 2049 3727 in
2080 3683 2225 3729 terra
2258 3675 2595 3744 apparuerit,
2632 3691 2820 3731 rursus
2851 3676 2903 3730 in
2936 3674 3145 3746 angulis
3185 3685 3347 3730 terra:
3382 3691 3566 3730 moras

1996 3766 2234 3819 trahere.
2273 3766 2329 3821 Si
2360 3782 2489 3837 ergo
2531 3783 2717 3822 rumor
2764 3766 3000 3833 dicatur,
3059 3768 3187 3822 Ecce
3216 3770 3320 3833 hic,
3365 3778 3411 3823 et
3451 3785 3566 3822 ecce

1992 3858 2128 3923 illic,
2149 3873 2313 3915 nonte
2336 3875 2430 3915 vos
2454 3860 2554 3925 ire,
2582 3875 2758 3929 neque
2781 3860 2943 3914 dictis
2964 3860 3218 3913 credatis.
3249 3859 3399 3915 Alius
3420 3860 3562 3913 enim

1994 3950 2222 4017 quilibet
2274 3950 2379 4003 erit
2429 3950 2554 4013 iste,
2593 3963 2698 4003 nou
2736 3957 2917 4004 autem
2952 3962 3110 4003 verus
3153 3949 3431 4014 Christus;
3478 3948 3564 4002 cui

1996 4050 2281 4109 propterea
2314 4055 2417 4092 non
2441 4049 2524 4093 est
2548 4038 2960 4092 attemlendum.
2985 4036 3120 4091 Nam
3144 4039 3354 4108 signum
3391 4039 3565 4093 maxi—

1996 4144 2140 4183 mum
2172 4129 2396 4182 secundi
2427 4129 2695 4181 adventus
2725 4127 3032 4183 Servatoris
3077 4130 3269 4198 nostri,
3308 4138 3563 4198 tanquam

1994 4221 2172 4289 fulgur
2201 4220 2307 4275 erit
2363 4220 2586 4274 minime
2620 4220 2796 4275 simile
2828 4221 2949 4275 aliis
2977 4224 3161 4277 multis
3206 4223 3257 4277 in
3288 4233 3440 4291 parte
3464 4223 3563 4277 ali-

1992 4329 2099 4383 qua
2130 4314 2313 4367 mundi
2342 4315 2753 4383 apparentibus,
2799 4315 2893 4369 sed
2922 4316 3198 4386 singulare
3234 4332 3297 4372 ac
3325 4317 3564 4387 peregri-

1994 4422 2122 4459 num
2168 4415 2331 4474 atque
2381 4405 2693 4459 universum
2738 4408 2923 4461 urbem
2968 4420 3191 4476 repente
3242 4411 3561 4479 pervadens.

311 4498 520 4567 κόσμον
549 4496 759 4567 ἀθρόως
785 4497 1087 4568 πληροῦσα.
1117 4498 1205 4551 Διό
1236 4516 1369 4570 φησι
1391 4515 1405 4529 ο
1448 4498 1892 4567 Ἁστρὰπτουσα

1995 4495 2115 4550 ideo
2144 4496 2276 4550 dicit
2300 4510 2315 4549 :
2339 4495 2636 4550 Coruscans
2660 4497 2721 4551 de
2744 4498 2974 4550 subdiali
2998 4499 3367 4553 in'subdialem
3397 4502 3564 4567 regio-

308 4590 380 4643 ἐκ
407 4588 516 4657 τῆς
539 4590 639 4643 ὑπ’
665 4591 925 4657 οὐρανὸν
953 4594 1039 4657 εἰς
1075 4591 1190 4659 τὴν
1220 4593 1319 4647 ὑπ’
1346 4594 1603 4660 οὐρανὸν
1625 4592 1845 4661 λάμπει
1874 4609 1888 4625 ο

309 4680 501 4748 οὕτως
524 4678 636 4737 οὖν
654 4684 844 4747 ἔσται,
879 4684 1063 4755 φησὶν,
1094 4687 1127 4738 ό
1168 4684 1301 4751 Υἱὸς
1323 4684 1430 4739 τοῦ
1453 4683 1765 4752 ἀνθρώπου
1790 4684 1887 4738 ἐπὶ

308 4776 617 4844 παρουσίᾳ
694 4776 920 4831 αὐτοῦ’
990 4777 1172 4831 οὐκέτι
1247 4778 1355 4850 γὰρ
1428 4776 1889 4849 περιϐεϐλημένος

309 4867 495 4939 σάρκα
554 4866 794 4939 φθαρτὴν
850 4867 911 4933 ἐξ
970 4869 1195 4938 αἵματος
1248 4870 1343 4923 καὶ
1398 4870 1598 4922 ὀστέων
1664 4885 1885 4937 συγκει-

314 4958 486 5029 μένην
528 4957 638 5026 (83)
680 4957 911 5027 βαδίζει,
950 4957 1058 5010 ουδ’
1096 4960 1190 5011 ἐπὶ
1240 4957 1346 5022 γῆς
1401 4957 1631 5027 βαδίζων
1677 4954 1768 5011 οἷά
1802 4976 1887 5022 τις

311 5048 492 5113 κοινὸς
557 5049 839 5121 ἄνθρωπος
916 5052 1255 5124 ὀφθήσεται,
1326 5049 1439 5104 ἀλλ’
1512 5050 1547 5110 ἦ
1622 5050 1891 5123 ὲκλάμψει

312 5136 432 5198 ὂλος
492 5138 561 5199 δι’
609 5139 729 5192 ὅλου
755 5180 771 5205 ,
821 5139 885 5193 τὸ
931 5139 1049 5209 φῶς
1098 5140 1197 5211 τῆς
1249 5140 1413 5194 αὐτοῦ
1472 5139 1725 5209 θεότητος
1778 5142 1891 5202 τοῖς

315 5226 453 5279 πᾶσι
517 5227 760 5292 δεικνὺς,
822 5228 918 5283 ἆτε
977 5228 1139 5291 αὐτὸς
1200 5226 1275 5281 ὣν
1324 5227 1384 5281 τὸ
1441 5227 1674 5297 φωτίζον
1714 5228 1891 5281 πάντα

314 5316 600 5387 ἄνθρωπον
656 5318 945 5388 ἐρχόμενον
1001 5322 1083 5383 είς
1135 5319 1499 5390 τὸν-κόσμον.
1553 5319 1740 5383 Οὕτως
1795 5315 1889 5373 οὖν

319 5433 513 5487 "Luc.
556 5448 667 5497 XXI,
704 5432 796 5487 25.
874 5435 918 5467 ¹⁸
962 5436 1307 5499 Mattlt.xxtv,
1340 5436 1395 5489 '5.
1436 5437 1480 5467 "
1510 5435 1644 5489 Luc.
1678 5451 1814 5499 xvtt,
1843 5436 1935 5494 25.

314 5529 472 5602 γενῇ,
505 5538 634 5602 εις-τ,
664 5530 980 5602 [ροιινιίη-τιιίιιι
1008 5532 1202 5602 dicitur
1229 5532 1280 5584 in
1305 5532 1491 5602 codice
1515 5532 1577 5583 A.
1608 5530 1645 5584 f.
1674 5531 1806 5602 255,
1828 5530 1885 5595 Ι),

317 5596 380 5655 ex
420 5596 634 5651 Eusebii
662 5596 702 5649 Τ
705 5598 1007 5669 hcophgnia:
1040 5601 1177 5653 libro
1206 5612 1423 5669 quarto.
1451 5600 1553 5667 Qui
1582 5610 1760 5655 autem
1799 5601 1886 5655 hic

318 5670 829 5739 interiacettractus
848 5664 965 5720 εἶτα
987 5664 1294 5739 μεθίστησι,
1318 5680 1449 5733 etc.,
1466 5664 1589 5725 cum
1615 5671 1666 5724 in
1698 5672 1885 5726 codice

315 5742 384 5793 Δ.
439 5738 474 5790 1’.
520 5736 651 5808 270,
704 5739 924 5793 omnino
960 5736 1318 5808 connectatur
1368 5753 1489 5794 cum
1543 5742 1884 5808 praecedente

317 5806 937 5888 nigpwliévheidemque
969 5807 1199 5863 Eusebio
1245 5806 1591 5888 inscribatur,
1628 5811 1883 5888 nullaque

1997 4604 2134 4643 nem.
2171 4586 2261 4641 Sic
2288 4590 2404 4651 erit,
2432 4588 2625 4659 inquit,
2655 4586 2828 4641 Filius
2854 4590 3081 4643 hominis
3108 4590 3160 4644 in
3192 4592 3415 4645 adventu
3443 4610 3561 4649 suo.

1994 4678 2209 4734 Etenim
2256 4679 2399 4734 haud
2446 4680 2561 4750 jam
2606 4680 2951 4749 corruptibili
3009 4695 3173 4736 carne
3222 4682 3459 4749 indutus,
3510 4695 3565 4738 et

1993 4772 2257 4842 sanguine
2284 4774 2606 4841 ossibusque
2636 4782 2956 4842 compactus
2990 4774 3266 4843 procedet,
3299 4790 3477 4846 neque
3509 4776 3560 4830 in

1996 4872 2139 4918 terra
2176 4864 2459 4919 ambulans
2491 4878 2641 4919 more
2670 4866 2975 4922 communis
3008 4866 3246 4923 hominis
3271 4867 3563 4938 conspicie-

1996 4962 2104 5020 tur,
2135 4955 2228 5011 sed
2259 4955 2566 5011 comscabit
2600 4963 2745 5011 totus
2774 4971 2868 5026 per
2894 4965 3085 5025 totum,
3110 4958 3413 5012 divinitatis
3451 4972 3563 5011 sure

1994 5048 2174 5103 lumen
2220 5050 2432 5105 cunctis
2471 5052 2786 5116 ostendens,
2820 5067 2985 5118 quum
3021 5053 3092 5107 sit
3141 5054 3257 5121 ipse
3290 5052 3383 5121 qui
3436 5049 3559 5103 illu-

1994 5137 2164 5191 minat
2194 5153 2409 5192 omnem
2461 5139 2734 5193 hominem
2766 5138 3067 5193 venientem
3115 5137 3170 5191 in
3223 5139 3366 5190 hunc
3404 5150 3558 5188 mttu-

1993 5227 2145 5283 dum.
2169 5227 2259 5283 Sic
2281 5230 2505 5300 itaquea
2528 5231 2683 5286 nobis
2708 5244 2768 5287 se
2804 5244 2928 5285 esse
2948 5227 3363 5299 exspectandum
3380 5226 3552 5280 docet.

1992 5319 2146 5386 Quod
2181 5320 2229 5376 si
2260 5323 2312 5375 in
2352 5332 2496 5378 terra
2533 5323 2717 5379 dicant
2748 5322 3003 5393 aliquem,
3040 5320 3129 5376 vel
3177 5319 3341 5373 fando
3370 5318 3557 5372 audia-

1985 5529 2193 5594 debuit,
2224 5528 2340 5583 sive
2381 5541 2572 5597 reapse
2619 5528 2687 5583 ad
2730 5526 3119 5592 Thwphaniam
3160 5523 3449 5598 pertineat,
3494 5533 3553 5581 ut

1984 5602 2217 5660 videtur,
2245 5598 2360 5652 sive
2392 5600 2457 5651 ad
2482 5599 2958 5653 commentarium.

2076 5671 2166 5732 εξ.)
2192 5669 2329 5722 Cod.
2349 5669 2415 5721 A.
2442 5668 2483 5721 r.
2508 5667 2633 5721 εδδ.
2665 5668 2718 5723 b.
2744 5668 2868 5737 syr.
2905 5665 2994 5729 tv,
3022 5666 3113 5720 35.

2075 5740 2164 5808 85)
2214 5738 2323 5792 Hoc
2386 5737 2617 5792 refertur
2668 5740 2733 5792 ad
2788 5734 3383 5808 incorruptibilitatem;
3445 5751 3552 5791 non

1979 5807 2121 5879 quod
2158 5810 2423 5866 Eusebius
2456 5817 2611 5880 neget
2633 5809 2833 5866 Christi
2859 5822 3078 5863 carnem
3103 5807 3157 5861 in
3186 5810 3421 5864 secundo
3453 5809 3551 5862 ad=

319 5878 723 5948 intercapedine
745 5878 1077 5949 sejungatur,
1124 5893 1349 5950 prorsus
1373 5893 1403 5936 ει
1452 5881 1726 5954 nobishic
1752 5882 1878 5952 poni
1982 5878 2167 5937 ventu.
