4008 6562
464 488 475 507 κ
520 421 639 479 εδδ

1197 417 1464 476 ΕυδΕ-ΒΙΙ
1502 415 1979 476 CASSARIENSIS
2013 414 2102 472 ΟΡ

2208 414 2391 469 PARS
2429 414 2518 470 IV.
2558 442 2628 455 -—
2667 411 3093 470 DOGMATICA.

3653 418 3739 475 656

533 555 621 598 tur
651 558 716 598 ex
756 540 1046 595 multorum
1094 554 1334 605 rumore,
1393 540 1566 610 ipsum
1615 553 1736 594 esse
1782 545 2102 607 praesentem

2207 532 2312 585 δεῖν
2344 531 2648 604 προσδοκᾷν
2680 531 2842 584 αὑτὸν
2874 530 3135 584 διδάσκει.
3161 528 3222 581 Ei
3248 527 3305 581 δέ
3337 528 3426 581 ἐπὶ
3452 529 3547 600 γῆς
3561 531 3741 601 λέγοιτό

531 638 807 691 Christum
848 635 905 688 in
956 633 1193 689 secundo
1239 649 1336 689 suo
1386 634 1619 689 adventu
1653 650 1668 687 :
1700 631 1836 695 Vos,
1899 630 2096 701 inquit,

518 725 948 790 .nolitecrederc,
966 740 1141 795 nequc
1166 723 1235 779 de
1262 724 1386 780 loco
1419 732 1603 780 vestro
1623 722 1853 779 exeatis.

599 1005 798 1076 Utique
856 1001 1185 1059 Samaritani
1261 998 1597 1062 Dosithcum,
1649 995 1739 1065 qui
1790 994 2098 1049 Servatoris

528 1101 671 1157 aetati
709 1098 994 1162 successit,
1032 1094 1353 1165 prophetam
1389 1091 1537 1146 illum
1572 1103 1691 1144 esse
1718 1087 1933 1158 ,Moysis
1961 1086 2099 1140 vati-

528 1193 671 1248 cinio
690 1189 1041 1262 promissum,
1070 1184 1296 1240 firmiter
1324 1179 1569 1236 arbitrati
1601 1186 1751 1243 sunt;
1780 1178 1917 1231 adeo
1948 1176 2098 1230 frau-

527 1287 685 1339 dibus
712 1284 829 1349 ejus
860 1279 1024 1349 capti,
1061 1286 1119 1331 ut
1145 1273 1344 1331 Christi
1380 1273 1497 1328 loco
1530 1271 1835 1325 habendum
1868 1284 2097 1324 censue-

526 1379 656 1431 rint.
689 1375 793 1429 Alii
838 1387 969 1427 vero
1030 1372 1143 1435 ipsa
1184 1365 1565 1438 Apostolorum
1612 1372 1770 1418 :etate
1821 1362 2119 1439 Simoneml

516 1482 742 1537 magum
808 1479 1059 1535 magnam
1120 1462 1215 1516 Dei
1274 1460 1529 1514 virtutem
1604 1455 1972 1526 appellabant,
2044 1462 2099 1507 et

522 1560 802 1615 Christum
830 1571 951 1611 esse
979 1555 1241 1625 putabant
1270 1571 1283 1607 :
1317 1560 1431 1605 tum
1468 1549 1559 1604 alii
1600 1548 1804 1619 pariter
1833 1547 1887 1601 in
1920 1546 2098 1615 Phry-

527 1653 611 1721 gia
643 1651 956 1705 Montanum
986 1666 999 1702 :
1035 1647 1123 1701 alii
1143 1645 1377 1714 denique
1408 1642 1542 1696 alios
1565 1639 1797 1695 diversis
1838 1638 1970 1692 locis
1999 1639 2099 1692 hac

527 1744 777 1814 opinione
811 1739 1081 1810 prosecuti
1111 1747 1256 1792 sunt.
1298 1734 1484 1804 Neque
1523 1732 1683 1787 ﬁnem
1722 1730 1925 1786 facient
1951 1740 2099 1784 vete-

527 1845 754 1888 ratores.
803 1830 937 1885 Nam
1001 1838 1057 1886 et
1101 1828 1191 1884 alii
1227 1827 1408 1897 plures
1443 1823 1707 1893 ejusmodi
1742 1821 2095 1892 exspectandi

527 1938 652 1986 sunt
680 1948 695 1983 :
723 1928 813 1998 qui
847 1941 981 1982 sane
1008 1934 1066 1980 et
1090 1925 1190 1994 ipsi
1227 1921 1573 1979 oraculorum
1596 1934 1627 1973 a
1656 1918 1949 1975 Servatore
1985 1919 2100 1973 edi-

527 2032 703 2077 torum
725 2021 1011 2077 veritatem
1038 2018 1384 2074 confirmant.

1271 2106 1360 2160 XI.

597 2202 705 2257 Par
731 2210 813 2259 est
844 2200 1100 2269 admirari
1133 2214 1228 2254 nos
1259 2199 1528 2253 sinceram
1552 2208 1909 2265 verticemque
1946 2194 2101 2250 indo-

525 2294 629 2350 lem
663 2309 727 2349 ac
755 2292 1149 2364 philosophiam
1172 2289 1513 2359 evangelista:
1544 2288 1804 2343 Matthtei.
1839 2286 1934 2340 llic
1954 2286 2099 2341 enim

527 2385 866 2454 superiorem
890 2383 1014 2437 vitae
1063 2389 1271 2450 partem
1304 2379 1445 2434 haud
1493 2392 1523 2431 a
1570 2386 1753 2432 sancta
1787 2375 2101 2443 auspicatus

526 2476 708 2530 fuerat
738 2474 1094 2545 professione,
1149 2473 1242 2527 sed
1286 2473 1354 2527 ab
1414 2468 1588 2524 ollicio
1619 2468 1886 2524 telonario
1937 2475 2101 2536 atque

526 2571 596 2625 ab
622 2570 861 2624 avaritia:
892 2568 1088 2623 studio.
1116 2566 1300 2636 Neque
1334 2565 1434 2619 hoc
1462 2563 1748 2633 quisquam
1776 2569 2099 2616 cazterorum

527 2661 982 2732 evangelistarum
1025 2659 1181 2713 nobis
1222 2656 1576 2722 revelaverat,
1607 2670 1713 2709 non
1746 2652 1863 2722 ejus
1902 2666 2100 2720 coapo-

528 2757 699 2811 stolus
732 2754 991 2818 Joannes,
1025 2768 1132 2808 non
1164 2752 1364 2816 Lucas,
1397 2764 1571 2817 neque
1598 2747 1837 2813 Marcus,
1865 2746 1955 2815 qui
1982 2761 2099 2800 caa-

516 2859 640 2903 4era
670 2848 961 2917 Evangelia
990 2848 1345 2917 scripserunt.
1367 2844 1472 2899 Sed
1495 2842 1668 2897 Lucas
1696 2841 1935 2910 quidem,
1969 2853 2101 2908 sup-

512 2954 717 3010 presso
746 2947 1011 3009 praesente
1036 2938 1275 3000 nomine,
1318 2936 1598 3005 antiquam
1641 2933 1760 3003 ejus
1788 2931 2099 3001 appellatio-

524 3047 649 3087 nem
721 3032 1024 3102 usurpavit.
1101 3030 1298 3084 Verum
1378 3030 1494 3097 ipse
1571 3026 1881 3088 Matthzeus,
1945 3039 2098 3078 suam

509 3123 812 3195 divulgans
858 3124 1047 3186 vitam,
1102 3122 1290 3191 suique
1346 3127 1635 3174 accusator
1683 3117 1883 3181 factus,
1934 3115 2001 3171 de
2042 3131 2100 3170 se

2200 641 2285 687 τις
2306 625 2398 677 καὶ
2414 623 2662 677 ἀκούοιτο
2690 621 3084 694 θρυλλούμενος
3109 620 3201 675 καὶ
3234 620 3586 691 φημιζόμενοε
3612 627 3743 698 παρὰ

2202 718 2310 780 τοῖς
2344 716 2581 782 πολλοῖς,
2603 715 2678 779 ὡς
2706 716 2867 779 αὐτὸς
2895 733 2971 767 πα
2980 714 3085 786 ρῶν
3118 716 3146 767 ὁ
3203 712 3433 785 Χριστὸς
3485 716 3614 768 κατά
3662 718 3741 789 τὴν

2196 807 2459 879 δευτέραν
2504 807 2666 862 αὐτοῦ
2722 806 3045 879 παρουσίαν,
3095 806 3302 877 Ὑμεῖς,
3350 806 3502 875 φησι,
3556 807 3630 879 μὴ
3669 827 3742 863 m-

2207 898 2487 968 στεύσητε,
2526 898 2659 970 μηδέ
2688 896 2986 970 ἐξέρχησθε
3010 896 3104 950 τοῦ
3136 895 3264 950 ἰδίου
3303 896 3464 949 τόπου

2276 990 2383 1059 (84)
2414 990 2615 1042 Αὐτίκα
2639 990 2973 1060 Σαμαρεῖται
2999 987 3244 1041 Δοσίθεον
3264 985 3401 1057 μετά
3415 986 3535 1049 τοὺς
3552 988 3746 1058 χρόνους

2199 1082 2293 1137 τοῦ
2336 1084 2584 1154 Σωτῆρος
2628 1082 2938 1153 γενόμενον,
2984 1081 3146 1135 αὑτὸν
3179 1076 3317 1133 εἶναι
3355 1080 3442 1133 τὸν
3475 1080 3571 1132 ὑπὸ
3607 1082 3746 1134 Minit-

2204 1175 2341 1238 σέως
2359 1174 2835 1246 προφητευόμενον
2860 1170 3491 1247 προφήτηνξέπείσθησαν
3512 1189 3526 1202 '
3562 1173 3748 1244 ἀπατη-

2202 1268 2384 1333 θέντες
2414 1270 2505 1322 ὑπ’
2538 1267 2727 1333 αὐτοῦ,
2772 1267 2847 1331 ὡς
2880 1268 2970 1320 τὸν
3002 1266 3236 1338 Χριστὸν
3273 1264 3435 1319 αὐτὸν
3465 1260 3593 1317 εἶναι
3629 1265 3747 1317 ἀπο-

2202 1362 2489 1431 φήνασθαι.
2544 1361 2725 1414 Ἀλλοι
2753 1361 2809 1414 δὲ
2840 1360 2981 1414 κατά
3010 1362 3137 1423 τοὺς
3162 1359 3389 1430 χρόνους
3420 1357 3522 1411 τῶν
3551 1359 3749 1411 ἀποστό-

2200 1454 2305 1508 λων
2336 1456 2555 1526 Σίμωνα
2600 1454 2690 1507 τὸν
2720 1454 2892 1522 μάγον
2922 1453 3021 1524 τὴν
3064 1452 3304 1523 μεγάλην
3340 1448 3437 1503 τοῦ
3468 1448 3581 1502 θεοῦ
3613 1448 3749 1502 δύνα-

2204 1565 2295 1618 μιν
2325 1548 2571 1611 ἐκάλουν,
2603 1546 2763 1599 αὑτὸν
2779 1542 2919 1597 εἶναι
2946 1545 3268 1615 νομίσαντες
3287 1542 3379 1596 τὸν
3398 1542 3642 1613 Χριστόνο
3671 1540 3752 1595 καὶ

2202 1640 2342 1693 κατὰ
2374 1640 2470 1712 τὴν
2512 1640 2753 1712 Φρυγίαν
2788 1638 2843 1691 δὲ
2882 1637 3160 1691 Μοντανὸν
3203 1637 3417 1707 ἓτεροισ
3455 1634 3669 1705 ἀλλαχοῦ
3700 1634 3749 1688 δὲ

2200 1731 2367 1785 πάλαι
2411 1731 2630 1803 ἐτέρους
2677 1730 2826 1786 ἄλλοι
2860 1731 3195 1801 νενομίκασι.
3246 1730 3357 1782 Καὶ
3394 1729 3452 1781 οὐ
3488 1723 3752 1782 παύσονταί

2200 1840 2263 1891 γε
2292 1823 2607 1888 ἀπατεῶνες
2626 1841 2640 1853 ο
2689 1824 2994 1896 προσδοκᾷν
3030 1824 3139 1895 γὰρ
3172 1822 3278 1894 χρὴ
3303 1822 3400 1875 καὶ
3434 1820 3635 1884 πλείους
3663 1838 3755 1874 τοι-

2202 1915 2391 1979 ούτους
2426 1915 2642 1971 ἔσεσθαι
2665 1934 2679 1945 ·
2727 1913 2787 1980 ἐξ
2822 1908 2897 1969 ὧν
2924 1916 2987 1987 δὴ
3021 1918 3116 1970 καὶ
3144 1915 3321 1970 αὐτῶν
3362 1918 3395 1985 ἡ
3427 1914 3643 1986 ἀλήθεια
3663 1913 3753 1967 τῶν

2205 2012 2485 2084 σωτηρίων
2513 2010 2874 2083 προγνώσεων
2894 2013 2993 2082 τὴν
3031 2012 3334 2084 μαρτυρίαν
3367 2011 3599 2082 εἴληφεν.

2946 2107 3047 2159 IA'.

2266 2194 2385 2267 (85)
2424 2197 2607 2264 ’Ἄξιον
2662 2198 2943 2270 Θαυμάσαι
2997 2199 3058 2252 τὺ
3098 2199 3373 2253 ἄπλαστον
3418 2200 3510 2252 καὶ
3562 2196 3757 2267 φιλάλη-

2203 2289 2294 2352 Θες
2321 2285 2472 2361 ἦθος,
2505 2292 2599 2344 καὶ
2620 2291 2719 2363 τὴν
2754 2292 3071 2362 φιλοσοφίαν
3097 2290 3191 2344 τοῦ
3223 2288 3602 2361 εὐαγγελιστοῦ
3629 2290 3758 2342 Ματ-

2204 2378 2357 2433 θαίου
2378 2399 2392 2412 ο
2424 2376 2579 2448 οὗτος
2621 2383 2730 2456 γὰρ
2760 2385 2851 2439 τὸν
2882 2385 3143 2459 πρότερον
3184 2383 3295 2454 βίον
3321 2384 3423 2437 οὐκ
3456 2382 3559 2437 ἀπὸ
3585 2381 3759 2452 σεμνῆς

2201 2473 2484 2547 διατριϐῆς
2512 2476 2756 2550 ὡρμᾶτο,
2788 2480 2851 2532 ἐκ
2883 2479 2939 2532 δὲ
2965 2479 3072 2531 τῶν
3098 2477 3239 2547 ἀμφὶ
3272 2477 3375 2540 τὰς
3422 2474 3665 2535 τελωνίας
3682 2472 3760 2525 καὶ

2202 2566 2513 2633 πλεονεξίας
2540 2571 2928 2641 σχολαζόντων.
2960 2572 3068 2625 Καὶ
3094 2570 3253 2624 τοῦτο
3278 2569 3388 2623 τῶν
3416 2567 3607 2621 λοιπῶν
3629 2567 3763 2632 εὐαγ·

2203 2661 2464 2732 γελιστῶν
2507 2663 2683 2726 οὐδεὶς
2712 2663 2870 2732 δῆλον
2905 2664 3036 2734 ἡμῖν
3078 2661 3352 2735 ἐποίησεν,
3386 2662 3481 2732 οὐχ
3512 2663 3539 2715 ὁ
3560 2658 3760 2713 συναπό-

2205 2755 2388 2819 στολος
2442 2754 2606 2808 αὐτοῦ
2651 2755 2927 2825 Ἰωάννης,
2960 2755 3084 2809 οὐδέ
3122 2772 3185 2823 γε
3216 2756 3452 2819 Λουκᾶς,
3483 2753 3597 2806 οὐδὲ
3626 2750 3761 2820 Μάρ-

2202 2866 2317 2913 κος,
2355 2850 2405 2900 οἱ
2446 2847 2553 2901 τῶν
2595 2847 2796 2901 λοιπῶν
2825 2848 3171 2917 Εὐαγγελίων
3217 2849 3577 2918 συγγραφεῖς·
3615 2841 3763 2896 ἀλλ’ὁ

2207 2939 2303 3010 μὲν
2341 2939 2555 3002 Λουκᾶς
2595 2938 2992 3008 συγκαλύπτων
3025 2941 3085 2992 τὸ
3124 2940 3317 3005 ὄνομα,
3365 2942 3432 3009 τῇ
3468 2935 3766 3009 ἀρχαιοτέρα

2202 3032 2543 3103 προσηγορία
2566 3034 2939 3103 κατεχρήσατο
2960 3050 2973 3063 ο
3000 3032 3161 3095 αὐτὸς
3188 3032 3245 3085 δὲ
3266 3031 3545 3094 Ματθαῖος
3566 3030 3649 3082 τὸν
3666 3029 3764 3080 ἐαυ-

2201 3122 2295 3176 τοῦ
2329 3123 2659 3194 στηλιτεύων
2693 3125 2825 3194 βίον,
2862 3125 2956 3177 καὶ
2997 3127 3301 3197 κατήγορος
3342 3124 3537 3178 ἐαυτοῦ
3578 3121 3766 3191 γινόμε-

524 3218 844 3273 nominatim
879 3217 933 3270 in
956 3214 1175 3283 proprio
1204 3212 1479 3267 volumine
1512 3212 1585 3265 ita
1614 3209 1806 3264 scribit
1841 3225 1852 3259 :
1886 3208 1953 3261 Et
1979 3225 2097 3262 cum

2207 3235 2311 3281 νος,
2364 3217 2625 3288 ὀνομαστὶ
2658 3218 2821 3282 αὐτὸς
2856 3217 3053 3272 ἐαυτοῦ
3102 3218 3472 3289 μεμνημένος,
3507 3218 3563 3269 ἐν
3600 3213 3670 3284 τῷ
3703 3212 3767 3262 ol-

526 3311 769 3364 transiret
801 3308 922 3362 inde
955 3306 1133 3371 Iesus,
1166 3304 1300 3359 vidit
1335 3304 1596 3357 hominem
1629 3302 1888 3356 sedentem
1924 3301 1979 3353 in
2023 3308 2100 3353 te-

526 3403 688 3467 lonio,
738 3400 1048 3456 Matt/tantm
1085 3398 1293 3452 nomine
1334 3397 1402 3449 ²⁰.
1450 3396 1656 3462 Quibus
1692 3394 1872 3449 verbis
1908 3392 2102 3447 vulnus

529 3508 693 3559 suum
720 3492 1034 3555 accusabat,
1086 3497 1148 3544 ut
1200 3488 1465 3543 medentis
1512 3496 1685 3541 artem
1726 3486 2098 3541 admirareris.

450 3580 455 3586 ’
524 3585 843 3653 Rursusque
871 3595 1102 3652 pergens
1152 3579 1401 3644 ulterius,
1434 3588 1490 3634 et
1524 3578 1825 3647 catalogum
1862 3577 2102 3646 discipu-

525 3678 702 3732 lorum
734 3688 1082 3750 percenseas,
1116 3672 1231 3741 ipse
1258 3671 1358 3727 sibi
1386 3670 1659 3740 publicani
1698 3684 1894 3725 nomen
1930 3670 2102 3738 impo-

526 3771 629 3832 nit,
657 3765 1159 3836 proptereximiam‘
1184 3779 1333 3818 suam
1353 3763 1655 3819 bonitatem
1681 3763 1821 3817 haud
1847 3762 2103 3816 dissimu-

526 3861 649 3915 lans
672 3857 971 3929 superioris
1002 3857 1126 3912 vitae
1155 3870 1346 3925 genus,
1377 3863 1433 3910 et
1469 3853 1852 3925 peccatoribus
1878 3868 1939 3909 se
1968 3867 2101 3908 cono

530 3933 801 4018 numerat,
840 3965 1006 4021 seque
1053 3948 1346 4004 secundum
1382 3957 1504 4018 post
1543 3946 1917 4017 coapostolum
1969 3944 2104 3999 scri-

426 4080 429 4085 «
526 4047 623 4102 bit.
658 4045 792 4100 Nam
833 4061 891 4100 se
924 4042 1245 4099 combinans
1270 4056 1391 4097 cum
1420 4040 1649 4106 'Ihoma,
1675 4051 1734 4095 ut
1778 4054 1898 4095 cum
1942 4038 2104 4093 Petro

489 4135 844 4203 'Andream},
887 4149 1012 4189 cum
1062 4132 1263 4187 Jacobo
1315 4130 1610 4188 Joannem.
1673 4146 1797 4201 cum
1858 4130 2105 4197 Philippo

530 4225 1007 4291 Barthotommum,
1055 4225 1159 4280 sibi
1189 4225 1403 4297 quidem
1448 4223 1716 4279 ’Thomam
1745 4222 2007 4292 praeponit
2037 4223 2103 4285 ’¹,

530 4318 823 4388 prmferens
880 4319 979 4373 sibi
1024 4318 1168 4373 hunc
1210 4318 1585 4387 coapostolum
1613 4315 1768 4383 quasi
1812 4315 2101 4385 potiorem,

530 4429 654 4468 cum
704 4412 899 4483 reliqui
931 4411 1276 4484 evangelista
1329 4425 1489 4466 secus
1527 4410 1777 4466 fecerint.

600 4688 704 4743 Per
736 4690 836 4744 hos
866 4698 1046 4744 autem
1082 4688 1330 4744 homines
1360 4685 1701 4757 polytheismi
1743 4697 1901 4740 error
1944 4684 2103 4755 paulo

530 4790 653 4850 post
680 4796 905 4837 eversus
936 4782 1056 4848 fuit,
1087 4782 1293 4852 Deique
1320 4794 1543 4850 regnum
1564 4778 1816 4833 omnibus
1840 4778 2107 4848 praedica-

536 4882 646 4927 tum
677 4873 744 4925 ".
775 4868 1014 4943 Ideoque
1058 4871 1301 4942 Oportuit
1352 4884 1450 4924 nos
1508 4883 1575 4924 ne
1630 4869 1850 4924 nomina
1885 4869 2102 4938 quidem

530 4961 753 5031 illorum”
778 4964 1048 5033 ignorare.
1087 4963 1324 5017 Primum
1355 4974 1487 5030 ergo
1523 4974 1640 5030 par,
1681 4959 1874 5015 Petrus
1897 4970 1966 5015 ‘et
1996 4960 2108 5014 An-

535 5055 715 5121 dreas,
748 5071 882 5125 quos
928 5057 1040 5126 jam
1086 5064 1245 5109 antea
1298 5053 1533 5108 diximus
1588 5053 1886 5123 piscatores
1919 5054 2104 5107 fuisse.

536 5142 782 5198 Alterum
839 5160 935 5214 par
966 5144 1201 5201 Jacobus
1248 5154 1305 5198 et
1348 5142 1606 5210 Joannes,
1639 5146 1802 5200 ambo
1845 5144 2108 5199 Zebedaeo

538 5232 727 5300 geniti,
754 5242 808 5304 et
829 5235 881 5289 hi
907 5233 1154 5288 similiter
1180 5234 1502 5303 piscatores.
1528 5233 1655 5289 Post
1696 5236 1795 5290 hos
1832 5234 2112 5304 Philippus

539 5332 595 5373 et
628 5322 1072 5378 Bartholomzeus.
1107 5324 1366 5390 Quisnam
1413 5342 1541 5381 vero
1593 5336 1649 5381 ct
1694 5326 1786 5381 hic
1833 5326 2113 5396 Philippus

542 5416 725 5482 fuerit,
766 5414 1003 5471 Joannes
1036 5418 1360 5486 evangelista
1404 5418 1564 5474 docet
1586 5419 1653 5483 ’³,
1685 5420 1812 5474 dum
1840 5419 1916 5472 ait
1948 5418 2113 5475 fuisse

609 5532 656 5564 ³⁸
678 5530 872 5585 Mattn.
906 5546 987 5597 ιι,
1016 5530 1069 5585 9.
1147 5533 1190 5564 ²¹
1220 5532 1411 5587 Matth.
1449 5550 1503 5598 κ,
1535 5533 1588 5586 3.

611 5643 724 5785 (8L;
755 5643 885 5698 Cod.
909 5645 972 5699 Α.
1004 5646 1047 5698 f.
1069 5644 1195 5700 269.
1224 5645 1347 5717 Syr.
1378 5646 1471 5711 IV,
1492 5646 1581 5700 33.

612 5716 703 5785 (85
748 5715 869 5783 Syr.
902 5712 967 5778 ν,
1000 5714 1088 5768 58.
1110 5716 1433 5770 Nominatim
1460 5717 1581 5770 reci!

612 5712 724 5786 (85)
748 5715 869 5783 Syr.
902 5712 967 5778 ν,
1000 5712 1433 5786 38.lVon1ihatim
1460 5717 1718 5770 recitatur
1759 5716 1845 5772 hic
1872 5717 2022 5772 locus
2044 5735 2108 5773 ex

542 5785 757 5841 EuSebii
778 5786 1067 5853 evangelica
1097 5785 1429 5853 Tlieolilumia
1452 5788 1504 5838 in
1523 5786 1641 5839 cod.
1676 5788 1741 5839 A.
1764 5787 1883 5843 f.88
1903 5790 1953 5851 b;
1982 5790 2109 5843 item

543 5855 1035 5923 inVindobonensi,
1066 5866 1222 5923 prout
1254 5858 1317 5908 ad
1347 5855 1505 5909 Lcum
1531 5859 1746 5926 scripsit
1772 5858 2097 5931 Kuxtil‘gumm

1667 5534 1711 5564 “
1762 5532 1895 5588 Luc.
1930 5550 2004 5601 vr,
2037 5538 2122 5593 15.

2210 3310 2342 3379 κείῳ
2378 3311 2772 3381 συγγράμματι
2813 3311 2949 3364 τόνδ’
2996 3312 3198 3381 ἱστορεῖ
3246 3309 3338 3363 τὸν
3394 3309 3628 3380 τρόπον*
3675 3303 3765 3357 Kal

2210 3402 2489 3471 παράγων
2528 3402 2758 3457 ἐκεῖθεν
2787 3406 2820 3456 ό
2859 3402 3097 3471 Ἰησοῦς
3142 3399 3291 3457 εἶδεν
3342 3402 3644 3470 ἄνθρωπον
3684 3413 3769 3449 κα·

2210 3492 2468 3562 θήμενον
2492 3492 2591 3546 ἐπὶ
2628 3494 2693 3548 τὸ
2733 3494 3036 3559 τελώνιον,
3082 3495 3387 3551 Ματθαῒον
3431 3496 3695 3563 ὀνόματι·
3722 3489 3770 3541 ἐ·

2209 3585 2417 3656 λέγχων
2452 3586 2643 3640 ἐαυτοῦ
2680 3587 2739 3640 τὸ
2766 3587 3007 3659 τραῦμα,
3046 3589 3132 3641 ἵνα
3172 3588 3463 3659 θαυμάσῃς
3483 3586 3576 3656 τὴν
3605 3583 3771 3651 τέχνην

2209 3677 2303 3731 τοῦ
2342 3677 2740 3749 ίατρεύσαντος.
2778 3680 2887 3732 Καὶ
2917 3681 3078 3734 πάλιν
3110 3680 3315 3753 προῖὼν
3347 3680 3477 3750 ἑξῆς
3502 3678 3588 3731 τόν
3612 3693 3665 3727 τε
3687 3689 3767 3726 κα·

2209 3772 2435 3840 τάλογον
2490 3772 2598 3825 τῶν
2621 3772 2824 3826 λοιπῶν
2878 3773 3131 3844 μαθητῶν
3167 3773 3642 3845 ἐξαριθμούμενος,
3690 3761 3769 3814 αὖ·

2209 3863 2301 3927 τὸς
2333 3864 2511 3936 ἐαυτῷ
2552 3864 2613 3917 τὸ
2649 3865 2742 3918 τοῦ
2777 3865 3007 3919 τελώνου
3049 3867 3408 3939 προστίθησιν
3440 3867 3622 3932 ὄνομα,
3649 3854 3771 3909 δι’ὖ⁴

2212 3953 2482 4025 περϐολὴν
2521 3954 2819 4018 ἐπιεικείας
2868 3955 2942 4026 μὴ
2990 3956 3345 4027 ἐπικρύπτων
3389 3953 3481 4006 τὸν
3537 3947 3769 4019 πρότερον

2212 4046 2403 4099 ἑαυτοῦ
2430 4045 2571 4116 βίονο
2612 4047 2707 4100 καὶ
2741 4047 3086 4118 ἁμαρτωλοῖς
3114 4049 3304 4101 ἑαυτὸν
3344 4040 3670 4113 συναριθμεῖ,
3693 4033 3769 4089 καὶ

2212 4139 2305 4192 τοῦ
2339 4140 2734 4192 συναποστόλου
2777 4138 3028 4210 δεύτερον
3063 4136 3251 4190 ἐαυτὸν
3297 4134 3607 4200 καταλέγει.
3662 4129 3771 4180 Συν-

2214 4229 2541 4301 εζευγμένος
2573 4230 2705 4300 γοῦν
2732 4230 2811 4301 τῷ
2838 4230 3029 4301 Θωμᾷ,
3062 4230 3138 4293 ὡς
3182 4228 3390 4297 Πέτρος
3435 4222 3664 4296 Ἀνδρέᾳ,
3695 4216 3772 4271 καὶ

2228 4324 2481 4387 Ἰάκωϐος
2534 4324 2776 4396 Ἰωάννῃ,
2829 4323 3095 4385 Φίλιππός
3148 4339 3206 4374 τε
3242 4321 3339 4374 καὶ
3383 4314 3769 4389 Βαρθολομαῖος,

2216 4416 2506 4486 προτάττει
2534 4413 2727 4467 ἐαυτοῦ
2756 4414 2849 4466 τὸν
2884 4415 3105 4484 Θωμᾶν,
3135 4410 3419 4484 προτιμῶν
3453 4408 3528 4470 ὡς
3560 4402 3771 4474 κρείττο-

2217 4525 2281 4561 να
2312 4507 2402 4561 τὸν
2432 4506 2851 4573 συναπόστολον,
2881 4505 2990 4558 τῶν
3026 4504 3230 4558 λοιπῶν
3266 4497 3656 4573 εὐαγγελιστῶν
3677 4490 3773 4546 τοὺ-

2134 4587 2179 4642 Ῑ)
2208 4600 2419 4655 ναντίον
2449 4598 2847 4669 πεποιηκότων.

2281 4687 2395 4759 (86)
2431 4688 2532 4740 Διά
2561 4688 2626 4757 δὴ
2649 4686 2853 4741 τούτων
2885 4685 2992 4739 τῶν
3023 4684 3232 4753 ἀνδρῶν
3261 4685 3294 4755 ἡ
3340 4682 3597 4743 πολύθεος
3623 4678 3772 4743 πλάνη

2213 4784 2406 4853 μικρὸν
2448 4779 2672 4851 ὕστερον
2712 4779 3061 4851 ἀνετρέπετο,
3099 4778 3133 4847 ἦ
3168 4794 3227 4829 τε
3260 4775 3357 4829 τοῦ
3388 4774 3522 4828 Θεοῦ
3563 4768 3773 4843 βασιλεία

2210 4878 2324 4938 τοῖς
2358 4874 2523 4927 πᾶσιν
2554 4870 2904 4943 ἐκηρύττετο.
2952 4871 3042 4924 Διὸ
3076 4870 3171 4924 καὶ
3205 4868 3519 4937 ἀναγκαίως
3550 4864 3703 4936 ἐχρῆν
3725 4861 3773 4928 ή-

2216 4969 2322 5038 μᾶς
2350 4966 2471 5037 μηδ’
2504 4965 2564 5029 ἐξ
2592 4965 2856 5035 ὀνόματος
2892 4962 3152 5033 ἀγνοῆσαι
3185 4962 3328 5024 τίνες
3361 4957 3502 5031 ἦσαν
3525 4952 3678 5011 οὗτοι.
3720 4950 3772 5004 Ἦ

2212 5059 2310 5130 μὲν
2337 5054 2429 5111 οὖν
2456 5056 2645 5129 πρώτη
2682 5055 2911 5123 συζυγία
2933 5056 3137 5127 Πέτρος
3153 5054 3246 5107 καὶ
3285 5053 3556 5124 Ἀνδρέας,
3585 5048 3669 5111 οὓς
3694 5045 3772 5112 ἔμ-

2210 5151 2442 5223 προσθεν
2469 5148 2817 5219 ἐδηλώσαμεν
2847 5147 3014 5211 ἁλιεῖς
3038 5149 3197 5210 ὄντας
3217 5164 3229 5176 ·
3263 5146 3494 5217 δευτέρα
3527 5144 3581 5196 δὲ
3615 5140 3771 5223 Ἰάκωί

2209 5222 2303 5307 6ος
2333 5242 2428 5295 καὶ
2471 5241 2745 5311 Ἰωάννης,
2779 5240 2946 5310 ἄμφω
2973 5239 3262 5293 Ζεϐεδαίου
3290 5240 3500 5299 παῖδες,
3530 5233 3619 5287 καὶ
3649 5222 3767 5280 οὗτοι

2211 5334 2384 5398 ἁλιεῖς
2411 5351 2423 5363 ’
2473 5333 2601 5405 ἐξῆς
2640 5332 2696 5385 δὲ
2729 5332 2937 5395 τούτοις
2983 5328 3053 5402 ἦν
3100 5332 3360 5390 Φίλιππος
3404 5327 3498 5379 καὶ
3534 5319 3744 5394 Βαρθολο

2216 5431 2374 5499 μαῖος
2399 5444 2412 5457 ο
2451 5427 2535 5490 τίς
2565 5443 2696 5479 ποτε
2732 5425 2788 5479 δὲ
2821 5421 2889 5495 ἦν
2920 5426 3014 5478 καὶ⁸
3041 5418 3194 5488 οὗτος
3222 5425 3249 5476 ὁ
3284 5419 3565 5483 Φίλιππος,
3611 5412 3750 5469 Ἰωὰν

2201 5543 2246 5574 ³³
2272 5540 2433 5596 Joan.
2466 5557 2507 5605 ι,
2542 5540 2633 5595 45.

2220 5653 2473 5707 Mcndum
2522 5661 2703 5708 autem
2739 5653 3045 5722 Θεοφάνους
3088 5666 3187 5721 pro
3246 5650 3593 5720 Θεοφανείας.
3636 5655 3752 5722 παρ’

2222 5724 2273 5776 in
2299 5722 2622 5805 Vaticanum
2650 5714 2890 5793 codicem
2917 5714 3105 5785 atque'
3134 5722 3187 5777 in
3223 5714 3673 5776 Vindobonenseui
3704 5714 3743 5765 ir

2222 5804 2408 5862 repsu.

2284 5861 2395 5932 (86)
2439 5864 2573 5920 Cod.
2610 5864 2674 5919 A.
2709 5863 2750 5918 r.
2786 5864 2948 5929 94b;
3006 5863 3130 5929 Syr.
3164 5861 3230 5929 v,
3260 5861 3348 5916 ιε.
