  <div class='ocr_page' id='page_1' title='image "/cluster/home/n/w/nwhite01/storage/ocr_20150623/24/hvd.32044019207729/344.png"; bbox 0 0 4008 6522; ppageno 0'>
   <div class='ocr_carea' id='block_1_1' title="bbox 317 423 418 480">
    <p class='ocr_par' dir='ltr' id='par_1_1' title="bbox 317 423 418 480">
     <span class='ocr_line' id='line_1_1' title="bbox 317 423 418 480; baseline 0.01 -1"><span class='ocrx_word' id='word_1_1' title='bbox 317 423 418 480; x_wconf 84' lang='grc'><strong>657</strong></span> 
     </span>
    </p>
   </div>
   <div class='ocr_carea' id='block_1_2' title="bbox 1650 431 2244 503">
    <p class='ocr_par' dir='ltr' id='par_1_2' title="bbox 1650 431 2244 503">
     <span class='ocr_line' id='line_1_2' title="bbox 1650 431 2244 503; baseline 0.007 -18"><span class='ocrx_word' id='word_1_2' title='bbox 1650 431 1738 485; x_wconf 77' lang='lat' dir='ltr'><strong>nn</strong></span> <span class='ocrx_word' id='word_1_3' title='bbox 1780 432 2244 503; x_wconf 76' lang='lat' dir='ltr'><strong>THEOPHANIA.</strong></span> 
     </span>
    </p>
   </div>
   <div class='ocr_carea' id='block_1_3' title="bbox 3445 436 3552 492">
    <p class='ocr_par' dir='ltr' id='par_1_3' title="bbox 3445 436 3552 492">
     <span class='ocr_line' id='line_1_3' title="bbox 3445 436 3552 492; baseline 0.009 -1"><span class='ocrx_word' id='word_1_4' title='bbox 3445 436 3552 492; x_wconf 73' lang='lat'><strong>658</strong></span> 
     </span>
    </p>
   </div>
   <div class='ocr_carea' id='block_1_4' title="bbox 317 548 1897 630">
    <p class='ocr_par' dir='ltr' id='par_1_4' title="bbox 317 548 1891 624">
     <span class='ocr_line' id='line_1_4' title="bbox 317 548 1891 624; baseline 0.006 -24"><span class='ocrx_word' id='word_1_5' title='bbox 317 564 415 616; x_wconf 88' lang='grc' dir='ltr'><strong>νης</strong></span> <span class='ocrx_word' id='word_1_6' title='bbox 440 548 471 601; x_wconf 85' lang='grc' dir='ltr'><strong>ό</strong></span> <span class='ocrx_word' id='word_1_7' title='bbox 514 548 901 622; x_wconf 80' lang='grc' dir='ltr'><strong>εὐαγγελιστὴς</strong></span> <span class='ocrx_word' id='word_1_8' title='bbox 931 550 1190 616; x_wconf 79' lang='grc' dir='ltr'><strong>διδάσκει,</strong></span> <span class='ocrx_word' id='word_1_9' title='bbox 1222 552 1401 624; x_wconf 79' lang='grc' dir='ltr'><strong>φήσας</strong></span> <span class='ocrx_word' id='word_1_10' title='bbox 1428 549 1564 607; x_wconf 70' lang='grc' dir='ltr'><strong>εἶναι</strong></span> <span class='ocrx_word' id='word_1_11' title='bbox 1603 555 1762 608; x_wconf 84' lang='grc' dir='ltr'><strong>αὐτὸν</strong></span> <span class='ocrx_word' id='word_1_12' title='bbox 1785 556 1891 609; x_wconf 83' lang='grc' dir='ltr'><strong>ἀπὸ</strong></span> 
     </span>
    </p>
   </div>
   <div class='ocr_carea' id='block_1_5' title="bbox 1999 548 3550 630">
    <p class='ocr_par' dir='ltr' id='par_1_5' title="bbox 1999 556 3550 630">
     <span class='ocr_line' id='line_1_5' title="bbox 1999 556 3550 630; baseline -0.001 -18"><span class='ocrx_word' id='word_1_13' title='bbox 1999 573 2063 612; x_wconf 84' lang='lat' dir='ltr'><strong>ex</strong></span> <span class='ocrx_word' id='word_1_14' title='bbox 2094 557 2405 627; x_wconf 88' lang='lat' dir='ltr'><strong>Bethsaida,</strong></span> <span class='ocrx_word' id='word_1_15' title='bbox 2440 558 2585 630; x_wconf 89' lang='lat' dir='ltr'><strong>quod</strong></span> <span class='ocrx_word' id='word_1_16' title='bbox 2622 559 2850 616; x_wconf 65' lang='lat' dir='ltr'><strong>Andreae</strong></span> <span class='ocrx_word' id='word_1_17' title='bbox 2882 558 3134 629; x_wconf 86' lang='lat' dir='ltr'><strong>Petrique</strong></span> <span class='ocrx_word' id='word_1_18' title='bbox 3161 556 3412 627; x_wconf 82' lang='lat' dir='ltr'><strong>oppidum</strong></span> <span class='ocrx_word' id='word_1_19' title='bbox 3451 572 3550 610; x_wconf 87' lang='lat' dir='ltr'><strong>na-</strong></span> 
     </span>
    </p>
   </div>
   <div class='ocr_carea' id='block_1_6' title="bbox 316 639 1900 720">
    <p class='ocr_par' dir='ltr' id='par_1_6' title="bbox 316 639 1900 720">
     <span class='ocr_line' id='line_1_6' title="bbox 316 639 1900 720; baseline 0.008 -29"><span class='ocrx_word' id='word_1_20' title='bbox 316 639 588 709; x_wconf 76' lang='grc' dir='ltr'><strong>Βηθσαϊδὰ</strong></span> <span class='ocrx_word' id='word_1_21' title='bbox 627 643 691 695; x_wconf 85' lang='grc' dir='ltr'><strong>ὲκ</strong></span> <span class='ocrx_word' id='word_1_22' title='bbox 725 643 821 714; x_wconf 83' lang='grc' dir='ltr'><strong>τῆς</strong></span> <span class='ocrx_word' id='word_1_23' title='bbox 859 643 1064 707; x_wconf 86' lang='grc' dir='ltr'><strong>πόλεως</strong></span> <span class='ocrx_word' id='word_1_24' title='bbox 1108 645 1355 716; x_wconf 81' lang='grc' dir='ltr'><strong>Ἀνδρέου</strong></span> <span class='ocrx_word' id='word_1_25' title='bbox 1396 648 1490 701; x_wconf 74' lang='grc' dir='ltr'><strong>καὶ</strong></span> <span class='ocrx_word' id='word_1_26' title='bbox 1516 646 1757 720; x_wconf 81' lang='grc' dir='ltr'><strong>Πέτρου’</strong></span> <span class='ocrx_word' id='word_1_27' title='bbox 1799 649 1900 703; x_wconf 58' lang='grc' dir='ltr'><strong>καὶ</strong></span> 
     </span>
    </p>
   </div>
   <div class='ocr_carea' id='block_1_7' title="bbox 314 731 1893 812">
    <p class='ocr_par' dir='ltr' id='par_1_7' title="bbox 314 731 1893 812">
     <span class='ocr_line' id='line_1_7' title="bbox 314 731 1893 812; baseline 0.008 -28"><span class='ocrx_word' id='word_1_28' title='bbox 314 731 342 784; x_wconf 87' lang='grc' dir='ltr'><strong>ό</strong></span> <span class='ocrx_word' id='word_1_29' title='bbox 375 731 776 804; x_wconf 81' lang='grc' dir='ltr'><strong>Βαρθολομαῖος</strong></span> <span class='ocrx_word' id='word_1_30' title='bbox 820 734 876 788; x_wconf 89' lang='grc' dir='ltr'><strong>δὲ</strong></span> <span class='ocrx_word' id='word_1_31' title='bbox 932 736 1135 801; x_wconf 83' lang='grc' dir='ltr'><strong>ἁπλοῦς</strong></span> <span class='ocrx_word' id='word_1_32' title='bbox 1181 755 1267 802; x_wconf 90' lang='grc' dir='ltr'><strong>τις</strong></span> <span class='ocrx_word' id='word_1_33' title='bbox 1298 739 1458 811; x_wconf 75' lang='grc' dir='ltr'><strong>ἀνὴρ,</strong></span> <span class='ocrx_word' id='word_1_34' title='bbox 1515 740 1609 794; x_wconf 69' lang='grc' dir='ltr'><strong>κα)⁸</strong></span> <span class='ocrx_word' id='word_1_35' title='bbox 1647 742 1749 812; x_wconf 81' lang='grc' dir='ltr'><strong>τῆς</strong></span> <span class='ocrx_word' id='word_1_36' title='bbox 1786 742 1893 796; x_wconf 90' lang='grc' dir='ltr'><strong>τῶν</strong></span> 
     </span>
    </p>
   </div>
   <div class='ocr_carea' id='block_1_8' title="bbox 318 822 1905 906">
    <p class='ocr_par' dir='ltr' id='par_1_8' title="bbox 318 822 1905 906">
     <span class='ocr_line' id='line_1_8' title="bbox 318 822 1905 906; baseline 0.009 -32"><span class='ocrx_word' id='word_1_37' title='bbox 318 822 528 876; x_wconf 83' lang='grc' dir='ltr'>πολλῶν</span> <span class='ocrx_word' id='word_1_38' title='bbox 558 825 824 890; x_wconf 79' lang='grc' dir='ltr'><strong>συνέσεώς</strong></span> <span class='ocrx_word' id='word_1_39' title='bbox 844 845 903 881; x_wconf 90' lang='grc' dir='ltr'><strong>τε</strong></span> <span class='ocrx_word' id='word_1_40' title='bbox 938 830 1030 883; x_wconf 79' lang='grc' dir='ltr'><strong>καὶ</strong></span> <span class='ocrx_word' id='word_1_41' title='bbox 1060 832 1284 902; x_wconf 84' lang='grc' dir='ltr'>πικρίας</span> <span class='ocrx_word' id='word_1_42' title='bbox 1307 833 1564 903; x_wconf 71' lang='grc' dir='ltr'><strong>εἰσῆκται.</strong></span> <span class='ocrx_word' id='word_1_43' title='bbox 1583 834 1854 906; x_wconf 80' lang='grc' dir='ltr'><strong>ἀλλότριος</strong></span> <span class='ocrx_word' id='word_1_44' title='bbox 1875 854 1905 867; x_wconf 71' lang='lat'><strong>&#39;-</strong></span> 
     </span>
    </p>
   </div>
   <div class='ocr_carea' id='block_1_9' title="bbox 317 915 1894 1000">
    <p class='ocr_par' dir='ltr' id='par_1_9' title="bbox 317 915 1894 1000">
     <span class='ocr_line' id='line_1_9' title="bbox 317 915 1894 1000; baseline 0.011 -34"><span class='ocrx_word' id='word_1_45' title='bbox 317 915 410 967; x_wconf 74' lang='grc' dir='ltr'><strong>καὶ</strong></span> <span class='ocrx_word' id='word_1_46' title='bbox 442 916 721 981; x_wconf 84' lang='grc' dir='ltr'><strong>Ματθαῖος</strong></span> <span class='ocrx_word' id='word_1_47' title='bbox 760 920 817 973; x_wconf 87' lang='grc' dir='ltr'><strong>δὲ</strong></span> <span class='ocrx_word' id='word_1_48' title='bbox 846 921 954 974; x_wconf 89' lang='grc' dir='ltr'><strong>τῶν</strong></span> <span class='ocrx_word' id='word_1_49' title='bbox 986 924 1113 995; x_wconf 75' lang='grc' dir='ltr'><strong>περὶ</strong></span> <span class='ocrx_word' id='word_1_50' title='bbox 1138 926 1263 988; x_wconf 80' lang='grc' dir='ltr'><strong>τοὺς</strong></span> <span class='ocrx_word' id='word_1_51' title='bbox 1290 925 1522 991; x_wconf 84' lang='grc' dir='ltr'><strong>τελώνας</strong></span> <span class='ocrx_word' id='word_1_52' title='bbox 1563 927 1728 982; x_wconf 81' lang='grc' dir='ltr'><strong>πάλαι</strong></span> <span class='ocrx_word' id='word_1_53' title='bbox 1759 929 1894 1000; x_wconf 81' lang='grc' dir='ltr'><strong>πρό⁴</strong></span> 
     </span>
    </p>
   </div>
   <div class='ocr_carea' id='block_1_10' title="bbox 314 1010 1894 1090">
    <p class='ocr_par' dir='ltr' id='par_1_10' title="bbox 314 1010 1894 1090">
     <span class='ocr_line' id='line_1_10' title="bbox 314 1010 1894 1090; baseline 0.01 -32"><span class='ocrx_word' id='word_1_54' title='bbox 314 1024 473 1077; x_wconf 85' lang='grc' dir='ltr'><strong>τερον</strong></span> <span class='ocrx_word' id='word_1_55' title='bbox 514 1010 900 1082; x_wconf 76' lang='grc' dir='ltr'><strong>ὴσχολημένων</strong></span> <span class='ocrx_word' id='word_1_56' title='bbox 934 1015 1145 1085; x_wconf 85' lang='grc' dir='ltr'><strong>γέγονε.</strong></span> <span class='ocrx_word' id='word_1_57' title='bbox 1194 1018 1437 1072; x_wconf 80' lang='grc' dir='ltr'><strong>Τοιοῦτοί</strong></span> <span class='ocrx_word' id='word_1_58' title='bbox 1482 1037 1625 1083; x_wconf 89' lang='grc' dir='ltr'><strong>τινες</strong></span> <span class='ocrx_word' id='word_1_59' title='bbox 1669 1015 1809 1090; x_wconf 80' lang='grc' dir='ltr'><strong>ἦσαν</strong></span> <span class='ocrx_word' id='word_1_60' title='bbox 1846 1023 1894 1073; x_wconf 78' lang='grc' dir='ltr'><strong>οἱ</strong></span> 
     </span>
    </p>
   </div>
   <div class='ocr_carea' id='block_1_11' title="bbox 318 1099 1892 1181">
    <p class='ocr_par' dir='ltr' id='par_1_11' title="bbox 318 1099 1892 1181">
     <span class='ocr_line' id='line_1_11' title="bbox 318 1099 1892 1181; baseline 0.011 -31"><span class='ocrx_word' id='word_1_61' title='bbox 318 1099 523 1169; x_wconf 83' lang='grc' dir='ltr'><strong>πρῶτοι</strong></span> <span class='ocrx_word' id='word_1_62' title='bbox 550 1104 791 1173; x_wconf 85' lang='grc' dir='ltr'><strong>κήρυκες</strong></span> <span class='ocrx_word' id='word_1_63' title='bbox 832 1106 931 1177; x_wconf 82' lang='grc' dir='ltr'><strong>τῆς</strong></span> <span class='ocrx_word' id='word_1_64' title='bbox 962 1109 1211 1179; x_wconf 78' lang='grc' dir='ltr'><strong>οὐρανίου</strong></span> <span class='ocrx_word' id='word_1_65' title='bbox 1247 1109 1539 1179; x_wconf 81' lang='grc' dir='ltr'><strong>βασιλείας,</strong></span> <span class='ocrx_word' id='word_1_66' title='bbox 1573 1106 1651 1173; x_wconf 76' lang='grc' dir='ltr'><strong>οἷς</strong></span> <span class='ocrx_word' id='word_1_67' title='bbox 1686 1110 1892 1181; x_wconf 81' lang='grc' dir='ltr'><strong>ὑπηρέ-</strong></span> 
     </span>
    </p>
   </div>
   <div class='ocr_carea' id='block_1_12' title="bbox 315 1194 1893 1271">
    <p class='ocr_par' dir='ltr' id='par_1_12' title="bbox 315 1194 1893 1271">
     <span class='ocr_line' id='line_1_12' title="bbox 315 1194 1893 1271; baseline 0.011 -29"><span class='ocrx_word' id='word_1_68' title='bbox 315 1207 435 1255; x_wconf 86' lang='grc' dir='ltr'><strong>ταις</strong></span> <span class='ocrx_word' id='word_1_69' title='bbox 460 1194 554 1247; x_wconf 72' lang='lat' dir='ltr'><strong>xui.</strong></span> <span class='ocrx_word' id='word_1_70' title='bbox 580 1194 845 1261; x_wconf 83' lang='grc' dir='ltr'><strong>διακόνοις</strong></span> <span class='ocrx_word' id='word_1_71' title='bbox 874 1199 981 1253; x_wconf 89' lang='grc' dir='ltr'><strong>τῶν</strong></span> <span class='ocrx_word' id='word_1_72' title='bbox 1014 1199 1177 1253; x_wconf 81' lang='grc' dir='ltr'><strong>αὐτοῦ</strong></span> <span class='ocrx_word' id='word_1_73' title='bbox 1210 1200 1381 1269; x_wconf 79' lang='grc' dir='ltr'><strong>λόγων</strong></span> <span class='ocrx_word' id='word_1_74' title='bbox 1400 1202 1428 1253; x_wconf 88' lang='grc' dir='ltr'>ὁ</span> <span class='ocrx_word' id='word_1_75' title='bbox 1456 1200 1642 1271; x_wconf 81' lang='grc' dir='ltr'><strong>Σωτὴρ</strong></span> <span class='ocrx_word' id='word_1_76' title='bbox 1676 1200 1893 1271; x_wconf 76' lang='grc' dir='ltr'><strong>ἐχρῆτο,</strong></span> 
     </span>
    </p>
   </div>
   <div class='ocr_carea' id='block_1_13' title="bbox 318 1284 1901 1362">
    <p class='ocr_par' dir='ltr' id='par_1_13' title="bbox 318 1284 1901 1362">
     <span class='ocr_line' id='line_1_13' title="bbox 318 1284 1901 1362; baseline 0.007 -29"><span class='ocrx_word' id='word_1_77' title='bbox 318 1284 588 1353; x_wconf 76' lang='grc' dir='ltr'><strong>παριστὰς</strong></span> <span class='ocrx_word' id='word_1_78' title='bbox 629 1288 875 1356; x_wconf 87' lang='grc' dir='ltr'><strong>αὐτόθεν,</strong></span> <span class='ocrx_word' id='word_1_79' title='bbox 921 1291 995 1354; x_wconf 86' lang='grc' dir='ltr'><strong>ὡς</strong></span> <span class='ocrx_word' id='word_1_80' title='bbox 1039 1290 1193 1361; x_wconf 77' lang='grc' dir='ltr'><strong>θεῖκῇ</strong></span> <span class='ocrx_word' id='word_1_81' title='bbox 1228 1291 1474 1362; x_wconf 82' lang='grc' dir='ltr'><strong>δυνάμει,</strong></span> <span class='ocrx_word' id='word_1_82' title='bbox 1517 1290 1633 1344; x_wconf 81' lang='grc' dir='ltr'><strong>ἀλλ’</strong></span> <span class='ocrx_word' id='word_1_83' title='bbox 1666 1290 1728 1344; x_wconf 84' lang='grc' dir='ltr'><strong>οὐ</strong></span> <span class='ocrx_word' id='word_1_84' title='bbox 1771 1289 1901 1360; x_wconf 84' lang='grc' dir='ltr'><strong>θνη-</strong></span> 
     </span>
    </p>
   </div>
   <div class='ocr_carea' id='block_1_14' title="bbox 314 1375 1897 1454">
    <p class='ocr_par' dir='ltr' id='par_1_14' title="bbox 314 1375 1897 1454">
     <span class='ocr_line' id='line_1_14' title="bbox 314 1375 1897 1454; baseline 0.006 -30"><span class='ocrx_word' id='word_1_85' title='bbox 314 1375 427 1436; x_wconf 91' lang='grc' dir='ltr'><strong>τοῖς</strong></span> <span class='ocrx_word' id='word_1_86' title='bbox 450 1375 845 1449; x_wconf 77' lang='grc' dir='ltr'><strong>ἐπιτηδεύμασι</strong></span> <span class='ocrx_word' id='word_1_87' title='bbox 869 1382 929 1434; x_wconf 87' lang='grc' dir='ltr'><strong>τὸ</strong></span> <span class='ocrx_word' id='word_1_88' title='bbox 956 1382 1389 1454; x_wconf 80' lang='grc' dir='ltr'><strong>κατορθούμενον</strong></span> <span class='ocrx_word' id='word_1_89' title='bbox 1416 1382 1564 1452; x_wconf 86' lang='grc' dir='ltr'><strong>αὐτῷ</strong></span> <span class='ocrx_word' id='word_1_90' title='bbox 1599 1381 1897 1435; x_wconf 88' lang='grc' dir='ltr'><strong>συνετελεῖ-</strong></span> 
     </span>
    </p>
   </div>
   <div class='ocr_carea' id='block_1_15' title="bbox 316 1464 1896 1544">
    <p class='ocr_par' dir='ltr' id='par_1_15' title="bbox 316 1464 1896 1544">
     <span class='ocr_line' id='line_1_15' title="bbox 316 1464 1896 1544; baseline 0.006 -30"><span class='ocrx_word' id='word_1_91' title='bbox 316 1479 396 1515; x_wconf 58' lang='lat' dir='ltr'><strong>eo.</strong></span> <span class='ocrx_word' id='word_1_92' title='bbox 438 1464 628 1532; x_wconf 82' lang='grc' dir='ltr'><strong>’Δλλος</strong></span> <span class='ocrx_word' id='word_1_93' title='bbox 663 1470 760 1538; x_wconf 78' lang='grc' dir='ltr'><strong>μὲν</strong></span> <span class='ocrx_word' id='word_1_94' title='bbox 792 1470 901 1542; x_wconf 82' lang='grc' dir='ltr'><strong>γάρ</strong></span> <span class='ocrx_word' id='word_1_95' title='bbox 946 1472 1085 1543; x_wconf 84' lang='grc' dir='ltr'><strong>τάχα</strong></span> <span class='ocrx_word' id='word_1_96' title='bbox 1112 1474 1211 1544; x_wconf 79' lang='grc' dir='ltr'><strong>τῆς</strong></span> <span class='ocrx_word' id='word_1_97' title='bbox 1237 1474 1344 1526; x_wconf 90' lang='grc' dir='ltr'><strong>τῶν</strong></span> <span class='ocrx_word' id='word_1_98' title='bbox 1390 1472 1692 1543; x_wconf 80' lang='grc' dir='ltr'><strong>ἀνθρώπων</strong></span> <span class='ocrx_word' id='word_1_99' title='bbox 1720 1473 1896 1525; x_wconf 80' lang='grc' dir='ltr'><strong>οἰκου-</strong></span> 
     </span>
    </p>
   </div>
   <div class='ocr_carea' id='block_1_16' title="bbox 320 1556 1894 1636">
    <p class='ocr_par' dir='ltr' id='par_1_16' title="bbox 320 1556 1894 1636">
     <span class='ocr_line' id='line_1_16' title="bbox 320 1556 1894 1636; baseline -0.003 -15"><span class='ocrx_word' id='word_1_100' title='bbox 320 1556 489 1627; x_wconf 81' lang='grc' dir='ltr'><strong>μένης</strong></span> <span class='ocrx_word' id='word_1_101' title='bbox 521 1560 816 1629; x_wconf 83' lang='grc' dir='ltr'><strong>νομοθέτας</strong></span> <span class='ocrx_word' id='word_1_102' title='bbox 845 1564 939 1617; x_wconf 70' lang='grc' dir='ltr'><strong>καὶ</strong></span> <span class='ocrx_word' id='word_1_103' title='bbox 978 1564 1295 1636; x_wconf 82' lang='grc' dir='ltr'><strong>διορθωτὰς,</strong></span> <span class='ocrx_word' id='word_1_104' title='bbox 1325 1565 1607 1629; x_wconf 77' lang='grc' dir='ltr'><strong>εὐσεϐείας</strong></span> <span class='ocrx_word' id='word_1_105' title='bbox 1638 1582 1697 1618; x_wconf 90' lang='grc' dir='ltr'><strong>τε</strong></span> <span class='ocrx_word' id='word_1_106' title='bbox 1719 1565 1894 1636; x_wconf 82' lang='grc' dir='ltr'><strong>κήρυ-</strong></span> 
     </span>
    </p>
   </div>
   <div class='ocr_carea' id='block_1_17' title="bbox 317 1653 1896 1726">
    <p class='ocr_par' dir='ltr' id='par_1_17' title="bbox 317 1653 1896 1726">
     <span class='ocr_line' id='line_1_17' title="bbox 317 1653 1896 1726; baseline -0.001 -17"><span class='ocrx_word' id='word_1_107' title='bbox 317 1662 421 1709; x_wconf 79' lang='grc' dir='ltr'><strong>καις</strong></span> <span class='ocrx_word' id='word_1_108' title='bbox 454 1653 955 1725; x_wconf 78' lang='grc' dir='ltr'><strong>προχειριζόμενος,</strong></span> <span class='ocrx_word' id='word_1_109' title='bbox 998 1656 1215 1721; x_wconf 87' lang='grc' dir='ltr'><strong>πάντως</strong></span> <span class='ocrx_word' id='word_1_110' title='bbox 1246 1674 1347 1711; x_wconf 90' lang='grc' dir='ltr'><strong>που</strong></span> <span class='ocrx_word' id='word_1_111' title='bbox 1376 1658 1629 1721; x_wconf 81' lang='grc' dir='ltr'><strong>δυνατοὺς</strong></span> <span class='ocrx_word' id='word_1_112' title='bbox 1661 1658 1718 1709; x_wconf 77' lang='grc' dir='ltr'><strong>ἐν</strong></span> <span class='ocrx_word' id='word_1_113' title='bbox 1756 1656 1896 1726; x_wconf 85' lang='grc' dir='ltr'><strong>λόγῳ</strong></span> 
     </span>
    </p>
   </div>
   <div class='ocr_carea' id='block_1_18' title="bbox 318 1739 1893 1821">
    <p class='ocr_par' dir='ltr' id='par_1_18' title="bbox 318 1739 1893 1821">
     <span class='ocr_line' id='line_1_18' title="bbox 318 1739 1893 1821; baseline 0.006 -31"><span class='ocrx_word' id='word_1_114' title='bbox 318 1739 411 1791; x_wconf 79' lang='grc' dir='ltr'><strong>καὶ</strong></span> <span class='ocrx_word' id='word_1_115' title='bbox 445 1740 591 1813; x_wconf 79' lang='grc' dir='ltr'><strong>ἔργῳ</strong></span> <span class='ocrx_word' id='word_1_116' title='bbox 630 1745 767 1816; x_wconf 82' lang='grc' dir='ltr'><strong>πρὸς</strong></span> <span class='ocrx_word' id='word_1_117' title='bbox 799 1746 861 1800; x_wconf 85' lang='grc' dir='ltr'><strong>τὸ</strong></span> <span class='ocrx_word' id='word_1_118' title='bbox 898 1747 1125 1818; x_wconf 83' lang='grc' dir='ltr'><strong>μέγεθος</strong></span> <span class='ocrx_word' id='word_1_119' title='bbox 1165 1749 1258 1802; x_wconf 82' lang='grc' dir='ltr'><strong>τοῦ</strong></span> <span class='ocrx_word' id='word_1_120' title='bbox 1307 1749 1628 1821; x_wconf 86' lang='grc' dir='ltr'><strong>πράγματος</strong></span> <span class='ocrx_word' id='word_1_121' title='bbox 1668 1747 1893 1812; x_wconf 81' lang='grc' dir='ltr'><strong>ἀπιδὼν,</strong></span> 
     </span>
    </p>
   </div>
   <div class='ocr_carea' id='block_1_19' title="bbox 316 1831 1895 1912">
    <p class='ocr_par' dir='ltr' id='par_1_19' title="bbox 316 1831 1895 1912">
     <span class='ocr_line' id='line_1_19' title="bbox 316 1831 1895 1912; baseline 0.007 -29"><span class='ocrx_word' id='word_1_122' title='bbox 316 1831 615 1904; x_wconf 76' lang='grc' dir='ltr'><strong>ἐπενόησεν</strong></span> <span class='ocrx_word' id='word_1_123' title='bbox 652 1835 738 1900; x_wconf 81' lang='grc' dir='ltr'><strong>ἂν,</strong></span> <span class='ocrx_word' id='word_1_124' title='bbox 774 1837 1063 1905; x_wconf 78' lang='grc' dir='ltr'><strong>ἐπελέξατο</strong></span> <span class='ocrx_word' id='word_1_125' title='bbox 1086 1839 1131 1892; x_wconf 77' lang='grc' dir='ltr'><strong>δ’</strong></span> <span class='ocrx_word' id='word_1_126' title='bbox 1162 1839 1227 1893; x_wconf 84' lang='grc' dir='ltr'><strong>ἂν</strong></span> <span class='ocrx_word' id='word_1_127' title='bbox 1257 1841 1416 1912; x_wconf 82' lang='grc' dir='ltr'>σοφίᾳ</span> <span class='ocrx_word' id='word_1_128' title='bbox 1443 1840 1535 1893; x_wconf 77' lang='grc' dir='ltr'><strong>καὶ</strong></span> <span class='ocrx_word' id='word_1_129' title='bbox 1565 1840 1776 1893; x_wconf 82' lang='grc' dir='ltr'><strong>συνέσει</strong></span> <span class='ocrx_word' id='word_1_130' title='bbox 1803 1857 1895 1893; x_wconf 89' lang='grc' dir='ltr'><strong>κε-</strong></span> 
     </span>
    </p>
   </div>
   <div class='ocr_carea' id='block_1_20' title="bbox 1999 647 3552 716">
    <p class='ocr_par' dir='ltr' id='par_1_20' title="bbox 1999 647 3552 716">
     <span class='ocr_line' id='line_1_20' title="bbox 1999 647 3552 716; baseline -0.003 -10"><span class='ocrx_word' id='word_1_131' title='bbox 1999 651 2104 707; x_wconf 89' lang='lat' dir='ltr'><strong>tale</strong></span> <span class='ocrx_word' id='word_1_132' title='bbox 2133 660 2275 706; x_wconf 74' lang='lat' dir='ltr'><strong>erat.</strong></span> <span class='ocrx_word' id='word_1_133' title='bbox 2316 651 2741 708; x_wconf 65' lang='lat' dir='ltr'><strong>Bartbolomaius</strong></span> <span class='ocrx_word' id='word_1_134' title='bbox 2782 667 2908 708; x_wconf 91' lang='lat' dir='ltr'><strong>vero</strong></span> <span class='ocrx_word' id='word_1_135' title='bbox 2950 653 3030 706; x_wconf 92' lang='lat' dir='ltr'><strong>vir</strong></span> <span class='ocrx_word' id='word_1_136' title='bbox 3060 650 3311 716; x_wconf 72' lang='lat' dir='ltr'><strong>simplex,</strong></span> <span class='ocrx_word' id='word_1_137' title='bbox 3356 647 3552 703; x_wconf 87' lang='lat' dir='ltr'><strong>multa-</strong></span> 
     </span>
    </p>
   </div>
   <div class='ocr_carea' id='block_1_21' title="bbox 1996 740 3552 810">
    <p class='ocr_par' dir='ltr' id='par_1_21' title="bbox 1996 740 3552 810">
     <span class='ocr_line' id='line_1_21' title="bbox 1996 740 3552 810; baseline -0.003 -14"><span class='ocrx_word' id='word_1_138' title='bbox 1996 756 2228 810; x_wconf 90' lang='lat' dir='ltr'><strong>rumque</strong></span> <span class='ocrx_word' id='word_1_139' title='bbox 2256 756 2438 797; x_wconf 92' lang='lat' dir='ltr'><strong>rerum</strong></span> <span class='ocrx_word' id='word_1_140' title='bbox 2487 743 2801 797; x_wconf 76' lang='lat' dir='ltr'><strong>curiositate</strong></span> <span class='ocrx_word' id='word_1_141' title='bbox 2829 754 2885 797; x_wconf 91' lang='lat' dir='ltr'><strong>et</strong></span> <span class='ocrx_word' id='word_1_142' title='bbox 2913 743 3163 799; x_wconf 87' lang='lat' dir='ltr'><strong>molestia</strong></span> <span class='ocrx_word' id='word_1_143' title='bbox 3214 742 3418 796; x_wconf 90' lang='lat' dir='ltr'><strong>alienus</strong></span> <span class='ocrx_word' id='word_1_144' title='bbox 3468 740 3552 793; x_wconf 88' lang='lat' dir='ltr'><strong>in-</strong></span> 
     </span>
    </p>
   </div>
   <div class='ocr_carea' id='block_1_22' title="bbox 1998 831 3553 904">
    <p class='ocr_par' dir='ltr' id='par_1_22' title="bbox 1998 831 3553 904">
     <span class='ocr_line' id='line_1_22' title="bbox 1998 831 3553 904; baseline -0.003 -18"><span class='ocrx_word' id='word_1_145' title='bbox 1998 834 2321 890; x_wconf 90' lang='lat' dir='ltr'><strong>troducitur.</strong></span> <span class='ocrx_word' id='word_1_146' title='bbox 2378 832 2664 889; x_wconf 67' lang='lat' dir='ltr'><strong>Matthaaus</strong></span> <span class='ocrx_word' id='word_1_147' title='bbox 2698 834 2872 889; x_wconf 79' lang='lat' dir='ltr'><strong>fuerat</strong></span> <span class='ocrx_word' id='word_1_148' title='bbox 2898 844 3055 889; x_wconf 91' lang='lat' dir='ltr'><strong>antea</strong></span> <span class='ocrx_word' id='word_1_149' title='bbox 3101 831 3433 904; x_wconf 81' lang='lat' dir='ltr'><strong>professione</strong></span> <span class='ocrx_word' id='word_1_150' title='bbox 3456 846 3553 898; x_wconf 88' lang='lat' dir='ltr'><strong>pn-</strong></span> 
     </span>
    </p>
   </div>
   <div class='ocr_carea' id='block_1_23' title="bbox 1994 923 3551 993">
    <p class='ocr_par' dir='ltr' id='par_1_23' title="bbox 1994 923 3551 993">
     <span class='ocr_line' id='line_1_23' title="bbox 1994 923 3551 993; baseline -0.006 -13"><span class='ocrx_word' id='word_1_151' title='bbox 1994 924 2263 980; x_wconf 86' lang='lat' dir='ltr'><strong>blicanus.</strong></span> <span class='ocrx_word' id='word_1_152' title='bbox 2305 923 2371 979; x_wconf 79' lang='lat' dir='ltr'><strong>Hi</strong></span> <span class='ocrx_word' id='word_1_153' title='bbox 2403 924 2552 979; x_wconf 77' lang='lat' dir='ltr'><strong>fuere</strong></span> <span class='ocrx_word' id='word_1_154' title='bbox 2592 924 2749 993; x_wconf 85' lang='lat' dir='ltr'><strong>primi</strong></span> <span class='ocrx_word' id='word_1_155' title='bbox 2785 924 3019 979; x_wconf 69' lang='lat' dir='ltr'><strong>cmlestis</strong></span> <span class='ocrx_word' id='word_1_156' title='bbox 3055 923 3202 992; x_wconf 80' lang='lat' dir='ltr'><strong>regni</strong></span> <span class='ocrx_word' id='word_1_157' title='bbox 3254 934 3551 991; x_wconf 65' lang='lat' dir='ltr'><strong>praecones,</strong></span> 
     </span>
    </p>
   </div>
   <div class='ocr_carea' id='block_1_24' title="bbox 1996 1014 3555 1086">
    <p class='ocr_par' dir='ltr' id='par_1_24' title="bbox 1996 1014 3555 1086">
     <span class='ocr_line' id='line_1_24' title="bbox 1996 1014 3555 1086; baseline -0.006 -14"><span class='ocrx_word' id='word_1_158' title='bbox 1996 1018 2193 1086; x_wconf 88' lang='lat' dir='ltr'><strong>quibus</strong></span> <span class='ocrx_word' id='word_1_159' title='bbox 2242 1017 2576 1086; x_wconf 88' lang='lat' dir='ltr'><strong>adjutoribus</strong></span> <span class='ocrx_word' id='word_1_160' title='bbox 2623 1026 2783 1085; x_wconf 87' lang='lat' dir='ltr'><strong>atque</strong></span> <span class='ocrx_word' id='word_1_161' title='bbox 2833 1015 3093 1069; x_wconf 86' lang='lat' dir='ltr'><strong>ministris</strong></span> <span class='ocrx_word' id='word_1_162' title='bbox 3138 1014 3392 1068; x_wconf 61' lang='lat' dir='ltr'><strong>doctrina:</strong></span> <span class='ocrx_word' id='word_1_163' title='bbox 3444 1024 3555 1064; x_wconf 63' lang='lat' dir='ltr'><strong>suae</strong></span> 
     </span>
    </p>
   </div>
   <div class='ocr_carea' id='block_1_25' title="bbox 1998 1103 3551 1176">
    <p class='ocr_par' dir='ltr' id='par_1_25' title="bbox 1998 1103 3551 1176">
     <span class='ocr_line' id='line_1_25' title="bbox 1998 1103 3551 1176; baseline -0.006 -12"><span class='ocrx_word' id='word_1_164' title='bbox 1998 1111 2261 1165; x_wconf 88' lang='lat' dir='ltr'><strong>Servator</strong></span> <span class='ocrx_word' id='word_1_165' title='bbox 2296 1112 2578 1176; x_wconf 73' lang='lat' dir='ltr'><strong>utebatur;</strong></span> <span class='ocrx_word' id='word_1_166' title='bbox 2613 1109 2740 1163; x_wconf 85' lang='lat' dir='ltr'><strong>hinc</strong></span> <span class='ocrx_word' id='word_1_167' title='bbox 2798 1108 3194 1172; x_wconf 84' lang='lat' dir='ltr'><strong>demonstrans,</strong></span> <span class='ocrx_word' id='word_1_168' title='bbox 3236 1104 3412 1158; x_wconf 91' lang='lat' dir='ltr'><strong>divina</strong></span> <span class='ocrx_word' id='word_1_169' title='bbox 3436 1103 3551 1156; x_wconf 88' lang='lat' dir='ltr'><strong>vir-</strong></span> 
     </span>
    </p>
   </div>
   <div class='ocr_carea' id='block_1_26' title="bbox 2000 1191 3555 1263">
    <p class='ocr_par' dir='ltr' id='par_1_26' title="bbox 2000 1191 3555 1263">
     <span class='ocr_line' id='line_1_26' title="bbox 2000 1191 3555 1263; baseline -0.004 -14"><span class='ocrx_word' id='word_1_170' title='bbox 2000 1206 2134 1261; x_wconf 92' lang='lat' dir='ltr'><strong>tute,</strong></span> <span class='ocrx_word' id='word_1_171' title='bbox 2161 1212 2265 1251; x_wconf 94' lang='lat' dir='ltr'><strong>non</strong></span> <span class='ocrx_word' id='word_1_172' title='bbox 2315 1197 2567 1252; x_wconf 81' lang='lat' dir='ltr'><strong>humanis</strong></span> <span class='ocrx_word' id='word_1_173' title='bbox 2595 1195 2883 1250; x_wconf 87' lang='lat' dir='ltr'><strong>conatibus</strong></span> <span class='ocrx_word' id='word_1_174' title='bbox 2908 1210 2996 1249; x_wconf 91' lang='lat' dir='ltr'><strong>res</strong></span> <span class='ocrx_word' id='word_1_175' title='bbox 3022 1209 3147 1249; x_wconf 89' lang='lat' dir='ltr'><strong>suas</strong></span> <span class='ocrx_word' id='word_1_176' title='bbox 3172 1193 3380 1263; x_wconf 84' lang='lat' dir='ltr'><strong>perlici.</strong></span> <span class='ocrx_word' id='word_1_177' title='bbox 3424 1191 3555 1244; x_wconf 86' lang='lat' dir='ltr'><strong>Nam</strong></span> 
     </span>
    </p>
   </div>
   <div class='ocr_carea' id='block_1_27' title="bbox 1997 1286 3557 1359">
    <p class='ocr_par' dir='ltr' id='par_1_27' title="bbox 1997 1286 3557 1359">
     <span class='ocr_line' id='line_1_27' title="bbox 1997 1286 3557 1359; baseline -0.004 -14"><span class='ocrx_word' id='word_1_178' title='bbox 1997 1298 2147 1345; x_wconf 85' lang='lat' dir='ltr'><strong>certe</strong></span> <span class='ocrx_word' id='word_1_179' title='bbox 2180 1289 2358 1358; x_wconf 84' lang='lat' dir='ltr'><strong>quivis</strong></span> <span class='ocrx_word' id='word_1_180' title='bbox 2412 1289 2550 1343; x_wconf 89' lang='lat' dir='ltr'><strong>alius</strong></span> <span class='ocrx_word' id='word_1_181' title='bbox 2597 1289 2929 1359; x_wconf 87' lang='lat' dir='ltr'><strong>Iegislatores</strong></span> <span class='ocrx_word' id='word_1_182' title='bbox 2970 1286 3189 1343; x_wconf 89' lang='lat' dir='ltr'><strong>humani</strong></span> <span class='ocrx_word' id='word_1_183' title='bbox 3220 1286 3367 1341; x_wconf 88' lang='lat' dir='ltr'><strong>orbis</strong></span> <span class='ocrx_word' id='word_1_184' title='bbox 3397 1294 3557 1353; x_wconf 85' lang='lat' dir='ltr'><strong>atque</strong></span> 
     </span>
    </p>
   </div>
   <div class='ocr_carea' id='block_1_28' title="bbox 1997 1376 3557 1451">
    <p class='ocr_par' dir='ltr' id='par_1_28' title="bbox 1997 1376 3557 1451">
     <span class='ocr_line' id='line_1_28' title="bbox 1997 1376 3557 1451; baseline -0.003 -16"><span class='ocrx_word' id='word_1_185' title='bbox 1997 1391 2359 1443; x_wconf 85' lang='lat' dir='ltr'><strong>correctores,</strong></span> <span class='ocrx_word' id='word_1_186' title='bbox 2392 1379 2773 1449; x_wconf 81' lang='lat' dir='ltr'><strong>religionisque</strong></span> <span class='ocrx_word' id='word_1_187' title='bbox 2828 1393 3109 1451; x_wconf 77' lang='lat' dir='ltr'><strong>praecones</strong></span> <span class='ocrx_word' id='word_1_188' title='bbox 3156 1376 3557 1447; x_wconf 89' lang='lat' dir='ltr'><strong>designatnrus,</strong></span> 
     </span>
    </p>
   </div>
   <div class='ocr_carea' id='block_1_29' title="bbox 1995 1470 3560 1543">
    <p class='ocr_par' dir='ltr' id='par_1_29' title="bbox 1995 1470 3560 1543">
     <span class='ocr_line' id='line_1_29' title="bbox 1995 1470 3560 1543; baseline -0.006 -14"><span class='ocrx_word' id='word_1_189' title='bbox 1995 1488 2225 1543; x_wconf 85' lang='lat' dir='ltr'><strong>prorsus</strong></span> <span class='ocrx_word' id='word_1_190' title='bbox 2258 1471 2437 1542; x_wconf 81' lang='lat' dir='ltr'><strong>lingua</strong></span> <span class='ocrx_word' id='word_1_191' title='bbox 2474 1481 2529 1526; x_wconf 93' lang='lat' dir='ltr'><strong>et</strong></span> <span class='ocrx_word' id='word_1_192' title='bbox 2562 1486 2727 1541; x_wconf 90' lang='lat' dir='ltr'><strong>opere</strong></span> <span class='ocrx_word' id='word_1_193' title='bbox 2752 1470 3013 1536; x_wconf 80' lang='lat' dir='ltr'><strong>valentes,</strong></span> <span class='ocrx_word' id='word_1_194' title='bbox 3060 1480 3298 1541; x_wconf 87' lang='lat' dir='ltr'><strong>spectata</strong></span> <span class='ocrx_word' id='word_1_195' title='bbox 3334 1470 3415 1524; x_wconf 90' lang='lat' dir='ltr'><strong>rei</strong></span> <span class='ocrx_word' id='word_1_196' title='bbox 3446 1482 3560 1521; x_wconf 79' lang='lat' dir='ltr'><strong>ma~</strong></span> 
     </span>
    </p>
   </div>
   <div class='ocr_carea' id='block_1_30' title="bbox 1997 1558 3561 1634">
    <p class='ocr_par' dir='ltr' id='par_1_30' title="bbox 1997 1558 3561 1634">
     <span class='ocr_line' id='line_1_30' title="bbox 1997 1558 3561 1634; baseline -0.006 -14"><span class='ocrx_word' id='word_1_197' title='bbox 1997 1564 2296 1634; x_wconf 78' lang='lat' dir='ltr'><strong>gnitudine,</strong></span> <span class='ocrx_word' id='word_1_198' title='bbox 2350 1564 2694 1633; x_wconf 64' lang='lat' dir='ltr'><strong>praetulisset,</strong></span> <span class='ocrx_word' id='word_1_199' title='bbox 2765 1572 2924 1632; x_wconf 89' lang='lat' dir='ltr'><strong>atque</strong></span> <span class='ocrx_word' id='word_1_200' title='bbox 2982 1564 3230 1618; x_wconf 89' lang='lat' dir='ltr'><strong>homines</strong></span> <span class='ocrx_word' id='word_1_201' title='bbox 3298 1558 3561 1630; x_wconf 82' lang='lat' dir='ltr'><strong>sapientia</strong></span> 
     </span>
    </p>
   </div>
   <div class='ocr_carea' id='block_1_31' title="bbox 1998 1653 3563 1725">
    <p class='ocr_par' dir='ltr' id='par_1_31' title="bbox 1998 1653 3563 1725">
     <span class='ocr_line' id='line_1_31' title="bbox 1998 1653 3563 1725; baseline -0.005 -14"><span class='ocrx_word' id='word_1_202' title='bbox 1998 1656 2382 1724; x_wconf 89' lang='lat' dir='ltr'><strong>intellectuqne</strong></span> <span class='ocrx_word' id='word_1_203' title='bbox 2416 1663 2735 1725; x_wconf 64' lang='lat' dir='ltr'><strong>prazstantes</strong></span> <span class='ocrx_word' id='word_1_204' title='bbox 2756 1654 3062 1723; x_wconf 81' lang='lat' dir='ltr'><strong>delegisset,</strong></span> <span class='ocrx_word' id='word_1_205' title='bbox 3082 1654 3167 1709; x_wconf 88' lang='lat' dir='ltr'><strong>vel</strong></span> <span class='ocrx_word' id='word_1_206' title='bbox 3184 1653 3376 1709; x_wconf 84' lang='lat' dir='ltr'><strong>divites</strong></span> <span class='ocrx_word' id='word_1_207' title='bbox 3403 1662 3563 1719; x_wconf 88' lang='lat' dir='ltr'><strong>atque</strong></span> 
     </span>
    </p>
   </div>
   <div class='ocr_carea' id='block_1_32' title="bbox 1999 1746 3564 1817">
    <p class='ocr_par' dir='ltr' id='par_1_32' title="bbox 1999 1746 3564 1817">
     <span class='ocr_line' id='line_1_32' title="bbox 1999 1746 3564 1817; baseline -0.006 -14"><span class='ocrx_word' id='word_1_208' title='bbox 1999 1747 2257 1816; x_wconf 87' lang='lat' dir='ltr'><strong>insignes,</strong></span> <span class='ocrx_word' id='word_1_209' title='bbox 2305 1749 2396 1817; x_wconf 90' lang='lat' dir='ltr'><strong>qui</strong></span> <span class='ocrx_word' id='word_1_210' title='bbox 2429 1756 2486 1801; x_wconf 88' lang='lat' dir='ltr'><strong>et</strong></span> <span class='ocrx_word' id='word_1_211' title='bbox 2513 1761 2676 1816; x_wconf 90' lang='lat' dir='ltr'><strong>opum</strong></span> <span class='ocrx_word' id='word_1_212' title='bbox 2731 1746 3017 1815; x_wconf 79' lang='lat' dir='ltr'><strong>largitione</strong></span> <span class='ocrx_word' id='word_1_213' title='bbox 3060 1751 3457 1815; x_wconf 84' lang='lat' dir='ltr'><strong>permoverent,</strong></span> <span class='ocrx_word' id='word_1_214' title='bbox 3509 1750 3564 1795; x_wconf 89' lang='lat' dir='ltr'><strong>et</strong></span> 
     </span>
    </p>
   </div>
   <div class='ocr_carea' id='block_1_33' title="bbox 1998 1833 3562 1904">
    <p class='ocr_par' dir='ltr' id='par_1_33' title="bbox 1998 1833 3562 1904">
     <span class='ocr_line' id='line_1_33' title="bbox 1998 1833 3562 1904; baseline -0.004 -14"><span class='ocrx_word' id='word_1_215' title='bbox 1998 1835 2179 1892; x_wconf 86' lang='lat' dir='ltr'><strong>verbis</strong></span> <span class='ocrx_word' id='word_1_216' title='bbox 2208 1836 2593 1904; x_wconf 85' lang='lat' dir='ltr'><strong>persuaderent</strong></span> <span class='ocrx_word' id='word_1_217' title='bbox 2628 1844 2715 1890; x_wconf 89' lang='lat' dir='ltr'><strong>:et</strong></span> <span class='ocrx_word' id='word_1_218' title='bbox 2744 1835 3084 1904; x_wconf 86' lang='lat' dir='ltr'><strong>polytheismi</strong></span> <span class='ocrx_word' id='word_1_219' title='bbox 3113 1833 3329 1904; x_wconf 83' lang='lat' dir='ltr'><strong>quidem</strong></span> <span class='ocrx_word' id='word_1_220' title='bbox 3361 1840 3562 1888; x_wconf 87' lang='lat' dir='ltr'><strong>sectam</strong></span> 
     </span>
    </p>
   </div>
   <div class='ocr_carea' id='block_1_34' title="bbox 318 1900 1897 2001">
    <p class='ocr_par' dir='ltr' id='par_1_34' title="bbox 318 1900 1892 2001">
     <span class='ocr_line' id='line_1_34' title="bbox 318 1900 1892 2001; baseline 0.004 -25"><span class='ocrx_word' id='word_1_221' title='bbox 318 1900 726 1995; x_wconf 64' lang='lat' dir='ltr'><strong>xopq‘r‘qttévou;</strong></span> <span class='ocrx_word' id='word_1_222' title='bbox 761 1900 979 2000; x_wconf 75' lang='grc' dir='ltr'><strong>ἄνδρας,</strong></span> <span class='ocrx_word' id='word_1_223' title='bbox 1012 1929 1045 2000; x_wconf 81' lang='grc' dir='ltr'>ἢ</span> <span class='ocrx_word' id='word_1_224' title='bbox 1086 1900 1369 1994; x_wconf 70' lang='grc' dir='ltr'><strong>πλουσίους</strong></span> <span class='ocrx_word' id='word_1_225' title='bbox 1389 1900 1500 1983; x_wconf 51' lang='grc' dir='ltr'><strong>’καὶ</strong></span> <span class='ocrx_word' id='word_1_226' title='bbox 1532 1930 1892 2001; x_wconf 79' lang='grc' dir='ltr'><strong>εὐσχήμονας,</strong></span> 
     </span>
    </p>
   </div>
   <div class='ocr_carea' id='block_1_35' title="bbox 1999 1900 3562 2001">
    <p class='ocr_par' dir='ltr' id='par_1_35' title="bbox 2000 1925 3562 1994">
     <span class='ocr_line' id='line_1_35' title="bbox 2000 1925 3562 1994; baseline -0.003 -14"><span class='ocrx_word' id='word_1_227' title='bbox 2000 1925 2272 1994; x_wconf 88' lang='lat' dir='ltr'><strong>sapienter</strong></span> <span class='ocrx_word' id='word_1_228' title='bbox 2287 1925 2674 1989; x_wconf 85' lang='lat' dir='ltr'><strong>convellerent,</strong></span> <span class='ocrx_word' id='word_1_229' title='bbox 2704 1928 3145 1989; x_wconf 79' lang='lat' dir='ltr'><strong>omniumautem</strong></span> <span class='ocrx_word' id='word_1_230' title='bbox 3175 1940 3353 1979; x_wconf 91' lang='lat' dir='ltr'><strong>rerum</strong></span> <span class='ocrx_word' id='word_1_231' title='bbox 3376 1934 3562 1976; x_wconf 91' lang='lat' dir='ltr'><strong>aucto-</strong></span> 
     </span>
    </p>
   </div>
   <div class='ocr_carea' id='block_1_36' title="bbox 316 2016 1897 2097">
    <p class='ocr_par' dir='ltr' id='par_1_36' title="bbox 316 2016 1897 2097">
     <span class='ocr_line' id='line_1_36' title="bbox 316 2016 1897 2097; baseline 0.018 -30"><span class='ocrx_word' id='word_1_232' title='bbox 316 2016 441 2079; x_wconf 79' lang='grc' dir='ltr'><strong>τούς</strong></span> <span class='ocrx_word' id='word_1_233' title='bbox 474 2018 567 2070; x_wconf 71' lang='grc' dir='ltr'><strong>καὶ</strong></span> <span class='ocrx_word' id='word_1_234' title='bbox 593 2021 891 2090; x_wconf 84' lang='grc' dir='ltr'><strong>χρημάτων</strong></span> <span class='ocrx_word' id='word_1_235' title='bbox 915 2022 1093 2077; x_wconf 87' lang='grc' dir='ltr'><strong>δόσεσι</strong></span> <span class='ocrx_word' id='word_1_236' title='bbox 1119 2024 1613 2097; x_wconf 67' lang='grc' dir='ltr'><strong>προτρεψομένους,</strong></span> <span class='ocrx_word' id='word_1_237' title='bbox 1642 2027 1736 2079; x_wconf 64' lang='grc' dir='ltr'><strong>καὶ</strong></span> <span class='ocrx_word' id='word_1_238' title='bbox 1755 2026 1897 2097; x_wconf 75' lang='grc' dir='ltr'><strong>λόγῳ</strong></span> 
     </span>
    </p>
   </div>
   <div class='ocr_carea' id='block_1_37' title="bbox 317 2108 1897 2188">
    <p class='ocr_par' dir='ltr' id='par_1_37' title="bbox 317 2108 1897 2188">
     <span class='ocr_line' id='line_1_37' title="bbox 317 2108 1897 2188; baseline 0.008 -30"><span class='ocrx_word' id='word_1_239' title='bbox 317 2108 605 2174; x_wconf 82' lang='grc' dir='ltr'><strong>πείσοντας</strong></span> <span class='ocrx_word' id='word_1_240' title='bbox 629 2128 641 2141; x_wconf 81' lang='grc'><em>’</em></span> <span class='ocrx_word' id='word_1_241' title='bbox 672 2113 765 2165; x_wconf 78' lang='grc' dir='ltr'><strong>καὶ</strong></span> <span class='ocrx_word' id='word_1_242' title='bbox 789 2113 885 2177; x_wconf 80' lang='grc' dir='ltr'><strong>τὰς</strong></span> <span class='ocrx_word' id='word_1_243' title='bbox 914 2115 1011 2186; x_wconf 84' lang='grc' dir='ltr'><strong>μὲν</strong></span> <span class='ocrx_word' id='word_1_244' title='bbox 1039 2117 1165 2188; x_wconf 74' lang='grc' dir='ltr'><strong>περὶ</strong></span> <span class='ocrx_word' id='word_1_245' title='bbox 1185 2117 1322 2171; x_wconf 90' lang='grc' dir='ltr'><strong>θεῶν</strong></span> <span class='ocrx_word' id='word_1_246' title='bbox 1342 2116 1497 2181; x_wconf 82' lang='grc' dir='ltr'><strong>δόξας</strong></span> <span class='ocrx_word' id='word_1_247' title='bbox 1524 2118 1897 2188; x_wconf 77' lang='grc' dir='ltr'><strong>ἐπιστημόνως</strong></span> 
     </span>
    </p>
   </div>
   <div class='ocr_carea' id='block_1_38' title="bbox 315 2196 1905 2278">
    <p class='ocr_par' dir='ltr' id='par_1_38' title="bbox 315 2196 1905 2278">
     <span class='ocr_line' id='line_1_38' title="bbox 315 2196 1905 2278; baseline 0.006 -29"><span class='ocrx_word' id='word_1_248' title='bbox 315 2196 706 2267; x_wconf 78' lang='grc' dir='ltr'><strong>διελέγξοντας,</strong></span> <span class='ocrx_word' id='word_1_249' title='bbox 740 2203 839 2271; x_wconf 84' lang='grc' dir='ltr'><strong>τὴν</strong></span> <span class='ocrx_word' id='word_1_250' title='bbox 870 2205 925 2257; x_wconf 83' lang='grc' dir='ltr'><strong>δὲ</strong></span> <span class='ocrx_word' id='word_1_251' title='bbox 952 2206 1079 2277; x_wconf 62' lang='lat' dir='ltr'><strong>napi.</strong></span> <span class='ocrx_word' id='word_1_252' title='bbox 1106 2205 1201 2260; x_wconf 78' lang='grc' dir='ltr'><strong>τοῦ</strong></span> <span class='ocrx_word' id='word_1_253' title='bbox 1228 2208 1443 2261; x_wconf 86' lang='grc' dir='ltr'><strong>πάντων</strong></span> <span class='ocrx_word' id='word_1_254' title='bbox 1464 2206 1686 2278; x_wconf 82' lang='grc' dir='ltr'><strong>ποιητοῦ</strong></span> <span class='ocrx_word' id='word_1_255' title='bbox 1716 2224 1775 2259; x_wconf 90' lang='grc' dir='ltr'><strong>τε</strong></span> <span class='ocrx_word' id='word_1_256' title='bbox 1806 2207 1905 2259; x_wconf 77' lang='grc' dir='ltr'><strong>καὶ·</strong></span> 
     </span>
    </p>
   </div>
   <div class='ocr_carea' id='block_1_39' title="bbox 315 2288 1899 2368">
    <p class='ocr_par' dir='ltr' id='par_1_39' title="bbox 315 2288 1899 2368">
     <span class='ocr_line' id='line_1_39' title="bbox 315 2288 1899 2368; baseline 0.006 -26"><span class='ocrx_word' id='word_1_257' title='bbox 315 2288 646 2363; x_wconf 80' lang='grc' dir='ltr'><strong>δημιουργοῦ</strong></span> <span class='ocrx_word' id='word_1_258' title='bbox 687 2294 821 2348; x_wconf 88' lang='grc' dir='ltr'><strong>Θεοῦ</strong></span> <span class='ocrx_word' id='word_1_259' title='bbox 858 2296 1057 2365; x_wconf 91' lang='grc' dir='ltr'><strong>γνῶσίν</strong></span> <span class='ocrx_word' id='word_1_260' title='bbox 1092 2314 1151 2351; x_wconf 90' lang='grc' dir='ltr'><strong>τε</strong></span> <span class='ocrx_word' id='word_1_261' title='bbox 1185 2298 1279 2351; x_wconf 78' lang='grc' dir='ltr'><strong>καὶ</strong></span> <span class='ocrx_word' id='word_1_262' title='bbox 1320 2298 1597 2354; x_wconf 75' lang='grc' dir='ltr'><strong>εὐσέϐειαν</strong></span> <span class='ocrx_word' id='word_1_263' title='bbox 1623 2298 1899 2368; x_wconf 82' lang='grc' dir='ltr'><strong>λογισμοῖς</strong></span> 
     </span>
    </p>
   </div>
   <div class='ocr_carea' id='block_1_40' title="bbox 314 2380 1899 2463">
    <p class='ocr_par' dir='ltr' id='par_1_40' title="bbox 314 2380 1899 2463">
     <span class='ocr_line' id='line_1_40' title="bbox 314 2380 1899 2463; baseline 0.004 -29"><span class='ocrx_word' id='word_1_264' title='bbox 314 2380 710 2448; x_wconf 73' lang='grc' dir='ltr'><strong>ἀποδεικτικοῖς</strong></span> <span class='ocrx_word' id='word_1_265' title='bbox 750 2390 1229 2459; x_wconf 83' lang='grc' dir='ltr'><strong>παραστήσοντας·</strong></span> <span class='ocrx_word' id='word_1_266' title='bbox 1274 2390 1369 2444; x_wconf 79' lang='grc' dir='ltr'><strong>καὶ</strong></span> <span class='ocrx_word' id='word_1_267' title='bbox 1424 2390 1545 2463; x_wconf 74' lang='grc' dir='ltr'><strong>πρό</strong></span> <span class='ocrx_word' id='word_1_268' title='bbox 1574 2408 1637 2459; x_wconf 91' lang='grc' dir='ltr'><strong>γε</strong></span> <span class='ocrx_word' id='word_1_269' title='bbox 1682 2390 1899 2444; x_wconf 86' lang='grc' dir='ltr'><strong>πάντων</strong></span> 
     </span>
    </p>
   </div>
   <div class='ocr_carea' id='block_1_41' title="bbox 315 2471 1902 2550">
    <p class='ocr_par' dir='ltr' id='par_1_41' title="bbox 315 2471 1902 2550">
     <span class='ocr_line' id='line_1_41' title="bbox 315 2471 1902 2550; baseline 0.009 -29"><span class='ocrx_word' id='word_1_270' title='bbox 315 2471 652 2542; x_wconf 86' lang='grc' dir='ltr'><strong>προύνόησεν</strong></span> <span class='ocrx_word' id='word_1_271' title='bbox 685 2473 773 2538; x_wconf 84' lang='grc' dir='ltr'><strong>ἂν,</strong></span> <span class='ocrx_word' id='word_1_272' title='bbox 816 2477 1021 2547; x_wconf 84' lang='grc' dir='ltr'><strong>μέλλων</strong></span> <span class='ocrx_word' id='word_1_273' title='bbox 1039 2480 1237 2543; x_wconf 80' lang='grc' dir='ltr'><strong>αὐτοὺς</strong></span> <span class='ocrx_word' id='word_1_274' title='bbox 1258 2480 1483 2534; x_wconf 65' lang='grc' dir='ltr'><strong>ἐπὶιπᾶν</strong></span> <span class='ocrx_word' id='word_1_275' title='bbox 1524 2480 1673 2545; x_wconf 67' lang='grc' dir='ltr'><strong>ἔθνος</strong></span> <span class='ocrx_word' id='word_1_276' title='bbox 1699 2480 1902 2550; x_wconf 76' lang='grc' dir='ltr'><strong>ἐκπέμ-</strong></span> 
     </span>
    </p>
   </div>
   <div class='ocr_carea' id='block_1_42' title="bbox 316 2565 1899 2643">
    <p class='ocr_par' dir='ltr' id='par_1_42' title="bbox 316 2565 1899 2643">
     <span class='ocr_line' id='line_1_42' title="bbox 316 2565 1899 2643; baseline 0.007 -29"><span class='ocrx_word' id='word_1_277' title='bbox 316 2579 461 2629; x_wconf 86' lang='grc' dir='ltr'><strong>πειν,</strong></span> <span class='ocrx_word' id='word_1_278' title='bbox 488 2565 757 2636; x_wconf 79' lang='grc' dir='ltr'><strong>ἑρμηνέας</strong></span> <span class='ocrx_word' id='word_1_279' title='bbox 779 2569 961 2633; x_wconf 78' lang='grc' dir='ltr'><strong>αὐτοῖς</strong></span> <span class='ocrx_word' id='word_1_280' title='bbox 989 2571 1433 2643; x_wconf 84' lang='grc' dir='ltr'><strong>παραστήσεσθαι</strong></span> <span class='ocrx_word' id='word_1_281' title='bbox 1465 2572 1572 2626; x_wconf 91' lang='grc' dir='ltr'><strong>τῶν</strong></span> <span class='ocrx_word' id='word_1_282' title='bbox 1603 2572 1797 2641; x_wconf 88' lang='grc' dir='ltr'><strong>λόγων,</strong></span> <span class='ocrx_word' id='word_1_283' title='bbox 1824 2571 1899 2635; x_wconf 86' lang='grc' dir='ltr'><strong>ὡς</strong></span> 
     </span>
    </p>
   </div>
   <div class='ocr_carea' id='block_1_43' title="bbox 314 2653 1898 2736">
    <p class='ocr_par' dir='ltr' id='par_1_43' title="bbox 314 2653 1898 2736">
     <span class='ocr_line' id='line_1_43' title="bbox 314 2653 1898 2736; baseline 0.006 -30"><span class='ocrx_word' id='word_1_284' title='bbox 314 2653 382 2707; x_wconf 83' lang='grc' dir='ltr'><strong>ἂν</strong></span> <span class='ocrx_word' id='word_1_285' title='bbox 414 2656 663 2721; x_wconf 80' lang='grc' dir='ltr'><strong>ἑκάστοις</strong></span> <span class='ocrx_word' id='word_1_286' title='bbox 688 2658 863 2712; x_wconf 79' lang='grc' dir='ltr'><strong>ἔθνεσι</strong></span> <span class='ocrx_word' id='word_1_287' title='bbox 887 2663 951 2731; x_wconf 81' lang='grc' dir='ltr'><strong>τῇ</strong></span> <span class='ocrx_word' id='word_1_288' title='bbox 980 2660 1158 2714; x_wconf 89' lang='grc' dir='ltr'><strong>αὐτῶν</strong></span> <span class='ocrx_word' id='word_1_289' title='bbox 1180 2660 1395 2736; x_wconf 80' lang='grc' dir='ltr'><strong>γλώττῃ</strong></span> <span class='ocrx_word' id='word_1_290' title='bbox 1425 2663 1682 2734; x_wconf 80' lang='grc' dir='ltr'><strong>ὁμιλοῖεν,</strong></span> <span class='ocrx_word' id='word_1_291' title='bbox 1714 2664 1808 2716; x_wconf 75' lang='grc' dir='ltr'><strong>καὶ</strong></span> <span class='ocrx_word' id='word_1_292' title='bbox 1831 2664 1898 2733; x_wconf 78' lang='grc' dir='ltr'><strong>τῇ</strong></span> 
     </span>
    </p>
   </div>
   <div class='ocr_carea' id='block_1_44' title="bbox 2003 2017 3565 2087">
    <p class='ocr_par' dir='ltr' id='par_1_44' title="bbox 2003 2017 3565 2087">
     <span class='ocr_line' id='line_1_44' title="bbox 2003 2017 3565 2087; baseline -0.001 -17"><span class='ocrx_word' id='word_1_293' title='bbox 2003 2018 2079 2070; x_wconf 91' lang='lat' dir='ltr'><strong>ris</strong></span> <span class='ocrx_word' id='word_1_294' title='bbox 2107 2025 2164 2071; x_wconf 93' lang='lat' dir='ltr'><strong>et</strong></span> <span class='ocrx_word' id='word_1_295' title='bbox 2195 2017 2457 2071; x_wconf 86' lang='lat' dir='ltr'><strong>creatoris</strong></span> <span class='ocrx_word' id='word_1_296' title='bbox 2480 2017 2575 2072; x_wconf 85' lang='lat' dir='ltr'><strong>Dei</strong></span> <span class='ocrx_word' id='word_1_297' title='bbox 2610 2017 2859 2071; x_wconf 81' lang='lat' dir='ltr'><strong>notitiam</strong></span> <span class='ocrx_word' id='word_1_298' title='bbox 2902 2018 3208 2087; x_wconf 90' lang='lat' dir='ltr'><strong>cultumque</strong></span> <span class='ocrx_word' id='word_1_299' title='bbox 3231 2018 3565 2071; x_wconf 86' lang='lat' dir='ltr'><strong>demonstra-</strong></span> 
     </span>
    </p>
   </div>
   <div class='ocr_carea' id='block_1_45' title="bbox 2008 2108 3565 2179">
    <p class='ocr_par' dir='ltr' id='par_1_45' title="bbox 2008 2108 3565 2179">
     <span class='ocr_line' id='line_1_45' title="bbox 2008 2108 3565 2179; baseline 0 -17"><span class='ocrx_word' id='word_1_300' title='bbox 2008 2108 2131 2164; x_wconf 88' lang='lat' dir='ltr'><strong>tivis</strong></span> <span class='ocrx_word' id='word_1_301' title='bbox 2160 2109 2498 2178; x_wconf 80' lang='lat' dir='ltr'><strong>argumentis</strong></span> <span class='ocrx_word' id='word_1_302' title='bbox 2523 2108 2853 2164; x_wconf 90' lang='lat' dir='ltr'><strong>stabilirent.</strong></span> <span class='ocrx_word' id='word_1_303' title='bbox 2882 2108 2936 2163; x_wconf 89' lang='lat' dir='ltr'><strong>In</strong></span> <span class='ocrx_word' id='word_1_304' title='bbox 2965 2109 3156 2179; x_wconf 92' lang='lat' dir='ltr'><strong>primis</strong></span> <span class='ocrx_word' id='word_1_305' title='bbox 3182 2124 3310 2162; x_wconf 87' lang='lat' dir='ltr'><strong>vero</strong></span> <span class='ocrx_word' id='word_1_306' title='bbox 3346 2122 3565 2178; x_wconf 85' lang='lat' dir='ltr'><strong>operam</strong></span> 
     </span>
    </p>
   </div>
   <div class='ocr_carea' id='block_1_46' title="bbox 2006 2198 3565 2270">
    <p class='ocr_par' dir='ltr' id='par_1_46' title="bbox 2006 2198 3565 2270">
     <span class='ocr_line' id='line_1_46' title="bbox 2006 2198 3565 2270; baseline -0.003 -17"><span class='ocrx_word' id='word_1_307' title='bbox 2006 2198 2263 2264; x_wconf 85' lang='lat' dir='ltr'><strong>dedisset,</strong></span> <span class='ocrx_word' id='word_1_308' title='bbox 2294 2208 2353 2253; x_wconf 93' lang='lat' dir='ltr'><strong>ut</strong></span> <span class='ocrx_word' id='word_1_309' title='bbox 2382 2214 2517 2270; x_wconf 91' lang='lat' dir='ltr'><strong>quos</strong></span> <span class='ocrx_word' id='word_1_310' title='bbox 2550 2214 2646 2268; x_wconf 87' lang='lat' dir='ltr'><strong>per</strong></span> <span class='ocrx_word' id='word_1_311' title='bbox 2675 2212 2860 2254; x_wconf 85' lang='lat' dir='ltr'><strong>omnes</strong></span> <span class='ocrx_word' id='word_1_312' title='bbox 2894 2199 3119 2269; x_wconf 88' lang='lat' dir='ltr'><strong>populos</strong></span> <span class='ocrx_word' id='word_1_313' title='bbox 3147 2199 3406 2257; x_wconf 86' lang='lat' dir='ltr'><strong>missurus</strong></span> <span class='ocrx_word' id='word_1_314' title='bbox 3426 2204 3565 2262; x_wconf 86' lang='lat' dir='ltr'><strong>erat,</strong></span> 
     </span>
    </p>
   </div>
   <div class='ocr_carea' id='block_1_47' title="bbox 2002 2286 3567 2360">
    <p class='ocr_par' dir='ltr' id='par_1_47' title="bbox 2002 2286 3567 2360">
     <span class='ocr_line' id='line_1_47' title="bbox 2002 2286 3567 2360; baseline -0.001 -17"><span class='ocrx_word' id='word_1_315' title='bbox 2002 2290 2084 2346; x_wconf 90' lang='lat' dir='ltr'><strong>eis</strong></span> <span class='ocrx_word' id='word_1_316' title='bbox 2128 2288 2443 2345; x_wconf 89' lang='lat' dir='ltr'><strong>idiomatum</strong></span> <span class='ocrx_word' id='word_1_317' title='bbox 2492 2292 2821 2360; x_wconf 66' lang='lat' dir='ltr'><strong>interpretes</strong></span> <span class='ocrx_word' id='word_1_318' title='bbox 2874 2291 3289 2359; x_wconf 83' lang='lat' dir='ltr'><strong>adjungeret.ut</strong></span> <span class='ocrx_word' id='word_1_319' title='bbox 3327 2286 3567 2358; x_wconf 86' lang='lat' dir='ltr'><strong>singulas</strong></span> 
     </span>
    </p>
   </div>
   <div class='ocr_carea' id='block_1_48' title="bbox 2002 2379 3568 2453">
    <p class='ocr_par' dir='ltr' id='par_1_48' title="bbox 2002 2379 3568 2453">
     <span class='ocr_line' id='line_1_48' title="bbox 2002 2379 3568 2453; baseline -0.006 -15"><span class='ocrx_word' id='word_1_320' title='bbox 2002 2393 2191 2453; x_wconf 80' lang='lat' dir='ltr'><strong>gentes</strong></span> <span class='ocrx_word' id='word_1_321' title='bbox 2212 2397 2311 2453; x_wconf 88' lang='lat' dir='ltr'><strong>pro</strong></span> <span class='ocrx_word' id='word_1_322' title='bbox 2334 2383 2546 2438; x_wconf 91' lang='lat' dir='ltr'><strong>illarum</strong></span> <span class='ocrx_word' id='word_1_323' title='bbox 2574 2397 2827 2438; x_wconf 91' lang='lat' dir='ltr'><strong>sermone</strong></span> <span class='ocrx_word' id='word_1_324' title='bbox 2853 2381 3280 2450; x_wconf 83' lang='lat' dir='ltr'><strong>alloquerentur,</strong></span> <span class='ocrx_word' id='word_1_325' title='bbox 3297 2379 3568 2435; x_wconf 86' lang='lat' dir='ltr'><strong>omnium-</strong></span> 
     </span>
    </p>
   </div>
   <div class='ocr_carea' id='block_1_49' title="bbox 2004 2471 3568 2544">
    <p class='ocr_par' dir='ltr' id='par_1_49' title="bbox 2004 2471 3568 2544">
     <span class='ocr_line' id='line_1_49' title="bbox 2004 2471 3568 2544; baseline -0.004 -16"><span class='ocrx_word' id='word_1_326' title='bbox 2004 2490 2111 2542; x_wconf 85' lang='lat' dir='ltr'><strong>que</strong></span> <span class='ocrx_word' id='word_1_327' title='bbox 2140 2489 2302 2530; x_wconf 87' lang='lat' dir='ltr'><strong>aures</strong></span> <span class='ocrx_word' id='word_1_328' title='bbox 2342 2474 2489 2530; x_wconf 90' lang='lat' dir='ltr'><strong>notis</strong></span> <span class='ocrx_word' id='word_1_329' title='bbox 2535 2474 2718 2529; x_wconf 87' lang='lat' dir='ltr'><strong>verbis</strong></span> <span class='ocrx_word' id='word_1_330' title='bbox 2747 2474 3043 2544; x_wconf 79' lang='lat' dir='ltr'><strong>pulsarent.</strong></span> <span class='ocrx_word' id='word_1_331' title='bbox 3078 2472 3186 2527; x_wconf 89' lang='lat' dir='ltr'><strong>Sed</strong></span> <span class='ocrx_word' id='word_1_332' title='bbox 3213 2471 3345 2526; x_wconf 87' lang='lat' dir='ltr'><strong>nihil</strong></span> <span class='ocrx_word' id='word_1_333' title='bbox 3376 2471 3568 2524; x_wconf 91' lang='lat' dir='ltr'><strong>horum</strong></span> 
     </span>
    </p>
   </div>
   <div class='ocr_carea' id='block_1_50' title="bbox 2002 2562 3568 2637">
    <p class='ocr_par' dir='ltr' id='par_1_50' title="bbox 2002 2562 3568 2637">
     <span class='ocr_line' id='line_1_50' title="bbox 2002 2562 3568 2637; baseline -0.004 -16"><span class='ocrx_word' id='word_1_334' title='bbox 2002 2582 2139 2636; x_wconf 91' lang='lat' dir='ltr'><strong>opus</strong></span> <span class='ocrx_word' id='word_1_335' title='bbox 2184 2577 2305 2623; x_wconf 89' lang='lat' dir='ltr'><strong>erat</strong></span> <span class='ocrx_word' id='word_1_336' title='bbox 2330 2566 2627 2631; x_wconf 91' lang='lat' dir='ltr'><strong>Servatori,</strong></span> <span class='ocrx_word' id='word_1_337' title='bbox 2661 2568 2755 2637; x_wconf 92' lang='lat' dir='ltr'><strong>qui</strong></span> <span class='ocrx_word' id='word_1_338' title='bbox 2804 2567 2948 2623; x_wconf 86' lang='lat' dir='ltr'><strong>haud</strong></span> <span class='ocrx_word' id='word_1_339' title='bbox 2985 2567 3219 2621; x_wconf 87' lang='lat' dir='ltr'><strong>humano</strong></span> <span class='ocrx_word' id='word_1_340' title='bbox 3251 2579 3399 2618; x_wconf 91' lang='lat' dir='ltr'><strong>more</strong></span> <span class='ocrx_word' id='word_1_341' title='bbox 3414 2563 3480 2617; x_wconf 87' lang='lat' dir='ltr'><strong>ad</strong></span> <span class='ocrx_word' id='word_1_342' title='bbox 3515 2562 3568 2614; x_wconf 79' lang='lat' dir='ltr'><strong>id</strong></span> 
     </span>
    </p>
   </div>
   <div class='ocr_carea' id='block_1_51' title="bbox 2005 2659 2629 2729">
    <p class='ocr_par' dir='ltr' id='par_1_51' title="bbox 2005 2659 2629 2729">
     <span class='ocr_line' id='line_1_51' title="bbox 2005 2659 2629 2729; baseline 0.002 -16"><span class='ocrx_word' id='word_1_343' title='bbox 2005 2660 2277 2729; x_wconf 78' lang='lat' dir='ltr'><strong>negotium</strong></span> <span class='ocrx_word' id='word_1_344' title='bbox 2314 2659 2629 2715; x_wconf 87' lang='lat' dir='ltr'><strong>accedebat.</strong></span> 
     </span>
    </p>
   </div>
   <div class='ocr_carea' id='block_1_52' title="bbox 314 2744 3571 2825">
    <p class='ocr_par' dir='ltr' id='par_1_52' title="bbox 314 2744 3571 2825">
     <span class='ocr_line' id='line_1_52' title="bbox 314 2744 3571 2825; baseline 0.001 -28"><span class='ocrx_word' id='word_1_345' title='bbox 314 2744 535 2799; x_wconf 80' lang='grc' dir='ltr'><strong>πάντων</strong></span> <span class='ocrx_word' id='word_1_346' title='bbox 564 2748 698 2819; x_wconf 79' lang='grc' dir='ltr'><strong>ἀκοῇ</strong></span> <span class='ocrx_word' id='word_1_347' title='bbox 720 2749 993 2821; x_wconf 86' lang='grc' dir='ltr'><strong>γνώριμον</strong></span> <span class='ocrx_word' id='word_1_348' title='bbox 1006 2753 1369 2824; x_wconf 43' lang='grc' dir='ltr'><strong>νπροφὲροιντο</strong></span> <span class='ocrx_word' id='word_1_349' title='bbox 1386 2753 1447 2807; x_wconf 85' lang='grc' dir='ltr'><strong>τὺ</strong></span> <span class='ocrx_word' id='word_1_350' title='bbox 1473 2752 1713 2825; x_wconf 78' lang='grc' dir='ltr'><strong>φθέγμα.</strong></span> <span class='ocrx_word' id='word_1_351' title='bbox 1750 2752 1887 2806; x_wconf 79' lang='grc' dir='ltr'><strong>Ἀλλ’</strong></span> <span class='ocrx_word' id='word_1_352' title='bbox 1926 2750 1985 2803; x_wconf 87' lang='grc' dir='ltr'><strong>οὐ</strong></span> <span class='ocrx_word' id='word_1_353' title='bbox 2055 2749 2309 2805; x_wconf 84' lang='grc' dir='ltr'><strong>τοιούτων</strong></span> <span class='ocrx_word' id='word_1_354' title='bbox 2346 2750 2529 2822; x_wconf 79' lang='grc' dir='ltr'><strong>ἐδέησε</strong></span> <span class='ocrx_word' id='word_1_355' title='bbox 2557 2749 2636 2821; x_wconf 82' lang='grc' dir='ltr'><strong>τῷ</strong></span> <span class='ocrx_word' id='word_1_356' title='bbox 2673 2750 2903 2821; x_wconf 82' lang='grc' dir='ltr'><strong>Σωτῆρι,</strong></span> <span class='ocrx_word' id='word_1_357' title='bbox 2937 2750 3017 2802; x_wconf 85' lang='grc' dir='ltr'><strong>ὄτι</strong></span> <span class='ocrx_word' id='word_1_358' title='bbox 3043 2748 3177 2819; x_wconf 72' lang='grc' dir='ltr'><strong>μηδὲ</strong></span> <span class='ocrx_word' id='word_1_359' title='bbox 3217 2746 3571 2818; x_wconf 84' lang='grc' dir='ltr'><strong>ἀνθρωπίνως</strong></span> 
     </span>
    </p>
   </div>
   <div class='ocr_carea' id='block_1_53' title="bbox 314 2836 793 2911">
    <p class='ocr_par' dir='ltr' id='par_1_53' title="bbox 314 2836 793 2911">
     <span class='ocr_line' id='line_1_53' title="bbox 314 2836 793 2911; baseline 0.013 -23"><span class='ocrx_word' id='word_1_360' title='bbox 314 2836 409 2889; x_wconf 74' lang='grc' dir='ltr'><strong>ἐπὶ</strong></span> <span class='ocrx_word' id='word_1_361' title='bbox 431 2837 589 2891; x_wconf 83' lang='grc' dir='ltr'><strong>τοῦτο</strong></span> <span class='ocrx_word' id='word_1_362' title='bbox 614 2839 793 2911; x_wconf 85' lang='grc' dir='ltr'><strong>ὥρμα.</strong></span> 
     </span>
    </p>
   </div>
   <div class='ocr_carea' id='block_1_54' title="bbox 389 2929 1897 3008">
    <p class='ocr_par' dir='ltr' id='par_1_54' title="bbox 389 2930 1897 3008">
     <span class='ocr_line' id='line_1_54' title="bbox 389 2930 1897 3008; baseline 0.007 -26"><span class='ocrx_word' id='word_1_363' title='bbox 389 2930 499 3001; x_wconf 85' lang='grc'><strong>(87)</strong></span> <span class='ocrx_word' id='word_1_364' title='bbox 541 2931 935 3003; x_wconf 77' lang='grc' dir='ltr'><strong>Ἐὁδομήκοντα</strong></span> <span class='ocrx_word' id='word_1_365' title='bbox 961 2935 1017 2988; x_wconf 80' lang='grc' dir='ltr'><strong>δὲ</strong></span> <span class='ocrx_word' id='word_1_366' title='bbox 1047 2935 1319 2990; x_wconf 83' lang='grc' dir='ltr'><strong>ἀνεδείκνυ</strong></span> <span class='ocrx_word' id='word_1_367' title='bbox 1350 2936 1614 3008; x_wconf 84' lang='grc' dir='ltr'><strong>μαθητὰς,</strong></span> <span class='ocrx_word' id='word_1_368' title='bbox 1642 2938 1811 2991; x_wconf 88' lang='grc' dir='ltr'><strong>ὁπόσα</strong></span> <span class='ocrx_word' id='word_1_369' title='bbox 1826 2938 1897 2991; x_wconf 80' lang='grc' dir='ltr'><strong>λέ‹</strong></span> 
     </span>
    </p>
   </div>
   <div class='ocr_carea' id='block_1_55' title="bbox 1999 2929 3567 3008">
    <p class='ocr_par' dir='ltr' id='par_1_55' title="bbox 2083 2929 3567 3005">
     <span class='ocr_line' id='line_1_55' title="bbox 2083 2929 3567 3005; baseline -0.007 -13"><span class='ocrx_word' id='word_1_370' title='bbox 2083 2932 2437 3005; x_wconf 86' lang='lat' dir='ltr'><strong>Septuaginta</strong></span> <span class='ocrx_word' id='word_1_371' title='bbox 2470 2930 2633 3001; x_wconf 88' lang='lat' dir='ltr'><strong>elegit</strong></span> <span class='ocrx_word' id='word_1_372' title='bbox 2678 2929 2980 2998; x_wconf 88' lang='lat' dir='ltr'><strong>discipulos</strong></span> <span class='ocrx_word' id='word_1_373' title='bbox 3013 2929 3080 2993; x_wconf 76' lang='lat'><strong>“,</strong></span> <span class='ocrx_word' id='word_1_374' title='bbox 3132 2936 3266 2999; x_wconf 92' lang='lat' dir='ltr'><strong>quot</strong></span> <span class='ocrx_word' id='word_1_375' title='bbox 3310 2942 3567 2982; x_wconf 77' lang='lat' dir='ltr'><strong>nimirum</strong></span> 
     </span>
    </p>
   </div>
   <div class='ocr_carea' id='block_1_56' title="bbox 311 3019 1897 3096">
    <p class='ocr_par' dir='ltr' id='par_1_56' title="bbox 311 3019 1897 3096">
     <span class='ocr_line' id='line_1_56' title="bbox 311 3019 1897 3096; baseline 0.004 -24"><span class='ocrx_word' id='word_1_376' title='bbox 311 3036 476 3089; x_wconf 88' lang='grc' dir='ltr'><strong>γεται</strong></span> <span class='ocrx_word' id='word_1_377' title='bbox 507 3019 629 3073; x_wconf 85' lang='grc' dir='ltr'><strong>καθ’</strong></span> <span class='ocrx_word' id='word_1_378' title='bbox 664 3021 792 3093; x_wconf 85' lang='grc' dir='ltr'><strong>ὅλης</strong></span> <span class='ocrx_word' id='word_1_379' title='bbox 818 3022 916 3093; x_wconf 81' lang='grc' dir='ltr'><strong>τῆς</strong></span> <span class='ocrx_word' id='word_1_380' title='bbox 940 3024 1263 3095; x_wconf 73' lang='grc' dir='ltr'><strong>οἰκουμένης</strong></span> <span class='ocrx_word' id='word_1_381' title='bbox 1286 3023 1412 3096; x_wconf 73' lang='grc' dir='ltr'><strong>ἔθνη</strong></span> <span class='ocrx_word' id='word_1_382' title='bbox 1433 3025 1716 3095; x_wconf 82' lang='grc' dir='ltr'><strong>τυγχάνειν</strong></span> <span class='ocrx_word' id='word_1_383' title='bbox 1739 3042 1752 3055; x_wconf 92' lang='grc'><strong>·</strong></span> <span class='ocrx_word' id='word_1_384' title='bbox 1780 3024 1897 3078; x_wconf 81' lang='grc' dir='ltr'><strong>τοῦ-</strong></span> 
     </span>
    </p>
   </div>
   <div class='ocr_carea' id='block_1_57' title="bbox 1999 3019 3565 3096">
    <p class='ocr_par' dir='ltr' id='par_1_57' title="bbox 2005 3019 3565 3095">
     <span class='ocr_line' id='line_1_57' title="bbox 2005 3019 3565 3095; baseline -0.006 -13"><span class='ocrx_word' id='word_1_385' title='bbox 2005 3041 2104 3095; x_wconf 88' lang='lat' dir='ltr'><strong>per</strong></span> <span class='ocrx_word' id='word_1_386' title='bbox 2132 3025 2442 3081; x_wconf 90' lang='lat' dir='ltr'><strong>universum</strong></span> <span class='ocrx_word' id='word_1_387' title='bbox 2472 3022 2659 3078; x_wconf 91' lang='lat' dir='ltr'><strong>orbem</strong></span> <span class='ocrx_word' id='word_1_388' title='bbox 2683 3031 2868 3092; x_wconf 87' lang='lat' dir='ltr'><strong>gentes</strong></span> <span class='ocrx_word' id='word_1_389' title='bbox 2894 3034 3015 3077; x_wconf 88' lang='lat' dir='ltr'><strong>esse</strong></span> <span class='ocrx_word' id='word_1_390' title='bbox 3027 3019 3298 3076; x_wconf 91' lang='lat' dir='ltr'><strong>dicuntur.</strong></span> <span class='ocrx_word' id='word_1_391' title='bbox 3326 3020 3381 3075; x_wconf 89' lang='lat' dir='ltr'><strong>ld</strong></span> <span class='ocrx_word' id='word_1_392' title='bbox 3403 3020 3565 3073; x_wconf 88' lang='lat' dir='ltr'><strong>etiam</strong></span> 
     </span>
    </p>
   </div>
   <div class='ocr_carea' id='block_1_58' title="bbox 314 3111 1897 3190">
    <p class='ocr_par' dir='ltr' id='par_1_58' title="bbox 314 3113 1896 3190">
     <span class='ocr_line' id='line_1_58' title="bbox 314 3113 1896 3190; baseline 0.003 -23"><span class='ocrx_word' id='word_1_393' title='bbox 314 3129 382 3167; x_wconf 88' lang='grc' dir='ltr'><strong>το</strong></span> <span class='ocrx_word' id='word_1_394' title='bbox 419 3113 475 3167; x_wconf 82' lang='grc' dir='ltr'><strong>δὲ</strong></span> <span class='ocrx_word' id='word_1_395' title='bbox 505 3115 598 3167; x_wconf 77' lang='grc' dir='ltr'><strong>καὶ</strong></span> <span class='ocrx_word' id='word_1_396' title='bbox 637 3116 671 3184; x_wconf 85' lang='grc' dir='ltr'>ὴ</span> <span class='ocrx_word' id='word_1_397' title='bbox 722 3117 1000 3180; x_wconf 80' lang='grc' dir='ltr'><strong>Μωῡσέως</strong></span> <span class='ocrx_word' id='word_1_398' title='bbox 1049 3117 1198 3187; x_wconf 88' lang='grc' dir='ltr'><strong>δηλοῖ</strong></span> <span class='ocrx_word' id='word_1_399' title='bbox 1230 3118 1421 3190; x_wconf 78' lang='grc' dir='ltr'><strong>Γραφὴ</strong></span> <span class='ocrx_word' id='word_1_400' title='bbox 1468 3118 1559 3171; x_wconf 82' lang='grc' dir='ltr'><strong>τὸν</strong></span> <span class='ocrx_word' id='word_1_401' title='bbox 1601 3118 1896 3187; x_wconf 87' lang='grc' dir='ltr'><strong>κατάλογον</strong></span> 
     </span>
    </p>
   </div>
   <div class='ocr_carea' id='block_1_59' title="bbox 1999 3111 3568 3190">
    <p class='ocr_par' dir='ltr' id='par_1_59' title="bbox 2005 3111 3568 3190">
     <span class='ocr_line' id='line_1_59' title="bbox 2005 3111 3568 3190; baseline -0.006 -17"><span class='ocrx_word' id='word_1_402' title='bbox 2005 3118 2206 3190; x_wconf 80' lang='lat' dir='ltr'><strong>Moysis</strong></span> <span class='ocrx_word' id='word_1_403' title='bbox 2251 3115 2489 3173; x_wconf 76' lang='lat' dir='ltr'><strong>ostendit</strong></span> <span class='ocrx_word' id='word_1_404' title='bbox 2542 3114 2823 3183; x_wconf 90' lang='lat' dir='ltr'><strong>Scriptura</strong></span> <span class='ocrx_word' id='word_1_405' title='bbox 2894 3113 3020 3167; x_wconf 91' lang='lat' dir='ltr'><strong>dum</strong></span> <span class='ocrx_word' id='word_1_406' title='bbox 3079 3111 3378 3183; x_wconf 87' lang='lat' dir='ltr'><strong>catalogum</strong></span> <span class='ocrx_word' id='word_1_407' title='bbox 3436 3113 3568 3165; x_wconf 79' lang='lat' dir='ltr'><strong>texit</strong></span> 
     </span>
    </p>
   </div>
   <div class='ocr_carea' id='block_1_60' title="bbox 317 3203 1897 3282">
    <p class='ocr_par' dir='ltr' id='par_1_60' title="bbox 317 3205 1897 3282">
     <span class='ocr_line' id='line_1_60' title="bbox 317 3205 1897 3282; baseline 0.003 -24"><span class='ocrx_word' id='word_1_408' title='bbox 317 3205 616 3277; x_wconf 78' lang='grc' dir='ltr'><strong>ποιουμένη</strong></span> <span class='ocrx_word' id='word_1_409' title='bbox 645 3206 755 3260; x_wconf 90' lang='grc' dir='ltr'><strong>τῶν</strong></span> <span class='ocrx_word' id='word_1_410' title='bbox 787 3208 925 3279; x_wconf 88' lang='grc' dir='ltr'><strong>μετὰ</strong></span> <span class='ocrx_word' id='word_1_411' title='bbox 945 3209 1036 3262; x_wconf 83' lang='grc' dir='ltr'><strong>τὸν</strong></span> <span class='ocrx_word' id='word_1_412' title='bbox 1071 3210 1452 3282; x_wconf 83' lang='grc' dir='ltr'><strong>κατακλυσμὸν</strong></span> <span class='ocrx_word' id='word_1_413' title='bbox 1478 3210 1573 3265; x_wconf 77' lang='grc' dir='ltr'><strong>τοῦ</strong></span> <span class='ocrx_word' id='word_1_414' title='bbox 1603 3210 1725 3264; x_wconf 86' lang='grc' dir='ltr'><strong>Νῶε</strong></span> <span class='ocrx_word' id='word_1_415' title='bbox 1746 3227 1897 3279; x_wconf 85' lang='grc' dir='ltr'><strong>γενο-</strong></span> 
     </span>
    </p>
   </div>
   <div class='ocr_carea' id='block_1_61' title="bbox 1999 3203 3565 3282">
    <p class='ocr_par' dir='ltr' id='par_1_61' title="bbox 2002 3203 3565 3279">
     <span class='ocr_line' id='line_1_61' title="bbox 2002 3203 3565 3279; baseline -0.004 -15"><span class='ocrx_word' id='word_1_416' title='bbox 2002 3210 2206 3266; x_wconf 85' lang='lat' dir='ltr'><strong>Noachi</strong></span> <span class='ocrx_word' id='word_1_417' title='bbox 2261 3218 2383 3279; x_wconf 90' lang='lat' dir='ltr'><strong>post</strong></span> <span class='ocrx_word' id='word_1_418' title='bbox 2436 3207 2696 3263; x_wconf 87' lang='lat' dir='ltr'><strong>diluvium</strong></span> <span class='ocrx_word' id='word_1_419' title='bbox 2736 3205 3003 3271; x_wconf 82' lang='lat' dir='ltr'><strong>ﬁliorum;</strong></span> <span class='ocrx_word' id='word_1_420' title='bbox 3052 3219 3117 3259; x_wconf 79' lang='lat' dir='ltr'><strong>ex</strong></span> <span class='ocrx_word' id='word_1_421' title='bbox 3174 3203 3365 3274; x_wconf 89' lang='lat' dir='ltr'><strong>quibus</strong></span> <span class='ocrx_word' id='word_1_422' title='bbox 3399 3204 3565 3273; x_wconf 80' lang='lat' dir='ltr'><strong>geniti</strong></span> 
     </span>
    </p>
   </div>
   <div class='ocr_carea' id='block_1_62' title="bbox 320 3293 1901 3375">
    <p class='ocr_par' dir='ltr' id='par_1_62' title="bbox 320 3293 1901 3375">
     <span class='ocr_line' id='line_1_62' title="bbox 320 3293 1901 3375; baseline 0.004 -25"><span class='ocrx_word' id='word_1_423' title='bbox 320 3297 501 3369; x_wconf 70' lang='grc' dir='ltr'><strong>μόνων</strong></span> <span class='ocrx_word' id='word_1_424' title='bbox 540 3298 774 3353; x_wconf 76' lang='grc' dir='ltr'><strong>παίδωνο</strong></span> <span class='ocrx_word' id='word_1_425' title='bbox 808 3300 867 3365; x_wconf 73' lang='grc' dir='ltr'><strong>ἐξ</strong></span> <span class='ocrx_word' id='word_1_426' title='bbox 899 3293 974 3355; x_wconf 82' lang='grc' dir='ltr'><strong>ὧν</strong></span> <span class='ocrx_word' id='word_1_427' title='bbox 1001 3302 1127 3366; x_wconf 81' lang='grc' dir='ltr'><strong>τοὺς</strong></span> <span class='ocrx_word' id='word_1_428' title='bbox 1156 3303 1364 3367; x_wconf 83' lang='grc' dir='ltr'><strong>πάντας</strong></span> <span class='ocrx_word' id='word_1_429' title='bbox 1410 3303 1778 3375; x_wconf 77' lang='grc' dir='ltr'><strong>ἑϐδομήκοντα</strong></span> <span class='ocrx_word' id='word_1_430' title='bbox 1801 3320 1901 3373; x_wconf 78' lang='grc' dir='ltr'><strong>φυ-</strong></span> 
     </span>
    </p>
   </div>
   <div class='ocr_carea' id='block_1_63' title="bbox 316 3388 1901 3469">
    <p class='ocr_par' dir='ltr' id='par_1_63' title="bbox 316 3388 1901 3469">
     <span class='ocr_line' id='line_1_63' title="bbox 316 3388 1901 3469; baseline 0.006 -28"><span class='ocrx_word' id='word_1_431' title='bbox 316 3407 406 3442; x_wconf 89' lang='grc' dir='ltr'><strong>ναι</strong></span> <span class='ocrx_word' id='word_1_432' title='bbox 426 3388 559 3461; x_wconf 85' lang='grc'><strong>(88),</strong></span> <span class='ocrx_word' id='word_1_433' title='bbox 585 3389 679 3454; x_wconf 80' lang='grc' dir='ltr'><strong>οὓς</strong></span> <span class='ocrx_word' id='word_1_434' title='bbox 706 3392 1055 3465; x_wconf 85' lang='grc' dir='ltr'><strong>προπάτορας</strong></span> <span class='ocrx_word' id='word_1_435' title='bbox 1085 3392 1192 3447; x_wconf 87' lang='grc' dir='ltr'><strong>τῶν</strong></span> <span class='ocrx_word' id='word_1_436' title='bbox 1222 3395 1342 3448; x_wconf 90' lang='grc' dir='ltr'><strong>καθ’</strong></span> <span class='ocrx_word' id='word_1_437' title='bbox 1372 3395 1497 3469; x_wconf 83' lang='grc' dir='ltr'><strong>ὅλης</strong></span> <span class='ocrx_word' id='word_1_438' title='bbox 1519 3396 1619 3467; x_wconf 83' lang='grc' dir='ltr'><strong>τῆς</strong></span> <span class='ocrx_word' id='word_1_439' title='bbox 1650 3397 1901 3468; x_wconf 75' lang='grc' dir='ltr'><strong>οἰκουμέ-</strong></span> 
     </span>
    </p>
   </div>
   <div class='ocr_carea' id='block_1_64' title="bbox 318 3481 1747 3559">
    <p class='ocr_par' dir='ltr' id='par_1_64' title="bbox 318 3481 1747 3559">
     <span class='ocr_line' id='line_1_64' title="bbox 318 3481 1747 3559; baseline 0.004 -24"><span class='ocrx_word' id='word_1_440' title='bbox 318 3497 421 3553; x_wconf 86' lang='grc' dir='ltr'><strong>νης</strong></span> <span class='ocrx_word' id='word_1_441' title='bbox 454 3481 622 3536; x_wconf 81' lang='grc' dir='ltr'><strong>ἐθνῶν</strong></span> <span class='ocrx_word' id='word_1_442' title='bbox 652 3482 807 3552; x_wconf 86' lang='grc' dir='ltr'><strong>λόγος</strong></span> <span class='ocrx_word' id='word_1_443' title='bbox 836 3484 1040 3556; x_wconf 82' lang='grc' dir='ltr'><strong>ἀληθὴς</strong></span> <span class='ocrx_word' id='word_1_444' title='bbox 1066 3486 1343 3554; x_wconf 80' lang='grc' dir='ltr'><strong>γεγονέναι</strong></span> <span class='ocrx_word' id='word_1_445' title='bbox 1377 3487 1592 3558; x_wconf 75' lang='grc' dir='ltr'><strong>κατέχει</strong></span> <span class='ocrx_word' id='word_1_446' title='bbox 1616 3487 1747 3559; x_wconf 88' lang='lat'><strong>(89).</strong></span> 
     </span>
    </p>
   </div>
   <div class='ocr_carea' id='block_1_65' title="bbox 989 3579 1231 3634">
    <p class='ocr_par' dir='ltr' id='par_1_65' title="bbox 989 3579 1231 3634">
     <span class='ocr_line' id='line_1_65' title="bbox 989 3579 1231 3634; baseline 0.021 -5"><span class='ocrx_word' id='word_1_447' title='bbox 989 3579 1067 3630; x_wconf 89' lang='lat' dir='ltr'><strong>IB’</strong></span> <span class='ocrx_word' id='word_1_448' title='bbox 1100 3579 1231 3634; x_wconf 65' lang='lat' dir='ltr'><strong>(90L</strong></span> 
     </span>
    </p>
   </div>
   <div class='ocr_carea' id='block_1_66' title="bbox 404 3579 1903 3745">
    <p class='ocr_par' dir='ltr' id='par_1_66' title="bbox 404 3579 1903 3745">
     <span class='ocr_line' id='line_1_66' title="bbox 989 3579 1231 3634; baseline 0.021 -5"><span class='ocrx_word' id='word_1_449' title='bbox 989 3579 1067 3630; x_wconf 89' lang='lat' dir='ltr'><strong>IB’</strong></span> <span class='ocrx_word' id='word_1_450' title='bbox 1219 3623 1231 3634; x_wconf 92' lang='lat'><strong>.</strong></span> 
     </span>
     <span class='ocr_line' id='line_1_67' title="bbox 404 3579 1903 3745; baseline 0.005 -26"><span class='ocrx_word' id='word_1_451' title='bbox 404 3664 598 3737; x_wconf 83' lang='grc' dir='ltr'><strong>Ἡμεῖς</strong></span> <span class='ocrx_word' id='word_1_452' title='bbox 628 3668 689 3721; x_wconf 68' lang='grc' dir='ltr'><strong>δὲ</strong></span> <span class='ocrx_word' id='word_1_453' title='bbox 708 3670 800 3722; x_wconf 75' lang='grc' dir='ltr'><strong>καὶ</strong></span> <span class='ocrx_word' id='word_1_454' title='bbox 829 3670 927 3741; x_wconf 81' lang='grc' dir='ltr'><strong>τῆς</strong></span> <span class='ocrx_word' id='word_1_455' title='bbox 954 3668 1049 3723; x_wconf 80' lang='grc' dir='ltr'><strong>τοῦ</strong></span> <span class='ocrx_word' id='word_1_456' title='bbox 1084 3579 1284 3745; x_wconf 45' lang='lat' dir='ltr'><strong>iisin)</strong></span> <span class='ocrx_word' id='word_1_457' title='bbox 1318 3672 1643 3745; x_wconf 84' lang='grc' dir='ltr'><strong>μνησθῶμεν</strong></span> <span class='ocrx_word' id='word_1_458' title='bbox 1671 3672 1903 3727; x_wconf 77' lang='grc' dir='ltr'><strong>ἐνταῦθα</strong></span> 
     </span>
    </p>
   </div>
   <div class='ocr_carea' id='block_1_67' title="bbox 325 3758 1905 3836">
    <p class='ocr_par' dir='ltr' id='par_1_67' title="bbox 325 3758 1905 3836">
     <span class='ocr_line' id='line_1_68' title="bbox 325 3758 1905 3836; baseline 0.011 -30"><span class='ocrx_word' id='word_1_459' title='bbox 325 3758 682 3829; x_wconf 76' lang='grc' dir='ltr'><strong>προφητείας,</strong></span> <span class='ocrx_word' id='word_1_460' title='bbox 715 3760 803 3815; x_wconf 85' lang='grc' dir='ltr'><strong>ἵνα</strong></span> <span class='ocrx_word' id='word_1_461' title='bbox 832 3760 1114 3832; x_wconf 80' lang='grc' dir='ltr'><strong>δείξωμεν,</strong></span> <span class='ocrx_word' id='word_1_462' title='bbox 1148 3764 1229 3817; x_wconf 82' lang='grc' dir='ltr'><strong>ὅτι</strong></span> <span class='ocrx_word' id='word_1_463' title='bbox 1261 3764 1354 3817; x_wconf 70' lang='grc' dir='ltr'><strong>καὶ</strong></span> <span class='ocrx_word' id='word_1_464' title='bbox 1374 3767 1408 3835; x_wconf 83' lang='grc' dir='ltr'>ὴ</span> <span class='ocrx_word' id='word_1_465' title='bbox 1447 3765 1730 3835; x_wconf 84' lang='grc' dir='ltr'><strong>Ῥωμαῖκὴ</strong></span> <span class='ocrx_word' id='word_1_466' title='bbox 1764 3764 1905 3836; x_wconf 73' lang='grc' dir='ltr'><strong>ἀρχὴ</strong></span> 
     </span>
    </p>
   </div>
   <div class='ocr_carea' id='block_1_68' title="bbox 323 3867 702 3936">
    <p class='ocr_par' dir='ltr' id='par_1_68' title="bbox 323 3867 702 3936">
     <span class='ocr_line' id='line_1_69' title="bbox 323 3867 702 3936; baseline 0.016 -15"><span class='ocrx_word' id='word_1_467' title='bbox 323 3868 373 3899; x_wconf 73' lang='grc'>³⁸</span> <span class='ocrx_word' id='word_1_468' title='bbox 397 3867 533 3924; x_wconf 89' lang='lat' dir='ltr'><strong>Luc.</strong></span> <span class='ocrx_word' id='word_1_469' title='bbox 563 3887 620 3936; x_wconf 72' lang='grc' dir='ltr'><strong>χ,</strong></span> <span class='ocrx_word' id='word_1_470' title='bbox 653 3873 702 3927; x_wconf 79' lang='grc'><strong>1.</strong></span> 
     </span>
    </p>
   </div>
   <div class='ocr_carea' id='block_1_69' title="bbox 396 3978 1271 4057">
    <p class='ocr_par' dir='ltr' id='par_1_69' title="bbox 396 3978 1271 4057">
     <span class='ocr_line' id='line_1_70' title="bbox 396 3978 1271 4057; baseline 0.015 -28"><span class='ocrx_word' id='word_1_471' title='bbox 396 3978 667 4057; x_wconf 49' lang='grc' dir='ltr'><strong>(ἔῃροίί.</strong></span> <span class='ocrx_word' id='word_1_472' title='bbox 701 3983 771 4057; x_wconf 46' lang='grc' dir='ltr'><strong>Ι»,</strong></span> <span class='ocrx_word' id='word_1_473' title='bbox 802 3985 892 4040; x_wconf 72' lang='grc'><strong>54.</strong></span> <span class='ocrx_word' id='word_1_474' title='bbox 926 3982 1050 4057; x_wconf 85' lang='lat' dir='ltr'><strong>Syr.</strong></span> <span class='ocrx_word' id='word_1_475' title='bbox 1080 3985 1148 4055; x_wconf 82' lang='lat' dir='ltr'><strong>V,</strong></span> <span class='ocrx_word' id='word_1_476' title='bbox 1179 3987 1271 4043; x_wconf 74' lang='grc'><strong>45.</strong></span> 
     </span>
    </p>
   </div>
   <div class='ocr_carea' id='block_1_70' title="bbox 398 4047 889 4190">
    <p class='ocr_par' dir='ltr' id='par_1_70' title="bbox 398 4047 889 4190">
     <span class='ocr_line' id='line_1_71' title="bbox 398 4047 889 4190; baseline 0.014 -89"><span class='ocrx_word' id='word_1_477' title='bbox 398 4047 514 4190; x_wconf 47' lang='grc' dir='ltr'><strong>ἱϐὃζ</strong></span> <span class='ocrx_word' id='word_1_478' title='bbox 542 4047 675 4106; x_wconf 89' lang='lat' dir='ltr'><strong>Cod.</strong></span> <span class='ocrx_word' id='word_1_479' title='bbox 701 4055 889 4124; x_wconf 80' lang='grc' dir='ltr'><strong>φῆναι.</strong></span> 
     </span>
     <span class='ocr_line' id='line_1_72' title="bbox 423 4118 889 4190; baseline 0.013 -18"><span class='ocrx_word' id='word_1_480' title='bbox 423 4119 492 4173; x_wconf 84' lang='grc'><strong>89</strong></span> <span class='ocrx_word' id='word_1_481' title='bbox 521 4118 889 4190; x_wconf 70' lang='grc' dir='ltr'><strong>Ἐηςιιιθιιιυι</strong></span> 
     </span>
    </p>
   </div>
   <div class='ocr_carea' id='block_1_71' title="bbox 423 4118 1899 4192">
    <p class='ocr_par' dir='ltr' id='par_1_71' title="bbox 423 4118 1899 4192">
     <span class='ocr_line' id='line_1_73' title="bbox 423 4118 1899 4192; baseline 0.01 -20"><span class='ocrx_word' id='word_1_482' title='bbox 423 4118 527 4192; x_wconf 30' lang='grc'><strong>89)-</strong></span> <span class='ocrx_word' id='word_1_483' title='bbox 548 4118 933 4192; x_wconf 80' lang='lat' dir='ltr'><strong>Fragmentum</strong></span> <span class='ocrx_word' id='word_1_484' title='bbox 968 4126 1071 4181; x_wconf 89' lang='lat' dir='ltr'><strong>hoc</strong></span> <span class='ocrx_word' id='word_1_485' title='bbox 1098 4126 1301 4183; x_wconf 88' lang='lat' dir='ltr'><strong>diserte</strong></span> <span class='ocrx_word' id='word_1_486' title='bbox 1334 4128 1537 4185; x_wconf 87' lang='lat' dir='ltr'><strong>eitatur</strong></span> <span class='ocrx_word' id='word_1_487' title='bbox 1576 4145 1641 4187; x_wconf 83' lang='lat' dir='ltr'><strong>ex</strong></span> <span class='ocrx_word' id='word_1_488' title='bbox 1678 4130 1899 4187; x_wconf 86' lang='lat' dir='ltr'><strong>Eusebii</strong></span> 
     </span>
    </p>
   </div>
   <div class='ocr_carea' id='block_1_72' title="bbox 327 4187 1897 4270">
    <p class='ocr_par' dir='ltr' id='par_1_72' title="bbox 327 4187 1897 4270">
     <span class='ocr_line' id='line_1_74' title="bbox 327 4187 1897 4270; baseline 0.01 -30"><span class='ocrx_word' id='word_1_489' title='bbox 327 4187 686 4270; x_wconf 54' lang='grc' dir='ltr'><strong>ζιεοριιαηίᾱ</strong></span> <span class='ocrx_word' id='word_1_490' title='bbox 713 4191 767 4270; x_wconf 80' lang='lat' dir='ltr'><strong>in</strong></span> <span class='ocrx_word' id='word_1_491' title='bbox 827 4194 1173 4270; x_wconf 69' lang='lat' dir='ltr'><strong>codice&#39;_Vat.</strong></span> <span class='ocrx_word' id='word_1_492' title='bbox 1199 4196 1261 4253; x_wconf 69' lang='grc' dir='ltr'><strong>ιι.</strong></span> <span class='ocrx_word' id='word_1_493' title='bbox 1296 4198 1336 4253; x_wconf 84' lang='lat' dir='ltr'><strong>l&#39;.</strong></span> <span class='ocrx_word' id='word_1_494' title='bbox 1366 4199 1474 4266; x_wconf 71' lang='lat'><strong>54;</strong></span> <span class='ocrx_word' id='word_1_495' title='bbox 1503 4210 1558 4256; x_wconf 90' lang='lat' dir='ltr'><strong>et</strong></span> <span class='ocrx_word' id='word_1_496' title='bbox 1578 4202 1793 4270; x_wconf 89' lang='lat' dir='ltr'><strong>quidem</strong></span> <span class='ocrx_word' id='word_1_497' title='bbox 1816 4202 1897 4255; x_wconf 88' lang='lat' dir='ltr'><strong>di-</strong></span> 
     </span>
    </p>
   </div>
   <div class='ocr_carea' id='block_1_73' title="bbox 325 4264 1896 4341">
    <p class='ocr_par' dir='ltr' id='par_1_73' title="bbox 325 4264 1896 4341">
     <span class='ocr_line' id='line_1_75' title="bbox 325 4264 1896 4341; baseline 0.01 -32"><span class='ocrx_word' id='word_1_498' title='bbox 325 4264 470 4312; x_wconf 78' lang='lat' dir='ltr'><strong>citur</strong></span> <span class='ocrx_word' id='word_1_499' title='bbox 496 4264 800 4341; x_wconf 49' lang='lat' dir='ltr'><strong>exnoperis</strong></span> <span class='ocrx_word' id='word_1_500' title='bbox 848 4266 1075 4341; x_wconf 70' lang='lat' dir='ltr'><strong>secundo</strong></span> <span class='ocrx_word' id='word_1_501' title='bbox 1109 4266 1264 4341; x_wconf 69' lang='lat' dir='ltr'><strong>libro,</strong></span> <span class='ocrx_word' id='word_1_502' title='bbox 1319 4264 1707 4341; x_wconf 6' lang='lat' dir='ltr'><strong>signumer&#39;alis</strong></span> <span class='ocrx_word' id='word_1_503' title='bbox 1758 4279 1896 4325; x_wconf 73' lang='lat' dir='ltr'><strong>nota:</strong></span> 
     </span>
    </p>
   </div>
   <div class='ocr_carea' id='block_1_74' title="bbox 326 4330 1894 4411">
    <p class='ocr_par' dir='ltr' id='par_1_74' title="bbox 326 4330 1894 4411">
     <span class='ocr_line' id='line_1_76' title="bbox 326 4330 1894 4411; baseline 0.01 -30"><span class='ocrx_word' id='word_1_504' title='bbox 326 4330 711 4411; x_wconf 76' lang='lat' dir='ltr'><strong>compendium</strong></span> <span class='ocrx_word' id='word_1_505' title='bbox 766 4336 1001 4411; x_wconf 59' lang='lat' dir='ltr'><strong>noctein</strong></span> <span class='ocrx_word' id='word_1_506' title='bbox 1055 4330 1259 4392; x_wconf 81' lang='lat' dir='ltr'><strong>codice</strong></span> <span class='ocrx_word' id='word_1_507' title='bbox 1294 4340 1570 4394; x_wconf 88' lang='lat' dir='ltr'><strong>scribitur.</strong></span> <span class='ocrx_word' id='word_1_508' title='bbox 1625 4341 1894 4397; x_wconf 76' lang='lat' dir='ltr'><strong>Caeterum</strong></span> 
     </span>
    </p>
   </div>
   <div class='ocr_carea' id='block_1_75' title="bbox 327 4404 1894 4479">
    <p class='ocr_par' dir='ltr' id='par_1_75' title="bbox 327 4404 1894 4479">
     <span class='ocr_line' id='line_1_77' title="bbox 327 4404 1894 4479; baseline 0.01 -30"><span class='ocrx_word' id='word_1_509' title='bbox 327 4413 496 4479; x_wconf 76' lang='lat' dir='ltr'><strong>quum</strong></span> <span class='ocrx_word' id='word_1_510' title='bbox 527 4404 580 4452; x_wconf 88' lang='lat' dir='ltr'><strong>itt</strong></span> <span class='ocrx_word' id='word_1_511' title='bbox 602 4405 844 4479; x_wconf 77' lang='lat' dir='ltr'><strong>secundo</strong></span> <span class='ocrx_word' id='word_1_512' title='bbox 875 4404 1018 4479; x_wconf 87' lang='lat' dir='ltr'><strong>li_bro</strong></span> <span class='ocrx_word' id='word_1_513' title='bbox 1052 4416 1276 4477; x_wconf 86' lang='lat' dir='ltr'><strong>propter</strong></span> <span class='ocrx_word' id='word_1_514' title='bbox 1303 4422 1682 4479; x_wconf 79' lang='lat' dir='ltr'><strong>argumentum</strong></span> <span class='ocrx_word' id='word_1_515' title='bbox 1725 4412 1894 4466; x_wconf 73' lang='lat' dir='ltr'><strong>collo—</strong></span> 
     </span>
    </p>
   </div>
   <div class='ocr_carea' id='block_1_76' title="bbox 327 4472 1895 4550">
    <p class='ocr_par' dir='ltr' id='par_1_76' title="bbox 327 4472 1895 4550">
     <span class='ocr_line' id='line_1_78' title="bbox 327 4472 1895 4550; baseline 0.01 -30"><span class='ocrx_word' id='word_1_516' title='bbox 327 4472 445 4550; x_wconf 59' lang='lat' dir='ltr'><strong>cari</strong></span> <span class='ocrx_word' id='word_1_517' title='bbox 480 4481 733 4550; x_wconf 77' lang='lat' dir='ltr'><strong>nequeat,</strong></span> <span class='ocrx_word' id='word_1_518' title='bbox 766 4472 869 4550; x_wconf 79' lang='lat' dir='ltr'><strong>huc</strong></span> <span class='ocrx_word' id='word_1_519' title='bbox 900 4474 1014 4550; x_wconf 80' lang='lat' dir='ltr'><strong>fere</strong></span> <span class='ocrx_word' id='word_1_520' title='bbox 1043 4472 1182 4550; x_wconf 78' lang='lat' dir='ltr'><strong>:i_me</strong></span> <span class='ocrx_word' id='word_1_521' title='bbox 1205 4478 1634 4550; x_wconf 72' lang='lat' dir='ltr'><strong>transferendum</strong></span> <span class='ocrx_word' id='word_1_522' title='bbox 1659 4482 1781 4545; x_wconf 82' lang='lat' dir='ltr'><strong>fuit,</strong></span> <span class='ocrx_word' id='word_1_523' title='bbox 1807 4483 1895 4536; x_wconf 83' lang='lat' dir='ltr'><strong>ubi</strong></span> 
     </span>
    </p>
   </div>
   <div class='ocr_carea' id='block_1_77' title="bbox 329 4538 1896 4615">
    <p class='ocr_par' dir='ltr' id='par_1_77' title="bbox 329 4538 1896 4615">
     <span class='ocr_line' id='line_1_79' title="bbox 329 4538 1896 4615; baseline 0.011 -26"><span class='ocrx_word' id='word_1_524' title='bbox 329 4538 384 4590; x_wconf 91' lang='lat' dir='ltr'><strong>in</strong></span> <span class='ocrx_word' id='word_1_525' title='bbox 412 4538 632 4609; x_wconf 87' lang='lat' dir='ltr'><strong>Syriaca</strong></span> <span class='ocrx_word' id='word_1_526' title='bbox 666 4555 759 4595; x_wconf 90' lang='lat' dir='ltr'><strong>seu</strong></span> <span class='ocrx_word' id='word_1_527' title='bbox 791 4544 1026 4615; x_wconf 83' lang='lat' dir='ltr'><strong>_Anglica</strong></span> <span class='ocrx_word' id='word_1_528' title='bbox 1070 4545 1406 4612; x_wconf 82' lang='lat' dir='ltr'><strong>Theapham’a</strong></span> <span class='ocrx_word' id='word_1_529' title='bbox 1437 4549 1527 4604; x_wconf 87' lang='lat' dir='ltr'><strong>lib.</strong></span> <span class='ocrx_word' id='word_1_530' title='bbox 1565 4567 1616 4615; x_wconf 79' lang='grc' dir='ltr'><strong>ν,</strong></span> <span class='ocrx_word' id='word_1_531' title='bbox 1647 4551 1737 4613; x_wconf 67' lang='grc' dir='ltr'><strong>ΑΒ.</strong></span> <span class='ocrx_word' id='word_1_532' title='bbox 1771 4538 1896 4605; x_wconf 67' lang='grc' dir='ltr'><strong>ἠιθ-</strong></span> 
     </span>
    </p>
   </div>
   <div class='ocr_carea' id='block_1_78' title="bbox 1953 3292 3564 3369">
    <p class='ocr_par' dir='ltr' id='par_1_78' title="bbox 1953 3292 3564 3369">
     <span class='ocr_line' id='line_1_80' title="bbox 1953 3292 3564 3369; baseline -0.007 -11"><span class='ocrx_word' id='word_1_533' title='bbox 1953 3292 1969 3313; x_wconf 83' lang='grc'><em>⁴</em></span> <span class='ocrx_word' id='word_1_534' title='bbox 2003 3302 2186 3359; x_wconf 90' lang='lat' dir='ltr'><strong>cuncti</strong></span> <span class='ocrx_word' id='word_1_535' title='bbox 2231 3301 2309 3356; x_wconf 91' lang='lat' dir='ltr'><strong>illi</strong></span> <span class='ocrx_word' id='word_1_536' title='bbox 2346 3300 2709 3369; x_wconf 83' lang='lat' dir='ltr'><strong>septuaginta,</strong></span> <span class='ocrx_word' id='word_1_537' title='bbox 2743 3310 2879 3367; x_wconf 90' lang='lat' dir='ltr'><strong>quos</strong></span> <span class='ocrx_word' id='word_1_538' title='bbox 2920 3294 3295 3364; x_wconf 84' lang='lat' dir='ltr'><strong>progenitores</strong></span> <span class='ocrx_word' id='word_1_539' title='bbox 3323 3295 3564 3347; x_wconf 90' lang='lat' dir='ltr'><strong>omnium</strong></span> 
     </span>
    </p>
   </div>
   <div class='ocr_carea' id='block_1_79' title="bbox 2008 3386 3566 3463">
    <p class='ocr_par' dir='ltr' id='par_1_79' title="bbox 2008 3386 3566 3463">
     <span class='ocr_line' id='line_1_81' title="bbox 2008 3386 3566 3463; baseline -0.008 -12"><span class='ocrx_word' id='word_1_540' title='bbox 2008 3395 2171 3451; x_wconf 86' lang='lat' dir='ltr'><strong>.otius</strong></span> <span class='ocrx_word' id='word_1_541' title='bbox 2200 3394 2386 3449; x_wconf 86' lang='lat' dir='ltr'><strong>mundi</strong></span> <span class='ocrx_word' id='word_1_542' title='bbox 2420 3391 2662 3463; x_wconf 76' lang='lat' dir='ltr'><strong>gentium</strong></span> <span class='ocrx_word' id='word_1_543' title='bbox 2695 3387 2992 3454; x_wconf 77' lang='lat' dir='ltr'><strong>exstitisse,</strong></span> <span class='ocrx_word' id='word_1_544' title='bbox 3024 3400 3152 3441; x_wconf 87' lang='lat' dir='ltr'><strong>vera</strong></span> <span class='ocrx_word' id='word_1_545' title='bbox 3188 3386 3420 3441; x_wconf 84' lang='lat' dir='ltr'><strong>historia</strong></span> <span class='ocrx_word' id='word_1_546' title='bbox 3453 3394 3566 3440; x_wconf 89' lang='lat' dir='ltr'><strong>tra-</strong></span> 
     </span>
    </p>
   </div>
   <div class='ocr_carea' id='block_1_80' title="bbox 2002 3484 2098 3540">
    <p class='ocr_par' dir='ltr' id='par_1_80' title="bbox 2002 3484 2098 3540">
     <span class='ocr_line' id='line_1_82' title="bbox 2002 3484 2098 3540; baseline -0.031 0"><span class='ocrx_word' id='word_1_547' title='bbox 2002 3484 2098 3540; x_wconf 86' lang='lat' dir='ltr'><strong>dit.</strong></span> 
     </span>
    </p>
   </div>
   <div class='ocr_carea' id='block_1_81' title="bbox 2732 3573 2841 3633">
    <p class='ocr_par' dir='ltr' id='par_1_81' title="bbox 2732 3573 2841 3633">
     <span class='ocr_line' id='line_1_83' title="bbox 2732 3573 2841 3633; baseline 0.037 -4"><span class='ocrx_word' id='word_1_548' title='bbox 2732 3573 2841 3633; x_wconf 76' lang='lat' dir='ltr'><strong>XII.</strong></span> 
     </span>
    </p>
   </div>
   <div class='ocr_carea' id='block_1_82' title="bbox 2076 3670 3572 3728">
    <p class='ocr_par' dir='ltr' id='par_1_82' title="bbox 2076 3670 3572 3728">
     <span class='ocr_line' id='line_1_84' title="bbox 2076 3670 3572 3728; baseline -0.005 -3"><span class='ocrx_word' id='word_1_549' title='bbox 2076 3671 2185 3728; x_wconf 84' lang='lat' dir='ltr'><strong>Nos</strong></span> <span class='ocrx_word' id='word_1_550' title='bbox 2223 3670 2611 3726; x_wconf 78' lang='lat' dir='ltr'><strong>verobanielis</strong></span> <span class='ocrx_word' id='word_1_551' title='bbox 2636 3670 2800 3725; x_wconf 83' lang='lat' dir='ltr'><strong>etiam</strong></span> <span class='ocrx_word' id='word_1_552' title='bbox 2844 3673 3155 3728; x_wconf 83' lang='lat' dir='ltr'><strong>vaticinium</strong></span> <span class='ocrx_word' id='word_1_553' title='bbox 3204 3670 3292 3725; x_wconf 86' lang='lat' dir='ltr'><strong>hic</strong></span> <span class='ocrx_word' id='word_1_554' title='bbox 3334 3679 3572 3723; x_wconf 87' lang='lat' dir='ltr'><strong>comme-</strong></span> 
     </span>
    </p>
   </div>
   <div class='ocr_carea' id='block_1_83' title="bbox 2004 3762 3573 3833">
    <p class='ocr_par' dir='ltr' id='par_1_83' title="bbox 2004 3762 3573 3833">
     <span class='ocr_line' id='line_1_85' title="bbox 2004 3762 3573 3833; baseline -0.005 -14"><span class='ocrx_word' id='word_1_555' title='bbox 2004 3778 2300 3832; x_wconf 89' lang='lat' dir='ltr'><strong>moremus,</strong></span> <span class='ocrx_word' id='word_1_556' title='bbox 2337 3772 2394 3816; x_wconf 93' lang='lat' dir='ltr'><strong>ut</strong></span> <span class='ocrx_word' id='word_1_557' title='bbox 2425 3763 2792 3827; x_wconf 88' lang='lat' dir='ltr'><strong>ostendamus,</strong></span> <span class='ocrx_word' id='word_1_558' title='bbox 2838 3764 3137 3821; x_wconf 85' lang='lat' dir='ltr'><strong>Romanum</strong></span> <span class='ocrx_word' id='word_1_559' title='bbox 3165 3776 3375 3833; x_wconf 84' lang='lat' dir='ltr'><strong>quoque</strong></span> <span class='ocrx_word' id='word_1_560' title='bbox 3406 3762 3573 3827; x_wconf 88' lang='lat' dir='ltr'><strong>impe-</strong></span> 
     </span>
    </p>
   </div>
   <div class='ocr_carea' id='block_1_84' title="bbox 2007 3990 3576 4060">
    <p class='ocr_par' dir='ltr' id='par_1_84' title="bbox 2007 3990 3576 4060">
     <span class='ocr_line' id='line_1_86' title="bbox 2007 3990 3576 4060; baseline 0.001 -15"><span class='ocrx_word' id='word_1_561' title='bbox 2007 3991 2301 4045; x_wconf 80' lang='grc' dir='ltr'><strong>Εὐσεϐίου</strong></span> <span class='ocrx_word' id='word_1_562' title='bbox 2319 3990 2379 4055; x_wconf 83' lang='grc' dir='ltr'><strong>,ϐ’</strong></span> <span class='ocrx_word' id='word_1_563' title='bbox 2414 3991 2811 4060; x_wconf 54' lang='lat' dir='ltr'><strong>Caesam-alae:</strong></span> <span class='ocrx_word' id='word_1_564' title='bbox 2847 3992 2924 4057; x_wconf 90' lang='lat' dir='ltr'><strong>(at</strong></span> <span class='ocrx_word' id='word_1_565' title='bbox 2954 3992 3007 4045; x_wconf 93' lang='lat' dir='ltr'><strong>in</strong></span> <span class='ocrx_word' id='word_1_566' title='bbox 3045 3991 3105 4045; x_wconf 88' lang='lat' dir='ltr'><strong>E.</strong></span> <span class='ocrx_word' id='word_1_567' title='bbox 3141 4000 3345 4045; x_wconf 86' lang='lat' dir='ltr'><strong>tantum</strong></span> <span class='ocrx_word' id='word_1_568' title='bbox 3383 3994 3576 4047; x_wconf 75' lang='grc' dir='ltr'><strong>Εὐσε-</strong></span> 
     </span>
    </p>
   </div>
   <div class='ocr_carea' id='block_1_85' title="bbox 2006 4061 3570 4130">
    <p class='ocr_par' dir='ltr' id='par_1_85' title="bbox 2006 4061 3570 4130">
     <span class='ocr_line' id='line_1_87' title="bbox 2006 4061 3570 4130; baseline 0.003 -17"><span class='ocrx_word' id='word_1_569' title='bbox 2006 4061 2157 4130; x_wconf 75' lang='grc' dir='ltr'><strong>ϐίου)</strong></span> <span class='ocrx_word' id='word_1_570' title='bbox 2206 4061 2399 4114; x_wconf 66' lang='lat' dir='ltr'><strong>litterae</strong></span> <span class='ocrx_word' id='word_1_571' title='bbox 2439 4071 2617 4114; x_wconf 89' lang='lat' dir='ltr'><strong>autem</strong></span> <span class='ocrx_word' id='word_1_572' title='bbox 2660 4061 2708 4124; x_wconf 82' lang='grc' dir='ltr'><strong>,ϐ</strong></span> <span class='ocrx_word' id='word_1_573' title='bbox 2753 4063 3137 4130; x_wconf 85' lang='lat' dir='ltr'><strong>superponitur</strong></span> <span class='ocrx_word' id='word_1_574' title='bbox 3191 4063 3570 4130; x_wconf 86' lang='lat' dir='ltr'><strong>compendium</strong></span> 
     </span>
    </p>
   </div>
   <div class='ocr_carea' id='block_1_86' title="bbox 2003 4129 3597 4200">
    <p class='ocr_par' dir='ltr' id='par_1_86' title="bbox 2003 4129 3597 4200">
     <span class='ocr_line' id='line_1_88' title="bbox 2003 4129 3597 4200; baseline 0 -16"><span class='ocrx_word' id='word_1_575' title='bbox 2003 4129 2249 4186; x_wconf 81' lang='lat' dir='ltr'><strong>vocabuli</strong></span> <span class='ocrx_word' id='word_1_576' title='bbox 2273 4132 2415 4199; x_wconf 92' lang='lat' dir='ltr'><strong>quod</strong></span> <span class='ocrx_word' id='word_1_577' title='bbox 2446 4140 2550 4185; x_wconf 85' lang='lat' dir='ltr'><strong>tam</strong></span> <span class='ocrx_word' id='word_1_578' title='bbox 2581 4131 2753 4198; x_wconf 82' lang='grc' dir='ltr'><strong>τρίτῳ</strong></span> <span class='ocrx_word' id='word_1_579' title='bbox 2779 4129 2878 4200; x_wconf 90' lang='lat' dir='ltr'><strong>legi</strong></span> <span class='ocrx_word' id='word_1_580' title='bbox 2901 4129 3075 4199; x_wconf 72' lang='lat' dir='ltr'><strong>potest</strong></span> <span class='ocrx_word' id='word_1_581' title='bbox 3095 4147 3255 4198; x_wconf 88' lang='lat' dir='ltr'><strong>quam</strong></span> <span class='ocrx_word' id='word_1_582' title='bbox 3278 4129 3565 4199; x_wconf 74' lang='grc' dir='ltr'><strong>τὲτάρτφε</strong></span> <span class='ocrx_word' id='word_1_583' title='bbox 3592 4192 3597 4195; x_wconf 19' lang='grc' dir='ltr'>δ</span> 
     </span>
    </p>
   </div>
   <div class='ocr_carea' id='block_1_87' title="bbox 2003 4200 3567 4270">
    <p class='ocr_par' dir='ltr' id='par_1_87' title="bbox 2003 4200 3567 4270">
     <span class='ocr_line' id='line_1_89' title="bbox 2003 4200 3567 4270; baseline 0.001 -15"><span class='ocrx_word' id='word_1_584' title='bbox 2003 4210 2058 4255; x_wconf 92' lang='lat' dir='ltr'><strong>et</strong></span> <span class='ocrx_word' id='word_1_585' title='bbox 2108 4215 2414 4270; x_wconf 86' lang='lat' dir='ltr'><strong>quanquam</strong></span> <span class='ocrx_word' id='word_1_586' title='bbox 2467 4200 2595 4253; x_wconf 89' lang='lat' dir='ltr'><strong>olim</strong></span> <span class='ocrx_word' id='word_1_587' title='bbox 2637 4200 2937 4254; x_wconf 82' lang='lat' dir='ltr'><strong>existimavi</strong></span> <span class='ocrx_word' id='word_1_588' title='bbox 2986 4202 3034 4265; x_wconf 75' lang='grc' dir='ltr'><strong>,β</strong></span> <span class='ocrx_word' id='word_1_589' title='bbox 3085 4202 3316 4269; x_wconf 89' lang='lat' dir='ltr'><strong>positum</strong></span> <span class='ocrx_word' id='word_1_590' title='bbox 3365 4216 3460 4265; x_wconf 89' lang='lat' dir='ltr'><strong>pro</strong></span> <span class='ocrx_word' id='word_1_591' title='bbox 3482 4218 3567 4256; x_wconf 83' lang='lat' dir='ltr'><strong>se-</strong></span> 
     </span>
    </p>
   </div>
   <div class='ocr_carea' id='block_1_88' title="bbox 2003 4270 3568 4339">
    <p class='ocr_par' dir='ltr' id='par_1_88' title="bbox 2003 4270 3568 4339">
     <span class='ocr_line' id='line_1_90' title="bbox 2003 4270 3568 4339; baseline 0.001 -15"><span class='ocrx_word' id='word_1_592' title='bbox 2003 4274 2177 4325; x_wconf 91' lang='lat' dir='ltr'><strong>cundo</strong></span> <span class='ocrx_word' id='word_1_593' title='bbox 2205 4270 2432 4323; x_wconf 89' lang='lat' dir='ltr'><strong>ordinali</strong></span> <span class='ocrx_word' id='word_1_594' title='bbox 2463 4284 2706 4333; x_wconf 91' lang='lat' dir='ltr'><strong>numero,</strong></span> <span class='ocrx_word' id='word_1_595' title='bbox 2742 4285 2889 4324; x_wconf 89' lang='lat' dir='ltr'><strong>nunc</strong></span> <span class='ocrx_word' id='word_1_596' title='bbox 2919 4272 3098 4325; x_wconf 90' lang='lat' dir='ltr'><strong>malim</strong></span> <span class='ocrx_word' id='word_1_597' title='bbox 3127 4271 3311 4333; x_wconf 76' lang='lat' dir='ltr'><strong>legere</strong></span> <span class='ocrx_word' id='word_1_598' title='bbox 3329 4271 3568 4339; x_wconf 77' lang='grc' dir='ltr'><strong>βιϐλίῳ,</strong></span> 
     </span>
    </p>
   </div>
   <div class='ocr_carea' id='block_1_89' title="bbox 2004 4339 3568 4411">
    <p class='ocr_par' dir='ltr' id='par_1_89' title="bbox 2004 4339 3568 4411">
     <span class='ocr_line' id='line_1_91' title="bbox 2004 4339 3568 4411; baseline 0.003 -18"><span class='ocrx_word' id='word_1_599' title='bbox 2004 4340 2076 4394; x_wconf 89' lang='lat' dir='ltr'><strong>ita</strong></span> <span class='ocrx_word' id='word_1_600' title='bbox 2111 4348 2169 4393; x_wconf 90' lang='lat' dir='ltr'><strong>ut</strong></span> <span class='ocrx_word' id='word_1_601' title='bbox 2196 4340 2395 4411; x_wconf 86' lang='lat' dir='ltr'><strong>citetur</strong></span> <span class='ocrx_word' id='word_1_602' title='bbox 2424 4340 2526 4411; x_wconf 78' lang='lat' dir='ltr'><strong>_vel</strong></span> <span class='ocrx_word' id='word_1_603' title='bbox 2561 4340 2754 4411; x_wconf 88' lang='lat' dir='ltr'><strong>tertius</strong></span> <span class='ocrx_word' id='word_1_604' title='bbox 2787 4339 2869 4411; x_wconf 88' lang='lat' dir='ltr'><strong>vel</strong></span> <span class='ocrx_word' id='word_1_605' title='bbox 2927 4350 3154 4410; x_wconf 88' lang='lat' dir='ltr'><strong>quartus</strong></span> <span class='ocrx_word' id='word_1_606' title='bbox 3210 4341 3360 4411; x_wconf 85' lang='lat' dir='ltr'><strong>liber.</strong></span> <span class='ocrx_word' id='word_1_607' title='bbox 3393 4343 3568 4411; x_wconf 86' lang='lat' dir='ltr'><strong>Atque</strong></span> 
     </span>
    </p>
   </div>
   <div class='ocr_carea' id='block_1_90' title="bbox 2005 4409 3564 4482">
    <p class='ocr_par' dir='ltr' id='par_1_90' title="bbox 2005 4409 3564 4482">
     <span class='ocr_line' id='line_1_92' title="bbox 2005 4409 3564 4482; baseline 0.002 -18"><span class='ocrx_word' id='word_1_608' title='bbox 2005 4413 2078 4482; x_wconf 86' lang='lat' dir='ltr'><strong>ita</strong></span> <span class='ocrx_word' id='word_1_609' title='bbox 2108 4409 2529 4482; x_wconf 83' lang='lat' dir='ltr'><strong>existimandum</strong></span> <span class='ocrx_word' id='word_1_610' title='bbox 2564 4418 2647 4463; x_wconf 89' lang='lat' dir='ltr'><strong>est</strong></span> <span class='ocrx_word' id='word_1_611' title='bbox 2680 4410 2737 4482; x_wconf 87' lang='lat' dir='ltr'><strong>in</strong></span> <span class='ocrx_word' id='word_1_612' title='bbox 2778 4409 2999 4479; x_wconf 87' lang='lat' dir='ltr'><strong>reliquis</strong></span> <span class='ocrx_word' id='word_1_613' title='bbox 3051 4427 3265 4482; x_wconf 84' lang='lat' dir='ltr'><strong>quoque</strong></span> <span class='ocrx_word' id='word_1_614' title='bbox 3292 4409 3564 4482; x_wconf 72' lang='lat' dir='ltr'><strong>fragmen-</strong></span> 
     </span>
    </p>
   </div>
   <div class='ocr_carea' id='block_1_91' title="bbox 2006 4427 3569 4549">
    <p class='ocr_par' dir='ltr' id='par_1_91' title="bbox 2006 4427 3569 4549">
     <span class='ocr_line' id='line_1_93' title="bbox 2006 4427 3564 4533; baseline 0.002 -69"><span class='ocrx_word' id='word_1_615' title='bbox 2006 4427 2078 4464; x_wconf 83' lang='lat' dir='ltr'><strong>ita</strong></span> <span class='ocrx_word' id='word_1_616' title='bbox 2108 4427 2529 4465; x_wconf 82' lang='lat' dir='ltr'><strong>extsumanuum</strong></span> <span class='ocrx_word' id='word_1_617' title='bbox 2564 4427 2647 4463; x_wconf 87' lang='lat' dir='ltr'><strong>est</strong></span> <span class='ocrx_word' id='word_1_618' title='bbox 2680 4427 2737 4463; x_wconf 86' lang='lat' dir='ltr'><strong>in</strong></span> <span class='ocrx_word' id='word_1_619' title='bbox 2778 4427 2999 4479; x_wconf 84' lang='lat' dir='ltr'><strong>renquis</strong></span> <span class='ocrx_word' id='word_1_620' title='bbox 3051 4427 3265 4533; x_wconf 51' lang='lat' dir='ltr'><strong>quoque</strong></span> <span class='ocrx_word' id='word_1_621' title='bbox 3292 4427 3564 4482; x_wconf 72' lang='lat' dir='ltr'><strong>tragmen-</strong></span> 
     </span>
     <span class='ocr_line' id='line_1_94' title="bbox 2006 4480 3569 4549; baseline 0.002 -16"><span class='ocrx_word' id='word_1_622' title='bbox 2006 4481 2093 4544; x_wconf 66' lang='grc' dir='ltr'><strong>ιίς,</strong></span> <span class='ocrx_word' id='word_1_623' title='bbox 2130 4481 2217 4534; x_wconf 89' lang='lat' dir='ltr'><strong>ubi</strong></span> <span class='ocrx_word' id='word_1_624' title='bbox 2247 4480 2387 4534; x_wconf 89' lang='lat' dir='ltr'><strong>idem</strong></span> <span class='ocrx_word' id='word_1_625' title='bbox 2439 4481 2814 4548; x_wconf 87' lang='lat' dir='ltr'><strong>compendium</strong></span> <span class='ocrx_word' id='word_1_626' title='bbox 2864 4483 3109 4536; x_wconf 71' lang='lat' dir='ltr'><strong>vocaliui</strong></span> <span class='ocrx_word' id='word_1_627' title='bbox 3167 4484 3424 4535; x_wconf 86' lang='lat' dir='ltr'><strong>occurrit.</strong></span> <span class='ocrx_word' id='word_1_628' title='bbox 3456 4485 3569 4549; x_wconf 82' lang='lat' dir='ltr'><strong>Age</strong></span> 
     </span>
    </p>
   </div>
   <div class='ocr_carea' id='block_1_92' title="bbox 2004 4550 3566 4621">
    <p class='ocr_par' dir='ltr' id='par_1_92' title="bbox 2004 4550 3566 4621">
     <span class='ocr_line' id='line_1_95' title="bbox 2004 4550 3566 4621; baseline 0.002 -19"><span class='ocrx_word' id='word_1_629' title='bbox 2004 4566 2132 4606; x_wconf 90' lang='lat' dir='ltr'><strong>vero</strong></span> <span class='ocrx_word' id='word_1_630' title='bbox 2164 4566 2285 4606; x_wconf 92' lang='lat' dir='ltr'><strong>cum</strong></span> <span class='ocrx_word' id='word_1_631' title='bbox 2325 4551 2436 4603; x_wconf 65' lang='lat' dir='ltr'><strong>haec</strong></span> <span class='ocrx_word' id='word_1_632' title='bbox 2464 4550 2632 4604; x_wconf 88' lang='lat' dir='ltr'><strong>altera</strong></span> <span class='ocrx_word' id='word_1_633' title='bbox 2662 4551 2949 4621; x_wconf 81' lang='lat' dir='ltr'><strong>fragmenti</strong></span> <span class='ocrx_word' id='word_1_634' title='bbox 2979 4567 3200 4619; x_wconf 85' lang='lat' dir='ltr'><strong>parsex</strong></span> <span class='ocrx_word' id='word_1_635' title='bbox 3229 4550 3566 4619; x_wconf 81' lang='lat' dir='ltr'><strong>Theophania</strong></span> 
     </span>
    </p>
   </div>
   <div class='ocr_carea' id='block_1_93' title="bbox 329 4612 3565 4690">
    <p class='ocr_par' dir='ltr' id='par_1_93' title="bbox 329 4612 3565 4690">
     <span class='ocr_line' id='line_1_96' title="bbox 329 4612 3565 4690; baseline 0.005 -31"><span class='ocrx_word' id='word_1_636' title='bbox 329 4620 578 4690; x_wconf 69' lang='lat' dir='ltr'><strong>moratur</strong></span> <span class='ocrx_word' id='word_1_637' title='bbox 620 4625 723 4664; x_wconf 92' lang='lat' dir='ltr'><strong>non</strong></span> <span class='ocrx_word' id='word_1_638' title='bbox 773 4612 1055 4690; x_wconf 82' lang='lat' dir='ltr'><strong>duodecim</strong></span> <span class='ocrx_word' id='word_1_639' title='bbox 1096 4616 1477 4690; x_wconf 82' lang='lat' dir='ltr'><strong>Apostolorum</strong></span> <span class='ocrx_word' id='word_1_640' title='bbox 1525 4612 1899 4678; x_wconf 86' lang='lat' dir='ltr'><strong>tantummodo</strong></span> <span class='ocrx_word' id='word_1_641' title='bbox 1930 4625 1975 4679; x_wconf 82' lang='grc' dir='ltr'><strong><em>Β</em></strong></span> <span class='ocrx_word' id='word_1_642' title='bbox 2004 4622 2203 4677; x_wconf 89' lang='lat' dir='ltr'><strong>diserte</strong></span> <span class='ocrx_word' id='word_1_643' title='bbox 2233 4621 2450 4683; x_wconf 91' lang='lat' dir='ltr'><strong>citetur,</strong></span> <span class='ocrx_word' id='word_1_644' title='bbox 2500 4636 2673 4689; x_wconf 88' lang='lat' dir='ltr'><strong>eaque</strong></span> <span class='ocrx_word' id='word_1_645' title='bbox 2708 4612 2825 4677; x_wconf 66' lang='lat' dir='ltr'><strong>sine</strong></span> <span class='ocrx_word' id='word_1_646' title='bbox 2869 4612 3032 4675; x_wconf 87' lang='lat' dir='ltr'><strong>dubio</strong></span> <span class='ocrx_word' id='word_1_647' title='bbox 3064 4638 3184 4677; x_wconf 86' lang='lat' dir='ltr'><strong>eum</strong></span> <span class='ocrx_word' id='word_1_648' title='bbox 3226 4612 3405 4690; x_wconf 73' lang='lat' dir='ltr'><strong>priore</strong></span> <span class='ocrx_word' id='word_1_649' title='bbox 3436 4640 3565 4676; x_wconf 66' lang='grc' dir='ltr'><strong>(τους</strong></span> 
     </span>
    </p>
   </div>
   <div class='ocr_carea' id='block_1_94' title="bbox 327 4677 1895 4759">
    <p class='ocr_par' dir='ltr' id='par_1_94' title="bbox 327 4677 1895 4759">
     <span class='ocr_line' id='line_1_97' title="bbox 327 4677 1895 4759; baseline 0.012 -32"><span class='ocrx_word' id='word_1_650' title='bbox 327 4677 559 4759; x_wconf 56' lang='lat' dir='ltr'><strong>electio,</strong></span> <span class='ocrx_word' id='word_1_651' title='bbox 588 4695 779 4759; x_wconf 70' lang='lat' dir='ltr'><strong>verum</strong></span> <span class='ocrx_word' id='word_1_652' title='bbox 810 4685 993 4759; x_wconf 68' lang='lat' dir='ltr'><strong>etiam</strong></span> <span class='ocrx_word' id='word_1_653' title='bbox 1060 4677 1403 4759; x_wconf 76' lang='lat' dir='ltr'><strong>septuaginta</strong></span> <span class='ocrx_word' id='word_1_654' title='bbox 1463 4690 1848 4759; x_wconf 84' lang='lat' dir='ltr'><strong>discipulorum</strong></span> <span class='ocrx_word' id='word_1_655' title='bbox 1881 4677 1895 4746; x_wconf 70' lang='grc' dir='ltr'><strong>ι</strong></span> 
     </span>
    </p>
   </div>
   <div class='ocr_carea' id='block_1_95' title="bbox 326 4748 1903 4829">
    <p class='ocr_par' dir='ltr' id='par_1_95' title="bbox 326 4748 1903 4829">
     <span class='ocr_line' id='line_1_98' title="bbox 326 4748 1903 4829; baseline 0.011 -31"><span class='ocrx_word' id='word_1_656' title='bbox 326 4748 482 4829; x_wconf 56' lang='lat' dir='ltr'><strong>made</strong></span> <span class='ocrx_word' id='word_1_657' title='bbox 508 4750 589 4801; x_wconf 78' lang='lat' dir='ltr'><strong>his</strong></span> <span class='ocrx_word' id='word_1_658' title='bbox 634 4752 905 4829; x_wconf 59' lang='lat' dir='ltr'><strong>disciplqs,</strong></span> <span class='ocrx_word' id='word_1_659' title='bbox 931 4748 1171 4829; x_wconf 45' lang='lat' dir='ltr'><strong>neaerin</strong></span> <span class='ocrx_word' id='word_1_660' title='bbox 1218 4748 1301 4811; x_wconf 43' lang='lat' dir='ltr'><strong>(huc</strong></span> <span class='ocrx_word' id='word_1_661' title='bbox 1350 4760 1525 4813; x_wconf 73' lang='lat' dir='ltr'><strong>twelve</strong></span> <span class='ocrx_word' id='word_1_662' title='bbox 1565 4748 1811 4829; x_wconf 65' lang='lat' dir='ltr'><strong>apostles,</strong></span> <span class='ocrx_word' id='word_1_663' title='bbox 1841 4779 1903 4815; x_wconf 86' lang='lat' dir='ltr'><strong>or</strong></span> 
     </span>
    </p>
   </div>
   <div class='ocr_carea' id='block_1_96' title="bbox 327 4816 1900 4897">
    <p class='ocr_par' dir='ltr' id='par_1_96' title="bbox 327 4816 1900 4897">
     <span class='ocr_line' id='line_1_99' title="bbox 327 4816 1900 4897; baseline 0.012 -29"><span class='ocrx_word' id='word_1_664' title='bbox 327 4816 668 4897; x_wconf 33' lang='lat' dir='ltr'><strong>theoaeventy</strong></span> <span class='ocrx_word' id='word_1_665' title='bbox 716 4816 981 4889; x_wconf 70' lang='lat' dir='ltr'><strong>disciples.</strong></span> <span class='ocrx_word' id='word_1_666' title='bbox 1019 4816 1244 4880; x_wconf 66' lang='lat' dir='ltr'><strong>Vidétur</strong></span> <span class='ocrx_word' id='word_1_667' title='bbox 1276 4843 1407 4896; x_wconf 76' lang='lat' dir='ltr'><strong>ergo</strong></span> <span class='ocrx_word' id='word_1_668' title='bbox 1460 4816 1820 4886; x_wconf 77' lang='lat' dir='ltr'><strong>demonstrari</strong></span> <span class='ocrx_word' id='word_1_669' title='bbox 1870 4849 1900 4887; x_wconf 90' lang='lat' dir='ltr'><strong>a</strong></span> 
     </span>
    </p>
   </div>
   <div class='ocr_carea' id='block_1_97' title="bbox 325 4882 1898 4967">
    <p class='ocr_par' dir='ltr' id='par_1_97' title="bbox 325 4882 1898 4967">
     <span class='ocr_line' id='line_1_100' title="bbox 325 4882 1898 4967; baseline 0.012 -30"><span class='ocrx_word' id='word_1_670' title='bbox 325 4882 592 4967; x_wconf 74' lang='lat' dir='ltr'><strong>Vaticano</strong></span> <span class='ocrx_word' id='word_1_671' title='bbox 612 4882 914 4967; x_wconf 59' lang='lat' dir='ltr'><strong>fragmento</strong></span> <span class='ocrx_word' id='word_1_672' title='bbox 946 4908 1249 4967; x_wconf 78' lang='lat' dir='ltr'><strong>sermonem</strong></span> <span class='ocrx_word' id='word_1_673' title='bbox 1270 4898 1321 4950; x_wconf 93' lang='lat' dir='ltr'><strong>in</strong></span> <span class='ocrx_word' id='word_1_674' title='bbox 1342 4882 1898 4967; x_wconf 13' lang='lat' dir='ltr'><strong>vl‘heopiiuniniluisse:</strong></span> 
     </span>
    </p>
   </div>
   <div class='ocr_carea' id='block_1_98' title="bbox 326 4956 1898 5038">
    <p class='ocr_par' dir='ltr' id='par_1_98' title="bbox 326 4956 1898 5038">
     <span class='ocr_line' id='line_1_101' title="bbox 326 4956 1898 5038; baseline 0.012 -32"><span class='ocrx_word' id='word_1_675' title='bbox 326 4956 489 5038; x_wconf 76' lang='lat' dir='ltr'><strong>paulo</strong></span> <span class='ocrx_word' id='word_1_676' title='bbox 524 4956 874 5038; x_wconf 76' lang='lat' dir='ltr'><strong>amplioribus</strong></span> <span class='ocrx_word' id='word_1_677' title='bbox 912 4965 1112 5038; x_wconf 58' lang='lat' dir='ltr'><strong>verbis</strong></span> <span class='ocrx_word' id='word_1_678' title='bbox 1159 4967 1323 5020; x_wconf 88' lang='lat' dir='ltr'><strong>etiam</strong></span> <span class='ocrx_word' id='word_1_679' title='bbox 1366 4968 1432 5021; x_wconf 92' lang='lat' dir='ltr'><strong>de</strong></span> <span class='ocrx_word' id='word_1_680' title='bbox 1471 4956 1735 5024; x_wconf 76' lang='lat' dir='ltr'><strong>electione</strong></span> <span class='ocrx_word' id='word_1_681' title='bbox 1794 4956 1898 5025; x_wconf 57' lang='lat' dir='ltr'><strong>uti</strong></span> 
     </span>
    </p>
   </div>
   <div class='ocr_carea' id='block_1_99' title="bbox 325 5026 1898 5149">
    <p class='ocr_par' dir='ltr' id='par_1_99' title="bbox 325 5026 1898 5149">
     <span class='ocr_line' id='line_1_102' title="bbox 325 5026 1898 5149; baseline 0.01 -70"><span class='ocrx_word' id='word_1_682' title='bbox 325 5026 750 5149; x_wconf 53' lang='lat' dir='ltr'><strong>gscipulorum;</strong></span> <span class='ocrx_word' id='word_1_683' title='bbox 781 5033 925 5100; x_wconf 80' lang='lat' dir='ltr'><strong>quod</strong></span> <span class='ocrx_word' id='word_1_684' title='bbox 957 5034 1089 5089; x_wconf 87' lang='lat' dir='ltr'><strong>mihi</strong></span> <span class='ocrx_word' id='word_1_685' title='bbox 1127 5046 1275 5091; x_wconf 90' lang='lat' dir='ltr'><strong>certe</strong></span> <span class='ocrx_word' id='word_1_686' title='bbox 1302 5052 1621 5108; x_wconf 89' lang='lat' dir='ltr'><strong>persuasum</strong></span> <span class='ocrx_word' id='word_1_687' title='bbox 1656 5042 1898 5110; x_wconf 89' lang='lat' dir='ltr'><strong>apprime</strong></span> 
     </span>
    </p>
   </div>
   <div class='ocr_carea' id='block_1_100' title="bbox 400 5164 1895 5253">
    <p class='ocr_par' dir='ltr' id='par_1_100' title="bbox 400 5164 1895 5253">
     <span class='ocr_line' id='line_1_103' title="bbox 400 5164 1895 5253; baseline 0.012 -37"><span class='ocrx_word' id='word_1_688' title='bbox 548 5166 935 5253; x_wconf 68' lang='lat' dir='ltr'><strong>Fragmentum</strong></span> <span class='ocrx_word' id='word_1_689' title='bbox 964 5171 1087 5240; x_wconf 87' lang='lat' dir='ltr'><strong>hoc,</strong></span> <span class='ocrx_word' id='word_1_690' title='bbox 1107 5176 1193 5253; x_wconf 86' lang='lat' dir='ltr'><strong>_ab</strong></span> <span class='ocrx_word' id='word_1_691' title='bbox 1226 5175 1382 5253; x_wconf 79' lang='lat' dir='ltr'><strong>initio</strong></span> <span class='ocrx_word' id='word_1_692' title='bbox 1412 5194 1587 5253; x_wconf 86' lang='lat' dir='ltr'><strong>u_sque</strong></span> <span class='ocrx_word' id='word_1_693' title='bbox 1615 5179 1701 5253; x_wconf 64' lang='lat' dir='ltr'><strong>ad</strong></span> <span class='ocrx_word' id='word_1_694' title='bbox 1731 5182 1895 5253; x_wconf 86' lang='lat' dir='ltr'><strong>verba</strong></span> 
     </span>
    </p>
   </div>
   <div class='ocr_carea' id='block_1_101' title="bbox 330 5234 1899 5321">
    <p class='ocr_par' dir='ltr' id='par_1_101' title="bbox 330 5234 1899 5321">
     <span class='ocr_line' id='line_1_104' title="bbox 330 5234 1899 5321; baseline 0.013 -37"><span class='ocrx_word' id='word_1_695' title='bbox 330 5234 965 5321; x_wconf 45' lang='lat' dir='ltr'><strong>ev‘popfpaigébsfxvuro,</strong></span> <span class='ocrx_word' id='word_1_696' title='bbox 1012 5234 1271 5321; x_wconf 81' lang='lat' dir='ltr'><strong>recitatur</strong></span> <span class='ocrx_word' id='word_1_697' title='bbox 1300 5247 1399 5321; x_wconf 76' lang='lat' dir='ltr'><strong>st_ib</strong></span> <span class='ocrx_word' id='word_1_698' title='bbox 1432 5234 1649 5304; x_wconf 75' lang='lat' dir='ltr'><strong>Eusebii</strong></span> <span class='ocrx_word' id='word_1_699' title='bbox 1680 5234 1899 5321; x_wconf 75' lang='lat' dir='ltr'><strong>nomine</strong></span> 
     </span>
    </p>
   </div>
   <div class='ocr_carea' id='block_1_102' title="bbox 330 5302 1896 5382">
    <p class='ocr_par' dir='ltr' id='par_1_102' title="bbox 330 5302 1896 5382">
     <span class='ocr_line' id='line_1_105' title="bbox 330 5302 1896 5382; baseline 0.012 -27"><span class='ocrx_word' id='word_1_700' title='bbox 330 5318 362 5356; x_wconf 87' lang='lat' dir='ltr'><strong>a</strong></span> <span class='ocrx_word' id='word_1_701' title='bbox 389 5302 584 5382; x_wconf 71' lang='lat' dir='ltr'><strong>Niceta</strong></span> <span class='ocrx_word' id='word_1_702' title='bbox 627 5308 911 5382; x_wconf 67' lang='lat' dir='ltr'><strong>Serranum</strong></span> <span class='ocrx_word' id='word_1_703' title='bbox 947 5302 1199 5382; x_wconf 81' lang='lat' dir='ltr'><strong>episcopo</strong></span> <span class='ocrx_word' id='word_1_704' title='bbox 1236 5318 1285 5369; x_wconf 91' lang='lat' dir='ltr'><strong>in</strong></span> <span class='ocrx_word' id='word_1_705' title='bbox 1320 5302 1535 5372; x_wconf 80' lang='lat' dir='ltr'><strong>Catena</strong></span> <span class='ocrx_word' id='word_1_706' title='bbox 1556 5302 1657 5372; x_wconf 78' lang='lat' dir='ltr'><strong>ins.</strong></span> <span class='ocrx_word' id='word_1_707' title='bbox 1682 5302 1896 5374; x_wconf 59' lang='lat' dir='ltr'><strong>58ml</strong></span> 
     </span>
    </p>
   </div>
   <div class='ocr_carea' id='block_1_103' title="bbox 328 5374 1896 5447">
    <p class='ocr_par' dir='ltr' id='par_1_103' title="bbox 328 5374 1896 5447">
     <span class='ocr_line' id='line_1_106' title="bbox 328 5374 1896 5447; baseline 0.01 -19"><span class='ocrx_word' id='word_1_708' title='bbox 328 5386 451 5428; x_wconf 81' lang='lat' dir='ltr'><strong>cam</strong></span> <span class='ocrx_word' id='word_1_709' title='bbox 485 5374 606 5428; x_wconf 90' lang='lat' dir='ltr'><strong>cod.</strong></span> <span class='ocrx_word' id='word_1_710' title='bbox 642 5377 704 5432; x_wconf 79' lang='grc' dir='ltr'><strong>Α.</strong></span> <span class='ocrx_word' id='word_1_711' title='bbox 744 5378 781 5432; x_wconf 80' lang='grc' dir='ltr'><strong>ῐ.</strong></span> <span class='ocrx_word' id='word_1_712' title='bbox 811 5381 911 5446; x_wconf 79' lang='lat' dir='ltr'><strong>M;</strong></span> <span class='ocrx_word' id='word_1_713' title='bbox 964 5374 1201 5447; x_wconf 68' lang='lat' dir='ltr'><strong>itemque</strong></span> <span class='ocrx_word' id='word_1_714' title='bbox 1251 5394 1394 5439; x_wconf 86' lang='lat' dir='ltr'><strong>cutn&#39;</strong></span> <span class='ocrx_word' id='word_1_715' title='bbox 1420 5388 1566 5442; x_wconf 84' lang='lat' dir='ltr'><strong>brevi</strong></span> <span class='ocrx_word' id='word_1_716' title='bbox 1596 5392 1697 5443; x_wconf 87' lang='lat' dir='ltr'><strong>sub</strong></span> <span class='ocrx_word' id='word_1_717' title='bbox 1726 5390 1896 5444; x_wconf 90' lang='lat' dir='ltr'><strong>initiis</strong></span> 
     </span>
    </p>
   </div>
   <div class='ocr_carea' id='block_1_104' title="bbox 331 5447 1894 5524">
    <p class='ocr_par' dir='ltr' id='par_1_104' title="bbox 331 5447 1894 5524">
     <span class='ocr_line' id='line_1_107' title="bbox 331 5447 1894 5524; baseline 0.011 -28"><span class='ocrx_word' id='word_1_718' title='bbox 331 5457 623 5524; x_wconf 67' lang='lat' dir='ltr'><strong>augmento</strong></span> <span class='ocrx_word' id='word_1_719' title='bbox 649 5447 949 5524; x_wconf 48' lang='lat' dir='ltr'><strong>anhlacario</strong></span> <span class='ocrx_word' id='word_1_720' title='bbox 976 5453 1411 5524; x_wconf 67' lang='lat' dir='ltr'><strong>Chrysoceplialo</strong></span> <span class='ocrx_word' id='word_1_721' title='bbox 1443 5458 1494 5510; x_wconf 92' lang='lat' dir='ltr'><strong>in</strong></span> <span class='ocrx_word' id='word_1_722' title='bbox 1526 5474 1623 5512; x_wconf 87' lang='lat' dir='ltr'><strong>sua</strong></span> <span class='ocrx_word' id='word_1_723' title='bbox 1664 5460 1790 5513; x_wconf 70' lang='lat' dir='ltr'><strong>item</strong></span> <span class='ocrx_word' id='word_1_724' title='bbox 1830 5460 1894 5515; x_wconf 76' lang='lat' dir='ltr'><strong>ad</strong></span> 
     </span>
    </p>
   </div>
   <div class='ocr_carea' id='block_1_105' title="bbox 329 5511 1896 5598">
    <p class='ocr_par' dir='ltr' id='par_1_105' title="bbox 329 5511 1896 5598">
     <span class='ocr_line' id='line_1_108' title="bbox 329 5511 1896 5598; baseline 0.012 -33"><span class='ocrx_word' id='word_1_725' title='bbox 329 5511 536 5598; x_wconf 51' lang='lat' dir='ltr'><strong>Euhan]</strong></span> <span class='ocrx_word' id='word_1_726' title='bbox 562 5531 659 5598; x_wconf 52' lang='lat' dir='ltr'><strong>ms:</strong></span> <span class='ocrx_word' id='word_1_727' title='bbox 677 5517 874 5598; x_wconf 58' lang='lat' dir='ltr'><strong>Catena</strong></span> <span class='ocrx_word' id='word_1_728' title='bbox 906 5528 1025 5575; x_wconf 88' lang='lat' dir='ltr'><strong>cod.</strong></span> <span class='ocrx_word' id='word_1_729' title='bbox 1054 5511 1113 5575; x_wconf 50' lang='lat' dir='ltr'><strong>E&#39;.</strong></span> <span class='ocrx_word' id='word_1_730' title='bbox 1142 5524 1179 5576; x_wconf 86' lang='lat' dir='ltr'><strong>f.</strong></span> <span class='ocrx_word' id='word_1_731' title='bbox 1211 5511 1661 5598; x_wconf 59' lang='lat' dir='ltr'><strong>63,_inscriptum</strong></span> <span class='ocrx_word' id='word_1_732' title='bbox 1690 5511 1896 5598; x_wconf 71' lang='lat' dir='ltr'><strong>pariter</strong></span> 
     </span>
    </p>
   </div>
   <div class='ocr_carea' id='block_1_106' title="bbox 331 5582 1896 5667">
    <p class='ocr_par' dir='ltr' id='par_1_106' title="bbox 331 5582 1896 5667">
     <span class='ocr_line' id='line_1_109' title="bbox 331 5582 1896 5667; baseline 0.012 -32"><span class='ocrx_word' id='word_1_733' title='bbox 331 5582 824 5667; x_wconf 46' lang='lat' dir='ltr'><strong>gnsebio..Deinde</strong></span> <span class='ocrx_word' id='word_1_734' title='bbox 854 5590 907 5643; x_wconf 92' lang='lat' dir='ltr'><strong>in</strong></span> <span class='ocrx_word' id='word_1_735' title='bbox 945 5600 1179 5667; x_wconf 74' lang='lat' dir='ltr'><strong>utroque</strong></span> <span class='ocrx_word' id='word_1_736' title='bbox 1208 5582 1413 5667; x_wconf 79' lang='lat' dir='ltr'><strong>codice,</strong></span> <span class='ocrx_word' id='word_1_737' title='bbox 1460 5582 1546 5667; x_wconf 60' lang='lat' dir='ltr'><strong>vi&#39;x</strong></span> <span class='ocrx_word' id='word_1_738' title='bbox 1586 5582 1736 5653; x_wconf 64' lang='lat' dir='ltr'><strong>breiii</strong></span> <span class='ocrx_word' id='word_1_739' title='bbox 1772 5582 1896 5667; x_wconf 70' lang='lat' dir='ltr'><strong>spa-</strong></span> 
     </span>
    </p>
   </div>
   <div class='ocr_carea' id='block_1_107' title="bbox 331 5660 1895 5740">
    <p class='ocr_par' dir='ltr' id='par_1_107' title="bbox 331 5660 1895 5740">
     <span class='ocr_line' id='line_1_110' title="bbox 331 5660 1895 5740; baseline 0.012 -34"><span class='ocrx_word' id='word_1_740' title='bbox 331 5660 753 5740; x_wconf 32' lang='lat' dir='ltr'><strong>Pliojn‘terjelc‘to,</strong></span> <span class='ocrx_word' id='word_1_741' title='bbox 808 5660 1052 5740; x_wconf 65' lang='lat' dir='ltr'><strong>sequitur</strong></span> <span class='ocrx_word' id='word_1_742' title='bbox 1080 5660 1221 5740; x_wconf 55' lang='lat' dir='ltr'><strong>pars</strong></span> <span class='ocrx_word' id='word_1_743' title='bbox 1259 5660 1426 5740; x_wconf 66' lang='lat' dir='ltr'><strong>altera</strong></span> <span class='ocrx_word' id='word_1_744' title='bbox 1462 5666 1746 5740; x_wconf 68' lang='lat' dir='ltr'><strong>fragmenti</strong></span> <span class='ocrx_word' id='word_1_745' title='bbox 1777 5660 1895 5740; x_wconf 62' lang='lat' dir='ltr'><strong>quae</strong></span> 
     </span>
    </p>
   </div>
   <div class='ocr_carea' id='block_1_108' title="bbox 334 5725 1895 5808">
    <p class='ocr_par' dir='ltr' id='par_1_108' title="bbox 334 5725 1895 5808">
     <span class='ocr_line' id='line_1_111' title="bbox 334 5725 1895 5808; baseline 0.012 -32"><span class='ocrx_word' id='word_1_746' title='bbox 334 5725 567 5808; x_wconf 71' lang='lat' dir='ltr'><strong>incipit_:</strong></span> <span class='ocrx_word' id='word_1_747' title='bbox 615 5725 824 5808; x_wconf 61' lang='grc' dir='ltr'><strong>ς’ίζσπερ</strong></span> <span class='ocrx_word' id='word_1_748' title='bbox 854 5725 1033 5799; x_wconf 69' lang='grc' dir='ltr'><strong>μέντοι</strong></span> <span class='ocrx_word' id='word_1_749' title='bbox 1075 5725 1164 5808; x_wconf 56' lang='grc' dir='ltr'><strong>διὰ</strong></span> <span class='ocrx_word' id='word_1_750' title='bbox 1206 5732 1300 5808; x_wconf 59' lang='grc' dir='ltr'><strong>τοᾷ</strong></span> <span class='ocrx_word' id='word_1_751' title='bbox 1330 5725 1895 5808; x_wconf 70' lang='grc' dir='ltr'><strong>χρυσοῦ,”άθείηἰιξιυθ</strong></span> 
     </span>
    </p>
   </div>
   <div class='ocr_carea' id='block_1_109' title="bbox 330 5792 1893 5875">
    <p class='ocr_par' dir='ltr' id='par_1_109' title="bbox 330 5792 1893 5875">
     <span class='ocr_line' id='line_1_112' title="bbox 330 5792 1893 5875; baseline 0.012 -31"><span class='ocrx_word' id='word_1_752' title='bbox 330 5792 401 5844; x_wconf 86' lang='grc' dir='ltr'><strong>τὰ</strong></span> <span class='ocrx_word' id='word_1_753' title='bbox 420 5792 542 5874; x_wconf 73' lang='grc' dir='ltr'><strong>κατ’</strong></span> <span class='ocrx_word' id='word_1_754' title='bbox 569 5795 728 5875; x_wconf 69' lang='grc' dir='ltr'><strong>αὐτον</strong></span> <span class='ocrx_word' id='word_1_755' title='bbox 760 5792 1235 5875; x_wconf 11' lang='grc' dir='ltr'><strong>οἰκονομουᾲμέ-νης.</strong></span> <span class='ocrx_word' id='word_1_756' title='bbox 1257 5792 1378 5858; x_wconf 67' lang='lat' dir='ltr'><strong>.laiii</strong></span> <span class='ocrx_word' id='word_1_757' title='bbox 1409 5792 1552 5863; x_wconf 40' lang='lat' dir='ltr'><strong>vero,</strong></span> <span class='ocrx_word' id='word_1_758' title='bbox 1578 5792 1699 5863; x_wconf 9' lang='lat' dir='ltr'><strong>haec,</strong></span> <span class='ocrx_word' id='word_1_759' title='bbox 1716 5792 1893 5865; x_wconf 67' lang='lat' dir='ltr'><strong>altera</strong></span> 
     </span>
    </p>
   </div>
   <div class='ocr_carea' id='block_1_110' title="bbox 332 5866 1889 5946">
    <p class='ocr_par' dir='ltr' id='par_1_110' title="bbox 332 5866 1889 5946">
     <span class='ocr_line' id='line_1_113' title="bbox 332 5866 1889 5946; baseline 0.01 -29"><span class='ocrx_word' id='word_1_760' title='bbox 332 5878 459 5931; x_wconf 84' lang='lat' dir='ltr'><strong>pars</strong></span> <span class='ocrx_word' id='word_1_761' title='bbox 490 5866 543 5920; x_wconf 92' lang='lat' dir='ltr'><strong>in</strong></span> <span class='ocrx_word' id='word_1_762' title='bbox 579 5866 766 5923; x_wconf 88' lang='lat' dir='ltr'><strong>codice</strong></span> <span class='ocrx_word' id='word_1_763' title='bbox 792 5870 858 5925; x_wconf 79' lang='grc' dir='ltr'><strong>Α.</strong></span> <span class='ocrx_word' id='word_1_764' title='bbox 900 5866 952 5925; x_wconf 55' lang='grc' dir='ltr'><strong>ί(</strong></span> <span class='ocrx_word' id='word_1_765' title='bbox 992 5866 1077 5938; x_wconf 61' lang='grc'><strong>15,</strong></span> <span class='ocrx_word' id='word_1_766' title='bbox 1111 5866 1481 5946; x_wconf 75' lang='grc' dir='ltr'><strong>Ι),’ρο[ερίςυο</strong></span> <span class='ocrx_word' id='word_1_767' title='bbox 1526 5879 1839 5935; x_wconf 89' lang='lat' dir='ltr'><strong>inscribitur</strong></span> <span class='ocrx_word' id='word_1_768' title='bbox 1876 5898 1889 5933; x_wconf 88' lang='lat'><strong>:</strong></span> 
     </span>
    </p>
   </div>
   <div class='ocr_carea' id='block_1_111' title="bbox 2005 4691 3566 4761">
    <p class='ocr_par' dir='ltr' id='par_1_111' title="bbox 2005 4691 3566 4761">
     <span class='ocr_line' id='line_1_114' title="bbox 2005 4691 3566 4761; baseline 0 -16"><span class='ocrx_word' id='word_1_769' title='bbox 2005 4701 2273 4754; x_wconf 78' lang='lat' dir='ltr'><strong>nectatutz,</strong></span> <span class='ocrx_word' id='word_1_770' title='bbox 2326 4699 2574 4759; x_wconf 87' lang='lat' dir='ltr'><strong>superest</strong></span> <span class='ocrx_word' id='word_1_771' title='bbox 2604 4701 2663 4745; x_wconf 94' lang='lat' dir='ltr'><strong>ut</strong></span> <span class='ocrx_word' id='word_1_772' title='bbox 2714 4692 2801 4745; x_wconf 88' lang='lat' dir='ltr'><strong>illa</strong></span> <span class='ocrx_word' id='word_1_773' title='bbox 2847 4708 3062 4761; x_wconf 87' lang='lat' dir='ltr'><strong>quoque</strong></span> <span class='ocrx_word' id='word_1_774' title='bbox 3106 4692 3254 4758; x_wconf 89' lang='lat' dir='ltr'><strong>prior</strong></span> <span class='ocrx_word' id='word_1_775' title='bbox 3288 4694 3352 4745; x_wconf 89' lang='lat' dir='ltr'><strong>ad</strong></span> <span class='ocrx_word' id='word_1_776' title='bbox 3402 4691 3566 4745; x_wconf 83' lang='lat' dir='ltr'><strong>Theo-</strong></span> 
     </span>
    </p>
   </div>
   <div class='ocr_carea' id='block_1_112' title="bbox 2003 4762 3567 4831">
    <p class='ocr_par' dir='ltr' id='par_1_112' title="bbox 2003 4762 3567 4831">
     <span class='ocr_line' id='line_1_115' title="bbox 2003 4762 3567 4831; baseline 0.001 -18"><span class='ocrx_word' id='word_1_777' title='bbox 2003 4762 2254 4829; x_wconf 81' lang='lat' dir='ltr'><strong>pltaniam</strong></span> <span class='ocrx_word' id='word_1_778' title='bbox 2296 4762 2581 4828; x_wconf 84' lang='lat' dir='ltr'><strong>pertineat,</strong></span> <span class='ocrx_word' id='word_1_779' title='bbox 2627 4776 2936 4831; x_wconf 88' lang='lat' dir='ltr'><strong>quanquam</strong></span> <span class='ocrx_word' id='word_1_780' title='bbox 2984 4763 3197 4817; x_wconf 87' lang='lat' dir='ltr'><strong>Eusebii</strong></span> <span class='ocrx_word' id='word_1_781' title='bbox 3231 4771 3437 4815; x_wconf 87' lang='lat' dir='ltr'><strong>tantum</strong></span> <span class='ocrx_word' id='word_1_782' title='bbox 3470 4780 3567 4815; x_wconf 88' lang='lat' dir='ltr'><strong>no-</strong></span> 
     </span>
    </p>
   </div>
   <div class='ocr_carea' id='block_1_113' title="bbox 2004 4831 3567 4902">
    <p class='ocr_par' dir='ltr' id='par_1_113' title="bbox 2004 4831 3567 4902">
     <span class='ocr_line' id='line_1_116' title="bbox 2004 4831 3567 4902; baseline -0.001 -18"><span class='ocrx_word' id='word_1_783' title='bbox 2004 4832 2149 4902; x_wconf 82' lang='lat' dir='ltr'><strong>mine</strong></span> <span class='ocrx_word' id='word_1_784' title='bbox 2180 4831 2421 4902; x_wconf 88' lang='lat' dir='ltr'><strong>titulata;</strong></span> <span class='ocrx_word' id='word_1_785' title='bbox 2453 4846 2614 4899; x_wconf 92' lang='lat' dir='ltr'><strong>quam</strong></span> <span class='ocrx_word' id='word_1_786' title='bbox 2650 4847 2763 4885; x_wconf 92' lang='lat' dir='ltr'><strong>rem</strong></span> <span class='ocrx_word' id='word_1_787' title='bbox 2791 4833 3067 4886; x_wconf 86' lang='lat' dir='ltr'><strong>evidenter</strong></span> <span class='ocrx_word' id='word_1_788' title='bbox 3113 4841 3167 4887; x_wconf 94' lang='lat' dir='ltr'><strong>et</strong></span> <span class='ocrx_word' id='word_1_789' title='bbox 3195 4848 3337 4902; x_wconf 67' lang='lat' dir='ltr'><strong>saepe</strong></span> <span class='ocrx_word' id='word_1_790' title='bbox 3366 4847 3567 4899; x_wconf 79' lang='lat' dir='ltr'><strong>cogno-</strong></span> 
     </span>
    </p>
   </div>
   <div class='ocr_carea' id='block_1_114' title="bbox 2004 4901 3564 4971">
    <p class='ocr_par' dir='ltr' id='par_1_114' title="bbox 2004 4901 3564 4971">
     <span class='ocr_line' id='line_1_117' title="bbox 2004 4901 3564 4971; baseline 0.003 -19"><span class='ocrx_word' id='word_1_791' title='bbox 2004 4901 2179 4955; x_wconf 86' lang='lat' dir='ltr'><strong>vimus</strong></span> <span class='ocrx_word' id='word_1_792' title='bbox 2222 4901 2751 4971; x_wconf 7' lang='lat' dir='ltr'><strong>inqprtecedentibns</strong></span> <span class='ocrx_word' id='word_1_793' title='bbox 2809 4902 3158 4971; x_wconf 77' lang='lat' dir='ltr'><strong>Theopliania:</strong></span> <span class='ocrx_word' id='word_1_794' title='bbox 3224 4903 3564 4971; x_wconf 83' lang='lat' dir='ltr'><strong>fragmentis.</strong></span> 
     </span>
    </p>
   </div>
   <div class='ocr_carea' id='block_1_115' title="bbox 2002 4970 3566 5039">
    <p class='ocr_par' dir='ltr' id='par_1_115' title="bbox 2002 4970 3566 5039">
     <span class='ocr_line' id='line_1_118' title="bbox 2002 4970 3566 5039; baseline 0.001 -17"><span class='ocrx_word' id='word_1_795' title='bbox 2002 4986 2121 5039; x_wconf 71' lang='lat' dir='ltr'><strong>qua:</strong></span> <span class='ocrx_word' id='word_1_796' title='bbox 2151 4986 2273 5023; x_wconf 90' lang='lat' dir='ltr'><strong>cum</strong></span> <span class='ocrx_word' id='word_1_797' title='bbox 2303 4970 2355 5022; x_wconf 90' lang='lat' dir='ltr'><strong>in</strong></span> <span class='ocrx_word' id='word_1_798' title='bbox 2400 4971 2680 5024; x_wconf 75' lang='lat' dir='ltr'><strong>codicibus</strong></span> <span class='ocrx_word' id='word_1_799' title='bbox 2714 4973 2861 5026; x_wconf 83' lang='lat' dir='ltr'><strong>Vatt.</strong></span> <span class='ocrx_word' id='word_1_800' title='bbox 2896 4970 3107 5027; x_wconf 84' lang='lat' dir='ltr'><strong>nOnnisi</strong></span> <span class='ocrx_word' id='word_1_801' title='bbox 3150 4970 3348 5026; x_wconf 86' lang='lat' dir='ltr'><strong>nudum</strong></span> <span class='ocrx_word' id='word_1_802' title='bbox 3404 4970 3566 5023; x_wconf 89' lang='lat' dir='ltr'><strong>inter-</strong></span> 
     </span>
    </p>
   </div>
   <div class='ocr_carea' id='block_1_116' title="bbox 2003 5040 3560 5109">
    <p class='ocr_par' dir='ltr' id='par_1_116' title="bbox 2003 5040 3560 5109">
     <span class='ocr_line' id='line_1_119' title="bbox 2003 5040 3560 5109; baseline 0 -19"><span class='ocrx_word' id='word_1_803' title='bbox 2003 5044 2127 5093; x_wconf 85' lang='lat' dir='ltr'><strong>dum</strong></span> <span class='ocrx_word' id='word_1_804' title='bbox 2159 5040 2591 5094; x_wconf 89' lang='lat' dir='ltr'><strong>Ensebiinomen</strong></span> <span class='ocrx_word' id='word_1_805' title='bbox 2620 5054 2891 5109; x_wconf 86' lang='lat' dir='ltr'><strong>gererent,</strong></span> <span class='ocrx_word' id='word_1_806' title='bbox 2922 5057 3064 5095; x_wconf 91' lang='lat' dir='ltr'><strong>nunc</strong></span> <span class='ocrx_word' id='word_1_807' title='bbox 3105 5050 3411 5109; x_wconf 87' lang='lat' dir='ltr'><strong>comparata</strong></span> <span class='ocrx_word' id='word_1_808' title='bbox 3440 5054 3560 5091; x_wconf 88' lang='lat' dir='ltr'><strong>cum</strong></span> 
     </span>
    </p>
   </div>
   <div class='ocr_carea' id='block_1_117' title="bbox 2003 5109 3559 5179">
    <p class='ocr_par' dir='ltr' id='par_1_117' title="bbox 2003 5109 3559 5179">
     <span class='ocr_line' id='line_1_120' title="bbox 2003 5109 3559 5179; baseline -0.001 -17"><span class='ocrx_word' id='word_1_809' title='bbox 2003 5110 2138 5179; x_wconf 83' lang='lat' dir='ltr'><strong>Syra</strong></span> <span class='ocrx_word' id='word_1_810' title='bbox 2170 5109 2526 5178; x_wconf 83' lang='lat' dir='ltr'><strong>Theopham’a,</strong></span> <span class='ocrx_word' id='word_1_811' title='bbox 2555 5115 2793 5166; x_wconf 86' lang='lat' dir='ltr'><strong>membra</strong></span> <span class='ocrx_word' id='word_1_812' title='bbox 2822 5113 3058 5179; x_wconf 89' lang='lat' dir='ltr'><strong>ejusdem</strong></span> <span class='ocrx_word' id='word_1_813' title='bbox 3084 5126 3203 5165; x_wconf 90' lang='lat' dir='ltr'><strong>esse</strong></span> <span class='ocrx_word' id='word_1_814' title='bbox 3229 5117 3559 5173; x_wconf 85' lang='lat' dir='ltr'><strong>compertum</strong></span> 
     </span>
    </p>
   </div>
   <div class='ocr_carea' id='block_1_118' title="bbox 2000 5180 3557 5249">
    <p class='ocr_par' dir='ltr' id='par_1_118' title="bbox 2000 5180 3557 5249">
     <span class='ocr_line' id='line_1_121' title="bbox 2000 5180 3557 5249; baseline -0.003 -17"><span class='ocrx_word' id='word_1_815' title='bbox 2000 5188 2109 5234; x_wconf 90' lang='lat' dir='ltr'><strong>est.</strong></span> <span class='ocrx_word' id='word_1_816' title='bbox 2141 5210 2212 5220; x_wconf 91' lang='lat'><strong>——</strong></span> <span class='ocrx_word' id='word_1_817' title='bbox 2237 5180 2303 5234; x_wconf 89' lang='lat' dir='ltr'><strong>Et</strong></span> <span class='ocrx_word' id='word_1_818' title='bbox 2344 5183 2701 5249; x_wconf 66' lang='lat' dir='ltr'><strong>prmeedentia</strong></span> <span class='ocrx_word' id='word_1_819' title='bbox 2753 5183 2968 5249; x_wconf 90' lang='lat' dir='ltr'><strong>quidem</strong></span> <span class='ocrx_word' id='word_1_820' title='bbox 3016 5195 3068 5234; x_wconf 73' lang='lat' dir='ltr'><strong>XI</strong></span> <span class='ocrx_word' id='word_1_821' title='bbox 3103 5180 3401 5247; x_wconf 82' lang='lat' dir='ltr'><strong>fragmenta</strong></span> <span class='ocrx_word' id='word_1_822' title='bbox 3434 5192 3557 5230; x_wconf 89' lang='lat' dir='ltr'><strong>cum</strong></span> 
     </span>
    </p>
   </div>
   <div class='ocr_carea' id='block_1_119' title="bbox 2002 5249 3559 5320">
    <p class='ocr_par' dir='ltr' id='par_1_119' title="bbox 2002 5249 3559 5320">
     <span class='ocr_line' id='line_1_122' title="bbox 2002 5249 3559 5320; baseline -0.003 -19"><span class='ocrx_word' id='word_1_823' title='bbox 2002 5249 2225 5318; x_wconf 78' lang='lat' dir='ltr'><strong>Syriaca</strong></span> <span class='ocrx_word' id='word_1_824' title='bbox 2271 5249 2611 5317; x_wconf 78' lang='lat' dir='ltr'><strong>&#39;l&#39;lieophania</strong></span> <span class='ocrx_word' id='word_1_825' title='bbox 2658 5252 2974 5320; x_wconf 89' lang='lat' dir='ltr'><strong>conspirare</strong></span> <span class='ocrx_word' id='word_1_826' title='bbox 3019 5249 3343 5320; x_wconf 86' lang='lat' dir='ltr'><strong>adamussim</strong></span> <span class='ocrx_word' id='word_1_827' title='bbox 3394 5261 3559 5320; x_wconf 61' lang='lat' dir='ltr'><strong>prope</strong></span> 
     </span>
    </p>
   </div>
   <div class='ocr_carea' id='block_1_120' title="bbox 1999 5318 3643 5391">
    <p class='ocr_par' dir='ltr' id='par_1_120' title="bbox 1999 5318 3643 5391">
     <span class='ocr_line' id='line_1_123' title="bbox 1999 5318 3643 5391; baseline -0.003 -19"><span class='ocrx_word' id='word_1_828' title='bbox 1999 5320 2180 5372; x_wconf 87' lang='lat' dir='ltr'><strong>omnia</strong></span> <span class='ocrx_word' id='word_1_829' title='bbox 2213 5321 2483 5391; x_wconf 84' lang='lat' dir='ltr'><strong>vidimus:</strong></span> <span class='ocrx_word' id='word_1_830' title='bbox 2512 5322 2637 5375; x_wconf 80' lang='lat' dir='ltr'><strong>exin</strong></span> <span class='ocrx_word' id='word_1_831' title='bbox 2682 5318 2962 5391; x_wconf 70' lang='lat' dir='ltr'><strong>sequentia</strong></span> <span class='ocrx_word' id='word_1_832' title='bbox 3007 5319 3134 5386; x_wconf 87' lang='lat' dir='ltr'><strong>jure</strong></span> <span class='ocrx_word' id='word_1_833' title='bbox 3195 5318 3559 5391; x_wconf 37' lang='lat' dir='ltr'><strong>nostro‘addi:</strong></span> <span class='ocrx_word' id='word_1_834' title='bbox 3638 5327 3643 5331; x_wconf 85' lang='lat'><strong><em>&#39;</em></strong></span> 
     </span>
    </p>
   </div>
   <div class='ocr_carea' id='block_1_121' title="bbox 1999 5384 3559 5459">
    <p class='ocr_par' dir='ltr' id='par_1_121' title="bbox 1999 5384 3559 5459">
     <span class='ocr_line' id='line_1_124' title="bbox 1999 5384 3559 5459; baseline -0.001 -18"><span class='ocrx_word' id='word_1_835' title='bbox 1999 5403 2138 5459; x_wconf 63' lang='lat' dir='ltr'><strong>rutis,</strong></span> <span class='ocrx_word' id='word_1_836' title='bbox 2170 5390 2295 5459; x_wconf 78' lang='lat' dir='ltr'><strong>quia</strong></span> <span class='ocrx_word' id='word_1_837' title='bbox 2324 5393 2376 5445; x_wconf 92' lang='lat' dir='ltr'><strong>in</strong></span> <span class='ocrx_word' id='word_1_838' title='bbox 2400 5391 2675 5445; x_wconf 88' lang='lat' dir='ltr'><strong>codicibus</strong></span> <span class='ocrx_word' id='word_1_839' title='bbox 2700 5384 2846 5445; x_wconf 60' lang='lat' dir='ltr'><strong>van.</strong></span> <span class='ocrx_word' id='word_1_840' title='bbox 2875 5384 3069 5459; x_wconf 86' lang='lat' dir='ltr'><strong>gerunt</strong></span> <span class='ocrx_word' id='word_1_841' title='bbox 3101 5389 3313 5442; x_wconf 87' lang='lat' dir='ltr'><strong>titulum</strong></span> <span class='ocrx_word' id='word_1_842' title='bbox 3345 5384 3559 5459; x_wconf 72' lang='lat' dir='ltr'><strong>Eusebii</strong></span> 
     </span>
    </p>
   </div>
   <div class='ocr_carea' id='block_1_122' title="bbox 2002 5456 3560 5531">
    <p class='ocr_par' dir='ltr' id='par_1_122' title="bbox 2002 5456 3560 5531">
     <span class='ocr_line' id='line_1_125' title="bbox 2002 5456 3560 5531; baseline 0.001 -21"><span class='ocrx_word' id='word_1_843' title='bbox 2002 5456 2380 5530; x_wconf 76' lang='lat' dir='ltr'><strong>Tlteoplianiw;</strong></span> <span class='ocrx_word' id='word_1_844' title='bbox 2412 5463 2516 5531; x_wconf 82' lang='lat' dir='ltr'><strong>imo</strong></span> <span class='ocrx_word' id='word_1_845' title='bbox 2545 5471 2600 5515; x_wconf 92' lang='lat' dir='ltr'><strong>et</strong></span> <span class='ocrx_word' id='word_1_846' title='bbox 2620 5464 2685 5516; x_wconf 90' lang='lat' dir='ltr'><strong>ad</strong></span> <span class='ocrx_word' id='word_1_847' title='bbox 2710 5456 2993 5531; x_wconf 71' lang='lat' dir='ltr'><strong>Syriacum</strong></span> <span class='ocrx_word' id='word_1_848' title='bbox 3022 5460 3293 5531; x_wconf 71' lang='lat' dir='ltr'><strong>exemplar</strong></span> <span class='ocrx_word' id='word_1_849' title='bbox 3316 5458 3560 5531; x_wconf 79' lang='lat' dir='ltr'><strong>aliquan-</strong></span> 
     </span>
    </p>
   </div>
   <div class='ocr_carea' id='block_1_123' title="bbox 1996 5528 3557 5597">
    <p class='ocr_par' dir='ltr' id='par_1_123' title="bbox 1996 5528 3557 5597">
     <span class='ocr_line' id='line_1_126' title="bbox 1996 5528 3557 5597; baseline 0.003 -18"><span class='ocrx_word' id='word_1_850' title='bbox 1996 5534 2065 5584; x_wconf 93' lang='lat' dir='ltr'><strong>do</strong></span> <span class='ocrx_word' id='word_1_851' title='bbox 2101 5528 2378 5585; x_wconf 84' lang='lat' dir='ltr'><strong>accedunt.</strong></span> <span class='ocrx_word' id='word_1_852' title='bbox 2430 5530 2618 5585; x_wconf 84' lang='lat' dir='ltr'><strong>Nonne</strong></span> <span class='ocrx_word' id='word_1_853' title='bbox 2666 5528 2807 5587; x_wconf 71' lang='lat' dir='ltr'><strong>enim</strong></span> <span class='ocrx_word' id='word_1_854' title='bbox 2847 5532 3007 5585; x_wconf 90' lang='lat' dir='ltr'><strong>etiam</strong></span> <span class='ocrx_word' id='word_1_855' title='bbox 3058 5532 3108 5583; x_wconf 90' lang='lat' dir='ltr'><strong>in</strong></span> <span class='ocrx_word' id='word_1_856' title='bbox 3157 5528 3355 5583; x_wconf 84' lang='lat' dir='ltr'><strong>Catena</strong></span> <span class='ocrx_word' id='word_1_857' title='bbox 3386 5528 3557 5597; x_wconf 74' lang='lat' dir='ltr'><strong>Epist.</strong></span> 
     </span>
    </p>
   </div>
   <div class='ocr_carea' id='block_1_124' title="bbox 1996 5598 3627 5670">
    <p class='ocr_par' dir='ltr' id='par_1_124' title="bbox 1996 5598 3627 5670">
     <span class='ocr_line' id='line_1_127' title="bbox 1996 5598 3627 5670; baseline -0.002 -18"><span class='ocrx_word' id='word_1_858' title='bbox 1996 5600 2063 5653; x_wconf 86' lang='lat' dir='ltr'><strong>ad</strong></span> <span class='ocrx_word' id='word_1_859' title='bbox 2096 5598 2262 5655; x_wconf 77' lang='lat' dir='ltr'><strong>ilebr.</strong></span> <span class='ocrx_word' id='word_1_860' title='bbox 2291 5602 2377 5658; x_wconf 92' lang='lat' dir='ltr'><strong>ed.</strong></span> <span class='ocrx_word' id='word_1_861' title='bbox 2416 5602 2654 5656; x_wconf 86' lang='lat' dir='ltr'><strong>Cratneri</strong></span> <span class='ocrx_word' id='word_1_862' title='bbox 2684 5617 2735 5670; x_wconf 92' lang='lat' dir='ltr'><strong>p.</strong></span> <span class='ocrx_word' id='word_1_863' title='bbox 2765 5601 2891 5665; x_wconf 84' lang='lat'><strong>597,</strong></span> <span class='ocrx_word' id='word_1_864' title='bbox 2924 5602 3073 5654; x_wconf 84' lang='lat' dir='ltr'><strong>locus</strong></span> <span class='ocrx_word' id='word_1_865' title='bbox 3118 5600 3329 5670; x_wconf 60' lang='lat' dir='ltr'><strong>Euseliﬁ</strong></span> <span class='ocrx_word' id='word_1_866' title='bbox 3358 5614 3554 5652; x_wconf 82' lang='lat' dir='ltr'><strong>occur-</strong></span> <span class='ocrx_word' id='word_1_867' title='bbox 3620 5642 3627 5649; x_wconf 94' lang='lat'><strong>.</strong></span> 
     </span>
    </p>
   </div>
   <div class='ocr_carea' id='block_1_125' title="bbox 1999 5667 3559 5742">
    <p class='ocr_par' dir='ltr' id='par_1_125' title="bbox 1999 5667 3559 5742">
     <span class='ocr_line' id='line_1_128' title="bbox 1999 5667 3559 5742; baseline -0.001 -22"><span class='ocrx_word' id='word_1_868' title='bbox 1999 5670 2089 5742; x_wconf 82' lang='lat' dir='ltr'><strong>rit,</strong></span> <span class='ocrx_word' id='word_1_869' title='bbox 2113 5671 2206 5742; x_wconf 86' lang='lat' dir='ltr'><strong>qui</strong></span> <span class='ocrx_word' id='word_1_870' title='bbox 2249 5685 2573 5742; x_wconf 79' lang='lat' dir='ltr'><strong>nonparum</strong></span> <span class='ocrx_word' id='word_1_871' title='bbox 2610 5667 2853 5742; x_wconf 79' lang='lat' dir='ltr'><strong>congruit</strong></span> <span class='ocrx_word' id='word_1_872' title='bbox 2882 5686 3001 5742; x_wconf 85' lang='lat' dir='ltr'><strong>cum</strong></span> <span class='ocrx_word' id='word_1_873' title='bbox 3037 5671 3255 5742; x_wconf 83' lang='lat' dir='ltr'><strong>Syriaca</strong></span> <span class='ocrx_word' id='word_1_874' title='bbox 3288 5667 3559 5742; x_wconf 64' lang='lat' dir='ltr'><strong>Theopha-</strong></span> 
     </span>
    </p>
   </div>
   <div class='ocr_carea' id='block_1_126' title="bbox 1995 5738 3558 5811">
    <p class='ocr_par' dir='ltr' id='par_1_126' title="bbox 1995 5738 3558 5811">
     <span class='ocr_line' id='line_1_129' title="bbox 1995 5738 3558 5811; baseline 0 -20"><span class='ocrx_word' id='word_1_875' title='bbox 1995 5740 2083 5811; x_wconf 76' lang='lat' dir='ltr'><strong>nia</strong></span> <span class='ocrx_word' id='word_1_876' title='bbox 2112 5738 2203 5811; x_wconf 79' lang='lat' dir='ltr'><strong>lib.</strong></span> <span class='ocrx_word' id='word_1_877' title='bbox 2239 5753 2326 5811; x_wconf 74' lang='lat' dir='ltr'><strong>tu,</strong></span> <span class='ocrx_word' id='word_1_878' title='bbox 2352 5740 2456 5793; x_wconf 64' lang='lat'><strong>40?</strong></span> <span class='ocrx_word' id='word_1_879' title='bbox 2482 5738 2763 5795; x_wconf 80' lang='grc' dir='ltr'><strong>Εὐσεδίου.</strong></span> <span class='ocrx_word' id='word_1_880' title='bbox 2826 5740 3045 5811; x_wconf 81' lang='grc' dir='ltr'><strong>Ἀμέλει</strong></span> <span class='ocrx_word' id='word_1_881' title='bbox 3077 5738 3151 5793; x_wconf 72' lang='grc' dir='ltr'><strong>ὀὐ</strong></span> <span class='ocrx_word' id='word_1_882' title='bbox 3184 5738 3325 5792; x_wconf 86' lang='grc' dir='ltr'><strong>κατὰ</strong></span> <span class='ocrx_word' id='word_1_883' title='bbox 3361 5738 3558 5811; x_wconf 78' lang='grc' dir='ltr'><strong>Μωσέα</strong></span> 
     </span>
    </p>
   </div>
   <div class='ocr_carea' id='block_1_127' title="bbox 1994 5808 3559 5883">
    <p class='ocr_par' dir='ltr' id='par_1_127' title="bbox 1994 5808 3559 5883">
     <span class='ocr_line' id='line_1_130' title="bbox 1994 5808 3559 5883; baseline 0.001 -23"><span class='ocrx_word' id='word_1_884' title='bbox 1994 5809 2161 5883; x_wconf 55' lang='grc' dir='ltr'><strong>πλαξι</strong></span> <span class='ocrx_word' id='word_1_885' title='bbox 2178 5808 2406 5883; x_wconf 74' lang='grc' dir='ltr'><strong>λιθίναις</strong></span> <span class='ocrx_word' id='word_1_886' title='bbox 2434 5813 2557 5875; x_wconf 80' lang='grc' dir='ltr'><strong>τοὺς</strong></span> <span class='ocrx_word' id='word_1_887' title='bbox 2586 5812 2749 5865; x_wconf 84' lang='grc' dir='ltr'><strong>αὐτοῦ</strong></span> <span class='ocrx_word' id='word_1_888' title='bbox 2783 5808 2979 5883; x_wconf 80' lang='grc' dir='ltr'><strong>νόμους</strong></span> <span class='ocrx_word' id='word_1_889' title='bbox 3004 5811 3388 5883; x_wconf 76' lang='grc' dir='ltr'><strong>κατεϐάλλετο,</strong></span> <span class='ocrx_word' id='word_1_890' title='bbox 3432 5810 3559 5883; x_wconf 65' lang='grc' dir='ltr'><strong>στῇ-</strong></span> 
     </span>
    </p>
   </div>
   <div class='ocr_carea' id='block_1_128' title="bbox 1992 5878 3581 5955">
    <p class='ocr_par' dir='ltr' id='par_1_128' title="bbox 1992 5878 3581 5955">
     <span class='ocr_line' id='line_1_131' title="bbox 1992 5878 3581 5955; baseline -0.001 -23"><span class='ocrx_word' id='word_1_891' title='bbox 1992 5878 2110 5945; x_wconf 78' lang='grc' dir='ltr'><strong>λαις</strong></span> <span class='ocrx_word' id='word_1_892' title='bbox 2142 5880 2184 5934; x_wconf 84' lang='grc' dir='ltr'><strong>δ’</strong></span> <span class='ocrx_word' id='word_1_893' title='bbox 2213 5879 2399 5954; x_wconf 82' lang='grc' dir='ltr'><strong>ὥσπερ</strong></span> <span class='ocrx_word' id='word_1_894' title='bbox 2449 5884 2615 5954; x_wconf 73' lang='grc' dir='ltr'><strong>ἱεραῖς</strong></span> <span class='ocrx_word' id='word_1_895' title='bbox 2659 5885 2775 5949; x_wconf 86' lang='grc' dir='ltr'><strong>ταῖς</strong></span> <span class='ocrx_word' id='word_1_896' title='bbox 2816 5878 2998 5939; x_wconf 59' lang='grc' dir='ltr'><strong>αὐτοῦ*</strong></span> <span class='ocrx_word' id='word_1_897' title='bbox 3039 5883 3325 5955; x_wconf 79' lang='grc' dir='ltr'><strong>γνωρίμων</strong></span> <span class='ocrx_word' id='word_1_898' title='bbox 3362 5881 3581 5951; x_wconf 8' lang='grc' dir='ltr'><strong>ψυχαῖς,</strong></span> 
     </span>
    </p>
   </div>
  </div>
