4008 6526
495 384 597 439 659

1155 400 1423 463 EUSEBII
1461 409 1935 473 CESARIENSIS
1970 415 2121 475 OPP.
2160 418 2336 475 PARS
2370 418 2460 476 IV.
2499 452 2566 460 —
2608 416 3019 479 DOGMATICA.

3595 432 3689 490 660

494 505 659 621 rium”
674 513 894 570 oraculo
939 517 1104 576 fuisse
1138 530 1555 592 praznuntiatum
1583 547 1743 607 atque
1768 554 1797 593 a
1840 540 2040 609 Spiritu

2148 542 2568 612 προτεθέσπιστο
2616 546 2709 598 καὶ
2757 544 3095 616 προελαλήθη
3148 546 3224 618 τῷ
3272 547 3571 621 Πνεύματι,
3621 553 3691 615 ὡς

494 599 843 669 praedictum,
902 607 1017 663 fore
1075 614 1331 673 nimirum
1382 631 1439 677 ut
1475 625 1579 680 sub
1624 599 1690 684 eo
1737 599 2051 686 nasceretur

491 686 762 761 Christus,
809 698 901 766 qui
934 699 1164 761 humana
1212 722 1404 769 cuncta
1438 731 1597 786 regna
1632 720 1955 788 destrueret,
1996 732 2050 779 et

490 974 577 1015 me
610 977 982 1035 argumentum
1025 975 1345 1037 habuerunt.

561 1053 1019 1121 Quemadmodum
1075 1068 1203 1124 olim
1254 1071 1480 1145 Egyptt
1520 1078 1750 1151 principi
1785 1083 2048 1154 interpres

490 1157 820 1215 somniorum
857 1166 1066 1220 exstitit
1109 1169 1330 1240 Ioseph,
1366 1173 1437 1226 ita
1465 1173 1651 1228 Daniel
1675 1174 2045 1230 Chaldaeorum

486 1244 813 1307 dominatori
880 1254 1416 1319 Nabuchodonosoro
1492 1264 1665 1320 visum
1732 1268 2040 1323 declaravit.

485 1335 690 1410 Nempe
735 1344 878 1413 quod
923 1356 1099 1405 statua
1134 1352 1186 1406 iu
1231 1355 1434 1411 somnis
1480 1356 1581 1426 ipsi
1605 1366 1845 1426 ostensa,
1895 1359 2047 1429 cujus

485 1440 647 1497 caput
696 1447 948 1502 aureum,
997 1449 1181 1508 pectus
1220 1454 1575 1513 argenteum,
1616 1457 1805 1503 venter
1840 1463 2044 1513 aeneus,

486 1520 651 1608 pedes
693 1521 875 1592 ferrei,
919 1537 1155 1596 quatuor
1214 1534 1440 1603 imperia
1497 1536 1849 1607 signiﬁcaret.
1926 1539 2047 1608 lpse

486 1607 701 1674 quidem
731 1624 894 1682 caput
920 1631 1161 1684 aureum,
1192 1633 1410 1691 propter
1438 1637 1569 1691 opes
1599 1625 1864 1680 maximas
1885 1607 2047 1697 atque

485 1701 707 1760 delicias
733 1722 918 1777 regum
948 1711 1384 1785 Assyriacorum.
1442 1715 1692 1787 Magnum
1723 1728 1905 1773 autem
1940 1719 2046 1773 l'uit

484 1792 822 1867 Assyriorum
872 1802 1177 1872 imperium,
1210 1807 1335 1876 quia
1370 1808 1541 1862 tenuit
1580 1807 1899 1880 IEgyptum,
1948 1809 2041 1865 Li-

482 1884 663 1956 byam,
693 1897 747 1945 et
782 1891 1085 1951 universam
1124 1895 1334 1962 Asiam,
1374 1910 1429 1953 et
1466 1914 1637 1968 usque
1684 1900 1751 1953 ad
1791 1899 2040 1956 ludorum
2074 1886 2118 1946 Β

485 1978 754 2046 regionem
782 1981 914 2039 lines
943 1986 1162 2054 protulit
1198 2004 1211 2039 :
1247 1989 1551 2059 mansitque
1581 1989 1755 2061 longis
1777 2005 2042 2046 annorum

483 2069 745 2140 periodis;
784 2090 906 2129 nam
948 2088 1107 2146 capto
1142 2094 1172 2132 a
1208 2079 1513 2137 Nembrodo
1553 2081 1730 2147 initio,
1775 2097 1949 2152 usque
1977 2084 2044 2138 ad

482 2154 1060 2221 Nabuchodonosorum
1107 2168 1324 2223 devenit
1371 2184 1385 2221 :
1434 2184 1609 2240 neque
1645 2180 1805 2227 antea
1864 2172 2040 2239 desiit,

481 2261 638 2316 quam
678 2252 763 2307 ille
788 2253 883 2309 Dei
918 2258 1116 2326 templo
1156 2260 1649 2331 llierosolymitano
1689 2278 1878 2320 manus
1907 2265 2045 2335 inje-

479 2345 578 2398 cit.
617 2345 728 2401 lloc
749 2356 894 2405 enim
927 2362 1142 2421 patrato
1179 2354 1445 2424 facinore,
1492 2359 1678 2414 statim
1715 2360 1849 2416 Medi
1878 2368 2044 2432 Assy-

480 2435 682 2490 riorum
727 2439 1011 2510 imperium
1056 2446 1451 2515 dissolverunt;
1504 2450 1824 2521 primusque
1869 2454 2043 2523 Cyrus

479 2528 546 2581 ad
590 2527 782 2586 Persas
827 2536 1105 2591 transtulit
1158 2548 1518 2607 potentatum.
1588 2540 1820 2598 Secundi
1882 2545 2043 2613 igitur

478 2630 600 2689 post
623 2622 874 2695 Assyrios
900 2627 1079 2684 Persae
1113 2632 1234 2686 orbi
1283 2632 1660 2703 imperitarunt
1683 2636 1963 2704 splendide
1987 2647 2042 2690 et

480 2709 672 2782 insigni
705 2731 827 2770 cum
863 2718 1033 2788 gloria
1067 2737 1081 2773 :
1110 2738 1271 2790 quam
1306 2739 1417 2778 rem
1456 2725 1833 2795 signiﬁcabant
1859 2738 2041 2797 partes

478 2805 727 2861 secunda:
788 2807 840 2862 in
896 2818 1095 2876 statua,
1152 2827 1376 2883 argento
1434 2826 1762 2874 constantes.
1825 2819 2040 2876 Tertius

479 2908 607 2950 vero
628 2901 1011 2966 superveniens
1040 2903 1348 2963 Alexander
1375 2907 1593 2965 Macedo
1630 2911 1888 2980 pugnavit
1917 2926 2037 2966 cum

476 2984 638 3042 Persa
668 2988 849 3057 Dario,
887 3006 1060 3063 eoque
1092 2996 1256 3065 victo,
1289 2999 1576 3070 imperium
1617 3004 1682 3057 ad
1714 3002 2040 3061 Macedones

476 3075 708 3133 devolvit
739 3096 754 3133 :
787 3082 952 3152 hique
978 3086 1229 3152 gentibus
1267 3089 1477 3144 cunctis
1506 3090 1663 3159 potiti
1692 3100 1838 3156 sunt,
1893 3094 2037 3148 tertii

476 3178 598 3235 post
626 3171 847 3237 primos.
873 3174 1263 3244 Signiﬁcabant
1299 3188 1480 3234 autem
1529 3181 1628 3235 hos
1656 3197 1894 3251 quoque,
1931 3193 2038 3238 ter-

477 3260 565 3314 tiae
611 3271 803 3319 statua:
837 3276 1022 3336 partes
1057 3282 1123 3323 ex
1171 3282 1277 3325 tere
1306 3288 1320 3323 :
1352 3280 1437 3326 est
1477 3271 1620 3326 enim
1669 3272 1784 3328 haec
1814 3275 2039 3331 materia

475 3354 632 3411 valde
668 3360 889 3428 vocalis,
921 3372 976 3417 et
1034 3363 1193 3434 longe
1245 3364 1458 3434 lateque
1508 3381 1790 3423 rescuans.
1846 3368 2041 3439 Hujus-

476 3446 619 3501 modi
650 3448 749 3503 fuit
786 3450 1135 3508 Macedonum
1184 3456 1490 3523 imperium,
1554 3457 1649 3525 qui
1686 3457 1855 3513 Graeci
1885 3467 2041 3514 erant

474 3546 528 3591 et
556 3538 827 3596 idiomatis
854 3545 1243 3612 exquisitioris.
1285 3546 1415 3601 Post
1449 3548 1563 3602 hrec
1592 3548 1829 3604 ferreum
1871 3551 2038 3607 deno-

478 3630 688 3685 tabatur
713 3632 1024 3701 imperium,
1055 3635 1310 3703 validum,
1339 3648 1395 3693 et
1434 3653 1603 3709 super
1650 3642 1826 3695 omnia
1855 3642 2036 3712 priora

476 3719 830 3778 fortissimum
865 3740 1028 3780 :nam
1054 3736 1109 3782 et
1133 3726 1259 3782 ferri
1287 3740 1479 3784 natura
1515 3730 1754 3801 reliquas
1782 3736 2040 3791 materias

474 3814 773 3884 propellere
812 3824 867 3873 et
908 3832 1166 3887 superare
1210 3820 1368 3875 solet.
1414 3820 1700 3888 Quodnam
1754 3839 1884 3879 vero
1933 3826 2037 3881 hoc

476 3914 579 3969 est,
612 3908 713 3961 nisi
743 3908 1106 3965 Romanorum
1153 3913 1457 3982 imperium,
1505 3915 1647 3983 quod
1696 3916 2039 3974 Macedonico

476 3999 770 4053 successit?
819 4000 929 4055 Sub
966 4002 1067 4057 hoc
1092 4002 1268 4059 ferreo
1296 4005 1521 4074 imperio
1570 4006 1821 4062 Christus
1854 4010 2037 4065 nasci-

474 4097 581 4153 tur,
619 4088 749 4158 lapis
774 4091 837 4146 de
868 4102 1048 4149 monte
1076 4109 1175 4149 nec
1202 4096 1352 4151 ferro
1386 4112 1487 4151 nec
1519 4099 1768 4154 manibus
1791 4102 2033 4157 excisus.

475 4174 599 4232 llaec
639 4195 767 4235 vero
816 4182 1041 4252 imperia
1106 4186 1207 4239 sub
1263 4188 1589 4257 imaginibus
1640 4190 2034 4245 irrationalium

475 4283 845 4341 smvarumque
872 4274 1113 4330 ferarum
1146 4288 1364 4334 ostensa
1400 4282 1673 4350 pmphetae
1707 4282 1945 4336 fuerunt.

2150 635 2270 686 κατ’
2300 634 2466 705 αὐτὴν
2503 634 2780 705 μέλλοντος
2807 635 3130 707 γεννηθῆναι
3159 638 3417 718 Χριστοῦζ
3435 640 3491 703 ὃς
3513 641 3685 713 ἔμελλε

2149 728 2327 789 πάσας
2358 727 2456 792 τὰς
2497 731 2555 782 ἐν
2599 729 2906 801 ἀνθρώποις
2956 732 3227 802 βασιλείας
3270 731 3566 803 καθαιρεῖν,
3603 735 3689 787 καὶ

2145 819 2246 888 τὴν
2287 819 2423 873 ἰδίαν
2481 819 2849 875 ἀποδεικνύειν
2897 822 3064 895 μόνην
3118 822 3332 876 πάντων
3378 822 3685 893 κρατοῦσαν,

2022 931 2050 947 ·
2147 913 2242 965 καὶ
2267 912 2419 975 τέλος
2458 913 2559 966 οὐκ
2589 914 2995 986 ἐπιδεχομένην.
3028 914 3111 967 Τά
3137 931 3201 983 γε
3238 915 3343 985 μὴν
3380 913 3474 966 τοῦ
3511 913 3687 984 ἀνδρὸς

2145 1002 2254 1056 τῶν
2285 1003 2586 1075 ἐπιθυμιῶν
2617 1003 2956 1076 θεσπίσματα
2977 1001 3080 1060 ὧδέ
3106 1023 3181 1077 πη
3214 1003 3355 1075 εἶχεν
3378 1004 3685 1067 ὑποθέσεως.

2219 1095 2425 1166 Ὥσπερ
2468 1096 2599 1149 ποτὲ
2644 1095 2722 1167 τῷ
2761 1097 2863 1168 τῆς
2883 1097 3157 1166 Αἰγύπτου
3190 1096 3408 1168 ἄρχοντι
3438 1095 3689 1167 ἑρμηνεὺς

2146 1186 2252 1239 τῶν
2281 1186 2616 1258 τεθεαμένων
2642 1190 2702 1241 ὲν
2742 1188 2928 1252 ῦπνοις
2958 1188 3193 1258 κατέστη
3220 1188 3249 1240 ὁ
3291 1185 3505 1256 Ἰωσὴφ,
3534 1185 3689 1249 οῦτως

2146 1277 2173 1328 ὁ
2206 1275 2402 1345 Δανιὴλ
2430 1274 2507 1347 τῷ
2535 1275 2814 1329 Χαλδαίων
2852 1277 3071 1347 ἄρχοντι
3114 1273 3579 1344 Ναϐουχοδονόσορ
3602 1272 3691 1343 τὴν

2146 1366 2265 1436 ὄψιν
2305 1367 2576 1437 διασαφεῖ,
2619 1369 2695 1431 ὠς
2732 1368 2841 1440 ἄρα
2872 1370 2906 1439 ὴ
2953 1367 3112 1421 εἰκὼν
3154 1367 3294 1421 κατά
3336 1366 3464 1428 τοὺς
3509 1364 3690 1427 ὕπνους

2146 1459 2294 1531 αύτῷ
2335 1459 2581 1531 ὀφθεῖσα,
2613 1455 2679 1533 ἧς
2726 1462 2760 1531 ἡ
2802 1460 3009 1530 κεφαλὴ
3062 1458 3259 1531 χρυσῆ,
3305 1458 3367 1512 τὸ
3409 1457 3467 1511 δὲ
3515 1456 3692 1527 στῆθος
3764 1480 3780 1493 -

2144 1552 2433 1627 ἀργύρεον,
2478 1554 2512 1624 ἠ
2549 1553 2606 1607 δὲ
2636 1553 2809 1607 κοιλία
2837 1552 3030 1623 χαλκῆ,
3069 1552 3163 1605 καὶ
3193 1552 3243 1604 οἱ
3288 1550 3448 1612 πόδες
3482 1547 3691 1619 σιδηροῖ,

2144 1644 2411 1715 τέσσαρας
2453 1644 2600 1715 δηλοῖ
2641 1644 2939 1714 βασιλείας·
2977 1643 3137 1706 αὐτὸς
3168 1643 3263 1713 μὲν
3303 1642 3450 1695 ἔστιν
3476 1641 3509 1710 ἠ
3534 1639 3692 1711 χρυσῆ

2146 1734 2351 1805 κεφαλὴ
2382 1733 2471 1787 διὰ
2497 1734 2558 1787 τὸ
2591 1732 2956 1805 βαθύπλουτον
2985 1732 3077 1786 καὶ
3108 1730 3380 1803 τρυφηλὺν
3410 1729 3517 1783 τῶν
3554 1727 3693 1801 παρά

2159 1826 2458 1896 Ἀσσυρίοις
2504 1824 2976 1895 βεϐασιλευκότων.
3021 1821 3245 1892 Μεγάλη
3290 1821 3348 1874 δὲ
3382 1820 3476 1874 καὶ
3502 1818 3689 1890 αῦτηή

2143 1914 2253 1969 τῶν
2313 1916 2612 1986 Ἀσσυρίων
2663 1914 2935 1985 βασιλεία·
2970 1914 3231 1983 κατέσχον
3275 1913 3385 1984 γὰρ
3434 1912 3691 1981 Αἰγύπτου

2144 2006 2238 2059 καὶ
2265 2004 2471 2077 Λιϐύης
2509 2006 2690 2069 Ἀσίας
2723 2024 2784 2059 τε
2828 2006 3029 2076 πάσης,
3058 2004 3269 2074 διῆλθόν
3305 2020 3365 2056 τε
3408 2004 3501 2057 καὶ
3547 2002 3694 2074 μέχρι

2142 2096 2242 2165 τῆς
2290 2095 2465 2149 Ἰνδῶν
2516 2096 2838 2166 οἰκουμένης
2861 2112 2875 2126 ·
2913 2094 3165 2165 διήρκεσέ
3201 2110 3261 2146 τε
3305 2095 3540 2164 μακραῖς
3570 2093 3694 2146 ἑτῶν

2143 2187 2431 2259 περιόδοις,
2463 2185 2742 2258 ἀρξαμένη
2781 2186 2879 2254 μὲν
2918 2184 3025 2238 ἀπὸ
3053 2183 3146 2237 τοῦ
3175 2182 3423 2254 Νεϐρὼδ,
3455 2184 3695 2255 παρατεί-

2140 2296 2275 2333 νασα
2317 2278 2374 2331 δὲ
2414 2278 2508 2331 ἐπὶ
2557 2278 2647 2330 τὸν
2690 2274 3190 2347 Ναϐουχοδονόσορο
3224 2274 3285 2328 ού
3341 2275 3596 2348 πρότερον
3644 2274 3693 2328 δὲ

2141 2370 2470 2441 ἀπεσϐέσθη,
2506 2370 2539 2440 ἦ
2570 2372 2757 2441 χεῖρας
2804 2369 2897 2422 ἐπὶ
2931 2370 3022 2422 τὸν
3061 2370 3119 2421 ὲν
3160 2367 3547 2440 Ἰεροσολύμοις
3573 2366 3694 2420 νεὼν

2138 2463 2233 2517 τοῦ
2267 2461 2405 2516 Θεοῦ
2443 2461 2642 2533 βαλεῖν.
2678 2460 2878 2514 Τούτου
2916 2460 3026 2531 γὰρ
3058 2460 3372 2530 γενομένου,
3403 2460 3571 2531 Μῆδοι
3600 2476 3693 2511 πα-

2142 2552 2403 2624 ραχρῆμα
2455 2551 2554 2623 τὴν
2624 2550 2921 2622 Ἀσσυρίων
2977 2549 3151 2621 ἀρχὴν
3205 2548 3590 2602 καταλύουσιν·
3627 2541 3693 2600 ὧν

2139 2642 2354 2715 πρῶτος
2386 2642 2567 2714 Κῦρος
2610 2644 2690 2706 είς
2719 2642 2935 2714 Πέρσας
2968 2640 3335 2712 μετεστήσατο
3380 2640 3479 2711 τὴν
3510 2641 3693 2710 ἠγεμο-

2138 2734 2277 2789 νίαν.
2312 2734 2423 2788 Καὶ
2464 2734 2522 2788 δὲ
2552 2733 2790 2803 δεύτεροι
2837 2731 2974 2804 μετὰ
3008 2730 3325 2801 Ἀσσυρίους
3372 2731 3569 2803 Πέρσαι
3605 2728 3694 2800 τῆς

2137 2825 2460 2896 οἰκουμένης
2491 2824 2731 2895 ἐπῆρξαν
2754 2823 3108 2896 λαμπρότατα
3134 2823 3228 2877 καὶ
3259 2822 3530 2891 διαφανῶς
3549 2839 3561 2852 ⁵
3584 2821 3610 2874 ὃ
3634 2820 3692 2890 δὴ

2138 2919 2231 2972 καὶ
2256 2916 2445 2988 ἐδήλου
2476 2916 2545 2970 τὰ
2575 2916 2801 2988 δεύτερα
2840 2916 2980 2988 μέρη
3014 2917 3113 2987 τῆς
3145 2916 3351 2979 εἰκόνος
3382 2914 3438 2981 ἐξ
3470 2914 3692 2983 ἀργύρου

2138 3009 2498 3082 πεποιημένα.
2526 3009 2717 3081 Τρίτος
2752 3008 2809 3061 δὲ
2837 3006 3073 3062 ἐπελθὼν
3100 3005 3444 3077 Ἀλέξανδρος
3472 3008 3499 3059 ό
3526 3007 3694 3058 Μακε-

2136 3103 2239 3156 δὼν
2271 3100 2564 3173 συμϐάλλει
2600 3099 2699 3171 μὲν
2730 3098 2807 3169 τῷ
2844 3099 3027 3171 Πέρση
3061 3098 3290 3169 Δαρείῳ’
3324 3096 3462 3151 ἐλὼν
3502 3097 3555 3149 δὲ
3581 3095 3691 3147 τοῦ·

2140 3213 2251 3258 τον,
2284 3193 2383 3265 τὴν
2409 3192 2580 3264 ἀρχὴν
2608 3192 2688 3254 είς
2701 3190 3015 3253 Μακεδόνας
3045 3190 3436 3261 μετεστήσατοο
3462 3188 3551 3241 καὶ
3572 3204 3694 3257 κρα-

2142 3287 2323 3341 τοῦσιν
2358 3280 2501 3339 οὗτοι
2549 3282 2657 3337 τῶν
2705 3282 2874 3335 ἐθνῶν
2915 3282 3168 3336 ἁπάντων
3203 3280 3377 3353 τρίτοι
3425 3280 3558 3351 μετὰ
3581 3279 3692 3341 τοὺς

2142 3378 2408 3451 πρώτους.
2473 3376 2763 3447 Ἐσήμαινε
2816 3374 2871 3428 δὲ
2908 3374 3015 3445 ἄρα
3062 3374 3156 3427 καὶ
3210 3373 3432 3438 τούτους
3464 3372 3531 3425 τὰ
3553 3373 3693 3442 τρίτα

2144 3470 2282 3542 μέρη
2321 3469 2419 3538 τῆς
2448 3466 2655 3529 εἰκόνος
2686 3464 2776 3519 διὰ
2804 3464 2896 3519 τοῦ
2925 3463 3154 3535 χαλκοῦ’
3182 3463 3422 3534 εὔφωνος
3443 3464 3544 3534 γὰρ
3570 3462 3689 3530 αῦτη

2140 3561 2173 3629 ή
2203 3557 2301 3626 ῦλη
2337 3556 2430 3610 καὶ
2471 3554 2685 3626 μακρὰν
2712 3556 2865 3626 ἠχεῖν
2894 3554 3180 3624 δυναμένη.
3215 3554 3452 3624 Τοιαύτη
3480 3553 3535 3607 δέ
3562 3551 3689 3620 τιςή

2139 3650 2245 3703 τῶν
2277 3646 2601 3702 Μακεδόνων
2640 3645 2925 3718 ἡγεμονία,
2967 3644 3232 3714 Ἐλλήνων
3262 3644 3430 3698 ὄντων
3468 3644 3558 3697 καὶ
3603 3641 3692 3711 τὴν

2139 3738 2383 3808 γλῶτταν
2410 3737 2813 3807 λογικωτέρων’
2855 3735 2947 3788 ἐπὶ
2987 3735 3043 3789 δὲ
3087 3734 3295 3800 τούτοις
3335 3735 3434 3807 τὴν
3464 3735 3689 3803 σιδήρεον

2139 3830 2358 3902 ᾐνίξατο
2387 3829 2683 3900 βασιλείαν,
2714 3826 2981 3898 κραταιὰν
3022 3826 3114 3879 καὶ
3158 3827 3518 3898 διαφερόντως
3553 3818 3692 3892 παρά

2142 3922 2320 3984 πάσας
2366 3921 2465 3982 τὰς
2507 3919 2611 3990 πρὸ
2640 3918 2807 3988 αὐτῆς
2852 3918 3203 3988 ἰσχυροτάτην
3225 3935 3239 3947 °
3274 3919 3399 3972 ἐπεὶ
3430 3918 3520 3971 καὶ
3545 3917 3576 3986 ἡ
3606 3910 3686 3963 τοῦ

2140 4011 2357 4081 σιδήρου
2394 4010 2621 4079 δύναμις
2667 4008 2907 4060 ἐλαύνειν
2952 4008 3043 4061 καὶ
3087 4008 3346 4078 δαμάζειν
3388 4008 3483 4069 τὰς
3515 4001 3689 4064 λοιπὰς

2140 4104 2271 4167 ὕλας
2294 4101 2453 4171 φύσιν
2476 4102 2606 4171 ἔχει.
2638 4101 2733 4164 Τίς
2758 4100 2816 4153 δὲ
2841 4099 3001 4170 αῦτη,
3025 4100 3058 4171 ἢ
3084 4101 3191 4153 τῶν
3228 4098 3512 4169 Ῥωμαίων
3540 4093 3685 4165 ἀρχὴ,

2135 4196 2235 4267 τῆς
2265 4193 2373 4248 τῶν
2410 4192 2732 4247 Μακεδόνων
2771 4194 3086 4245 καταστᾶσα
3118 4191 3387 4260 διάδοχος;
3436 4190 3491 4241 ἐν
3534 4185 3686 4253 ταύτῃ

2137 4290 2202 4358 τῇ
2235 4287 2427 4357 σιδηρᾷ
2450 4283 2693 4355 βασιλείᾳ
2713 4284 2943 4354 Χριστὸς
2962 4285 3235 4352 γεννᾶται,
3259 4284 3287 4336 ό
3306 4282 3532 4352 τμηθεὶς
3557 4278 3687 4339 λίθος

2136 4382 2194 4447 ἐξ
2221 4379 2396 4449 ὅρους,
2417 4377 2476 4430 ού
2501 4376 2723 4447 σιδήρῳ,
2743 4376 2854 4429 ἀλλ’
2877 4376 3003 4429 ἄνευ
3030 4373 3244 4445 χειρῶν·
3270 4374 3348 4443 τῷ
3372 4375 3428 4427 δὲ
3456 4371 3686 4443 προφήτῃ

2140 4468 2343 4539 θηρίων
2376 4465 2583 4533 ἀλόγων
2608 4482 2666 4517 τε
2693 4464 2788 4517 καὶ
2816 4464 3021 4533 ἀγρίων
3056 4464 3112 4514 ὲν
3149 4464 3382 4532 μορφαῖς
3412 4458 3682 4513 ἐδείκνυτο.

543 4543 695 4600 Sicut
736 4561 869 4601 auro
906 4546 1250 4618 Assyriorum
1301 4567 1431 4623 opes
1463 4557 1896 4623 repraesentavit,
1954 4558 2031 4615 sic

2183 4558 2527 4630 (ΟΟὝὩσπερ
2546 4555 2724 4625 μέντοι
2737 4555 2822 4609 διὰ
2836 4553 2929 4606 τοῦ
2943 4552 3138 4627 χρυσοῦ
3150 4552 3208 4604 τὸ
3221 4551 3576 4622 βαθύπλουτον

472 4636 638 4693 Ιοωηο
666 4638 1028 4694 clfeminatam
1062 4643 1273 4699 illorum
1319 4646 1641 4715 mollemque
1671 4648 1836 4702 vitam
1869 4651 2038 4707 dcno~

474 4727 627 4782 tavit.
662 4729 945 4787 Persarum
976 4749 1104 4789 vero
1138 4738 1447 4791 tarditatem
1478 4746 1533 4791 et
1566 4739 1777 4807 pondus
1825 4756 1921 4810 per
1950 4760 2041 4798 ur-

471 4835 607 4896 sam.
646 4822 933 4880 Pantherze
975 4827 1286 4896 pernicitati
1330 4828 1697 4884 Alexandrum
1758 4847 2040 4903 compara-

471 4913 568 4976 vit,
596 4926 815 4985 prapter
872 4918 1070 4975 indolis
1114 4920 1232 4991 ejus
1260 4936 1485 4975 acumen
1542 4930 1595 4975 et
1635 4924 2035 4980 mobilitatem:

475 5005 560 5056 hic
587 5006 730 5058 enim
763 5023 884 5062 cum
938 5011 1195 5065 tredecim
1247 5020 1300 5067 et
1360 5011 1575 5080 Quidcm
1609 5011 1749 5066 haud
1810 5015 2032 5085 integris

473 5096 629 5149 annis
684 5102 1015 5168 regnaverit,
1074 5102 1330 5155 mundum
1397 5102 1709 5157 universum
1758 5105 2031 5169 decurrit,

473 5186 707 5256 qualibet
735 5203 832 5245 ave
870 5190 1167 5256 volucrior,
1200 5192 1468 5261 Europam
1508 5209 1698 5264 nempe
1731 5205 1787 5248 et
1823 5195 2030 5262 Asiam,

473 5280 644 5341 donec
676 5285 847 5349 ipsum
892 5298 1154 5337 oceanum
1193 5285 1392 5347 attigit.
1424 5285 1652 5339 Romani
1685 5298 1867 5339 autem
1926 5286 2035 5339 Ma-

472 5372 707 5425 cedones
752 5372 983 5441 imperio
1013 5371 1405 5440 spoliaverunt,
1442 5385 1774 5442 postremum
1824 5372 2033 5427 illorum

472 5463 801 5532 deponentcs
856 5476 1032 5532 regem
1094 5463 1373 5518 Perseum.
1452 5464 1622 5535 Syros
1674 5477 1891 5532 quoque
1940 5478 2035 5532 per

471 5552 782 5624 Pompeium
836 5564 999 5625 atque
1059 5555 1350 5613 Gabinium
1408 5558 1573 5611 duces
1632 5556 2031 5624 suhjugaruut,

471 5646 763 5715 Asiamque
824 5660 917 5714 per
990 5648 1204 5703 eosdem
1258 5648 1669 5716 stipendiariam
1763 5645 2030 5701 fecerunt.

470 5765 593 5826 τοὺς
619 5764 780 5817 αὑτοῦ
810 5765 1117 5834 κατέγραψε
1158 5765 1373 5847 νόμους..
1401 5763 1502 5847 ἕαί
1534 5761 1814 5847 παρεδίδου
1832 5779 1908 5847 Λγε
1936 5762 2033 5847 την

471 5834 662 5903 κενὴν
687 5837 954 5905 Διαθήκην
980 5832 1253 5902 λογισμοῖς
1280 5834 1369 5886 καὶ
1398 5832 1651 5896 διανοίαις
1692 5832 2033 5899 κεκαθαρμὲ-

2150 4648 2444 4721 Ἀσσυρίων
2471 4646 2790 4717 παρίστατο,
2812 4645 2953 4698 οῦτω
2979 4644 3065 4697 διὰ
3092 4643 3193 4712 τῆς
3220 4641 3436 4710 λεαίνης
3458 4638 3516 4691 τὸ
3545 4635 3686 4703 τεθη-

2136 4744 2197 4796 λυ
2206 4742 2365 4811 μένον
2392 4738 2569 4792 αὐτῶν
2595 4737 2688 4790 καὶ
2713 4734 2909 4805 χαῦνον
2940 4734 3190 4804 ἐδηλοῦτο
3208 4750 3221 4763 ’
3247 4732 3308 4785 τὸ
3329 4732 3384 4784 δὲ
3408 4728 3566 4800 βραδὺ
3590 4723 3685 4776 τῶν

2134 4832 2359 4904 Περσῶν
2391 4829 2485 4882 καὶ
2499 4827 2835 4895 δυσκίνητον,
2857 4826 2943 4878 διὰ
2972 4824 3070 4895 τῆς
3102 4825 3271 4895 ἄρκου
3291 4838 3303 4851 ·
3362 4814 3683 4917 παρδάλει

2134 4924 2384 4996 πτερωτῇ
2420 4920 2512 4974 τὸν
2571 4917 2913 4987 Ἀλέξανδρον
2948 4916 3226 4985 ἀφωμοίου
3256 4914 3343 4967 διὰ
3370 4913 3429 4965 τὸ
3460 4911 3551 4980 τῆς
3592 4911 3682 4996 φύτ-

2137 4992 2271 5072 σεως
2302 5008 2394 5071 όξῦ
2430 5006 2523 5058 καὶ
2569 5003 2873 5073 εὐκίνητον·
2906 5003 3012 5055 οὐδ’
3042 5002 3182 5066 ὅλοις
3214 5000 3344 5070 γοῦν
3373 5000 3514 5052 ἔτεσι
3549 4992 3682 5064 τρισὶ

2136 5100 2228 5151 καὶ
2260 5099 2391 5151 δέκα
2441 5095 2536 5167 τὴν
2578 5096 2752 5166 ἀρχὴν
2799 5095 3195 5165 ἐπικρατήσας,
3242 5091 3337 5163 τὴν
3380 5085 3680 5158 οἰκουμένην

2136 5187 2364 5259 ἐπῆλθεν
2399 5188 2638 5249 ἃπασαν,
2672 5182 2871 5245 παντὸς
2900 5183 3083 5249 ὀρνέου
3115 5182 3301 5235 θᾶττον
3327 5177 3563 5235 διαπτὰς.
3590 5170 3678 5223 Εὖ·-

2139 5278 2326 5349 ρὼπην
2369 5277 2502 5348 ὁμοῦ
2548 5276 2640 5328 καὶ
2683 5273 2887 5337 Ἀσίαν,
2935 5273 3011 5335 ὡς
3055 5273 3247 5344 μέχρις
3286 5272 3443 5359 αὑτοῦ
3491 5263 3676 5359 ψαῦσαι

2136 5366 2405 5420 ὠκεανοῦ·
2467 5366 2726 5433 Ῥωμαῖοι
2775 5362 2831 5414 δὲ
2888 5363 3199 5425 Μακεδόνας
3244 5362 3337 5431 μὲν
3380 5356 3476 5427 τῆς
3518 5355 3674 5423 ἀρχῆς

2140 5459 2527 5530 ἀφαιροῦνται,
2581 5456 2809 5510 ὕστατον
2868 5454 3044 5508 αὐτῶν
3102 5451 3322 5523 βασιλέα
3385 5444 3676 5516 καθελόντες

2140 5529 2384 5623 Περσέα·
2434 5549 2637 5619 Σύρους
2684 5548 2743 5602 δὲ
2789 5548 3141 5600 ὑποτάττουσι
3181 5546 3267 5598 διὰ
3303 5540 3572 5612 Πομπηΐου
3593 5529 3673 5634 καὶ

2140 5643 2389 5697 Γαϐινίου
2420 5639 2757 5711 στρατηγῶν,
2792 5641 2889 5711 τήν
2920 5656 2977 5692 τε
3023 5637 3204 5691 Ἀσίαν
3222 5635 3436 5708 ¹ἑλόντες
3469 5628 3548 5683 διὰ
3578 5628 3674 5677 τῶν

2142 5779 2272 5821 ναις.

2213 5820 2354 5897 (90⁸)
2386 5828 2515 5884 Cod.
2551 5829 2608 5881 Α,
2644 5828 2680 5883 ί.
2714 5825 2797 5891 Η,
2825 5827 2879 5881 b.
2906 5825 3039 5879 Cod.
3066 5822 3126 5877 E.
3160 5821 3193 5876 Γ.
3228 5820 3316 5875 65.
