  <div class='ocr_page' id='page_1' title='image "/cluster/home/n/w/nwhite01/storage/ocr_20150623/24/hvd.32044019207729/346.png"; bbox 0 0 4008 6512; ppageno 0'>
   <div class='ocr_carea' id='block_1_1' title="bbox 293 409 388 468">
    <p class='ocr_par' dir='ltr' id='par_1_1' title="bbox 293 409 388 468">
     <span class='ocr_line' id='line_1_1' title="bbox 293 409 388 468; baseline 0.021 -2"><span class='ocrx_word' id='word_1_1' title='bbox 293 409 388 468; x_wconf 73' lang='grc'><strong>661</strong></span> 
     </span>
    </p>
   </div>
   <div class='ocr_carea' id='block_1_2' title="bbox 1623 410 2211 471">
    <p class='ocr_par' dir='ltr' id='par_1_2' title="bbox 1623 410 2211 471">
     <span class='ocr_line' id='line_1_2' title="bbox 1623 410 2211 471; baseline 0.009 -6"><span class='ocrx_word' id='word_1_2' title='bbox 1623 410 1711 465; x_wconf 85' lang='lat' dir='ltr'><strong>DE</strong></span> <span class='ocrx_word' id='word_1_3' title='bbox 1748 410 2211 471; x_wconf 72' lang='lat' dir='ltr'><strong>THEOPIIANIA.</strong></span> 
     </span>
    </p>
   </div>
   <div class='ocr_carea' id='block_1_3' title="bbox 3411 418 3512 475">
    <p class='ocr_par' dir='ltr' id='par_1_3' title="bbox 3411 418 3512 475">
     <span class='ocr_line' id='line_1_3' title="bbox 3411 418 3512 475; baseline -0.03 0"><span class='ocrx_word' id='word_1_4' title='bbox 3411 418 3512 475; x_wconf 70' lang='lat'><strong>669</strong></span> 
     </span>
    </p>
   </div>
   <div class='ocr_carea' id='block_1_4' title="bbox 290 527 1875 604">
    <p class='ocr_par' dir='ltr' id='par_1_4' title="bbox 290 527 1860 599">
     <span class='ocr_line' id='line_1_4' title="bbox 290 527 1860 599; baseline 0 -16"><span class='ocrx_word' id='word_1_5' title='bbox 290 528 491 594; x_wconf 81' lang='grc' dir='ltr'>αὐτῶν,</span> <span class='ocrx_word' id='word_1_6' title='bbox 519 527 819 599; x_wconf 81' lang='grc' dir='ltr'>ὑποχείριον</span> <span class='ocrx_word' id='word_1_7' title='bbox 854 528 1200 599; x_wconf 78' lang='grc' dir='ltr'>ἐποιήσαντο·</span> <span class='ocrx_word' id='word_1_8' title='bbox 1251 530 1343 582; x_wconf 71' lang='grc' dir='ltr'><strong>καὶ</strong></span> <span class='ocrx_word' id='word_1_9' title='bbox 1371 528 1462 581; x_wconf 75' lang='grc' dir='ltr'><strong>ἐπὶ</strong></span> <span class='ocrx_word' id='word_1_10' title='bbox 1494 531 1657 583; x_wconf 82' lang='grc' dir='ltr'>πᾶσιν</span> <span class='ocrx_word' id='word_1_11' title='bbox 1694 530 1860 583; x_wconf 54' lang='lat' dir='ltr'><strong>bat-du</strong></span> 
     </span>
    </p>
   </div>
   <div class='ocr_carea' id='block_1_5' title="bbox 1979 527 3512 604">
    <p class='ocr_par' dir='ltr' id='par_1_5' title="bbox 1979 533 3512 604">
     <span class='ocr_line' id='line_1_5' title="bbox 1979 533 3512 604; baseline -0.001 -18"><span class='ocrx_word' id='word_1_12' title='bbox 1979 533 2295 588; x_wconf 77' lang='lat' dir='ltr'><strong>Postremum</strong></span> <span class='ocrx_word' id='word_1_13' title='bbox 2343 534 2584 589; x_wconf 91' lang='lat' dir='ltr'><strong>omnium</strong></span> <span class='ocrx_word' id='word_1_14' title='bbox 2637 534 2978 604; x_wconf 80' lang='lat' dir='ltr'><strong>Cleopatram</strong></span> <span class='ocrx_word' id='word_1_15' title='bbox 3021 534 3163 603; x_wconf 87' lang='lat' dir='ltr'><strong>cepit</strong></span> <span class='ocrx_word' id='word_1_16' title='bbox 3218 533 3512 601; x_wconf 82' lang='lat' dir='ltr'><strong>Angustus,</strong></span> 
     </span>
    </p>
   </div>
   <div class='ocr_carea' id='block_1_6' title="bbox 288 613 1860 692">
    <p class='ocr_par' dir='ltr' id='par_1_6' title="bbox 288 613 1860 692">
     <span class='ocr_line' id='line_1_6' title="bbox 288 613 1860 692; baseline 0.001 -20"><span class='ocrx_word' id='word_1_17' title='bbox 288 637 388 691; x_wconf 81' lang='grc' dir='ltr'><strong>την</strong></span> <span class='ocrx_word' id='word_1_18' title='bbox 428 620 684 673; x_wconf 82' lang='grc' dir='ltr'>ἁπάντων</span> <span class='ocrx_word' id='word_1_19' title='bbox 727 618 1079 690; x_wconf 76' lang='grc' dir='ltr'><strong>Κλεοπάτραν</strong></span> <span class='ocrx_word' id='word_1_20' title='bbox 1110 613 1252 672; x_wconf 79' lang='grc' dir='ltr'>εἷλεν</span> <span class='ocrx_word' id='word_1_21' title='bbox 1284 619 1612 688; x_wconf 75' lang='grc' dir='ltr'><strong>Αὔγουστος,</strong></span> <span class='ocrx_word' id='word_1_22' title='bbox 1654 620 1860 692; x_wconf 82' lang='grc' dir='ltr'>κρατή-</span> 
     </span>
    </p>
   </div>
   <div class='ocr_carea' id='block_1_7' title="bbox 291 710 1861 781">
    <p class='ocr_par' dir='ltr' id='par_1_7' title="bbox 291 710 1861 781">
     <span class='ocr_line' id='line_1_7' title="bbox 291 710 1861 781; baseline -0.001 -15"><span class='ocrx_word' id='word_1_23' title='bbox 291 728 388 775; x_wconf 85' lang='grc' dir='ltr'><strong>σας</strong></span> <span class='ocrx_word' id='word_1_24' title='bbox 417 710 689 779; x_wconf 81' lang='grc' dir='ltr'>Αίγύπτου</span> <span class='ocrx_word' id='word_1_25' title='bbox 723 711 816 763; x_wconf 76' lang='grc' dir='ltr'>καὶ</span> <span class='ocrx_word' id='word_1_26' title='bbox 861 710 1262 781; x_wconf 72' lang='grc' dir='ltr'><strong>Ἀλεξανδρείας</strong></span> <span class='ocrx_word' id='word_1_27' title='bbox 1295 710 1426 781; x_wconf 78' lang='lat' dir='ltr'><strong>(9l)&#39;</strong></span> <span class='ocrx_word' id='word_1_28' title='bbox 1458 711 1517 776; x_wconf 80' lang='grc' dir='ltr'>ἐξ</span> <span class='ocrx_word' id='word_1_29' title='bbox 1562 712 1768 765; x_wconf 79' lang='grc' dir='ltr'>ἐκείνου</span> <span class='ocrx_word' id='word_1_30' title='bbox 1802 730 1861 765; x_wconf 89' lang='grc' dir='ltr'><strong>τε</strong></span> 
     </span>
    </p>
   </div>
   <div class='ocr_carea' id='block_1_8' title="bbox 292 800 1862 874">
    <p class='ocr_par' dir='ltr' id='par_1_8' title="bbox 292 800 1862 874">
     <span class='ocr_line' id='line_1_8' title="bbox 292 800 1862 874; baseline -0.001 -18"><span class='ocrx_word' id='word_1_31' title='bbox 292 804 391 873; x_wconf 70' lang='grc' dir='ltr'>’ήδη</span> <span class='ocrx_word' id='word_1_32' title='bbox 424 802 651 855; x_wconf 78' lang='grc' dir='ltr'>καθόλου</span> <span class='ocrx_word' id='word_1_33' title='bbox 683 805 901 873; x_wconf 83' lang='grc' dir='ltr'><strong>κρατεῖν</strong></span> <span class='ocrx_word' id='word_1_34' title='bbox 927 800 1128 873; x_wconf 73' lang='grc' dir='ltr'>ἤρξατο</span> <span class='ocrx_word' id='word_1_35' title='bbox 1173 805 1207 874; x_wconf 88' lang='grc' dir='ltr'><strong>ή</strong></span> <span class='ocrx_word' id='word_1_36' title='bbox 1238 804 1470 874; x_wconf 76' lang='grc' dir='ltr'><strong>τετάρτη</strong></span> <span class='ocrx_word' id='word_1_37' title='bbox 1506 802 1768 872; x_wconf 86' lang='grc' dir='ltr'>βασιλεία,</span> <span class='ocrx_word' id='word_1_38' title='bbox 1795 804 1862 874; x_wconf 76' lang='grc' dir='ltr'>ἢν</span> 
     </span>
    </p>
   </div>
   <div class='ocr_carea' id='block_1_9' title="bbox 294 892 1863 964">
    <p class='ocr_par' dir='ltr' id='par_1_9' title="bbox 294 892 1863 964">
     <span class='ocr_line' id='line_1_9' title="bbox 294 892 1863 964; baseline 0.001 -19"><span class='ocrx_word' id='word_1_39' title='bbox 294 896 327 963; x_wconf 85' lang='grc' dir='ltr'><strong>ή</strong></span> <span class='ocrx_word' id='word_1_40' title='bbox 363 893 461 963; x_wconf 78' lang='grc' dir='ltr'>μὲν</span> <span class='ocrx_word' id='word_1_41' title='bbox 488 894 587 963; x_wconf 82' lang='grc' dir='ltr'><strong>τῆς</strong></span> <span class='ocrx_word' id='word_1_42' title='bbox 617 892 821 955; x_wconf 78' lang='grc' dir='ltr'><strong>εἰκόνος</strong></span> <span class='ocrx_word' id='word_1_43' title='bbox 846 892 966 961; x_wconf 68' lang='grc' dir='ltr'>ὄψις</span> <span class='ocrx_word' id='word_1_44' title='bbox 1000 892 1223 964; x_wconf 78' lang='grc' dir='ltr'><strong>σιδηρᾶν</strong></span> <span class='ocrx_word' id='word_1_45' title='bbox 1256 892 1557 963; x_wconf 84' lang='grc' dir='ltr'>ὠνόμασεν,</span> <span class='ocrx_word' id='word_1_46' title='bbox 1588 892 1663 957; x_wconf 88' lang='grc' dir='ltr'><strong>ώς</strong></span> <span class='ocrx_word' id='word_1_47' title='bbox 1688 894 1863 948; x_wconf 82' lang='grc' dir='ltr'>πάντα</span> 
     </span>
    </p>
   </div>
   <div class='ocr_carea' id='block_1_10' title="bbox 290 977 1862 1054">
    <p class='ocr_par' dir='ltr' id='par_1_10' title="bbox 290 977 1862 1054">
     <span class='ocr_line' id='line_1_10' title="bbox 290 977 1862 1054; baseline 0.003 -22"><span class='ocrx_word' id='word_1_48' title='bbox 290 977 640 1049; x_wconf 71' lang='grc' dir='ltr'>δομάζουσαν</span> <span class='ocrx_word' id='word_1_49' title='bbox 686 981 780 1033; x_wconf 76' lang='grc' dir='ltr'><strong>καὶ</strong></span> <span class='ocrx_word' id='word_1_50' title='bbox 817 978 1220 1034; x_wconf 78' lang='grc' dir='ltr'>λεπτύνουσανο</span> <span class='ocrx_word' id='word_1_51' title='bbox 1273 981 1308 1052; x_wconf 83' lang='grc' dir='ltr'><strong>ἡ</strong></span> <span class='ocrx_word' id='word_1_52' title='bbox 1343 981 1399 1033; x_wconf 82' lang='grc' dir='ltr'>δὲ</span> <span class='ocrx_word' id='word_1_53' title='bbox 1450 980 1545 1033; x_wconf 85' lang='grc' dir='ltr'><strong>τοῦ</strong></span> <span class='ocrx_word' id='word_1_54' title='bbox 1590 981 1862 1054; x_wconf 80' lang='grc' dir='ltr'>προφήτου</span> 
     </span>
    </p>
   </div>
   <div class='ocr_carea' id='block_1_11' title="bbox 292 1069 1863 1143">
    <p class='ocr_par' dir='ltr' id='par_1_11' title="bbox 292 1069 1863 1143">
     <span class='ocr_line' id='line_1_11' title="bbox 292 1069 1863 1143; baseline 0.002 -21"><span class='ocrx_word' id='word_1_55' title='bbox 292 1070 481 1141; x_wconf 81' lang='grc' dir='ltr'>ὅρασις</span> <span class='ocrx_word' id='word_1_56' title='bbox 513 1069 649 1135; x_wconf 81' lang='grc' dir='ltr'>ζῶον</span> <span class='ocrx_word' id='word_1_57' title='bbox 682 1069 913 1142; x_wconf 78' lang='grc' dir='ltr'>φοϐερὸν</span> <span class='ocrx_word' id='word_1_58' title='bbox 943 1071 1038 1124; x_wconf 82' lang='grc' dir='ltr'>καὶ</span> <span class='ocrx_word' id='word_1_59' title='bbox 1077 1070 1349 1141; x_wconf 74' lang='grc' dir='ltr'>ἐκθαμϐον</span> <span class='ocrx_word' id='word_1_60' title='bbox 1391 1072 1486 1123; x_wconf 74' lang='grc' dir='ltr'>καὶ</span> <span class='ocrx_word' id='word_1_61' title='bbox 1526 1072 1741 1143; x_wconf 77' lang='grc' dir='ltr'>ἰσχυρὸν</span> <span class='ocrx_word' id='word_1_62' title='bbox 1765 1088 1863 1125; x_wconf 85' lang='grc' dir='ltr'>πε-</span> 
     </span>
    </p>
   </div>
   <div class='ocr_carea' id='block_1_12' title="bbox 293 1160 1866 1234">
    <p class='ocr_par' dir='ltr' id='par_1_12' title="bbox 293 1160 1866 1234">
     <span class='ocr_line' id='line_1_12' title="bbox 293 1160 1866 1234; baseline 0.003 -22"><span class='ocrx_word' id='word_1_63' title='bbox 293 1160 497 1231; x_wconf 85' lang='grc' dir='ltr'>ρισσῶς</span> <span class='ocrx_word' id='word_1_64' title='bbox 519 1177 535 1192; x_wconf 86' lang='grc'><strong>·</strong></span> <span class='ocrx_word' id='word_1_65' title='bbox 572 1165 835 1232; x_wconf 88' lang='grc' dir='ltr'>μαρτυρεῖ</span> <span class='ocrx_word' id='word_1_66' title='bbox 864 1163 921 1217; x_wconf 81' lang='grc' dir='ltr'>δὲ</span> <span class='ocrx_word' id='word_1_67' title='bbox 962 1162 1039 1233; x_wconf 81' lang='grc' dir='ltr'>τῷ</span> <span class='ocrx_word' id='word_1_68' title='bbox 1070 1162 1214 1233; x_wconf 87' lang='grc' dir='ltr'>λόγῳ</span> <span class='ocrx_word' id='word_1_69' title='bbox 1251 1161 1320 1215; x_wconf 83' lang='grc' dir='ltr'>τὰ</span> <span class='ocrx_word' id='word_1_70' title='bbox 1362 1165 1463 1232; x_wconf 82' lang='grc' dir='ltr'>τῆς</span> <span class='ocrx_word' id='word_1_71' title='bbox 1512 1164 1866 1234; x_wconf 76' lang='grc' dir='ltr'>προρρήσεως</span> 
     </span>
    </p>
   </div>
   <div class='ocr_carea' id='block_1_13' title="bbox 290 1250 1867 1325">
    <p class='ocr_par' dir='ltr' id='par_1_13' title="bbox 290 1250 1867 1325">
     <span class='ocr_line' id='line_1_13' title="bbox 290 1250 1867 1325; baseline 0.003 -22"><span class='ocrx_word' id='word_1_72' title='bbox 290 1250 419 1322; x_wconf 82' lang='grc' dir='ltr'>τέλη</span> <span class='ocrx_word' id='word_1_73' title='bbox 439 1267 453 1281; x_wconf 89' lang='grc'><strong>·</strong></span> <span class='ocrx_word' id='word_1_74' title='bbox 494 1251 630 1321; x_wconf 89' lang='grc' dir='ltr'>μόνα</span> <span class='ocrx_word' id='word_1_75' title='bbox 656 1252 846 1323; x_wconf 89' lang='grc' dir='ltr'>γοῦνὴ</span> <span class='ocrx_word' id='word_1_76' title='bbox 890 1254 1176 1324; x_wconf 87' lang='grc' dir='ltr'>Ῥωμαίων</span> <span class='ocrx_word' id='word_1_77' title='bbox 1212 1253 1355 1325; x_wconf 83' lang='grc' dir='ltr'>ἁρχὴ</span> <span class='ocrx_word' id='word_1_78' title='bbox 1399 1252 1535 1324; x_wconf 84' lang='grc' dir='ltr'>ὁμοῦ</span> <span class='ocrx_word' id='word_1_79' title='bbox 1591 1253 1867 1325; x_wconf 77' lang='grc' dir='ltr'>δημοκραο</span> 
     </span>
    </p>
   </div>
   <div class='ocr_carea' id='block_1_14' title="bbox 292 1342 1868 1417">
    <p class='ocr_par' dir='ltr' id='par_1_14' title="bbox 292 1342 1868 1417">
     <span class='ocr_line' id='line_1_14' title="bbox 292 1342 1868 1417; baseline 0.002 -22"><span class='ocrx_word' id='word_1_80' title='bbox 292 1342 413 1405; x_wconf 84' lang='grc' dir='ltr'>τίας</span> <span class='ocrx_word' id='word_1_81' title='bbox 442 1342 536 1395; x_wconf 78' lang='grc' dir='ltr'>καὶ</span> <span class='ocrx_word' id='word_1_82' title='bbox 560 1343 859 1415; x_wconf 79' lang='grc' dir='ltr'>τοπαρχίας</span> <span class='ocrx_word' id='word_1_83' title='bbox 890 1362 950 1398; x_wconf 87' lang='grc' dir='ltr'><strong>τε</strong></span> <span class='ocrx_word' id='word_1_84' title='bbox 978 1345 1072 1398; x_wconf 77' lang='grc' dir='ltr'>καὶ</span> <span class='ocrx_word' id='word_1_85' title='bbox 1102 1344 1389 1417; x_wconf 78' lang='grc' dir='ltr'>ἐθναρχίας</span> <span class='ocrx_word' id='word_1_86' title='bbox 1423 1343 1635 1398; x_wconf 80' lang='grc' dir='ltr'>καθεῖλε</span> <span class='ocrx_word' id='word_1_87' title='bbox 1668 1345 1868 1412; x_wconf 65' lang='grc' dir='ltr'>τῶννὲξ</span> 
     </span>
    </p>
   </div>
   <div class='ocr_carea' id='block_1_15' title="bbox 220 1432 1868 1513">
    <p class='ocr_par' dir='ltr' id='par_1_15' title="bbox 220 1432 1868 1513">
     <span class='ocr_line' id='line_1_15' title="bbox 220 1432 1868 1513; baseline 0.002 -27"><span class='ocrx_word' id='word_1_88' title='bbox 220 1491 247 1513; x_wconf 61' lang='lat'><em>.</em></span> <span class='ocrx_word' id='word_1_89' title='bbox 294 1432 487 1498; x_wconf 81' lang='grc' dir='ltr'>αίῶνος</span> <span class='ocrx_word' id='word_1_90' title='bbox 517 1436 728 1507; x_wconf 80' lang='grc' dir='ltr'>μακροῦ</span> <span class='ocrx_word' id='word_1_91' title='bbox 763 1435 884 1489; x_wconf 73' lang='grc' dir='ltr'>καθ’</span> <span class='ocrx_word' id='word_1_92' title='bbox 918 1436 1143 1490; x_wconf 75' lang='grc' dir='ltr'>ἕκαστον</span> <span class='ocrx_word' id='word_1_93' title='bbox 1174 1436 1325 1501; x_wconf 77' lang='grc' dir='ltr'>ἔθνος</span> <span class='ocrx_word' id='word_1_94' title='bbox 1368 1437 1473 1491; x_wconf 76' lang='grc' dir='ltr'><strong>ὑπὸ</strong></span> <span class='ocrx_word' id='word_1_95' title='bbox 1518 1436 1738 1500; x_wconf 77' lang='grc' dir='ltr'>οἰκείοις</span> <span class='ocrx_word' id='word_1_96' title='bbox 1769 1436 1868 1508; x_wconf 81' lang='grc' dir='ltr'><strong>ἄρ-</strong></span> 
     </span>
    </p>
   </div>
   <div class='ocr_carea' id='block_1_16' title="bbox 294 1527 1868 1598">
    <p class='ocr_par' dir='ltr' id='par_1_16' title="bbox 294 1527 1868 1598">
     <span class='ocr_line' id='line_1_16' title="bbox 294 1527 1868 1598; baseline 0.002 -21"><span class='ocrx_word' id='word_1_97' title='bbox 294 1542 452 1595; x_wconf 86' lang='grc' dir='ltr'>χουσι</span> <span class='ocrx_word' id='word_1_98' title='bbox 490 1527 932 1598; x_wconf 82' lang='grc' dir='ltr'>τυραννουμένων</span> <span class='ocrx_word' id='word_1_99' title='bbox 950 1543 965 1558; x_wconf 88' lang='grc'><strong>·</strong></span> <span class='ocrx_word' id='word_1_100' title='bbox 1012 1527 1109 1582; x_wconf 78' lang='grc' dir='ltr'><strong>καὶ</strong></span> <span class='ocrx_word' id='word_1_101' title='bbox 1156 1528 1289 1598; x_wconf 88' lang='grc' dir='ltr'>μόνη</span> <span class='ocrx_word' id='word_1_102' title='bbox 1321 1527 1461 1582; x_wconf 76' lang='grc' dir='ltr'>κατὰ</span> <span class='ocrx_word' id='word_1_103' title='bbox 1493 1527 1709 1582; x_wconf 78' lang='grc' dir='ltr'>πάντων</span> <span class='ocrx_word' id='word_1_104' title='bbox 1737 1527 1868 1598; x_wconf 83' lang='grc' dir='ltr'>μίαν</span> 
     </span>
    </p>
   </div>
   <div class='ocr_carea' id='block_1_17' title="bbox 298 1613 1871 1691">
    <p class='ocr_par' dir='ltr' id='par_1_17' title="bbox 298 1613 1871 1691">
     <span class='ocr_line' id='line_1_17' title="bbox 298 1613 1871 1691; baseline 0.001 -21"><span class='ocrx_word' id='word_1_105' title='bbox 298 1616 573 1689; x_wconf 81' lang='grc' dir='ltr'>μόναρχον</span> <span class='ocrx_word' id='word_1_106' title='bbox 596 1617 889 1689; x_wconf 81' lang='grc' dir='ltr'>ἡγεμονίαν</span> <span class='ocrx_word' id='word_1_107' title='bbox 924 1619 1303 1691; x_wconf 82' lang='grc' dir='ltr'>συνεστήσατο,</span> <span class='ocrx_word' id='word_1_108' title='bbox 1325 1619 1410 1687; x_wconf 76' lang='grc' dir='ltr'>ἐφ’</span> <span class='ocrx_word' id='word_1_109' title='bbox 1436 1613 1504 1689; x_wconf 83' lang='grc' dir='ltr'>ἦς</span> <span class='ocrx_word' id='word_1_110' title='bbox 1521 1620 1614 1673; x_wconf 76' lang='grc' dir='ltr'><strong>καὶ</strong></span> <span class='ocrx_word' id='word_1_111' title='bbox 1638 1616 1871 1689; x_wconf 76' lang='grc' dir='ltr'>Χριστὸς</span> 
     </span>
    </p>
   </div>
   <div class='ocr_carea' id='block_1_18' title="bbox 296 1709 701 1783">
    <p class='ocr_par' dir='ltr' id='par_1_18' title="bbox 296 1709 701 1783">
     <span class='ocr_line' id='line_1_18' title="bbox 296 1709 701 1783; baseline 0.005 -21"><span class='ocrx_word' id='word_1_112' title='bbox 296 1712 551 1777; x_wconf 80' lang='grc' dir='ltr'>γεννᾶται</span> <span class='ocrx_word' id='word_1_113' title='bbox 571 1709 701 1783; x_wconf 73' lang='lat'><strong>(92).</strong></span> 
     </span>
    </p>
   </div>
   <div class='ocr_carea' id='block_1_19' title="bbox 956 1796 1207 1874">
    <p class='ocr_par' dir='ltr' id='par_1_19' title="bbox 956 1796 1207 1874">
     <span class='ocr_line' id='line_1_19' title="bbox 956 1796 1207 1874; baseline 0.004 -17"><span class='ocrx_word' id='word_1_114' title='bbox 956 1804 1036 1857; x_wconf 70' lang='lat'><strong>11&quot;</strong></span> <span class='ocrx_word' id='word_1_115' title='bbox 1079 1796 1207 1874; x_wconf 79' lang='lat'><strong>(93).</strong></span> 
     </span>
    </p>
   </div>
   <div class='ocr_carea' id='block_1_20' title="bbox 1964 622 3513 693">
    <p class='ocr_par' dir='ltr' id='par_1_20' title="bbox 1964 622 3513 693">
     <span class='ocr_line' id='line_1_20' title="bbox 1964 622 3513 693; baseline -0.002 -15"><span class='ocrx_word' id='word_1_116' title='bbox 1964 622 2197 693; x_wconf 74' lang='lat' dir='ltr'><strong>IEgypto</strong></span> <span class='ocrx_word' id='word_1_117' title='bbox 2228 633 2281 679; x_wconf 88' lang='lat' dir='ltr'><strong>et</strong></span> <span class='ocrx_word' id='word_1_118' title='bbox 2308 624 2630 679; x_wconf 78' lang='lat' dir='ltr'><strong>Alexandria</strong></span> <span class='ocrx_word' id='word_1_119' title='bbox 2688 625 2937 679; x_wconf 88' lang='lat' dir='ltr'><strong>devictis.</strong></span> <span class='ocrx_word' id='word_1_120' title='bbox 2996 623 3071 679; x_wconf 70' lang='lat' dir='ltr'><strong>Ex</strong></span> <span class='ocrx_word' id='word_1_121' title='bbox 3129 639 3195 679; x_wconf 88' lang='lat' dir='ltr'><strong>eo</strong></span> <span class='ocrx_word' id='word_1_122' title='bbox 3273 635 3513 693; x_wconf 84' lang='lat' dir='ltr'><strong>tempore</strong></span> 
     </span>
    </p>
   </div>
   <div class='ocr_carea' id='block_1_21' title="bbox 1967 713 3515 785">
    <p class='ocr_par' dir='ltr' id='par_1_21' title="bbox 1967 713 3515 785">
     <span class='ocr_line' id='line_1_21' title="bbox 1967 713 3515 785; baseline -0.001 -18"><span class='ocrx_word' id='word_1_123' title='bbox 1967 722 2077 767; x_wconf 84' lang='lat' dir='ltr'><strong>toto</strong></span> <span class='ocrx_word' id='word_1_124' title='bbox 2108 714 2238 769; x_wconf 86' lang='lat' dir='ltr'><strong>orbe</strong></span> <span class='ocrx_word' id='word_1_125' title='bbox 2267 714 2431 783; x_wconf 80' lang='lat' dir='ltr'><strong>coepit</strong></span> <span class='ocrx_word' id='word_1_126' title='bbox 2457 714 2721 767; x_wconf 86' lang='lat' dir='ltr'><strong>dominari</strong></span> <span class='ocrx_word' id='word_1_127' title='bbox 2747 723 2998 783; x_wconf 88' lang='lat' dir='ltr'><strong>quartum</strong></span> <span class='ocrx_word' id='word_1_128' title='bbox 3030 713 3346 785; x_wconf 88' lang='lat' dir='ltr'><strong>imperium;</strong></span> <span class='ocrx_word' id='word_1_129' title='bbox 3376 714 3515 783; x_wconf 88' lang='lat' dir='ltr'><strong>quod</strong></span> 
     </span>
    </p>
   </div>
   <div class='ocr_carea' id='block_1_22' title="bbox 1964 805 3516 873">
    <p class='ocr_par' dir='ltr' id='par_1_22' title="bbox 1964 805 3516 873">
     <span class='ocr_line' id='line_1_22' title="bbox 1964 805 3516 873; baseline -0.002 -14"><span class='ocrx_word' id='word_1_130' title='bbox 1964 813 2154 859; x_wconf 71' lang='lat' dir='ltr'><strong>statuae</strong></span> <span class='ocrx_word' id='word_1_131' title='bbox 2190 805 2404 873; x_wconf 85' lang='lat' dir='ltr'><strong>quidem</strong></span> <span class='ocrx_word' id='word_1_132' title='bbox 2432 805 2837 873; x_wconf 73' lang='lat' dir='ltr'><strong>repraesentatio</strong></span> <span class='ocrx_word' id='word_1_133' title='bbox 2868 805 3099 859; x_wconf 82' lang='lat' dir='ltr'><strong>ferreum</strong></span> <span class='ocrx_word' id='word_1_134' title='bbox 3131 806 3516 867; x_wconf 79' lang='lat' dir='ltr'><strong>denominnvit.</strong></span> 
     </span>
    </p>
   </div>
   <div class='ocr_carea' id='block_1_23' title="bbox 1965 895 3517 966">
    <p class='ocr_par' dir='ltr' id='par_1_23' title="bbox 1965 895 3517 966">
     <span class='ocr_line' id='line_1_23' title="bbox 1965 895 3517 966; baseline 0.001 -18"><span class='ocrx_word' id='word_1_135' title='bbox 1965 908 2061 948; x_wconf 88' lang='lat' dir='ltr'><strong>ceu</strong></span> <span class='ocrx_word' id='word_1_136' title='bbox 2107 895 2249 964; x_wconf 91' lang='lat' dir='ltr'><strong>quod</strong></span> <span class='ocrx_word' id='word_1_137' title='bbox 2296 896 2477 949; x_wconf 80' lang='lat' dir='ltr'><strong>omnia</strong></span> <span class='ocrx_word' id='word_1_138' title='bbox 2509 895 2775 950; x_wconf 67' lang='lat' dir='ltr'><strong>dorizuerit</strong></span> <span class='ocrx_word' id='word_1_139' title='bbox 2804 905 2965 964; x_wconf 71' lang='lat' dir='ltr'><strong>atque</strong></span> <span class='ocrx_word' id='word_1_140' title='bbox 2996 897 3349 961; x_wconf 83' lang='lat' dir='ltr'><strong>contriverit;</strong></span> <span class='ocrx_word' id='word_1_141' title='bbox 3392 908 3517 966; x_wconf 80' lang='lat' dir='ltr'><strong>pro-</strong></span> 
     </span>
    </p>
   </div>
   <div class='ocr_carea' id='block_1_24' title="bbox 1963 985 3518 1055">
    <p class='ocr_par' dir='ltr' id='par_1_24' title="bbox 1963 985 3518 1055">
     <span class='ocr_line' id='line_1_24' title="bbox 1963 985 3518 1055; baseline 0 -16"><span class='ocrx_word' id='word_1_142' title='bbox 1963 986 2138 1055; x_wconf 66' lang='lat' dir='ltr'><strong>phetas</strong></span> <span class='ocrx_word' id='word_1_143' title='bbox 2167 996 2345 1040; x_wconf 89' lang='lat' dir='ltr'><strong>autem</strong></span> <span class='ocrx_word' id='word_1_144' title='bbox 2377 985 2537 1052; x_wconf 90' lang='lat' dir='ltr'><strong>visio,</strong></span> <span class='ocrx_word' id='word_1_145' title='bbox 2578 985 2777 1039; x_wconf 80' lang='lat' dir='ltr'><strong>animal</strong></span> <span class='ocrx_word' id='word_1_146' title='bbox 2811 986 3072 1053; x_wconf 89' lang='lat' dir='ltr'><strong>terribile,</strong></span> <span class='ocrx_word' id='word_1_147' title='bbox 3090 987 3284 1041; x_wconf 89' lang='lat' dir='ltr'><strong>mirum</strong></span> <span class='ocrx_word' id='word_1_148' title='bbox 3325 1003 3387 1042; x_wconf 87' lang='lat' dir='ltr'><strong>ac</strong></span> <span class='ocrx_word' id='word_1_149' title='bbox 3423 1004 3518 1040; x_wconf 85' lang='lat' dir='ltr'><strong>va-</strong></span> 
     </span>
    </p>
   </div>
   <div class='ocr_carea' id='block_1_25' title="bbox 1965 1077 3520 1147">
    <p class='ocr_par' dir='ltr' id='par_1_25' title="bbox 1965 1077 3520 1147">
     <span class='ocr_line' id='line_1_25' title="bbox 1965 1077 3520 1147; baseline 0.001 -15"><span class='ocrx_word' id='word_1_150' title='bbox 1965 1078 2308 1135; x_wconf 90' lang='lat' dir='ltr'><strong>lidissimum.</strong></span> <span class='ocrx_word' id='word_1_151' title='bbox 2354 1077 2525 1133; x_wconf 82' lang='lat' dir='ltr'><strong>Porro</strong></span> <span class='ocrx_word' id='word_1_152' title='bbox 2568 1080 2736 1132; x_wconf 85' lang='lat' dir='ltr'><strong>verba</strong></span> <span class='ocrx_word' id='word_1_153' title='bbox 2775 1078 3116 1133; x_wconf 81' lang='lat' dir='ltr'><strong>conﬁrmavit</strong></span> <span class='ocrx_word' id='word_1_154' title='bbox 3153 1080 3520 1147; x_wconf 65' lang='lat' dir='ltr'><strong>praedictionis</strong></span> 
     </span>
    </p>
   </div>
   <div class='ocr_carea' id='block_1_26' title="bbox 1967 1167 3521 1239">
    <p class='ocr_par' dir='ltr' id='par_1_26' title="bbox 1967 1167 3521 1239">
     <span class='ocr_line' id='line_1_26' title="bbox 1967 1167 3521 1239; baseline -0.002 -16"><span class='ocrx_word' id='word_1_155' title='bbox 1967 1169 2169 1224; x_wconf 72' lang='lat' dir='ltr'><strong>exitus.</strong></span> <span class='ocrx_word' id='word_1_156' title='bbox 2210 1167 2394 1222; x_wconf 86' lang='lat' dir='ltr'><strong>Solum</strong></span> <span class='ocrx_word' id='word_1_157' title='bbox 2450 1167 2620 1234; x_wconf 81' lang='lat' dir='ltr'><strong>igitur</strong></span> <span class='ocrx_word' id='word_1_158' title='bbox 2675 1167 2977 1223; x_wconf 80' lang='lat' dir='ltr'><strong>Romanum</strong></span> <span class='ocrx_word' id='word_1_159' title='bbox 3014 1168 3299 1238; x_wconf 90' lang='lat' dir='ltr'><strong>imperium</strong></span> <span class='ocrx_word' id='word_1_160' title='bbox 3332 1183 3521 1239; x_wconf 83' lang='lat' dir='ltr'><strong>respn-</strong></span> 
     </span>
    </p>
   </div>
   <div class='ocr_carea' id='block_1_27' title="bbox 1966 1259 3520 1330">
    <p class='ocr_par' dir='ltr' id='par_1_27' title="bbox 1966 1259 3520 1330">
     <span class='ocr_line' id='line_1_27' title="bbox 1966 1259 3520 1330; baseline -0.002 -15"><span class='ocrx_word' id='word_1_161' title='bbox 1966 1260 2157 1324; x_wconf 88' lang='lat' dir='ltr'><strong>hlicas,</strong></span> <span class='ocrx_word' id='word_1_162' title='bbox 2187 1260 2556 1330; x_wconf 76' lang='lat' dir='ltr'><strong>praefecturas,</strong></span> <span class='ocrx_word' id='word_1_163' title='bbox 2607 1267 2662 1313; x_wconf 87' lang='lat' dir='ltr'><strong>et</strong></span> <span class='ocrx_word' id='word_1_164' title='bbox 2688 1259 3007 1329; x_wconf 91' lang='lat' dir='ltr'><strong>populorum</strong></span> <span class='ocrx_word' id='word_1_165' title='bbox 3040 1273 3205 1329; x_wconf 87' lang='lat' dir='ltr'><strong>regna</strong></span> <span class='ocrx_word' id='word_1_166' title='bbox 3232 1260 3520 1320; x_wconf 78' lang='lat' dir='ltr'><strong>destruxit.</strong></span> 
     </span>
    </p>
   </div>
   <div class='ocr_carea' id='block_1_28' title="bbox 1966 1348 3525 1418">
    <p class='ocr_par' dir='ltr' id='par_1_28' title="bbox 1966 1348 3525 1418">
     <span class='ocr_line' id='line_1_28' title="bbox 1966 1348 3525 1418; baseline -0.001 -14"><span class='ocrx_word' id='word_1_167' title='bbox 1966 1364 2154 1406; x_wconf 89' lang='lat' dir='ltr'><strong>eorum</strong></span> <span class='ocrx_word' id='word_1_168' title='bbox 2199 1350 2406 1405; x_wconf 80' lang='lat' dir='ltr'><strong>scilicet</strong></span> <span class='ocrx_word' id='word_1_169' title='bbox 2446 1348 2597 1418; x_wconf 89' lang='lat' dir='ltr'><strong>quia</strong></span> <span class='ocrx_word' id='word_1_170' title='bbox 2631 1349 2812 1405; x_wconf 88' lang='lat' dir='ltr'><strong>multis</strong></span> <span class='ocrx_word' id='word_1_171' title='bbox 2861 1349 3072 1405; x_wconf 66' lang='lat' dir='ltr'><strong>sarculis</strong></span> <span class='ocrx_word' id='word_1_172' title='bbox 3122 1350 3173 1403; x_wconf 91' lang='lat' dir='ltr'><strong>in</strong></span> <span class='ocrx_word' id='word_1_173' title='bbox 3202 1365 3525 1418; x_wconf 85' lang='lat' dir='ltr'><strong>unaquaque</strong></span> 
     </span>
    </p>
   </div>
   <div class='ocr_carea' id='block_1_29' title="bbox 1968 1437 3524 1509">
    <p class='ocr_par' dir='ltr' id='par_1_29' title="bbox 1968 1437 3524 1509">
     <span class='ocr_line' id='line_1_29' title="bbox 1968 1437 3524 1509; baseline -0.003 -15"><span class='ocrx_word' id='word_1_174' title='bbox 1968 1440 2193 1494; x_wconf 85' lang='lat' dir='ltr'><strong>natione</strong></span> <span class='ocrx_word' id='word_1_175' title='bbox 2219 1454 2251 1492; x_wconf 84' lang='lat' dir='ltr'><strong>a</strong></span> <span class='ocrx_word' id='word_1_176' title='bbox 2281 1440 2515 1509; x_wconf 85' lang='lat' dir='ltr'><strong>propriis</strong></span> <span class='ocrx_word' id='word_1_177' title='bbox 2540 1438 2878 1508; x_wconf 84' lang='lat' dir='ltr'><strong>principibus</strong></span> <span class='ocrx_word' id='word_1_178' title='bbox 2923 1437 3283 1507; x_wconf 81' lang='lat' dir='ltr'><strong>regebantur;</strong></span> <span class='ocrx_word' id='word_1_179' title='bbox 3332 1454 3524 1491; x_wconf 88' lang='lat' dir='ltr'><strong>unam-</strong></span> 
     </span>
    </p>
   </div>
   <div class='ocr_carea' id='block_1_30' title="bbox 1968 1529 3527 1601">
    <p class='ocr_par' dir='ltr' id='par_1_30' title="bbox 1968 1529 3527 1601">
     <span class='ocr_line' id='line_1_30' title="bbox 1968 1529 3527 1601; baseline -0.003 -15"><span class='ocrx_word' id='word_1_180' title='bbox 1968 1544 2073 1601; x_wconf 72' lang='lat' dir='ltr'><strong>q&#39;te</strong></span> <span class='ocrx_word' id='word_1_181' title='bbox 2094 1546 2257 1600; x_wconf 81' lang='lat' dir='ltr'><strong>super</strong></span> <span class='ocrx_word' id='word_1_182' title='bbox 2304 1545 2495 1585; x_wconf 87' lang='lat' dir='ltr'><strong>omnes</strong></span> <span class='ocrx_word' id='word_1_183' title='bbox 2542 1529 2910 1586; x_wconf 87' lang='lat' dir='ltr'><strong>monarchiam</strong></span> <span class='ocrx_word' id='word_1_184' title='bbox 2940 1530 3244 1596; x_wconf 88' lang='lat' dir='ltr'><strong>constituit,</strong></span> <span class='ocrx_word' id='word_1_185' title='bbox 3296 1531 3396 1584; x_wconf 90' lang='lat' dir='ltr'><strong>sub</strong></span> <span class='ocrx_word' id='word_1_186' title='bbox 3421 1544 3527 1599; x_wconf 87' lang='lat' dir='ltr'><strong>qua</strong></span> 
     </span>
    </p>
   </div>
   <div class='ocr_carea' id='block_1_31' title="bbox 1970 1622 2531 1679">
    <p class='ocr_par' dir='ltr' id='par_1_31' title="bbox 1970 1622 2531 1679">
     <span class='ocr_line' id='line_1_31' title="bbox 1970 1622 2531 1679; baseline -0.004 -1"><span class='ocrx_word' id='word_1_187' title='bbox 1970 1631 2128 1679; x_wconf 86' lang='lat' dir='ltr'><strong>natus</strong></span> <span class='ocrx_word' id='word_1_188' title='bbox 2154 1631 2237 1679; x_wconf 88' lang='lat' dir='ltr'><strong>est</strong></span> <span class='ocrx_word' id='word_1_189' title='bbox 2261 1622 2531 1679; x_wconf 83' lang='lat' dir='ltr'><strong>Christus.</strong></span> 
     </span>
    </p>
   </div>
   <div class='ocr_carea' id='block_1_32' title="bbox 2676 1764 3593 1858">
    <p class='ocr_par' dir='ltr' id='par_1_32' title="bbox 2676 1764 3593 1858">
     <span class='ocr_line' id='line_1_32' title="bbox 2676 1764 3593 1858; baseline -0.002 -1"><span class='ocrx_word' id='word_1_190' title='bbox 2676 1800 2826 1858; x_wconf 80' lang='lat' dir='ltr'><strong>Xltl-</strong></span> <span class='ocrx_word' id='word_1_191' title='bbox 3537 1764 3557 1829; x_wconf 52' lang='grc' dir='ltr'>ἲ</span> <span class='ocrx_word' id='word_1_192' title='bbox 3586 1768 3593 1782; x_wconf 33' lang='grc' dir='ltr'><strong>δ</strong></span> 
     </span>
    </p>
   </div>
   <div class='ocr_carea' id='block_1_33' title="bbox 376 1866 1875 1966">
    <p class='ocr_par' dir='ltr' id='par_1_33' title="bbox 376 1866 1866 1966">
     <span class='ocr_line' id='line_1_33' title="bbox 376 1866 1866 1966; baseline 0 -19"><span class='ocrx_word' id='word_1_193' title='bbox 376 1894 437 1948; x_wconf 87' lang='lat'><strong>&#39;0</strong></span> <span class='ocrx_word' id='word_1_194' title='bbox 474 1893 703 1959; x_wconf 80' lang='grc' dir='ltr'>ὕστατός</span> <span class='ocrx_word' id='word_1_195' title='bbox 731 1912 792 1949; x_wconf 85' lang='grc' dir='ltr'><strong>τε</strong></span> <span class='ocrx_word' id='word_1_196' title='bbox 833 1895 928 1949; x_wconf 74' lang='grc' dir='ltr'><strong>καὶ</strong></span> <span class='ocrx_word' id='word_1_197' title='bbox 963 1866 1219 1966; x_wconf 70' lang='grc' dir='ltr'>μέγιστος</span> <span class='ocrx_word' id='word_1_198' title='bbox 1256 1891 1550 1965; x_wconf 74' lang='grc' dir='ltr'>προφητῶν</span> <span class='ocrx_word' id='word_1_199' title='bbox 1595 1892 1866 1964; x_wconf 81' lang='grc' dir='ltr'>Ἰωάννης,</span> 
     </span>
    </p>
   </div>
   <div class='ocr_carea' id='block_1_34' title="bbox 1979 1866 3530 1966">
    <p class='ocr_par' dir='ltr' id='par_1_34' title="bbox 2044 1890 3530 1965">
     <span class='ocr_line' id='line_1_34' title="bbox 2044 1890 3530 1965; baseline -0.006 -11"><span class='ocrx_word' id='word_1_200' title='bbox 2044 1899 2356 1955; x_wconf 83' lang='lat' dir='ltr'><strong>Postremus</strong></span> <span class='ocrx_word' id='word_1_201' title='bbox 2402 1913 2464 1952; x_wconf 85' lang='lat' dir='ltr'><strong>ae</strong></span> <span class='ocrx_word' id='word_1_202' title='bbox 2514 1898 2781 1952; x_wconf 81' lang='lat' dir='ltr'><strong>maximus</strong></span> <span class='ocrx_word' id='word_1_203' title='bbox 2826 1894 3213 1965; x_wconf 88' lang='lat' dir='ltr'><strong>prophetarum</strong></span> <span class='ocrx_word' id='word_1_204' title='bbox 3272 1890 3530 1953; x_wconf 79' lang='lat' dir='ltr'><strong>Joannes,</strong></span> 
     </span>
    </p>
   </div>
   <div class='ocr_carea' id='block_1_35' title="bbox 294 1984 1869 2059">
    <p class='ocr_par' dir='ltr' id='par_1_35' title="bbox 294 1984 1869 2059">
     <span class='ocr_line' id='line_1_35' title="bbox 294 1984 1869 2059; baseline -0.003 -18"><span class='ocrx_word' id='word_1_205' title='bbox 294 1987 469 2058; x_wconf 82' lang='grc' dir='ltr'>κήρυξ</span> <span class='ocrx_word' id='word_1_206' title='bbox 496 1986 632 2058; x_wconf 88' lang='grc' dir='ltr'>ὁμοῦ</span> <span class='ocrx_word' id='word_1_207' title='bbox 662 1988 753 2041; x_wconf 68' lang='grc' dir='ltr'><strong>καὶ</strong></span> <span class='ocrx_word' id='word_1_208' title='bbox 779 1988 1083 2059; x_wconf 84' lang='grc' dir='ltr'>πρόδρομος</span> <span class='ocrx_word' id='word_1_209' title='bbox 1111 1985 1347 2059; x_wconf 79' lang='grc' dir='ltr'>Χριστοῦ</span> <span class='ocrx_word' id='word_1_210' title='bbox 1377 1985 1633 2055; x_wconf 75' lang='grc' dir='ltr'>γεγονὼς,</span> <span class='ocrx_word' id='word_1_211' title='bbox 1656 1984 1869 2056; x_wconf 86' lang='grc' dir='ltr'>πρῶτος</span> 
     </span>
    </p>
   </div>
   <div class='ocr_carea' id='block_1_36' title="bbox 295 2076 1871 2149">
    <p class='ocr_par' dir='ltr' id='par_1_36' title="bbox 295 2076 1871 2149">
     <span class='ocr_line' id='line_1_36' title="bbox 295 2076 1871 2149; baseline -0.002 -18"><span class='ocrx_word' id='word_1_212' title='bbox 295 2078 554 2131; x_wconf 81' lang='grc' dir='ltr'>ἁπάντων</span> <span class='ocrx_word' id='word_1_213' title='bbox 579 2076 841 2147; x_wconf 84' lang='grc' dir='ltr'>ὰνεφώνει</span> <span class='ocrx_word' id='word_1_214' title='bbox 865 2077 1149 2149; x_wconf 82' lang='grc' dir='ltr'>κηρύττων</span> <span class='ocrx_word' id='word_1_215' title='bbox 1172 2078 1252 2141; x_wconf 83' lang='grc' dir='ltr'><strong>είς</strong></span> <span class='ocrx_word' id='word_1_216' title='bbox 1276 2076 1483 2140; x_wconf 79' lang='grc' dir='ltr'>πάντας</span> <span class='ocrx_word' id='word_1_217' title='bbox 1515 2076 1609 2129; x_wconf 76' lang='grc' dir='ltr'><strong>καὶ</strong></span> <span class='ocrx_word' id='word_1_218' title='bbox 1643 2076 1871 2144; x_wconf 79' lang='grc' dir='ltr'>εὐαγγε-</span> 
     </span>
    </p>
   </div>
   <div class='ocr_carea' id='block_1_37' title="bbox 294 2159 1869 2237">
    <p class='ocr_par' dir='ltr' id='par_1_37' title="bbox 294 2159 1869 2237">
     <span class='ocr_line' id='line_1_37' title="bbox 294 2159 1869 2237; baseline -0.002 -18"><span class='ocrx_word' id='word_1_219' title='bbox 294 2165 579 2237; x_wconf 76' lang='grc' dir='ltr'>λιζόμενος</span> <span class='ocrx_word' id='word_1_220' title='bbox 617 2166 718 2237; x_wconf 84' lang='grc' dir='ltr'>τὴν</span> <span class='ocrx_word' id='word_1_221' title='bbox 763 2167 856 2220; x_wconf 88' lang='grc' dir='ltr'><strong>τοῦ</strong></span> <span class='ocrx_word' id='word_1_222' title='bbox 904 2166 1038 2220; x_wconf 82' lang='grc' dir='ltr'>Θεοῦ</span> <span class='ocrx_word' id='word_1_223' title='bbox 1092 2166 1365 2237; x_wconf 84' lang='grc' dir='ltr'>βασιλείαν</span> <span class='ocrx_word' id='word_1_224' title='bbox 1387 2182 1403 2198; x_wconf 80' lang='grc' dir='ltr'><strong>ο</strong></span> <span class='ocrx_word' id='word_1_225' title='bbox 1452 2159 1513 2220; x_wconf 72' lang='grc' dir='ltr'><strong>οῦ</strong></span> <span class='ocrx_word' id='word_1_226' title='bbox 1544 2164 1607 2236; x_wconf 84' lang='grc' dir='ltr'>δὴ</span> <span class='ocrx_word' id='word_1_227' title='bbox 1652 2163 1869 2235; x_wconf 84' lang='grc' dir='ltr'>πρώτου</span> 
     </span>
    </p>
   </div>
   <div class='ocr_carea' id='block_1_38' title="bbox 292 2257 1867 2328">
    <p class='ocr_par' dir='ltr' id='par_1_38' title="bbox 292 2257 1867 2328">
     <span class='ocr_line' id='line_1_38' title="bbox 292 2257 1867 2328; baseline -0.001 -19"><span class='ocrx_word' id='word_1_228' title='bbox 292 2257 502 2328; x_wconf 73' lang='grc' dir='ltr'>ταύτην</span> <span class='ocrx_word' id='word_1_229' title='bbox 539 2257 767 2326; x_wconf 80' lang='grc' dir='ltr'>ἀφέντος</span> <span class='ocrx_word' id='word_1_230' title='bbox 804 2257 902 2328; x_wconf 81' lang='grc' dir='ltr'><strong>τὴν</strong></span> <span class='ocrx_word' id='word_1_231' title='bbox 948 2257 1165 2328; x_wconf 83' lang='grc' dir='ltr'>φωνὴν,</span> <span class='ocrx_word' id='word_1_232' title='bbox 1210 2257 1489 2328; x_wconf 82' lang='grc' dir='ltr'>μετανοεῖν</span> <span class='ocrx_word' id='word_1_233' title='bbox 1529 2273 1589 2309; x_wconf 90' lang='grc' dir='ltr'><strong>τε</strong></span> <span class='ocrx_word' id='word_1_234' title='bbox 1624 2272 1867 2326; x_wconf 83' lang='grc' dir='ltr'>παρακε-</span> 
     </span>
    </p>
   </div>
   <div class='ocr_carea' id='block_1_39' title="bbox 293 2348 1871 2422">
    <p class='ocr_par' dir='ltr' id='par_1_39' title="bbox 293 2348 1871 2422">
     <span class='ocr_line' id='line_1_39' title="bbox 293 2348 1871 2422; baseline 0 -21"><span class='ocrx_word' id='word_1_235' title='bbox 293 2348 608 2419; x_wconf 88' lang='grc' dir='ltr'>λευομένου,</span> <span class='ocrx_word' id='word_1_236' title='bbox 630 2349 840 2422; x_wconf 81' lang='grc' dir='ltr'>λουτρῷ</span> <span class='ocrx_word' id='word_1_237' title='bbox 865 2366 926 2403; x_wconf 86' lang='grc' dir='ltr'><strong>τε</strong></span> <span class='ocrx_word' id='word_1_238' title='bbox 961 2350 1267 2422; x_wconf 82' lang='grc' dir='ltr'>προσιέναι,</span> <span class='ocrx_word' id='word_1_239' title='bbox 1292 2349 1387 2403; x_wconf 75' lang='grc' dir='ltr'><strong>καὶ</strong></span> <span class='ocrx_word' id='word_1_240' title='bbox 1410 2349 1510 2412; x_wconf 85' lang='grc' dir='ltr'>τὰς</span> <span class='ocrx_word' id='word_1_241' title='bbox 1538 2348 1717 2419; x_wconf 73' lang='grc' dir='ltr'>ψυχὰς</span> <span class='ocrx_word' id='word_1_242' title='bbox 1737 2348 1871 2402; x_wconf 85' lang='grc' dir='ltr'>ἁπο-</span> 
     </span>
    </p>
   </div>
   <div class='ocr_carea' id='block_1_40' title="bbox 294 2439 1872 2516">
    <p class='ocr_par' dir='ltr' id='par_1_40' title="bbox 294 2439 1872 2516">
     <span class='ocr_line' id='line_1_40' title="bbox 294 2439 1872 2516; baseline 0 -22"><span class='ocrx_word' id='word_1_243' title='bbox 294 2439 653 2512; x_wconf 80' lang='grc' dir='ltr'>καθαέρεσθαι</span> <span class='ocrx_word' id='word_1_244' title='bbox 678 2442 785 2496; x_wconf 86' lang='grc' dir='ltr'><strong>τῶν</strong></span> <span class='ocrx_word' id='word_1_245' title='bbox 820 2442 1099 2516; x_wconf 81' lang='grc' dir='ltr'>προτέρων</span> <span class='ocrx_word' id='word_1_246' title='bbox 1139 2442 1616 2514; x_wconf 83' lang='grc' dir='ltr'>ἀμπλακημάτων,</span> <span class='ocrx_word' id='word_1_247' title='bbox 1653 2440 1872 2512; x_wconf 84' lang='grc' dir='ltr'>φαιδρύ-</span> 
     </span>
    </p>
   </div>
   <div class='ocr_carea' id='block_1_41' title="bbox 294 2533 1872 2607">
    <p class='ocr_par' dir='ltr' id='par_1_41' title="bbox 294 2533 1872 2607">
     <span class='ocr_line' id='line_1_41' title="bbox 294 2533 1872 2607; baseline 0.001 -22"><span class='ocrx_word' id='word_1_248' title='bbox 294 2533 485 2587; x_wconf 85' lang='grc' dir='ltr'>νεσθαί</span> <span class='ocrx_word' id='word_1_249' title='bbox 524 2551 581 2586; x_wconf 89' lang='grc' dir='ltr'><strong>τε</strong></span> <span class='ocrx_word' id='word_1_250' title='bbox 626 2534 1032 2606; x_wconf 87' lang='grc' dir='ltr'>παραινοῦντος,</span> <span class='ocrx_word' id='word_1_251' title='bbox 1077 2537 1173 2589; x_wconf 70' lang='grc' dir='ltr'><strong>καὶ</strong></span> <span class='ocrx_word' id='word_1_252' title='bbox 1221 2535 1734 2607; x_wconf 76' lang='grc' dir='ltr'>παρασκευάζεσθαι</span> <span class='ocrx_word' id='word_1_253' title='bbox 1778 2534 1872 2587; x_wconf 76' lang='grc' dir='ltr'><strong>ἐπὶ</strong></span> 
     </span>
    </p>
   </div>
   <div class='ocr_carea' id='block_1_42' title="bbox 293 2621 1869 2695">
    <p class='ocr_par' dir='ltr' id='par_1_42' title="bbox 293 2621 1869 2695">
     <span class='ocr_line' id='line_1_42' title="bbox 293 2621 1869 2695; baseline -0.001 -18"><span class='ocrx_word' id='word_1_254' title='bbox 293 2621 399 2693; x_wconf 82' lang='grc' dir='ltr'><strong>τὴν</strong></span> <span class='ocrx_word' id='word_1_255' title='bbox 430 2622 632 2676; x_wconf 79' lang='grc' dir='ltr'>εἴσοδον</span> <span class='ocrx_word' id='word_1_256' title='bbox 662 2625 763 2693; x_wconf 87' lang='grc' dir='ltr'>τῆς</span> <span class='ocrx_word' id='word_1_257' title='bbox 807 2623 1107 2694; x_wconf 78' lang='grc' dir='ltr'>βασιλείας,</span> <span class='ocrx_word' id='word_1_258' title='bbox 1140 2624 1325 2678; x_wconf 78' lang='grc' dir='ltr'>οὐκέτι</span> <span class='ocrx_word' id='word_1_259' title='bbox 1366 2626 1463 2695; x_wconf 83' lang='grc' dir='ltr'><strong>μὲν</strong></span> <span class='ocrx_word' id='word_1_260' title='bbox 1493 2625 1636 2695; x_wconf 70' lang='grc' dir='ltr'>ἀμφὶ</span> <span class='ocrx_word' id='word_1_261' title='bbox 1663 2624 1731 2677; x_wconf 77' lang='grc' dir='ltr'>τὰ</span> <span class='ocrx_word' id='word_1_262' title='bbox 1768 2624 1869 2676; x_wconf 79' lang='grc' dir='ltr'><strong>Ἰε-</strong></span> 
     </span>
    </p>
   </div>
   <div class='ocr_carea' id='block_1_43' title="bbox 298 2714 1872 2788">
    <p class='ocr_par' dir='ltr' id='par_1_43' title="bbox 298 2714 1872 2788">
     <span class='ocr_line' id='line_1_43' title="bbox 298 2714 1872 2788; baseline -0.001 -20"><span class='ocrx_word' id='word_1_263' title='bbox 298 2714 595 2786; x_wconf 86' lang='grc' dir='ltr'>ροσόλυμα,</span> <span class='ocrx_word' id='word_1_264' title='bbox 632 2716 741 2769; x_wconf 81' lang='grc' dir='ltr'>οὐδ’</span> <span class='ocrx_word' id='word_1_265' title='bbox 774 2717 869 2769; x_wconf 77' lang='grc' dir='ltr'><strong>ἐπὶ</strong></span> <span class='ocrx_word' id='word_1_266' title='bbox 896 2716 967 2769; x_wconf 82' lang='grc' dir='ltr'>τὰ</span> <span class='ocrx_word' id='word_1_267' title='bbox 985 2716 1155 2788; x_wconf 77' lang='grc' dir='ltr'>ταύτῃ</span> <span class='ocrx_word' id='word_1_268' title='bbox 1174 2716 1571 2788; x_wconf 68' lang='grc' dir='ltr'>συντελούμενα</span> <span class='ocrx_word' id='word_1_269' title='bbox 1596 2714 1872 2779; x_wconf 85' lang='grc' dir='ltr'>Μωῦσέως</span> 
     </span>
    </p>
   </div>
   <div class='ocr_carea' id='block_1_44' title="bbox 297 2806 1874 2879">
    <p class='ocr_par' dir='ltr' id='par_1_44' title="bbox 297 2806 1874 2879">
     <span class='ocr_line' id='line_1_44' title="bbox 297 2806 1874 2879; baseline 0.001 -20"><span class='ocrx_word' id='word_1_270' title='bbox 297 2807 507 2877; x_wconf 88' lang='grc' dir='ltr'>νόμιμα</span> <span class='ocrx_word' id='word_1_271' title='bbox 543 2806 989 2879; x_wconf 87' lang='grc' dir='ltr'>συγκροτοῦντος,</span> <span class='ocrx_word' id='word_1_272' title='bbox 1025 2807 1168 2878; x_wconf 75' lang='grc' dir='ltr'>ἀμφὶ</span> <span class='ocrx_word' id='word_1_273' title='bbox 1197 2808 1254 2862; x_wconf 83' lang='grc' dir='ltr'><strong>δὲ</strong></span> <span class='ocrx_word' id='word_1_274' title='bbox 1282 2807 1372 2861; x_wconf 82' lang='grc' dir='ltr'><strong>τὸν</strong></span> <span class='ocrx_word' id='word_1_275' title='bbox 1412 2808 1680 2879; x_wconf 71' lang='grc' dir='ltr'>Ἰορδάνηυ</span> <span class='ocrx_word' id='word_1_276' title='bbox 1711 2824 1874 2861; x_wconf 78' lang='grc' dir='ltr'>’.τοτα-</span> 
     </span>
    </p>
   </div>
   <div class='ocr_carea' id='block_1_45' title="bbox 301 2896 1872 2970">
    <p class='ocr_par' dir='ltr' id='par_1_45' title="bbox 301 2896 1872 2970">
     <span class='ocr_line' id='line_1_45' title="bbox 301 2896 1872 2970; baseline 0.001 -20"><span class='ocrx_word' id='word_1_277' title='bbox 301 2897 403 2967; x_wconf 72' lang='grc' dir='ltr'><strong>μὺν</strong></span> <span class='ocrx_word' id='word_1_278' title='bbox 434 2897 522 2951; x_wconf 80' lang='grc' dir='ltr'>διὰ</span> <span class='ocrx_word' id='word_1_279' title='bbox 548 2898 673 2962; x_wconf 85' lang='grc' dir='ltr'>νέας</span> <span class='ocrx_word' id='word_1_280' title='bbox 706 2899 802 2951; x_wconf 77' lang='grc' dir='ltr'>καὶ</span> <span class='ocrx_word' id='word_1_281' title='bbox 830 2896 1142 2970; x_wconf 77' lang='grc' dir='ltr'>ξενιζούσης</span> <span class='ocrx_word' id='word_1_282' title='bbox 1165 2898 1495 2968; x_wconf 76' lang='grc' dir='ltr'>ἐπαγγελίας</span> <span class='ocrx_word' id='word_1_283' title='bbox 1518 2899 1617 2968; x_wconf 80' lang='grc' dir='ltr'>τῆς</span> <span class='ocrx_word' id='word_1_284' title='bbox 1651 2899 1717 2952; x_wconf 85' lang='grc' dir='ltr'>δι’</span> <span class='ocrx_word' id='word_1_285' title='bbox 1744 2896 1872 2951; x_wconf 65' lang='lat' dir='ltr'><strong>56a-</strong></span> 
     </span>
    </p>
   </div>
   <div class='ocr_carea' id='block_1_46' title="bbox 298 2989 1875 3063">
    <p class='ocr_par' dir='ltr' id='par_1_46' title="bbox 298 2989 1875 3063">
     <span class='ocr_line' id='line_1_46' title="bbox 298 2989 1875 3063; baseline 0.001 -22"><span class='ocrx_word' id='word_1_286' title='bbox 298 3006 391 3052; x_wconf 89' lang='grc' dir='ltr'><strong>τος</strong></span> <span class='ocrx_word' id='word_1_287' title='bbox 433 2989 754 3061; x_wconf 84' lang='grc' dir='ltr'>καθάρσεως</span> <span class='ocrx_word' id='word_1_288' title='bbox 796 2990 887 3043; x_wconf 85' lang='grc' dir='ltr'>τὸν</span> <span class='ocrx_word' id='word_1_289' title='bbox 939 2990 1117 3044; x_wconf 82' lang='grc' dir='ltr'>πάντα</span> <span class='ocrx_word' id='word_1_290' title='bbox 1149 2989 1285 3044; x_wconf 88' lang='grc' dir='ltr'>λεὼν</span> <span class='ocrx_word' id='word_1_291' title='bbox 1319 2990 1782 3063; x_wconf 80' lang='grc' dir='ltr'>προκαλουμένου’</span> <span class='ocrx_word' id='word_1_292' title='bbox 1824 2990 1875 3043; x_wconf 79' lang='grc' dir='ltr'><strong>οἱ</strong></span> 
     </span>
    </p>
   </div>
   <div class='ocr_carea' id='block_1_47' title="bbox 300 3078 1877 3151">
    <p class='ocr_par' dir='ltr' id='par_1_47' title="bbox 300 3078 1877 3151">
     <span class='ocr_line' id='line_1_47' title="bbox 300 3078 1877 3151; baseline 0.005 -23"><span class='ocrx_word' id='word_1_293' title='bbox 300 3078 411 3129; x_wconf 81' lang='grc' dir='ltr'>τῶν</span> <span class='ocrx_word' id='word_1_294' title='bbox 452 3079 716 3132; x_wconf 85' lang='grc' dir='ltr'>ἀνέκαθεν</span> <span class='ocrx_word' id='word_1_295' title='bbox 748 3079 1041 3151; x_wconf 77' lang='grc' dir='ltr'>προφητῶν</span> <span class='ocrx_word' id='word_1_296' title='bbox 1080 3079 1178 3143; x_wconf 83' lang='grc' dir='ltr'>τὰς</span> <span class='ocrx_word' id='word_1_297' title='bbox 1223 3080 1585 3151; x_wconf 64' lang='grc' dir='ltr'>περὶτούτων</span> <span class='ocrx_word' id='word_1_298' title='bbox 1635 3080 1877 3151; x_wconf 73' lang='grc' dir='ltr'>προρρή-</span> 
     </span>
    </p>
   </div>
   <div class='ocr_carea' id='block_1_48' title="bbox 302 3167 1872 3240">
    <p class='ocr_par' dir='ltr' id='par_1_48' title="bbox 302 3167 1872 3240">
     <span class='ocr_line' id='line_1_48' title="bbox 302 3167 1872 3240; baseline 0.002 -22"><span class='ocrx_word' id='word_1_299' title='bbox 302 3183 420 3229; x_wconf 80' lang='grc' dir='ltr'>σεις</span> <span class='ocrx_word' id='word_1_300' title='bbox 444 3167 534 3220; x_wconf 75' lang='grc' dir='ltr'>διὰ</span> <span class='ocrx_word' id='word_1_301' title='bbox 576 3169 796 3239; x_wconf 83' lang='grc' dir='ltr'>μνήμης</span> <span class='ocrx_word' id='word_1_302' title='bbox 825 3168 1080 3240; x_wconf 86' lang='grc' dir='ltr'>φέροντες</span> <span class='ocrx_word' id='word_1_303' title='bbox 1107 3168 1382 3239; x_wconf 87' lang='grc' dir='ltr'>ἀρχιερεῖς</span> <span class='ocrx_word' id='word_1_304' title='bbox 1421 3170 1515 3223; x_wconf 77' lang='grc' dir='ltr'>καὶ</span> <span class='ocrx_word' id='word_1_305' title='bbox 1545 3168 1872 3231; x_wconf 76' lang='grc' dir='ltr'>διδάσκαλοι,</span> 
     </span>
    </p>
   </div>
   <div class='ocr_carea' id='block_1_49' title="bbox 300 3258 1877 3334">
    <p class='ocr_par' dir='ltr' id='par_1_49' title="bbox 300 3258 1877 3334">
     <span class='ocr_line' id='line_1_49' title="bbox 300 3258 1877 3334; baseline 0 -21"><span class='ocrx_word' id='word_1_306' title='bbox 300 3260 353 3313; x_wconf 81' lang='lat' dir='ltr'><strong>oi</strong></span> <span class='ocrx_word' id='word_1_307' title='bbox 396 3258 491 3312; x_wconf 87' lang='grc' dir='ltr'><strong>τοῦ</strong></span> <span class='ocrx_word' id='word_1_308' title='bbox 539 3259 725 3324; x_wconf 80' lang='grc' dir='ltr'>ἔθνους</span> <span class='ocrx_word' id='word_1_309' title='bbox 781 3262 1048 3316; x_wconf 82' lang='grc' dir='ltr'>Ἰουδαίων</span> <span class='ocrx_word' id='word_1_310' title='bbox 1094 3262 1520 3334; x_wconf 86' lang='grc' dir='ltr'>καθηγούμενοι,</span> <span class='ocrx_word' id='word_1_311' title='bbox 1565 3262 1664 3324; x_wconf 73' lang='grc' dir='ltr'><strong>τὰς</strong></span> <span class='ocrx_word' id='word_1_312' title='bbox 1706 3260 1877 3325; x_wconf 83' lang='grc' dir='ltr'>ἀκοὰς</span> 
     </span>
    </p>
   </div>
   <div class='ocr_carea' id='block_1_50' title="bbox 300 3351 1880 3425">
    <p class='ocr_par' dir='ltr' id='par_1_50' title="bbox 300 3351 1880 3425">
     <span class='ocr_line' id='line_1_50' title="bbox 300 3351 1880 3425; baseline 0.001 -20"><span class='ocrx_word' id='word_1_313' title='bbox 300 3351 397 3406; x_wconf 65' lang='grc' dir='ltr'><strong>ἰπὶ</strong></span> <span class='ocrx_word' id='word_1_314' title='bbox 422 3351 503 3423; x_wconf 79' lang='grc' dir='ltr'>τῷ</span> <span class='ocrx_word' id='word_1_315' title='bbox 534 3352 639 3424; x_wconf 81' lang='grc' dir='ltr'>νέῳ</span> <span class='ocrx_word' id='word_1_316' title='bbox 680 3355 997 3425; x_wconf 76' lang='grc' dir='ltr'>κηρύγματι</span> <span class='ocrx_word' id='word_1_317' title='bbox 1038 3356 1356 3424; x_wconf 77' lang='grc' dir='ltr'>πληγέντες.</span> <span class='ocrx_word' id='word_1_318' title='bbox 1404 3353 1563 3408; x_wconf 78' lang='grc' dir='ltr'>αὑτὸν</span> <span class='ocrx_word' id='word_1_319' title='bbox 1607 3352 1880 3424; x_wconf 81' lang='grc' dir='ltr'>ὕπετόπη-</span> 
     </span>
    </p>
   </div>
   <div class='ocr_carea' id='block_1_51' title="bbox 304 3439 1875 3518">
    <p class='ocr_par' dir='ltr' id='par_1_51' title="bbox 304 3439 1875 3518">
     <span class='ocr_line' id='line_1_51' title="bbox 304 3439 1875 3518; baseline 0 -21"><span class='ocrx_word' id='word_1_320' title='bbox 304 3459 402 3498; x_wconf 76' lang='grc' dir='ltr'><strong>σαν</strong></span> <span class='ocrx_word' id='word_1_321' title='bbox 429 3439 568 3498; x_wconf 81' lang='grc' dir='ltr'>εἶναι</span> <span class='ocrx_word' id='word_1_322' title='bbox 592 3443 684 3498; x_wconf 86' lang='grc' dir='ltr'><strong>τὸν</strong></span> <span class='ocrx_word' id='word_1_323' title='bbox 706 3446 800 3499; x_wconf 75' lang='grc' dir='ltr'>καὶ</span> <span class='ocrx_word' id='word_1_324' title='bbox 829 3446 995 3501; x_wconf 75' lang='grc' dir='ltr'>πάλαι</span> <span class='ocrx_word' id='word_1_325' title='bbox 1026 3447 1208 3511; x_wconf 79' lang='grc' dir='ltr'>αὐτοῖς</span> <span class='ocrx_word' id='word_1_326' title='bbox 1234 3447 1385 3517; x_wconf 75' lang='grc' dir='ltr'>ἥξειν</span> <span class='ocrx_word' id='word_1_327' title='bbox 1412 3444 1875 3518; x_wconf 76' lang='grc' dir='ltr'>προσδοκώμενον,</span> 
     </span>
    </p>
   </div>
   <div class='ocr_carea' id='block_1_52' title="bbox 303 3536 1879 3610">
    <p class='ocr_par' dir='ltr' id='par_1_52' title="bbox 303 3536 1879 3610">
     <span class='ocr_line' id='line_1_52' title="bbox 303 3536 1879 3610; baseline -0.001 -19"><span class='ocrx_word' id='word_1_328' title='bbox 303 3538 484 3591; x_wconf 73' lang='grc' dir='ltr'>κοινὸν</span> <span class='ocrx_word' id='word_1_329' title='bbox 510 3536 606 3591; x_wconf 80' lang='grc' dir='ltr'><strong>τοῦ</strong></span> <span class='ocrx_word' id='word_1_330' title='bbox 636 3537 745 3591; x_wconf 85' lang='grc' dir='ltr'>τῶν</span> <span class='ocrx_word' id='word_1_331' title='bbox 782 3537 1082 3608; x_wconf 87' lang='grc' dir='ltr'>ἀνθρώπων</span> <span class='ocrx_word' id='word_1_332' title='bbox 1123 3538 1312 3607; x_wconf 82' lang='grc' dir='ltr'>γένους</span> <span class='ocrx_word' id='word_1_333' title='bbox 1352 3538 1601 3610; x_wconf 80' lang='grc' dir='ltr'>Σωτῆρα,</span> <span class='ocrx_word' id='word_1_334' title='bbox 1657 3537 1879 3591; x_wconf 80' lang='grc' dir='ltr'>Ἡσαΐου</span> 
     </span>
    </p>
   </div>
   <div class='ocr_carea' id='block_1_53' title="bbox 305 3629 1881 3701">
    <p class='ocr_par' dir='ltr' id='par_1_53' title="bbox 305 3629 1881 3701">
     <span class='ocr_line' id='line_1_53' title="bbox 305 3629 1881 3701; baseline 0 -20"><span class='ocrx_word' id='word_1_335' title='bbox 305 3629 589 3700; x_wconf 77' lang='grc' dir='ltr'>προφήτου</span> <span class='ocrx_word' id='word_1_336' title='bbox 626 3629 1022 3700; x_wconf 78' lang='grc' dir='ltr'>συμϐάλλοντες</span> <span class='ocrx_word' id='word_1_337' title='bbox 1050 3629 1255 3699; x_wconf 79' lang='grc' dir='ltr'>φωνὰς,</span> <span class='ocrx_word' id='word_1_338' title='bbox 1295 3630 1353 3693; x_wconf 80' lang='grc' dir='ltr'>ὃς</span> <span class='ocrx_word' id='word_1_339' title='bbox 1382 3630 1446 3701; x_wconf 83' lang='grc' dir='ltr'>δὴ</span> <span class='ocrx_word' id='word_1_340' title='bbox 1485 3629 1741 3698; x_wconf 76' lang='grc' dir='ltr'>ὀνομαστὶ</span> <span class='ocrx_word' id='word_1_341' title='bbox 1781 3629 1881 3699; x_wconf 82' lang='grc' dir='ltr'>τῆς</span> 
     </span>
    </p>
   </div>
   <div class='ocr_carea' id='block_1_54' title="bbox 306 3720 1879 3792">
    <p class='ocr_par' dir='ltr' id='par_1_54' title="bbox 306 3720 1879 3792">
     <span class='ocr_line' id='line_1_54' title="bbox 306 3720 1879 3792; baseline 0.001 -21"><span class='ocrx_word' id='word_1_342' title='bbox 306 3720 516 3790; x_wconf 77' lang='grc' dir='ltr'>ἐρήμου</span> <span class='ocrx_word' id='word_1_343' title='bbox 545 3723 637 3775; x_wconf 75' lang='grc' dir='ltr'><strong>καὶ</strong></span> <span class='ocrx_word' id='word_1_344' title='bbox 661 3720 752 3775; x_wconf 86' lang='grc' dir='ltr'><strong>τοῦ</strong></span> <span class='ocrx_word' id='word_1_345' title='bbox 771 3721 1140 3792; x_wconf 81' lang='grc' dir='ltr'>κηρύγματος,</span> <span class='ocrx_word' id='word_1_346' title='bbox 1168 3722 1259 3776; x_wconf 78' lang='grc' dir='ltr'><strong>καὶ</strong></span> <span class='ocrx_word' id='word_1_347' title='bbox 1282 3722 1346 3792; x_wconf 78' lang='grc' dir='ltr'>δὴ</span> <span class='ocrx_word' id='word_1_348' title='bbox 1374 3722 1469 3775; x_wconf 75' lang='grc' dir='ltr'><strong>καὶ</strong></span> <span class='ocrx_word' id='word_1_349' title='bbox 1494 3720 1587 3773; x_wconf 88' lang='grc' dir='ltr'><strong>τοῦ</strong></span> <span class='ocrx_word' id='word_1_350' title='bbox 1617 3720 1879 3792; x_wconf 77' lang='grc' dir='ltr'>Ἰορδάνου</span> 
     </span>
    </p>
   </div>
   <div class='ocr_carea' id='block_1_55' title="bbox 307 3804 1880 3882">
    <p class='ocr_par' dir='ltr' id='par_1_55' title="bbox 307 3804 1880 3882">
     <span class='ocr_line' id='line_1_55' title="bbox 307 3804 1880 3882; baseline 0.004 -22"><span class='ocrx_word' id='word_1_351' title='bbox 307 3804 412 3862; x_wconf 76' lang='grc' dir='ltr'>ὧδέ</span> <span class='ocrx_word' id='word_1_352' title='bbox 436 3827 512 3881; x_wconf 87' lang='grc' dir='ltr'><strong>πη</strong></span> <span class='ocrx_word' id='word_1_353' title='bbox 543 3810 915 3882; x_wconf 80' lang='grc' dir='ltr'>ἐμνημόνευσε</span> <span class='ocrx_word' id='word_1_354' title='bbox 951 3812 1153 3881; x_wconf 86' lang='grc' dir='ltr'>λέγων·</span> <span class='ocrx_word' id='word_1_355' title='bbox 1198 3812 1368 3879; x_wconf 81' lang='grc' dir='ltr'><strong>Φωνὴ</strong></span> <span class='ocrx_word' id='word_1_356' title='bbox 1396 3810 1665 3878; x_wconf 71' lang='grc' dir='ltr'>,βοῶντος</span> <span class='ocrx_word' id='word_1_357' title='bbox 1699 3812 1769 3865; x_wconf 81' lang='grc' dir='ltr'><strong>ἐν</strong></span> <span class='ocrx_word' id='word_1_358' title='bbox 1805 3811 1880 3880; x_wconf 74' lang='grc' dir='ltr'>τῇ</span> 
     </span>
    </p>
   </div>
   <div class='ocr_carea' id='block_1_56' title="bbox 308 3898 1877 3974">
    <p class='ocr_par' dir='ltr' id='par_1_56' title="bbox 308 3898 1877 3974">
     <span class='ocr_line' id='line_1_56' title="bbox 308 3898 1877 3974; baseline 0.003 -22"><span class='ocrx_word' id='word_1_359' title='bbox 308 3898 935 3972; x_wconf 81' lang='grc' dir='ltr'>ἐρήμῳ.⁹Ετοιμάσατε</span> <span class='ocrx_word' id='word_1_360' title='bbox 963 3903 1076 3972; x_wconf 77' lang='grc' dir='ltr'><strong>τὴν</strong></span> <span class='ocrx_word' id='word_1_361' title='bbox 1104 3904 1247 3958; x_wconf 78' lang='grc' dir='ltr'><strong>ὁδὸν</strong></span> <span class='ocrx_word' id='word_1_362' title='bbox 1259 3904 1499 3972; x_wconf 65' lang='grc' dir='ltr'>Κιιρίου,</span> <span class='ocrx_word' id='word_1_363' title='bbox 1527 3903 1621 3956; x_wconf 81' lang='grc' dir='ltr'><strong>καὶ</strong></span> <span class='ocrx_word' id='word_1_364' title='bbox 1636 3902 1701 3957; x_wconf 87' lang='grc' dir='ltr'>τὰ</span> <span class='ocrx_word' id='word_1_365' title='bbox 1731 3902 1877 3974; x_wconf 72' lang='grc' dir='ltr'>ἑξῆς*</span> 
     </span>
    </p>
   </div>
   <div class='ocr_carea' id='block_1_57' title="bbox 309 3988 1889 4064">
    <p class='ocr_par' dir='ltr' id='par_1_57' title="bbox 309 3988 1889 4064">
     <span class='ocr_line' id='line_1_57' title="bbox 309 3988 1889 4064; baseline 0.003 -19"><span class='ocrx_word' id='word_1_366' title='bbox 309 3991 409 4045; x_wconf 75' lang='grc' dir='ltr'><strong>καὶ</strong></span> <span class='ocrx_word' id='word_1_367' title='bbox 441 3988 627 4055; x_wconf 74' lang='grc' dir='ltr'>αὖθιςο</span> <span class='ocrx_word' id='word_1_368' title='bbox 671 3994 1085 4064; x_wconf 70' lang='grc' dir='ltr'>Εὐφράνθητι,</span> <span class='ocrx_word' id='word_1_369' title='bbox 1132 3995 1351 4064; x_wconf 76' lang='grc' dir='ltr'>ἕρημος</span> <span class='ocrx_word' id='word_1_370' title='bbox 1389 3994 1649 4063; x_wconf 71' lang='grc' dir='ltr'>διψῶσα,</span> <span class='ocrx_word' id='word_1_371' title='bbox 1698 3994 1889 4063; x_wconf 74' lang='grc' dir='ltr'>ἀγαλ-</span> 
     </span>
    </p>
   </div>
   <div class='ocr_carea' id='block_1_58' title="bbox 309 4083 1885 4157">
    <p class='ocr_par' dir='ltr' id='par_1_58' title="bbox 309 4083 1885 4157">
     <span class='ocr_line' id='line_1_58' title="bbox 309 4083 1885 4157; baseline 0.005 -20"><span class='ocrx_word' id='word_1_372' title='bbox 309 4083 543 4139; x_wconf 71' lang='grc' dir='ltr'>λιάσθω</span> <span class='ocrx_word' id='word_1_373' title='bbox 596 4085 814 4157; x_wconf 81' lang='grc' dir='ltr'>ἔρημος</span> <span class='ocrx_word' id='word_1_374' title='bbox 877 4086 977 4140; x_wconf 76' lang='grc' dir='ltr'>καὶ</span> <span class='ocrx_word' id='word_1_375' title='bbox 1033 4086 1280 4141; x_wconf 80' lang='grc' dir='ltr'>ἁνθείτω</span> <span class='ocrx_word' id='word_1_376' title='bbox 1340 4088 1420 4153; x_wconf 86' lang='grc' dir='ltr'>ὡς</span> <span class='ocrx_word' id='word_1_377' title='bbox 1473 4087 1707 4154; x_wconf 76' lang='grc' dir='ltr'>κρίνον·</span> <span class='ocrx_word' id='word_1_378' title='bbox 1767 4089 1885 4145; x_wconf 64' lang='grc' dir='ltr'>καὶ.</span> 
     </span>
    </p>
   </div>
   <div class='ocr_carea' id='block_1_59' title="bbox 325 4176 1884 4248">
    <p class='ocr_par' dir='ltr' id='par_1_59' title="bbox 325 4176 1884 4248">
     <span class='ocr_line' id='line_1_59' title="bbox 325 4176 1884 4248; baseline 0.003 -20"><span class='ocrx_word' id='word_1_379' title='bbox 325 4176 681 4242; x_wconf 77' lang='grc' dir='ltr'>Ἐξανθήσει</span> <span class='ocrx_word' id='word_1_380' title='bbox 712 4178 812 4231; x_wconf 76' lang='grc' dir='ltr'>καὶ</span> <span class='ocrx_word' id='word_1_381' title='bbox 843 4178 1269 4248; x_wconf 69' lang='grc' dir='ltr'>ἁγαλλιάσεται</span> <span class='ocrx_word' id='word_1_382' title='bbox 1294 4178 1367 4232; x_wconf 84' lang='grc' dir='ltr'>τὰ</span> <span class='ocrx_word' id='word_1_383' title='bbox 1396 4179 1583 4247; x_wconf 80' lang='grc' dir='ltr'>ἔρημα</span> <span class='ocrx_word' id='word_1_384' title='bbox 1607 4178 1713 4233; x_wconf 82' lang='grc' dir='ltr'><strong>τοῦ</strong></span> <span class='ocrx_word' id='word_1_385' title='bbox 1754 4178 1884 4247; x_wconf 84' lang='grc' dir='ltr'>Ἰορ-</span> 
     </span>
    </p>
   </div>
   <div class='ocr_carea' id='block_1_60' title="bbox 312 4266 1884 4341">
    <p class='ocr_par' dir='ltr' id='par_1_60' title="bbox 312 4266 1884 4341">
     <span class='ocr_line' id='line_1_60' title="bbox 312 4266 1884 4341; baseline 0 -19"><span class='ocrx_word' id='word_1_386' title='bbox 312 4270 534 4325; x_wconf 76' lang='grc' dir='ltr'><strong>δάνου⁸</strong></span> <span class='ocrx_word' id='word_1_387' title='bbox 580 4266 662 4335; x_wconf 73' lang='grc' dir='ltr'>οἷς</span> <span class='ocrx_word' id='word_1_388' title='bbox 704 4271 1036 4341; x_wconf 80' lang='grc' dir='ltr'>ὲπισυνῆπτε</span> <span class='ocrx_word' id='word_1_389' title='bbox 1064 4270 1235 4338; x_wconf 87' lang='grc' dir='ltr'>λέγων</span> <span class='ocrx_word' id='word_1_390' title='bbox 1258 4287 1271 4300; x_wconf 71' lang='grc'><strong><em>⁸</em></strong></span> <span class='ocrx_word' id='word_1_391' title='bbox 1317 4270 1655 4339; x_wconf 83' lang='grc' dir='ltr'>Ἰσχύσατε,</span> <span class='ocrx_word' id='word_1_392' title='bbox 1691 4269 1884 4339; x_wconf 80' lang='grc' dir='ltr'>χεῖρες</span> 
     </span>
    </p>
   </div>
   <div class='ocr_carea' id='block_1_61' title="bbox 314 4360 1883 4432">
    <p class='ocr_par' dir='ltr' id='par_1_61' title="bbox 314 4360 1883 4432">
     <span class='ocr_line' id='line_1_61' title="bbox 314 4360 1883 4432; baseline -0.001 -17"><span class='ocrx_word' id='word_1_393' title='bbox 314 4362 638 4431; x_wconf 47' lang='lat' dir='ltr'><strong>diremerat,</strong></span> <span class='ocrx_word' id='word_1_394' title='bbox 675 4363 773 4417; x_wconf 82' lang='grc' dir='ltr'>καὶ</span> <span class='ocrx_word' id='word_1_395' title='bbox 795 4364 1057 4432; x_wconf 73' lang='grc' dir='ltr'>γούνατα</span> <span class='ocrx_word' id='word_1_396' title='bbox 1084 4360 1574 4430; x_wconf 64' lang='grc' dir='ltr'>παραλελυμένω</span> <span class='ocrx_word' id='word_1_397' title='bbox 1616 4377 1883 4429; x_wconf 83' lang='grc' dir='ltr'>παρακα-</span> 
     </span>
    </p>
   </div>
   <div class='ocr_carea' id='block_1_62' title="bbox 316 4450 1881 4521">
    <p class='ocr_par' dir='ltr' id='par_1_62' title="bbox 316 4450 1881 4521">
     <span class='ocr_line' id='line_1_62' title="bbox 316 4450 1881 4521; baseline -0.001 -17"><span class='ocrx_word' id='word_1_398' title='bbox 316 4450 537 4505; x_wconf 77' lang='grc' dir='ltr'>λέσατε</span> <span class='ocrx_word' id='word_1_399' title='bbox 562 4453 615 4504; x_wconf 83' lang='lat' dir='ltr'><strong>ol</strong></span> <span class='ocrx_word' id='word_1_400' title='bbox 648 4452 1002 4521; x_wconf 68' lang='grc' dir='ltr'>όλιτόψυχοι</span> <span class='ocrx_word' id='word_1_401' title='bbox 1028 4451 1104 4520; x_wconf 77' lang='grc' dir='ltr'>τῇ</span> <span class='ocrx_word' id='word_1_402' title='bbox 1138 4451 1398 4518; x_wconf 81' lang='grc' dir='ltr'>διανοίᾳ·</span> <span class='ocrx_word' id='word_1_403' title='bbox 1433 4451 1759 4519; x_wconf 73' lang='grc' dir='ltr'>ἰσχύσατε,</span> <span class='ocrx_word' id='word_1_404' title='bbox 1795 4452 1881 4519; x_wconf 81' lang='grc' dir='ltr'>μὴ</span> 
     </span>
    </p>
   </div>
   <div class='ocr_carea' id='block_1_63' title="bbox 315 4539 1875 4613">
    <p class='ocr_par' dir='ltr' id='par_1_63' title="bbox 315 4542 1875 4613">
     <span class='ocr_line' id='line_1_63' title="bbox 315 4542 1875 4613; baseline -0.001 -15"><span class='ocrx_word' id='word_1_405' title='bbox 315 4543 621 4612; x_wconf 67' lang='grc' dir='ltr'>φοϐεῖσθε·</span> <span class='ocrx_word' id='word_1_406' title='bbox 653 4542 781 4597; x_wconf 82' lang='grc' dir='ltr'>ῑδσὺ</span> <span class='ocrx_word' id='word_1_407' title='bbox 822 4546 855 4598; x_wconf 82' lang='grc' dir='ltr'><strong>ό</strong></span> <span class='ocrx_word' id='word_1_408' title='bbox 884 4543 1027 4610; x_wconf 83' lang='grc' dir='ltr'>Θεὸς</span> <span class='ocrx_word' id='word_1_409' title='bbox 1065 4542 1234 4613; x_wconf 74' lang='grc' dir='ltr'><strong>ἡμῶν</strong></span> <span class='ocrx_word' id='word_1_410' title='bbox 1256 4544 1457 4612; x_wconf 79' lang='grc' dir='ltr'>κρίσιν</span> <span class='ocrx_word' id='word_1_411' title='bbox 1486 4542 1875 4598; x_wconf 74' lang='grc' dir='ltr'>ἀνταποδίδω-</span> 
     </span>
    </p>
   </div>
   <div class='ocr_carea' id='block_1_64' title="bbox 1979 4539 2677 4613">
    <p class='ocr_par' dir='ltr' id='par_1_64' title="bbox 1987 4539 2677 4612">
     <span class='ocr_line' id='line_1_64' title="bbox 1987 4539 2677 4612; baseline -0.007 -16"><span class='ocrx_word' id='word_1_412' title='bbox 1987 4544 2082 4596; x_wconf 89' lang='lat' dir='ltr'><strong>erit</strong></span> <span class='ocrx_word' id='word_1_413' title='bbox 2113 4543 2296 4612; x_wconf 80' lang='lat' dir='ltr'><strong>lingua</strong></span> <span class='ocrx_word' id='word_1_414' title='bbox 2343 4539 2616 4593; x_wconf 78' lang='lat' dir='ltr'><strong>bulborum</strong></span> <span class='ocrx_word' id='word_1_415' title='bbox 2658 4551 2677 4592; x_wconf 91' lang='lat'><strong><em>:</em></strong></span> 
     </span>
    </p>
   </div>
   <div class='ocr_carea' id='block_1_65' title="bbox 313 4634 1886 4705">
    <p class='ocr_par' dir='ltr' id='par_1_65' title="bbox 313 4634 1886 4705">
     <span class='ocr_line' id='line_1_65' title="bbox 313 4634 1886 4705; baseline 0 -16"><span class='ocrx_word' id='word_1_416' title='bbox 313 4648 449 4689; x_wconf 82' lang='grc' dir='ltr'>σιν’</span> <span class='ocrx_word' id='word_1_417' title='bbox 480 4635 661 4701; x_wconf 78' lang='grc' dir='ltr'>αὐτὸς</span> <span class='ocrx_word' id='word_1_418' title='bbox 691 4636 821 4704; x_wconf 82' lang='grc' dir='ltr'>ἥξει</span> <span class='ocrx_word' id='word_1_419' title='bbox 855 4636 954 4689; x_wconf 78' lang='grc' dir='ltr'>καὶ</span> <span class='ocrx_word' id='word_1_420' title='bbox 989 4634 1172 4689; x_wconf 84' lang='grc' dir='ltr'>σώσει</span> <span class='ocrx_word' id='word_1_421' title='bbox 1213 4635 1399 4705; x_wconf 77' lang='grc' dir='ltr'>ἡμᾶς’</span> <span class='ocrx_word' id='word_1_422' title='bbox 1440 4635 1574 4688; x_wconf 83' lang='grc' dir='ltr'>τότε</span> <span class='ocrx_word' id='word_1_423' title='bbox 1610 4634 1886 4705; x_wconf 74' lang='grc' dir='ltr'>ἀνοιχθῆ-</span> 
     </span>
    </p>
   </div>
   <div class='ocr_carea' id='block_1_66' title="bbox 1974 1983 3531 2059">
    <p class='ocr_par' dir='ltr' id='par_1_66' title="bbox 1974 1983 3531 2059">
     <span class='ocr_line' id='line_1_66' title="bbox 1974 1983 3531 2059; baseline -0.008 -15"><span class='ocrx_word' id='word_1_424' title='bbox 1974 2002 2152 2059; x_wconf 70' lang='grc' dir='ltr'>ιπωιιο</span> <span class='ocrx_word' id='word_1_425' title='bbox 2177 1986 2336 2042; x_wconf 87' lang='lat' dir='ltr'><strong>simul</strong></span> <span class='ocrx_word' id='word_1_426' title='bbox 2383 1996 2436 2042; x_wconf 84' lang='lat' dir='ltr'><strong>et</strong></span> <span class='ocrx_word' id='word_1_427' title='bbox 2478 2001 2777 2057; x_wconf 64' lang='lat' dir='ltr'><strong>prxcursor</strong></span> <span class='ocrx_word' id='word_1_428' title='bbox 2799 1985 3025 2048; x_wconf 87' lang='lat' dir='ltr'><strong>Christi,</strong></span> <span class='ocrx_word' id='word_1_429' title='bbox 3052 1984 3258 2053; x_wconf 81' lang='lat' dir='ltr'><strong>primus</strong></span> <span class='ocrx_word' id='word_1_430' title='bbox 3289 1983 3531 2038; x_wconf 87' lang='lat' dir='ltr'><strong>omnium</strong></span> 
     </span>
    </p>
   </div>
   <div class='ocr_carea' id='block_1_67' title="bbox 1976 2075 3532 2149">
    <p class='ocr_par' dir='ltr' id='par_1_67' title="bbox 1976 2075 3532 2149">
     <span class='ocr_line' id='line_1_67' title="bbox 1976 2075 3532 2149; baseline -0.003 -18"><span class='ocrx_word' id='word_1_431' title='bbox 1976 2079 2151 2149; x_wconf 86' lang='lat' dir='ltr'><strong>palam</strong></span> <span class='ocrx_word' id='word_1_432' title='bbox 2184 2079 2394 2135; x_wconf 88' lang='lat' dir='ltr'><strong>cunctis</strong></span> <span class='ocrx_word' id='word_1_433' title='bbox 2442 2077 2768 2145; x_wconf 67' lang='lat' dir='ltr'><strong>praedicabat</strong></span> <span class='ocrx_word' id='word_1_434' title='bbox 2804 2091 3023 2147; x_wconf 84' lang='lat' dir='ltr'><strong>regnum</strong></span> <span class='ocrx_word' id='word_1_435' title='bbox 3062 2076 3154 2131; x_wconf 89' lang='lat' dir='ltr'><strong>Dei</strong></span> <span class='ocrx_word' id='word_1_436' title='bbox 3185 2075 3439 2129; x_wconf 86' lang='lat' dir='ltr'><strong>nuntians</strong></span> <span class='ocrx_word' id='word_1_437' title='bbox 3460 2075 3532 2126; x_wconf 81' lang='lat'><strong>&quot;.</strong></span> 
     </span>
    </p>
   </div>
   <div class='ocr_carea' id='block_1_68' title="bbox 1975 2166 3533 2241">
    <p class='ocr_par' dir='ltr' id='par_1_68' title="bbox 1975 2166 3533 2241">
     <span class='ocr_line' id='line_1_68' title="bbox 1975 2166 3533 2241; baseline -0.003 -16"><span class='ocrx_word' id='word_1_438' title='bbox 1975 2172 2076 2239; x_wconf 85' lang='lat' dir='ltr'><strong>Qui</strong></span> <span class='ocrx_word' id='word_1_439' title='bbox 2112 2186 2231 2227; x_wconf 92' lang='lat' dir='ltr'><strong>cum</strong></span> <span class='ocrx_word' id='word_1_440' title='bbox 2262 2170 2469 2241; x_wconf 88' lang='lat' dir='ltr'><strong>primus</strong></span> <span class='ocrx_word' id='word_1_441' title='bbox 2498 2170 2638 2225; x_wconf 91' lang='lat' dir='ltr'><strong>hanc</strong></span> <span class='ocrx_word' id='word_1_442' title='bbox 2663 2183 2849 2224; x_wconf 88' lang='lat' dir='ltr'><strong>vocem</strong></span> <span class='ocrx_word' id='word_1_443' title='bbox 2892 2166 3178 2231; x_wconf 85' lang='lat' dir='ltr'><strong>emisisset,</strong></span> <span class='ocrx_word' id='word_1_444' title='bbox 3230 2175 3286 2221; x_wconf 91' lang='lat' dir='ltr'><strong>et</strong></span> <span class='ocrx_word' id='word_1_445' title='bbox 3316 2167 3382 2221; x_wconf 88' lang='lat' dir='ltr'><strong>ad</strong></span> <span class='ocrx_word' id='word_1_446' title='bbox 3414 2180 3533 2234; x_wconf 71' lang='lat' dir='ltr'><strong>pa:—</strong></span> 
     </span>
    </p>
   </div>
   <div class='ocr_carea' id='block_1_69' title="bbox 1976 2257 3535 2329">
    <p class='ocr_par' dir='ltr' id='par_1_69' title="bbox 1976 2257 3535 2329">
     <span class='ocr_line' id='line_1_69' title="bbox 1976 2257 3535 2329; baseline -0.005 -11"><span class='ocrx_word' id='word_1_447' title='bbox 1976 2263 2255 2319; x_wconf 84' lang='lat' dir='ltr'><strong>nitentiam</strong></span> <span class='ocrx_word' id='word_1_448' title='bbox 2312 2263 2651 2326; x_wconf 80' lang='lat' dir='ltr'><strong>hortaretur;</strong></span> <span class='ocrx_word' id='word_1_449' title='bbox 2710 2269 2875 2329; x_wconf 87' lang='lat' dir='ltr'><strong>atque</strong></span> <span class='ocrx_word' id='word_1_450' title='bbox 2903 2260 2970 2315; x_wconf 87' lang='lat' dir='ltr'><strong>ad</strong></span> <span class='ocrx_word' id='word_1_451' title='bbox 3000 2259 3275 2314; x_wconf 86' lang='lat' dir='ltr'><strong>lavacrum</strong></span> <span class='ocrx_word' id='word_1_452' title='bbox 3310 2257 3535 2313; x_wconf 86' lang='lat' dir='ltr'><strong>accede-</strong></span> 
     </span>
    </p>
   </div>
   <div class='ocr_carea' id='block_1_70' title="bbox 1976 2349 3539 2423">
    <p class='ocr_par' dir='ltr' id='par_1_70' title="bbox 1976 2349 3539 2423">
     <span class='ocr_line' id='line_1_70' title="bbox 1976 2349 3539 2423; baseline -0.003 -16"><span class='ocrx_word' id='word_1_453' title='bbox 1976 2370 2057 2416; x_wconf 81' lang='lat' dir='ltr'><strong>re,</strong></span> <span class='ocrx_word' id='word_1_454' title='bbox 2082 2364 2136 2411; x_wconf 92' lang='lat' dir='ltr'><strong>et</strong></span> <span class='ocrx_word' id='word_1_455' title='bbox 2171 2353 2380 2409; x_wconf 87' lang='lat' dir='ltr'><strong>animas</strong></span> <span class='ocrx_word' id='word_1_456' title='bbox 2406 2353 2677 2423; x_wconf 89' lang='lat' dir='ltr'><strong>prioribus</strong></span> <span class='ocrx_word' id='word_1_457' title='bbox 2716 2351 2948 2422; x_wconf 87' lang='lat' dir='ltr'><strong>peccatis</strong></span> <span class='ocrx_word' id='word_1_458' title='bbox 2989 2351 3274 2415; x_wconf 89' lang='lat' dir='ltr'><strong>mundare,</strong></span> <span class='ocrx_word' id='word_1_459' title='bbox 3325 2357 3381 2404; x_wconf 90' lang='lat' dir='ltr'><strong>et</strong></span> <span class='ocrx_word' id='word_1_460' title='bbox 3406 2349 3539 2403; x_wconf 85' lang='lat' dir='ltr'><strong>hila-</strong></span> 
     </span>
    </p>
   </div>
   <div class='ocr_carea' id='block_1_71' title="bbox 1976 2442 3534 2515">
    <p class='ocr_par' dir='ltr' id='par_1_71' title="bbox 1976 2442 3534 2515">
     <span class='ocr_line' id='line_1_71' title="bbox 1976 2442 3534 2515; baseline -0.004 -15"><span class='ocrx_word' id='word_1_461' title='bbox 1976 2459 2064 2501; x_wconf 89' lang='lat' dir='ltr'><strong>res</strong></span> <span class='ocrx_word' id='word_1_462' title='bbox 2104 2457 2374 2515; x_wconf 88' lang='lat' dir='ltr'><strong>purosque</strong></span> <span class='ocrx_word' id='word_1_463' title='bbox 2416 2458 2536 2500; x_wconf 87' lang='lat' dir='ltr'><strong>esse</strong></span> <span class='ocrx_word' id='word_1_464' title='bbox 2583 2443 2814 2515; x_wconf 76' lang='lat' dir='ltr'><strong>iuberet,</strong></span> <span class='ocrx_word' id='word_1_465' title='bbox 2872 2452 3036 2515; x_wconf 90' lang='lat' dir='ltr'><strong>atque</strong></span> <span class='ocrx_word' id='word_1_466' title='bbox 3088 2442 3155 2496; x_wconf 88' lang='lat' dir='ltr'><strong>ad</strong></span> <span class='ocrx_word' id='word_1_467' title='bbox 3202 2442 3351 2512; x_wconf 87' lang='lat' dir='ltr'><strong>regni</strong></span> <span class='ocrx_word' id='word_1_468' title='bbox 3383 2442 3534 2496; x_wconf 85' lang='lat' dir='ltr'><strong>initia</strong></span> 
     </span>
    </p>
   </div>
   <div class='ocr_carea' id='block_1_72' title="bbox 1976 2531 3537 2605">
    <p class='ocr_par' dir='ltr' id='par_1_72' title="bbox 1976 2531 3537 2605">
     <span class='ocr_line' id='line_1_72' title="bbox 1976 2531 3537 2605; baseline -0.004 -15"><span class='ocrx_word' id='word_1_469' title='bbox 1976 2537 2301 2605; x_wconf 74' lang='lat' dir='ltr'><strong>prcharari;</strong></span> <span class='ocrx_word' id='word_1_470' title='bbox 2331 2550 2505 2604; x_wconf 88' lang='lat' dir='ltr'><strong>neque</strong></span> <span class='ocrx_word' id='word_1_471' title='bbox 2524 2534 2634 2602; x_wconf 82' lang='lat' dir='ltr'><strong>jam</strong></span> <span class='ocrx_word' id='word_1_472' title='bbox 2674 2546 2959 2590; x_wconf 90' lang='lat' dir='ltr'><strong>consuetos</strong></span> <span class='ocrx_word' id='word_1_473' title='bbox 3004 2532 3393 2603; x_wconf 83' lang='lat' dir='ltr'><strong>Hierosolymis</strong></span> <span class='ocrx_word' id='word_1_474' title='bbox 3424 2531 3537 2585; x_wconf 83' lang='lat' dir='ltr'><strong>Mo-</strong></span> 
     </span>
    </p>
   </div>
   <div class='ocr_carea' id='block_1_73' title="bbox 1977 2621 3541 2691">
    <p class='ocr_par' dir='ltr' id='par_1_73' title="bbox 1977 2621 3541 2691">
     <span class='ocr_line' id='line_1_73' title="bbox 1977 2621 3541 2691; baseline -0.008 -6"><span class='ocrx_word' id='word_1_475' title='bbox 1977 2629 2155 2685; x_wconf 88' lang='lat' dir='ltr'><strong>saicos</strong></span> <span class='ocrx_word' id='word_1_476' title='bbox 2182 2630 2319 2683; x_wconf 91' lang='lat' dir='ltr'><strong>ritus</strong></span> <span class='ocrx_word' id='word_1_477' title='bbox 2354 2627 2781 2691; x_wconf 87' lang='lat' dir='ltr'><strong>commendaret,</strong></span> <span class='ocrx_word' id='word_1_478' title='bbox 2812 2626 2904 2680; x_wconf 86' lang='lat' dir='ltr'><strong>sed</strong></span> <span class='ocrx_word' id='word_1_479' title='bbox 2941 2625 3088 2680; x_wconf 81' lang='lat' dir='ltr'><strong>circa</strong></span> <span class='ocrx_word' id='word_1_480' title='bbox 3117 2621 3408 2677; x_wconf 78' lang='lat' dir='ltr'><strong>Jordanem</strong></span> <span class='ocrx_word' id='word_1_481' title='bbox 3440 2621 3541 2674; x_wconf 84' lang='grc' dir='ltr'>ιιυ-</span> 
     </span>
    </p>
   </div>
   <div class='ocr_carea' id='block_1_74' title="bbox 1976 2713 3536 2786">
    <p class='ocr_par' dir='ltr' id='par_1_74' title="bbox 1976 2713 3536 2786">
     <span class='ocr_line' id='line_1_74' title="bbox 1976 2713 3536 2786; baseline -0.006 -11"><span class='ocrx_word' id='word_1_482' title='bbox 1976 2722 2145 2784; x_wconf 87' lang='lat' dir='ltr'><strong>vium,</strong></span> <span class='ocrx_word' id='word_1_483' title='bbox 2215 2733 2354 2773; x_wconf 87' lang='lat' dir='ltr'><strong>nova</strong></span> <span class='ocrx_word' id='word_1_484' title='bbox 2403 2718 2754 2786; x_wconf 86' lang='lat' dir='ltr'><strong>inauditaque</strong></span> <span class='ocrx_word' id='word_1_485' title='bbox 2802 2713 3138 2786; x_wconf 78' lang='lat' dir='ltr'><strong>purgationis</strong></span> <span class='ocrx_word' id='word_1_486' title='bbox 3194 2728 3291 2782; x_wconf 89' lang='lat' dir='ltr'><strong>per</strong></span> <span class='ocrx_word' id='word_1_487' title='bbox 3341 2728 3536 2782; x_wconf 84' lang='lat' dir='ltr'><strong>aquam</strong></span> 
     </span>
    </p>
   </div>
   <div class='ocr_carea' id='block_1_75' title="bbox 1978 2805 3535 2880">
    <p class='ocr_par' dir='ltr' id='par_1_75' title="bbox 1978 2805 3535 2880">
     <span class='ocr_line' id='line_1_75' title="bbox 1978 2805 3535 2880; baseline -0.005 -18"><span class='ocrx_word' id='word_1_488' title='bbox 1978 2808 2332 2880; x_wconf 85' lang='lat' dir='ltr'><strong>promissione</strong></span> <span class='ocrx_word' id='word_1_489' title='bbox 2382 2806 2692 2859; x_wconf 91' lang='lat' dir='ltr'><strong>universum</strong></span> <span class='ocrx_word' id='word_1_490' title='bbox 2744 2805 2995 2875; x_wconf 82' lang='lat' dir='ltr'><strong>pOpulum</strong></span> <span class='ocrx_word' id='word_1_491' title='bbox 3046 2805 3339 2869; x_wconf 83' lang='lat' dir='ltr'><strong>invitaret;</strong></span> <span class='ocrx_word' id='word_1_492' title='bbox 3410 2816 3535 2856; x_wconf 88' lang='lat' dir='ltr'><strong>cum</strong></span> 
     </span>
    </p>
   </div>
   <div class='ocr_carea' id='block_1_76' title="bbox 1979 2894 3535 2968">
    <p class='ocr_par' dir='ltr' id='par_1_76' title="bbox 1979 2894 3535 2968">
     <span class='ocr_line' id='line_1_76' title="bbox 1979 2894 3535 2968; baseline -0.005 -13"><span class='ocrx_word' id='word_1_493' title='bbox 1979 2902 2113 2965; x_wconf 69' lang='lat' dir='ltr'><strong>hanc,</strong></span> <span class='ocrx_word' id='word_1_494' title='bbox 2144 2899 2380 2968; x_wconf 88' lang='lat' dir='ltr'><strong>inquam,</strong></span> <span class='ocrx_word' id='word_1_495' title='bbox 2414 2897 2627 2961; x_wconf 79' lang='lat' dir='ltr'><strong>tierent,</strong></span> <span class='ocrx_word' id='word_1_496' title='bbox 2660 2895 2697 2950; x_wconf 91' lang='lat' dir='ltr'><strong>ii</strong></span> <span class='ocrx_word' id='word_1_497' title='bbox 2741 2896 2833 2965; x_wconf 92' lang='lat' dir='ltr'><strong>qui</strong></span> <span class='ocrx_word' id='word_1_498' title='bbox 2870 2904 3110 2950; x_wconf 88' lang='lat' dir='ltr'><strong>veterum</strong></span> <span class='ocrx_word' id='word_1_499' title='bbox 3145 2894 3535 2966; x_wconf 87' lang='lat' dir='ltr'><strong>prophetarum</strong></span> 
     </span>
    </p>
   </div>
   <div class='ocr_carea' id='block_1_77' title="bbox 1979 2986 3540 3059">
    <p class='ocr_par' dir='ltr' id='par_1_77' title="bbox 1979 2986 3540 3059">
     <span class='ocr_line' id='line_1_77' title="bbox 1979 2986 3540 3059; baseline -0.007 -12"><span class='ocrx_word' id='word_1_500' title='bbox 1979 2994 2046 3047; x_wconf 87' lang='lat' dir='ltr'><strong>de</strong></span> <span class='ocrx_word' id='word_1_501' title='bbox 2076 2992 2160 3046; x_wconf 90' lang='lat' dir='ltr'><strong>his</strong></span> <span class='ocrx_word' id='word_1_502' title='bbox 2183 2992 2343 3045; x_wconf 88' lang='lat' dir='ltr'><strong>rebus</strong></span> <span class='ocrx_word' id='word_1_503' title='bbox 2370 2988 2745 3059; x_wconf 78' lang='lat' dir='ltr'><strong>praedictiones</strong></span> <span class='ocrx_word' id='word_1_504' title='bbox 2774 2987 3036 3042; x_wconf 91' lang='lat' dir='ltr'><strong>memoria</strong></span> <span class='ocrx_word' id='word_1_505' title='bbox 3076 2986 3380 3040; x_wconf 88' lang='lat' dir='ltr'><strong>retinebant</strong></span> <span class='ocrx_word' id='word_1_506' title='bbox 3406 2998 3540 3052; x_wconf 88' lang='lat' dir='ltr'><strong>pon-</strong></span> 
     </span>
    </p>
   </div>
   <div class='ocr_carea' id='block_1_78' title="bbox 1982 3077 3551 3151">
    <p class='ocr_par' dir='ltr' id='par_1_78' title="bbox 1982 3077 3551 3151">
     <span class='ocr_line' id='line_1_78' title="bbox 1982 3077 3551 3151; baseline -0.006 -14"><span class='ocrx_word' id='word_1_507' title='bbox 1982 3082 2152 3138; x_wconf 88' lang='lat' dir='ltr'><strong>tilices</strong></span> <span class='ocrx_word' id='word_1_508' title='bbox 2181 3091 2345 3151; x_wconf 89' lang='lat' dir='ltr'><strong>atque</strong></span> <span class='ocrx_word' id='word_1_509' title='bbox 2388 3081 2658 3143; x_wconf 83' lang='lat' dir='ltr'><strong>doctores,</strong></span> <span class='ocrx_word' id='word_1_510' title='bbox 2708 3077 2944 3134; x_wconf 82' lang='lat' dir='ltr'><strong>Judaicae</strong></span> <span class='ocrx_word' id='word_1_511' title='bbox 2970 3078 3145 3148; x_wconf 88' lang='lat' dir='ltr'><strong>gentis</strong></span> <span class='ocrx_word' id='word_1_512' title='bbox 3176 3078 3360 3141; x_wconf 88' lang='lat' dir='ltr'><strong>duces,</strong></span> <span class='ocrx_word' id='word_1_513' title='bbox 3399 3090 3551 3129; x_wconf 85' lang='lat' dir='ltr'><strong>novo</strong></span> 
     </span>
    </p>
   </div>
   <div class='ocr_carea' id='block_1_79' title="bbox 1980 3167 3539 3242">
    <p class='ocr_par' dir='ltr' id='par_1_79' title="bbox 1980 3167 3539 3242">
     <span class='ocr_line' id='line_1_79' title="bbox 1980 3167 3539 3242; baseline -0.003 -18"><span class='ocrx_word' id='word_1_514' title='bbox 1980 3171 2253 3242; x_wconf 72' lang='lat' dir='ltr'><strong>prteconio</strong></span> <span class='ocrx_word' id='word_1_515' title='bbox 2275 3184 2434 3224; x_wconf 88' lang='lat' dir='ltr'><strong>aures</strong></span> <span class='ocrx_word' id='word_1_516' title='bbox 2460 3168 2716 3239; x_wconf 74' lang='lat' dir='ltr'><strong>perculsi,</strong></span> <span class='ocrx_word' id='word_1_517' title='bbox 2768 3167 2943 3237; x_wconf 91' lang='lat' dir='ltr'><strong>ipsum</strong></span> <span class='ocrx_word' id='word_1_518' title='bbox 2976 3167 3391 3237; x_wconf 87' lang='lat' dir='ltr'><strong>suspicabantur</strong></span> <span class='ocrx_word' id='word_1_519' title='bbox 3418 3181 3539 3220; x_wconf 81' lang='lat' dir='ltr'><strong>esse</strong></span> 
     </span>
    </p>
   </div>
   <div class='ocr_carea' id='block_1_80' title="bbox 1979 3260 3541 3335">
    <p class='ocr_par' dir='ltr' id='par_1_80' title="bbox 1979 3260 3541 3335">
     <span class='ocr_line' id='line_1_80' title="bbox 1979 3260 3541 3335; baseline -0.004 -16"><span class='ocrx_word' id='word_1_520' title='bbox 1979 3266 2128 3320; x_wconf 91' lang='lat' dir='ltr'><strong>illum</strong></span> <span class='ocrx_word' id='word_1_521' title='bbox 2160 3280 2318 3335; x_wconf 89' lang='lat' dir='ltr'><strong>quem</strong></span> <span class='ocrx_word' id='word_1_522' title='bbox 2352 3274 2637 3318; x_wconf 88' lang='lat' dir='ltr'><strong>venturum</strong></span> <span class='ocrx_word' id='word_1_523' title='bbox 2683 3261 2893 3331; x_wconf 80' lang='lat' dir='ltr'><strong>jamdiu</strong></span> <span class='ocrx_word' id='word_1_524' title='bbox 2948 3260 3356 3331; x_wconf 80' lang='lat' dir='ltr'><strong>exspectabant,</strong></span> <span class='ocrx_word' id='word_1_525' title='bbox 3392 3274 3541 3315; x_wconf 84' lang='lat' dir='ltr'><strong>com-</strong></span> 
     </span>
    </p>
   </div>
   <div class='ocr_carea' id='block_1_81' title="bbox 1979 3351 3539 3424">
    <p class='ocr_par' dir='ltr' id='par_1_81' title="bbox 1979 3351 3539 3424">
     <span class='ocr_line' id='line_1_81' title="bbox 1979 3351 3539 3424; baseline -0.007 -9"><span class='ocrx_word' id='word_1_526' title='bbox 1979 3373 2195 3415; x_wconf 88' lang='lat' dir='ltr'><strong>munem</strong></span> <span class='ocrx_word' id='word_1_527' title='bbox 2249 3356 2465 3412; x_wconf 90' lang='lat' dir='ltr'><strong>humani</strong></span> <span class='ocrx_word' id='word_1_528' title='bbox 2511 3355 2729 3424; x_wconf 79' lang='lat' dir='ltr'><strong>generis</strong></span> <span class='ocrx_word' id='word_1_529' title='bbox 2780 3353 3159 3417; x_wconf 86' lang='lat' dir='ltr'><strong>Servatorem;</strong></span> <span class='ocrx_word' id='word_1_530' title='bbox 3212 3351 3363 3406; x_wconf 61' lang='lat' dir='ltr'><strong>Isaiae</strong></span> <span class='ocrx_word' id='word_1_531' title='bbox 3410 3366 3539 3421; x_wconf 87' lang='lat' dir='ltr'><strong>pro-</strong></span> 
     </span>
    </p>
   </div>
   <div class='ocr_carea' id='block_1_82' title="bbox 1979 3436 3538 3520">
    <p class='ocr_par' dir='ltr' id='par_1_82' title="bbox 1979 3436 3538 3520">
     <span class='ocr_line' id='line_1_82' title="bbox 1979 3436 3538 3520; baseline -0.01 -16"><span class='ocrx_word' id='word_1_532' title='bbox 1979 3450 2155 3520; x_wconf 62' lang='lat' dir='ltr'><strong>pheta:</strong></span> <span class='ocrx_word' id='word_1_533' title='bbox 2186 3444 2403 3501; x_wconf 90' lang='lat' dir='ltr'><strong>oracula</strong></span> <span class='ocrx_word' id='word_1_534' title='bbox 2437 3450 2839 3512; x_wconf 88' lang='lat' dir='ltr'><strong>comparantes,</strong></span> <span class='ocrx_word' id='word_1_535' title='bbox 2867 3440 2959 3511; x_wconf 90' lang='lat' dir='ltr'><strong>qui</strong></span> <span class='ocrx_word' id='word_1_536' title='bbox 2988 3439 3185 3494; x_wconf 88' lang='lat' dir='ltr'><strong>deserti</strong></span> <span class='ocrx_word' id='word_1_537' title='bbox 3221 3436 3538 3493; x_wconf 85' lang='lat' dir='ltr'><strong>nominatim</strong></span> 
     </span>
    </p>
   </div>
   <div class='ocr_carea' id='block_1_83' title="bbox 1980 3526 3543 3612">
    <p class='ocr_par' dir='ltr' id='par_1_83' title="bbox 1980 3526 3543 3612">
     <span class='ocr_line' id='line_1_83' title="bbox 1980 3526 3543 3612; baseline -0.009 -17"><span class='ocrx_word' id='word_1_538' title='bbox 1980 3552 2033 3595; x_wconf 89' lang='lat' dir='ltr'><strong>et</strong></span> <span class='ocrx_word' id='word_1_539' title='bbox 2063 3537 2463 3612; x_wconf 70' lang='lat' dir='ltr'><strong>praedicationis</strong></span> <span class='ocrx_word' id='word_1_540' title='bbox 2495 3545 2658 3606; x_wconf 88' lang='lat' dir='ltr'><strong>atque</strong></span> <span class='ocrx_word' id='word_1_541' title='bbox 2683 3532 2933 3589; x_wconf 70' lang='lat' dir='ltr'><strong>Iordanis</strong></span> <span class='ocrx_word' id='word_1_542' title='bbox 2960 3532 3046 3588; x_wconf 88' lang='lat' dir='ltr'><strong>his</strong></span> <span class='ocrx_word' id='word_1_543' title='bbox 3079 3531 3261 3587; x_wconf 89' lang='lat' dir='ltr'><strong>verbis</strong></span> <span class='ocrx_word' id='word_1_544' title='bbox 3286 3526 3543 3585; x_wconf 72' lang='lat' dir='ltr'><strong>memine-</strong></span> 
     </span>
    </p>
   </div>
   <div class='ocr_carea' id='block_1_84' title="bbox 1977 3622 3542 3694">
    <p class='ocr_par' dir='ltr' id='par_1_84' title="bbox 1977 3622 3542 3694">
     <span class='ocr_line' id='line_1_84' title="bbox 1977 3622 3542 3694; baseline -0.01 -5"><span class='ocrx_word' id='word_1_545' title='bbox 1977 3644 2059 3689; x_wconf 85' lang='lat' dir='ltr'><strong>rat</strong></span> <span class='ocrx_word' id='word_1_546' title='bbox 2095 3649 2109 3686; x_wconf 91' lang='lat'><strong>:</strong></span> <span class='ocrx_word' id='word_1_547' title='bbox 2152 3631 2266 3687; x_wconf 86' lang='lat' dir='ltr'><strong>Vox</strong></span> <span class='ocrx_word' id='word_1_548' title='bbox 2310 3630 2588 3685; x_wconf 83' lang='lat' dir='ltr'><strong>clamantis</strong></span> <span class='ocrx_word' id='word_1_549' title='bbox 2632 3631 2687 3683; x_wconf 86' lang='lat' dir='ltr'><strong>in</strong></span> <span class='ocrx_word' id='word_1_550' title='bbox 2728 3628 2948 3694; x_wconf 85' lang='lat' dir='ltr'><strong>deserto,</strong></span> <span class='ocrx_word' id='word_1_551' title='bbox 2981 3625 3174 3679; x_wconf 86' lang='lat' dir='ltr'><strong>Parate</strong></span> <span class='ocrx_word' id='word_1_552' title='bbox 3198 3625 3332 3678; x_wconf 81' lang='lat' dir='ltr'><strong>viam</strong></span> <span class='ocrx_word' id='word_1_553' title='bbox 3357 3622 3542 3677; x_wconf 90' lang='lat' dir='ltr'><strong>Domi-</strong></span> 
     </span>
    </p>
   </div>
   <div class='ocr_carea' id='block_1_85' title="bbox 1979 3713 3542 3793">
    <p class='ocr_par' dir='ltr' id='par_1_85' title="bbox 1979 3713 3542 3793">
     <span class='ocr_line' id='line_1_85' title="bbox 1979 3713 3542 3793; baseline -0.019 1"><span class='ocrx_word' id='word_1_554' title='bbox 1979 3728 2035 3780; x_wconf 74' lang='grc' dir='ltr'>πί</span> <span class='ocrx_word' id='word_1_555' title='bbox 2064 3725 2131 3791; x_wconf 67' lang='grc'><strong>’⁸,</strong></span> <span class='ocrx_word' id='word_1_556' title='bbox 2166 3732 2219 3779; x_wconf 78' lang='grc' dir='ltr'><strong>ει</strong></span> <span class='ocrx_word' id='word_1_557' title='bbox 2254 3722 2496 3793; x_wconf 72' lang='grc' dir='ltr'>τεὶίιιυεις</span> <span class='ocrx_word' id='word_1_558' title='bbox 2531 3728 2587 3775; x_wconf 87' lang='lat' dir='ltr'><strong>et</strong></span> <span class='ocrx_word' id='word_1_559' title='bbox 2628 3734 2814 3774; x_wconf 83' lang='lat' dir='ltr'><strong>rursus</strong></span> <span class='ocrx_word' id='word_1_560' title='bbox 2844 3736 2858 3774; x_wconf 90' lang='lat'><strong>:</strong></span> <span class='ocrx_word' id='word_1_561' title='bbox 2902 3716 3128 3783; x_wconf 57' lang='lat' dir='ltr'><strong>Lazare,</strong></span> <span class='ocrx_word' id='word_1_562' title='bbox 3171 3717 3431 3770; x_wconf 78' lang='lat' dir='ltr'><strong>desertum</strong></span> <span class='ocrx_word' id='word_1_563' title='bbox 3464 3713 3542 3765; x_wconf 78' lang='lat' dir='ltr'><strong>si-</strong></span> 
     </span>
    </p>
   </div>
   <div class='ocr_carea' id='block_1_86' title="bbox 1981 3806 3542 3882">
    <p class='ocr_par' dir='ltr' id='par_1_86' title="bbox 1981 3806 3542 3882">
     <span class='ocr_line' id='line_1_86' title="bbox 1981 3806 3542 3882; baseline -0.008 -13"><span class='ocrx_word' id='word_1_564' title='bbox 1981 3818 2138 3879; x_wconf 94' lang='lat' dir='ltr'><strong>tiens,</strong></span> <span class='ocrx_word' id='word_1_565' title='bbox 2172 3819 2391 3869; x_wconf 81' lang='lat' dir='ltr'><strong>exsultet</strong></span> <span class='ocrx_word' id='word_1_566' title='bbox 2417 3816 2700 3876; x_wconf 83' lang='lat' dir='ltr'><strong>desertum,</strong></span> <span class='ocrx_word' id='word_1_567' title='bbox 2733 3821 2780 3865; x_wconf 89' lang='lat' dir='ltr'><strong>et</strong></span> <span class='ocrx_word' id='word_1_568' title='bbox 2807 3811 3083 3882; x_wconf 74' lang='lat' dir='ltr'><strong>eﬂlorescat</strong></span> <span class='ocrx_word' id='word_1_569' title='bbox 3114 3811 3246 3862; x_wconf 84' lang='lat' dir='ltr'><strong>sicut</strong></span> <span class='ocrx_word' id='word_1_570' title='bbox 3277 3807 3446 3859; x_wconf 86' lang='lat' dir='ltr'><strong>lilium</strong></span> <span class='ocrx_word' id='word_1_571' title='bbox 3471 3806 3542 3869; x_wconf 80' lang='lat'><strong>&quot;;</strong></span> 
     </span>
    </p>
   </div>
   <div class='ocr_carea' id='block_1_87' title="bbox 1982 3898 3543 3973">
    <p class='ocr_par' dir='ltr' id='par_1_87' title="bbox 1982 3898 3543 3973">
     <span class='ocr_line' id='line_1_87' title="bbox 1982 3898 3543 3973; baseline -0.01 -11"><span class='ocrx_word' id='word_1_572' title='bbox 1982 3918 2057 3973; x_wconf 85' lang='lat' dir='ltr'><strong>et,</strong></span> <span class='ocrx_word' id='word_1_573' title='bbox 2090 3906 2377 3961; x_wconf 77' lang='lat' dir='ltr'><strong>Florebant</strong></span> <span class='ocrx_word' id='word_1_574' title='bbox 2407 3915 2456 3960; x_wconf 85' lang='lat' dir='ltr'><strong>et</strong></span> <span class='ocrx_word' id='word_1_575' title='bbox 2489 3903 2821 3959; x_wconf 76' lang='lat' dir='ltr'><strong>exsultabant</strong></span> <span class='ocrx_word' id='word_1_576' title='bbox 2866 3901 3071 3955; x_wconf 88' lang='lat' dir='ltr'><strong>deserta</strong></span> <span class='ocrx_word' id='word_1_577' title='bbox 3104 3899 3220 3953; x_wconf 84' lang='lat' dir='ltr'><strong>loca</strong></span> <span class='ocrx_word' id='word_1_578' title='bbox 3250 3898 3543 3959; x_wconf 84' lang='lat' dir='ltr'><strong>Jordanis;</strong></span> 
     </span>
    </p>
   </div>
   <div class='ocr_carea' id='block_1_88' title="bbox 1982 3988 3543 4071">
    <p class='ocr_par' dir='ltr' id='par_1_88' title="bbox 1982 3988 3543 4071">
     <span class='ocr_line' id='line_1_88' title="bbox 1982 3988 3543 4071; baseline -0.008 -19"><span class='ocrx_word' id='word_1_579' title='bbox 1982 4005 2179 4071; x_wconf 87' lang='lat' dir='ltr'><strong>quibus</strong></span> <span class='ocrx_word' id='word_1_580' title='bbox 2203 3997 2410 4051; x_wconf 86' lang='lat' dir='ltr'><strong>addidit</strong></span> <span class='ocrx_word' id='word_1_581' title='bbox 2435 3998 2625 4051; x_wconf 90' lang='lat' dir='ltr'><strong>dicens</strong></span> <span class='ocrx_word' id='word_1_582' title='bbox 2662 4012 2676 4049; x_wconf 89' lang='lat'><strong>:</strong></span> <span class='ocrx_word' id='word_1_583' title='bbox 2703 3992 3063 4057; x_wconf 82' lang='lat' dir='ltr'><strong>Roboramini,</strong></span> <span class='ocrx_word' id='word_1_584' title='bbox 3090 4006 3275 4043; x_wconf 87' lang='lat' dir='ltr'><strong>manus</strong></span> <span class='ocrx_word' id='word_1_585' title='bbox 3310 3988 3543 4042; x_wconf 68' lang='lat' dir='ltr'><strong>remissae</strong></span> 
     </span>
    </p>
   </div>
   <div class='ocr_carea' id='block_1_89' title="bbox 1983 4077 3543 4156">
    <p class='ocr_par' dir='ltr' id='par_1_89' title="bbox 1983 4077 3543 4156">
     <span class='ocr_line' id='line_1_89' title="bbox 1983 4077 3543 4156; baseline -0.008 -15"><span class='ocrx_word' id='word_1_586' title='bbox 1983 4098 2030 4141; x_wconf 89' lang='lat' dir='ltr'><strong>et</strong></span> <span class='ocrx_word' id='word_1_587' title='bbox 2064 4102 2234 4156; x_wconf 83' lang='lat' dir='ltr'><strong>genua</strong></span> <span class='ocrx_word' id='word_1_588' title='bbox 2289 4083 2549 4138; x_wconf 86' lang='lat' dir='ltr'><strong>dissoluta</strong></span> <span class='ocrx_word' id='word_1_589' title='bbox 2598 4098 2618 4138; x_wconf 89' lang='lat'><strong><em>:</em></strong></span> <span class='ocrx_word' id='word_1_590' title='bbox 2675 4080 3040 4143; x_wconf 87' lang='lat' dir='ltr'><strong>consolamini,</strong></span> <span class='ocrx_word' id='word_1_591' title='bbox 3100 4077 3279 4145; x_wconf 83' lang='lat' dir='ltr'><strong>pusilli</strong></span> <span class='ocrx_word' id='word_1_592' title='bbox 3331 4085 3543 4137; x_wconf 87' lang='lat' dir='ltr'><strong>mente;</strong></span> 
     </span>
    </p>
   </div>
   <div class='ocr_carea' id='block_1_90' title="bbox 1984 4164 3545 4243">
    <p class='ocr_par' dir='ltr' id='par_1_90' title="bbox 1984 4164 3545 4243">
     <span class='ocr_line' id='line_1_90' title="bbox 1984 4164 3545 4243; baseline -0.01 -12"><span class='ocrx_word' id='word_1_593' title='bbox 1984 4175 2375 4243; x_wconf 77' lang='lat' dir='ltr'><strong>confortamini,</strong></span> <span class='ocrx_word' id='word_1_594' title='bbox 2421 4174 2579 4227; x_wconf 87' lang='lat' dir='ltr'><strong>nolite</strong></span> <span class='ocrx_word' id='word_1_595' title='bbox 2614 4172 2794 4226; x_wconf 88' lang='lat' dir='ltr'><strong>timere</strong></span> <span class='ocrx_word' id='word_1_596' title='bbox 2819 4186 2837 4223; x_wconf 91' lang='lat'><strong><em>:</em></strong></span> <span class='ocrx_word' id='word_1_597' title='bbox 2866 4186 2981 4224; x_wconf 82' lang='lat' dir='ltr'><strong>ecce</strong></span> <span class='ocrx_word' id='word_1_598' title='bbox 3023 4167 3157 4221; x_wconf 84' lang='lat' dir='ltr'><strong>Deus</strong></span> <span class='ocrx_word' id='word_1_599' title='bbox 3202 4175 3376 4222; x_wconf 84' lang='lat' dir='ltr'><strong>noster</strong></span> <span class='ocrx_word' id='word_1_600' title='bbox 3392 4164 3545 4234; x_wconf 85' lang='lat' dir='ltr'><strong>judi-</strong></span> 
     </span>
    </p>
   </div>
   <div class='ocr_carea' id='block_1_91' title="bbox 1986 4260 3543 4333">
    <p class='ocr_par' dir='ltr' id='par_1_91' title="bbox 1986 4260 3543 4333">
     <span class='ocr_line' id='line_1_91' title="bbox 1986 4260 3543 4333; baseline -0.009 -11"><span class='ocrx_word' id='word_1_601' title='bbox 1986 4272 2122 4323; x_wconf 83' lang='lat' dir='ltr'><strong>cium</strong></span> <span class='ocrx_word' id='word_1_602' title='bbox 2154 4267 2395 4321; x_wconf 84' lang='lat' dir='ltr'><strong>retribuit</strong></span> <span class='ocrx_word' id='word_1_603' title='bbox 2423 4282 2442 4318; x_wconf 90' lang='lat'><strong><em>:</em></strong></span> <span class='ocrx_word' id='word_1_604' title='bbox 2467 4267 2577 4333; x_wconf 82' lang='lat' dir='ltr'><strong>ipse</strong></span> <span class='ocrx_word' id='word_1_605' title='bbox 2605 4264 2770 4318; x_wconf 85' lang='lat' dir='ltr'><strong>veniet</strong></span> <span class='ocrx_word' id='word_1_606' title='bbox 2796 4262 2865 4315; x_wconf 87' lang='lat' dir='ltr'><strong>ad</strong></span> <span class='ocrx_word' id='word_1_607' title='bbox 2897 4260 3204 4315; x_wconf 80' lang='lat' dir='ltr'><strong>saluandam</strong></span> <span class='ocrx_word' id='word_1_608' title='bbox 3238 4275 3331 4313; x_wconf 88' lang='lat' dir='ltr'><strong>nos</strong></span> <span class='ocrx_word' id='word_1_609' title='bbox 3369 4274 3388 4313; x_wconf 90' lang='lat'><strong><em>:</em></strong></span> <span class='ocrx_word' id='word_1_610' title='bbox 3421 4268 3543 4309; x_wconf 86' lang='lat' dir='ltr'><strong>tunc</strong></span> 
     </span>
    </p>
   </div>
   <div class='ocr_carea' id='block_1_92' title="bbox 1986 4352 3545 4428">
    <p class='ocr_par' dir='ltr' id='par_1_92' title="bbox 1986 4352 3545 4428">
     <span class='ocr_line' id='line_1_92' title="bbox 1986 4352 3545 4428; baseline -0.009 -15"><span class='ocrx_word' id='word_1_611' title='bbox 1986 4360 2286 4428; x_wconf 85' lang='lat' dir='ltr'><strong>aperientur</strong></span> <span class='ocrx_word' id='word_1_612' title='bbox 2326 4356 2464 4410; x_wconf 86' lang='lat' dir='ltr'><strong>oculi</strong></span> <span class='ocrx_word' id='word_1_613' title='bbox 2498 4367 2780 4419; x_wconf 79' lang='lat' dir='ltr'><strong>cwcorum,</strong></span> <span class='ocrx_word' id='word_1_614' title='bbox 2822 4361 2871 4406; x_wconf 91' lang='lat' dir='ltr'><strong>et</strong></span> <span class='ocrx_word' id='word_1_615' title='bbox 2918 4367 3072 4405; x_wconf 88' lang='lat' dir='ltr'><strong>aures</strong></span> <span class='ocrx_word' id='word_1_616' title='bbox 3119 4352 3400 4405; x_wconf 79' lang='lat' dir='ltr'><strong>surdorum</strong></span> <span class='ocrx_word' id='word_1_617' title='bbox 3444 4364 3545 4400; x_wconf 85' lang='lat' dir='ltr'><strong>au-</strong></span> 
     </span>
    </p>
   </div>
   <div class='ocr_carea' id='block_1_93' title="bbox 1986 4438 3559 4505">
    <p class='ocr_par' dir='ltr' id='par_1_93' title="bbox 1986 4438 3559 4505">
     <span class='ocr_line' id='line_1_93' title="bbox 1986 4438 3559 4505; baseline -0.01 -1"><span class='ocrx_word' id='word_1_618' title='bbox 1986 4451 2125 4504; x_wconf 87' lang='lat' dir='ltr'><strong>dient</strong></span> <span class='ocrx_word' id='word_1_619' title='bbox 2149 4465 2168 4504; x_wconf 91' lang='lat'><strong><em>:</em></strong></span> <span class='ocrx_word' id='word_1_620' title='bbox 2199 4460 2320 4503; x_wconf 89' lang='lat' dir='ltr'><strong>tunc</strong></span> <span class='ocrx_word' id='word_1_621' title='bbox 2368 4446 2591 4501; x_wconf 86' lang='lat' dir='ltr'><strong>claudus</strong></span> <span class='ocrx_word' id='word_1_622' title='bbox 2620 4444 2769 4499; x_wconf 87' lang='lat' dir='ltr'><strong>saliet</strong></span> <span class='ocrx_word' id='word_1_623' title='bbox 2808 4442 3180 4503; x_wconf 75' lang='lat' dir='ltr'><strong>sicut&#39;cervus,</strong></span> <span class='ocrx_word' id='word_1_624' title='bbox 3218 4450 3265 4493; x_wconf 90' lang='lat' dir='ltr'><strong>et</strong></span> <span class='ocrx_word' id='word_1_625' title='bbox 3307 4438 3559 4505; x_wconf 80' lang='lat' dir='ltr'><strong>expedita-</strong></span> 
     </span>
    </p>
   </div>
   <div class='ocr_carea' id='block_1_94' title="bbox 2736 4530 3564 4606">
    <p class='ocr_par' dir='ltr' id='par_1_94' title="bbox 2736 4530 3564 4606">
     <span class='ocr_line' id='line_1_94' title="bbox 2736 4530 3564 4606; baseline -0.01 -19"><span class='ocrx_word' id='word_1_626' title='bbox 2736 4536 2860 4606; x_wconf 83' lang='lat' dir='ltr'><strong>quia</strong></span> <span class='ocrx_word' id='word_1_627' title='bbox 2905 4542 3188 4599; x_wconf 87' lang='lat' dir='ltr'><strong>eruperunt</strong></span> <span class='ocrx_word' id='word_1_628' title='bbox 3236 4533 3290 4585; x_wconf 90' lang='lat' dir='ltr'><strong>in</strong></span> <span class='ocrx_word' id='word_1_629' title='bbox 3342 4530 3564 4584; x_wconf 58' lang='lat' dir='ltr'><strong>deserto.</strong></span> 
     </span>
    </p>
   </div>
   <div class='ocr_carea' id='block_1_95' title="bbox 1987 4626 3089 4698">
    <p class='ocr_par' dir='ltr' id='par_1_95' title="bbox 1987 4626 3089 4698">
     <span class='ocr_line' id='line_1_95' title="bbox 1987 4626 3089 4698; baseline -0.009 -10"><span class='ocrx_word' id='word_1_630' title='bbox 1987 4635 2259 4698; x_wconf 76' lang='lat' dir='ltr'><strong>scatebrw,</strong></span> <span class='ocrx_word' id='word_1_631' title='bbox 2297 4642 2342 4686; x_wconf 86' lang='lat' dir='ltr'><strong>et</strong></span> <span class='ocrx_word' id='word_1_632' title='bbox 2366 4630 2515 4685; x_wconf 81' lang='lat' dir='ltr'><strong>uallis</strong></span> <span class='ocrx_word' id='word_1_633' title='bbox 2544 4631 2601 4683; x_wconf 89' lang='lat' dir='ltr'><strong>in</strong></span> <span class='ocrx_word' id='word_1_634' title='bbox 2629 4638 2768 4683; x_wconf 86' lang='lat' dir='ltr'><strong>terra</strong></span> <span class='ocrx_word' id='word_1_635' title='bbox 2797 4626 3001 4680; x_wconf 86' lang='lat' dir='ltr'><strong>sitiente</strong></span> <span class='ocrx_word' id='word_1_636' title='bbox 3023 4626 3089 4678; x_wconf 73' lang='grc'><strong>’³.</strong></span> 
     </span>
    </p>
   </div>
   <div class='ocr_carea' id='block_1_96' title="bbox 388 4747 1875 4817">
    <p class='ocr_par' dir='ltr' id='par_1_96' title="bbox 388 4747 1875 4815">
     <span class='ocr_line' id='line_1_96' title="bbox 388 4747 1875 4815; baseline 0.003 -14"><span class='ocrx_word' id='word_1_637' title='bbox 388 4748 437 4780; x_wconf 81' lang='grc'><strong>⁸⁵</strong></span> <span class='ocrx_word' id='word_1_638' title='bbox 462 4747 652 4804; x_wconf 79' lang='lat' dir='ltr'><strong>Matth.</strong></span> <span class='ocrx_word' id='word_1_639' title='bbox 690 4765 772 4804; x_wconf 92' lang='grc' dir='ltr'>ιιι.</span> <span class='ocrx_word' id='word_1_640' title='bbox 847 4749 893 4782; x_wconf 75' lang='grc'><strong>⁸⁵</strong></span> <span class='ocrx_word' id='word_1_641' title='bbox 927 4748 1031 4805; x_wconf 88' lang='lat' dir='ltr'><strong>Isa.</strong></span> <span class='ocrx_word' id='word_1_642' title='bbox 1058 4765 1148 4812; x_wconf 77' lang='lat' dir='ltr'><strong>XL.</strong></span> <span class='ocrx_word' id='word_1_643' title='bbox 1185 4752 1237 4805; x_wconf 82' lang='grc'><strong>’5.</strong></span> <span class='ocrx_word' id='word_1_644' title='bbox 1315 4751 1358 4781; x_wconf 77' lang='grc'><strong>’⁷</strong></span> <span class='ocrx_word' id='word_1_645' title='bbox 1386 4750 1490 4805; x_wconf 86' lang='lat' dir='ltr'><strong>lsa.</strong></span> <span class='ocrx_word' id='word_1_646' title='bbox 1518 4765 1684 4815; x_wconf 80' lang='lat' dir='ltr'><strong>xxxv,</strong></span> <span class='ocrx_word' id='word_1_647' title='bbox 1710 4750 1763 4806; x_wconf 79' lang='grc' dir='ltr'><strong>Ι.</strong></span> <span class='ocrx_word' id='word_1_648' title='bbox 1838 4751 1875 4783; x_wconf 75' lang='grc' dir='ltr'><strong>ἐ</strong></span> 
     </span>
    </p>
   </div>
   <div class='ocr_carea' id='block_1_97' title="bbox 1979 4747 2254 4817">
    <p class='ocr_par' dir='ltr' id='par_1_97' title="bbox 1979 4751 2254 4817">
     <span class='ocr_line' id='line_1_97' title="bbox 1979 4751 2254 4817; baseline -0.004 -13"><span class='ocrx_word' id='word_1_649' title='bbox 1979 4751 2044 4806; x_wconf 88' lang='lat' dir='ltr'><strong>id.</strong></span> <span class='ocrx_word' id='word_1_650' title='bbox 2076 4752 2110 4806; x_wconf 78' lang='lat'><strong>5</strong></span> <span class='ocrx_word' id='word_1_651' title='bbox 2137 4752 2254 4817; x_wconf 73' lang='lat' dir='ltr'><strong>s&#39;eq.</strong></span> 
     </span>
    </p>
   </div>
   <div class='ocr_carea' id='block_1_98' title="bbox 391 4860 1883 4930">
    <p class='ocr_par' dir='ltr' id='par_1_98' title="bbox 391 4860 1883 4930">
     <span class='ocr_line' id='line_1_98' title="bbox 391 4860 1883 4930; baseline -0.001 -14"><span class='ocrx_word' id='word_1_652' title='bbox 391 4862 507 4930; x_wconf 80' lang='lat' dir='ltr'><strong>(9i)</strong></span> <span class='ocrx_word' id='word_1_653' title='bbox 538 4860 613 4915; x_wconf 86' lang='lat' dir='ltr'><strong>Ita</strong></span> <span class='ocrx_word' id='word_1_654' title='bbox 642 4862 806 4914; x_wconf 88' lang='lat' dir='ltr'><strong>etiam</strong></span> <span class='ocrx_word' id='word_1_655' title='bbox 839 4861 892 4915; x_wconf 87' lang='lat' dir='ltr'><strong>in</strong></span> <span class='ocrx_word' id='word_1_656' title='bbox 923 4860 1179 4915; x_wconf 85' lang='lat' dir='ltr'><strong>Chronico</strong></span> <span class='ocrx_word' id='word_1_657' title='bbox 1208 4861 1472 4916; x_wconf 86' lang='lat' dir='ltr'><strong>Eusebius</strong></span> <span class='ocrx_word' id='word_1_658' title='bbox 1505 4861 1789 4929; x_wconf 75' lang='lat' dir='ltr'><strong>distinguit</strong></span> <span class='ocrx_word' id='word_1_659' title='bbox 1814 4862 1883 4915; x_wconf 75' lang='lat' dir='ltr'><strong>ab</strong></span> 
     </span>
    </p>
   </div>
   <div class='ocr_carea' id='block_1_99' title="bbox 317 4930 1884 5001">
    <p class='ocr_par' dir='ltr' id='par_1_99' title="bbox 317 4930 1884 5001">
     <span class='ocr_line' id='line_1_99' title="bbox 317 4930 1884 5001; baseline -0.002 -14"><span class='ocrx_word' id='word_1_660' title='bbox 317 4930 1003 5001; x_wconf 64' lang='lat' dir='ltr'><strong>EgyptoAlexandriam;</strong></span> <span class='ocrx_word' id='word_1_661' title='bbox 1040 4946 1231 4999; x_wconf 87' lang='lat' dir='ltr'><strong>nempe</strong></span> <span class='ocrx_word' id='word_1_662' title='bbox 1258 4932 1389 5001; x_wconf 88' lang='lat' dir='ltr'><strong>urbe</strong></span> <span class='ocrx_word' id='word_1_663' title='bbox 1417 4930 1684 5001; x_wconf 72' lang='lat' dir='ltr'><strong>det-rotans</strong></span> <span class='ocrx_word' id='word_1_664' title='bbox 1713 4930 1884 5001; x_wconf 53' lang='lat' dir='ltr'><strong>[Egyé</strong></span> 
     </span>
    </p>
   </div>
   <div class='ocr_carea' id='block_1_100' title="bbox 318 5000 1883 5069">
    <p class='ocr_par' dir='ltr' id='par_1_100' title="bbox 318 5000 1883 5069">
     <span class='ocr_line' id='line_1_100' title="bbox 318 5000 1883 5069; baseline 0.003 -19"><span class='ocrx_word' id='word_1_665' title='bbox 318 5000 467 5069; x_wconf 80' lang='lat' dir='ltr'><strong>ptum</strong></span> <span class='ocrx_word' id='word_1_666' title='bbox 499 5000 830 5061; x_wconf 83' lang='lat' dir='ltr'><strong>inferiorem,</strong></span> <span class='ocrx_word' id='word_1_667' title='bbox 880 5000 995 5068; x_wconf 87' lang='lat' dir='ltr'><strong>ipso</strong></span> <span class='ocrx_word' id='word_1_668' title='bbox 1025 5010 1202 5053; x_wconf 87' lang='lat' dir='ltr'><strong>autem</strong></span> <span class='ocrx_word' id='word_1_669' title='bbox 1233 5000 1468 5069; x_wconf 85' lang='lat' dir='ltr'><strong>regionis</strong></span> <span class='ocrx_word' id='word_1_670' title='bbox 1514 5000 1731 5055; x_wconf 90' lang='lat' dir='ltr'><strong>nomine</strong></span> <span class='ocrx_word' id='word_1_671' title='bbox 1765 5000 1883 5067; x_wconf 85' lang='lat' dir='ltr'><strong>par-</strong></span> 
     </span>
    </p>
   </div>
   <div class='ocr_carea' id='block_1_101' title="bbox 322 5068 1882 5140">
    <p class='ocr_par' dir='ltr' id='par_1_101' title="bbox 322 5068 1882 5140">
     <span class='ocr_line' id='line_1_101' title="bbox 322 5068 1882 5140; baseline 0.003 -19"><span class='ocrx_word' id='word_1_672' title='bbox 322 5068 430 5125; x_wconf 80' lang='lat' dir='ltr'><strong>tem</strong></span> <span class='ocrx_word' id='word_1_673' title='bbox 481 5071 630 5135; x_wconf 85' lang='lat' dir='ltr'><strong>regni</strong></span> <span class='ocrx_word' id='word_1_674' title='bbox 677 5070 1031 5136; x_wconf 88' lang='lat' dir='ltr'><strong>superiorem.</strong></span> <span class='ocrx_word' id='word_1_675' title='bbox 1084 5068 1397 5140; x_wconf 47' lang='lat' dir='ltr'><strong>Ret&#39;erajn</strong></span> <span class='ocrx_word' id='word_1_676' title='bbox 1462 5068 1882 5140; x_wconf 87' lang='lat' dir='ltr'><strong>hieroglyphicis</strong></span> 
     </span>
    </p>
   </div>
   <div class='ocr_carea' id='block_1_102' title="bbox 321 5138 1883 5211">
    <p class='ocr_par' dir='ltr' id='par_1_102' title="bbox 321 5138 1883 5211">
     <span class='ocr_line' id='line_1_102' title="bbox 321 5138 1883 5211; baseline 0.001 -18"><span class='ocrx_word' id='word_1_677' title='bbox 321 5140 525 5208; x_wconf 88' lang='lat' dir='ltr'><strong>passim</strong></span> <span class='ocrx_word' id='word_1_678' title='bbox 557 5140 1007 5211; x_wconf 79' lang='lat' dir='ltr'><strong>inscriptionibus</strong></span> <span class='ocrx_word' id='word_1_679' title='bbox 1038 5140 1234 5211; x_wconf 69' lang='lat' dir='ltr'><strong>duplex</strong></span> <span class='ocrx_word' id='word_1_680' title='bbox 1261 5138 1479 5211; x_wconf 63' lang='lat' dir='ltr'><strong>Egypti</strong></span> <span class='ocrx_word' id='word_1_681' title='bbox 1526 5154 1650 5209; x_wconf 88' lang='lat' dir='ltr'><strong>pars</strong></span> <span class='ocrx_word' id='word_1_682' title='bbox 1675 5138 1883 5195; x_wconf 55' lang='lat' dir='ltr'><strong>inemo.</strong></span> 
     </span>
    </p>
   </div>
   <div class='ocr_carea' id='block_1_103' title="bbox 323 5209 1141 5278">
    <p class='ocr_par' dir='ltr' id='par_1_103' title="bbox 323 5209 1141 5278">
     <span class='ocr_line' id='line_1_103' title="bbox 323 5209 1141 5278; baseline -0.002 -15"><span class='ocrx_word' id='word_1_683' title='bbox 323 5218 497 5270; x_wconf 87' lang='lat' dir='ltr'><strong>ratur,</strong></span> <span class='ocrx_word' id='word_1_684' title='bbox 537 5210 781 5278; x_wconf 84' lang='lat' dir='ltr'><strong>superior</strong></span> <span class='ocrx_word' id='word_1_685' title='bbox 809 5217 864 5264; x_wconf 89' lang='lat' dir='ltr'><strong>et</strong></span> <span class='ocrx_word' id='word_1_686' title='bbox 901 5209 1141 5264; x_wconf 79' lang='lat' dir='ltr'><strong>inferior.</strong></span> 
     </span>
    </p>
   </div>
   <div class='ocr_carea' id='block_1_104' title="bbox 392 5279 1879 5349">
    <p class='ocr_par' dir='ltr' id='par_1_104' title="bbox 392 5279 1879 5349">
     <span class='ocr_line' id='line_1_104' title="bbox 392 5279 1879 5349; baseline -0.002 -16"><span class='ocrx_word' id='word_1_687' title='bbox 392 5279 507 5349; x_wconf 73' lang='lat'><strong>(92)</strong></span> <span class='ocrx_word' id='word_1_688' title='bbox 542 5279 615 5333; x_wconf 89' lang='lat' dir='ltr'><strong>De</strong></span> <span class='ocrx_word' id='word_1_689' title='bbox 632 5279 1013 5349; x_wconf 31' lang='lat' dir='ltr'><strong>‘Romanorutn</strong></span> <span class='ocrx_word' id='word_1_690' title='bbox 1045 5280 1335 5333; x_wconf 86' lang='lat' dir='ltr'><strong>universali</strong></span> <span class='ocrx_word' id='word_1_691' title='bbox 1365 5279 1616 5348; x_wconf 87' lang='lat' dir='ltr'><strong>imperio,</strong></span> <span class='ocrx_word' id='word_1_692' title='bbox 1646 5279 1745 5333; x_wconf 89' lang='lat' dir='ltr'><strong>sub</strong></span> <span class='ocrx_word' id='word_1_693' title='bbox 1771 5293 1879 5347; x_wconf 88' lang='lat' dir='ltr'><strong>quo</strong></span> 
     </span>
    </p>
   </div>
   <div class='ocr_carea' id='block_1_105' title="bbox 320 5347 1881 5417">
    <p class='ocr_par' dir='ltr' id='par_1_105' title="bbox 320 5347 1881 5417">
     <span class='ocr_line' id='line_1_105' title="bbox 320 5347 1881 5417; baseline -0.001 -14"><span class='ocrx_word' id='word_1_694' title='bbox 320 5347 485 5404; x_wconf 84' lang='lat' dir='ltr'><strong>natus</strong></span> <span class='ocrx_word' id='word_1_695' title='bbox 515 5356 596 5402; x_wconf 90' lang='lat' dir='ltr'><strong>est</strong></span> <span class='ocrx_word' id='word_1_696' title='bbox 618 5347 891 5413; x_wconf 88' lang='lat' dir='ltr'><strong>Christus,</strong></span> <span class='ocrx_word' id='word_1_697' title='bbox 916 5350 1138 5417; x_wconf 88' lang='lat' dir='ltr'><strong>pulchre</strong></span> <span class='ocrx_word' id='word_1_698' title='bbox 1168 5347 1454 5414; x_wconf 68' lang='lat' dir='ltr'><strong>Eusebius,</strong></span> <span class='ocrx_word' id='word_1_699' title='bbox 1484 5349 1585 5401; x_wconf 76' lang='lat' dir='ltr'><strong>etsi</strong></span> <span class='ocrx_word' id='word_1_700' title='bbox 1616 5349 1733 5401; x_wconf 83' lang='lat' dir='ltr'><strong>aliis</strong></span> <span class='ocrx_word' id='word_1_701' title='bbox 1768 5365 1881 5403; x_wconf 89' lang='lat' dir='ltr'><strong>ver-</strong></span> 
     </span>
    </p>
   </div>
   <div class='ocr_carea' id='block_1_106' title="bbox 322 5418 1880 5488">
    <p class='ocr_par' dir='ltr' id='par_1_106' title="bbox 322 5418 1880 5488">
     <span class='ocr_line' id='line_1_106' title="bbox 322 5418 1880 5488; baseline -0.002 -14"><span class='ocrx_word' id='word_1_702' title='bbox 322 5419 427 5484; x_wconf 82' lang='lat' dir='ltr'><strong>bis,</strong></span> <span class='ocrx_word' id='word_1_703' title='bbox 459 5418 511 5471; x_wconf 90' lang='lat' dir='ltr'><strong>in</strong></span> <span class='ocrx_word' id='word_1_704' title='bbox 546 5418 763 5488; x_wconf 85' lang='lat' dir='ltr'><strong>Syriaca</strong></span> <span class='ocrx_word' id='word_1_705' title='bbox 799 5418 1134 5487; x_wconf 79' lang='lat' dir='ltr'><strong>Theophania</strong></span> <span class='ocrx_word' id='word_1_706' title='bbox 1160 5420 1254 5473; x_wconf 91' lang='lat' dir='ltr'><strong>lib.</strong></span> <span class='ocrx_word' id='word_1_707' title='bbox 1287 5432 1369 5483; x_wconf 87' lang='lat' dir='ltr'><strong>Ill,</strong></span> <span class='ocrx_word' id='word_1_708' title='bbox 1397 5420 1446 5484; x_wconf 79' lang='grc'>1,</span> <span class='ocrx_word' id='word_1_709' title='bbox 1477 5419 1529 5470; x_wconf 71' lang='grc'><strong>2.</strong></span> <span class='ocrx_word' id='word_1_710' title='bbox 1561 5419 1880 5471; x_wconf 73' lang='lat' dir='ltr'><strong>lbidem&#39;ali-</strong></span> 
     </span>
    </p>
   </div>
   <div class='ocr_carea' id='block_1_107' title="bbox 321 5488 1883 5560">
    <p class='ocr_par' dir='ltr' id='par_1_107' title="bbox 321 5488 1883 5560">
     <span class='ocr_line' id='line_1_107' title="bbox 321 5488 1883 5560; baseline -0.002 -17"><span class='ocrx_word' id='word_1_711' title='bbox 321 5490 453 5560; x_wconf 83' lang='lat' dir='ltr'><strong>quid</strong></span> <span class='ocrx_word' id='word_1_712' title='bbox 480 5490 660 5560; x_wconf 78' lang='lat' dir='ltr'><strong>etiam</strong></span> <span class='ocrx_word' id='word_1_713' title='bbox 689 5488 904 5560; x_wconf 78' lang='lat' dir='ltr'><strong>dicitur</strong></span> <span class='ocrx_word' id='word_1_714' title='bbox 931 5492 995 5544; x_wconf 90' lang='lat' dir='ltr'><strong>de</strong></span> <span class='ocrx_word' id='word_1_715' title='bbox 1046 5490 1320 5560; x_wconf 84' lang='lat' dir='ltr'><strong>vaticiniis</strong></span> <span class='ocrx_word' id='word_1_716' title='bbox 1362 5489 1633 5543; x_wconf 88' lang='lat' dir='ltr'><strong>Christum</strong></span> <span class='ocrx_word' id='word_1_717' title='bbox 1670 5500 1883 5560; x_wconf 87' lang='lat' dir='ltr'><strong>porten-</strong></span> 
     </span>
    </p>
   </div>
   <div class='ocr_carea' id='block_1_108' title="bbox 323 5559 1885 5627">
    <p class='ocr_par' dir='ltr' id='par_1_108' title="bbox 323 5559 1885 5627">
     <span class='ocr_line' id='line_1_108' title="bbox 323 5559 1885 5627; baseline -0.001 -15"><span class='ocrx_word' id='word_1_718' title='bbox 323 5559 611 5622; x_wconf 82' lang='lat' dir='ltr'><strong>dentibus;</strong></span> <span class='ocrx_word' id='word_1_719' title='bbox 650 5559 809 5611; x_wconf 91' lang='lat' dir='ltr'><strong>nimis</strong></span> <span class='ocrx_word' id='word_1_720' title='bbox 842 5568 1019 5613; x_wconf 88' lang='lat' dir='ltr'><strong>tamen</strong></span> <span class='ocrx_word' id='word_1_721' title='bbox 1046 5559 1304 5621; x_wconf 88' lang='lat' dir='ltr'><strong>breviter,</strong></span> <span class='ocrx_word' id='word_1_722' title='bbox 1341 5560 1397 5612; x_wconf 80' lang='lat' dir='ltr'><strong>id</strong></span> <span class='ocrx_word' id='word_1_723' title='bbox 1422 5567 1511 5612; x_wconf 81' lang='lat' dir='ltr'><strong>est</strong></span> <span class='ocrx_word' id='word_1_724' title='bbox 1543 5559 1729 5627; x_wconf 90' lang='lat' dir='ltr'><strong>paucis</strong></span> <span class='ocrx_word' id='word_1_725' title='bbox 1759 5573 1885 5611; x_wconf 89' lang='lat' dir='ltr'><strong>ver-</strong></span> 
     </span>
    </p>
   </div>
   <div class='ocr_carea' id='block_1_109' title="bbox 322 5627 1885 5697">
    <p class='ocr_par' dir='ltr' id='par_1_109' title="bbox 322 5627 1885 5697">
     <span class='ocr_line' id='line_1_109' title="bbox 322 5627 1885 5697; baseline -0.001 -14"><span class='ocrx_word' id='word_1_726' title='bbox 322 5630 427 5683; x_wconf 88' lang='lat' dir='ltr'><strong>bis.</strong></span> <span class='ocrx_word' id='word_1_727' title='bbox 460 5627 627 5697; x_wconf 67' lang='lat' dir='ltr'><strong>IEgre</strong></span> <span class='ocrx_word' id='word_1_728' title='bbox 658 5627 819 5696; x_wconf 64' lang='lat' dir='ltr'><strong>igitur</strong></span> <span class='ocrx_word' id='word_1_729' title='bbox 849 5629 977 5681; x_wconf 88' lang='lat' dir='ltr'><strong>mihi</strong></span> <span class='ocrx_word' id='word_1_730' title='bbox 1008 5628 1304 5697; x_wconf 87' lang='lat' dir='ltr'><strong>persuadeo</strong></span> <span class='ocrx_word' id='word_1_731' title='bbox 1332 5638 1438 5680; x_wconf 87' lang='lat' dir='ltr'><strong>tam</strong></span> <span class='ocrx_word' id='word_1_732' title='bbox 1482 5642 1651 5696; x_wconf 83' lang='lat' dir='ltr'><strong>pauca</strong></span> <span class='ocrx_word' id='word_1_733' title='bbox 1683 5629 1885 5683; x_wconf 77' lang='lat' dir='ltr'><strong>dixisse</strong></span> 
     </span>
    </p>
   </div>
   <div class='ocr_carea' id='block_1_110' title="bbox 324 5697 1884 5765">
    <p class='ocr_par' dir='ltr' id='par_1_110' title="bbox 324 5697 1884 5765">
     <span class='ocr_line' id='line_1_110' title="bbox 324 5697 1884 5765; baseline 0.001 -16"><span class='ocrx_word' id='word_1_734' title='bbox 324 5698 393 5751; x_wconf 84' lang='lat' dir='ltr'><strong>de</strong></span> <span class='ocrx_word' id='word_1_735' title='bbox 428 5699 529 5751; x_wconf 84' lang='lat' dir='ltr'><strong>hoc</strong></span> <span class='ocrx_word' id='word_1_736' title='bbox 573 5706 892 5765; x_wconf 82' lang='lat' dir='ltr'><strong>argumento</strong></span> <span class='ocrx_word' id='word_1_737' title='bbox 926 5698 1247 5761; x_wconf 84' lang='lat' dir='ltr'><strong>Eusebium;</strong></span> <span class='ocrx_word' id='word_1_738' title='bbox 1296 5714 1404 5765; x_wconf 88' lang='lat' dir='ltr'><strong>quo</strong></span> <span class='ocrx_word' id='word_1_739' title='bbox 1453 5697 1510 5750; x_wconf 83' lang='lat' dir='ltr'><strong>lit</strong></span> <span class='ocrx_word' id='word_1_740' title='bbox 1544 5710 1602 5751; x_wconf 86' lang='lat' dir='ltr'><strong>ut</strong></span> <span class='ocrx_word' id='word_1_741' title='bbox 1640 5700 1884 5751; x_wconf 81' lang='lat' dir='ltr'><strong>codicum</strong></span> 
     </span>
    </p>
   </div>
   <div class='ocr_carea' id='block_1_111' title="bbox 328 5766 1886 5836">
    <p class='ocr_par' dir='ltr' id='par_1_111' title="bbox 328 5766 1886 5836">
     <span class='ocr_line' id='line_1_111' title="bbox 328 5766 1886 5836; baseline 0.001 -18"><span class='ocrx_word' id='word_1_742' title='bbox 328 5767 713 5821; x_wconf 73' lang='lat' dir='ltr'><strong>V’aticanoruni</strong></span> <span class='ocrx_word' id='word_1_743' title='bbox 744 5766 1106 5836; x_wconf 78' lang='lat' dir='ltr'><strong>fragmentum</strong></span> <span class='ocrx_word' id='word_1_744' title='bbox 1159 5770 1259 5821; x_wconf 87' lang='lat' dir='ltr'><strong>hoc</strong></span> <span class='ocrx_word' id='word_1_745' title='bbox 1289 5771 1353 5819; x_wconf 80' lang='lat' dir='ltr'><strong>de</strong></span> <span class='ocrx_word' id='word_1_746' title='bbox 1390 5768 1667 5836; x_wconf 79' lang='lat' dir='ltr'><strong>prophetia</strong></span> <span class='ocrx_word' id='word_1_747' title='bbox 1705 5770 1886 5821; x_wconf 86' lang='lat' dir='ltr'><strong>Danie-</strong></span> 
     </span>
    </p>
   </div>
   <div class='ocr_carea' id='block_1_112' title="bbox 328 5838 1886 5902">
    <p class='ocr_par' dir='ltr' id='par_1_112' title="bbox 328 5838 1886 5902">
     <span class='ocr_line' id='line_1_112' title="bbox 328 5838 1886 5902; baseline -0.002 -13"><span class='ocrx_word' id='word_1_748' title='bbox 328 5839 417 5902; x_wconf 73' lang='lat' dir='ltr'><strong>iis,</strong></span> <span class='ocrx_word' id='word_1_749' title='bbox 447 5842 589 5900; x_wconf 81' lang='lat' dir='ltr'><strong>quod</strong></span> <span class='ocrx_word' id='word_1_750' title='bbox 641 5838 954 5894; x_wconf 83' lang='lat' dir='ltr'><strong>nominatim</strong></span> <span class='ocrx_word' id='word_1_751' title='bbox 1004 5855 1068 5893; x_wconf 77' lang='lat' dir='ltr'><strong>ex</strong></span> <span class='ocrx_word' id='word_1_752' title='bbox 1124 5838 1457 5891; x_wconf 75' lang='lat' dir='ltr'><strong>Theon/tanta</strong></span> <span class='ocrx_word' id='word_1_753' title='bbox 1505 5840 1718 5899; x_wconf 80' lang='lat' dir='ltr'><strong>citatnr,</strong></span> <span class='ocrx_word' id='word_1_754' title='bbox 1759 5838 1886 5892; x_wconf 84' lang='lat' dir='ltr'><strong>mihi</strong></span> 
     </span>
    </p>
   </div>
   <div class='ocr_carea' id='block_1_113' title="bbox 1989 4846 3543 4922">
    <p class='ocr_par' dir='ltr' id='par_1_113' title="bbox 1989 4846 3543 4922">
     <span class='ocr_line' id='line_1_113' title="bbox 1989 4846 3543 4922; baseline -0.012 -9"><span class='ocrx_word' id='word_1_755' title='bbox 1989 4860 2213 4914; x_wconf 91' lang='lat' dir='ltr'><strong>omnino</strong></span> <span class='ocrx_word' id='word_1_756' title='bbox 2242 4859 2493 4912; x_wconf 86' lang='lat' dir='ltr'><strong>videatur</strong></span> <span class='ocrx_word' id='word_1_757' title='bbox 2526 4856 2591 4910; x_wconf 92' lang='lat' dir='ltr'><strong>ad</strong></span> <span class='ocrx_word' id='word_1_758' title='bbox 2625 4853 3011 4922; x_wconf 82' lang='lat' dir='ltr'><strong>Tlteophaniam</strong></span> <span class='ocrx_word' id='word_1_759' title='bbox 3035 4864 3223 4922; x_wconf 81' lang='lat' dir='ltr'><strong>reapse</strong></span> <span class='ocrx_word' id='word_1_760' title='bbox 3254 4846 3543 4922; x_wconf 78' lang='lat' dir='ltr'><strong>pertinere.</strong></span> 
     </span>
    </p>
   </div>
   <div class='ocr_carea' id='block_1_114' title="bbox 1992 4918 3547 4999">
    <p class='ocr_par' dir='ltr' id='par_1_114' title="bbox 1992 4918 3547 4999">
     <span class='ocr_line' id='line_1_114' title="bbox 1992 4918 3547 4999; baseline -0.012 -15"><span class='ocrx_word' id='word_1_761' title='bbox 1992 4931 2161 4984; x_wconf 81' lang='lat' dir='ltr'><strong>Porro</strong></span> <span class='ocrx_word' id='word_1_762' title='bbox 2193 4929 2401 4997; x_wconf 83' lang='lat' dir='ltr'><strong>insigne</strong></span> <span class='ocrx_word' id='word_1_763' title='bbox 2433 4928 2576 4999; x_wconf 85' lang='lat' dir='ltr'><strong>aliud</strong></span> <span class='ocrx_word' id='word_1_764' title='bbox 2604 4927 2670 4979; x_wconf 88' lang='lat' dir='ltr'><strong>de</strong></span> <span class='ocrx_word' id='word_1_765' title='bbox 2697 4918 2962 4999; x_wconf 62' lang='lat' dir='ltr'><strong>vaticinia</strong></span> <span class='ocrx_word' id='word_1_766' title='bbox 2982 4918 3547 4999; x_wconf 51' lang='lat' dir='ltr'><strong>Danielicofragmem</strong></span> 
     </span>
    </p>
   </div>
   <div class='ocr_carea' id='block_1_115' title="bbox 1990 4984 3547 5064">
    <p class='ocr_par' dir='ltr' id='par_1_115' title="bbox 1990 4984 3547 5064">
     <span class='ocr_line' id='line_1_115' title="bbox 1990 4984 3547 5064; baseline -0.011 -11"><span class='ocrx_word' id='word_1_767' title='bbox 1990 5010 2101 5054; x_wconf 87' lang='lat' dir='ltr'><strong>tum</strong></span> <span class='ocrx_word' id='word_1_768' title='bbox 2139 4984 2356 5053; x_wconf 75' lang='lat' dir='ltr'><strong>Eusebii</strong></span> <span class='ocrx_word' id='word_1_769' title='bbox 2411 4996 2540 5050; x_wconf 91' lang='lat' dir='ltr'><strong>alibi</strong></span> <span class='ocrx_word' id='word_1_770' title='bbox 2594 5010 2625 5049; x_wconf 89' lang='lat' dir='ltr'><strong>a</strong></span> <span class='ocrx_word' id='word_1_771' title='bbox 2670 4994 2825 5064; x_wconf 88' lang='lat' dir='ltr'><strong>nobis</strong></span> <span class='ocrx_word' id='word_1_772' title='bbox 2858 4990 3193 5064; x_wconf 80' lang='lat' dir='ltr'><strong>recitabitur,</strong></span> <span class='ocrx_word' id='word_1_773' title='bbox 3254 4984 3547 5064; x_wconf 83' lang='lat' dir='ltr'><strong>in__eodicc</strong></span> 
     </span>
    </p>
   </div>
   <div class='ocr_carea' id='block_1_116' title="bbox 1995 5054 3549 5134">
    <p class='ocr_par' dir='ltr' id='par_1_116' title="bbox 1995 5054 3549 5134">
     <span class='ocr_line' id='line_1_116' title="bbox 1995 5054 3549 5134; baseline -0.013 -13"><span class='ocrx_word' id='word_1_774' title='bbox 1995 5070 2254 5123; x_wconf 85' lang='lat' dir='ltr'><strong>Vaticano</strong></span> <span class='ocrx_word' id='word_1_775' title='bbox 2305 5076 2604 5134; x_wconf 89' lang='lat' dir='ltr'><strong>repertum,</strong></span> <span class='ocrx_word' id='word_1_776' title='bbox 2659 5080 2726 5119; x_wconf 81' lang='lat' dir='ltr'><strong>cx</strong></span> <span class='ocrx_word' id='word_1_777' title='bbox 2774 5063 2895 5129; x_wconf 84' lang='lat' dir='ltr'><strong>ejus</strong></span> <span class='ocrx_word' id='word_1_778' title='bbox 2949 5059 3225 5129; x_wconf 85' lang='lat' dir='ltr'><strong>deperdito</strong></span> <span class='ocrx_word' id='word_1_779' title='bbox 3284 5054 3425 5109; x_wconf 86' lang='lat' dir='ltr'><strong>libro</strong></span> <span class='ocrx_word' id='word_1_780' title='bbox 3475 5064 3549 5103; x_wconf 32' lang='lat' dir='ltr'><strong>xv»</strong></span> 
     </span>
    </p>
   </div>
   <div class='ocr_carea' id='block_1_117' title="bbox 1995 5134 3249 5211">
    <p class='ocr_par' dir='ltr' id='par_1_117' title="bbox 1995 5134 3249 5211">
     <span class='ocr_line' id='line_1_117' title="bbox 1995 5134 3249 5211; baseline -0.007 -18"><span class='ocrx_word' id='word_1_781' title='bbox 1995 5138 2316 5211; x_wconf 71' lang='lat' dir='ltr'><strong>Evangelicn:</strong></span> <span class='ocrx_word' id='word_1_782' title='bbox 2342 5134 2819 5211; x_wconf 67' lang='lat' dir='ltr'><strong>demonstrationis.</strong></span> <span class='ocrx_word' id='word_1_783' title='bbox 2984 5197 3016 5211; x_wconf 56' lang='grc' dir='ltr'>η</span> <span class='ocrx_word' id='word_1_784' title='bbox 3042 5199 3072 5211; x_wconf 43' lang='lat'><strong>._</strong></span> <span class='ocrx_word' id='word_1_785' title='bbox 3179 5194 3249 5211; x_wconf 53' lang='grc' dir='ltr'><strong>Μ</strong></span> 
     </span>
    </p>
   </div>
   <div class='ocr_carea' id='block_1_118' title="bbox 2055 5189 3548 5279">
    <p class='ocr_par' dir='ltr' id='par_1_118' title="bbox 2055 5189 3548 5279">
     <span class='ocr_line' id='line_1_118' title="bbox 2055 5189 3548 5279; baseline -0.016 -16"><span class='ocrx_word' id='word_1_786' title='bbox 2198 5189 2256 5259; x_wconf 85' lang='lat' dir='ltr'><strong>In</strong></span> <span class='ocrx_word' id='word_1_787' title='bbox 2266 5189 2465 5279; x_wconf 82' lang='lat' dir='ltr'><strong>codice</strong></span> <span class='ocrx_word' id='word_1_788' title='bbox 2508 5207 2575 5279; x_wconf 80' lang='lat' dir='ltr'><strong>A_.</strong></span> <span class='ocrx_word' id='word_1_789' title='bbox 2608 5204 2645 5257; x_wconf 89' lang='lat' dir='ltr'><strong>l&#39;.</strong></span> <span class='ocrx_word' id='word_1_790' title='bbox 2689 5200 2781 5279; x_wconf 81' lang='lat'><strong>5_&#39;5,</strong></span> <span class='ocrx_word' id='word_1_791' title='bbox 2836 5197 3145 5279; x_wconf 40' lang='lat' dir='ltr'><strong>Inscribi‘t‘ur</strong></span> <span class='ocrx_word' id='word_1_792' title='bbox 3174 5190 3464 5279; x_wconf 52' lang='grc' dir='ltr'>Εςύσεσίοιξ</span> 
     </span>
    </p>
   </div>
   <div class='ocr_carea' id='block_1_119' title="bbox 1988 5264 3548 5347">
    <p class='ocr_par' dir='ltr' id='par_1_119' title="bbox 1988 5264 3548 5347">
     <span class='ocr_line' id='line_1_119' title="bbox 1988 5264 3548 5347; baseline -0.015 -14"><span class='ocrx_word' id='word_1_793' title='bbox 1988 5264 2345 5347; x_wconf 66' lang='grc' dir='ltr'>Θεὸφὶινείας</span> <span class='ocrx_word' id='word_1_794' title='bbox 2375 5275 2654 5346; x_wconf 88' lang='lat' dir='ltr'><strong>(mendose</strong></span> <span class='ocrx_word' id='word_1_795' title='bbox 2682 5264 3022 5347; x_wconf 74' lang='lat' dir='ltr'><strong>abSurdeque</strong></span> <span class='ocrx_word' id='word_1_796' title='bbox 3048 5264 3390 5347; x_wconf 38' lang='lat' dir='ltr'><strong>escam-aug,”</strong></span> <span class='ocrx_word' id='word_1_797' title='bbox 3407 5268 3463 5347; x_wconf 67' lang='lat' dir='ltr'><strong>ut</strong></span> 
     </span>
    </p>
   </div>
   <div class='ocr_carea' id='block_1_120' title="bbox 1988 5330 3547 5415">
    <p class='ocr_par' dir='ltr' id='par_1_120' title="bbox 1988 5330 3547 5415">
     <span class='ocr_line' id='line_1_120' title="bbox 1988 5330 3547 5415; baseline 0.01 -19"><span class='ocrx_word' id='word_1_798' title='bbox 1988 5330 2119 5403; x_wconf 57' lang='lat' dir='ltr'><strong>mihi</strong></span> <span class='ocrx_word' id='word_1_799' title='bbox 2165 5330 2430 5401; x_wconf 75' lang='lat' dir='ltr'><strong>interduiu</strong></span> <span class='ocrx_word' id='word_1_800' title='bbox 2462 5330 3018 5415; x_wconf 40' lang='lat' dir='ltr'><strong>observay&#39;imus);-i&quot;</strong></span> <span class='ocrx_word' id='word_1_801' title='bbox 3072 5330 3193 5415; x_wconf 60' lang='grc' dir='ltr'><strong>ςοεῖο</strong></span> <span class='ocrx_word' id='word_1_802' title='bbox 3368 5330 3547 5415; x_wconf 49' lang='grc'><strong>,1⁵⁵</strong></span> 
     </span>
    </p>
   </div>
   <div class='ocr_carea' id='block_1_121' title="bbox 1988 5399 3546 5487">
    <p class='ocr_par' dir='ltr' id='par_1_121' title="bbox 1988 5399 3546 5487">
     <span class='ocr_line' id='line_1_121' title="bbox 1988 5399 3546 5487; baseline -0.013 -16"><span class='ocrx_word' id='word_1_803' title='bbox 1988 5399 2357 5487; x_wconf 44' lang='lat' dir='ltr'><strong>(itemque—in</strong></span> <span class='ocrx_word' id='word_1_804' title='bbox 2408 5415 2578 5487; x_wconf 65' lang='lat' dir='ltr'><strong>altero</strong></span> <span class='ocrx_word' id='word_1_805' title='bbox 2629 5412 2782 5487; x_wconf 73' lang='lat' dir='ltr'><strong>hujus</strong></span> <span class='ocrx_word' id='word_1_806' title='bbox 2837 5399 3199 5487; x_wconf 42' lang='lat' dir='ltr'><strong>apographo.).</strong></span> <span class='ocrx_word' id='word_1_807' title='bbox 3252 5399 3546 5487; x_wconf 53' lang='grc' dir='ltr'>Επῖίσεᾷίριζ</span> 
     </span>
    </p>
   </div>
   <div class='ocr_carea' id='block_1_122' title="bbox 1991 5473 3544 5556">
    <p class='ocr_par' dir='ltr' id='par_1_122' title="bbox 1991 5473 3544 5556">
     <span class='ocr_line' id='line_1_122' title="bbox 1991 5473 3544 5556; baseline -0.015 -13"><span class='ocrx_word' id='word_1_808' title='bbox 1991 5473 2241 5556; x_wconf 60' lang='grc' dir='ltr'><strong>ὂεοφὰν.</strong></span> <span class='ocrx_word' id='word_1_809' title='bbox 2303 5485 2467 5540; x_wconf 77' lang='lat' dir='ltr'><strong>Citati</strong></span> <span class='ocrx_word' id='word_1_810' title='bbox 2494 5484 2657 5551; x_wconf 79' lang='lat' dir='ltr'><strong>igitur</strong></span> <span class='ocrx_word' id='word_1_811' title='bbox 2694 5473 2813 5556; x_wconf 57' lang='lat' dir='ltr'><strong>&#39;ltic</strong></span> <span class='ocrx_word' id='word_1_812' title='bbox 2852 5473 3242 5556; x_wconf 60' lang='lat' dir='ltr'><strong>Thiopltaniant</strong></span> <span class='ocrx_word' id='word_1_813' title='bbox 3310 5473 3544 5556; x_wconf 67' lang='lat' dir='ltr'><strong>dubitari</strong></span> 
     </span>
    </p>
   </div>
   <div class='ocr_carea' id='block_1_123' title="bbox 1992 5542 3621 5628">
    <p class='ocr_par' dir='ltr' id='par_1_123' title="bbox 1992 5542 3621 5628">
     <span class='ocr_line' id='line_1_123' title="bbox 1992 5542 3621 5628; baseline -0.015 -15"><span class='ocrx_word' id='word_1_814' title='bbox 1992 5542 2198 5628; x_wconf 72' lang='lat' dir='ltr'><strong>nequit.</strong></span> <span class='ocrx_word' id='word_1_815' title='bbox 2234 5542 2850 5628; x_wconf 37' lang='lat' dir='ltr'><strong>Czcterum&#39;in‘b&#39;yriaco</strong></span> <span class='ocrx_word' id='word_1_816' title='bbox 2879 5542 3184 5628; x_wconf 51' lang='lat' dir='ltr'><strong>testu-nihil</strong></span> <span class='ocrx_word' id='word_1_817' title='bbox 3222 5542 3550 5628; x_wconf 50' lang='lat' dir='ltr'><strong>l&#39;ereln&#39;ujus-</strong></span> <span class='ocrx_word' id='word_1_818' title='bbox 3616 5610 3621 5619; x_wconf 23' lang='grc' dir='ltr'><strong><em>Δ</em></strong></span> 
     </span>
    </p>
   </div>
   <div class='ocr_carea' id='block_1_124' title="bbox 1990 5611 3546 5697">
    <p class='ocr_par' dir='ltr' id='par_1_124' title="bbox 1990 5611 3546 5697">
     <span class='ocr_line' id='line_1_124' title="bbox 1990 5611 3546 5697; baseline -0.013 -15"><span class='ocrx_word' id='word_1_819' title='bbox 1990 5611 2133 5684; x_wconf 63' lang='lat' dir='ltr'><strong>inniti</strong></span> <span class='ocrx_word' id='word_1_820' title='bbox 2166 5624 2532 5697; x_wconf 55' lang='lat' dir='ltr'><strong>reperiebam.</strong></span> <span class='ocrx_word' id='word_1_821' title='bbox 2558 5611 2887 5697; x_wconf 69' lang='lat' dir='ltr'><strong>Quanquam</strong></span> <span class='ocrx_word' id='word_1_822' title='bbox 2933 5617 2998 5697; x_wconf 77' lang='lat' dir='ltr'><strong>de</strong></span> <span class='ocrx_word' id='word_1_823' title='bbox 3033 5616 3371 5697; x_wconf 69' lang='lat' dir='ltr'><strong>l’rmcursore</strong></span> <span class='ocrx_word' id='word_1_824' title='bbox 3396 5611 3546 5697; x_wconf 51' lang='lat' dir='ltr'><strong>locu:</strong></span> 
     </span>
    </p>
   </div>
   <div class='ocr_carea' id='block_1_125' title="bbox 1994 5680 3545 5752">
    <p class='ocr_par' dir='ltr' id='par_1_125' title="bbox 1994 5680 3545 5752">
     <span class='ocr_line' id='line_1_125' title="bbox 1994 5680 3545 5752; baseline -0.013 0"><span class='ocrx_word' id='word_1_825' title='bbox 1994 5680 2109 5752; x_wconf 69' lang='lat' dir='ltr'><strong>tum</strong></span> <span class='ocrx_word' id='word_1_826' title='bbox 2153 5680 2319 5750; x_wconf 51' lang='lat' dir='ltr'><strong>fuisse</strong></span> <span class='ocrx_word' id='word_1_827' title='bbox 2378 5680 2664 5745; x_wconf 66' lang='lat' dir='ltr'><strong>Eusebium</strong></span> <span class='ocrx_word' id='word_1_828' title='bbox 2717 5680 2816 5742; x_wconf 75' lang='lat' dir='ltr'><strong>sub</strong></span> <span class='ocrx_word' id='word_1_829' title='bbox 2874 5687 3083 5739; x_wconf 87' lang='lat' dir='ltr'><strong>initium</strong></span> <span class='ocrx_word' id='word_1_830' title='bbox 3145 5685 3268 5736; x_wconf 72' lang='lat' dir='ltr'><strong>vita:</strong></span> <span class='ocrx_word' id='word_1_831' title='bbox 3322 5680 3545 5749; x_wconf 71' lang='lat' dir='ltr'><strong>publica:</strong></span> 
     </span>
    </p>
   </div>
   <div class='ocr_carea' id='block_1_126' title="bbox 1991 5752 3553 5835">
    <p class='ocr_par' dir='ltr' id='par_1_126' title="bbox 1991 5752 3553 5835">
     <span class='ocr_line' id='line_1_126' title="bbox 1991 5752 3553 5835; baseline -0.013 -14"><span class='ocrx_word' id='word_1_832' title='bbox 1991 5770 2188 5821; x_wconf 78' lang='lat' dir='ltr'><strong>Christi</strong></span> <span class='ocrx_word' id='word_1_833' title='bbox 2228 5766 2455 5823; x_wconf 81' lang='lat' dir='ltr'><strong>Domini.</strong></span> <span class='ocrx_word' id='word_1_834' title='bbox 2492 5761 2831 5835; x_wconf 64' lang='lat' dir='ltr'><strong>quzeincipit</strong></span> <span class='ocrx_word' id='word_1_835' title='bbox 2891 5757 3117 5824; x_wconf 82' lang='lat' dir='ltr'><strong>TlteOplt.</strong></span> <span class='ocrx_word' id='word_1_836' title='bbox 3174 5755 3297 5835; x_wconf 66' lang='lat' dir='ltr'><strong>Syr.</strong></span> <span class='ocrx_word' id='word_1_837' title='bbox 3340 5752 3429 5804; x_wconf 86' lang='lat' dir='ltr'><strong>ltb.</strong></span> <span class='ocrx_word' id='word_1_838' title='bbox 3460 5761 3553 5812; x_wconf 64' lang='grc' dir='ltr'>ιιι,</span> 
     </span>
    </p>
   </div>
   <div class='ocr_carea' id='block_1_127' title="bbox 1992 5833 3368 5903">
    <p class='ocr_par' dir='ltr' id='par_1_127' title="bbox 1992 5833 3368 5903">
     <span class='ocr_line' id='line_1_127' title="bbox 1992 5833 3368 5903; baseline -0.011 -12"><span class='ocrx_word' id='word_1_839' title='bbox 1992 5840 2083 5895; x_wconf 68' lang='lat'><strong>4&#39;0.</strong></span> <span class='ocrx_word' id='word_1_840' title='bbox 2115 5838 2265 5903; x_wconf 81' lang='lat' dir='ltr'><strong>valde</strong></span> <span class='ocrx_word' id='word_1_841' title='bbox 2301 5844 2383 5890; x_wconf 81' lang='lat' dir='ltr'><strong>est</strong></span> <span class='ocrx_word' id='word_1_842' title='bbox 2416 5833 2668 5894; x_wconf 70' lang='lat' dir='ltr'><strong>credibile</strong></span> <span class='ocrx_word' id='word_1_843' title='bbox 2696 5847 2758 5885; x_wconf 78' lang='lat' dir='ltr'><strong>ac</strong></span> <span class='ocrx_word' id='word_1_844' title='bbox 2788 5843 2953 5883; x_wconf 82' lang='lat' dir='ltr'><strong>uronc</strong></span> <span class='ocrx_word' id='word_1_845' title='bbox 2985 5833 3368 5881; x_wconf 72' lang='lat' dir='ltr'><strong>necessarium.</strong></span> 
     </span>
    </p>
   </div>
  </div>
