4008 6524
468 483 569 539 865

1149 474 1420 533 EUSEBll
1458 468 1936 530 CESARIENSIS
1975 467 2126 524 OPP.
2167 465 2347 522 PARS
2384 465 2472 521 IV.
2512 494 2583 508 -
2620 461 3042 521 DOGMATICA.

3598 463 3691 518 665

469 618 680 658 σονται
739 598 1030 671 ὀφθαλμοὶ
1062 596 1327 668 τυφλῶν,
1372 596 1470 651 καὶ
1510 591 1631 650 ὦτα
1690 592 1905 664 κωφῶν
1933 591 2329 646 ἀκούσονταν
2366 589 2500 643 τότε
2554 586 2781 642 εἱλεῖται
2834 586 2913 652 ὡς
2982 586 3209 653 ἔλαφος
3252 584 3285 637 ὁ
3333 581 3555 650 χωλὸς,
3603 583 3691 636 καί

464 694 655 764 τρανὴ
701 693 875 751 ἔσται
943 692 1198 764 γλῶσσα
1268 688 1641 761 μογιλάλωνν
1685 686 1774 742 ὅτι
1827 685 2047 756 ἐρράγη
2114 686 2183 739 ἐν
2250 682 2326 753 τῇ
2389 682 2586 753 ἐρήμῳ
2617 681 2794 751 ὕδωρ,
2826 679 2925 735 καί
2963 679 3001 748 ή
3044 676 3280 749 φάραγξ
3302 676 3373 731 ἐν
3429 675 3505 747 τῇ
3527 674 3693 746 διψώ-

468 801 548 856 σῃ
578 785 715 856 (94).

538 878 665 934 Rrec
698 877 754 930 in
807 875 980 930 sacris
1012 872 1189 936 libris,
1237 878 1493 939 tanquam
1529 867 1581 922 in
1618 864 1910 930 columnis,
1941 864 2043 918 im-

2217 870 2400 924 Ταῦτα
2433 868 2634 941 βίϐλοις
2677 869 2869 941 ἱεραῖς,
2895 867 3086 939 ὥσπερ
3115 867 3177 921 ὲν
3201 864 3438 937 στήλαις,
3468 878 3692 918 τετυπω-

468 986 653 1043 pressa
683 969 813 1025 olim
848 966 985 1037 apud
1016 980 1074 1020 se
1090 964 1349 1019 habentes
1380 961 1617 1015 Hebraeae
1646 959 1823 1027 gentis
1851 957 2035 1019 duces,

469 1075 751 1137 postquam
787 1060 920 1130 ipsis
953 1055 1314 1112 renuntiatum
1338 1064 1419 1108 est
1442 1050 1703 1106 Joannem
1740 1051 1794 1105 in
1827 1049 2041 1104 deserto

468 1168 521 1212 et
547 1155 704 1225 juxta
734 1150 1027 1207 Jordanem
1078 1147 1295 1202 fluvium
1348 1143 1672 1215 praedicare;
1726 1141 1883 1197 factis
1912 1154 2042 1209 pra:-

467 1247 737 1303 dictiones
784 1240 1151 1302 conferentes,
1204 1238 1377 1307 ipsum
1406 1250 1525 1290 esse
1568 1242 1623 1289 et
1653 1247 1760 1287 non
1790 1233 1978 1296 alium,
2008 1248 2037 1286 a

467 1336 732 1408 propheta
769 1332 1151 1402 signiﬁcatum,
1197 1327 1596 1397 conjiciebant;
1648 1324 1937 1393 missisque
1966 1322 2041 1377 le-

469 1430 612 1501 gatis
635 1428 895 1495 rogabant
947 1439 1076 1478 num
1128 1421 1242 1487 ipse
1269 1430 1416 1475 esset
1452 1416 1721 1474 Christus.
1773 1414 1822 1471 ls
1860 1424 2038 1471 autem

360 1578 369 1585 ,
470 1522 733 1591 negabat;
788 1528 842 1574 et
888 1531 947 1571 se
999 1530 1103 1570 non
1150 1526 1272 1568 esse
1315 1525 1659 1567 communem
1695 1509 2042 1564 Servatorem

470 1612 741 1668 fatebatur
772 1626 788 1664 :
821 1611 914 1665 sed
943 1607 1086 1663 enim
1118 1614 1383 1676 praesente
1405 1604 1517 1674 jam
1542 1617 1607 1658 eo
1639 1603 1729 1671 qui
1760 1612 2044 1670 exspecta-

470 1705 657 1768 batur,
688 1702 931 1773 ejusdem
977 1714 1039 1754 se
1088 1710 1477 1767 prtecursorem
1521 1692 1739 1749 dicebat
1770 1710 1783 1747 :
1820 1707 2043 1749 verum-

471 1805 651 1849 tamen
684 1806 746 1847 se
786 1790 923 1845 nihil
958 1789 1102 1844 aliud
1146 1801 1309 1856 quam
1358 1799 1549 1842 vocem
1582 1784 1886 1841 Servatoris
1913 1799 2045 1844 nun-

470 1882 621 1942 tiam.
647 1893 769 1935 esse
798 1877 1050 1933 docebat.
1085 1876 1250 1946 ldque
1298 1873 1581 1943 Evangelii
1611 1874 1795 1929 divina
1821 1873 2046 1941 exponit

470 1970 798 2041 Scriptura:
833 1968 1038 2026 Fassus
1074 1978 1178 2035 est,
1222 1968 1419 2038 inquit,
1452 1982 1511 2023 se
1562 1982 1669 2022 non
1719 1982 1839 2023 esse
1886 1967 2043 2023 Cbri-

468 2073 635 2129 stum,
667 2064 761 2119 sed
787 2077 977 2119 vocem
1028 2063 1082 2117 in
1118 2062 1335 2117 deserto
1383 2060 1713 2116 clamantem
1755 2078 1771 2114 :
1815 2059 2044 2129 Dirigite

468 2156 605 2210 viam
634 2153 869 2209 Domini.
899 2154 1013 2224 Ego
1047 2169 1185 2224 aqua
1213 2152 1445 2220 baptizo,
1486 2154 1691 2207 medius
1738 2160 1915 2206 autem
1958 2167 2044 2205 ve-

2144 963 2281 1034 μένα
2309 954 2477 1017 πάλαι
2501 964 2629 1034 παρ’
2656 963 2865 1025 ἑαυτοῖς
2891 960 3104 1032 ἔχοντες
3134 959 3185 1012 οί
3221 954 3584 1026 καθηγεμόνες
3610 954 3693 1007 τοῦ

2154 1054 2423 1109 Ἰουδαίων
2461 1053 2666 1120 ἔθνους,
2698 1051 2885 1122 ἐπειδὴ
2931 1052 3185 1123 Ἰωάννης
3213 1050 3394 1111 αὐτοῖς
3426 1046 3696 1118 κηρύττειν

2142 1147 2234 1199 ἐπὶ
2258 1147 2358 1217 τῆς
2385 1148 2591 1219 ἐρήμου
2624 1147 2718 1201 καὶ
2757 1146 2899 1216 ἀμφὶ
2926 1144 3014 1197 τὸν
3055 1142 3325 1216 Ἰορδάνην
3354 1138 3587 1208 ποταμὸν
3608 1138 3698 1207 ηγ-

2142 1239 2380 1307 γὲλλετο,
2409 1242 2521 1302 τοῖς
2560 1239 2848 1312 πράγμασι
2880 1236 2979 1300 τὰς
3013 1235 3348 1308 προρρήσεις
3390 1229 3698 1302 συμϐάλλον-

2141 1347 2253 1393 τες,
2287 1329 2451 1384 αὑτὸν
2476 1324 2615 1384 εἶναι
2644 1329 2739 1383 καί¹
2780 1328 2881 1380 οὐκ
2903 1325 3059 1379 ἄλλον
3095 1324 3185 1377 τὸν
3212 1321 3301 1375 διὰ
3321 1319 3416 1374 τοῦ
3438 1321 3697 1390 προφήτου

2143 1423 2540 1494 σημαινόμενον
2581 1420 2963 1492 ὑπετόπησαν·
3003 1417 3229 1489 ἠρώτων
3266 1432 3326 1468 τε
3367 1413 3699 1468 ἀποστεῖλαν·
3758 1476 3775 1491 ⁸

2140 1531 2255 1580 τες,
2287 1515 2336 1567 εί
2361 1514 2519 1578 αὐτὸς
2548 1514 2634 1584 εἴη
2661 1515 2690 1567 ὁ
2713 1511 2966 1583 Χριστός.
3015 1511 3073 1563 '0
3101 1509 3157 1562 δὲ
3185 1507 3257 1579 μὴ
3281 1503 3418 1561 εἶναι
3448 1508 3543 1578 μὲν
3571 1506 3704 1576 ὠμο-

2142 1604 2310 1671 λόγει,
2355 1604 2476 1659 ἐπεὶ
2513 1603 2635 1675 μηδ’
2666 1601 2825 1664 αὐτὸς
2847 1600 2909 1654 τὸ
2936 1598 3112 1654 κοινὸν
3138 1598 3397 1651 ἁπάντων
3433 1595 3699 1665 σωτήριον·

2144 1696 2411 1767 παρόντος
2453 1695 2511 1749 δὲ
2545 1694 2645 1765 ήδη
2690 1690 2785 1745 τοῦ
2827 1690 3311 1763 προσδοκωμένου,
3360 1685 3547 1739 ἑαυτὸν
3579 1679 3705 1737 εἶναι

2144 1787 2470 1860 πρόδρομον,
2497 1785 2591 1839 καὶ
2619 1784 2716 1856 τὴν
2748 1782 2839 1836 ἐπὶ
2870 1782 2969 1854 τῆς
3012 1782 3217 1852 ἐρήμου
3249 1777 3435 1848 φωνὴν
3460 1777 3557 1848 τὴν
3589 1791 3707 1829 κατ-

2144 1878 2437 1950 αγγελικὴν
2476 1876 2570 1930 τοῦ
2622 1874 2927 1947 σωτηρίου,
2970 1872 3131 1934 αὐτὸς
3196 1869 3392 1923 ἑαυτὸν
3436 1866 3570 1920 εἶναι
3612 1864 3707 1918 ἐδί-

2143 1970 2309 2024 δασκε
2330 1986 2343 1999 ·
2388 1969 2483 2023 καὶ
2517 1965 2675 2020 τοῦτο
2704 1968 2737 2037 ή
2776 1965 2895 2018 Θεία
2932 1962 3027 2017 τοῦ
3061 1959 3394 2029 Εύαγγελίου
3428 1957 3705 2030 παρίστησι

2151 2066 2338 2137 Γραφή
2360 2082 2373 2096 ·
2414 2064 2748 2135 Ὠμολόγησε
2770 2062 2899 2133 γάρ,
2936 2063 3120 2133 φησιν,
3142 2061 3221 2113 ὅτι
3252 2060 3374 2112 Οὐκ
3400 2058 3514 2126 εἰμὶ
3548 2054 3652 2126 ἐγὼ
3678 2058 3706 2109 ό

2144 2156 2416 2226 Χριστὸς,
2454 2156 2590 2211 ἀλλ’
2622 2157 2738 2226 ἐγὼ
2765 2154 2932 2225 φωνὴ
2966 2152 3234 2219 βοῶντος
3280 2151 3351 2204 ὲν
3395 2149 3469 2219 τῇ
3504 2148 3703 2217 ἐρήμῳ,

468 2256 633 2301 urunt
659 2248 826 2309 stetit,
856 2262 1008 2315 quem
1031 2263 1119 2300 vos
1144 2247 1353 2301 nescitis
1379 2246 1448 2301 ⁸³.
1478 2244 1654 2300 Lucas
1688 2245 1813 2299 item
1861 2242 2044 2299 simili-

2147 2248 2449 2302 Εὐθύνατε
2482 2245 2598 2313 τὴν
2636 2244 2779 2298 ὀδόν
2819 2244 3072 2311 Κυρίουο
3119 2239 3233 2310 ἐγὼ
3264 2236 3529 2305 βαπτίζω
3568 2235 3707 2306 ὑμᾶς

469 2346 556 2396 ter
585 2344 794 2403 narrat,
830 2337 1300 2393 confabulantibus
1332 2338 1545 2392 cunctis
1574 2338 1717 2392 circa
1751 2335 2040 2392 Jordanem

469 2432 539 2486 de
590 2427 822 2494 Joanne,
881 2444 1008 2483 num
1063 2430 1109 2483 is
1155 2428 1406 2484 Christus
1460 2435 1622 2494 esset,
1686 2428 2035 2497 respondisse

468 2518 732 2575 Joannem
772 2534 786 2571 :
816 2517 929 2588 Ego
960 2517 1172 2589 quidem
1227 2533 1314 2571 eos
1347 2534 1485 2588 aqua
1530 2518 1754 2587 baptizo,
1785 2518 1920 2572 venit
1943 2535 2044 2571 au-

470 2622 575 2666 tem
600 2610 691 2680 qui
724 2625 807 2664 me
836 2608 1029 2679 fortior
1051 2618 1165 2674 est;
1219 2609 1329 2676 ipse
1375 2624 1463 2661 vos
1507 2608 1790 2676 baptizabit
1842 2606 2043 2677 Spiritu

469 2712 654 2759 sancto
687 2712 734 2755 et
760 2702 878 2769 igne
907 2700 973 2755 ³ο.
1010 2700 1147 2767 Quid
1176 2710 1260 2753 est
1302 2708 1485 2755 autem
1517 2699 1695 2770 ignis?
1740 2712 1929 2768 nempe
1963 2698 2043 2752 rei

469 2790 685 2848 inutilis
716 2790 1079 2860 consumptio.
1107 2800 1167 2845 et
1187 2790 1354 2844 ardor
1380 2790 1621 2859 spiritus.
1657 2789 1854 2845 Eodem
1882 2802 2043 2844 sensu

468 2881 709 2943 Joannes
744 2897 961 2953 quoque
1017 2881 1337 2953 (apostolus)
1390 2882 1618 2937 aiebat:
1654 2879 1754 2935 Hic
1801 2882 1941 2935 venit
1988 2882 2045 2934 in

470 2976 852 3041 testimonium,
885 2984 942 3028 ut
981 2974 1339 3030 testimonium
1380 2975 1670 3043 perhiberet
1704 2973 1769 3026 de
1822 2973 2044 3040 lumine,

469 3077 528 3121 ut
559 3084 734 3122 omnes
762 3069 1031 3121 crederent
1063 3081 1155 3135 per
1187 3067 1379 3133 ipsum.
1415 3064 1539 3119 Non
1568 3073 1679 3119 erat
1712 3064 1801 3118 ille
1840 3063 2041 3129 lumen,

470 3159 563 3214 sed
590 3169 646 3212 ut
680 3157 1037 3213 testimonium
1066 3156 1357 3227 perhiberet
1388 3158 1453 3211 de
1490 3154 1686 3210 lumine
1716 3155 1783 3207 “.
1822 3153 1929 3209 Sed
1956 3154 2047 3209 hic

472 3248 692 3318 quidem
739 3249 817 3303 ita
865 3249 1078 3303 initium
1123 3246 1524 3317 praedicationis
1570 3245 1826 3312 faciebat,
1877 3245 2049 3301 dedu-

472 3352 605 3394 cens
668 3339 818 3395 vocis
878 3340 1054 3395 instar
1108 3340 1384 3395 hominum
1453 3339 1665 3392 animas
1698 3338 1766 3393 ad
1817 3337 2048 3407 perfecti

472 3430 627 3485 verbi
659 3432 1076 3502 susceptionem.
1123 3431 1487 3499 Quamobrem
1517 3428 1777 3484 Joannem
1826 3428 2048 3483 inchoa-

473 3522 680 3578 tionem
706 3537 826 3579 esse
860 3522 1161 3593 Evangelii,
1190 3524 1403 3578 Marcus
1436 3522 1773 3577 demonstrat
1796 3521 1862 3574 ²¹.
1889 3520 2047 3577 Post-

2142 2340 2213 2393 ἐν
2239 2337 2432 2399 ὕδατι,
2461 2334 2651 2405 μέσος
2688 2334 2756 2388 δὲ
2796 2333 2961 2403 ὑμῶν
2994 2332 3282 2399 εἱστήκει,
3317 2330 3392 2384 ὃν
3420 2329 3585 2399 ὑμεῖς
3609 2331 3706 2381 οὐκ

2142 2431 2359 2486 οἴδατε.
2398 2430 2507 2482 Καὶ
2538 2428 2752 2491 Λουκᾶς
2778 2426 2834 2480 δὲ
2866 2426 2935 2481 τὰ
2975 2427 3137 2497 ὃμοια
3172 2425 3413 2495 ἱστορεῖ,
3450 2422 3530 2474 ὅτι
3564 2419 3703 2473 Πάν-

2142 2540 2259 2577 των
2277 2518 2766 2589 διαλοτιζομένων
2782 2518 2915 2587 περὶ
2949 2518 3237 2580 Ἰωάννου,
3258 2515 3344 2586 μή
3370 2532 3512 2570 ποτε
3538 2512 3704 2578 αὐτὸς

2142 2617 2234 2684 εἴη
2262 2619 2294 2670 ό
2321 2614 2596 2684 Χριστὸς,
2625 2614 2983 2681 ἀπεκρίνατο
3017 2614 3049 2665 ὀ
3090 2609 3403 2677 Ἰωάννης-⁸
3445 2606 3585 2677 Ἐγὼ
3600 2604 3706 2675 μὲν

2143 2708 2315 2762 ὕδατι
2354 2705 2617 2771 ,βαπτίζω
2660 2703 2839 2774 ὑμᾶς,
2872 2704 3106 2773 ἔρχεται
3151 2701 3220 2754 δὲ
3260 2703 3291 2755 ὁ
3340 2698 3705 2771 ἰσχυρότερός

2140 2816 2279 2870 μου·
2307 2800 2490 2866 αὐτὸς
2518 2796 2676 2867 ὑμᾶς
2705 2796 2994 2860 βαπτίσει
3020 2794 3089 2847 ἐν
3118 2794 3421 2863 Πνεύματι
3451 2794 3590 2860 ἁγίῳ
3619 2788 3707 2841 καὶ

2146 2891 2308 2959 πυρί.
2350 2889 2416 2943 Τί
2448 2889 2504 2943 δὲ
2536 2888 2596 2942 τὸ
2643 2886 2785 2959 stop;
2826 2889 2859 2957 ἡ
2908 2886 3007 2939 τοῦ
3055 2885 3256 2955 κούφου
3290 2885 3524 2955 δαπάνη,
3564 2881 3705 2949 καὶὴ

2147 2981 2294 3046 ζέσις
2323 2979 2416 3035 τοῦ
2452 2979 2781 3051 πνεύματος.
2813 2977 2926 3048 Τῆς
2960 2977 3131 3047 αὐτῆς
3160 2977 3341 3048 ἔχεται
3370 2975 3598 3037 διανοίας
3626 2972 3707 3024 καὶ

2146 3076 2176 3129 ὁ
2213 3075 2460 3146 Ἰωάννης
2508 3072 2680 3142 λέγων
2704 3090 2718 3103 ·
2779 3066 2969 3138 Οὗτος
3008 3066 3197 3141 ἦλθεν
3242 3072 3331 3136 εὶς
3374 3067 3705 3139 μαρτυρίαν,

2149 3170 2251 3222 ἵνα
2271 3164 2632 3237 μαρτυρήσῃ
2674 3164 2807 3233 περὶ
2840 3164 2947 3219 τοῦ
2986 3161 3215 3232 φωτὸς,
3247 3162 3350 3215 ἵνα
3390 3162 3602 3224 πάντες
3627 3173 3708 3209 πι-

2151 3259 2452 3315 στεύσωσι
2486 3256 2558 3310 δι’
2585 3256 2792 3311 αὐτοῦ’
2821 3257 2933 3310 οὐκ
2962 3251 3041 3326 ἦν
3064 3254 3296 3320 ἐκεῖνος
3320 3254 3388 3307 τὸ
3416 3252 3558 3323 φῶς,
3585 3248 3707 3304 ἀλλ’

2149 3351 2252 3404 ἵνα
2286 3346 2641 3419 μαρτυρήσῃ
2676 3347 2807 3415 περὶ
2838 3347 2945 3400 τοῦ
2988 3346 3200 3416 φωτός.
3254 3343 3396 3397 Ἀλλ’
3433 3336 3587 3406 οὗτος
3622 3339 3709 3411 μὲν

2150 3436 2251 3495 ὧδέ
2280 3458 2356 3511 πη
2387 3440 2802 3510 προκατήρχετο
2837 3436 2930 3490 τοῦ
2960 3435 3335 3508 κηρύγματος,
3360 3431 3609 3488 ὁδοποιῶν
3630 3424 3708 3481 οἷα

2155 3532 2306 3604 φωνὴ
2349 3532 2447 3595 τὰς
2491 3531 2600 3585 τῶν
2647 3528 2947 3602 ἀνθρώπων
2995 3528 3172 3599 ψυχὰς
3218 3530 3297 3591 εἰς
3331 3524 3592 3595 ὑποδοχὴν
3626 3517 3709 3574 τοῦ

474 3630 638 3683 quam
662 3629 793 3670 vero
822 3630 927 3669 vox
953 3616 1102 3670 siluit
1126 3630 1353 3670 munere
1375 3630 1476 3670 suo
1506 3611 1788 3679 defuncta,
1813 3622 1868 3667 et
1895 3614 2045 3682 quasi

2395 3584 2555 3691 λόγου
2575 3638 2588 3650 ·
2632 3584 2783 3675 ἔνθεν
2828 3584 3053 3683 εἰκότως
3073 3584 3344 3689 ’άπαρχῖὴν
3368 3615 3461 3669 τοῦ
3488 3584 3709 3682 illane-

473 3705 670 3775 exigua
697 3707 991 3776 pbospbori
1023 3708 1141 3761 luce
1175 3717 1384 3762 mentes
1418 3706 1699 3761 hominum
1746 3706 1861 3776 jam
1888 3707 2050 3762 clari-

474 3796 780 3865 ﬂcaverat,
848 3810 978 3855 tunc
1031 3812 1245 3854 demum
1300 3800 1633 3869 unigenitum
1691 3799 1834 3869 quod
1892 3810 2049 3855 antea

474 3892 775 3946 exsistebat
805 3890 902 3948 Dei
927 3890 1188 3960 Verbum,
1219 3893 1467 3963 proprios
1495 3906 1622 3949 caro
1648 3891 1850 3949 factum
1872 3894 2055 3950 emisit

477 3982 817 4054 splendores.

1199 4256 1338 4313 XIV.

552 4348 694 4405 Salis
754 4350 1002 4422 symbolo
1062 4350 1448 4420 discipulorum
1522 4365 1743 4406 suorum
1796 4351 2051 4404 virtutem

478 4440 653 4495 innuit
686 4441 752 4496 ⁸³.
808 4440 944 4496 Nam
972 4443 1099 4511 quia
1140 4442 1269 4497 salis
1316 4453 1512 4497 natura
1563 4458 1631 4497 ex
1668 4457 1808 4512 aqua
1835 4454 1890 4495 et
1922 4442 2054 4495 flatu

477 4540 714 4599 constat,
739 4549 931 4604 parum
977 4535 1104 4603 quid
1141 4535 1344 4589 terreni
1393 4536 1750 4605 participans,
1784 4544 1838 4590 et
1864 4549 2055 4588 corru-

474 4625 748 4695 ptibilium
798 4640 1087 4696 corporum
1132 4626 1332 4682 fluxam
1382 4638 1635 4685 naturam
1678 4628 2054 4699 constringere

475 4715 638 4780 solet,
670 4717 743 4771 ita
777 4726 836 4772 ut
865 4719 1029 4771 etiam
1077 4719 1342 4775 cadavera
1390 4721 1713 4791 praevalente
1742 4720 1792 4773 vi
1829 4735 2054 4774 conser-

474 4818 595 4875 vet;
648 4810 1037 4865 convenienter
1100 4812 1400 4884 discipulos
1468 4828 1597 4869 suos
1664 4812 1794 4867 salis
1846 4824 2055 4867 naturae

2151 3717 2265 3771 λίου
2318 3714 2481 3768 αὑτὸν
2527 3711 2667 3766 εἶναι
2721 3714 2750 3765 ὁ
2794 3711 3020 3782 Μάρκος
3068 3709 3379 3763 ἐδίδασκεν·
3436 3705 3614 3774 ἐπειδὴ
3660 3699 3709 3754 δὲ

2152 3806 2361 3862 ἐσιώπα
2388 3805 2486 3876 μὲν
2512 3806 2546 3875 ἡ
2570 3804 2722 3875 φωνὴ
2751 3802 2820 3856 τὰ
2842 3804 3015 3856 οἰκεῖα
3046 3800 3385 3873 πληρώσασα
3411 3798 3567 3870 μέρη,
3595 3810 3707 3864 σμι-

2153 3898 2272 3970 κρῷ
2307 3915 2366 3950 τε
2405 3890 2494 3949 οἷα
2524 3896 2797 3967 φωσφόρῳ
2838 3894 2978 3964 φωτὶ
3008 3893 3105 3957 τὰς
3133 3892 3243 3946 τῶν
3272 3890 3568 3962 ἀνθρώπιον
3595 3901 3709 3940 κατ-

2158 3990 2445 4057 αυγάσασα
2493 3986 2762 4049 διανοίας,
2810 3985 2971 4048 αὐτὸς
3025 3984 3090 4055 δὴ
3134 3983 3319 4036 λοιπὸν
3361 3984 3390 4036 ὁ
3441 3977 3709 4053 μονογενὴς

2153 4084 2248 4137 καὶ
2291 4079 2473 4153 προὼν
2506 4079 2599 4135 τοῦ
2640 4079 2775 4133 Θεοῦ
2815 4078 2987 4147 Λόγος
3022 4077 3110 4131 διὰ
3161 4076 3361 4149 σαρκὸς
3385 4075 3481 4139 τὰς
3524 4072 3707 4132 οἰκείας

2155 4175 2429 4242 ἐξέπεμπε
2459 4172 2850 4243 μαρμαρυγάς.

2816 4263 2891 4317 IA'
2933 4264 3067 4335 (95).

2228 4359 2324 4413 Διὰ
2354 4359 2448 4413 τοῦ
2482 4359 2590 4413 τῶν
2620 4358 2764 4412 άλῶν
2800 4358 3067 4427 συμϐόλου
3106 4356 3206 4427 τὴν
3240 4355 3470 4425 δύναμιν
3497 4350 3706 4406 αἰνίττε-

2154 4467 2242 4504 ται
2269 4452 2377 4504 τῶν
2415 4450 2676 4522 μαθητῶν
2713 4450 2902 4504 αὐτοῦ.
2952 4450 3104 4502 Ἑπεὶ
3129 4448 3238 4518 γάρ
3271 4450 3321 4500 οί
3357 4448 3479 4509 ἅλες
3506 4445 3597 4515 τὴν
3622 4440 3707 4510 μὲν

2153 4541 2337 4594 οὐσίαν
2378 4540 2438 4605 ἐξ
2474 4541 2664 4605 ὕδατος
2707 4542 2801 4594 καὶ
2843 4541 3151 4608 πνεύματος
3197 4540 3570 4610 συνεστήκασι,
3603 4548 3706 4602 σμε-

2154 4636 2283 4706 κρόν
2311 4652 2364 4688 τι
2386 4635 2480 4688 τοῦ
2506 4633 2740 4704 γεώδους
2776 4633 3111 4706 μετέχοντες,
3139 4632 3237 4703 τῆς
3263 4633 3320 4686 δὲ
3344 4632 3451 4686 τῶν
3474 4625 3706 4702 φθαρτῶν

2158 4728 2423 4797 σωμάτων
2461 4728 2692 4797 ῥευστῆς
2724 4728 2939 4796 φύσεως
2977 4726 3312 4780 πυκνωτικοὶ
3352 4725 3705 4795 τυγχάνουσιν,

2154 4819 2230 4882 ὡς
2268 4820 2363 4873 καὶ
2409 4818 2478 4881 τά
2518 4819 2687 4890 νεκρά
2720 4821 3029 4893 διακρατεῖν
3077 4820 3305 4892 σώματα
3335 4818 3596 4893 κρείττονι
3632 4814 3707 4867 δυ-

475 4912 780 4972 conmarat,
808 4901 1064 4970 quoniam
1110 4914 1166 4961 et
1193 4907 1296 4974 ipsi
1342 4920 1408 4959 ex
1455 4920 1595 4974 aqua
1626 4915 1680 4960 et
1721 4905 1927 4974 Spiritu
1959 4921 2045 4975 ge-

2154 4911 2313 4980 νάμει
2338 4927 2351 4941 ·
2394 4913 2620 4977 είκότως
2651 4915 2777 4977 τοὺς
2808 4914 2957 4984 αὐτῷ
3006 4912 3473 4983 μαθητευομένους
3514 4912 3575 4979 τῇ
3611 4905 3706 4958 τῶν

476 4992 577 5047 niti
625 4993 862 5059 fuerant,
899 5005 1067 5067 atque
1110 4999 1334 5051 omnino
1374 4997 1582 5067 Spiritu
1630 4997 1882 5063 animati,
1941 5015 2045 5053 non

2155 5001 2298 5054 ἁλῶν
2348 5005 2683 5075 παραϐάλὶει
2722 5004 2913 5074 φύσει,
2963 5005 3085 5057 ἐπεὶ
3121 5004 3216 5057 καὶ
3248 5003 3402 5057 αὐτοὶ
3439 5000 3497 5065 ἐξ
3540 4999 3705 5056 ὕδατος

476 5093 657 5139 autem
715 5090 1017 5144 secundum
1078 5105 1295 5144 carnem
1343 5091 1619 5155 viventes,
1686 5091 1817 5146 salis
1877 5092 2045 5146 instar

2155 5094 2251 5146 καὶ
2277 5096 2592 5167 Πνεύματός
2630 5100 2734 5152 εἱσι
2779 5097 3136 5168 γεγενημένοι
3183 5096 3293 5150 ὅλοι
3334 5113 3395 5149 τε
3452 5091 3704 5161 Πνεύματι

475 5173 880 5241 quodammodo
913 5186 1091 5244 erant,
1133 5179 1545 5248 corruptibilem
1579 5190 1915 5236 terrenorum
1947 5184 2045 5238 ho-

2157 5184 2386 5252 ζῶντες,
2435 5189 2530 5241 καὶ
2576 5190 2636 5242 ού
2679 5189 2824 5243 κατὰ
2871 5191 3047 5261 σάρκα
3103 5190 3370 5260 βιοῦντες,
3412 5188 3534 5248 ἆλες
3576 5178 3701 5238 τινὲς

477 5263 684 5318 mitium
724 5267 894 5321 vitam
924 5270 1260 5338 corrigentes
1281 5282 1446 5340 atque
1470 5271 1838 5338 obdurantes;
1869 5281 1926 5327 et
1955 5288 2045 5331 eos

2158 5280 2346 5353 ῶσπερ
2375 5281 2638 5352 ὑπῆρχον,
2668 5282 2761 5335 τὸν
2787 5282 3083 5352 φθαρτικὸν
3110 5282 3222 5351 βίον
3254 5281 3362 5334 τῶν
3380 5280 3470 5331 ἐπὶ
3494 5276 3591 5345 γῆς
3621 5272 3701 5324 ἀν-

475 5358 570 5426 qui
629 5359 902 5426 probitate
941 5376 1153 5415 morum
1197 5362 1329 5429 ipsis
1382 5363 1836 5432 propinquabant,
1887 5366 2045 5433 perfi-

2160 5373 2393 5445 θρώπων
2424 5373 2840 5445 ἐπιστρέφοντες
2880 5375 2973 5428 καὶ
3014 5372 3371 5438 πυκνοῦν-τες,
3399 5370 3474 5439 τῷ
3496 5384 3553 5420 τε
3581 5359 3703 5418 κατὰ

476 5448 682 5505 cientes
710 5451 966 5520 dulcique
992 5454 1152 5508 veluti
1186 5469 1383 5523 sapore
1424 5455 1709 5510 donantes.
1756 5454 2045 5527 PrOpterea

2158 5466 2359 5537 ἀρετὴν
2392 5465 2493 5537 βίῳ
2517 5466 2645 5529 τοὺς
2683 5466 2865 5529 αὐτοῖς
2892 5465 3285 5537 πλησιάζοντας
3310 5463 3588 5537 ἀρτύοντες
3620 5452 3702 5508 καὶ

477 5564 523 5597 ³⁸
544 5562 702 5620 Joan.
754 5581 793 5632 t,
822 5567 915 5633 23,
945 5566 1035 5621 26.
1110 5569 1154 5600 ³ο
1180 5568 1308 5623 Luc.
1337 5584 1420 5635 ttt,
1450 5568 1538 5625 15.
1612 5569 1657 5602 ³⁸
1684 5568 1839 5624 Joan.
1872 5587 1913 5635 ι,
1952 5572 2007 5625 7.

2153 5574 2318 5631 Marc.
2356 5592 2397 5642 ι,
2430 5576 2483 5630 4.
2560 5576 2603 5611 ³³
2632 5576 2823 5633 Matth.
2851 5593 2905 5643 v,
2938 5577 3025 5632 l5.

549 5659 663 5744 (ξηξ
695 5660 891 5744 Τοιυιη
920 5663 1023 5719 hoc
1058 5662 1411 5744 fragmentum
1440 5666 1599 5744 unica
1629 5667 1820 5744 ferme
1858 5666 2046 5744 Graeca
2229 5672 2339 5741 (95)
2366 5670 2448 5744 in
2498 5674 2684 5729 codice
2725 5676 2791 5730 A.
2842 5674 2882 5730 f.
2917 5672 3047 5729 205.
3098 5674 3154 5729 b.
3186 5673 3501 5744 perspicuus
3537 5664 3700 5744 titul-trs

476 5730 701 5815 periodo
738 5742 977 5798 constat,
1005 5730 1178 5815 qnam
1204 5733 1425 5815 longam
1475 5735 1852 5815 circuitionem
1893 5738 2045 5815 valde

2151 5730 2447 5815 Εὗοῗεδξφυ
2470 5744 2685 5812 βιϐλίῳ
2710 5746 2963 5813 τετάρτῳ
2994 5730 3371 5814 Θεοφαὶθείαξ.
3401 5742 3549 5798 Solus
3576 5735 3697 5793 enim

478 5811 793 5889 consuetam
843 5804 1254 5889 esseLl-Alusebilo
1303 5807 1564 5889 observat.
1614 5804 2050 5889 Montfauconius
2162 5813 2422 5870 ordinalis
2455 5804 2712 5872 numerus
2743 5817 2796 5871 in
2832 5804 3153 5886 compendio
3186 5827 3288 5873 est.

482 5869 638 5935 prmf.
669 5887 721 5937 p.
753 5873 805 5926 6.
842 5872 907 5926 ad
938 5872 1179 5937 eiusdem
1211 5873 1658 5929 Commentarium
1702 5874 1755 5931 in
1799 5878 2048 5933 vsalmos.
