4008 6516
287 450 393 509 665

1624 456 1712 511 DE
1750 456 2213 514 TllEOPﬂANlA.

3423 462 3526 519 666

287 577 695 648 καθηδύνοντες.
727 577 911 653 Ταύτῃ
936 595 1016 631 τοι
1047 577 1139 632 καὶ
1170 577 1408 651 Μωύσῆς
1437 579 1745 651 ἐνομοθέτει
1780 581 1869 635 διὰ

1971 595 2021 640 et
2057 585 2265 656 Moyses
2318 584 2433 657 lege
2468 584 2745 642 sanciehat
2799 595 2856 642 ut
2908 586 3063 656 quasi
3096 586 3393 659 symbolum
3445 588 3527 642 sal

289 669 570 740 συμϐόλων
597 669 724 732 τούς
753 669 886 731 ἅλας
908 666 1238 739 προσφέρειν
1263 665 1347 737 τῷ
1365 666 1509 736 Θεῷ,
1541 660 1640 720 ὧδέ
1679 686 1751 739 πη
1780 668 1861 721 λέ-

286 778 400 829 γων
424 777 439 792 ο
485 760 590 813 Καί
629 757 753 814 πᾶν
786 759 978 827 δῶρον
1010 759 1226 823 θυσίας
1261 756 1429 827 ὑμῶν
1471 758 1570 812 ἁλί
1612 757 1862 826 ἁλισθή-

286 870 459 909 σεται
476 872 489 885 ·
521 853 633 908 ἀλλ’
663 854 810 924 ὅμως
842 853 909 906 δι’
934 851 1203 923 αἰσθητῶν
1231 850 1497 921 σωμάτων
1519 850 1671 904 ταῦτ’
1691 852 1864 903 ἐπιτε-

289 947 404 999 λεῖν
436 944 764 1016 ἐνομοθέτει.
807 946 866 998 ὐ
906 944 962 997 δέ
1006 943 1112 996 τῶν
1146 942 1349 995 καινῶν
1387 941 1649 1012 αὐθέντης
1683 941 1862 1013 νόμων

287 1039 419 1100 τοὺς
458 1036 590 1100 ἃλας
634 1039 768 1107 ἡμῖν
810 1036 937 1099 τοὺς
980 1034 1244 1103 θεοφιλεῖς
1289 1033 1581 1105 διαρρήδην
1632 1033 1860 1098 ἐδείκνυ,

285 1128 512 1191 τούτους
539 1124 677 1181 εἶναι
699 1126 964 1199 παριστὰς
987 1128 1113 1190 τοὺς
1137 1125 1379 1194 φύλακας
1395 1125 1504 1178 τῶν
1530 1125 1693 1178 αὐτοῦ
1724 1143 1864 1197 παρ-

286 1221 651 1291 αγγελμάτων
676 1237 690 1251 ’
747 1214 831 1283 οἷς
857 1219 954 1272 καὶ
984 1220 1064 1283 είς
1100 1218 1389 1291 πρόσωπον
1422 1216 1630 1287 ἐλεγεν·
1666 1217 1862 1288 ’Υμεῖς

286 1314 435 1368 ἐστε
469 1313 539 1369 τὸ
566 1312 721 1380 ἅλας
753 1311 862 1381 τῆς
887 1310 1020 1383 γῆς.

979 1425 1057 1479 ιε’
1092 1422 1222 1496 (96).

362 1537 502 1609 Φησὶ
527 1535 638 1610 γάρ
656 1554 670 1568 ·
702 1536 849 1601 Πᾶς,
873 1536 940 1602 ὃς
978 1534 1055 1589 ἂν
1075 1533 1422 1604 ὁμολογήσῃ
1449 1532 1519 1586 ἐν
1541 1531 1692 1603 ἐμοὶ,
1726 1533 1867 1601 δμο-

287 1625 693 1696 λοτηθήσεται
717 1625 972 1679 ἐνώπιον
999 1622 1117 1677 τῶν
1157 1622 1442 1693 ἀγγέλων.
1478 1622 1565 1686 Ὠς
1618 1619 1727 1693 γὰρ
1762 1618 1868 1689 ἐπὶ

287 1717 581 1789 ἡγεμόνων
604 1717 698 1771 καὶ
726 1716 1009 1787 βασιλέων,
1039 1716 1069 1768 ό
1104 1713 1207 1784 τῆς
1246 1714 1385 1784 ἐμῆς
1429 1712 1701 1784 βασιλείας
1732 1712 1867 1783 γνή-

290 1825 407 1871 σιος
434 1806 769 1879 στρατιώτης
790 1804 1356 1876 πεπαρῤησιασμένως
1373 1802 1469 1874 τὴν
1488 1804 1568 1868 είς
1592 1805 1619 1856 ἐ
1627 1802 1693 1874 μέ
1711 1804 1868 1873 ποιή-

292 1913 451 1949 σεται
490 1894 801 1966 ὁμολογίαν,
844 1894 984 1948 οὕτω
1033 1894 1187 1963 κάγὼ
1229 1894 1318 1947 τὸν
1367 1894 1606 1948 τοιοῦτον
1642 1894 1867 1965 ἀμειϐό-

293 2005 457 2058 μενος
490 1987 631 2041 κατά
661 1987 753 2041 τὸν
799 1988 899 2057 τῆς
944 1990 1085 2061 ἐμῆς
1113 1988 1389 2058 βασιλείας
1419 1988 1626 2060 καιρὸν,
1660 1987 1867 2057 μάρτυς

288 2080 445 2151 αὐτῷ
478 2083 896 2152 παραστήσομαι
953 2081 1052 2151 τῆς
1106 2079 1363 2143 εὐσεϐοῦς
1411 2077 1723 2149 ὁμολογίας,
1768 2077 1869 2139 τάς

288 2173 595 2236 ἐνστάσεις,
653 2173 746 2225 καὶ
788 2171 884 2243 τὴν
928 2172 1259 2243 παρρησίαν,
1314 2171 1406 2225 καὶ
1443 2169 1541 2241 τὴν
1572 2166 1866 2239 ὑπομονὴν,

288 2263 391 2317 καὶ
412 2263 473 2317 τὸ
502 2262 701 2316 τέλειον
721 2261 820 2333 τῆς
844 2262 981 2332 πρὸς
996 2261 1126 2315 Θεὸν
1149 2263 1386 2332 ἀγάπης,
1417 2260 1542 2323 τούς
1570 2277 1626 2313 τε
1651 2258 1869 2321 λοιποὺς

289 2354 493 2418 ἄθλους
518 2353 617 2425 τῆς
651 2350 898 2422 φιλοθέου
924 2352 1211 2423 στρατείας
1237 2352 1399 2406 αὐτοῦ
1430 2348 1871 2422 καταριθμούμε-

288 2464 409 2509 νος,
439 2446 536 2499 καὶ
580 2445 678 2515 τὴν
727 2443 868 2514 ὺπέρ
915 2441 1080 2496 αὐτοῦ
1141 2441 1465 2515 συνηγορίαν
1514 2441 1870 2511 ποιησόμενος

286 2536 386 2589 ἐπὶ
410 2534 506 2588 τοῦ
535 2535 747 2606 Πατρός
774 2552 874 2604 μου
897 2533 991 2586 τοῦ
1025 2536 1080 2587 ἐν
1098 2534 1155 2587 οὐ
1166 2536 1343 2605 ρανοῖς
1360 2550 1374 2565 ο
1395 2533 1593 2604 ταύτηι
1636 2531 1870 2603 ἀμοιϐὴν

288 2624 543 2680 ἐντεῦθεν
570 2625 671 2696 ἤδη
710 2623 966 2695 παρέξειν
999 2623 1399 2694 ἐπαγγέλλομαι
1430 2626 1541 2688 τοῖς
1564 2626 1716 2695 ἐμοῖς
1743 2625 1873 2693 ὁμο-

291 2717 553 2787 λογηταῖς
602 2716 695 2770 καὶ
742 2715 976 2786 μάρτυσι
1030 2716 1141 2777 τοῖς
1196 2713 1287 2765 ἐπὶ
1320 2713 1534 2767 πάντων
1575 2711 1871 2785 ἀνθρώπων

290 2805 871 2879 πεπαρῤησιασμένως
936 2804 1036 2876 τὴν
1101 2804 1238 2875 ἐμὴν
1297 2803 1672 2875 ἀνακηρύξασι
1721 2804 1873 2874 βασι-

290 2898 465 2953 λείαν.
494 2897 604 2951 Καὶ
627 2897 681 2952 τί
711 2896 756 2950 δ’
790 2895 857 2950 ἂν
884 2895 1094 2965 γένοιτο
1125 2895 1534 2966 μακαριώτερον
1565 2895 1665 2965 τῆς
1693 2893 1874 2948 τοιαύ-

289 3006 393 3061 της
414 2987 779 3057 ἐπαγγελίας;
828 2986 892 3042 Τί
920 2986 963 3039 δ’
1004 2986 1072 3040 ἂν
1114 2988 1360 3058 κρεῖττον
1403 2986 1496 3040 καὶ
1542 2986 1875 3057 ἐνδοξότερον

292 3080 388 3134 τοῦ
416 3080 524 3151 πρὸ
553 3079 648 3133 τοῦ
682 3078 823 3131 θείου
866 3077 1108 3149 βήματος
1133 3076 1293 3131 αὐτὸν
1338 3078 1429 3131 τὸν
1471 3080 1735 3149 μονογενῆ
1777 3077 1873 3131 τοῦ

295 3172 430 3227 Θεοῦ
463 3171 635 3239 Λόγον
670 3168 1026 3237 ἀναδέξασθαι
1049 3170 1149 3240 τὴν
1194 3168 1333 3241 ὑπὲρ
1368 3168 1524 3239 ήμῶν
1553 3170 1873 3240 όμολογίαν;

1961 677 2072 732 Deo
2103 676 2410 744 offerretur,
2464 679 2544 735 sic
2592 680 2777 735 dicens
2809 699 2821 734 :
2860 677 2927 731 Et
2968 696 3115 733 omne
3155 696 3343 735 munus
3367 682 3527 733 sacri-

1959 770 2067 838 ﬁcii
2101 769 2253 825 vestri
2294 770 2403 825 sale
2434 771 2727 827 condietur.
2786 770 2850 824 Et
2891 767 2979 824 ille
3010 771 3226 841 quidem
3259 771 3529 826 sensibili-

1961 859 2061 915 bus
2110 859 2427 930 corporibus
2466 861 2580 915 hac
2627 860 2744 914 fieri
2783 859 3096 915 mandabat.
3154 861 3225 915 At
3263 875 3523 915 novarum

1961 961 2150 1007 auctor
2196 952 2373 1022 legum
2418 952 2529 1007 sale
2567 952 2728 1007 nobis
2755 951 3002 1006 homines
3044 951 3155 1007 Deo
3199 967 3354 1007 caros
3401 968 3525 1022 per-

1963 1045 2147 1115 spicue
2175 1044 2395 1100 denotat
2423 1045 2490 1109 ",
2535 1045 2635 1099 hos
2664 1045 3042 1098 mandatorum
3091 1058 3312 1099 suorum
3339 1046 3527 1099 obser-

1961 1143 2179 1191 vatores
2219 1150 2339 1190 esse
2386 1133 2680 1191 affirmans.
2720 1133 2926 1201 Quibus
2968 1133 3131 1189 etiam
3165 1134 3385 1190 aiebat:
3425 1133 3525 1189 Vos

1962 1229 2085 1283 estis
2114 1227 2194 1283 sal
2222 1237 2375 1283 terra:
2405 1228 2477 1283 ³⁵.

2693 1403 2809 1460 XV.

1964 1536 1981 1577 ί
2032 1537 2128 1592 Ait
2179 1537 2360 1593 enim:
2416 1537 2728 1608 Quicunque
2768 1538 3042 1607 confessus
3095 1538 3257 1607 fuerit
3302 1539 3372 1592 de
3412 1552 3530 1603 me,

1968 1628 2225 1699 confessio
2267 1632 2331 1685 de
2371 1648 2431 1686 eo
2473 1631 2565 1700 ﬁet
2614 1648 2793 1685 coram
2844 1632 3044 1700 angelis
3071 1632 3138 1685 ³⁸.
3180 1631 3340 1686 Sicut
3383 1630 3530 1685 enim

1968 1719 2110 1788 apud
2152 1719 2316 1776 duces
2353 1735 2614 1790 regesque
2659 1720 2753 1786 fit,
2797 1718 2885 1775 ille
2927 1721 3019 1790 qui
3063 1720 3166 1774 mei
3208 1719 3361 1789 regni
3401 1719 3533 1774 ﬁde-

1965 1808 2034 1864 lis
2066 1810 2219 1865 miles
2249 1811 2589 1867 confidenter
2629 1812 2697 1866 de
2744 1827 2831 1867 me
2876 1810 3269 1867 confessionem
3322 1810 3532 1874 fecerit,

1968 1900 2114 1955 hunc
2139 1916 2239 1969 ego
2272 1902 2507 1957 vicissim
2544 1916 2923 1967 remunerans,
2952 1903 3101 1973 regni
3131 1902 3234 1956 mei
3270 1910 3530 1970 tempore,

1972 1993 2123 2048 testis
2143 1993 2191 2048 ei
2237 1994 2400 2049 adero
2432 1994 2696 2063 religiosae
2725 1995 3097 2049 confessionis
3122 2011 3136 2059 ;
3173 2008 3379 2063 pugnas
3408 2006 3534 2060 per-

1969 2094 2142 2149 actas,
2195 2084 2358 2138 animi
2407 2083 2779 2149 alacritatem,
2850 2086 3186 2153 patientiam,
3240 2082 3532 2153 perfectam

1968 2190 2096 2243 erga
2139 2174 2306 2229 Deum
2350 2176 2687 2239 charitatem,
2731 2186 2783 2229 et
2815 2176 3015 2245 reliqua
3047 2177 3153 2231 Deo
3179 2176 3384 2229 devotae
3418 2174 3536 2245 ejus

1971 2266 2175 2320 militia:
2220 2268 2522 2321 certamina
2578 2277 2930 2335 computans,
2984 2268 3143 2336 eique
3188 2268 3535 2336 patrocinans

1971 2358 2110 2424 apud
2163 2356 2372 2410 Patrem
2423 2371 2600 2410 meum
2656 2356 2747 2425 qui
2795 2357 2847 2409 in
2894 2356 3048 2410 uelis
3093 2368 3196 2410 est.
3253 2355 3406 2409 Hanc
3454 2370 3539 2408 re-

1973 2446 2320 2502 tributionem
2347 2447 2457 2515 jain
2497 2462 2640 2503 nunc
2685 2447 2928 2516 spondeo
2970 2462 3056 2502 me
3102 2448 3351 2502 daturum
3404 2461 3536 2501 cou-

1972 2538 2271 2594 fessoribus
2316 2540 2651 2608 testibusque
2722 2540 2901 2605 meis,
2955 2539 3046 2608 qui
3097 2553 3279 2593 coram
3330 2538 3540 2593 cunctis

1972 2629 2283 2685 hominibus
2338 2631 2679 2685 confidenter
2739 2646 2917 2686 meum
2975 2631 3391 2702 praedicaverint
3457 2645 3542 2684 re-

1972 2737 2160 2791 gnum.
2205 2721 2343 2787 Quid
2388 2737 2556 2793 porro
2606 2722 2817 2778 beatius
2872 2722 2974 2777 hac
3020 2722 3378 2791 promissione
3422 2720 3539 2776 fieri

1972 2810 2194 2880 potest?
2233 2810 2371 2875 Quid
2420 2812 2612 2867 melius
2639 2812 2716 2867 vel
2746 2811 3055 2882 gloriosius,
3095 2826 3258 2881 quam
3298 2820 3426 2864 ante
3455 2810 3541 2864 di«

1972 2901 2158 2954 vinum
2198 2901 2435 2956 tribunal
2464 2903 2801 2972 unigenitum
2834 2902 3010 2973 ipsum
3054 2903 3148 2957 Dei
3185 2901 3423 2957 Verbum
3454 2900 3544 2953 fa-

1974 2991 2220 3047 ciendam
2273 2992 2551 3062 suscipere
2593 2994 2659 3049 de
2694 2993 2854 3049 nobis
2893 2992 3338 3048 confessionem?
3381 3002 3543 3062 atque

1975 3083 2110 3137 adeo
2145 3097 2311 3153 opere
2350 3085 2631 3153 praemium
2676 3085 2851 3140 nostri
2894 3085 2962 3140 de
3005 3099 3071 3140 eo
3105 3083 3405 3139 testimonii
3448 3098 3544 3137 ox-

1974 3173 2181 3239 hibere,
2212 3175 2338 3229 dum
2376 3174 2431 3229 in
2468 3174 2588 3242 ipsa
2631 3176 2787 3229 testis
2826 3174 2907 3230 sui
2943 3174 3120 3228 anima
3163 3184 3438 3239 versatur,
3478 3188 3544 3227 ac

297 3264 444 3336 εργῳ
468 3281 529 3317 τε
550 3262 652 3333 τῆς
684 3261 989 3334 μαρτυρίας
1017 3260 1116 3333 τὴν
1156 3260 1389 3331 ἀμοιϐὴν
1427 3261 1784 3329 ἐνδείξασθαι,
1817 3265 1871 3317 ἐν

1978 3264 2142 3318 veluti
2193 3264 2246 3319 in
2291 3276 2482 3320 sancto
2522 3265 2721 3335 templo
2759 3266 2812 3320 in
2848 3267 3035 3321 eadem
3082 3266 3333 3321 habitat?
3378 3265 3542 3334 Atqui

298 3357 436 3427 αὐτῇ
474 3355 620 3427 ψυχῇ
669 3354 764 3408 τοῦ
819 3354 1263 3426 μαρτυρουμένου
1292 3354 1602 3425 γενόμενον,
1649 3355 1739 3409 καλ⁵
1768 3354 1878 3412 ὦσ-

299 3463 405 3518 περ
430 3447 490 3498 ἐν
522 3446 664 3517 ἁγίῳ
702 3444 817 3515 ναῷ
856 3446 915 3498 ἐν
943 3442 1091 3514 αὐτῷ
1132 3446 1569 3517 κατοικήσοντα;
1615 3445 1785 3498 Τοῦτο
1833 3445 1876 3498 δ’

296 3536 391 3595 οὖν
431 3538 786 3610 ἐπήγγελται,
816 3537 877 3591 οὐ
929 3537 1221 3609 παρέργως
1273 3538 1461 3592 εἰπών·
1498 3536 1879 3607 Ὀμολογήσω

297 3629 461 3699 κάγὼ
490 3630 561 3683 ἐν
583 3628 770 3693 αὐτῷ·
801 3628 862 3681 οὐ
888 3628 997 3699 γὰρ
1036 3627 1139 3691 ἔξω
1167 3645 1269 3682 που
1291 3629 1575 3699 τυγχάνων
1603 3627 1696 3680 τοῦ
1736 3645 1878 3699 μαρ-

297 3720 658 3791 τυρουμένου,
692 3720 805 3774 ἀλλ’
839 3722 897 3773 ἐν
927 3721 1076 3791 αὐτῷ
1104 3720 1362 3786 κατοικῶ,
1394 3721 1487 3773 καὶ
1516 3719 1613 3789 τῆς
1632 3719 1881 3788 θεότητος

298 3812 466 3867 αὐτὸν
496 3812 720 3883 πληρῶν
743 3811 843 3882 τῆς
868 3812 1032 3889 ἐμῆς,
1061 3812 1130 3866 δι’
1159 3812 1329 3883 αὐτῆς
1356 3811 1455 3881 τῆς
1476 3810 1755 3883 ἐνεργείας
1783 3808 1880 3880 τὴν

297 3905 358 3961 ἐν
384 3904 538 3975 αὐτῷ
573 3905 870 3975 ποιήσομαι
895 3903 1207 3973 ὁμολογίαν.

370 4038 524 4109 Πλὴν
572 4036 885 4110 ἐπιρρώσας
921 4037 1118 4101 αὐτοὺς
1147 4036 1359 4091 ἐλπίσιν
1388 4036 1618 4104 ἀγαθαῖς
1647 4035 1737 4089 διὰ
1782 4036 1882 4107 τῆς

294 4128 569 4199 τοσαύτης
588 4129 942 4198 ἐπαγγελίας,
979 4128 1293 4200 ἐπιστρέφει
1334 4128 1495 4182 πάλιν
1522 4129 1648 4192 τοὺς
1683 4128 1882 4192 αὐτοὺς

296 4219 367 4274 δι’
404 4218 634 4289 ἀπειλῆς
681 4217 1062 4288 φοϐερωτέρας
1091 4215 1374 4285 ἐπιλέγων,
1410 4217 1512 4280 ὄτι,
1550 4217 1659 4271 Τὸν
1700 4218 1883 4284 ἀρνη-

300 4310 573 4379 σάμενον
621 4308 1063 4376 ἀπαρνήσομαι.
1094 4307 1434 4375 Ἀναγκαίως
1470 4305 1526 4359 δέ
1559 4306 1652 4358 καὶ
1678 4307 1882 4377 ταύτην

1979 3355 2084 3411 hoc
2126 3356 2414 3428 promisit,
2474 3358 2616 3413 haud
2664 3372 2796 3412 casu
2858 3358 3091 3413 dicens:
3143 3358 3444 3426 Conﬁtebor
3494 3367 3543 3410 et

1978 3463 2073 3517 ego
2114 3464 2252 3523 eum.
2292 3449 2408 3505 Non
2460 3450 2605 3504 enim
2664 3452 2901 3519 alicubi,
2954 3461 3106 3506 extra
3148 3466 3271 3506 eum
3327 3450 3395 3505 de
3440 3464 3545 3519 quo

1979 3537 2265 3605 confiteor,
2286 3556 2427 3607 sum,
2497 3542 2594 3596 sed
2653 3542 2704 3595 in
2770 3543 2887 3612 ipso
2932 3542 3160 3607 habito,
3208 3550 3370 3611 atque
3421 3555 3543 3595 eum

1980 3629 2177 3684 deitate
2200 3644 2315 3685 mea
2346 3630 2641 3699 complens,
2674 3646 2771 3701 per
2800 3632 2971 3701 ipsam
3003 3629 3321 3695 efficaciam,
3354 3642 3460 3698 qua
3491 3628 3545 3681 iu

1980 3718 2073 3775 illo
2100 3736 2313 3791 operor,
2362 3721 2762 3779 confessionem
2809 3723 2877 3778 de
2908 3737 2972 3778 eo
3000 3736 3276 3792 peragam.

2052 4028 2346 4098 Postquam
2383 4030 2502 4084 illos
2546 4033 2729 4101 priore
2772 4030 2935 4086 effato
2979 4031 3032 4085 in
3068 4029 3342 4101 egregiam
3395 4042 3544 4098 spem

1982 4130 2268 4187 erexerat,
2322 4136 2515 4176 rursus
2568 4130 2805 4177 attentos
2855 4123 2989 4177 facit
3039 4137 3156 4184 eos.
3205 4120 3548 4176 terribiliori-

1983 4213 2085 4267 bus
2120 4212 2282 4266 minis
2312 4212 2609 4266 admonens
2640 4212 2758 4268 fore
2799 4223 2858 4267 ut
2890 4214 3004 4284 ipse
3038 4222 3327 4283 negantem
3362 4226 3421 4266 se
3454 4226 3551 4265 ne-

1985 4318 2093 4377 get.
2142 4305 2463 4361 Necessario
2520 4316 2700 4361 autem
2768 4308 2866 4364 has
2914 4322 3131 4377 quoque
3194 4306 3325 4376 ipsis
3374 4306 3551 4359 minas

300 4404 487 4465 αὐτοῖς
521 4399 902 4454 ἐπανετείνατο
917 4398 1013 4470 τὴν
1043 4398 1292 4467 ἀπειλὴν,
1324 4398 1399 4460 ὡς
1426 4396 1492 4450 ἂν
1521 4397 1595 4467 μὴ
1619 4414 1871 4468 καταφρο

1987 4397 2241 4461 intendit,
2275 4412 2342 4451 ne
2372 4396 2507 4451 forte
2534 4397 2826 4467 aliquando
2849 4398 3127 4468 negligant
3167 4398 3342 4466 ipsum
3384 4396 3552 4450 confl-

300 4495 526 4564 νήσαιεν
551 4492 651 4561 τῆς
695 4493 774 4555 είς
814 4490 976 4543 αὐτὸν
1023 4489 1331 4560 ὁμολογίας,
1368 4488 1603 4559 ἔμπαλιν
1639 4488 1696 4541 δέ
1736 4490 1871 4553 ὅπως

1986 4489 2148 4555 teri,‘
2187 4487 2539 4558 vicissimque
2591 4496 2652 4543 ut
2708 4502 2907 4558 negare
2957 4502 3078 4542 eum
3127 4487 3553 4557 perhorrescant

301 4587 577 4658 φρίττοιεν
608 4585 703 4655 τὴν
731 4584 958 4656 ἄρνησιν
990 4582 1086 4653 τῆς
1119 4580 1282 4634 αὐτοῦ
1325 4581 1647 4652 μαρτυρίας,
1673 4580 1757 4634 διὰ
1784 4580 1871 4652 τὴν

1987 4591 2210 4653 propter
2235 4592 2648 4637 consecuturam
2676 4583 2795 4654 ejus
2824 4583 2901 4637 rei
2937 4596 3174 4652 poenam,
3209 4594 3400 4651 nempe
3428 4580 3550 4649 quia

302 4676 774 4731 ἐπακολουθοῦσαν
805 4676 939 4744 αὐτῇ
972 4674 1259 4745 τιμωρίαν,
1296 4675 1418 4744 ἥτις
1441 4668 1509 4744 ἦν
1533 4674 1595 4726 τὸ
1627 4674 1763 4745 πρὸς
1784 4674 1871 4726 τοῦ

1985 4688 2014 4727 a
2050 4672 2189 4729 Filio
2221 4673 2315 4729 Dei
2350 4674 2710 4744 negabuntur.
2738 4673 2969 4728 Perinde
3016 4687 3143 4727 vero
3174 4678 3257 4725 est
3288 4668 3472 4740 negari
3522 4684 3551 4721 a

303 4768 434 4822 Υἱοῦ
455 4768 549 4821 τοῦ
582 4766 717 4821 Θεοῦ
741 4766 1059 4837 ἀρνηθῆναι,
1085 4767 1310 4837 Ὅμοιον
1341 4767 1386 4819 δ’
1412 4766 1478 4819 ἂν
1508 4766 1592 4837 εἴη
1622 4766 1681 4818 τὸ
1714 4767 1871 4838 ἀρνη-

1982 4764 2167 4831 Patre,
2222 4774 2385 4834 atque
2423 4780 2452 4817 a
2487 4764 2579 4817 Dei
2611 4764 2878 4834 sapientia
2924 4763 3131 4832 negari,
3177 4771 3231 4817 et
3263 4763 3375 4815 vita
3415 4759 3557 4814 exci-

304 4862 464 4931 θῆναι
491 4858 598 4913 ὑπὸ
634 4858 727 4911 τοῦ
778 4858 992 4929 Πατρός
1024 4858 1101 4929 τῷ
1149 4859 1450 4929 ἀρνηθῆναι
1502 4859 1608 4910 ὑπὸ
1654 4860 1751 4927 τῆς
1788 4858 1871 4911 τοῦ

1985 4854 2135 4921 dere,
2171 4853 2398 4923 luceque
2430 4854 2652 4923 privari,
2684 4863 2740 4908 et
2781 4854 2927 4908 omni
2959 4855 3098 4908 bono
3134 4852 3352 4922 depelli.
3386 4850 3554 4906 Porro

302 4952 439 5007 Θεοῦ
469 4952 681 5021 σοφίας,
708 4951 801 5004 καὶ
829 4950 905 5021 τῷ
930 4952 1179 5004 ἐκπεσεῖν
1212 4951 1311 5020 τῆς
1349 4949 1511 5019 ζωῆς,
1544 4950 1637 5002 καὶ
1660 4948 1738 5019 τῷ
1768 4966 1871 5002 στε-

1986 4947 2103 4999 huic
2142 4944 2322 4999 omnia
2356 4960 2537 4998 coram
2592 4944 2755 4999 Patre
2792 4946 3001 5001 caelesti
3048 4945 3280 5014 perpeti,
3330 4952 3382 4998 et
3435 4956 3555 5011 spe-

307 5043 541 5114 ρηθῆναι
568 5038 663 5093 τοῦ
686 5039 885 5108 φωτὸς,
908 5038 1001 5092 καὶ
1028 5037 1104 5109 τῷ
1137 5038 1353 5091 πάντων
1376 5035 1483 5090 τῶν
1509 5034 1731 5103 ἀγαθῶν
1758 5035 1871 5088 ἀπο

1986 5035 2263 5090 ctantibus
2293 5036 2502 5105 angelis
2534 5036 2923 5104 pr0pemotlum
2958 5044 3082 5088 ante
3105 5033 3345 5088 divinum
3376 5031 3550 5099 ipsum

305 5134 591 5203 ϐληθῆναι.
629 5132 702 5185 To
744 5130 799 5183 δέ
845 5130 1146 5183 καὶταῦτα
1198 5131 1375 5183 πάντα
1413 5128 1603 5181 παθεῖν
1654 5126 1871 5180 ἐνώπιοι

1990 5127 2226 5181 tribunal
2256 5127 2631 5191 condemnari,
2665 5138 2719 5181 et
2749 5128 2892 5182 illius
2920 5140 3086 5195 regno
3118 5122 3338 5194 expelli,
3368 5120 3552 5190 quidni

304 5223 401 5277 τοῦ
424 5223 640 5292 Πατρός
660 5222 754 5274 τοῦ
782 5221 840 5274 ἐν
868 5224 979 5285 τοῖς
1006 5223 1271 5293 οὐρανοῖς,
1301 5221 1395 5275 καὶ
1435 5220 1525 5273 ἐπὶ
1572 5219 1682 5273 τῶν
1720 5218 1871 5288 ἀγγέ-

1992 5218 2183 5285 quovis
2225 5232 2439 5273 summo
2468 5218 2734 5287 supplicio
2781 5217 2935 5288 pejus
2977 5217 3097 5273 sit?

308 5320 418 5373 λων
473 5317 752 5389 μονονουχὶ
805 5319 933 5389 παρ’
968 5318 1151 5382 αὐτοῖς
1202 5319 1309 5380 τοῖς
1358 5315 1523 5378 θείοις
1561 5314 1763 5385 βήμασι
1841 5312 2266 5383 κατακριθέντας
2319 5312 2414 5368 καὶ
2467 5311 2805 5383 ἀποὸλήτους
2850 5309 3171 5381 γενομένους
3228 5306 3326 5378 τῆς
3388 5302 3555 5358 αὐτοῦ

309 5412 606 5485 βασιλείας,
643 5412 802 5475 ποίας
846 5413 946 5466 οὐκ
978 5412 1043 5467 ἂν
1075 5413 1285 5482 γένοιτο
1315 5413 1493 5483 χεῖρον
1538 5410 1774 5480 ἐσχάτης
1800 5408 2101 5483 τιμωρίας;

380 5615 427 5647 ³⁵
462 5619 592 5670 Lev.
624 5628 686 5682 It,
716 5612 802 5670 f3.
881 5612 927 5647 ³⁸
965 5612 1158 5671 Matth.
1200 5629 1257 5682 ν,
1299 5614 1388 5670 i5.
1464 5614 1508 5647 ³⁸
1539 5612 1727 5670 Matth.
1760 5628 1817 5679 ι,
1845 5612 1934 5678 32,
1960 5612 2051 5669 33.

381 5814 763 5885 (96)0οι1.Ᾱ.
801 5814 839 5870 f.
886 5814 1096 5886 εισι».
1132 5816 1263 5872 Cod.
1294 5815 1360 5869 L.
1418 5816 1441 5869 ι
1507 5818 1575 5873 94
1622 5815 1679 5871 In
1708 5826 1855 5872 ulroo

1971 5817 2026 5880 β.
2064 5814 2444 5886 Θεοφανείας,
2475 5827 2596 5886 cum
2638 5810 2969 5886 compendiis
2996 5810 3050 5870 in
3103 5812 3340 5871 secundo
3399 5824 3554 5867 voca-

309 5883 413 5955 que
453 5883 638 5942 cotlice
665 5885 996 5957 prwponitur
1016 5885 1318 5957 fragmento
1360 5886 1554 5944 titut'us
1584 5890 1877 5944 Εὐσεϐίου
1987 5888 2131 5955 bulo,
2176 5883 2240 5941 'ut
2285 5887 2335 5941 in
2384 5883 2810 5951 praecedentibus
2854 5883 2989 5938 dixi.
