4008 6526
549 434 647 490 671

1252 431 1518 487 EUSEBH
1559 432 2031 489 CAESARIENSIS
2068 432 2217 487 OPP.
2257 430 2435 486 PARS
2474 430 2563 485 IV.
2595 462 2666 472 —
2698 431 3117 490 DOGMATICA.
3657 435 3741 489 372

553 548 869 611 includitur,
903 546 1222 615 cruciﬁgere
1267 555 1501 614 oportet,
1531 554 1587 599 et
1630 546 1792 600 veluti
1846 555 2115 602 mortuum

2221 543 2350 612 γοῦν
2384 544 2561 615 σῶμα,
2596 545 2625 596 ὃ
2654 545 2959 614 περίκειται
2988 545 3135 617 νῦνὴ
3167 543 3331 618 ψυχὴ,
3361 546 3742 619 ἀνασταυρῶσαι

550 641 785 706 efﬁcere,
816 639 984 694 clavis
1016 638 1348 706 conligentes
1372 638 1513 693 illius
1530 639 1850 708 cupiditates
1879 648 1934 693 et
1965 654 2114 694 mor-

552 733 837 797 tilicantes,
874 730 1010 786 adeo
1058 739 1115 785 ut
1163 745 1267 783 non
1300 729 1547 784 videatur
1578 730 1850 785 viventem
1883 730 2114 785 circum-

555 824 695 879 ferre
739 838 977 890 caruem,
1003 823 1098 877 sed
1149 821 1495 890 exstinctam,
1528 834 1582 876 et
1608 823 1805 877 divinis
1836 821 2116 891 praeceptis

556 913 894 969 transﬁsam.
966 914 1140 980 Atque
1205 912 1278 966 ita
1325 912 1533 977 anima,
1589 926 1710 981 quae
1750 912 1853 965 alia
1904 919 2117 965 constat

552 994 857 1059 substantia
909 1002 1230 1069 incorporea
1277 1009 1335 1054 et
1391 1000 1783 1066 intellectuali,
1834 999 2117 1055 vietoriale

555 1105 821 1165 tropaeum
845 1094 1106 1148 adversus
1130 1093 1315 1147 hostes
1346 1092 1588 1160 erigens,
1621 1106 1821 1159 corpus
1869 1106 1967 1145 ceu
2000 1105 2116 1145 cru-

552 1203 670 1241 cem
704 1182 1059 1241 circumferre
1086 1182 1360 1247 videatur,
1408 1190 1462 1235 et
1506 1190 1777 1233 mortuum
1821 1179 1985 1235 veluti
2030 1179 2116 1233 in-

550 1285 911 1332 strumentum
969 1284 1189 1346 gestans
1240 1273 1607 1342 subsequatur
1657 1272 1922 1327 rationem
1982 1273 2115 1343 (seu

553 1366 818 1437 Verbum)
871 1365 1113 1435 prmelari
1173 1365 1345 1419 instar
1384 1363 1573 1418 militis
1604 1362 1696 1432 qui
1752 1364 1995 1418 victoria:
2051 1366 2118 1420 de

552 1457 800 1512 hostibus
849 1457 1134 1511 manubias
1164 1463 1337 1525 gerat.
1370 1453 1482 1509 Nisi
1513 1453 1662 1508 enim
1694 1454 1799 1509 hoc
1838 1458 1998 1511 modo
2027 1472 2116 1512 se-

551 1556 748 1615 quatur
776 1560 884 1609 me,
917 1546 1111 1615 inquit,
1141 1544 1437 1613 discipulus
1474 1558 1675 1614 corpus
1716 1559 1873 1599 suum
1903 1553 1963 1599 et
1994 1560 2119 1601 car-

556 1654 677 1694 nem
710 1635 1065 1702 mortilicans,
1089 1646 1140 1691 et
1169 1635 1320 1706 quasi
1348 1635 1651 1690 exanimem
1682 1638 1971 1706 quamdam
2003 1653 2119 1693 cru-

510 1711 515 1717 ’
551 1743 671 1783 cem
711 1727 815 1781 sibi
864 1726 1168 1796 imponens,
1198 1726 1416 1781 minime
1463 1728 1535 1781 sit
1585 1742 1761 1795 neque
1790 1743 1911 1783 esse
1944 1728 2118 1799 possit

552 1834 639 1873 me
681 1817 891 1887 dignus.
941 1816 1167 1871 Culmen
1209 1818 1390 1885 itaque
1438 1818 1795 1888 philosophici
1828 1822 1993 1876 moris
2034 1822 2117 1876 his

551 1907 732 1961 verbis
774 1915 1147 1977 repra'sentat,
1198 1908 1493 1977 discipulos
1528 1923 1656 1963 suos
1693 1919 1943 1979 tanquam
1975 1912 2120 1966 viros
2151 1888 2192 1943 Β

550 2000 813 2055 militares
851 1999 919 2055 ad
976 2000 1253 2072 fastigium
1294 2000 1513 2056 virtutis
1567 2002 1932 2058 conscendere
1986 2004 2125 2059 invi-

552 2103 688 2151 laus.

622 2186 890 2253 Quoniam
939 2202 1043 2243 non
1096 2185 1268 2241 solum
1307 2186 1426 2255 plus
1456 2202 1616 2256 quam
1668 2196 1871 2256 patrem
1912 2203 1974 2243 ac
2011 2205 2124 2243 ma-

552 2285 689 2330 trem
714 2286 767 2331 et
792 2276 1013 2339 liberos,
1050 2290 1238 2329 verum
1279 2277 1441 2330 etiam
1484 2276 1602 2345 plus
1645 2292 1805 2345 quam
1847 2279 2123 2347 proprium

551 2384 774 2439 corpus,
806 2368 1101 2423 amicitiam
1148 2368 1315 2436 ipsius
1364 2368 1738 2422 :estimandam
1783 2384 1901 2424 esse
1929 2371 2124 2425 docue-

554 2472 675 2525 rat;
706 2476 812 2514 uno
838 2460 1013 2514 adhuc
1059 2460 1289 2529 reliquo,
1324 2460 1499 2529 magis
1524 2460 1687 2514 etiam
1737 2477 1895 2527 quam
1928 2478 2124 2533 corpus

552 2550 887 2614 necessario,
934 2550 987 2605 id
1038 2560 1124 2605 est
1168 2550 1385 2615 anima;
1447 2565 1754 2606 sermonem
1815 2553 2119 2621 intendens,

553 2641 620 2697 de
649 2641 750 2695 hac
768 2655 981 2710 quoque
1010 2641 1080 2694 ita
1110 2641 1323 2696 locutus
1344 2652 1428 2697 est
1460 2660 1473 2695 :
1508 2642 1613 2707 Qui
1636 2659 1739 2696 non
1770 2643 1936 2697 oderit
1966 2645 2121 2699 etiam

553 2731 787 2784 animum
817 2748 989 2795 suam,
1021 2748 1123 2784 non
1149 2744 1317 2801 potest
1348 2750 1491 2788 meus
1522 2752 1633 2789 esse
1677 2735 1982 2804 discipulus.
2022 2736 2119 2792 Se-

553 2822 789 2876 cundum
829 2836 958 2876 vero
1012 2822 1323 2877 Matthaaum
1377 2842 1391 2879 :
1436 2825 1541 2890 Qui
1587 2828 1838 2881 invenerit
1892 2828 2123 2882 animum

554 2930 727 2977 suam,
755 2915 932 2981 perdet
959 2931 1073 2968 eam
1102 2931 1119 2967 :
1148 2927 1194 2968 et
1224 2918 1314 2983 qui
1338 2932 1452 2969 eam
1478 2918 1765 2981 perdiderit
1788 2928 2000 2989 propter
2019 2936 2120 2985 me,

553 3006 777 3059 inveniet
808 3007 1007 3061 eam”.
1040 3005 1156 3060 Non
1193 3008 1339 3061 enim
1372 3009 1523 3075 mihi,
1549 3010 1744 3079 inquit,
1773 3010 1845 3067 de
1885 3013 2121 3069 exterio-

556 3097 705 3151 ribus
746 3111 930 3152 sermo
970 3106 1075 3159 est.
1112 3113 1291 3167 neque
1337 3100 1405 3153 de
1455 3102 1768 3170 parentibus
1815 3111 1871 3157 et
1915 3102 2118 3169 liberis,

553 3188 648 3241 sed
675 3202 741 3241 ne
766 3188 831 3242 de
863 3188 978 3257 ipso
1016 3191 1233 3258 quidem
1262 3204 1487 3260 corpore
1520 3199 1576 3245 et
1612 3207 1778 3247 carne
1824 3194 1924 3248 hac
1966 3193 2123 3249 facile
2150 3218 2192 3277 ο

555 3280 920 3349 corruptibili,
962 3297 1083 3351 quae
1118 3297 1309 3351 parum
1345 3297 1539 3337 eurare
1563 3283 1747 3353 jubeo,
1778 3285 1904 3340 dum
1932 3295 2121 3341 contra

553 3386 667 3439 pra:
695 3373 949 3429 omnibus
998 3376 1051 3428 in
1100 3375 1276 3443 pretio
1312 3374 1515 3434 habere
1539 3390 1819 3431 sermones
1848 3391 1996 3432 meos
2025 3377 2123 3431 ad-

554 3461 765 3516 hortor.
799 3460 905 3517 Sed
935 3464 1186 3531 quamvis
1214 3462 1391 3517 anima
1430 3465 1722 3532 pretiosior
1750 3466 1999 3523 omnibus
2030 3469 2120 3534 sit,

554 3553 626 3605 ita
659 3564 717 3607 ut
744 3554 875 3608 nihil
906 3556 1099 3609 melius
1130 3556 1397 3625 quispiam
1426 3556 1643 3624 habeat,
1680 3557 1806 3613 huic
1835 3560 1931 3629 ipsi
1973 3575 2124 3616 crea-

552 3650 638 3697 tor
668 3644 787 3713 ejus
833 3647 1242 3713 anteponendas
1266 3656 1383 3713 est;
1424 3650 1495 3702 ita
1531 3658 1589 3703 ut
1644 3650 1689 3704 si
1746 3659 1954 3721 tempus
1985 3652 2123 3709 forte

550 3736 736 3805 exigat
761 3735 889 3792 huic
916 3752 1137 3807 quoque
1159 3753 1264 3793 non
1316 3754 1560 3808 parcere,
1590 3755 1817 3809 eamque
1849 3743 2015 3798 exitio
2044 3744 2124 3813 (ιιι

552 3825 902 3895 hypotbetice
938 3828 1149 3901 loquar)
1182 3846 1279 3900 pro
1322 3832 1418 3886 Dei
1450 3832 1597 3887 cultu
1630 3834 1866 3899 tradere,
1898 3835 1951 3890 id
1985 3852 2117 3905 quo-

550 3932 658 3986 que
684 3920 799 3975 sine
823 3921 1161 3979 dubitatione
1200 3926 1464 3993 agendum
1492 3927 1583 3981 sit.
1621 3926 1831 3982 Etenim
1860 3930 1955 3984 soli
1992 3930 2119 3999 Deo,

552 4010 817 4077 perditam
866 4014 1012 4083 (dico
1058 4030 1155 4084 per
1192 4016 1558 4089 hypotbesim)
1610 4019 1781 4088 ipsius
1813 4036 1976 4077 causa
2005 4024 2123 4077 ani-

556 4118 697 4157 mam
727 4120 1046 4176 recuperare
1077 4119 1131 4163 et
1160 4109 1407 4165 invenire
1439 4112 1694 4180 possibile
1725 4122 1827 4168 est.
1865 4114 1999 4170 Nam
2032 4118 2121 4185 qui

550 4207 673 4248 eam
711 4210 974 4267 nusquam
1020 4198 1367 4254 exsistentem
1414 4202 1588 4270 primo
1638 4203 1911 4273 formavit,
1964 4215 2017 4261 et
2054 4222 2122 4261 ex

556 4300 664 4340 non
696 4297 942 4342 exstante
973 4290 1272 4345 subsistere
1299 4288 1454 4357 fecit,
1487 4291 1630 4345 haud
1668 4294 1839 4363 impos
1871 4296 1977 4351 erit
2002 4311 2121 4351 eam

550 4392 617 4429 ex
652 4378 927 4433 hominum
982 4382 1258 4435 consortio
1289 4382 1524 4451 pulsam,
1570 4393 1623 4438 et
1657 4385 1725 4440 de
1764 4387 1867 4441 hac
1908 4389 2120 4442 mortali

558 4468 665 4521 vita
703 4469 969 4535 abactam,
1008 4487 1197 4526 rursus
1247 4473 1315 4525 ad
1360 4472 1581 4527 luminis
1639 4490 1799 4530 auras
1846 4491 2120 4537 revocare.

2218 636 2506 705 προσήκει,
2535 635 2627 687 καὶ
2650 634 2837 707 ὥσπερ
2869 636 3061 707 νεκρὸν
3084 635 3507 707 ἀπεργάσασθαι,
3530 637 3744 707 καθηλώ-

2217 740 2415 786 σαντας
2444 724 2608 777 αὑτοῦ
2639 725 2706 779 τά
2733 725 2881 796 πάθη
2913 728 3006 779 καὶ
3037 724 3537 799 ἀπονεκρώσαντας,
3561 726 3629 789 ὡς
3655 743 3744 797 μη-

2215 814 2334 867 κέτι
2366 815 2539 868 δοκεῖν
2563 815 2740 880 ζῶσαν
2776 816 3091 888 περιφέρειν
3130 817 3326 888 σάρκα,
3352 815 3484 869 ἀλλά
3520 833 3747 886 νενεκρω-

2219 903 2405 975 μένην,
2437 904 2664 969 καὶτοῖς
2680 905 2844 969 θείοις
2871 906 3290 978 παραγγέλμασι
3314 924 3449 960 πεπε
3459 907 3743 978 ρονημένηνο

2215 994 2355 1049 ὥστε
2387 997 2486 1068 τὴν
2514 997 2710 1069 ψυχὴν,
2735 998 2925 1071 ἑτέρας
2945 997 3110 1053 οὖσαν
3141 999 3329 1063 οὑσίας
3354 999 3454 1068 τῆς
3486 998 3745 1068 ἀσωμάτου

2218 1088 2312 1141 καὶ
2338 1091 2550 1160 νοερᾶς,
2581 1090 2837 1161 τρόπαιον
2884 1092 3199 1163 νικητήριον
3248 1092 3366 1144 κατ’
3402 1089 3599 1161 ἐχθρῶν
3634 1092 3747 1158 ἐγεί-

2218 1199 2435 1253 ρουσαν,
2475 1183 2538 1235 τὸ
2580 1182 2736 1253 σῶμα
2787 1184 3015 1255 σταυρὸν
3059 1184 3233 1237 δοκεῖν
3292 1181 3615 1253 περιφέρειν,
3666 1184 3746 1236 καὶ

2217 1272 2407 1343 νεκρὸν
2422 1272 2605 1345 ὥσπερ
2628 1274 2856 1346 ὄργανον
2887 1276 3300 1348 ἀχθηφοροῦσαν
3326 1276 3549 1329 ἔπεσθαι
3570 1275 3641 1347 τῷ
3675 1276 3749 1330 λό-

2217 1382 2299 1436 γῳ
2329 1366 2482 1437 δίκην
2506 1368 2754 1434 γενναίου
2787 1367 3114 1440 στρατιώτου
3154 1368 3219 1422 τὰ
3250 1368 3477 1441 βραδεῖα
3501 1369 3593 1439 τῆς
3616 1367 3748 1438 νίκης

2217 1456 2338 1508 κατ’
2369 1455 2574 1527 ἐχθρῶν
2604 1457 3079 1529 ὲπικομιζομένου.
3108 1460 3170 1512 Et
3215 1459 3325 1528 γὰρ
3363 1459 3436 1529 μὴ
3470 1458 3642 1511 τοῦτον
3675 1458 3750 1510 τὸν

2216 1550 2417 1620 τρόπον
2445 1548 2793 1622 ἀκολουθήσει
2829 1569 2939 1622 μοι,
2977 1553 3159 1623 φησὶν,
3190 1555 3219 1606 ὁ
3250 1553 3373 1623 ἐμοὶ
3419 1550 3751 1623 μαθητευόμε-

2217 1657 2325 1704 νος,
2352 1640 2412 1692 τὸ
2440 1640 2633 1693 ἑαυτοῦ
2670 1640 2831 1712 σῶμα
2874 1642 2969 1696 καὶ
3004 1643 3103 1714 τὴν
3138 1644 3318 1715 σάρκα
3355 1640 3640 1713 νεκρώσας,
3671 1639 3751 1700 καὶ

2218 1724 2326 1782 οἷόν
2349 1748 2466 1783 τινα
2495 1730 2724 1799 σταυρὸν
2746 1732 2947 1803 ἄψυχον
2965 1732 3339 1803 περιθέμενος,
3372 1731 3470 1784 οὑκ
3494 1730 3555 1783 ἂν
3575 1727 3754 1797 γένοιτό

2224 1840 2322 1892 μου
2360 1822 2527 1887 ἄξιος,
2553 1824 2671 1876 οὑδὲ
2692 1823 2903 1880 δύναιτο
2930 1818 3069 1876 εἶναι
3098 1822 3361 1894 μαθητής.
3401 1821 3680 1892 Ἀκρότητα
3702 1816 3752 1872 δδ

2224 1913 2318 1966 καὶ
2342 1913 2429 1966 διὰ
2448 1914 2649 1969 τούτων
2676 1915 2962 1985 φιλοσόφου
2989 1915 3189 1987 τρόπου
3220 1915 3480 1985 παρίστη,
3511 1913 3627 1975 τοὺς
3668 1911 3752 1963 αὑ-

2223 2002 2315 2056 τοῦ
2373 2002 2619 2074 μαθητάς
2650 2000 2738 2057 οἷα
2779 2006 3196 2076 στρατιωτικοὺς
3237 2004 3439 2075 ἄνδρας
3487 2002 3568 2054 ἐπ’
3610 1998 3754 2069 ἀκρον

2223 2095 2419 2165 ἀρετῆς
2443 2096 2699 2149 σπεύδειν»
2718 2096 3170 2167 προκαλούμενος.

2294 2188 2368 2259 (5)
2414 2188 2551 2241 Ἀλλ’
2599 2188 2782 2259 ἐπειδὴ
2809 2182 3028 2260 ’πατρὸς
3074 2189 3168 2242 καὶ
3217 2186 3421 2258 μητρὸς
3458 2184 3548 2237 καὶ
3577 2181 3753 2236 τέκνων

2223 2280 2283 2333 οὑ
2318 2280 2495 2350 μόνον,
2544 2280 2676 2333 ἀλλά
2722 2281 2814 2332 καὶ
2864 2280 2956 2333 τοῦ
3004 2280 3251 2352 σώματος
3297 2277 3464 2332 αὑτοῦ
3514 2274 3753 2347 προτιμᾷν

2223 2368 2319 2440 τὴν
2352 2369 2516 2422 αὑτοῦ
2552 2370 2728 2440 φιλίαν
2754 2370 3008 2437 ἐδίδαξεν,
3033 2370 3150 2433 ένὸς
3173 2369 3229 2422 δὲ
3259 2368 3446 2422 λοιπὸν
3477 2366 3553 2418 ἔτι
3575 2363 3755 2416 λείπον-

2224 2476 2314 2522 τος
2341 2458 2433 2511 τοῦ
2467 2460 2560 2512 καὶ
2589 2459 2696 2513 τῶν
2743 2459 3008 2530 σωμάτων
3053 2458 3499 2530 ἀναγκαιοτέρου,
3533 2453 3677 2508 τοῦτο
3703 2451 3755 2520 δὴ

2221 2542 2289 2619 ἦν
2321 2550 2353 2621 ἡ
2396 2549 2568 2621 ψυχή·
2607 2551 2889 2604 ἐπιτείνων
2932 2552 3025 2604 τὸν
3068 2550 3244 2619 λόγον,
3280 2551 3377 2604 καὶ⁹
3414 2548 3536 2620 περὶ
3580 2545 3755 2611 ταύτης

2222 2640 2476 2703 τοιαύτας
2507 2642 2844 2713 προὺφέρετο
2876 2642 3074 2711 φωνὰς,
3105 2643 3187 2695 ὃτι
3228 2642 3291 2694 '0
3338 2642 3423 2711 μὴ
3467 2637 3649 2709 μισῶν
3676 2631 3755 2687 καί

2223 2730 2336 2799 τὴν
2365 2731 2579 2786 ἑαυτοῦ
2602 2732 2812 2800 ψυχὴν
2835 2734 2906 2787 οὐ
2931 2732 3177 2788 δύναται
3189 2750 3308 2802 μου
3332 2729 3483 2785 εἶναι
3494 2725 3752 2799 μαθητής’

2223 2820 2363 2875 κατά
2392 2822 2448 2875 δὲ
2470 2822 2561 2875 τὸν
2584 2823 2880 2888 Ματθαῖον,
2927 2823 2989 2877 '0
3016 2823 3204 2892 εὑρὼν
3232 2822 3349 2891 τὴν
3373 2821 3576 2891 ψυχὴν
3595 2814 3754 2873 αὑτοῦ

2222 2913 2509 2967 ἀπολέσει
2550 2914 2771 2981 αὐτὴν
2807 2914 2906 2968 καὶ
2950 2918 2983 2969 ὁ
3005 2914 3310 2981 ἀπολέσας
3356 2913 3545 2981 αὐτὴν
3577 2911 3756 2965 ἕνεκεν

2221 3002 2387 3071 ἐμοῦ,
2410 3002 2651 3070 εὑρήσει
2682 3004 2892 3070 αὑτήν.
2927 3004 3000 3058 Ού
3032 3004 3141 3076 γάρ
3175 3004 3302 3077 περὶ
3334 3004 3443 3057 τῶν
3482 3001 3626 3065 ὲκτός
3657 3014 3750 3069 μοι.

2225 3094 2393 3164 φησὶν
2425 3096 2453 3147 ὁ
2498 3095 2676 3163 λόγος,
2722 3096 2841 3149 οὐδὲ
2880 3098 3007 3167 περι
3054 3099 3255 3165 γονέων
3291 3096 3394 3150 και
3420 3096 3629 3156 τέκνων,
3659 3090 3753 3144 ἀλλ’

2223 3185 2343 3237 οὑδὲ
2387 3186 2514 3257 περὶ
2553 3184 2715 3239 αὑτοῦ
2760 3187 2854 3240 τοῦ
2904 3187 3151 3258 σώματος
3198 3189 3290 3241 καὶ
3334 3188 3436 3259 τῆς
3486 3184 3752 3254 εὐφθάρτου

2224 3277 2426 3349 ταύτης
2456 3272 2761 3350 σαρκὸς,ὧν
2776 3280 2838 3350 δὴ
2858 3278 3073 3333 ἔλαττον
3093 3278 3401 3351 φροντίζειν
3422 3274 3754 3350 παρακελεύο-

2229 3387 2346 3441 μαι,
2382 3372 2473 3424 καὶ
2503 3371 2607 3442 πρὸ
2639 3372 2855 3425 πάντων
2884 3373 3048 3443 τιμᾷν
3074 3368 3202 3436 τοὺς
3221 3373 3392 3445 ἐμοὺς
3433 3372 3613 3439 λόγους
3634 3384 3752 3437 παρ-

2225 3461 2392 3524 αινῷ’
2432 3462 2544 3516 ἀλλ’
2575 3464 2712 3535 ὅπερ
2769 3463 2885 3517 ἐστὶ
2932 3464 3147 3519 πάντων
3187 3463 3511 3537 τιμιώτερον
3547 3464 3579 3533 ἡ
3612 3460 3755 3529 ψυχὴ.

2222 3550 2291 3627 ἧς
2313 3554 2414 3606 οὑκ
2444 3553 2508 3607 ἂν
2555 3554 2761 3623 γένοιτό
2790 3572 2845 3608 τι
2888 3558 3133 3628 κρεῖττον
3162 3556 3398 3626 ἑκάστῳ,
3444 3554 3533 3608 καὶ
3584 3550 3755 3617 ταύτης

2225 3648 2391 3717 αὑτῆς
2420 3646 2526 3712 δέοι
2557 3646 2621 3701 ἂν
2649 3648 2739 3701 τὸν
2781 3649 3009 3721 ποιητὴν
3056 3649 3223 3721 αὑτῆς
3268 3650 3567 3721 προτιμᾷν·
3596 3645 3679 3707 ὡς,
3717 3640 3756 3694 εί

2225 3739 2414 3811 καιρός
2444 3756 2574 3792 ποτε
2605 3739 2903 3808 καλέσειεν,
2946 3742 3232 3813 ἀφειδῆσαι
3272 3741 3369 3795 καὶ
3394 3739 3607 3809 ταύτης,
3630 3736 3756 3789 ἀπω-

2224 3826 2341 3897 λείᾳ
2388 3844 2445 3879 τε
2480 3827 2667 3899 αὐτὴν,
2717 3828 2792 3892 ὡς
2833 3830 2891 3882 έν
2932 3829 3182 3883 ὑποθέσει
3214 3829 3372 3898 λόγου
3415 3830 3600 3889 εἰπεῖν,
3640 3822 3756 3892 ὑπὲρ

2224 3918 2501 3981 εὐσεϐείας
2520 3919 2654 3972 Θεοῦ
2684 3920 3035 3991 παραδοῦναι,
3060 3922 3154 3976 καὶ
3177 3922 3333 3975 τοῦτο
3365 3923 3470 3993 χρὴ
3499 3916 3755 3991 προθύμως

2225 4010 2541 4079 ὑπομένειν
2573 4011 2656 4064 ὅτι
2703 4012 2846 4082 μόνῳ
2887 4012 3005 4083 Θεῷ
3036 4014 3130 4066 καὶ
3160 4014 3279 4085 τὴν,
3315 4015 3392 4078 ὡς
3435 4016 3490 4067 έν
3522 4009 3759 4068 ὑποθέσει,

2225 4096 2560 4155 ἀπολωλυῖαν
2579 4099 2644 4153 δι’
2667 4088 2826 4154 αὑτὸν
2850 4101 3025 4173 ψυχὴν
3051 4103 3485 4157 ἀνακαλέσασθαι
3515 4102 3602 4155 καὶ
3630 4099 3758 4152 ἀνευ-

2229 4190 2336 4259 ρεῖν
2366 4188 2607 4248 δυνατόν.
2646 4190 2705 4245 '0
2728 4191 2838 4263 γὰρ
2872 4194 3118 4265 μηδαμοῦ
3148 4194 3412 4265 μηδαμῶς
3437 4190 3592 4248 οὖσαν
3617 4187 3758 4256 αὐτὴν

2225 4282 2485 4353 πρότερον
2518 4282 2983 4358 ὑποστησάμενος,
3018 4287 3110 4339 καὶ
3139 4288 3203 4340 ὲκ
3231 4287 3324 4340 τοῦ
3361 4289 3434 4359 μὴ
3458 4287 3600 4349 ὄντος
3621 4284 3689 4344 εἰς
3710 4278 3758 4331 τὸ

2225 4369 2364 4426 εἶναι
2398 4373 2750 4445 παραγαγὼν,
2777 4375 2875 4429 οὑκ
2904 4376 2971 4430 ἂν
3012 4377 3094 4449 εἴη
3129 4378 3390 4443 ἀδύνατος
3419 4372 3757 4445 ἀπολλυμένην

2224 4463 2391 4533 αὑτὴν
2420 4464 2478 4527 te
2512 4464 2829 4537 ἀνθρώπων,
2875 4467 2968 4519 καὶ
2999 4468 3063 4519 ὲκ
3105 4467 3197 4521 τοῦ
3231 4467 3422 4539 θνητοῦ
3452 4466 3560 4538 βίου
3590 4466 3757 4531 ἀφανι-

557 4557 689 4611 Nam
718 4561 857 4627 quod
893 4562 1162 4629 perditum
1193 4562 1319 4626 fuit,
1345 4563 1489 4616 haud
1516 4579 1644 4618 sane
1674 4566 1727 4619 in
1758 4567 1983 4621 nihilum
2016 4570 2121 4625 dis-

2236 4556 2474 4620 σθεῖσαν,
2494 4552 2647 4620 αὖθις
2675 4558 2754 4621 είς
2770 4557 2886 4626 φῶς
2916 4562 3275 4630 παραγαγεῖν.
3302 4560 3376 4612 Τὸ
3390 4559 3494 4629 γὰρ
3519 4550 3757 4610 ἀπολωλὸς

554 4651 800 4715 solvitur,
823 4652 916 4706 sed
951 4653 1220 4717 subsistit,
1252 4664 1359 4718 est,
1386 4670 1447 4709 ac
1476 4665 1788 4725 permanet;
1825 4666 2029 4713 tantum
2064 4676 2121 4716 se

2222 4648 2321 4700 οὑκ
2366 4648 2446 4710 εἰς
2489 4648 2827 4719 ἀνυπαρείαν
2866 4650 3203 4721 κεχώρηκεν,
3258 4650 3370 4703 ἀλλ’
3408 4650 3629 4719 ὑπάρχει
3677 4642 3756 4711 μὲν

554 4740 822 4796 subtrahit
872 4743 1110 4810 latetque
1156 4745 1522 4801 destructores
1578 4762 1726 4814 suos,
1778 4763 1885 4803 non
1943 4760 2125 4806 tamen-

554 4847 805 4899 magnum
869 4834 1081 4888 oculum
1133 4834 1289 4904 fugit.
1340 4838 1699 4904 Quamobrem
1745 4840 1878 4895 nihil
1931 4856 2121 4908 reapse

550 4924 689 4992 apud
735 4924 899 4979 Deum
933 4927 1091 4994 perit.
1140 4925 1291 4991 Quod
1322 4929 1367 4982 si
1404 4929 1525 4998 quis
1557 4929 1666 4983 Deo
1716 4946 1818 4985 non
1854 4933 2115 4999 credens,

550 5029 725 5086 neque
759 5032 915 5086 posse
971 5019 1038 5072 ab
1088 5032 1153 5073 eo
1202 5020 1438 5074 animam
1470 5037 1589 5090 qua:
1620 5023 1847 5092 periisse
1873 5036 2112 5094 putetur,

547 5108 791 5161 revocari
840 5124 903 5163 ac
948 5110 1206 5165 vivificari
1265 5111 1558 5180 judicans,
1610 5114 2008 5171 confessionem
2050 5115 2118 5170 de

438 5226 441 5227 ν
547 5197 658 5252 Deo
693 5198 886 5255 factam
934 5202 1283 5270 abnegaverit
1309 5243 1326 5269 ,
1362 5218 1423 5257 ac
1457 5214 1740 5273 prOpterea
1797 5206 2114 5276 impenden-

550 5300 655 5343 tem
685 5290 753 5343 ab
784 5291 1092 5347 hominibus
1136 5308 1324 5348 necem
1382 5294 1603 5363 fugerit,
1645 5311 1810 5365 seque
1868 5311 2113 5352 securam

546 5381 688 5435 inter
722 5382 966 5439 homines
997 5385 1157 5440 vitam
1204 5387 1457 5455 adeptum
1492 5389 1797 5457 putaverit,
1834 5398 1999 5458 atque
2040 5389 2114 5443 ita

548 5472 783 5525 animam
814 5489 966 5529 suam
996 5491 1054 5531 se
1084 5478 1360 5534 invenisse
1400 5488 1605 5548 speret,
1636 5480 1837 5549 quippe
1873 5481 1965 5548 qui
2013 5480 2115 5535 ho-

549 5562 753 5615 minum
799 5564 1021 5620 insidias
1055 5567 1564 5639 impendentemque
1616 5570 1898 5642 religionis
1951 5584 2112 5628 causa

548 5667 733 5707 necem
776 5656 1059 5723 vitaverit;
1098 5658 1206 5726 hic,
1262 5659 1510 5731 inquam,
1559 5661 1698 5719 sciat
1742 5676 1876 5719 vera
1936 5664 2113 5735 potius

548 5746 594 5777 “
623 5745 812 5801 Matth.
843 5764 897 5816 ι,
922 5750 1012 5806 59.
1916 5749 1949 5763 “’

535 5896 551 5913 δ
619 5840 698 5904 ιδ)
727 5840 855 5900 Cod.
888 5845 952 5903 Α.
990 5843 1027 5900 ι.
1059 5844 1185 5906 ιρι,
1218 5845 1273 5902 b.
1386 5910 1387 5913 χ

2222 4736 2313 4789 καὶ
2343 4735 2457 4789 ἐστι
2500 4738 2593 4791 καὶ
2629 4737 2780 4809 μένει
2802 4756 2815 4769 '
2851 4741 3155 4812 κέκρυπται
3184 4741 3239 4794 δὲ
3272 4741 3365 4793 καὶ
3394 4740 3626 4793 λανθάνει
3654 4734 3756 4792 τοὺς

2220 4828 2660 4893 ἀπολωλεκότας,
2718 4830 2831 4884 ἀλλ’
2882 4833 3001 4885 οὐδὲ
3059 4833 3149 4886 τὸν
3206 4831 3377 4905 μέγαν
3430 4827 3753 4898 διαδιδράσκει

2219 4919 2493 4991 ὀφθαλμόν
2520 4938 2534 4951 ·
2571 4922 2652 4975 διὸ
2692 4924 2844 4977 οὐδὲν
2893 4924 2957 4977 ἂν
3000 4925 3252 4978 ἀπόλοιτο
3284 4926 3411 4995 παρ’
3441 4920 3598 4991 αὑτῷ.
3628 4918 3681 4970 El
3708 4912 3755 4965 δέ

2219 5027 2321 5073 τις,
2378 5012 2683 5084 ἀπιστήσας
2727 5014 2876 5082 Θεῷ,
2929 5017 3023 5069 καὶ
3062 5016 3136 5088 μὴ
3184 5016 3438 5070 δύνασθαι
3487 5012 3634 5068 αὑτὸν
3672 5005 3752 5075 τὴν

2220 5100 2553 5156 ἀπολωλέναι
2574 5104 2917 5175 νομισθεῖσαν
2935 5106 3114 5179 ψυχὴν
3132 5103 3288 5171 αὖθις
3309 5105 3654 5174 ἐπαναγαγεῖν
3676 5097 3751 5151 καὶ

2220 5190 2501 5254 ζωοποιεῖν
2529 5196 2895 5266 ἡγησάμενος,
2926 5198 3153 5269 ἔξαρνος
3181 5200 3388 5269 γένοιτο
3414 5199 3507 5268 τῆς
3538 5193 3649 5264 περὶ
3676 5188 3749 5240 τὸν

2218 5282 2349 5334 Θεὸν
2373 5285 2679 5353 ὁμολογίας,
2707 5283 2823 5340 εἶτα
2850 5289 3099 5359 διαφύγοι
3140 5292 3237 5361 μὲν
3267 5291 3356 5343 τὸν
3389 5290 3445 5355 ἐξ
3487 5282 3753 5357 ἀνθρώπων

2218 5372 2603 5443 ἐπῃωρημένον
2643 5374 2890 5441 θάνατον,
2937 5380 2995 5431 ὲν
3032 5380 3301 5450 ἀσφαλείᾳ
3344 5379 3399 5432 δὲ
3449 5376 3544 5448 ἤδη
3588 5372 3667 5425 καὶ
3702 5370 3749 5419 ἐν

2221 5467 2507 5539 ἀμερίμνῳ
2537 5469 2639 5539 τῆς
2665 5470 2966 5541 ἀνθρώπων
2997 5473 3145 5543 ζωῆς
3184 5476 3367 5545 ἡγοῖτο
3413 5472 3593 5527 ἑαυτὸν
3617 5482 3748 5537 γεγο-

2220 5558 2387 5624 νέναι,
2422 5561 2497 5626 ὡς
2524 5562 2699 5617 δοκεῖν
2723 5566 3013 5638 εὑρηκέναι
3037 5566 3231 5622 ἑαυτοῦ
3258 5569 3354 5640 τὴν
3376 5565 3563 5637 ψυχὴν,
3588 5563 3669 5617 ἀτε
3694 5555 3747 5625 δὴ

2218 5650 2499 5721 ἐκφεύγων
2527 5653 2625 5719 τὰς
2652 5656 2709 5723 ἐξ
2739 5658 3040 5729 ἀνθρώπων
3064 5661 3369 5725 ἐπιϐουλάς,
3394 5656 3589 5714 καὶτὸν
3610 5656 3749 5724 ἠπει-
