4008 6552
350 408 457 463 ῦῖδ

1696 408 1797 495 οε,
1823 406 2283 464 resupnum.

3471 417 3578 476 674

349 525 414 596 λη
420 525 582 595 μένον
604 523 786 577 ἕνεκεν
809 523 899 576 τοῦ
920 523 1017 595 τῆς
1037 523 1513 595 θεοσεϐείαςίλόγου
1530 524 1775 578 θάνατον⁹
1795 525 1911 579 ἵστα

2024 525 2133 579 vita
2175 540 2235 581 se
2280 524 2457 595 ipsum
2501 526 2780 595 privasse,
2823 541 3088 596 suamque
3130 528 3385 595 animam,
3419 544 3580 599 quant

347 618 376 669 ὁ
403 615 643 678 τοιοῦτος
692 615 789 684 τῆς
823 615 1053 686 ἀληθοῦς
1097 615 1242 686 ζωῆς
1285 616 1472 670 ἑαυτὸν
1512 616 1797 687 στερήσας,
1823 616 1916 669 καὶ

348 712 447 782 τὴν
478 707 671 763 ἐαυτοῦ
711 708 906 779 ψυχὴν,
950 709 1016 779 ἦν
1054 710 1341 779 εὑρηκέναι
1387 708 1686 778 νενόμικεν,
1728 707 1917 778 ἀληθεῖ

347 801 490 869 λόγῳ
520 799 795 870 παραδοὺς
824 799 1084 869 ἀπωλείᾳ.
1129 800 1314 871 Πάσης
1351 798 1457 868 γὰρ
1488 798 1719 869 ἐσχάτης
1764 798 1914 851 ἀπω-

347 892 500 954 λείας
531 891 725 958 γένοιτ’
758 889 824 943 ἂν
869 892 1045 961 χεῖρον
1077 891 1136 943 τὸ
1164 892 1412 944 ἐκπεσεῖν
1444 889 1597 953 θεοῦ,
1630 889 1722 942 καὶ
1751 889 1917 960 ἀρνη-

348 985 508 1054 θῆναι
537 984 641 1037 ὐπὸ
671 982 762 1036 τοῦ
806 983 936 1036 Υίοῦ
970 983 1063 1035 τοῦ
1100 981 1255 1036 Θεοῦ.
1299 982 1364 1033 Τί
1391 982 1449 1034 δὲ
1480 980 1573 1033 καὶ
1600 980 1759 1032 πλέον
1787 982 1914 1032 ἐπο-

356 1076 563 1148 ρίσατο,
598 1075 789 1128 ἑαυτὸν
821 1075 1120 1146 ἀπατήσας,
1154 1075 1247 1127 καὶ
1283 1074 1571 1144 εὑρηκέναι
1597 1074 1694 1143 τὴν
1722 1071 1914 1125 ἐαυτοῦ

350 1167 527 1236 ψυχὴν
552 1164 854 1228 ὑπολαϐὼν,
882 1166 990 1229 ὅτε,
1026 1164 1237 1233 φεύγων
1273 1164 1361 1217 τὸν
1394 1162 1639 1226 θάνατον,
1666 1162 1755 1215 τὸν
1785 1162 1915 1215 Θεὸν

346 1259 594 1328 ἡρνεῑτο;
625 1255 861 1325 Σμικροῦ
892 1254 998 1325 γὰρ
1024 1255 1174 1317 ὄντος
1203 1256 1294 1309 καὶ
1320 1255 1603 1326 ἐπικαίρου
1633 1254 1770 1325 βίου,
1799 1254 1913 1325 μετ’

280 1353 327 1415 5.;
348 1348 408 1399 οὐ
440 1347 573 1400 πολύ
601 1348 699 1417 τῆς
723 1346 920 1417 θνητῆς
949 1347 1038 1399 καὶ
1057 1345 1415 1417 ὀλιγοχρονίου
1442 1344 1586 1415 ζωῆς
1608 1330 1911 1416 στερηθεὶς,

314 1426 319 1430 ’
350 1438 444 1490 καὶ
473 1437 550 1508 τῷ
580 1437 792 1507 θανάτῳ
836 1437 893 1489 ὃν
928 1436 1140 1506 φεύγων
1166 1437 1255 1490 τὸν
1284 1437 1413 1489 Θεὸν
1447 1438 1658 1509 ἠρνεῖτο
1682 1436 1916 1507 ὑποϐλη-

348 1530 483 1593 θεὶς,
518 1533 584 1599 τῇ
620 1529 754 1599 μετά
784 1529 872 1582 τὸν
896 1527 1119 1581 θάνατον
1151 1527 1342 1598 αίωνίᾳ
1368 1527 1583 1581 κολάσει
1610 1526 1916 1597 παραδοθή-

348 1638 520 1684 σεται,
545 1620 812 1682 ἀπολέσας
845 1618 1058 1688 άληθῶς
1088 1618 1183 1688 τὴν
1208 1617 1398 1672 ἑαυτοῦ
1429 1617 1624 1687 ψυχὴν,
1654 1617 1719 1687 ἢν
1748 1617 1913 1688 εὐρη-

348 1714 503 1767 κέναι
543 1712 860 1782 ὐπειλήφει·
918 1710 994 1773 ώς
1035 1710 1298 1763 ἀνάπαλιν
1341 1709 1369 1761 ὁ
1402 1708 1487 1761 διὰ
1523 1708 1620 1778 τὴν
1659 1709 1736 1769 είς
1780 1707 1914 1759 Θεὸν

348 1804 543 1857 ἐλπίδα
572 1802 760 1856 ἑαυτὸν
785 1801 1072 1870 άπογνούς,
1097 1801 1191 1854 καὶ
1220 1800 1313 1871 τὴν
1339 1799 1530 1853 ἑαυτοῦ
1571 1798 1711 1869 ζωὴν
1738 1798 1914 1867 ἀπαρ-

2022 615 2122 670 sibi
2153 615 2421 669 invenisse
2445 615 2748 682 videbatur,
2782 618 3065 687 perditioni
3100 620 3405 676 tradidisse.
3434 620 3580 688 Quo-

2021 704 2102 758 vis
2139 703 2282 757 enim
2324 718 2537 759 summo
2582 704 2752 759 exitio
2802 706 3043 761 deterius
3088 716 3170 762 est
3209 708 3303 764 Dei
3349 713 3578 779 gratiam

2021 796 2271 850 amittere
2300 807 2353 850 et
2379 812 2408 850 a
2447 796 2585 851 Filio
2616 796 2711 851 Dei
2746 799 2957 868 negari.
2984 799 3122 866 Quid
3157 816 3285 856 vero
3317 803 3577 872 quispiam

2021 887 2255 957 proﬁcit,
2284 887 2408 943 dum
2440 903 2499 943 se
2527 888 2748 959 decipit,
2777 900 2830 944 et
2855 892 3090 946 animam
3137 908 3289 947 suam
3335 894 3580 951 invenire

2022 979 2337 1043 arbitratur,
2368 993 2490 1033 cum
2524 989 2751 1034 mortem
2784 981 2981 1046 vitans,
3016 982 3180 1038 Deum
3216 988 3412 1057 negat?
3444 987 3578 1043 Nam

2021 1084 2148 1123 cum
2196 1070 2268 1125 sit
2311 1079 2515 1123 arctum
2548 1079 2602 1124 et
2636 1074 2930 1139 temporale
2974 1074 3075 1126 hoc
3125 1083 3321 1141 aevum,
3349 1088 3580 1147 quanto-

2021 1161 2138 1215 cius
2181 1160 2397 1214 mortali
2451 1160 2711 1230 brevique
2756 1163 2866 1216 vita
2905 1164 3148 1227 orbatus,
3201 1178 3406 1222 retento
3460 1182 3583 1239 post

2018 1262 2245 1305 mortem
2285 1250 2546 1320 supplicio
2589 1254 2853 1318 tradetur,
2896 1256 3106 1323 perdita
3143 1258 3420 1313 enimvero
3455 1276 3584 1329 pro-

2019 1343 2138 1412 pria
2200 1343 2400 1409 anima,
2431 1358 2592 1412 quam
2662 1358 2720 1398 se
2792 1344 3062 1400 invenisse
3108 1349 3358 1416 putabat.
3413 1350 3582 1406 Sicuti

2022 1449 2176 1488 versa
2202 1435 2320 1489 vice
2347 1434 2435 1504 qui
2468 1437 2539 1490 ob
2570 1451 2717 1505 spem
2764 1437 2817 1491 in
2877 1437 3044 1493 Deum
3094 1441 3439 1511 semetipsum
3491 1459 3586 1497 ne-

2020 1521 2190 1591 gligit,
2225 1538 2486 1593 suamque
2516 1526 2682 1579 vitam
2715 1526 2966 1596 abnegat,
3003 1538 3057 1581 et
3080 1539 3341 1597 quantum
3393 1533 3586 1587 attinet

2021 1614 2089 1666 ad
2142 1628 2296 1666 suum
2347 1615 2705 1681 propositum,
2764 1618 2999 1671 animam
3060 1620 3338 1688 propriam
3374 1622 3577 1691 perdit,

2021 1714 2213 1756 cuncta
2245 1703 2359 1778 haec
2389 1704 2643 1759 alacriter
2676 1708 3083 1776 propterﬁdem
3124 1723 3251 1778 erga
3302 1711 3467 1765 Deum
3504 1725 3586 1767 to-

2022 1794 2238 1859 lerans;
2273 1795 2359 1849 hic
2391 1796 2606 1864 inquam
2641 1806 2823 1852 erecta
2877 1798 3069 1852 ﬁducia
3111 1800 3202 1864 sit,
3256 1803 3408 1870 quasi
3450 1803 3583 1857 nihil

346 1896 553 1967 νηθεὶς,
588 1897 709 1949 ὅσον
747 1912 806 1947 τε
848 1893 940 1946 ἐπὶ
967 1896 1033 1963 τῇ
1064 1888 1254 1945 ἐαυτοῦ
1289 1890 1543 1962 προθέσει
1584 1889 1681 1960 τὴν
1722 1890 1911 1942 ἑαυτοῦ

2016 1885 2332 1954 perdiderit.
2355 1888 2472 1942 Non
2491 1888 2632 1942 enim
2650 1889 2980 1958 ipseamisit,
2997 1891 3088 1944 sed
3109 1891 3312 1945 invenit
3346 1895 3584 1949 animam

344 1988 522 2059 ψυχὴν
556 1984 931 2050 ἀπολωλεκὼς,
968 1986 1143 2039 πάντα
1186 2000 1244 2035 τε
1279 1982 1448 2035 ταῦτα
1480 1981 1759 2053 εὐθαρσῶς
1790 1982 1915 2034 ἑπο-

347 2077 539 2146 μείνας
577 2075 664 2128 διά
697 2074 794 2145 τὴν
834 2076 913 2137 είς
956 2074 1045 2126 τὸν
1091 2072 1221 2125 Θεὸν
1268 2073 1471 2136 πίστιν,
1527 2070 1795 2141 θαρρείτω
1839 2068 1914 2132 ὡς

347 2166 577 2236 μηδενὸς
599 2164 933 2229 ἀπολωλότος
961 2164 1109 2236 αὐτῷ
1132 2181 1145 2194 °
1181 2164 1241 2217 οὐ
1271 2164 1376 2235 γάρ
1403 2161 1675 2216 ἀπόλωλεν
1697 2162 1725 2213 ὁ
1744 2159 1915 2213 τοιοῦ-

341 2276 457 2321 τος,
489 2258 603 2311 ἀλλ’
631 2250 756 2329 εὗρε
789 2259 887 2330 τὴν
917 2256 1107 2311 ἐαυτοῦ
1133 2258 1329 2328 ψυχήν.
1356 2257 1418 2308 Εί
1441 2254 1570 2323 γοῦν
1595 2254 1669 2316 ώς
1698 2255 1755 2306 ἐν
1785 2253 1918 2305 ὐπο-

344 2350 492 2402 θέσει
522 2350 677 2418 λόγου
714 2349 880 2420 θνητὴ
909 2346 1043 2403 οὐσα
1068 2349 1349 2419 ἐτύγχανε,
1379 2348 1473 2400 καὶ
1499 2347 1583 2399 οἵα
1612 2362 1670 2397 τε
1703 2342 1917 2414 ἀληθῶς

340 2442 427 2502 εἰς
456 2440 519 2492 τὸ
546 2440 619 2511 μὴ
646 2440 704 2491 ὃν
730 2442 945 2509 χωρεῖν,
972 2439 1065 2492 καὶ
1091 2439 1139 2490 εί
1170 2437 1452 2491 ἀπώλλυτο
1477 2436 1581 2489 ὐπὸ
1609 2432 1915 2502 ἀνθρώπων

342 2532 732 2603 ἀναιρουμένη,
763 2532 910 2602 ὅμως
941 2532 1039 2585 οὐκ
1072 2531 1150 2593 είς
1180 2530 1494 2583 ἀνέλπιστον
1522 2526 1626 2599 χρὴ
1658 2526 1747 2578 τὸν
1778 2524 1917 2594 ὑπὲρ

344 2623 628 2686 εὐσεϐείας
673 2622 859 2691 ἀγῶνα
911 2622 1309 2693 διακαρτερεῖν’
1347 2619 1533 2689 ἐπειδὴ
1572 2617 1649 2688 τῷ
1676 2616 1793 2686 Θεῴ
1823 2615 1916 2667 καὶ

344 2717 418 2769 ἰἀ
454 2716 767 2771 ἀπολωλότα
791 2717 883 2769 καὶ
919 2714 988 2768 τά
1049 2714 1269 2786 μηδαμῆ
1308 2711 1569 2784 μηδαμῶς
1612 2711 1742 2763 ὄντα
1773 2725 1915 2779 παρ-

2020 1993 2190 2031 suam.
2216 1978 2272 2033 Si
2304 1993 2432 2049 ergo
2458 1994 2553 2048 per
2581 1980 2921 2050 hypothesim
2942 1983 3187 2040 mortalis
3217 1996 3362 2041 esset
3381 1987 3582 2050 anima,

2020 2085 2082 2124 ac
2115 2086 2240 2125 vere
2264 2072 2315 2125 in
2334 2072 2567 2126 nihilum
2605 2085 2787 2142 posset
2822 2074 3064 2142 dissolvi,
3105 2086 3161 2129 et
3192 2078 3235 2131 si
3268 2080 3472 2148 periret
3518 2080 3585 2132 ah

2020 2162 2327 2217 hominibus
2353 2164 2612 2229 extincta,
2642 2166 2994 2222 nihilominus
3025 2168 3167 2223 haud
3191 2171 3308 2226 sine
3325 2184 3419 2239 spe
3447 2170 3586 2225 foret

2019 2266 2115 2319 pro
2142 2251 2401 2321 religione
2426 2252 2871 2323 depugnandum;
2900 2255 3024 2324 quia
3066 2255 3175 2311 Deo
3194 2264 3248 2311 et
3282 2256 3491 2324 perdita
3532 2265 3587 2310 et

2024 2356 2286 2410 nusquam
2323 2342 2619 2407 exstantia,
2653 2343 2719 2397 ad
2766 2330 3142 2399 exsiste'nd'um
3192 2356 3354 2415 atque
3384 2346 3450 2400 ad
3500 2346 3583 2400 vi-

2018 2438 2125 2485 tam
2154 2432 2448 2499 perducere
2479 2448 2582 2488 non
2600 2443 2680 2489 est
2700 2436 2951 2490 arduum.
2971 2435 3309 2506 Quapropter
3334 2451 3397 2493 ea
3421 2438 3584 2491 etiam

2018 2538 2137 2591 qua:
2164 2525 2427 2579 exsistere
2452 2541 2556 2581 non
2588 2528 2902 2591 creduntur,
2925 2531 3018 2582 sed
3049 2528 3168 2599 ejus
3195 2545 3358 2585 causa
3384 2544 3449 2585 ex
3482 2530 3586 2584 ho-

2023 2616 2257 2671 minibus
2283 2627 2656 2681 excesserunt,
2683 2633 2787 2673 non
2815 2619 2922 2674 erit
2953 2620 2999 2674 ei
3025 2619 3356 2689 impossibile
3398 2636 3587 2677 rursus

1996 2706 2351 2770 instaurare,
2398 2717 2454 2762 et
2498 2710 2721 2778 perdita:
2755 2708 2951 2765 animae
2990 2712 3359 2767 inventionem
3389 2713 3459 2778 ei,
3496 2716 3585 2782 qui

342 2810 504 2876 ἀγειν
532 2794 591 2872 ἐξ
614 2808 713 2862 οὐκ
734 2808 899 2861 ὄντων
929 2809 1023 2861 καὶ
1041 2806 1319 2872 ζωοποιεῖν
1341 2804 1581 2859 δυνατόν.
1601 2804 1690 2857 Διὸ
1716 2804 1809 2856 καὶ
1831 2801 1911 2854 τὸν

2028 2798 2196 2867 ipsius
2229 2813 2388 2852 causa
2421 2800 2711 2863 amisisset.
2739 2802 3057 2855 concedere.

342 2902 666 2972 νομισθέντα
690 2902 883 2974 μηκέτι
905 2898 1062 2965 εἶναι,
1094 2899 1229 2953 ἀλλά
1248 2900 1314 2952 δι’
1342 2898 1503 2953 αὐτὸν
1528 2898 1585 2964 ἐξ
1612 2894 1910 2967 ἀνθρώπων
1946 2890 2278 2954 ἀπολωλότα,
2338 2891 2436 2945 οὐκ
2495 2892 2560 2945 ἂν
2587 2892 2734 2961 αὐτῷ
2754 2893 2959 2961 γένοιτο
2987 2892 3244 2946 ἀδύνατον
3272 2890 3425 2958 αὖθις
3452 2894 3556 2948 ὐπο
3573 2923 3587 2935 ~

343 2998 668 3067 στήσασθαι,
715 2998 809 3051 καὶ
839 2996 947 3069 τὴν
971 2994 1184 3067 εὐρεσιν
1231 2995 1331 3065 τῆς
1370 2992 1708 3055 ἀπολωλυίας
1737 2989 1911 3060 ψυχῆς
1944 2987 2022 3056 τῷ
2048 2986 2114 3038 δι’
2144 2986 2305 3039 αὐτὸν
2336 2986 2503 3039 αὐτῦπν
2536 2985 2901 3039 ἀπολωλεκότι
2939 2989 3260 3058 παρασχεῖν.

1024 3088 1101 3142 12'
1137 3086 1234 3158 (6).

416 3180 603 3244 Οὐδεὶς
635 3179 815 3251 μέντοι
847 3178 1062 3232 πώποτε
1092 3175 1384 3249 προφητῶν
1415 3176 1475 3229 τὸ
1508 3176 1767 3247 κήρυγμα
1814 3173 1911 3243 τῆς

343 3273 455 3325 τῶν
487 3268 728 3342 οὐρανῶν
764 3270 1037 3340 βασιλείας
1074 3267 1293 3339 γυμνῶς
1322 3268 1401 3331 εἰς
1444 3266 1653 3328 πάντας
1683 3264 1911 3333 εὐηγγέ-

342 3364 522 3416 λιστο⁹
567 3364 678 3417 ἀλλ’
726 3364 922 3434 ᾔδεσαν
972 3362 1069 3430 μὲν
1108 3360 1237 3413 αὐτὸ
1282 3358 1554 3431 προφῆται
1594 3357 1815 3418 πάντες,
1849 3355 1909 3408 οὐ

347 3454 457 3525 μὴν
495 3456 589 3507 καί
618 3452 694 3524 τῷ
744 3452 1009 3507 Ἰουδαίων
1051 3450 1164 3521 λαῷ
1206 3449 1581 3520 παρεδίδοσαν,
1615 3447 1701 3500 διὰ
1731 3446 1791 3499 τὸ
1820 3465 1912 3516 νη·-

344 3544 561 3609 πιάζειν
586 3545 681 3608 τὰς
708 3545 929 3615 φρένας,
964 3544 1059 3597 καὶ
1094 3542 1396 3607 ἐξασθενεῖν
1431 3541 1565 3612 πρὸς
1596 3539 1657 3593 τὸ
1689 3538 1912 3610 μέγεθος

340 3636 439 3688 τοῦ
466 3636 810 3706 κηρύγματος
831 3652 844 3664 ·
877 3634 1093 3707 πρώτου
1132 3634 1187 3686 δὲ
1229 3633 1472 3685 Ἰωάννου
1498 3630 1780 3702 τηλαυγῶς
1806 3647 1909 3700 κη-

347 3728 607 3798 ρύξαντος
636 3727 918 3796 ὴγγικέναι
943 3725 1037 3796 τὴν
1061 3724 1167 3777 τῶν
1194 3724 1435 3796 οὐρανῶν
1464 3722 1755 3793 βασιλείαν,
1778 3720 1911 3790 ἄφε-

344 3818 433 3872 σίν
460 3835 517 3869 τε
551 3817 829 3887 ἁμαρτιῶν
865 3816 952 3869 διά
994 3815 1218 3886 λουτροῦ
1252 3812 1667 3882 παλιγγενεσίας
1704 3828 1911 3879 καταγ-

340 3908 624 3979 γείλαντος
649 3907 970 3979 ἀνθρώποις,
1005 3908 1054 3960 οἱ
1084 3906 1160 3977 τῷ
1189 3906 1505 3976 κηρύγματι
1536 3902 1758 3965 ἑαυτοὺς
1794 3903 1912 3955 ἐπι-

342 3998 526 4061 δόντες
570 3999 969 4068 περιάρπαστον
1017 3996 1184 4066 αὐτὴν
1233 3996 1544 4065 ἐσχήκασιν,
1590 3993 1648 4059 ἐξ
1692 3992 1911 4045 ἐκείνων

343 4090 455 4142 τῶν
493 4088 712 4159 ἡμερῶν
750 4088 1064 4159 ἀρξάμενοι,
1108 4086 1167 4151 ἐξ
1198 4080 1275 4140 ὧν
1314 4089 1342 4139 ὁ
1387 4088 1635 4155 Ἰωάννης
1664 4085 1754 4137 τὸν
1785 4085 1912 4155 περὶ

345 4181 517 4249 αὐτῆς
557 4180 877 4250 κατήγγειλε
915 4179 1092 4247 λόγον.
1127 4178 1207 4231 Τά
1243 4179 1339 4249 μὲν
1376 4178 1483 4249 γὰρ
1526 4177 1800 4239 Μωῡσέως
1828 4177 1913 4229 νό-

338 4288 490 4341 μιμα
514 4271 609 4323 καὶ
633 4271 729 4340 τὴν
771 4270 1061 4339 Ἰουδαῖκὴν
1082 4269 1333 4341 λατρείαν
1357 4269 1543 4339 καιρόν
1564 4285 1725 4338 φησιν
1750 4270 1911 4337 ἐσχη-

346 4361 499 4414 κέναι
545 4362 771 4414 οἰκεῖον·
809 4360 991 4413 τοῦτον
1035 4360 1091 4414 δὲ
1133 4359 1564 4431 περιγράφεσθαι
1608 4360 1767 4431 μέχρι
1814 4358 1913 4429 τῆς

359 4450 603 4504 Ἰωάννου
638 4450 964 4522 παρουσίας’
999 4450 1246 4513 καὶτοὺς
1291 4451 1572 4521 προφήτας
1616 4450 1673 4503 δὲ
1719 4450 1909 4521 μέχρις

357 4544 604 4595 Ἰωάννου
667 4539 936 4604 Ἰουδαίοις
996 4539 1322 4610 πεποιῆσθαι
1378 4539 1477 4603 τάς
1534 4542 1909 4611 παραγγελίας

344 4633 482 4703 πρὸς
512 4633 573 4685 τὸ
605 4631 889 4701 φυλάττειν
920 4631 988 4684 τὰ
1019 4632 1293 4695 Μωῦσέως
1336 4632 1538 4703 νόμιμα
1559 4650 1572 4662 ·
1606 4634 1820 4703 πρῶτον
1851 4635 1907 4689 δὲ

354 4728 608 4797 Ἰωάννην
644 4725 882 4797 ἀρχηγὸν
918 4724 1197 4793 γεγονέναι
1237 4725 1334 4795 τῆς
1363 4725 1569 4795 Καινῆς
1613 4724 1907 4798 Αιαθήκηςι

342 4820 441 4874 ἆτε
483 4818 784 4888 πρόδρομον
830 4814 993 4868 αὐτοῦ
1041 4815 1345 4884 γενόμενον.
1382 4815 1554 4867 Αὐτοῦ
1590 4833 1650 4868 τε
1693 4816 1906 4885 πρώτου

340 4910 439 4964 καὶ
467 4908 527 4972 ἐξ
555 4907 715 4960 αὐτοῦ
754 4906 849 4977 τὴν
881 4905 1152 4975 βασιλείαν
1180 4905 1286 4957 τῶν
1316 4905 1557 4975 οὐρανῶν
1584 4907 1785 4960 ἅπασιν
1815 4908 1908 4960 ἀν-

344 5000 584 5071 θρώποις
603 4998 1077 5070 εὐηγγελισμένου,
1098 4997 1222 5060 τοὺς
1240 4997 1421 5063 ἀξίους
1446 4997 1613 5069 αὐτῆς
1639 5000 1718 5061 είς
1740 4998 1909 5070 αὐτὴν

344 5088 625 5160 βιάζεσθαι
673 5089 956 5159 νοήσομεν,
994 5090 1401 5160 ἐπιστήσαντες,
1434 5088 1509 5151 ὡς
1547 5090 1717 5160 μέγας
1759 5091 1908 5160 ἀγὼν

342 5176 601 5252 τυγχάνει
633 5186 741 5244 τοῖς
774 5182 865 5234 ἐπὶ
901 5182 1004 5250 γῆς
1027 5180 1330 5252 ἀνθρώποις
1351 5182 1486 5253 πρὸς
1524 5182 1619 5253 τὴν
1653 5184 1709 5235 ἐν
1740 5185 1907 5253 οὐρα-

340 5270 455 5338 νοῖς
481 5274 681 5329 ἄνοδον.
712 5273 784 5327 Τὸ
807 5272 914 5344 γὰρ
939 5272 1255 5345 ἀνθρώπους
1281 5273 1440 5337 ὄντας
1466 5274 1561 5328 καὶ
1584 5275 1759 5345 σάρκα
1784 5277 1909 5347 θνη-

340 5368 441 5439 τὴν
477 5367 987 5437 περιϐεϐλημένους,
1036 5366 1143 5418 τῶν
1184 5366 1425 5435 φυσικῶν
1465 5366 1694 5436 ὀρέξεων
1726 5369 1906 5439 κρείτ-

340 5479 467 5525 τους
499 5460 761 5529 γίνεσθαι,
790 5460 981 5531 ἡδονῆς
1010 5476 1068 5512 τε
1096 5463 1315 5531 κρατεῖν
1347 5459 1439 5513 καὶ
1473 5458 1651 5527 πάσης
1679 5460 1908 5530 αἰσχρᾶς

343 5551 661 5622 ἐπιθυμίας,
702 5552 795 5605 καὶ
844 5549 907 5604 τὸ
949 5548 1196 5605 ἐντεῦθεν
1227 5549 1328 5621 ήδη
1375 5548 1770 5620 ἀπομιμεῖσθαι
1814 5548 1905 5602 τὸν

416 5736 494 5804 (6)
516 5734 662 5807 'Huic
693 5751 921 5807 quoque
953 5735 1265 5807 fragmento
1290 5733 1344 5787 in
1390 5732 1575 5807 cpdice
1599 5732 1661 5786 Α.
1696 5731 1729 5784 l'.
1773 5729 1901 5807 218,

244 5826 256 5835 ‘
344 5801 761 5876 superscribitur
810 5801 995 5863 titulus
1041 5801 1339 5859 Εὐσεϐίωυ
1393 5803 1608 5866 ,ϐιϐλίῳ
1653 5801 1906 5868 τετάρτῳ

2721 3078 2881 3133 XVII.

2088 3168 2259 3224 Nemo
2311 3183 2547 3239 unquam
2593 3183 2659 3224 ex
2717 3170 2996 3241 prophetis
3040 3171 3371 3240 przeconium
3434 3173 3584 3242 regni

2019 3261 2282 3316 cmlorum
2313 3270 2501 3331 aperte
2551 3276 2733 3315 coram
2780 3262 2977 3331 populo
3012 3261 3299 3318 fecit:sed
3339 3262 3586 3317 sciebant
3630 3295 3647 3314 .

2018 3353 2238 3421 quidem
2282 3354 2335 3407 id
2380 3352 2658 3423 propheta:
2689 3368 2901 3418 omnes,
2937 3368 3116 3423 neque
3150 3364 3329 3410 tamen
3368 3352 3586 3411 Iudaeo-

2019 3460 2138 3498 rum
2163 3444 2358 3512 populo
2386 3445 2708 3513 prodebant,
2735 3454 2956 3515 propter
3001 3446 3199 3500 mentis
3231 3446 3448 3502 illorum
3497 3449 3585 3501 in-

2021 3536 2263 3602 fantiam,
2293 3544 2347 3591 et
2375 3537 2702 3591 sustinenda:
2738 3537 2995 3606 praeconii
3024 3538 3407 3607 magnitudinis
3435 3539 3587 3593 inﬁr-

1980 3704 1983 3707 δ
2020 3627 2282 3681 milatem.
2313 3626 2447 3681 Cum
2498 3635 2677 3681 autem
2711 3628 2921 3697 primus
2942 3627 3178 3683 Joannes
3207 3630 3355 3684 clare
3388 3632 3583 3700 prcedi-

2018 3719 2163 3774 cavit
2190 3720 2624 3789 appropinquare
2667 3734 2893 3791 regnum
2942 3721 3227 3787 ccelorum,
3254 3732 3310 3777 et
3342 3734 3587 3792 peccato-

2020 3827 2139 3866 rum
2199 3812 2576 3867 remissionem
2644 3826 2740 3881 per
2806 3814 3234 3883 regenerationis
3306 3813 3580 3868 lavacrum

2019 3903 2328 3959 hominibus
2355 3904 2646 3969 nuntiavit,
2678 3904 2713 3958 ii
2759 3905 2852 3974 qui
2894 3904 3269 3973 praedicationi
3301 3920 3583 3961 assensum

2018 4012 2176 4052 suum
2207 3996 2578 4064 praebuerunt,
2614 4012 2841 4066 regnum
2885 3998 3018 4053 illud
3063 4013 3161 4052 ceu
3192 4013 3254 4053 ex
3297 4008 3453 4067 rapto
3480 3998 3584 4053 sibi

2018 4091 2344 4154 habuerunt,
2375 4104 2441 4144 ex
2475 4103 2541 4143 eo
2580 4097 2821 4157 tempore
2848 4088 3190 4157 incipientes,
3221 4104 3328 4158 quo
3351 4088 3586 4143 Joannes

2019 4184 2087 4239 de
2126 4183 2245 4251 ipso
2283 4196 2589 4237 sermonem
2637 4180 2838 4234 intulit.
2885 4180 3021 4235 Nam
3068 4180 3266 4251 Moysis
3312 4179 3502 4250 legalia
3530 4189 3586 4236 et

2014 4272 2300 4329 Judaicum
2355 4273 2558 4327 cultum
2606 4271 2885 4342 proprium
2934 4280 3143 4342 tempus
3183 4270 3431 4326 habuisse
3472 4272 3581 4338 ait;

2019 4366 2161 4436 quod
2190 4364 2414 4421 Joannis
2460 4362 2753 4435 praesentia
2793 4362 2977 4417 linitur
3008 4362 3342 4432 ;pr0plietas
3369 4378 3585 4432 quoque

1940 4445 1985 4499 D
2016 4470 2187 4526 usque
2221 4456 2286 4510 ad
2314 4453 2581 4509 Joannem
2611 4453 2814 4509 Judaais
2837 4462 3089 4508 auctores
3108 4451 3275 4507 fuisse
3300 4464 3355 4507 ut
3386 4453 3584 4524 Moysis

2015 4545 2206 4615 legalia
2256 4554 2559 4601 servarent.
2612 4544 2721 4600 Sed
2750 4534 3003 4614 "primum
3051 4543 3314 4599 Joannem
3368 4545 3580 4599 initium

2016 4641 2150 4697 Novi
2201 4639 2536 4695 Testamenti
2586 4638 2800 4703 fecisse,
2832 4646 3019 4708 utpote
3065 4637 3235 4706 ipsius
3286 4653 3582 4707 prmcurso-

2016 4744 2154 4785 rem.
2197 4728 2315 4799 Ipso
2353 4738 2531 4781 autem
2575 4728 2771 4796 primo,
2812 4728 2972 4781 teta'te
3013 4726 3124 4792 illa,
3162 4742 3382 4795 regnum
3418 4726 3583 4780 coelo-

2018 4837 2133 4875 rum
2185 4821 2394 4875 cunctis
2442 4820 2749 4874 hominibus
2803 4818 3111 4881 nuntiante,
3142 4820 3333 4887 dignos
3362 4818 3453 4872 illo
3486 4818 3582 4871 ho-

2014 4898 2188 4969 mines
2222 4913 2273 4966 in
2306 4912 2479 4981 ipsum
2522 4912 2572 4965 vi
2607 4912 2915 4980 irrumpere
2962 4910 3296 4979 putabimus.
3330 4909 3373 4963 si
3402 4909 3581 4962 cousi-

2009 5008 2260 5061 deremus
2290 5020 2452 5074 quam
2493 5004 2678 5075 gravis
2709 5003 2778 5058 sit
2823 5012 3052 5058 conatus
3090 5001 3401 5055 hominibus
3424 5009 3578 5053 terra:

2012 5095 2206 5150 incolis
2240 5097 2342 5151 iter
2390 5094 2455 5149 ad
2496 5094 2695 5147 coelum
2747 5094 2987 5148 tendere.
3041 5091 3285 5159 Namque
3332 5090 3577 5144 homines

2011 5196 2190 5249 natos,
2221 5196 2276 5241 et
2331 5186 2549 5241 mortali
2596 5187 2764 5240 car'ne
2810 5184 3199 5248 circumdatos,
3238 5180 3574 5236 naturalibus

2013 5278 2337 5348 appetitibus
2365 5277 2481 5331 ﬁeri
2505 5276 2835 5344 superiores.
2877 5284 2932 5329 et
2970 5274 3295 5341 voluptatem
3333 5285 3575 5325 omnem-

2014 5383 2119 5437 que
2146 5378 2355 5439 turpem
2392 5369 2739 5438 cupiditatem
2786 5366 3062 5428 cohibere,
3092 5365 3370 5432 vitamque
3408 5376 3574 5443 ange-

2016 5460 2172 5513 licam
2229 5461 2365 5515 velle
2422 5461 2474 5514 in
2547 5458 2706 5514 terris
2761 5458 3001 5520 imitari;
3065 5458 3137 5510 ita
3198 5464 3258 5509 ut
3310 5469 3460 5523 teque
3509 5472 3572 5509 ac

2011 5548 2212 5607 Paulus
2237 5552 2417 5607 dicere
2442 5551 2651 5620 possint
2680 5564 2692 5598 :
2730 5546 2928 5601 Nostra
2962 5557 3135 5601 autem
3169 5545 3487 5600 conversatio
3518 5546 3569 5597 in

2017 5730 2391 5800 Θεοφανείας,
2428 5743 2548 5785 cum
2585 5725 2737 5797 siglis
2787 5738 2946 5793 supra
2995 5726 3284 5779 secundum
3338 5710 3566 5777 vocaliu-

2012 5803 2141 5857 lum.
