4008 6512
490 400 597 456 675

1154 396 1422 455 EUSEBII
1460 396 1930 452 CASSARIENSIS
1966 394 2116 452 ΟΡΡ.
2159 395 2336 453 PARS
2371 398 2463 453 IV.
2502 427 2571 438 —-
2607 396 3023 453 DOGMATICA.

3614 399 3725 453 676

488 518 628 573 caelis
658 516 833 580 est";
884 513 1070 582 quidni
1118 512 1222 568 hoc
1260 512 1553 566 violentum
1599 512 1695 577 sit,
1744 526 1811 566 ac
1864 526 2030 581 prope

2152 513 2438 581 ἀγγελικδν
2493 512 2694 566 ἐθέλειν
2746 511 2857 582 βίον
2898 512 3038 566 ὥστε
3076 510 3253 580 λέγειν
3285 511 3481 583 ὁμοίως
3522 514 3728 585 Παύλῳ

486 611 703 666 modum
745 618 943 677 prmter
990 614 1237 660 naturam
1301 620 1573 675 supraque
1611 606 1757 660 vires
1804 620 1927 660 esse
1964 605 2046 657 vi-

486 696 713 755 deatur?
746 697 878 762 Quis
905 710 1032 750 vero
1057 695 1334 764 religionis
1361 704 1558 748 nostrae
1582 704 1790 748 ascetas
1819 706 2048 747 cernens

484 804 700 845 carnem
755 802 907 842 suam
951 788 1333 855 propemodum
1371 796 1671 839 emortuam
1720 782 1952 845 edicere,
1986 792 2048 837 ut

484 883 710 937 dicant:
740 879 873 936 Cum
933 879 1144 936 Christo
1209 879 1498 948 cruciﬁxus
1525 896 1661 944 sum,
1700 880 1814 933 vivo
1869 888 2045 931 autem

487 977 598 1039 iam
630 992 730 1029 non
758 989 889 1044 ego;
924 974 1067 1042 quis,
1087 972 1325 1042 inquam,
1352 986 1456 1025 non
1485 971 1759 1034 fatebitur,
1791 982 1917 1023 vere
1948 969 2046 1022 hos

482 1069 594 1121 vim
628 1066 804 1121 facere
835 1078 999 1134 regno
1030 1060 1331 1117 caelorum?
1358 1060 1510 1126 Quod
1553 1060 1598 1115 si
1624 1060 1744 1127 quis
1785 1068 2045 1127 praeterea

481 1159 734 1214 observet
763 1155 1067 1210 mirabilem
1093 1162 1411 1208 sanctorum
1444 1160 1749 1221 martyrum
1782 1158 2043 1205 constau-
2072 1202 2078 1210 ,

482 1253 637 1315 tiam,
665 1250 785 1320 quis
813 1262 999 1302 rursus
1035 1262 1139 1301 non
1176 1247 1322 1301 dicat
1358 1245 1464 1299 vim
1517 1244 1703 1299 inferri
1737 1244 1806 1299 ab
1838 1243 1922 1298 his
1960 1256 2045 1297 re-

480 1356 585 1411 gno
624 1340 905 1405 caelorum,
934 1348 1095 1409 prout
1119 1336 1516 1406 Servatorjam
1553 1334 1833 1405 praedixit?

1153 1510 1340 1569 XVIII.

548 1606 796 1677 Congrue
835 1605 1122 1659 admodum
1172 1618 1277 1658 non
1324 1601 1648 1658 multitudini
1684 1585 1889 1658 tantum
1931 1612 2045 1658 tur-

478 1700 667 1768 bisque
716 1708 842 1753 tunc
892 1696 1194 1751 astantibus
1240 1695 1469 1765 primam
1501 1696 1813 1765 parabolam
1865 1696 2045 1752 intulit

2150 605 2429 672 δύνασθαι,
2487 606 2684 675 Ἦμῶν
2734 603 2802 657 δὲ
2845 603 2911 657 τὸ
2960 603 3291 673 πολίτευμα
3329 606 3398 658 ἐν
3444 607 3729 674 οὐρανοῖς

2146 696 2421 766 ὑπάρχει,
2453 696 2572 760 πῶς
2596 697 2657 750 οὐ
2692 696 2883 766 βίαιον,
2920 696 3033 761 καὶ,
3066 696 3142 759 ὡς
3174 696 3240 750 ἄν
3267 713 3350 759 τις
3377 697 3541 763 εἴποι,
3568 699 3731 769 παρὰ

2146 788 2309 858 φύσιν
2341 789 2434 842 καὶ
2462 788 2602 858 ὑπὲρ
2630 788 2859 858 δύναμιν
2891 782 3027 841 εἶναι
3054 787 3234 853 δοκεῖ;
3270 787 3367 850 Τίς
3390 787 3446 840 δὲ
3470 788 3593 849 τοὺς
3620 790 3730 859 τῆς

2147 879 2451 943 θεοσεϐείας
2472 878 2715 950 ἀσκητὴς
2740 879 2879 951 ὁρῶν
2906 881 3184 950 μονονουχὶ
3211 878 3435 950 νεκροῦν
3466 880 3562 949 τὴν
3592 881 3727 934 ἐαυ-

2144 972 2252 1026 τῶν
2276 971 2474 1043 σάρκα,
2492 971 2567 1034 ὡς
2596 969 3027 1042 ἐπαληθεύοντας
3054 970 3252 1039 λέγειν·
3284 968 3515 1038 Χριστῷ
3534 988 3720 1025 συνε-

2144 1068 2507 1135 σταύρωμαι,
2533 1062 2610 1128 ζῶ
2639 1063 2709 1117 δὲ
2736 1064 2935 1119 οὐκέτι
2961 1062 3094 1134 ἐγὼ,
3120 1064 3219 1116 οὐκ
3247 1063 3311 1118 ἂν
3337 1062 3729 1134 ὁμολογήσειεν

2143 1157 2359 1228 ἀληθῶς
2396 1156 2675 1227 βιάζεσθαι
2716 1157 2913 1221 αὐτοὺς
2952 1157 3051 1229 τὴν
3092 1156 3364 1227 βασιλείαν
3400 1154 3509 1207 τῶν
3546 1155 3723 1225 οὐρα-

2142 1248 2277 1313 νῶν;
2311 1249 2375 1301 Εἰ
2409 1248 2454 1301 δ’
2476 1249 2787 1320 ἐπιστήσειὲ
2815 1264 2899 1311 τις
2924 1249 2989 1318 τῇ
3017 1247 3301 1317 θαυμαστῇ
3336 1245 3586 1317 προθέσει
3608 1244 3726 1297 τῶν

2142 1340 2311 1405 ἁγίων
2344 1340 2655 1411 μαρτύρων,
2677 1340 2792 1404 πῶς
2822 1340 2921 1394 οὐκ
2951 1340 3018 1394 ἂν
3048 1340 3191 1391 εἴποι
3220 1338 3495 1410 βιάζεσθαι
3520 1339 3725 1401 αὐτοὺς

2140 1432 2241 1505 τὴν
2266 1434 2541 1503 βασιλείαν
2586 1433 2727 1486 κατά
2751 1432 2850 1503 τὴν
2880 1432 3144 1503 σωτήριον
3187 1430 3579 1500 προαγόρευσιν
3601 1428 3718 1498 (7);

2819 1524 2904 1577 nr
2937 1523 3036 1595 (8).

2211 1612 2421 1684 Σφόδρα
2468 1612 2815 1684 καταλλήλὼς
2854 1600 2964 1675 τοῖς
3008 1612 3185 1681 ὄχλοις
3233 1610 3327 1665 καὶ
3360 1609 3587 1680 πλήθεσι
3614 1606 3723 1677 τὴν

2142 1702 2364 1774 πρώτην
2387 1705 2679 1767 ἐποιήσατο
2701 1704 3013 1776 παραϐολὴν
3038 1704 3066 1755 6
3094 1701 3345 1775 Χριστὸς,
3376 1701 3436 1755 οὐ
3462 1702 3571 1764 τοῖς
3592 1701 3723 1753 τότε

475 1793 724 1848 Christus
757 1791 828 1856 “,
858 1805 1046 1845 verum
1074 1790 1238 1844 etiam
1272 1790 1337 1845 iis
1365 1790 1457 1860 qui
1492 1799 1675 1860 postea
1707 1790 1775 1844 ad
1803 1791 1919 1861 ejus
1944 1806 2030 1845 au-

2144 1796 2478 1867 παριστῶσιν
2509 1796 2658 1868 αὐτῷ
2702 1798 2900 1868 μόνοις,
2935 1796 3071 1850 ἀλλά
3101 1799 3196 1850 καὶ
3234 1797 3347 1858 τοῖς
3378 1792 3515 1865 μετά
3545 1793 3725 1845 ταῦτα

476 1886 699 1940 diendos
740 1897 1019 1939 sermones
1068 1883 1386 1939 conventuri
1427 1892 1617 1948 erant;
1660 1884 1736 1939 rei
1793 1886 2041 1954 gerendae

473 1975 807 2032 differentias
840 1975 1022 2029 divina
1048 1974 1354 2044 provisione
1399 1973 1702 2040 declarans,
1741 1988 2041 2043 causasque

470 2068 770 2136 prredicens
806 2067 875 2121 ob
906 2080 1043 2135 quas
1080 2064 1318 2120 nonnulli
1351 2065 1529 2119 divina
1560 2065 1731 2135 gratia
1767 2065 2036 2121 excident.

469 2159 684 2215 Initium
712 2158 983 2231 parabolae
1012 2158 1309 2214 seminator
1334 2166 1437 2221 est,
1487 2166 1541 2211 et
1574 2156 1734 2228 huius
1767 2158 1941 2213 exitus
1971 2158 2040 2213 ad

468 2272 562 2316 eds
598 2260 691 2330 qui
725 2267 877 2314 extra
908 2265 1083 2322 erant,
1118 2264 1227 2309 tum
1253 2250 1487 2309 seminis
1523 2248 1802 2320 proiectio,
1845 2260 1899 2305 et
1933 2251 2039 2308 hoc

468 2352 609 2406 haud
643 2350 760 2420 pari
792 2348 951 2401 modo
986 2345 1309 2414 recipientes
1332 2343 1599 2414 regiones.
1632 2339 1749 2394 Jam
1780 2341 1894 2396 haec
1919 2355 2039 2396 esse

468 2442 618 2509 regni
650 2437 903 2509 mysteria
928 2438 1153 2506 ipsemet
1184 2442 1409 2489 testatus
1436 2441 1538 2489 est.
1564 2432 1697 2487 Nam
1728 2440 1781 2488 et
1808 2431 2040 2487 semina-

469 2544 555 2589 tor
596 2533 663 2588 de
695 2529 944 2601 supernis
971 2527 1231 2592 exiverat,
1271 2536 1324 2581 et
1375 2525 1499 2581 illuc
1548 2524 1789 2591 redibat;
1847 2539 2038 2596 nempe

464 2635 527 2681 ut
572 2624 685 2695 ipse
725 2621 974 2687 docebat,
1005 2618 1189 2674 dicens
1227 2638 1239 2673 :
1273 2615 1384 2686 Ego
1414 2632 1478 2671 ea:
1505 2614 1667 2671 Patre
1702 2616 1947 2685 processi,
1987 2626 2035 2669 et

464 2716 610 2771 uenio
634 2714 699 2768 ".
733 2712 839 2767 Sed
886 2719 941 2764 et
985 2710 1050 2764 de
1077 2706 1311 2778 propriis
1356 2706 1440 2761 sui
1492 2705 1645 2775 regni
1692 2705 2036 2762 conclavibus

461 2809 709 2864 exiverat
734 2807 800 2860 ad
826 2804 945 2859 illos
971 2801 1062 2873 qui
1095 2801 1267 2856 exteri
1297 2800 1346 2853 ei
1377 2798 1506 2854 facti
1536 2804 1712 2862 erant,
1754 2807 2035 2867 postquam

463 2900 669 2971 expulit
701 2899 841 2953 Deus
865 2896 1153 2959 Adamum,
1183 2902 1239 2948 et
1272 2892 1557 2947 collocavit
1592 2907 1717 2945 eum
1747 2889 1898 2957 juxta
1941 2905 2036 2958 pa-

462 2992 704 3047 radisum
730 2987 1067 3045 deliciarum.
1094 2984 1188 3038 Ille
1215 2993 1393 3038 autem
1422 2980 1574 3037 exsul
1605 2989 1824 3050 propter
1852 2979 2036 3034 inobe-

458 3083 717 3137 dieutiam
771 3080 965 3145 factus,
1013 3084 1069 3133 et
1108 3085 1262 3131 extra
1295 3075 1606 3145 paradisum
1638 3072 1861 3141 eiectus,
1895 3074 2034 3127 inte-

460 3175 620 3229 rioris
699 3172 1049 3243 agricultura:
1138 3168 1345 3223 semina
1408 3164 1808 3237 pessumdedit,
1863 3164 2035 3218 instar

458 3266 604 3319 illius
631 3262 966 3319 contumacis
987 3260 1245 3315 adversus
1269 3266 1477 3327 patrem
1505 3255 1618 3321 ﬁlii,
1641 3256 1732 3325 qui
1752 3264 2030 3322 acceptam

456 3356 815 3414 substantiam
871 3353 927 3407 in
957 3352 1129 3405 aliena
1167 3350 1387 3416 regione
1425 3347 1727 3417 dissipavit.
1785 3344 2033 3401 Christus

458 3464 584 3506 vero
613 3446 950 3517 benignitate
978 3443 1169 3513 Optimi
1206 3441 1380 3496 Patris
1406 3440 1596 3505 exivit,
1625 3439 1922 3494 seminator
1951 3437 2034 3490 ra-

457 3552 603 3604 ctus,
619 3541 877 3607 venitque
900 3538 967 3591 ad
989 3552 1088 3589 nos
1104 3543 1321 3588 exteros
1347 3533 1486 3587 haud
1506 3532 1667 3584 aliam
1693 3532 1762 3586 ob
1787 3545 2027 3595 causam,

455 3633 560 3685 nisi
598 3631 724 3685 utin
741 3629 895 3683 nobis
929 3627 1229 3681 seminaret
1258 3624 1484 3679 cmleste
1514 3637 1717 3677 semen.
1747 3622 1907 3677 Solus
1936 3638 2031 3676 au-

457 3728 564 3774 tem
582 3720 695 3788 ipse
722 3718 891 3771 exivit
917 3717 982 3770 ad
1016 3712 1386 3795 geminandum
1409 3729 1424 3776 ;
1444 3711 1880 3780 quandoquidem
1906 3721 1958 3764 et
1982 3712 2028 3766 is

453 3811 603 3864 solus
643 3818 763 3863 erat
785 3808 1026 3862 omnium
1062 3806 1379 3861 seminator.
1418 3803 1569 3859 Multi
1596 3804 1792 3874 quippe
1823 3806 1887 3858 de
1913 3819 2027 3861 cm-

454 3900 681 3956 lestibus
711 3908 973 3954 venerunt
1002 3894 1351 3961 stationibus,
1388 3904 1549 3963 atque
1593 3894 1659 3947 ad
1693 3894 1940 3948 homines
1969 3909 2027 3950 se

451 3992 811 4057 contulerunt,
866 3992 959 4045 sed
990 4003 1096 4044 non
1130 3986 1431 4044 seminandi
1462 4000 1621 4040 causa
1667 4002 1681 4040 :
1733 3998 1837 4039 non
1880 3986 2024 4039 enim

449 4086 807 4143 seminatores
837 4091 1016 4149 erant,
1065 4081 1159 4137 sed
1214 4077 1665 4135 administratorii
1702 4076 1926 4147 spiritus
1967 4076 2022 4130 in

449 4177 809 4233 ministerium
839 4175 1009 4230 missi.
1040 4172 1251 4243 Moyses
1276 4180 1479 4233 autem,
1510 4180 1565 4225 et
1593 4178 1715 4239 post
1748 4183 1871 4224 eum
1897 4182 2024 4237 pro-

447 4271 622 4341 phette
649 4267 792 4321 baud
830 4265 1088 4337 mysteria
1116 4262 1265 4334 regni
1294 4263 1555 4318 caelorum
1587 4260 1893 4317 hominibus
1914 4261 2021 4316 dis-

447 4372 756 4427 seruerunt,
780 4364 874 4417 sed
905 4360 1159 4430 parvulos
1185 4359 1361 4413 adhuc
1385 4356 1725 4423 erudierunt,
1759 4357 2020 4433 insipien-

446 4465 530 4510 tes
559 4470 588 4507 a
620 4453 838 4508 malitiae
858 4466 1047 4507 errore
1083 4460 1420 4514 averterunt,
1442 4459 1497 4504 et
1531 4448 1870 4504 idololatrico
1904 4449 2021 4525 illo-

2143 1886 2610 1957 συνελευσομένοις
2655 1890 2741 1941 ἐπ’
2776 1888 3035 1962 ἀκροάσει
3064 1888 3170 1941 τῶν
3203 1885 3365 1940 αὐτοῦ
3394 1885 3587 1953 λόγων,
3614 1883 3721 1947 τὰς

2140 1976 2399 2048 διαφορὰς
2424 1981 2579 2051 θεϊκῇ
2606 1979 2848 2051 δηλώσας
2872 1978 3197 2051 προγνώσει,
3226 1978 3512 2049 προφήσας
3536 1994 3593 2029 τε
3615 1977 3724 2038 τὰς

2140 2071 2317 2136 αἰτίας
2346 2072 2454 2125 τῶν
2500 2074 2600 2144 τῆς
2633 2074 2854 2145 χάριτος
2885 2075 2985 2145 τῆς
3035 2074 3187 2136 θείας
3233 2070 3719 2141 ἀποπεσουμένων.

2152 2166 2317 2237 Ἀρχὴ
2347 2165 2401 2217 δέ
2432 2166 2533 2235 τῆς
2559 2166 2870 2238 παραϐολῆς
2901 2168 3048 2219 ἐστιν
3079 2166 3108 2218 6
3137 2166 3371 2235 σπορεὺς
3396 2163 3488 2217 καὶ
3519 2164 3551 2232 ἠ
3590 2160 3725 2213 τοὺ-

2138 2274 2231 2309 του
2266 2256 2441 2323 ἔξοδος
2479 2258 2615 2328 πρὸς
2660 2258 2786 2320 τοὺς
2818 2256 2941 2320 ἔξω,
2974 2257 3010 2327 ἦ
3049 2272 3106 2309 τε
3146 2254 3240 2307 τοῦ
3276 2253 3477 2325 σπόρου
3511 2251 3725 2313 πτῶσις

2139 2346 2235 2400 καὶ
2286 2347 2344 2400 αἱ
2396 2346 2585 2401 τοῦτον
2638 2347 2734 2418 οὐχ
2787 2347 2987 2418 ὁμοίως
3037 2344 3467 2416 καταδεξάμεναι
3514 2340 3719 2411 χῶραι.

2138 2438 2429 2510 Μυστήρια
2464 2439 2521 2492 δὲ
2554 2437 2727 2492 ταῦτα
2759 2435 2897 2492 εἶναι
2922 2438 3023 2508 τῆς
3043 2432 3329 2507 ’βασιλείας
3360 2433 3520 2495 αὐτὸς
3541 2434 3721 2502 ἐμαρ-

2140 2532 2310 2595 τύρει.
2344 2535 2412 2586 Ὅ
2448 2550 2507 2586 τε
2550 2531 2660 2604 γάρ
2693 2532 2929 2603 σπορεὺς
2955 2531 3159 2585 ἀνωθεν
3190 2527 3334 2601 ἐξῄει
3364 2528 3457 2581 καὶ
3482 2525 3672 2595 κατῄει
3696 2539 3717 2555 ο

2136 2630 2323 2702 ὥσπερ
2364 2621 2456 2683 οὖν
2485 2625 2645 2685 αὐτὸς
2676 2625 2922 2679 ἐδίδασκε
2948 2623 3145 2692 λέγων,
3186 2620 3334 2691 Ἐγὼ
3363 2620 3431 2671 ἐκ
3462 2617 3565 2671 τοῦ
3596 2618 3723 2702 Πα-

2136 2719 2273 2788 τρὸς
2295 2701 2579 2786 ἐξῆλθον,
2621 2715 2721 2770 καὶ
2754 2714 2900 2784 ἥκω.
2942 2710 3104 2765 Ἀλλά
3135 2708 3229 2762 καὶ
3258 2710 3322 2761 ὲκ
3361 2704 3468 2758 τῶν
3496 2701 3719 2756 οἰκείων

2134 2810 2397 2882 ταμιείων
2443 2812 2541 2880 τῆς
2578 2807 2743 2862 αὑτοῦ
2775 2807 3049 2877 βασιλείας
3076 2803 3221 2874 ἐξῄει
3250 2799 3391 2873 πρὸς
3418 2797 3562 2869 ἡμᾶς
3587 2794 3719 2854 τοὺς

2136 2901 2239 2966 ἔξω
2275 2900 2565 2970 γεγονότας
2602 2899 2661 2967 ἐξ
2703 2900 2911 2953 ἐκείνου
2954 2899 3055 2967 (9),
3099 2897 3159 2961 ἐξ
3204 2890 3373 2964 οὗπερ
3405 2889 3655 2957 ἐξέϐαλεν
3683 2888 3716 2939 6

2134 2994 2268 3057 Θεὸς
2294 2994 2383 3048 τὸν
2423 2994 2614 3065 Ἀδὰμ,
2648 2978 2743 3047 καὶ
2788 2992 3092 3062 κατῴκισεν
3137 2989 3298 3043 αὑτὸν
3330 2985 3586 3039 ἀπέναντι
3615 2979 3713 3032 τοῦ

2136 3085 2461 3156 παραδείσου
2493 3085 2592 3155 τῆς
2638 3084 2866 3154 τρυφῆς.
2907 3082 2966 3135 '0
3004 3081 3100 3151 μὲν
3137 3079 3247 3149 γὰρ
3290 3072 3591 3142 ἀπόϐλητος
3622 3068 3715 3121 διὰ

2134 3175 2232 3245 τὴν
2260 3174 2543 3247 παρακοὴν
2570 3168 2828 3241 γεγονὼς,
2861 3173 2953 3224 καὶ
2980 3170 3073 3223 τοῦ
3118 3165 3446 3240 παραδείσου
3492 3159 3714 3233 βληθεὶς

2134 3266 2258 3332 ἔξω,
2283 3268 2349 3319 τὰ
2374 3268 2436 3319 ἐκ
2461 3266 2557 3337 τῆς
2582 3266 2729 3319 ἐνδον
2751 3265 3023 3336 γεωργίας
3046 3263 3337 3333 σπέρματα
3356 3255 3711 3315 ἀπολωλέκει,

2131 3362 2273 3413 κατά
2304 3360 2394 3413 τὸν
2423 3360 2801 3430 ἀφηνιάσαντα
2830 3359 2922 3411 τοῦ
2953 3356 3160 3426 πατρὸς
3186 3355 3319 3416 υἱὸν,
3360 3352 3456 3405 καὶ
3487 3349 3585 3419 τὴν
3613 3347 3673 3400 οὑ
3692 3375 3712 3385 -

2134 3451 2253 3505 σίαν
2281 3453 2347 3521 ἢν
2380 3451 2589 3521 εἰλήφει
2618 3450 2711 3502 ἐσιτλ⁸
2739 3449 2839 3518 τῆς
2864 3446 3169 3517 ἀλλοδαπῆς
3195 3442 3376 3515 χώρας
3402 3438 3708 3506 διασπαθή-

2134 3558 2333 3594 σαντα·
2382 3543 2411 3594 6
2453 3541 2510 3593 δὲ
2562 3539 2942 3610 φιλανθρωπίᾳ
2987 3536 3082 3589 τοῦ
3126 3532 3435 3602 παναγάθου
3494 3526 3709 3597 Πατρὸς

2130 3632 2368 3705 ἐξῆλθεν,
2396 3633 2559 3696 αὐτὸς
2601 3631 2675 3685 ὣν
2707 3634 2735 3684 6
2760 3630 3019 3700 σπείρων,
3053 3628 3145 3681 καὶ
3173 3626 3359 3697 ἐξῆλθε
3392 3622 3528 3693 πρὸς
3557 3619 3707 3690 ἡμᾶς

2128 3728 2253 3789 τοὺς
2280 3725 2384 3792 ἔξω
2417 3724 2763 3795 γενομένους,
2804 3722 2872 3774 δι’
2901 3721 3053 3774 οὐδὲν
3080 3719 3265 3789 ἕτερον
3293 3718 3326 3788 ἢ
3364 3716 3424 3768 τὸ
3455 3716 3700 3782 σπεῖραι,

2128 3819 2249 3871 ἐπεὶ
2274 3818 2367 3871 καὶ
2396 3817 2552 3888 μόνος
2586 3816 2748 3877 αὐτὸς
2771 3810 2839 3885 ἦν
2871 3816 2898 3867 6
2925 3813 3031 3866 τῶν
3063 3813 3197 3865 ὅλων
3229 3806 3476 3880 σπορεύς.
3512 3801 3707 3857 Πολλοὶ

2130 3911 2228 3981 μὲν
2272 3910 2380 3982 γὰρ
2427 3909 2648 3982 ἐξῆλθον
2696 3909 2760 3961 ἐκ
2797 3908 2904 3961 τῶν
2945 3906 3209 3976 οὐρανίων
3249 3900 3557 3973 διατριϐῶν,
3605 3897 3703 3951 καὶ

2125 4001 2391 4072 κατῆλθον
2423 3986 2515 4065 εἰς¹
2544 4000 2882 4071 ἀνθρώπους,
2924 3998 3038 4052 ἀλλ’
3064 3999 3163 4051 οὐκ
3202 3995 3295 4048 ἐπλ⁵
3320 3994 3401 4064 τῷ
3437 3994 3655 4061 σπεῖραι
3681 4006 3695 4018 ·

2125 4094 2186 4147 οὐ
2215 4094 2321 4165 γὰρ
2345 4089 2485 4165 ἦσαν
2511 4096 2751 4165 σπορεῖς,
2778 4091 2914 4145 ἀλλά
2938 4090 3284 4162 λειτουργικά
3310 4086 3590 4155 πνεύματα
3618 4083 3699 4144 είς

2122 4184 2397 4239 διακονίαν
2433 4184 2905 4255 ἀποστελλόμεναο
2955 4183 3196 4253 Μωῦσῆς
3238 4180 3296 4233 δὲ
3340 4180 3433 4232 καὶ
3470 4178 3521 4230 οἱ
3576 4173 3695 4246 μετ’

2122 4274 2284 4326 αὐτὸν
2330 4275 2604 4346 προφῆται
2646 4274 2707 4328 οὐ
2743 4274 2813 4327 τὰ
2863 4274 3137 4346 μυστήρια
3175 4272 3275 4341 τῆς
3316 4269 3425 4324 τῶν
3453 4265 3697 4340 οὐρανῶν

2124 4363 2395 4433 βασιλείας
2437 4364 2743 4436 ἀνθρώποις
2776 4366 3153 4429 κατεϐἀλοντο,
3187 4362 3412 4433 νηπίους
3443 4362 3538 4414 ἅτε
3571 4378 3696 4412 παι-

2120 4453 2510 4525 δαγωγοῦντες,
2531 4457 2622 4509 καὶ
2643 4456 2880 4527 ἄφρονας
2898 4457 2995 4527 τῆς
3011 4456 3149 4509 κατά
3168 4454 3264 4525 τὴν
3287 4453 3481 4507 κακίαν
3502 4450 3693 4522 ἀπειρη

448 4559 565 4597 rum
591 4541 778 4598 morbo
800 4540 1125 4595 medicinam
1147 4538 1327 4593 facere
1349 4541 1689 4603 studuerunt,
1707 4539 2015 4595 earumdem

2132 4564 2305 4615 γοντες
2329 4549 2553 4619 πλάνης,
2583 4549 2903 4620 θεραπεύειν
2933 4549 3109 4602 αὐτῶν
3129 4546 3455 4621 πειρώμενοι
3476 4545 3575 4616 τὴν
3595 4547 3694 4616 τῆς

444 4633 675 4697 animus,
707 4631 853 4686 velut
886 4629 1097 4684 novalia
1136 4628 1404 4698 quzedam,
1439 4629 1645 4683 semine
1678 4638 2011 4699 vegetantes.

445 4721 604 4778 Solus
635 4731 813 4776 autem
854 4720 1176 4776 universalis
1210 4728 1379 4784 sator,
1420 4718 1519 4775 Dei
1556 4718 1810 4786 Verbum,
1863 4720 2014 4776 beni-

2118 4637 2559 4710 είδωλολατρείας
2585 4640 2759 4704 νόσον,
2794 4640 2888 4692 καλ⁸
2909 4638 3059 4692 ὥσπε
3069 4657 3098 4711 ρ
3125 4639 3369 4702 νεοῦντες
3391 4638 3572 4692 αὐτῶν
3598 4639 3691 4692 καὶ

2118 4728 2375 4798 ἀροῦντες
2420 4730 2518 4793 τὰς
2545 4730 2745 4802 ψυχάς,
2784 4732 2958 4796 Μόνος
2984 4731 3041 4784 δὲ
3073 4733 3101 4784 6
3129 4731 3235 4784 τῶν
3255 4731 3391 4785 ὅλων
3435 4732 3687 4802 σπορεὺς,

513 4883 559 4915 ⁸⁸
595 4882 734 4937 Phil.
764 4897 847 4950 ιιι,
866 4882 959 4936 20.
1034 4883 1082 4915 “
1118 4881 1309 4939 Matth.
1339 4898 1460 4949 xm,
1483 4884 1538 4940 3.
1614 4884 1659 4915 υ
1698 4883 1991 4957 Joan.vtn,
2019 4889 2111 4944 42.

512 5036 1159 5114 (7_)__Videsis_partim_l_iis
1195 5038 1388 5114 similia
1409 5041 1485 5114 in”
1497 5043 1715 5114 Syriaca
1740 5044 2011 5113 Theopha-

443 5109 532 5182 r_z_i_a
558 5109 652 5182 lib.
688 5125 769 5170 ιιι.
796 5109 888 5174 21,
914 5108 1006 5182 22,
1040 5110 1131 5174 25,
1163 5120 1217 5165 et
1246 5110 1339 5164 lib.
1374 5127 1447 5182 tv.
1468 5108 1558 5177 52,
1583 5115 1671 5167 uhi
1708 5108 2007 5182 priscorum

441 5179 872 5254 gliristianorum
902 5180 1039 5234 mira
1071 5194 1135 5236 ac
1163 5195 1348 5236 severa
1376 5181 1549 5237 virtus
1575 5179 1788 5254 egregie
1811 5182 2011 5238 descri-

444 5249 832 5387 bIIZ'SSOCitatur
852 5318 956 5373 hoc
976 5318 1129 5373 titulo
1152 5320 1203 5372 in
1234 5320 1356 5374 cod.
1387 5320 1455 5373 Α.
1486 5320 1525 5377 ι.
1560 5321 1682 5387 122,
1712 5332 1767 5377 et
1790 5322 1910 5380 cod.
1942 5322 2003 5377 L.

443 5387 481 5441 ί.
513 5388 598 5458 ﬂ,
628 5389 1010 5458 b:E1'Jos6lov
1031 5389 1119 5452 βι.
1157 5391 1534 5458 Θεοφανείας.
1572 5390 1732 5447 Vides
1777 5392 1864 5445 hic
1895 5409 2011 5445 ma-

443 5457 636 5512 nifeste
653 5458 758 5532 dici
785 5456 973 5532 βιϐλίῳ
1004 5475 1109 5513 non
1139 5456 1509 5532 tanturando
1540 5460 1590 5531 β.
1620 5461 2008 5532 Superponitur

442 5526 705 5607 autemin
730 5526 1353 5607 cod..A.'compendium
1394 5526 1712 5607 signiﬁcans:
1744 5526 2003 5607 τετάρτου

443 5597 527 5650 vel
551 5597 725 5673 potius
748 5597 993 5673 τετάρτῳ
1018 5597 1311 5673 (mendose
1324 5597 1501 5673 tamen
1532 5602 1582 5673 in
1610 5602 1818 5673 cgd._L.
1854 5597 2004 5673 πρώ-

441 5665 644 5741 του-νοι
673 5665 917 5741 πρώτῳ).
957 5665 1159 5733 ῐισιιβεθ
1192 5670 1244 5723 in
1270 5668 1601 5741 Theophania
1631 5665 1996 5741 Syriam,,lib.

443 5752 520 5794 Iv,
536 5735 604 5788 55
624 5744 677 5787 et
697 5735 786 5798 54,
810 5735 987 5791 sermo
1024 5748 1105 5791 est
1132 5740 1197 5793 de
1218 5739 1468 5808 parabola
1497 5735 1840 5794 seminatoris
1859 5735 1999 5803 fve-

442 5814 743 5861 rumtamen
782 5807 949 5863 multo
983 5807 1435 5867 brevius.’Neaue
1484 5825 1582 5874 ego
1631 5824 1777 5867 certe
1816 5813 1999 5867 titulos

2119 5047 2364 5121 codicum
2408 5048 2829 5121 _Vaticanorum,
2881 5052 2976 5119 qui
3033 5050 3135 5107 hoc
3196 5053 3555 5121 fragmentum
3619 5069 3681 5109 ex

2119 5114 2451 5185 'l'lzeophania
2521 5132 2642 5192 esse
2708 5114 3012 5192 allirmaiit,
3083 5114 3307 5192 negare'
3342 5133 3435 5176 aut
3501 5125 3680 5179 delere

2116 5199 2272 5260 queo,
2304 5188 2788 5260 presserlim’quia,
2832 5188 2971 5244 facta
3004 5188 3242 5245 textuum
3261 5196 3677 5260 comparatione,

2114 5254 2234 5309 luce
2263 5257 2554 5311 meridiana
2578 5254 2777 5311 clarius
2799 5270 3021 5327 apparet
3049 5269 3276 5316 tractum
3310 5254 3457 5317 hunc
3484 5277 3551 5317 ex
3590 5254 3678 5320 illo

2117 5340 2339 5393 prorsus
2364 5340 2525 5394 opere
2551 5342 2671 5380 esse
2693 5328 3013 5383 derivatum.

2186 5395 2263 5467 (9)
2288 5396 2667 5475 Auimadveﬂe
2696 5399 3324 5475 quamlueecongruaut
3347 5402 3675 5475 _c_um_Syria-

2112 5479 2173 5517 ea
2202 5464 2295 5519 seu
2325 5464 2548 5538 Anglice
2574 5464 2930 5534 Theophania,
2964 5470 3052 5524 lib.
3083 5464 3160 5533 ινῖ
3191 5471 3259 5526 ’54
3291 5489 3305 5528 :
3342 5471 3419 5523 Ile
3450 5464 3671 5538 therefo-

2114 5550 2167 5587 re
2194 5542 2325 5611 went
2353 5534 2491 5611 forth
2521 5533 2655 5611 from
2679 5538 2879 5611 within.
2906 5541 3011 5592 and
3039 5557 3180 5594 came
3202 5553 3312 5595 out.
3346 5540 3534 5595 Where
3556 5533 3670 5596 then

2110 5620 2213 5677 was
2246 5607 2307 5677 he
2332 5604 2535 5677 within,
2556 5605 2640 5677 but
2662 5609 2822 5660 above
2841 5608 2922 5661 the
2947 5611 3108 5663 world
3127 5612 3151 5663 ?
3177 5613 3343 5664 where
3363 5612 3425 5663 he
3444 5614 3668 5677 existed;

2108 5676 2214 5749 and
2237 5676 2292 5728 in
2332 5674 2413 5725 the
2438 5676 2536 5749 end
2560 5676 2621 5741 of
2643 5680 2727 5729 the
2755 5679 2915 5731 world
2948 5680 3010 5732 he
3033 5697 3175 5749 came
3203 5685 3360 5749 forth.
3391 5684 3494 5733 and
3527 5674 3668 5735 came

2107 5748 2253 5821 flown
2286 5756 2337 5821 to
2362 5745 2577 5821 us,_who
2599 5761 2727 5821 were
2754 5748 2968 5821 without
3004 5749 3086 5801 the
3115 5745 3355 5821 kingdom
3380 5751 3439 5821 of
3457 5752 3663 5808 heaven.

2105 5813 2351 5870 Mitto-de
2377 5816 2498 5873 aliis
2520 5816 2655 5874 locis
2682 5820 2944 5874 similibus
2972 5822 3171 5876 dicere.
