4008 6516
327 371 432 428 677

1682 390 1768 446 DE
1806 390 2265 450 THEOPIIANIA.

3449 414 3552 467 678

324 489 357 540 6
388 488 482 542 τοῦ
507 491 643 545 Θεοῦ
674 496 864 564 Λόγος,
911 502 1287 577 φιλανθρωπια
1316 508 1410 560 τοῦ
1438 510 1646 579 Πατρὸς
1680 510 1876 581 ἐξῆλθε,

1992 513 2194 581 gnitate
2220 512 2399 570 Patris
2422 517 2608 584 exivit,
2634 535 2768 574 nova
2804 522 3008 577 semina
3032 533 3086 580 et
3108 526 3256 594 regni
3287 526 3549 584 caelorum

324 581 488 673 καινά
528 584 817 656 σπέρματα
871 593 963 645 καὶ
1011 594 1283 663 βασιλείας
1324 598 1564 670 οὐρανῶν
1619 604 1890 673 μυστήρια

322 672 831 747 εὐαγγελιούμενος,
855 686 965 747 τοῖς
995 702 1053 737 τε
1092 690 1210 741 κατ’
1233 691 1460 761 οὐρανὸν
1493 692 1586 744 τοῦ
1621 694 1754 746 Θεοῦ
1788 694 1893 747 λει-

318 770 574 836 τουργοῖς
596 766 793 826 τὸτῶν
815 774 1113 845 ἀνθρώπων
1149 782 1397 850 συνάψων
1430 785 1585 851 γένος
1606 802 1618 815 ·
1649 786 1738 837 ἐπὶ
1771 787 1891 839 τού-

318 875 433 922 τοις
460 857 553 915 οὖν
580 863 737 931 μόνος
758 868 917 932 αὐτὸς
941 870 1036 941 τὴν
1060 874 1167 925 ἀπὸ
1184 874 1291 926 τῶν
1317 876 1593 946 πατρικῶν
1612 877 1889 946 βασιλείων

316 950 554 1005 ἐποιεῖτο
580 953 786 1018 ἐξοδονο
817 961 866 1012 οἱ
892 960 949 1013 δὲ
970 962 1037 1015 τά
1062 965 1192 1035 παρ’
1219 966 1379 1018 αὐτοῦ
1409 968 1693 1039 σπέρματα
1718 986 1888 1023 κατα-

314 1038 601 1109 δεξάμενοι
645 1043 745 1109 τὰς
776 1047 985 1103 ἑαυτῶν
1013 1050 1191 1122 ψυχὰς
1223 1051 1312 1108 οἷα
1349 1056 1414 1126 δὴ
1447 1038 1628 1129 χώρας
1659 1059 1889 1129 γεωργῷ

316 1135 581 1203 παρεῖχον
612 1134 689 1206 τῷ
726 1138 902 1209 Λόγῳ,
948 1143 1041 1197 καὶ
1068 1144 1155 1197 διὰ
1181 1145 1289 1199 τῶν
1326 1146 1504 1200 ἀκοῶν
1526 1149 1616 1203 τὸν
1641 1151 1887 1222 οὐράνιον

315 1222 644 1293 ὑπεδέχοντο
683 1228 904 1299 σπόρον.
1370 1232 1384 1243 ’

385 1313 449 1365 Εί
499 1315 602 1385 μὲν
642 1313 734 1371 οῦν
767 1321 877 1391 (10)
918 1324 967 1376 οί
1010 1324 1436 1396 μαθητευόμενοι
1472 1332 1599 1399 μιᾶς
1645 1332 1886 1404 ὑπῆρχον

314 1406 723 1477 προαιρέσεως,
801 1412 981 1465 οὐδὲν-
1020 1415 1187 1486 ἐχρῆν
1241 1418 1535 1489 διακρίνειν
1596 1424 1689 1475 καὶ
1754 1425 1886 1492 depo-

316 1496 489 1567 ρίζειν
532 1499 750 1565 τούτους
782 1503 878 1556 ἀπ’
921 1504 1185 1577 ἀλλήλων·
1224 1509 1410 1581 ἐπειδὴ
1446 1511 1503 1563 δέ
1542 1513 1691 1585 παρά
1722 1516 1885 1568 πᾶσιν

312 1588 622 1660 ἀνθρώποις
672 1595 705 1663 ή
773 1593 868 1647 τοῦ
925 1597 1269 1663 αὑτεξουσίου
1335 1603 1554 1673 ἐκράτει
1622 1605 1882 1675 δύναμις,

311 1679 464 1733 ἄλλοι
542 1700 602 1735 τε
667 1685 839 1749 ἄλλως
914 1690 1125 1754 ἑαυτοῖς
1190 1692 1282 1745 καὶ
1348 1694 1428 1763 τῷ
1497 1697 1883 1767 καταϐληθέντι

309 1777 434 1837 ταῖς
479 1774 677 1846 ψυχαῖς
720 1778 957 1850 οὐρανίῳ
1010 1783 1193 1854 σπόρῳ
1239 1788 1691 1858 κατακέχρηνται,
1738 1790 1881 1843 εἰκό-

307 1882 419 1930 τως
459 1861 551 1921 οἷα
596 1868 731 1922 Θεοῦ
776 1871 948 1940 Λόγος
996 1873 1095 1945 τήν
1142 1876 1342 1943 γνῶσιν
1392 1879 1736 1949 προειληφὼς
1775 1882 1881 1934 τῶν

310 1958 637 2028 μελλόντων,
700 1962 859 2018 ὁποῖα
894 1963 1139 2018 πείσεται
1196 1967 1277 2030 είς
1327 1968 1643 2041 ἀνθρώπους
1674 1974 1702 2024 ὁ
1750 1973 1880 2043 παρ’

306 2050 475 2104 αὑτοῦ
510 2052 709 2124 σπόρος
741 2057 944 2119 πεσὼν,
973 2055 1235 2121 θεσπίζει.
1268 2059 1479 2113 Πτῶσιν
1510 2062 1639 2130 γοῦν
1668 2063 1881 2135 θαυμα-

306 2140 452 2201 στῶς
495 2140 595 2207 τὴν
643 2142 946 2214 καταδολὴν
975 2143 1080 2199 τῶν
1104 2147 1369 2216 οὐρανίων
1411 2151 1739 2221 σπερμάτων
1783 2152 1880 2222 τὴν

303 2233 388 2294 είς
409 2232 731 2304 ἀνθρώπους
751 2235 1020 2306 ὠνόμασε·
1049 2238 1143 2297 καὶ⁸
1162 2239 1227 2311 δὴ
1256 2240 1348 2294 δύο
1367 2242 1621 2313 τάγματα
1651 2244 1759 2298 τῶν
1789 2245 1880 2299 τὸν

303 2322 512 2393 σπόρον
561 2325 1006 2398 καταδεξαμένων
1036 2327 1272 2395 ἔσεσθαι,
1303 2331 1561 2387 διδάσκειο
1614 2336 1880 2409 πρότερον

300 2416 365 2469 τὸ
382 2416 493 2471 τῶν
520 2418 773 2484 καταξιου
783 2418 956 2489 μένων
975 2421 1071 2491 μὲν
1095 2422 1196 2491 τῆς
1224 2422 1466 2493 κλήσεως
1488 2425 1586 2496 τῆς
1606 2426 1877 2495 οὐρανίου,

299 2504 371 2559 δι’
398 2506 727 2579 ἀπροσεξίαν
754 2508 811 2560 δὲ
851 2510 944 2563 καὶ
971 2510 1242 2581 ρᾳθυμίαν
1284 2512 1384 2582 τῆς
1437 2513 1656 2585 χάριτος
1695 2516 1879 2569 ἀπολι-

301 2596 654 2651 σθαινόντων·
705 2598 955 2672 δεύτερον
994 2601 1052 2653 δὲ
1087 2601 1149 2654 τὸ
1187 2603 1295 2655 τῶν
1339 2604 1878 2671 πολυπλασιαζόντων

297 2688 399 2740 τὸν
443 2689 643 2760 σπόρον
688 2691 746 2744 ἐν
787 2691 1019 2760 ἀγαθαῖς
1062 2694 1475 2766 καρποφορίαις.
1533 2697 1692 2768 Τρεῖς
1717 2697 1773 2750 δέ
1820 2700 1877 2752 ἐν

299 2775 556 2847 ἐκατέρῳ
593 2777 832 2848 τάγματι
888 2780 1149 2851 διαφοράς
1179 2782 1410 2853 τίθησιν
1459 2785 1590 2838 οἵτε
1631 2786 1738 2857 γὰρ
1786 2787 1876 2843 τὸν

301 2865 506 2937 σπόρον
537 2866 864 2933 ἀπολλύντες
903 2872 1001 2943 οὐχ
1029 2873 1212 2944 ὅμοιον
1242 2873 1447 2943 ἴσχουσι
1478 2876 1575 2945 τῆς
1605 2876 1877 2940 ἀπωλείας

300 2957 397 3011 σὺν
411 2958 632 3030 τρόπον·
655 2961 707 3014 οἵ
729 2962 776 3013 τ’
809 2958 875 3015 αὖ
918 2963 1288 3036 γεωργοῦντες
1318 2966 1498 3031 αὑτὸν,
1541 2966 1635 3019 καὶ
1672 2967 1761 3021 τὸν
1816 2968 1876 3033 ἐξ

295 3053 471 3106 αὐτοῦ
528 3056 872 3126 ποριζόμενοι
921 3058 1151 3129 καρπὸν,
1204 3060 1305 3112 οὐκ
1343 3059 1464 3131 ἴσην
1508 3061 1874 3131 ἀποφέρονται

295 3146 402 3217 τὴν
452 3147 735 3219 εὐπορίανο
771 3150 851 3202 ἔτι
882 3151 1017 3223 πρὸς
1057 3151 1267 3216 τούτοις
1309 3153 1401 3206 καὶ
1426 3153 1523 3216 τὰς
1548 3154 1724 3217 αίτίας
1776 3154 1873 3226 τῆς

244 3281 265 3299 .
296 3236 674 3303 ἀποπτώσειως
705 3239 813 3294 τῶν
843 3240 936 3294 τὸν
977 3242 1174 3313 σπόρον
1197 3242 1537 3298 ἀπολλύντων
1571 3243 1872 3315 προγνώσει

295 3327 456 3399 θεῖκῇ
512 3330 860 3400 παρίστησιν·
901 3331 935 3402 ἢ
968 3332 1076 3404 γὰρ
1111 3332 1199 3386 διὰ
1222 3334 1493 3405 ῥᾳθυμίας
1534 3335 1873 3403 ἀφυλάκτους

292 3420 398 3482 τὰς
444 3420 653 3474 ἑαυτῶν
711 3422 887 3493 ψυχὰς
942 3424 1315 3489 ἀπολιπόντες,
1360 3426 1427 3477 τά
1470 3426 1872 3497 καταϐληθέντα

292 3510 483 3573 αὐτοῖς
518 3512 759 3583 σωτήρια
815 3513 1103 3583 σπέρματα
1129 3513 1555 3593 ἀπολωλέκασιν,
1593 3516 1873 3587 ἁρπασάν-

291 3616 405 3652 των
460 3599 598 3654 αὑτά
633 3602 699 3654 ἐκ
738 3602 837 3673 τῆς
887 3602 1065 3656 αὐτῶν
1114 3602 1350 3667 διανοίας
1398 3622 1455 3656 τε
1496 3606 1587 3657 καὶ
1629 3606 1868 3677 μνήμης,

297 3689 515 3759 ἐχθρῶν
552 3708 713 3745 τινων
758 3693 852 3745 κει)⁸
892 3691 1197 3749 ἐπιϐούλων
1239 3694 1356 3763 ἤτοι
1416 3695 1736 3765 πνευμάτων
1777 3696 1870 3749 καὶ

290 3780 567 3849 δαιμόνων
598 3782 848 3854 πονηρῶν
882 3782 972 3836 τὸν
1016 3782 1290 3854 περίγειον
1327 3784 1686 3855 διιπταμένων
1710 3787 1865 3856 ἀέρα,

291 3874 327 3943 ἦ
363 3873 572 3943 ἀνδρῶν
600 3876 808 3946 γοήτων
855 3876 949 3928 καὶ
974 3875 1285 3948 ἀπατηλῶν,
1314 3874 1347 3945 ἢ
1396 3874 1565 3943 λόγων
1612 3877 1869 3929 ἐναντίων

291 3967 361 4035 τῇ
396 3964 641 4041 ἀληθεία·
666 3965 701 4019 ἃ
726 3965 788 4037 δὴ
810 3966 1031 4019 πετεινά
1061 3966 1290 4037 οὐρανοῦ
1308 3965 1609 4037 ὠνόμασεν*
1643 3967 1675 4037 ἢ
1697 3967 1868 4020 δεύτε-

294 4073 389 4127 ρον
431 4055 518 4109 διὰ
558 4056 917 4129 φιλαργυρίαν
959 4043 1053 4110 καί
1079 4057 1406 4127 φιληδονίαν,
1435 4058 1523 4112 διά
1554 4075 1612 4110 τε
1644 4058 1744 4121 τὰς
1768 4058 1864 4111 τοῦ

292 4148 412 4218 βίου
434 4148 967 4219 φιλοπραγμοσύνας,
993 4149 1030 4203 ἃ
1059 4149 1122 4220 δὴ
1147 4149 1387 4213 ἀκάνθας
1423 4149 1745 4213 ἀπεκάλεσε,
1773 4148 1865 4205 τὸν

290 4242 351 4293 ἐν
378 4240 560 4301 αὐτοῖς
593 4240 792 4310 σπόρον
823 4241 1185 4311 ἀποπνιγῆναι
1213 4242 1591 4311 πεποιήκασινο
1622 4240 1655 4311 ἢ
1683 4240 1863 4311 τρίτον

1990 608 2242 676 mysteria
2272 608 2447 664 fauste
2468 613 2838 681 nuntiaturus,
2867 626 2921 671 et
2949 619 3193 686 supernis
3222 619 3313 673 Dei
3350 621 3545 674 minis-

1991 698 2089 753 tris
2132 699 2420 755 humanum
2464 718 2630 773 genus
2674 708 3099 764 consociaturus.
3147 709 3295 765 llanc
3320 726 3446 781 ergo
3477 714 3547 768 ob

1989 804 2204 844 causam
2233 792 2378 845 solus
2408 792 2522 861 ipse
2578 808 2608 848 e
2651 803 2875 863 paterno
2920 814 3082 868 regno
3120 802 3400 867 processit.
3443 803 3545 868 Qui

1988 889 2166 933 autem
2229 882 2435 935 semina
2490 882 2609 950 ejus
2651 898 2996 953 exceperunt,
3054 889 3109 945 hi
3164 908 3288 948 suas
3338 896 3544 949 animas

1986 970 2131 1025 velut
2174 986 2331 1039 agros
2370 971 2567 1027 cultori
2605 972 2776 1029 Verbo
2802 979 3177 1048 exhibuerunt,
3219 995 3274 1039 et
3305 1001 3433 1042 aure
3459 986 3543 1041 fa-

1986 1070 2173 1118 ventes
2195 1063 2416 1119 cteleste
2447 1078 2632 1120 semen
2661 1067 3008 1126 admiserunt.

2054 1306 2113 1359 Si
2138 1306 2352 1375 quidem
2382 1308 2561 1376 itaque
2584 1309 2888 1368 Christiana
2914 1314 3155 1371 doctrina
3187 1320 3406 1388 eruditi,
3435 1339 3541 1379 uno

1985 1397 2280 1466 eodemque
2313 1402 2592 1469 proposito
2615 1415 2815 1470 essent,
2851 1406 2982 1460 nihil
3008 1423 3142 1478 opus
3173 1420 3316 1467 esset
3343 1415 3542 1471 discer-

1984 1502 2113 1542 nere
2146 1488 2283 1543 inter
2306 1490 2451 1558 ipsos
2478 1507 2542 1547 ac
2570 1507 2843 1562 separare.
2886 1498 3035 1554 Nunc
3088 1503 3213 1569 quia
3242 1505 3295 1557 in
3329 1508 3542 1562 eunetis

1985 1576 2290 1634 hominibus
2317 1580 2471 1636 liberi
2498 1584 2714 1639 arbitrii
2749 1587 2827 1639 vis
2856 1591 3132 1656 prtevalet,
3157 1592 3355 1663 aliique
3386 1595 3541 1650 aliter

1983 1667 2163 1723 indole
2185 1685 2279 1725 sua
2296 1672 2550 1741 jactoque
2572 1675 2710 1731 intra
2742 1691 2869 1733 suas
2892 1681 3101 1736 animas
3129 1684 3311 1739 divino
3335 1689 3542 1743 semine

1985 1768 2237 1829 utuntur;
2289 1764 2409 1819 ideo
2453 1777 2622 1833 recte,
2678 1778 2860 1839 utpote
2910 1773 3001 1828 Dei
3064 1773 3319 1842 Verbum,
3374 1779 3539 1833 futuri

1912 1859 1953 1912 Β
1982 1853 2263 1908 scientiam
2296 1872 2695 1930 praeoccupans,
2737 1862 2863 1930 quid
2906 1866 3095 1920 semini
3124 1882 3226 1922 suo
3272 1868 3415 1924 inter
3443 1872 3537 1925 Ιιοο

1983 1946 2155 2000 mines
2174 1962 2361 2015 sparso
2384 1962 2703 2008 eventurum
2732 1955 2822 2022 sit,
2843 1960 3109 2025 przedicit.
3138 1960 3333 2016 Casum
3360 1964 3541 2035 itaque

1982 2037 2207 2093 miriﬁce
2260 2041 2492 2109 appellat
2540 2044 2841 2100 caelestium
2898 2049 3162 2104 seminum
3210 2052 3261 2105 in
3296 2053 3542 2111 homines

1979 2129 2389 2196 projectionem.
2421 2133 2671 2205 Duosque
2703 2137 2860 2193 docet
2900 2138 3016 2194 fore
3050 2141 3417 2211 recipientium
3451 2160 3541 2202 se-

1980 2234 2099 2273 men
2124 2221 2339 2277 ordines
2378 2239 2391 2275 :
2420 2226 2653 2294 priorem
2687 2228 2895 2284 Illorum
2933 2234 3023 2301 qui
3058 2235 3333 2291 cmlestem
3373 2254 3536 2293 voca-

1980 2312 2179 2367 tionem
2202 2317 2401 2383 sortiti,
2429 2333 2525 2387 per
2550 2323 3049 2391 socordiam;tamen
3078 2339 3239 2396 atque
3270 2328 3534 2398 ignaviam

1978 2409 2147 2474 gratia
2189 2410 2446 2466 excidunt
2479 2428 2493 2464 :
2527 2416 2820 2471 secundum
2872 2420 3118 2475 ordinem
3170 2422 3381 2479 illorum
3442 2428 3535 2494 qui

1976 2510 2158 2552 semen
2218 2502 2435 2572 egregio
2490 2503 2668 2559 fructu
2718 2507 3097 2578 multiplicant.
3125 2510 3258 2568 Tres
3288 2530 3449 2583 porro
3482 2516 3535 2571 in

1976 2595 2208 2657 utroque
2250 2592 2439 2648 ordine
2476 2595 2809 2653 differentias
2843 2600 3048 2654 statuit.
3080 2601 3211 2656 Nam
3250 2615 3301 2660 et
3329 2607 3417 2674 qui
3450 2622 3539 2662 se-

1976 2692 2098 2731 men
2156 2683 2503 2747 pessumdant
2531 2723 2546 2748 ,
2606 2688 2747 2741 haud
2788 2691 2902 2757 pari
2940 2693 3097 2746 modo
3143 2694 3487 2764 exstinguunt
3514 2714 3532 2750 :

1974 2770 2317 2842 viOssimque
2343 2776 2378 2829 ii
2409 2777 2498 2846 qui
2535 2778 2662 2833 illud
2696 2781 2973 2847 excolunt,
3004 2799 3071 2838 ex
3096 2799 3268 2855 eoque
3298 2787 3532 2843 fructum

1975 2864 2219 2933 gignunt,
2270 2867 2412 2922 haud
2448 2870 2565 2937 pari
2600 2871 2845 2927 ubertate
2883 2884 3027 2931 sunt.
3078 2876 3300 2946 Insuper
3344 2894 3536 2935 causes

1974 2955 2137 3008 etiam
2182 2955 2364 3024 lapsus
2412 2972 2597 3013 eorum
2650 2963 2739 3032 qui
2794 2977 2979 3019 semen
3036 2969 3532 3037 pessumdederum,

1975 3047 2151 3101 divina
2183 3051 2490 3118 provisione
2524 3054 2683 3109 sistit.
2716 3055 2849 3111 Nam
2894 3058 2978 3113 vel
3014 3059 3205 3121 ignave
3237 3062 3532 3118 incustodi-

1978 3147 2059 3193 tas
2087 3141 2444 3199 animassuas
2466 3158 2584 3201 esse
2607 3146 2863 3215 sinentes,
2914 3148 3103 3216 iniecta
3131 3152 3182 3206 in
3208 3152 3306 3209 has
3329 3156 3532 3211 semina

1974 3230 2293 3298 amiserunt,
2323 3234 2656 3303 rapientibus
2684 3238 2891 3294 scilicet
2919 3255 2982 3295 ex
3009 3241 3244 3311 ipsorum
3271 3256 3449 3300 mente
3469 3261 3533 3301 ac

1974 3322 2229 3375 memoria
2267 3323 2497 3380 inimicis
2524 3325 2843 3395 quibusdam
2878 3341 3041 3399 atque
3077 3334 3346 3391 insidiosis
3373 3336 3533 3407 spiri-

1975 3411 2116 3467 tibus
2145 3414 2413 3484 malisque
2442 3416 2797 3486 daemonibus,
2844 3422 2937 3491 qui
2971 3423 3023 3477 in
3057 3424 3157 3480 hoc
3194 3427 3337 3482 circa
3369 3429 3527 3484 tellu-

1972 3518 2083 3559 rem
2113 3520 2238 3560 aere
2263 3507 2525 3563 volitant:
2550 3510 2634 3564 vel
2653 3511 2815 3566 etiam
2841 3513 3195 3573 fraudulentis
3224 3519 3532 3577 hominibus

1970 3612 2034 3651 ac
2056 3598 2356 3664 fallacibus,
2392 3600 2475 3654 vel
2508 3604 2798 3659 contrariis
2828 3607 3041 3661 veritati
3072 3609 3369 3675 doctrinis;
3408 3629 3528 3680 qua:

1967 3690 2147 3744 omnia
2181 3690 2481 3747 caelestium
2506 3694 2784 3749 volucrum
2815 3699 3030 3753 nomine
3061 3701 3385 3769 indigitavit.
3432 3702 3528 3758 Vel

1967 3778 2129 3832 etiam
2156 3785 2390 3836 secundo
2416 3782 2535 3837 loco
2562 3785 2794 3839 avaritia
2838 3796 2893 3839 et
2946 3789 3231 3857 voluptatis
3269 3790 3527 3858 studium,

1964 3877 2019 3923 et
2065 3869 2229 3925 varia:
2259 3872 2441 3926 mundi
2472 3888 2633 3939 curae,
2676 3891 2811 3945 quas
2852 3878 3034 3944 spinas
3063 3880 3218 3945 dixit,
3261 3896 3440 3936 semen
3472 3884 3527 3937 in

1967 3960 2096 4030 ipsis
2141 3961 2310 4016 emori
2351 3974 2569 4032 cogunt.
2605 3964 2698 4020 Vel
2726 3966 2957 4037 denique
2992 3971 3147 4025 tertio
3176 3971 3316 4036 loco,
3343 3988 3528 4040 perse-

1964 4052 2239 4107 cutionum
2285 4068 2347 4107 ac
2374 4068 2751 4123 pressurarum
2786 4060 3078 4115 certamina
3118 4075 3220 4114 non
3258 4063 3527 4117 sustinen‘

1965 4150 2063 4206 tes,
2095 4158 2229 4213 quas
2257 4154 2419 4201 :estus
2446 4149 2662 4202 nomine
2691 4148 2741 4202 in
2769 4148 3018 4216 parabole
3052 4151 3357 4220 appellavit,
3379 4170 3528 4210 coar-

1961 4236 2073 4306 ευιὶ
2106 4246 2231 4291 sunt
2259 4236 2399 4292 haud
2435 4238 2540 4293 alte
2588 4239 2642 4292 iu
2683 4239 2891 4296 illorum
2935 4244 3112 4297 anima
3148 4258 3331 4299 semen
3360 4245 3523 4301 fuisse

1962 4324 2279 4392 radicatum,
2302 4326 2395 4381 sed
2438 4328 2491 4381 in
2521 4328 2803 4397 superﬁcie
2833 4331 3200 4386 tantummodo
3233 4346 3296 4385 ac
3325 4333 3523 4402 specie,

288 4331 548 4402 διωγμῶν
581 4333 674 4385 καὶ
722 4335 1093 4405 περιστάσεων
1116 4334 1242 4397 τοὺς
1276 4332 1493 4401 ἀγῶνας
1513 4334 1608 4403 οὐχ
1638 4320 1896 4404 ὑπομεί-²’
1962 4324 2279 4432 Indignum,
2302 4326 2395 4381 sed
2521 4328 2803 4428 snperllcie
2833 4331 3200 4432 tantummIOt-le
3233 4346 3296 4385 ac
3325 4346 3409 4432 spe

1960 4415 2108 4470 brevi
2146 4423 2385 4484 tempore
2411 4415 2727 4482 emeruisse,
2766 4427 2820 4473 et
2867 4434 3003 4474 vana
3051 4420 3221 4488 plebis
3267 4420 3520 4491 opinione

295 4441 509 4486 ναντες,
538 4422 573 4477 ἀ
594 4424 656 4493 δὴ
690 4424 781 4475 καὶ
807 4423 1059 4477 καύσωνα
1090 4424 1177 4477 διά
1208 4424 1307 4493 τῆς
1340 4422 1655 4495 παραϐολῆς
1690 4441 1860 4496 προσ-

289 4520 471 4578 εῖπεν,
505 4515 926 4586 ἀπηλέγχθησαν
957 4515 1031 4586 μὴ
1064 4515 1203 4569 κατὰ
1230 4514 1390 4585 βάθος
1418 4514 1516 4585 τῆς
1543 4514 1719 4567 αὐτῶν
1756 4514 1858 4584 ψυ-

1974 4507 2176 4563 habitos
2201 4523 2320 4562 esse
2343 4507 2585 4564 homines
2604 4508 2775 4580 frugi;
2802 4525 2938 4579 quos
2955 4510 3042 4564 diu
3063 4510 3286 4565 latentes
3311 4512 3522 4566 demum

286 4610 391 4679 χῆς
431 4608 522 4661 τὸν
561 4608 760 4679 σπόρον
810 4607 1189 4679 ἐρριζωμένοι,
1229 4605 1343 4659 ἀλλ’
1372 4604 1430 4671 ἐξ
1472 4605 1734 4675 ἐπιπολῆς
1766 4605 1860 4659 καὶ

1974 4599 2189 4662 revelat,
2227 4600 2365 4668 ignis
2388 4600 2558 4655 instar
2588 4602 2896 4669 explorans,
2924 4612 2978 4657 et
3014 4602 3234 4657 minime
3264 4602 3524 4673 genuinos

290 4700 451 4770 μέχρι
466 4697 561 4751 τοῦ
582 4699 757 4752 δοκεῖν
782 4697 857 4763 ὡς
876 4698 1012 4769 πρός
1038 4715 1161 4752 τινα
1194 4696 1383 4768 καιρὸν
1413 4696 1614 4761 ἀνθεῖν,
1648 4698 1743 4751 καὶ
1789 4699 1857 4769 τῇ

1974 4708 2263 4765 coarguens
2314 4704 2542 4762 tempus,
2593 4698 2734 4766 quod
2765 4706 2952 4751 aestum
2986 4707 3113 4766 apto
3140 4698 3400 4753 vocabulo
3426 4711 3522 4767 ap-

284 4791 398 4845 τῶν
437 4790 647 4843 πολλῶν
693 4791 962 4861 φαντασία
1015 4789 1337 4852 σπουδαίους
1360 4784 1495 4841 εἶναι
1521 4787 1855 4859 νομίζεσθαι·

1974 4788 2178 4842 bellavit
2200 4787 2362 4841 Serva
2372 4798 2476 4841 tor.

283 4882 381 4947 οὓς
411 4882 505 4937 καὶ
553 4881 747 4953 μακρῷ
782 4881 1042 4945 λαθόντας
1078 4882 1251 4953 χρόνῳ
1281 4880 1507 4943 ἐπιστὰς
1559 4878 1863 4951 ἀπήλεγξεν
1896 4879 2247 4953 όπυρωτικδς
2279 4879 2503 4934 καὶτῶν
2561 4880 2623 4934 οὐ
2674 4880 2911 4949 γνησίων
2934 4880 3294 4951 διελεγκτικὺς
3312 4880 3517 4951 καιρὸς,

282 4978 344 5032 δν
358 4976 423 5048 δὴ
446 4976 703 5033 καύσωνα
722 4975 1025 5040 εὑθυϐόλως
1050 4978 1078 5029 ὁ
1109 4977 1297 5047 Σωτὴρ
1317 4977 1588 5047 ὠνόμασε.

957 5093 1195 5147 ΙΘΗΗ.

2671 5090 2815 5147 XIX.

957 5094 1037 5146 18'
1085 5094 1144 5146 M
1180 5132 1195 5146 .

363 5186 429 5239 '0
481 5186 539 5239 δέ
575 5203 735 5249 αυτος
766 5184 970 5251 ἐδίδαξε
1016 5096 1114 5256 τῆν
1145 5094 1322 5238 ἀίτίαν
1374 5184 1441 5237 δι’
1480 5185 1547 5255 ἢν
1566 5186 1675 5247 τοῖς
1723 5184 1857 5255 πλή-

2671 5094 2815 5147 XIX.

2024 5185 2156 5240 Item
2184 5184 2430 5241 Christus
2460 5200 2677 5240 causam
2705 5183 2888 5238 docuit
2908 5197 3004 5237 cur
3029 5196 3094 5235 ao
3119 5178 3516 5234 multitudinem

283 5278 403 5331 θεσι
459 5276 526 5329 δι’
559 5276 893 5348 αἰνιγμάτων
924 5278 1047 5340 τοὺς
1091 5276 1281 5345 λόγους
1322 5276 1623 5347 παρεδίδου·
1673 5277 1856 5341 αὐτοῖς

1974 5293 2060 5331 non
2108 5278 2313 5344 absque
2367 5278 2650 5347 mnigmate
2703 5275 3056 5343 loqueretur:
3091 5272 3365 5341 discipulis
3405 5272 3522 5341 qui-

286 5369 389 5439 μέν
422 5368 665 5438 ἐφεῖσθαι
702 5368 869 5422 εἰπὼν
897 5368 965 5421 τά
997 5370 1268 5440 μυστήρια
1296 5369 1392 5439 τῆς
1422 5367 1514 5421 τοῦ
1534 5367 1666 5421 Θεοῦ
1702 5367 1853 5436 βασι-

1974 5368 2074 5422 lem
2104 5369 2323 5423 concedi
2348 5369 2554 5432 dicens,
2580 5377 2635 5420 ιιι
2661 5366 2909 5437 mysteria
2937 5365 3081 5432 regni
3107 5364 3195 5417 Dei
3220 5364 3516 5428 discerent,

282 5460 433 5524 λείας
452 5459 760 5531 μανθάνειν,
792 5461 865 5531 μὴ
899 5460 1209 5515 δίδοσθαιδέ
1232 5461 1477 5524 ἐκείνοις,
1514 5462 1638 5523 τοὺς
1664 5460 1849 5529 ὄχλους

1977 5476 2062 5515 non
2101 5469 2278 5515 tamen
2314 5461 2502 5515 turbis.
2559 5459 2647 5513 Ait
2671 5459 2816 5512 enim
2852 5475 2863 5510 :
2897 5454 2993 5509 Est
3024 5464 3198 5509 autent
3228 5456 3337 5509 haec
3364 5469 3520 5525 para-

2019 5665 2132 5734 (H)
2172 5664 2305 5723 Cod.
2356 5662 2415 5718 L.
2474 5662 2635 5734 falli,
2678 5660 2733 5716 Ι).
2766 5659 3143 5734 _Conlc_ran_tur
3201 5657 3521 5734 se_q_ttetttia,

382 5664 470 5748 ιο)
500 5664 718 5722 Cod.A.
742 5665 1007 5747 {.122,_b.
1042 5664 1458 5748 sequentialime
1482 5678 1604 5748 cum
1640 5678 1842 5731 prmce-
1993 5665 2132 5748 (ll)
2172 5664 2305 5748 qod.
2356 5664 2415 5718 L.
2474 5664 2733 5748 LDIGLb.
2764 5664 3060 5748 ηςξοιιίηιάιιέ

1952 5747 2002 5789 ιιι
2027 5727 2151 5806 ’ῇςιιιι
2179 5736 2312 5801 dixi,
2356 5751 2476 5791 cum
2515 5733 2734 5803 Syriaca
2764 5730 3115 5800 Thwphaniu,
3151 5743 3227 5795 tv,
3250 5727 3341 5783 33.

284 5732 538 5790 dentibus
559 5745 680 5802 apte
706 5736 972 5797 connecti,
1010 5735 1132 5801 quis
1172 5750 1273 5786 non
1320 5732 1506 5785 videt?
1534 5748 1841 5802 quanquam

284 5807 341 5862 in
368 5806 563 5876 codice,
589 5806 801 5865 nonnisi
830 5807 1032 5863 nudum
1063 5803 1280 5860 Eusebii
1325 5818 1520 5859 nomen
1561 5815 1770 5873 gerunt.
