4008 6516
500 360 603 422 6⁸19

1197 351 1465 409 EUSEBH
1503 348 1978 410 CASSARIENSIS
2010 353 2161 410 OPP.
2204 353 2383 411 PARS
2420 353 2512 411 Ν.
2551 382 2619 397 --
2656 354 3072 414 DOGMATICA.

3634 358 3745 415 680

501 480 622 534 bo‘la
646 496 672 535 ς
696 477 884 534 Semen
906 472 1203 529 estverbum
1230 471 1348 538 Dei,
1376 480 1481 526 elc.
1497 471 1543 503 ⁸⁸
1563 501 1636 512 -
1658 472 1911 528 Diversos
1938 471 2056 526 ani-

2172 494 2398 565 Ξηλὼσας
2410 514 2423 529 ·
2436 494 2540 566 ἔφη
2556 495 2682 569 γάρ·
2694 498 2858 552 Ἔστι
2873 497 2943 551 δὲ
2953 499 3103 567 αὕτη
3123 498 3161 566 ἠ
3178 496 3506 568 παραϐολή·
3524 496 3747 567 Ὀξσπό-

502 584 711 626 marum
734 566 949 623 habitus
978 566 1030 617 in
1054 564 1118 618 iis
1148 562 1240 631 qui
1262 563 1562 617 doctrinam
1588 561 1702 631 ejus
1731 562 2065 632 subsequen-

2154 602 2266 653 ρος
2287 585 2459 639 ἐστίν
2480 589 2513 641 ὁ
2537 589 2719 656 ,λόγος
2751 588 2858 642 τοῦ
2890 590 3059 655 Θεοῦ,
3090 608 3145 645 κ.
3177 608 3225 644 τ.
3248 589 3493 661 λ.-(12)
3518 588 3629 651 Τάς
3681 592 3746 642 ὲν

504 674 557 717 te
583 670 819 729 tempore
842 655 1144 726 suscepturi
1172 664 1352 721 erant,
1382 666 1529 710 recte
1550 655 1836 710 admodum
1868 653 2069 709 revelat

2172 677 2357 748 ψυχαῖς
2381 653 2654 752 ’διαφοράς
2693 679 2802 733 τῶν
2829 682 2928 752 τὴν
2959 653 3305 737 διδασκαλίαν
3337 653 3500 736 αὑτού
3524 680 3747 752 μελλόν-

502 751 780 808 Dominus.
810 748 945 802 Tres
977 744 1232 800 videlicet
1274 745 1497 800 ordines
1528 744 1801 799 hominum
1832 744 1947 799 fore
1979 744 2063 799 di-

500 839 597 903 cit,
624 837 713 907 qui
747 836 1003 891 doctrinae
1029 848 1139 888 sua:
1168 848 1348 889 semen
1375 834 1514 887 haud
1542 835 1674 888 bene
1693 833 2066 902 sintreceptu-

499 932 567 988 ri.
594 927 727 984 Tres
747 929 986 984 vicissim
1010 927 1342 997 egregiorum
1368 926 1644 980 hominum
1673 927 1888 991 choros,
1916 927 2068 982 bona:

502 1032 660 1078 terra
706 1021 877 1075 instar
917 1017 1174 1073 doctrinae
1210 1016 1439 1071 fructum
1472 1017 1685 1072 uberem
1729 1032 1793 1072 ac
1820 1017 2069 1086 multipli-

502 1124 680 1168 catum
708 1112 969 1167 edituros.
994 1111 1135 1179 Ergo
1164 1109 1280 1164 illos
1302 1111 1391 1178 qui
1412 1106 1555 1178 jacta
1586 1109 1637 1163 in
1662 1110 1893 1163 animam
1916 1125 2067 1165 suam

502 1206 705 1261 semina
737 1202 1113 1272 pcssumdant,
1162 1215 1353 1257 causas
1382 1201 1581 1256 habere
1615 1201 1744 1255 dicit
1770 1211 1898 1258 tres.
1936 1201 2066 1255 Nam

500 1296 585 1351 vel
633 1295 814 1350 mundi
844 1294 1006 1359 curis,
1057 1307 1122 1347 ac
1171 1307 1353 1347 rerum
1396 1293 1616 1346 minime
1643 1294 2067 1348 necessariarum

504 1389 702 1453 studio,
752 1396 806 1442 et
842 1387 1031 1456 Opibus
1056 1383 1371 1454 deliciisque
1397 1383 1661 1455 impliciti,
1702 1398 1886 1441 semen
1914 1401 2070 1441 suum

504 1482 817 1542 obruentes,
862 1477 1031 1548 spinis
1080 1477 1473 1546 quodammodo
1505 1476 1768 1534 suﬂ'ocare
1798 1479 2068 1533 videntur.

511 1570 602 1625 Vel
635 1571 853 1625 minime
890 1570 942 1623 in
978 1569 1174 1623 mentis
1200 1583 1311 1624 sua:
1337 1569 1705 1638 penetralibus
1747 1579 1961 1640 recepto
1986 1586 2073 1625 se-

507 1662 671 1726 mine,
714 1660 963 1714 celeriter
990 1660 1359 1730 exstinguunt,
1403 1660 1663 1728 angustiis
1693 1660 1947 1728 correpti.
1977 1659 2074 1715 Vel

510 1751 667 1806 tertio
710 1752 942 1821 denique
992 1764 1156 1805 causa
1202 1750 1481 1805 amittendi
1533 1751 1641 1805 dati
1688 1752 1911 1806 seminis
1969 1750 2071 1807 sibi

508 1845 660 1908 ﬁunt,
697 1844 820 1899 dum
848 1845 1055 1913 patulas
1080 1859 1238 1900 aures
1282 1846 1524 1914 praebent
1563 1845 1874 1901 hominibus
1922 1846 2071 1901 deci-

503 1936 682 2005 piendi
708 1937 981 2003 studiosis,
1008 1938 1227 2007 etjacta
1267 1937 1321 1992 in
1350 1937 1562 1992 illorum
1596 1938 1830 1992 animam
1861 1940 2069 1995 semina

505 2028 812 2097 diripiendi.
843 2028 969 2085 Haec
1005 2030 1167 2100 igitur
1196 2029 1489 2085 secundum
1518 2045 1670 2084 suam
1705 2030 2067 2100 provisionem

505 2116 848 2188 a_Servatore
878 2118 1132 2187 praedicta
1164 2119 1400 2173 fuerunt.
1431 2119 1520 2172 Sic
1541 2128 1717 2174 autem
1750 2134 1862 2173 rem
1891 2134 1948 2175 se
1972 2120 2071 2174 ha-

504 2211 634 2263 bere
658 2208 1148 2277 exploratissimum
1180 2217 1285 2264 est.
1306 2209 1459 2264 llaud
1478 2210 1633 2264 aliter
1660 2211 1799 2265 enim
1831 2211 2071 2266 nonnulli

506 2298 762 2352 excidunt
794 2298 1065 2367 religionis
1093 2298 1356 2362 doctrina,
1396 2300 1500 2354 nisi
1526 2299 1709 2371 aliquo
1744 2316 1774 2355 e
1800 2301 2071 2371 praedictis

506 2388 575 2441 ab
597 2402 661 2443 eo
684 2389 872 2444 modis.
909 2388 1167 2444 Similiter
1197 2389 1435 2445 melioris
1459 2406 1672 2461 quoque
1697 2391 1923 2463 ordinis,
1955 2392 2075 2448 illo-

507 2492 626 2531 rum
656 2478 866 2533 scilicet
894 2479 987 2548 qui
1011 2479 1234 2534 caeleste
1262 2494 1483 2550 regnum
1520 2490 1645 2536 sunt
1667 2483 1935 2553 adepturi,
1964 2492 2072 2538 tres

507 2569 710 2623 classes
734 2568 1015 2625 Matthaeus
1045 2569 1270 2625 sistit".
1299 2570 1490 2627 Cuncti
1513 2574 1657 2627 enim
1682 2572 1749 2627 ab
1768 2590 1871 2629 uno
1899 2585 2075 2630 satore

507 2670 562 2714 et
584 2660 815 2731 agricola
844 2661 898 2715 in
926 2660 1207 2717 animabus
1235 2662 1367 2726 suis,
1391 2678 1490 2718 ceu
1518 2662 1784 2719 fertilibus
1811 2664 2074 2735 bonisque

505 2751 687 2817 agris,
716 2766 877 2805 unum
909 2751 1156 2823 idemque
1185 2764 1459 2824 receptum
1493 2768 1699 2821 semen,
1736 2770 1834 2825 pro
1874 2752 2074 2811 viibu‘s

506 2841 793 2907 excolunt;
848 2858 1022 2913 neque
1062 2856 1236 2900 tamen
1285 2847 1402 2916 pari
1439 2861 1665 2902 numero
1696 2847 2071 2918 multiplicant,

506 2946 694 2987 verum
723 2933 1010 3003 plurimam
1062 2934 1259 3004 singuli
1306 2936 1357 2990 in
1392 2935 1549 2991 bonis
1574 2938 1686 2993 suis
1717 2937 2073 2994 dill‘crentiam

504 3039 615 3094 prae
655 3039 715 3079 se
740 3025 937 3081 ferunt.
986 3022 1101 3082 Etsi
1129 3027 1271 3082 enim
1305 3043 1469 3082 unum
1499 3028 1600 3083 fuit
1624 3028 1680 3083 in
1709 3028 1792 3083 his
1826 3032 2077 3086 omnibus

507 3131 715 3185 semen,
748 3134 888 3174 unus
909 3120 1036 3174 item
1068 3120 1315 3191 idemque
1340 3131 1508 3189 sator,
1546 3138 1652 3177 non
1685 3134 1864 3179 tamen
1892 3126 2076 3195 singu-

510 3211 679 3263 lorum
705 3210 965 3266 sedulitas
994 3226 1059 3267 ac
1092 3211 1338 3268 voluntas
1368 3228 1552 3282 parem
1588 3214 1641 3267 in
1671 3216 1919 3270 omnibus
1957 3217 2069 3270 fru-
2101 3198 2143 3255 ο

509 3309 651 3355 ctum
686 3301 907 3369 protulit
941 3316 955 3354 :
987 3303 1336 3372 quamobrem
1371 3317 1438 3356 ne
1477 3303 1818 3371 agriculturae
1861 3307 2075 3374 quidem

512 3393 715 3446 reditus
744 3407 841 3461 par
872 3392 1068 3462 ubique
1099 3391 1199 3446 fuit
1224 3410 1237 3446 :
1265 3392 1357 3447 sed
1385 3390 1474 3446 alii
1510 3393 1724 3462 triginta
1755 3396 2073 3459 retulerunt,

509 3482 599 3535 alii
638 3482 970 3551 trigesimum
998 3494 1279 3535 numerum
1320 3480 1685 3550 duplicarunt,
1724 3483 1814 3535 alii
1846 3483 2077 3553 denique

509 3573 695 3626 labore
716 3574 1104 3643 praecellentes,
1132 3571 1488 3640 centuplicem
1532 3571 1761 3626 fructum
1791 3573 2071 3633 dederunt.

507 3662 664 3717 Prior
686 3680 813 3733 ergo
833 3663 923 3717 ille
948 3664 1082 3718 ordo
1104 3664 1247 3718 haud
1270 3665 1426 3718 aliter
1450 3665 1629 3719 divina
1662 3665 2076 3723 fructiﬁcatione

509 3754 772 3822 privatur,
814 3754 915 3807 nisi
945 3753 1123 3822 aliquo
1162 3768 1193 3809 e
1231 3755 1501 3824 praedictis
1533 3756 1723 3812 modis.
1755 3757 1857 3824 Qui
1896 3769 2074 3815 autem

511 3845 563 3900 in
616 3846 884 3900 contrario
926 3845 1117 3900 ordine
1148 3854 1291 3911 sunt,
1337 3862 1465 3916 pura
1525 3848 1703 3902 anima
1750 3858 1805 3904 et
1844 3850 2076 3920 genuino

511 3936 707 3991 mentis
731 3936 1025 4007 proposito,
1068 3938 1291 3993 salutari
1331 3948 1546 4008 recepto
1584 3940 1807 4006 semine,
1840 3942 2073 3997 vicissim

509 4042 604 4096 pro
633 4043 743 4082 sua:
783 4028 975 4083 animae
1007 4028 1213 4084 viribus
1245 4028 1710 4088 fructiﬁcationem
1752 4050 1903 4090 suam
1936 4036 2075 4092 mul-

510 4120 771 4191 tiplicanl.

2162 784 2269 820 των
2295 767 2645 837 ὑποδέχεσθαι
2683 771 2741 822 ὲν
2765 773 2876 835 τοῖς
2911 772 3049 842 μετά
3080 771 3251 828 ταῦτα
3274 774 3483 846 χρόνοις
3521 769 3579 826 εὖ
3600 772 3750 844 μάλα

2166 857 2297 924 ὲκγυ
2306 861 2426 927 μνοί
2440 859 2469 910 ό
2487 859 2711 929 Κύριος·
2738 862 2831 914 καὶ
2853 863 2979 935 τρία
3009 866 3106 935 μὲν
3119 865 3376 936 τάγματα
3403 867 3509 919 τῶν
3536 867 3596 918 ού
3616 876 3753 936 γνη-

2167 949 2295 1013 σίως
2333 950 2424 1003 τὸν
2463 952 2663 1023 σπόρον
2695 955 2794 1025 τῆς
2820 956 2984 1009 αὑτοῦ
3017 958 3359 1022 διδασκαλίας
3376 958 3753 1029 παραδεχομέ-

2166 1062 2271 1098 νων
2316 1042 2534 1098 εσεσθαι
2593 1047 2974 1118 προαγορεύει*
3034 1052 3181 1120 τρεῖς
3218 1049 3476 1113 ὡσαύτως
3527 1048 3753 1116 ἀγαθῶν

2165 1136 2357 1205 χοροὺς
2390 1135 2497 1188 τῶν
2544 1136 2703 1207 δίκην
2733 1138 2945 1207 εὑγείου
2968 1138 3148 1211 χώρας
3171 1142 3612 1214 πολυφορούντων
3652 1143 3755 1194 καὶ

2168 1225 2714 1290 πολυπλασιαξόντων
2754 1230 2845 1285 τὸν
2868 1230 3044 1299 λόγον.
3078 1232 3198 1286 Τῶν
3234 1234 3331 1303 μὲν
3348 1231 3438 1287 οὖν
3470 1233 3756 1287 ἀπολλύν-

2168 1336 2274 1372 των
2320 1320 2388 1374 τὰ
2434 1322 2883 1394 καταϐαλλόμενα
2920 1329 2986 1397 τῇ
3038 1326 3218 1380 αὐτῶν
3263 1326 3404 1397 ψυχῇ
3459 1328 3755 1398 σπέρματα

2169 1410 2347 1475 αἰτίας
2396 1409 2532 1467 εἶναί
2586 1432 2717 1485 φησι
2759 1419 2928 1486 τρεῖς·
2959 1417 2991 1488 ἢ
3027 1418 3136 1490 γὰρ
3182 1419 3287 1472 ὑπὸ
3317 1420 3611 1491 φροντίδων
3654 1418 3754 1473 τοῦ

2172 1498 2309 1569 βίου,
2328 1502 2422 1554 καὶ⁸
2457 1506 2555 1574 τῆς
2584 1505 2735 1577 παρὰ
2760 1505 2828 1559 τά
2862 1508 2937 1579 μὴ
2957 1509 3225 1578 ἀναγκαῖα
3259 1512 3515 1582 σπουδῆς,
3561 1513 3669 1565 ὑπό
3691 1530 3755 1567 τε

2173 1592 2403 1646 πλούτου
2442 1597 2538 1648 καὶ
2570 1598 2801 1667 τρυφῆς,
2865 1601 3307 1670 καταχωννύντες
3339 1602 3431 1655 τὸν
3470 1603 3529 1657 ὲν
3565 1602 3757 1666 αὑτοῖς

2172 1683 2373 1754 σπόρον
2403 1685 2609 1739 ἐοίκασι
2629 1690 2742 1751 τοῖς
2765 1688 2869 1743 ὑπὸ
2895 1691 3143 1745 ἀκανθῶν
3174 1694 3551 1763 ἀποπνίγουσι·
3581 1695 3614 1765 ἢ
3648 1695 3759 1747 οὑκ

2172 1775 2281 1828 ἀπὸ
2320 1775 2516 1846 βάθους
2556 1778 2796 1845 διανοίας
2852 1782 3014 1836 αὑτὸν
3059 1783 3511 1855 παραδεξάμενοι,
3557 1786 3759 1839 θᾶττον

2101 1853 2144 1908 Β
2170 1866 2593 1924 ἀποσϐέννυνται
2639 1873 3014 1943 περιστάσεως
3057 1853 3484 1948 καταλαϐούσης·
3530 1878 3564 1948 ἢ
3609 1879 3761 1932 κατά

2169 1957 2360 2030 τρίτην
2406 1962 2587 2015 αἰτίαν
2634 1963 2798 2018 αἴτιοι
2850 1966 3123 2032 ἀπωλείας
3167 1968 3517 2022 καθίστανται
3558 1969 3653 2023 τοῦ
3699 1974 3761 2024 ἐν

2172 2050 2354 2113 αὐτοῖς
2391 2053 2616 2124 σπόρου,
2651 2056 2749 2119 τὰς
2785 2057 2965 2111 αὐτῶν
3014 2060 3183 2123 ἀκοάς
3222 2061 3521 2125 ἐκδιδόντες
3544 2063 3761 2126 ἀνέτως

2169 2142 2282 2204 τοῖς
2310 2141 2583 2216 ὲξαπατᾷν
2614 2146 2856 2202 ἐθέλουσι
2892 2150 2986 2203 καὶ
3008 2152 3350 2222 ὑφαρπάζειν
3375 2153 3445 2206 τά
3468 2156 3525 2207 ἐν
3555 2157 3621 2225 τῇ
3653 2156 3762 2208 αὑ-

2170 2229 2278 2284 τῶν
2311 2233 2451 2305 ψυχῇ
2506 2238 2918 2309 καταϐληθέντα
2954 2242 3263 2313 σπέρματα.
3306 2244 3492 2299 Ταῦτα
3532 2246 3633 2316 μὲν
3660 2243 3762 2301 οὖν

2172 2321 2315 2374 κατὰ
2348 2326 2654 2395 πρόγνωσιν
2681 2329 2757 2400 τῷ
2791 2332 3001 2403 Σωτῆρι
3038 2335 3384 2405 προλέλεκτο·
3422 2340 3536 2401 τοῖς
3566 2338 3624 2391 δὲ
3659 2338 3761 2411 ἔρ·

2172 2428 2290 2479 γοις
2318 2414 2489 2481 οὕτως
2509 2418 2699 2488 έχοντα
2731 2423 2763 2492 ἡ
2802 2423 3058 2494 ἐνάργεια
3080 2427 3432 2499 παρίστησιν·
3462 2428 3559 2481 οὑκ
3576 2428 3761 2493 ἄλλως

2173 2505 2279 2578 γὰρ
2312 2508 2637 2565 ὲκπίπτουσί
2658 2531 2802 2579 τινες
2822 2516 2915 2569 τοῦ
2937 2518 3036 2587 τῆς
3068 2518 3376 2583 θεοσεϐείας
3406 2519 3613 2591 λόγουῆ
3631 2522 3760 2575 καθ’

2174 2598 2270 2652 ἕνα
2294 2600 2402 2654 τῶν
2436 2603 2526 2656 ὑπ’
2555 2606 2718 2659 αὑτοῦ
2753 2609 3173 2681 προρρηθέντων
3203 2612 3436 2682 τρόπων.
3484 2612 3760 2677 Ὡσαύτως

2174 2688 2232 2742 δὲ
2267 2691 2358 2743 καὶ
2395 2691 2488 2745 τοῦ
2520 2695 2826 2764 κρείττονος
2846 2699 3121 2769 τάγματος
3149 2700 3259 2754 τῶν
3282 2702 3620 2772 τευξομένων
3654 2702 3761 2773 τῆς

2173 2782 2421 2852 οὐρανίου
2462 2784 2738 2853 βασιλείας
2769 2792 2918 2859 τρεῖς
2950 2787 3088 2845 εἶναι
3119 2789 3301 2856 τάξεις
3344 2794 3584 2865 παρίστη
3615 2795 3760 2848 κατά

2174 2873 2472 2940 Ματθαῖον,
2503 2877 2718 2931 πάντων
2739 2880 2835 2949 μὲν
2862 2881 2951 2950 ὑφ’
2977 2882 3097 2947 ἐνὸς
3119 2884 3363 2956 σπορέως
3378 2903 3437 2937 τε
3462 2886 3556 2939 καὶ
3583 2903 3757 2957 γεωρ-

2175 2964 2273 3032 γοῦ
2320 2970 2439 3030 ταῖς
2476 2968 2655 3021 αὐτῶν
2684 2971 2901 3042 ψυχαῖς,
2937 2968 3024 3026 οία
3058 2974 3121 3045 δὴ
3151 2975 3355 3047 χώραις
3396 2978 3628 3045 εὐγείοις
3666 2979 3759 3031 κατ

2175 3051 2423 3119 ἀγαθαῖς,
2456 3055 2551 3109 ἕνα
2592 3059 2687 3110 καὶ
2723 3059 2812 3112 τὸν
2874 3062 3032 3115 αὑτὸν
3063 3063 3502 3136 ὑποδεδεγμένων
3534 3069 3758 3139 σπόρον,

2176 3143 2606 3213 γεωργησάντων
2619 3146 2675 3199 δὲ
2687 3148 2846 3201 αὑτὸν
2874 3151 3013 3204 κατά
3022 3152 3271 3225 δύναμιν,
3289 3156 3744 3210 πολυπλασιασάν

2175 3246 2281 3283 των
2314 3248 2374 3284 τε
2403 3233 2499 3304 οὐχ
2523 3237 2743 3305 ὁμοίως,
2776 3238 2911 3293 ἀλλά
2961 3240 3219 3314 πλείστην
3250 3244 3493 3298 ἑκάστων
3522 3246 3756 3310 ἐνδειξα-

2179 3320 2352 3390 μένων
2381 3323 2438 3376 ὲν
2487 3326 2711 3393 ἀγαθοῖς
2763 3328 3043 3400 διαφοράν·
3072 3334 3120 3385 εί
3147 3333 3210 3405 δὴ
3238 3329 3319 3398 εἷς
3353 3336 3452 3406 μὲν
3497 3332 3566 3407 ἦν
3594 3340 3757 3391 πᾶσιν

2176 3411 2356 3475 αὐτοῖς
2389 3414 2417 3466 ό
2462 3416 2682 3486 σπόρος,
2715 3413 2791 3481 εἷς
2821 3420 2877 3472 δὲ
2909 3423 3001 3474 καὶ
3029 3425 3057 3475 ό
3079 3423 3238 3488 αὑτὸς
3266 3426 3519 3497 σπορεὺς,
3549 3428 3612 3480 οὑ
3650 3429 3757 3499 μὴν

2175 3502 2241 3554 τὰ
2270 3504 2328 3569 ἐξ
2354 3505 2670 3574 ἐπιμελείας
2702 3510 2802 3579 τῆς
2835 3512 3065 3567 ἑκάστου
3095 3516 3481 3587 προαιρέσεως,
3514 3519 3606 3571 ῖσα
3644 3521 3759 3582 τοῖς

2180 3593 2343 3645 πᾶσιν
2374 3595 2674 3667 ἐπορίζετο·
2735 3599 2814 3653 διὸ
2856 3601 2976 3654 οὑδὲ
3024 3604 3052 3655 ό
3100 3604 3201 3673 τῆς
3236 3605 3506 3675 γεωργίας
3546 3607 3758 3675 καρπὸς

2178 3682 2361 3751 ὅμοιος
2395 3686 2546 3758 παρά
2574 3692 2685 3754 τοῖς
2713 3693 2876 3745 πᾶσιν
2891 3688 2978 3763 ἦν·
3004 3693 3181 3747 ἀλλ’οξ
3212 3695 3308 3764 μὲν
3336 3697 3759 3766 τριακοντάχουν

2178 3771 2608 3849 ὲκαρποφόρουν,
2644 3783 2691 3834 οἱ
2727 3782 2785 3835 δὲ
2819 3784 2971 3855 παρά
3002 3784 3222 3849 τούτους
3262 3785 3671 3850 ὲδιπλασίαζον,
3712 3790 3758 3839 οξ

2177 3863 2235 3916 δὲ
2265 3866 2691 3937 ὑπερϐάλλοντες
2718 3876 2782 3944 τῇ
2805 3875 3086 3946 φιλοπονίᾳ
3112 3876 3500 3945 ἐκατοντάχουν
3520 3877 3611 3930 τὸν
3632 3896 3755 3950 καρ-

2182 3955 2282 4007 πὸν
2302 3958 2639 4015 ἀπεδίδοσαν.
2682 3965 2905 4018 Ἐκεῖνοι
2937 3968 3035 4038 μὲν
3064 3963 3154 4021 οὖν
3181 3968 3279 4021 οὑκ
3303 3967 3473 4031 ἄλλως
3493 3968 3593 4037 τῆς
3619 3972 3757 4021 κατὰ

2179 4047 2309 4101 Θεὸν
2345 4052 2620 4123 στέρονται
2641 4058 3016 4129 καρποφορίας
3049 4058 3080 4129 ἢ
3110 4059 3230 4113 καθ’
3252 4061 3347 4113 ἕνα
3375 4059 3481 4113 τῶν
3502 4060 3754 4131 λελεγμέ-

2177 4154 2283 4193 νων
2311 4143 2547 4212 τρόπων·
2577 4148 2698 4201 οἱδὲ
2734 4149 2989 4215 ἐναντίως
3014 4151 3244 4215 ἐκείνοις
3267 4153 3619 4224 διακείμενοι,
3657 4174 3754 4209 κα..

510 4212 650 4335 θαριξ
685 4213 828 4335 ψυχχῇ
851 4232 944 4335 και
981 4216 1551 4335 πρῖαιρέσεικγῖησίᾳ.
1568 4217 1659 4272 τὸν
1699 4220 1962 4331 ωτῂριον
2013 4222 2396 4335 ὖωξεξάμενοι
2454 4239 2672 4310 σπόρον,
2718 4242 2878 4296 πάλιν
2955 4212 3095 4297 κατὰ
3167 4212 3394 4317 δι’ναμιν
3430 4212 3529 4318 τῆς
3580 4212 3755 4302 αὑτῶν

507 4308 683 4380 ψυχῆς
714 4310 1209 4376 πολυπλασιάζουσι
1233 4313 1359 4377 τοὺς
1384 4313 1591 4367 ἑαυτῶν
1612 4315 1873 4385 καρπούς.

579 4404 802 4460 Etiamsi
849 4407 1220 4473 saecularibus,
1260 4408 1464 4481 inquit,
1542 4412 1755 4465 nonnisi
1790 4427 1886 4480 per
1920 4427 2075 4482 para-

2251 4417 2361 4489 (l5)
2387 4420 2452 4473 Εἰ
2476 4421 2569 4475 καὶ
2588 4422 2656 4475 τὰ
2675 4423 2928 4493 μάλιστα,
2961 4426 3114 4497 φησὶ,
3145 4430 3257 4491 τοῖς
3282 4428 3386 4493 ἔξω
3406 4430 3494 4483 διὰ
3515 4429 3753 4501 παραῦοο

510 4491 686 4546 bolam
722 4492 860 4547 facta
889 4495 1048 4549 verba
1081 4505 1227 4561 sunt,
1259 4505 1319 4549 ut
1346 4497 1586 4551 videntes
1616 4513 1720 4551 non
1749 4499 1996 4566 videant,
2022 4512 2078 4556 et

514 4583 792 4639 audientes
821 4599 927 4639 non
959 4586 1261 4655 intelligant
1300 4596 1518 4658 propter
1544 4604 1699 4643 suam
1730 4591 2076 4649 incredulita-

512 4684 617 4728 tem
640 4692 655 4739 ;
685 4675 1035 4731 nihilominus
1058 4680 1250 4747 cuique
1272 4680 1436 4749 digno
1463 4690 1603 4737 totus
1624 4698 1804 4740 sermo
1830 4686 1932 4741 erit
1952 4702 2073 4756 per-

513 4765 749 4834 spicuus.
780 4764 912 4820 Nam
944 4782 1042 4821 nec
1076 4768 1292 4823 lucerna
1340 4780 1402 4824 ut
1438 4785 1505 4826 ne
1536 4771 1710 4828 luceat
1746 4776 2070 4844 incenditur,

512 4872 683 4927 neque
742 4868 801 4913 ut
836 4859 938 4914 sub
974 4860 1147 4915 modio
1177 4861 1259 4915 vel
1295 4862 1435 4917 lecto
1460 4865 1727 4920 condatur
1748 4868 1792 4897 ⁶⁹
1812 4886 1825 4920 :
1848 4869 1920 4922 ita
1941 4869 2075 4925 nihil

512 4943 646 4998 adeo
667 4945 771 4999 erit
803 4946 1193 5011 absconditum,
1222 4958 1281 5002 ut
1310 4950 1437 5004 nulli
1482 4954 1703 5009 omnino
1748 4955 2069 5012 innotescat.

512 5035 602 5088 Sic
627 5036 791 5089 etiam
823 5038 1080 5091 caelorum
1126 5042 1275 5109 regni
1323 5043 1577 5112 mysteria
1620 5060 1715 5114 per
1761 5048 2068 5115 parabolam

512 5125 671 5191 dicta,
727 5129 825 5182 etsi
880 5128 1002 5183 ﬁdei
1043 5139 1331 5187 extraneos
1396 5133 1585 5202 latent,
1624 5152 1850 5207 quorum
1908 5141 2071 5197 etiam

510 5230 669 5269 causa
729 5217 963 5272 involute
1022 5229 1149 5275 sunt
1180 5222 1408 5290 prolata,
1447 5241 1555 5280 non
1604 5236 1783 5284 tamen
1832 5231 2071 5298 impene-

512 5305 756 5358 trabilem
798 5309 1046 5363 omnibus
1083 5324 1301 5364 sensum
1336 5313 1628 5370 habebunt.
1676 5318 1749 5371 Ita
1791 5334 1919 5390 ergo
1950 5331 2076 5376 sunt

511 5392 672 5457 dicta,
704 5404 761 5448 ut
784 5412 811 5449 a
835 5398 1008 5467 dignis
1031 5402 1398 5457 tantummodo
1426 5418 1842 5474 cognoscantur.
1875 5409 2074 5477 Quam-

510 5484 693 5537 obrem
719 5500 833 5553 vos,
861 5489 1102 5559 discipuli
1141 5492 1265 5556 mei,
1293 5502 1347 5546 et
1376 5496 1597 5552 cernitis
1621 5508 1674 5552 et
1702 5500 1900 5555 auditis
1928 5519 2077 5557 men-

510 5571 579 5624 tis
603 5571 774 5627 oculis
805 5585 963 5645 atque
992 5579 1214 5633 auribus
1246 5582 1543 5649 puriﬁcatis
1584 5601 1644 5640 ea
1679 5604 1799 5656 qua:
1832 5593 2076 5647 multitu-

572 5664 772 5724 “Luc.
799 5684 915 5736 vm,
941 5672 1025 5726 ll.
1102 5674 1146 5705 "
1185 5675 1374 5731 Matth.
1408 5681 1633 5745 “11,23.
1713 5684 1756 5715 '°
1797 5682 2168 5758 Luc.vm,16.

2152 5786 2263 5857 (l5)
2290 5786 2514 5846 Cod.‘A.
2546 5791 2582 5847 ι.
2621 5793 2741 5865 m,
2772 5796 2825 5854 b.
2859 5797 2988 5856 Cod.
3030 5798 3091 5855 L.
3124 5799 3160 5856 r.
3194 5802 3279 5857 l8.

579 5759 691 5831 (te)
722 5762 849 5822 Cod.
888 5766 951 5821 A.
987 5766 1023 5822 r.
1058 5767 1337 5827 124.Cud.
1372 5773 1431 5829 L.
1473 5777 1507 5830 ι.
1546 5777 1629 5830 ιο.
1672 5780 1725 5835 6.

2182 4507 2278 4578 λῆς
2313 4509 2526 4580 εἴρηται
2547 4513 2615 4565 τά
2649 4513 2937 4586 λεγόμενα,
2957 4518 3045 4571 ἵνα
3078 4518 3365 4588 βλέποντες
3392 4520 3465 4591 μὴ
3494 4520 3751 4592 βλέπωσι,

2184 4598 2278 4651 καὶ
2310 4599 2599 4665 ἀκούοντες
2635 4605 2708 4674 μὴ
2762 4606 2983 4659 συνιῶσι
3025 4607 3112 4661 διὰ
3136 4608 3234 4679 τὴν
3269 4610 3527 4663 ἀπιστίαν
3553 4613 3751 4677 αὑτῶν,

2180 4688 2314 4741 ἀλλὰ
2343 4694 2458 4753 τοῖς
2488 4708 2552 4760 γε
2578 4693 2748 4759 ἀξίοις
2781 4699 2955 4767 σαφὴς
2978 4698 3127 4752 ἔσται
3152 4702 3258 4763 πᾶς
3281 4700 3456 4770 λόγος.
3484 4702 3621 4756 Οὔτε
3650 4705 3751 4773 γὰρ

2179 4777 2367 4847 λύχνος
2405 4780 2497 4832 ἐπὶ
2527 4781 2605 4851 τῷ
2651 4786 2723 4855 μὴ
2766 4787 2977 4853 φαίνειν
3024 4788 3341 4854 ἐξάπτεται,
3387 4791 3493 4845 οὐδ’
3548 4793 3643 4844 ἐπὶ
3679 4794 3750 4863 τῷ

2180 4869 2547 4926 καλύπτεσθαι
2586 4875 2689 4927 ὑπὸ
2718 4878 2896 4945 μόδιον
2941 4879 2974 4949 ἢ
3032 4880 3239 4951 κλίνην·
3286 4881 3468 4935 οὐκέτι
3516 4885 3750 4954 κρυπτὸν

2179 4961 2333 5016 ἔσται
2356 4965 2528 5036 πάντη
2547 4965 2829 5031 λανθάνον,
2863 4970 2939 5033 ὡς
2973 4971 3045 5042 μή
3079 4989 3191 5024 τισι
3223 4972 3353 5041 γοῦν
3372 4974 3749 5044 γνωρίζεσθαι·

2176 5050 2348 5115 οὕτως
2397 5056 2491 5107 καὶ
2539 5055 2610 5108 τά
2641 5057 2738 5128 τῆς
2770 5058 3045 5128 βασιλείας
3074 5062 3182 5116 τῶν
3213 5064 3453 5134 οὐρανῶν
3482 5067 3749 5137 μυστήρια

2177 5143 2265 5197 διά
2290 5147 2604 5219 παραδολῆς
2627 5149 2911 5221 λεγόμενα,
2940 5154 2987 5206 εί
3017 5155 3111 5207 καὶ
3134 5157 3260 5218 τοὺς
3275 5156 3380 5223 ἔξω
3394 5159 3492 5229 τῆς
3521 5159 3751 5221 πίστεως

2178 5235 2455 5304 λανθάνει,
2479 5239 2545 5292 δι’
2578 5240 2672 5303 οὒς
2696 5244 2789 5295 καί
2813 5244 3338 5317 ἐπικεκαλυμμένως
3370 5248 3607 5320 εἴρηται,
3640 5250 3750 5304 ἀλλ’

2171 5327 2232 5379 οὑ
2269 5331 2380 5391 τοῖς
2414 5331 2577 5383 πᾶσιν
2604 5332 2913 5403 ἀπόρρητον
2940 5337 3177 5408 περιέξει
3208 5338 3297 5391 τὸν
3335 5339 3478 5393 νοῦν·
3507 5341 3749 5395 λέλεκται

2170 5418 2302 5485 γοῦν
2331 5420 2406 5483 ὡς
2455 5421 2520 5474 ἂν
2569 5424 2751 5493 μόνοις
2804 5429 2916 5490 τοῖς
2958 5427 3131 5495 ἀξίοις
3176 5429 3510 5503 γνωρίζοιτο.
3555 5434 3748 5506 Διόπερ

2174 5510 2355 5580 ὑμεῖς,
2376 5515 2423 5566 oi
2445 5515 2569 5584 ἐμοὶ
2591 5516 2849 5588 μαθηταὶ,
2882 5523 2974 5576 καὶ
2997 5521 3219 5591 βλέπετε
3246 5527 3339 5579 καὶ
3374 5527 3601 5581 ἀκούετε
3637 5530 3747 5584 δια-

2172 5602 2316 5665 νοίας
2346 5603 2641 5677 ὀφθαλμοῖς
2676 5612 2770 5664 καὶ
2813 5613 2915 5666 ὠσὶ
2949 5616 3379 5690 κεκαθαρμένοις
3413 5621 3480 5675 τά
3517 5622 3594 5693 μὴ
3635 5624 3745 5684 τοῖς
