4008 6576
319 401 417 455 831
1687 392 1773 447 DE
1809 389 2278 448 THEOPHANIA.
3457 384 3564 441 683

319 518 451 572 πᾶσι
482 513 822 586 καταληπτά’
860 514 987 587 ὑμῖν
1026 514 1133 586 γὰρ
1158 517 1271 579 τοῖς
1314 512 1494 586 ἔχουσι
1525 514 1623 587 τὴν
1682 517 1759 579 εἰς
1791 515 1890 586 ἐμὲ

2016 513 2105 568 lini
2158 510 2508 582 intelligibilia
2544 525 2649 565 non
2675 518 2818 567 sunt.
2854 507 3019 567 Vobis
3062 506 3230 572 enim,
3267 506 3358 578 qui
3388 506 3442 562 itt
3478 523 3566 563 me

319 610 495 663 πίστιν
532 609 626 661 καὶ
654 609 687 677 ἠ
709 608 817 661 τῶν
837 608 1163 679 ἀπορρήτων
1201 604 1632 677 προστεθήσεται
1663 604 1884 675 γνῶσις

2016 604 2237 666 :reditis,
2288 617 2609 657 arcanorum
2670 618 2885 673 quoque
2938 600 3223 671 adiicietur
3266 600 3479 655 notitia.
3529 600 3566 656 li

317 704 425 761 τοῖς
451 700 507 754 δέ
545 699 619 772 μὴ
642 699 821 752 πίστιν
840 698 1050 769 ἔχουσιν
1082 697 1365 768 εἰλικρινῆ,
1403 697 1891 768 προσποιουμένοις

2016 703 2171 746 ιιιιειη
2227 692 2317 762 qui
2369 707 2556 761 puram
2611 691 2771 746 (idem
2826 708 2931 747 non
2980 691 3206 756 habent,
3250 690 3345 746 sed
3400 692 3568 745 simu-

318 793 369 848 δὲ
397 792 561 863 ἔχειν,
621 791 756 863 πρὸς
785 790 845 844 τὸ
878 791 1042 863 μηδὲν
1099 790 1261 843 πλέον
1307 791 1373 843 ἐκ
1410 789 1518 842 τῶν
1567 789 1892 862 παραϐολῶν

2016 793 2125 850 ant,
2149 793 2505 854 praeterquam
2531 785 2672 855 quod
2700 785 2834 840 nihil
2864 785 2929 839 de
2948 783 3222 853 parabolis
3250 782 3569 854 intelligent,

322 882 695 953 γινώσκεσθαι,
716 881 807 935 καὶ
836 882 1091 955 στέρησις
1108 880 1261 936 ἔσται
1275 882 1368 936 τοῦ
1402 880 1687 945 δοκοῦντος
1709 881 1893 945 αὐτοῖς

2016 892 2058 932 to
2086 878 2247 932 etiam
2284 876 2659 947 spoliabuntur
2705 880 2846 948 quod
2883 876 3135 931 videnlur
3180 875 3403 944 habere,
3447 890 3569 932 cum

317 974 599 1046 ὑπάρχειν,
639 972 989 1045 ἐλεγχθείσης
1022 974 1202 1028 αὐτῶν
1251 976 1309 1030 ἐν
1349 973 1527 1046 καιρῷ
1577 973 1678 1045 τῆς
1728 990 1895 1045 προσ-

316 1066 539 1136 ποιήτου
574 1064 829 1127 πίστεως.

402 1156 463 1208 '0
496 1154 606 1227 γὰρ
663 1155 855 1226 χρόνος
913 1154 1128 1209 πάντων
1180 1154 1417 1225 ἔλεγχος·
1475 1155 1580 1209 κᾶν
1633 1151 1727 1209 οὖν
1759 1155 1897 1228 πρὸς

316 1246 553 1320 ὀλίγονὴ
584 1248 706 1301 καθ’
745 1248 899 1319 ὑμῶν
935 1248 1126 1321 ἰσχύσῃ
1163 1248 1384 1322 διαϐολὴ
1422 1248 1516 1302 καὶ
1542 1248 1895 1319 συκοφαντία,

316 1342 429 1396 ἀλλ’
484 1340 656 1395 ἐπιὼν
703 1342 732 1394 6
773 1341 981 1412 μακρὸς
1016 1343 1226 1414 χρόνος,
1263 1343 1357 1396 καὶ
1401 1341 1779 1413 διαλάμπουσα
1829 1341 1898 1395 δι’

317 1434 468 1506 ὑμῶν
487 1436 651 1489 πᾶσιν
668 1433 975 1505 ἀνθρώποις
992 1434 1432 1506 καταϐαλλομένη
1443 1435 1558 1488 διδα
1566 1433 1809 1504 σκαλία(1
1824 1432 1896 1504 Δ),

316 1528 381 1580 τὰ
436 1527 535 1580 νῦν
597 1527 735 1591 τέως
783 1527 1115 1582 λανθάνοντα
1148 1529 1274 1592 τοὺς
1340 1527 1567 1588 πολλοὺς
1622 1524 1899 1597 ἐκλάμψαι

316 1608 551 1693 ποιήσει,
585 1619 681 1673 καλ⁸
707 1619 834 1678 τοὺς
892 1619 1236 1689 συκοφάντας
1268 1619 1495 1689 ἐλέγξει.
1544 1618 1779 1672 Βλέπετε
1807 1613 1901 1671 οὖν

315 1712 432 1776 πῶς
466 1712 716 1766 ἀκούετε’
748 1713 776 1766 ὀ
798 1712 938 1783 ἔχων
980 1713 1089 1785 γὰρ
1116 1710 1413 1765 σπουδαίαν
1447 1711 1765 1783 προαίρεσιν
1806 1709 1901 1782 λή-

316 1806 472 1875 ψεται
506 1804 824 1876 Πνεύματος
854 1804 1014 1877 χάριν
1046 1805 1140 1857 καὶ
1169 1804 1359 1874 σοφίας
1391 1804 1484 1857 καὶ
1504 1803 1779 1873 γνώσεως,
1808 1803 1901 1857 καὶ

1996 971 2209 1027 illorum
2240 971 2364 1027 ﬁcta
2393 970 2527 1027 ﬁdes
2564 971 2761 1026 idoneo
2790 977 3031 1040 tempore
3060 980 3405 1040 coarguetur.

2068 1159 2112 1192 ⁸¹
2144 1156 2278 1213 Nam
2326 1165 2537 1228 tempus
2565 1167 2759 1214 cuncta
2816 1156 3089 1227 coarguit.
3137 1155 3361 1211 Etiamsi
3407 1154 3572 1225 igitur

1999 1251 2263 1314 tantisper
2293 1248 2601 1305 criminatio
2619 1246 2703 1303 vel
2730 1247 3002 1304 calumnia
3031 1248 3292 1303 adversus
3314 1261 3410 1303 vos
3436 1247 3573 1303 forte

2000 1342 2349 1413 praevaleat;
2410 1350 2466 1395 at
2524 1341 2863 1410 subsequens
2931 1340 3197 1412 prolixum
3261 1350 3470 1409 tempus
3521 1332 3574 1395 et

2000 1436 2276 1505 Splendida
2307 1451 2402 1507 per
2436 1450 2531 1490 vos
2559 1436 2770 1489 cunctis
2821 1434 3129 1488 hominibus
3172 1433 3444 1504 impertita
3479 1434 3575 1488 do-

2002 1528 2202 1593 ctrina,
2231 1542 2293 1582 ea
2322 1543 2442 1597 qua:
2494 1543 2638 1583 nunc
2665 1526 2863 1582 multos
2913 1526 3103 1593 latent,
3164 1526 3475 1583 illucescere
3503 1525 3577 1580 fa-

2002 1620 2129 1686 ciet,
2187 1628 2244 1675 et
2302 1619 2724 1674 calumniatores
2785 1619 3095 1689 redarguet.
3153 1619 3579 1674 Animadvertite

2005 1714 2171 1784 igitur
2209 1712 2483 1782 quomodo
2542 1711 2794 1768 audiatis.
2862 1709 2995 1764 Nam
3043 1711 3133 1780 qui
3182 1710 3347 1766 habet
3378 1710 3578 1765 bonum

2007 1804 2363 1875 propositum,
2407 1803 2634 1872 accipiet
2679 1801 2913 1872 Spiritus
2941 1801 3171 1871 gratiam
3205 1810 3261 1856 et
3295 1801 3573 1872 sapientia:

315 1870 472 1964 ἀξίαν
499 1898 609 1951 τῶν
638 1870 817 1951 πόνων
981 1870 1355 1969 ἀμοιϐήνονκα)⁸
1387 1896 1445 1961 ὃς
1470 1870 1537 1951 ἂν
1555 1895 1631 1968 μὴ
1661 1897 1779 1968 ἔχῃ,
1810 1897 1905 1950 καὶ

2016 1911 2073 1951 ac
2123 1896 2389 1962 scientiae,
2442 1897 2772 1967 dignamque
2834 1894 3079 1950 laborum
3136 1896 3484 1950 mercedem:
3529 1895 3581 1950 ei

315 1989 341 2042 6
369 1990 522 2043 δοκεῖ
541 1990 707 2061 ἔχειν,
730 1989 1028 2063 ἀρθήσεται
1052 1991 1144 2043 ἀπ’
1162 1990 1348 2044 αὑτοῦ·
1372 1990 1440 2043 τὰ
1466 1992 1572 2063 γὰρ
1596 1993 1660 2044 ἐκ
1692 1990 1905 2058 φύσεως

314 2081 447 2151 ἡμῖν
478 2080 690 2143 ἐνόντα,
717 2081 749 2151 ἢ
784 2080 872 2134 διὰ
898 2080 1119 2152 χάριτος
1146 2080 1386 2145 δοθέντα,
1419 2081 1514 2134 ἐὰν
1553 2082 1627 2153 μὴ
1658 2081 1745 2134 διὰ
1777 2099 1905 2135 συν-

315 2173 475 2243 εχοῦς
507 2174 781 2245 προσοχῆς
811 2175 905 2227 καὶ
953 2173 1191 2245 σπουδῆς
1233 2175 1520 2242 φιλοπόνου
1559 2173 1903 2246 φυλάξωμεν,

316 2267 495 2322 ταῦτα
537 2266 1023 2339 ζημιωθησόμεθα,
1056 2267 1115 2319 ού
1149 2266 1309 2338 μόνον
1346 2268 1512 2339 μηδὲν
1549 2267 1905 2339 προσλαμϐά-

314 2378 522 2425 νοντες,
567 2361 700 2414 ἀλλά
744 2360 1222 2434 προσαπολλύντες
1256 2363 1347 2416 καὶ
1388 2361 1423 2417 ἃ
1452 2362 1595 2433 ἔχειν
1622 2362 1902 2433 ἐδόξαμεν

314 2456 406 2508 καὶ
434 2452 505 2507 αὖ
534 2454 595 2518 ὃς
612 2452 799 2523 ἕχειτὸ
824 2452 979 2521 φύσει
1010 2454 1234 2524 εύήκοον
1268 2454 1404 2526 πρὸς
1425 2454 1514 2507 τὸν
1540 2452 1716 2521 λόγον,
1733 2452 1908 2523 τούτῳ

315 2548 409 2600 καὶ
435 2549 466 2600 6
487 2547 645 2615 λόγος
670 2544 938 2616 ἀληθινῶς
957 2545 1179 2607 δίδοται,
1214 2548 1306 2599 καὶ
1338 2546 1690 2617 προσγίνεται
1722 2549 1789 2616 τῇ
1817 2562 1909 2613 φυ-

316 2642 442 2710 σικῇ
485 2639 695 2692 συνέσει
734 2638 795 2690 τὸ
840 2638 903 2690 ἐκ
938 2636 1084 2700 θείας
1113 2638 1429 2709 ἀκροάσεως
1480 2637 1661 2708 σοφόν.
1711 2640 1806 2700 Ὃς
1850 2635 1907 2688 δὲ

313 2733 414 2784 οὐκ
443 2732 562 2802 ἔχει
587 2732 647 2784 τὸ
691 2730 780 2784 διὰ
818 2732 917 2801 τῆς
973 2730 1031 2797 ἐξ
1058 2731 1233 2801 ἀρχῆς
1259 2731 1621 2802 δημιουργίας
1667 2729 1909 2802 ὑπάρχον

313 2824 469 2895 αὐτῷ
506 2822 644 2876 σῶον
686 2821 1104 2893 φυλαττόμενον,
1141 2821 1270 2884 ἴσως
1318 2821 1377 2873 τὸ
1409 2821 1541 2892 μηδὲ
1574 2820 1698 2873 νοῦν
1734 2820 1909 2893 ἔχοντι

315 2917 667 2979 καθίσταται,
693 2913 1063 2986 φρενοϐλαϐὴς
1089 2913 1194 2967 ὑπὸ
1219 2913 1314 2966 τοῦ
1340 2913 1579 2985 πονηροῦ
1598 2914 1906 2984 γενόμενος’

315 3008 576 3076 καθάπερ
612 3008 705 3059 καὶ
734 3008 762 3058 6
803 3008 929 3070 τοὺς
957 3005 1268 3077 ὀφθαλμοὺς
1297 3005 1453 3076 ἔχων,
1495 3008 1544 3059 εί
1589 3007 1664 3078 μὴ
1699 3008 1908 3077 βλέποι,

317 3098 435 3163 ῐσος
490 3096 570 3169 τῷ
619 3098 805 3169 τυφλῷ
836 3099 1147 3170 γεγένηταν
1192 3099 1285 3152 καὶ
1341 3100 1475 3169 φαίη
1528 3116 1611 3163 τις
1642 3100 1708 3154 ἂν
1750 3102 1910 3156 αὑτὸν

2006 2003 2136 2042 vero
2162 1990 2253 2059 qui
2286 2004 2392 2042 non
2421 1989 2608 2053 habet,
2638 1987 2801 2043 etiam
2833 1990 2884 2042 id
2914 1988 3056 2057 quod
3110 1987 3321 2042 videtur
3354 1988 3579 2048 habere.

2006 2081 2306 2136 auferetur.
2340 2081 2554 2136 Etenim
2580 2097 2701 2151 qua:
2734 2082 3054 2137 naturaliter
3081 2082 3237 2138 nobis
3266 2082 3471 2146 insunt,
3499 2081 3583 2137 vel

2008 2173 2178 2244 gratis
2214 2175 2336 2227 data
2362 2181 2512 2237 sunt,
2548 2175 2649 2229 nisi
2687 2174 2985 2229 continenti
3015 2175 3338 2241 attentione,
3370 2174 3582 2230 studio-

2007 2280 2113 2335 que
2142 2266 2410 2321 industrio
2457 2266 3211 2333 custodiamus,amittemus,
3270 2282 3375 2321 non
3420 2271 3581 2321 modo

2012 2355 2146 2411 nihil
2180 2356 2403 2426 insuper
2430 2355 2781 2425 accipientes,
2830 2372 3017 2411 verum
3049 2357 3212 2410 etiam
3247 2371 3436 2413 eorum
3462 2373 3584 2427 quze

2014 2444 2218 2500 habere
2279 2446 2628 2515 putabamus,
2682 2447 3065 2501 detrimentum
3109 2447 3395 2516 patientes.
3442 2448 3585 2503 Sane

2009 2535 2101 2603 qui
2136 2536 2203 2589 ad
2239 2535 2549 2614 doctrinam
2586 2538 2913 2591 audiendam
2954 2538 3136 2594 alacer
3168 2549 3275 2602 est,
3330 2539 3455 2594 huic
3499 2554 3586 2594 re—

2010 2639 2139 2695 apse
2169 2626 2416 2680 doctrina
2447 2627 2698 2692 traditur,
2727 2639 2784 2683 et
2824 2628 2969 2683 illius
3003 2630 3237 2684 naturali
3275 2631 3585 2700 intelligen-

2013 2719 2100 2773 tia:
2144 2719 2356 2774 accedit
2388 2719 2584 2774 divina:
2623 2719 2873 2775 lectionis
2916 2722 3207 2791 sapientia.
3253 2722 3355 2789 Qui
3405 2733 3586 2777 autem

2006 2810 2120 2880 jam
2154 2811 2279 2865 inde
2318 2826 2348 2865 a
2392 2811 2648 2881 primaeva
2686 2813 2963 2867 creatione
2988 2813 3169 2867 datam
3216 2814 3449 2871 indolem
3482 2830 3589 2871 non

2014 2902 2178 2956 habet
2226 2901 2575 2969 incolumem,
2631 2903 2719 2957 hic
2766 2918 2865 2972 par
2921 2916 3104 2959 mente
3167 2907 3372 2961 carenti
3408 2916 3513 2970 est,
3556 2922 3586 2959 a

2014 2994 2153 3049 malo
2213 2996 2459 3050 daemone
2515 3010 2707 3051 vecors
2771 2995 3020 3052 eﬂ‘ectus.
3081 2997 3233 3053 Sicut
3269 3010 3325 3053 et
3374 2998 3462 3053 ille
3498 3000 3589 3067 qui

2015 3088 2202 3143 oculos
2235 3089 2443 3144 habens
2466 3090 2598 3143 nihil
2636 3101 2814 3145 tamen
2855 3091 3023 3158 videt,
3055 3107 3151 3161 par
3174 3108 3319 3147 caeco
3347 3102 3455 3158 est,
3484 3109 3592 3148 me-

316 3191 640 3268 ἀφῃρῆσθαι
677 3191 783 3245 τῶν
813 3191 1123 3265 ὀφθαλμῶν·
1180 3193 1353 3259 οὕτως
1384 3196 1434 3247 oi.
1467 3194 1649 3249 πολλοὶ
1678 3196 1743 3250 δι’
1786 3198 1910 3249 ἐαυ-

2018 3180 2230 3248 ritoque
2262 3180 2472 3235 dicetur
2520 3181 2692 3237 oculis
2746 3183 2992 3239 orbatus.
3033 3183 3125 3239 Sic
3151 3184 3407 3239 nimirum
3439 3187 3592 3242 multi

316 3289 444 3349 τοὺς
464 3285 602 3357 πρὸς
631 3285 722 3338 τὸν
736 3284 891 3353 λόγον
913 3285 1183 3340 ἀσύνετοι·
1204 3288 1283 3341 ὅτι
1302 3287 1421 3341 οὐδὲ
1444 3291 1542 3362 τὴν
1564 3290 1734 3362 ἀρχὴν
1752 3307 1911 3363 προσο

316 3381 542 3453 ἔχοντες
601 3378 931 3444 ἀκούουσιν,
983 3378 1097 3433 ἀλλ’
1165 3381 1482 3453 ἀπέρριψαν
1512 3383 1769 3455 ίάμελείᾳ
1826 3384 1917 3439 τὸν

324 3470 511 3540 λόγον.

1007 3588 1072 3639 K'
1105 3587 1237 3658 (ιδ).

402 3698 751 3770 ’Υπογράφει
780 3715 845 3767 γε
876 3697 980 3770 μὴν
1010 3697 1246 3754 ἐνταῦθα
1280 3698 1488 3771 σπορέα
1520 3698 1716 3754 ἑαυτὸν
1744 3699 1772 3751 6
1802 3698 1916 3752 Κύ-

319 3811 462 3869 ριος,
490 3793 667 3863 κῆπον
693 3794 749 3847 δὲ
770 3793 1024 3864 ὀνομάζει
1056 3793 1146 3846 τὸν
1164 3793 1367 3865 κόσμον
1390 3792 1519 3863 (Ιϐ).
1540 3793 1916 3863 Αίνιττόμενος

319 3885 375 3938 δὲ
420 3885 526 3956 τὴν
560 3886 616 3938 ἐν
662 3884 739 3956 τῷ
772 3885 961 3957 σπόρῳ
1006 3885 1236 3955 δύναμιν
1270 3884 1431 3938 ὀποία
1474 3902 1558 3949 τις
1588 3885 1695 3957 εἴη,
1731 3886 1917 3957 κόκκῳ

320 3966 601 4041 σινάπεως
646 3977 807 4031 αὑτὸν
845 3977 1204 4048 παραϐάλλει,
1235 3960 1432 4042 ὅςτῶν
1461 3979 1589 4050 παρ’
1608 3977 1916 4050 ἀνθρώποις

321 4072 523 4139 λόγων,
554 4069 879 4141 Ἑλληνικῶν
898 4089 958 4125 τε
992 4073 1084 4125 καὶ
1115 4070 1483 4143 βαρϐαρικῶν,
1512 4072 1619 4126 τῶν
1643 4071 1706 4144 δὴ
1726 4073 1917 4141 σοφίαν

322 4163 448 4216 τινὰ
475 4162 571 4216 τοῦ
627 4163 821 4228 αἰῶνος
844 4163 1033 4217 τούτου
1070 4165 1500 4236 προϊσχομένων,
1556 4166 1920 4236 σμικρότατος

323 4255 468 4310 εἶναι
506 4255 655 4309 δοκεί
682 4257 777 4309 καὶ
809 4257 1214 4319 εὐτελέστατος,
1243 4256 1471 4327 δύναμιν
1497 4273 1559 4325 γε
1597 4257 1703 4327 μὴν
1726 4256 1788 4309 ού
1821 4255 1919 4327 τὴν

323 4348 598 4419 τυχοῦσαν
631 4350 687 4402 ἐν
738 4349 915 4420 ἐαυτῷ
948 4350 1121 4420 φέρει.
1154 4350 1264 4403 Καὶ
1304 4349 1454 4402 ἐστιν
1493 4351 1521 4402 6
1561 4349 1724 4411 αὐτὸς
1775 4351 1921 4413 σῖτος

326 4443 453 4513 μὲν,
499 4441 623 4495 καθ’
653 4440 684 4494 ὃ
728 4441 917 4513 ψυχῶν
954 4442 1218 4515 τρόφιμός
1250 4443 1387 4506 ἐστι,
1423 4442 1515 4497 καὶ
1547 4441 1754 4513 τροφῆς
1820 4442 1920 4513 τῆς

2016 3271 2231 3339 propria
2268 3271 2423 3340 culpa
2460 3271 2685 3327 hebetes
2713 3274 2779 3327 ad
2810 3275 3115 3330 doctrinam
3144 3287 3293 3342 sunt,
3318 3277 3443 3346 quia
3480 3276 3592 3345 jam

2015 3360 2138 3415 inde.
2161 3363 2228 3417 ab
2261 3363 2415 3419 initio
2440 3364 2628 3420 audire
2672 3365 2820 3421 illam
2853 3376 3171 3437 reuuerunt,
3203 3369 3298 3425 sed
3327 3369 3597 3425 socordia

2014 3470 2109 3510 Sua
2134 3455 2470 3525 abjccerunt.

2753 3595 2874 3654 XX.

2096 3706 2235 3765 Dicit
2284 3725 2343 3767 se
2391 3711 2495 3768 hoc
2520 3712 2772 3772 loco“.‘"
2791 3713 3051 3770 Dominus
3098 3724 3356 3781 satorem,
3407 3728 3595 3784 agrum

2022 3810 2204 3855 autem
2242 3812 2509 3857 terrarum
2544 3805 2754 3860 orbem.
2810 3803 2883 3860 Ut
2929 3814 3111 3861 autem
3157 3816 3359 3877 quanta
3406 3803 3598 3858 semini

2021 3895 2103 3947 vis
2134 3895 2204 3948 sit
2233 3894 2395 3949 insita
2426 3895 2639 3961 innuat,
2674 3911 2843 3967 grano
2879 3897 3084 3967 sinapis
3121 3896 3250 3951 illud
3283 3902 3598 3965 comparat:

2019 3988 2163 4057 quod
2187 3989 2422 4058 quidem,
2446 3991 2591 4043 inter
2611 3989 2889 4043 hominum
2917 3990 3217 4052 doctrinas.
3246 3988 3359 4043 sive
3382 3986 3601 4041 Graecas

2020 4082 2135 4135 sive
2171 4082 2512 4145 barbaricas,
2539 4092 2806 4150 quotquot
2838 4080 3159 4152 sapientiam
3181 4080 3418 4150 aliquam
3441 4077 3601 4147 hujus

2022 4173 2205 4227 smculi
2241 4188 2352 4242 pne
2390 4160 2449 4227 se
2480 4172 2685 4239 ferunt,
2724 4173 3012 4227 minimum
3049 4185 3171 4227 esse
3202 4172 3415 4226 videtur
3441 4180 3602 4242 atque

2026 4266 2374 4331 vilissimum,
2408 4282 2582 4336 neque
2609 4278 2787 4322 tamen
2826 4265 3109 4337 vulgarem
3146 4267 3403 4319 virtutem
3431 4266 3602 4319 conti-

2024 4366 2137 4411 net.
2186 4355 2282 4410 Est
2329 4366 2511 4412 autem
2556 4357 2645 4413 illa
2685 4357 2956 4425 doctrina,
2995 4356 3326 4410 frumentum
3383 4355 3602 4425 quidem

2024 4458 2294 4520 quatenus
2323 4450 2628 4505 animarum
2664 4450 2847 4505 nutrix
2876 4457 2979 4512 est,
3027 4459 3083 4504 et
3119 4448 3393 4503 alimonia:
3427 4464 3459 4503 a
3495 4434 3606 4502 Deo

326 4535 483 4607 παρά
540 4534 620 4607 τῷ
674 4537 794 4609 Θεῷ
848 4535 1197 4606 παρεκτικός’
1257 4534 1454 4598 κόκκος
1509 4534 1565 4587 δὲ
1623 4536 1910 4599 σινάπεως,

2026 4543 2168 4596 datae
2200 4542 2487 4606 ministra;
2514 4558 2741 4613 granum
2776 4558 2908 4598 vero
2951 4542 3176 4613 sinapis,
3211 4552 3482 4612 quatenus
3513 4556 3602 4596 se—

327 4627 453 4681 καθ’
495 4627 524 4680 6
554 4627 886 4700 βραχύτατος
950 4625 1047 4697 μὲν
1101 4625 1355 4679 ἁπάντων
1409 4622 1518 4677 τῶν
1562 4623 1911 4695 σπερμάτωνο

328 4723 451 4776 ούδὲ
509 4722 618 4795 γάρ
676 4724 823 4775 ἐστιν
877 4721 1004 4775 ἄλλο
1048 4720 1159 4773 τῶν
1210 4719 1304 4772 ἐπὶ⁵
1361 4719 1465 4789 γῆς
1507 4714 1915 4786 καταϐαλλομέο

328 4834 438 4870 νων
476 4815 808 4888 σπερμάτων
845 4814 1033 4868 τούτου
1062 4815 1128 4884 τῇ
1168 4811 1490 4886 σμικρότητι
1533 4807 1919 4882 συγκρίνεσθαι

329 4905 648 4977 δυνάμενον,
681 4904 768 4959 διὰ
795 4905 858 4959 τὸ
889 4904 1097 4975 κέντρῳ
1123 4903 1375 4962 ἐοικέναι.
1399 4902 1493 4955 καὶ
1519 4900 1701 4972 σχεδὸν
1731 4900 1919 4971 ἀτόμῳ

330 4997 426 5052 καὶ
454 4999 654 5069 ἀμερεῖ
698 4996 932 5069 σώματι⁹
979 4998 1129 5068 ὅμως
1177 4996 1234 5049 δὲ
1266 4997 1346 5060 είς
1394 4995 1647 5049 τοσοῦτον
1692 4995 1920 5067 μέγεθος

331 5091 660 5157 ἐπιδίδωσιν,
693 5092 769 5155 ὡς
822 5092 930 5144 πᾶν
970 5090 1031 5143 τὸ
1060 5089 1168 5143 τῶν
1196 5089 1441 5159 λαχάνων
1471 5087 1708 5159 καλύψαι
1738 5088 1914 5155 γένος.

335 5182 403 5236 ⁸0
422 5183 487 5254 δὴ
517 5184 609 5236 καὶ
637 5183 769 5237 αὐτὸ
792 5182 1017 5237 ἔκϐασιν
1042 5182 1223 5253 ἔργοις
1238 5183 1420 5245 αὐτοῖς
1443 5181 1731 5253 σύμφωνον
1748 5181 1917 5247 ἔδειξε

336 5279 452 5340 ταῖς
502 5279 887 5349 προρρήσεσιν·
940 5276 1135 5330 αὐτίκα
1165 5274 1295 5345 γοῦν
1328 5274 1629 5346 ὀφθαλμοῖς
1682 5275 1918 5346 πάρεστι

334 5370 805 5442 παραλαμϐάνειν,
834 5370 911 5434 ὡς
942 5372 971 5424 6
1004 5370 1203 5433 σπόρος
1228 5372 1257 5422 6
1284 5366 1657 5439 εύαγγελικδς,
1702 5366 1921 5439 σπειρό-

355 5510 423 5545 ιι.
443 5512 488 5543 u
523 5507 719 5563 Μαιιιι.
753 5520 876 5569 χιιι,
905 5503 969 5558 51
998 5500 1172 5567 ;Luc.
1202 5516 1322 5568 xm,
1353 5501 1441 5558 l9.

406 5635 520 5704 (14)
547 5637 879 5717 Eongrunnt
912 5637 1029 5693 haec
1082 5637 1226 5695 belle
1267 5654 1390 5695 cum
1430 5639 1774 5712 Tneopltania
1810 5643 1916 5717 Sy-

339 5708 510 5767 riaca,
547 5708 638 5762 lib.
671 5726 743 5771 tv,
782 5710 871 5762 51.

411 5778 531 5853 (ιδ)
568 5780 786 5853 Grande
835 5783 937 5853 hoc
990 5777 1380 5853 fragmentum,
1432 5797 1604 5853 usque
1651 5782 1717 5837 ad
1745 5783 1910 5841 verba

339 5846 754 5920 ὑποδεξαμένων
806 5849 990 5912 αὐτόν,
1043 5846 1388 5919 pérspicuunt
1435 5846 1574 5923 gerit
1606 5854 1821 5912 titulum
1858 5857 1910 5915 in

666 5942 940 6005 Panos.
982 5944 1100 6008 (in.
1147 5945 1382 6009 XXIV.

2030 4634 2236 4688 mitium
2267 4635 2510 4690 omnium
2541 4646 2627 4691 est
2663 4636 3063 4692 tenuissimum.
3122 4635 3309 4703 Neque
3336 4635 3484 4690 enim
3524 4641 3607 4688 est

2024 4729 2174 4784 aliud
2206 4746 2273 4785 ex
2300 4731 2387 4786 his
2413 4746 2537 4800 qure
2584 4732 2636 4785 in
2702 4740 2907 4787 terram
2964 4731 3327 4802 projiciuntur
3378 4731 3605 4788 semini-

2028 4823 2151 4889 bus,
2194 4823 2357 4892 hujus
2397 4824 2651 4894 parvitati
2703 4825 3154 4894 comparandum,
3207 4827 3361 4880 ita‘ut
3403 4832 3605 4895 puncto

2028 4914 2208 4972 simile
2238 4917 2329 4983 sit,
2360 4925 2416 4972 et
2448 4916 2590 4972 velut
2624 4928 2807 4973 atomo
2838 4928 2894 4972 et
2922 4919 3042 4973 sine
3074 4919 3321 4989 partibus
3348 4918 3606 4987 corpori;

2028 5015 2084 5062 et
2139 5016 2317 5061 tamen
2375 5008 2429 5062 in
2478 5018 2682 5064 tantam
2721 5012 2998 5065 excrescit
3044 5009 3496 5080 magnitudinem,
3551 5019 3607 5062 ut

2023 5112 2188 5153 omne
2226 5097 2434 5154 olerum
2459 5116 2631 5171 genus
2664 5110 2907 5172 superet.
2940 5100 3093 5167 Quod
3127 5098 3372 5170 profecto
3402 5100 3609 5153 habere

2029 5189 2240 5244 exitum
2318 5206 2512 5247 revera
2577 5208 2875 5248 consonum
2933 5191 3390 5261 praedictionibus
3436 5200 3593 5244 osten
3654 5189 3662 5202 '

2026 5281 2131 5336 dit.
2195 5282 2340 5339 Ecce
2399 5285 2545 5339 enim
2594 5284 2765 5340 oculis
2830 5293 3079 5352 spectare
3140 5283 3287 5348 licet,
3341 5283 3612 5353 quomodo

2028 5376 2402 5448 evangelicum
2455 5394 2663 5446 semen,
2712 5377 2814 5434 sub
2848 5377 2980 5447 ipsis
3032 5378 3261 5433 sationis
3302 5377 3612 5445 primordiis

2024 5649 2216 5723 codice
2252 5651 2320 5719 Α,
2350 5649 2389 5706 f.
2420 5649 2555 5705 {64:
2608 5648 2798 5723 βιϐλίῳ
2820 5648 3065 5723 τετάρτῳ
3100 5649 3455 5723 θεοφανείας,
3482 5663 3607 5705 cum

2023 5722 2202 5777 solitis
2240 5719 2696 5792 tantum_nutneri
2738 5719 2891 5792 siglis
2918 5719 3080 5790 supra
3114 5719 3164 5790 β.

2096 5793 2211 5865 (ιθ)
2249 5792 2342 5849 Sic
2368 5793 2420 5849 in
2460 5789 2813 5862 Theophanid
2838 5789 3090 5865 Syriaca,
3116 5789 3200 5857 iv,
3238 5789 3332 5846 54.

3205 5943 3287 6005 22
