4008 6542
505 395 603 450 583

1138 397 1406 455 EUSEBII
1445 396 1925 453 CJESARIENSIS
1964 396 2112 451 OPP.
2158 395 2333 451 PARS
2374 396 2461 453 IV.
2504 427 2571 437 -—-
2611 395 3033 453 DOGMATICA.

3644 403 3752 459 684

504 520 773 576 invisibile
801 498 981 587 fuerit,
1010 532 1059 577 et
1093 536 1205 591 prae
1231 523 1479 577 doctrina
1522 522 1763 591 qualibet
1794 536 1920 575 vere
1971 535 2021 574 m

2134 550 2146 581 ι
2180 537 2337 591 μενος
2361 521 2457 590 μὲν
2490 522 2547 573 ἐν
2568 520 2762 592 ἀρχαῖς
2799 518 3009 592 ἀφανὴς
3028 516 3116 593 ἦν,
3149 521 3241 575 καὶ
3277 522 3493 577 πάντων
3516 524 3593 588 ὡς
3624 525 3757 597 ἀλη-

501 615 707 669 nimum
747 626 799 669 et
853 614 1403 685 contemptissimum.
1460 614 1661 670 Deinde
1698 628 1827 667 vero
1858 622 2071 666 tantum

497 709 642 776 cepit
680 708 1098 775 incrementum,
1119 717 1178 764 ut
1205 708 1520 763 universum
1545 711 1732 762 orbem
1757 704 2069 775 repleverit.

2176 613 2282 677 θῶς
2305 612 2683 677 εὐτελέστατος
2709 614 2801 666 καὶ
2835 614 3194 686 σμικρότατος
3232 615 3423 685 λόγων·
3463 616 3669 689 προῖὼν
3697 621 3754 674 δὲ

2172 703 2425 757 τοσοῦτον
2466 704 2790 758 ἐπιδέδωκεν
2821 703 2988 776 αὔξης
3014 721 3073 757 τε
3109 705 3200 758 καὶ
3232 704 3514 774 μεγέθους,
3550 707 3633 770 ὡς
3653 708 3754 779 τὴν

496 798 625 854 Fui:
648 813 778 869 ergo
824 814 1014 855 revera
1065 814 1162 870 per
1208 808 1434 855 cunctas
1484 806 1677 868 gentes
1729 811 1916 851 semen
1967 795 2027 850 he

2172 796 2462 868 σύμπασαν
2487 797 2809 868 οἰκουμένην
2832 797 3135 870 πληρῶσαι.
3166 798 3393 866 Γέγονεν
3413 794 3506 853 οὖν
3535 798 3753 870 ἀληθῶς

495 891 671 960 majus
722 908 885 963 quam
937 892 1253 949 Graecorum
1305 900 1358 947 et
1386 891 1740 947 barbarorum
1776 887 2065 958 sapientia,

488 997 651 1053 quam
690 981 972 1039 Matthams
1000 981 1243 1038 oleribus
1280 980 1642 1051 comparavit,
1693 978 2063 1033 inﬁrmitatem

489 1075 562 1127 ita
606 1082 663 1128 et
709 1074 1228 1144 corruptibilitatem
1274 1075 1631 1128 humanarum
1690 1071 2061 1127 doetrinarum

483 1166 818 1233 signiﬁcans.
849 1165 1097 1235 Namque
1147 1174 1199 1220 et
1240 1166 1380 1234 apud
1420 1163 1712 1233 prophetas
1759 1162 1961 1217 dictum
1992 1161 2062 1217 de

482 1262 615 1329 ipsis
667 1271 803 1317 est:
860 1259 1135 1326 Tanquam
1186 1260 1365 1327 fenum
1419 1258 1660 1313 velociter
1714 1265 1972 1321 arescent,
2010 1266 2059 1309 et

478 1354 916 1421 quemadmodum
946 1352 1091 1407 olera
1122 1353 1403 1406 herbarum
1455 1353 1559 1405 cito
1585 1351 1824 1405 decidant
1853 1348 1921 1402 ⁸³.
1949 1348 2060 1403 Hu-

475 1441 772 1509 iuscemodi
799 1452 925 1497 sunt
971 1442 1338 1514 sophistarum
1370 1456 1434 1495 ac
1459 1440 1908 1511 philoSOphorum
1940 1439 2041 1492 do-

476 1535 673 1590 ctrinm
709 1536 1280 1605 disciplinaaque,qua:
1328 1533 1643 1604 aliquandiu
1691 1532 2046 1593 herbescunt,

474 1625 738 1697 brevique
784 1637 1027 1697 tempore
1079 1626 1295 1688 ﬂorent,
1338 1626 1433 1682 sed
1488 1640 1592 1682 non
1621 1625 1712 1680 diu
1746 1632 1868 1695 post
1897 1624 2050 1678 exci-

2172 890 2373 961 μείζων
2414 890 2513 960 τῆς
2546 891 2697 961 παρὰ
2722 892 2857 943 πᾶσι
2890 894 3002 955 τοῖς
3034 891 3241 945 ἔθνεσιν
3272 890 3496 961 Ἕλλησί
3540 908 3600 944 τε
3656 893 3753 946 καὶ

2169 982 2461 1055 βαρϐάροις
2496 982 2706 1053 σοφίας,
2739 984 2805 1054 ἣν
2836 983 3086 1054 λαχάνοις
3106 982 3245 1037 κατὰ
3274 983 3549 1037 Ματθαῖον
3571 1001 3751 1056 παρα-

2166 1074 2418 1147 6έ6ληκε,
2448 1076 2508 1129 τὸ
2537 1076 2759 1139 ἀσθενὲς
2786 1078 2881 1130 καὶ
2912 1077 3233 1148 φθοριμαῖον
3248 1076 3358 1130 τῶν
3382 1076 3509 1148 παρ’
3536 1076 3749 1148 ἀνθρώ-

2163 1185 2285 1232 ποις
2327 1170 2665 1241 μαθημάτων
2686 1163 2788 1223 ῶδε
2822 1169 3184 1241 αἰνιξάμενος.
3228 1170 3380 1222 Ἐπεὶ
3406 1171 3501 1222 καὶ
3529 1171 3587 1222 ὲν
3613 1185 3749 1239 προ-

2162 1266 2360 1335 φήταις
2383 1264 2599 1332 ἐλέγετο
2639 1264 2768 1336 περ).
2814 1264 3012 1317 αὐτῶν·
3052 1264 3145 1330 Ὠς
3184 1265 3398 1333 χόρτος
3418 1263 3571 1333 ταχὺ
3596 1264 3747 1319 ἀπο-

2161 1355 2667 1425 ξηρανθιῇσονται,
2698 1355 2797 1409 καὶ
2816 1357 2896 1422 ὡς
2926 1354 3163 1425 λάχανα
3194 1356 3382 1425 χλόης
3410 1356 3562 1425 ταχὺ
3596 1356 3747 1409 ἀπο-

2157 1449 2506 1502 πεσοῦνται.
2538 1447 2774 1501 Τοιαῦτα
2808 1448 2864 1500 δὲ
2892 1447 2962 1501 τὰ
3010 1448 3277 1517 σοφιστῶν
3310 1448 3405 1501 καὶ
3438 1448 3747 1518 φιλοσόφων

2160 1540 2458 1611 μαθήματα
2483 1542 2578 1595 καὶ
2602 1540 2965 1611 παιδεύματα,
3001 1540 3137 1613 πρὸς
3158 1539 3348 1612 καιρὸν
3368 1541 3464 1611 μὲν
3491 1540 3745 1611 χλοάζον-

2153 1650 2241 1691 τα.
2262 1634 2357 1687 καὶ
2386 1634 2520 1707 πρὸς
2549 1635 2728 1703 ὀλίγον
2766 1633 3050 1696 ἀνθοῦντα,
3081 1634 3181 1688 οὐκ
3211 1637 3291 1698 είς
3322 1634 3532 1706 μακρὸν
3559 1634 3615 1688 δὲ
3645 1637 3741 1689 ὲκ-

473 1721 605 1775 dunt
641 1736 737 1792 per
760 1737 819 1776 se
840 1723 971 1792 ipsa:
998 1730 1307 1791 corruptae:
1340 1721 1412 1775 ita
1442 1729 1500 1774 ut
1528 1718 1660 1775 alibi
1712 1717 1841 1773 feuo
1890 1727 2027 1773 tecto

2154 1728 2439 1792 πίπτοντα,
2471 1727 2565 1781 καὶ
2590 1726 2648 1793 ἐξ
2682 1727 2891 1782 ἑαυτῶν
2925 1726 3277 1800 φθειρόμενα’
3318 1727 3395 1791 ὼς
3428 1730 3486 1781 ὲν
3528 1728 3743 1798 ἑτέροις

472 1827 591 1866 rum
616 1823 894 1883 comparet
941 1828 1034 1867 eas
1058 1813 1225 1869 David
1254 1813 1321 1878 ⁵⁵,
1353 1810 1519 1883 quod,
1550 1811 1867 1881 priusquam
1898 1808 2049 1865 evel.

468 1900 633 1968 latur,
657 1903 769 1973 jam
797 1906 1030 1959 exaruit.

536 1994 675 2049 Sunt
739 1996 856 2051 istae
906 1996 1073 2068 igitur
1132 1994 1459 2064 sapientium
1516 1991 1676 2063 hujus
1716 1989 1898 2047 saeculi
1946 1989 2044 2046 do-

477 2088 694 2153 ctrinae,
730 2088 958 2144 inﬁrmae
1002 2089 1255 2143 nimirmn
1309 2096 1365 2143 et
1412 2086 1694 2150 oleracete,
1732 2085 1856 2141 leno
1889 2083 2044 2139 liore-

461 2181 635 2233 srenti
684 2180 914 2235 similes.
948 2180 1117 2236 Secus
1140 2195 1270 2236 vero
1305 2181 1545 2235 omnium
1576 2179 1856 2233 minimum
1887 2187 1942 2232 et
1973 2186 2045 2231 te-

462 2272 788 2327 nuissimum
827 2275 971 2328 inter
996 2273 1229 2338 semina,
1280 2274 1433 2344 regni
1480 2274 1739 2327 nimirum
1776 2272 2038 2326 cmlorum

458 2363 834 2434 evangelicum
869 2365 1116 2431 verbum,
1165 2380 1291 2420 acre
1343 2366 1708 2435 mordensque
1752 2363 1918 2418 veluti
1964 2363 2041 2418 si-

461 2455 614 2525 napi,
646 2455 788 2526 quod
820 2467 997 2511 tamen
1043 2457 1200 2529 longe
1242 2458 1505 2521 excrevit,
1550 2467 1606 2512 et
1660 2458 1914 2512 humana:
1946 2472 2036 2510 sa-

458 2547 680 2615 pientim
706 2548 961 2618 superius
998 2550 1203 2605 evasit:
1241 2558 1403 2619 atque
1446 2549 1501 2604 in
1548 2550 1718 2604 altum
1758 2549 2034 2603 sublatum

454 2637 637 2690 omnia
684 2636 799 2693 loca
842 2640 1151 2709 occupavit,
1204 2640 1279 2694 ita
1316 2650 1377 2694 ut
1418 2654 1615 2711 magna
1662 2640 1827 2694 arbor
1860 2655 1925 2703 ex
1968 2654 2033 2694 eo

454 2728 525 2778 sit
570 2739 713 2793 orta,
754 2729 878 2783 ωεξΙὶ
917 2730 1197 2785 volucrum
1244 2744 1419 2800 capax
1463 2731 1556 2801 qui
1594 2731 1646 2785 in
1699 2730 1817 2801 ejus
1865 2731 2033 2785 ramis

451 2820 776 2874 consistunt.
812 2820 953 2877 Olim
984 2823 1036 2877 id
1074 2823 1290 2894 quidem
1323 2823 1667 2893 simplicibus
1697 2825 1877 2879 verbis
1906 2824 2030 2878 Ser-

451 2912 654 2967 vatoris
700 2928 831 2969 voce
878 2914 1129 2984 prolatis,
1185 2916 1372 2970 divina
1430 2915 1888 2986 prognosticaque
1920 2916 2031 2970 vir-

450 3014 568 3059 tute
600 3006 1017 3074 praedicebatur.
1054 3008 1174 3063 Jam
1201 3024 1333 3063 vero
1369 3010 1421 3062 in
1454 3009 1614 3079 quale
1650 3020 2027 3078 quantumque

444 3110 584 3167 Opus
634 3100 913 3168 praedictio
950 3101 1303 3169 processerit.
1362 3112 1736 3172 quantumque
1787 3104 2026 3157 creverit

444 3190 710 3246 doctrinm
743 3206 872 3255 vox,
924 3194 1031 3247 dici
1066 3208 1166 3261 pro
1212 3193 1477 3264 dignitate
1508 3210 1613 3249 non
1644 3203 1839 3263 potest.
1881 3194 2024 3249 Tan-

443 3291 559 3339 tum
594 3284 775 3356 itaque
816 3300 1105 3356 progressu
1140 3286 1404 3355 temporis
1430 3286 1670 3342 salutare
1702 3302 1889 3343 semen
1921 3289 2024 3341 vir-

441 3384 611 3431 tutem
645 3378 909 3443 exseruit,
953 3386 1011 3432 ut
1035 3380 1338 3449 germinata
1374 3394 1441 3434 ex
1480 3378 1573 3435 illo
1612 3378 1797 3443 arbor,
1831 3379 1884 3435 id
1915 3390 2021 3447 est,

440 3466 668 3523 fundata
701 3484 730 3521 a
764 3470 1057 3525 Servatore
1080 3486 1179 3541 per
1221 3472 1535 3526 universam
1592 3481 1794 3527 terram
1842 3471 2025 3526 Eccle-

438 3563 543 3627 sia,
581 3572 778 3617 cuncta
809 3562 927 3617 loca
960 3564 1302 3634 Oppleverit;
1342 3566 1395 3619 in
1431 3564 1548 3633 ejus
1580 3566 1750 3620 ramis
1772 3565 1896 3621 (εωιί
1926 3581 2024 3621 vo-

438 3654 618 3708 lucres
669 3654 935 3721 habitent,
992 3656 1175 3726 angeli
1230 3657 1340 3711 divi
1407 3657 1620 3713 scilicet
1666 3668 1724 3713 et
1766 3657 2021 3712 cmlestes

437 3746 709 3813 potentiae,
771 3762 891 3816 quae
945 3757 1147 3803 terram
1221 3749 1575 3805 invisibiliter
1645 3751 2016 3814 discurrunt;

437 3838 677 3905 itemque
713 3839 910 3891 anima:
939 3847 1146 3892 sancta?
1176 3837 1287 3892 alte
1313 3839 1645 3909 gradientes,
1681 3838 1731 3892 id
1762 3846 1865 3899 est.
1906 3838 2017 3890 vita

432 3943 707 3997 sensuque
738 3929 956 3984 sublimi
996 3946 1059 3986 ac
1092 3931 1303 3986 caalesti
1334 3931 1595 4000 praeditae.
1628 3929 1876 4000 Namque
1920 3931 2020 3986 has

431 4034 491 4076 et
522 4037 629 4076 non
662 4021 811 4076 aliud
839 4022 1112 4092 quidlibet
1142 4024 1391 4078 denotari
1420 4038 1450 4078 a
1480 4023 1605 4079 caeli
1641 4024 1858 4090 avibus,
1890 4023 2017 4079 Ser-

436 4118 648 4172 vatoris
672 4117 792 4172 haec
838 4116 1097 4188 parabola
1154 4118 1451 4187 signiﬁcat.
1502 4117 1657 4173 Sicut
1702 4120 2017 4173 econtrarlo

430 4208 485 4262 in
508 4208 769 4278 parabola
792 4209 1141 4264 semiuatoris
1173 4210 1438 4265 vocabulo
1467 4212 1672 4275 avium,
1694 4210 2014 4266 insidiantes

428 4302 745 4371 hominibus
768 4302 1040 4368 potentias
1088 4302 1406 4367 denotabat,
1458 4304 1576 4374 pari
1626 4302 1890 4359 vocabulo
1938 4304 2017 4358 di-

427 4408 557 4447 cens
622 4408 751 4447 aves
789 4393 912 4449 ('(nli
964 4394 1263 4465 diripuisse
1313 4409 1499 4450 semen
1544 4394 1751 4465 jactum
1800 4397 1869 4453 iis
1916 4396 2009 4468 qui

425 4482 577 4550 iuxta
622 4486 764 4537 viam
800 4485 931 4539 illud
964 4495 1351 4556 susceperant.

1146 4576 1291 4631 XXI.

492 4665 672 4733 Atque
719 4664 835 4719 lucc
874 4666 1188 4722 necessario
1250 4664 1515 4722 Servator
1567 4667 1847 4739 discipulis
1893 4669 2001 4725 suis

423 4754 803 4819 mandabat”,
834 4758 1081 4811 morbum
1107 4757 1491 4825 gravissimum
1518 4758 1762 4829 ipsorum
1788 4760 2007 4825 animm,

422 4855 689 4900 tumorem
723 4856 889 4917 atque
899 4847 1223 4915 jactantiam
1244 4864 1468 4917 sanans,
1496 4861 1792 4921 vetansque
1823 4864 2008 4908 omen-

423 4940 721 5003 tatiouem,
777 4954 844 4992 ne
880 4938 1151 4995 ullatenus
1206 4940 1622 5008 extollerentur,
1673 4957 1810 4997 neve
1876 4943 2007 5011 quid

419 5043 677 5097 magnum
709 5040 805 5083 aut
845 5030 1141 5099 superbum
1175 5032 1242 5086 de
1288 5047 1348 5088 se
1392 5034 1798 5091 existimarent.
1832 5036 2004 5094 Docet

417 5130 632 5185 contra,
667 5122 839 5175 nostri
868 5136 991 5176 esse
1016 5121 1230 5176 arbitrii
1263 5124 1316 5177 in
1353 5138 1581 5195 regnum
1609 5126 1865 5195 introire,
1911 5139 2005 5185 aut

417 5228 597 5269 secus.
627 5212 760 5268 Nam
795 5214 863 5282 si,
895 5223 952 5269 ut
972 5214 1173 5269 dicitur
1196 5216 1339 5285 apud
1367 5215 1709 5284 Matth-xum,
1750 5224 2002 5279 conversi

416 5305 613 5359 ﬁamus
662 5305 809 5359 sicut
847 5305 1079 5372 parvuli,
1129 5306 1343 5361 malitia
1395 5308 1610 5364 scilicet
1654 5314 1889 5382 parvuli,
1945 5327 2005 5371 ut

412 5396 490 5449 ait
534 5396 830 5466 Apostolus
873 5396 962 5463 “;
1010 5405 1066 5451 et
1109 5398 1153 5452 si
1210 5400 1313 5454 hoc
1372 5415 1601 5468 regnum
1652 5406 2004 5465 adtnittemus

415 5503 567 5543 more
604 5489 871 5557 simplicis
893 5501 949 5545 et
975 5490 1107 5546 nulli
1149 5493 1328 5547 adhuc
1364 5495 1496 5548 vitio
1524 5497 1691 5551 dediti
1745 5499 1996 5570 infantis,

413 5580 538 5633 etsi
574 5581 867 5650 puritatem
919 5594 1083 5654 atque
1122 5584 1491 5640 innocentiam
1542 5590 1766 5657 puerilis
1819 5597 1998 5650 aetatis

2152 1821 2328 1893 χόρτῳ
2356 1821 2606 1892 δομάτων
2634 1821 2931 1891 ἀφομοιοῦν
2962 1820 3119 1885 αὐτὰ,
3155 1820 3213 1885 ὃς
3245 1821 3351 1892 πρὸ
3399 1820 3495 1874 τοῦ
3526 1822 3740 1874 ἐκσπα-

2077 1887 2123 1947 B
2154 1887 2340 1984 ἇθῆνᾷι
2366 1887 2657 1985 ἐξηράνθη.

2232 2006 2391 2060 Ἀλλά
2433 2007 2501 2061 τά
2538 2007 2637 2077 μὲν
2660 2006 2810 2078 παρά
2840 2009 2951 2070 τοῖς
2982 2005 3134 2080 παρά
3164 2005 3257 2059 τοῦ
3284 2005 3479 2070 αἰῶνος
3536 2005 3734 2059 τούτου

2143 2099 2387 2164 τοιαῦτα,
2444 2099 2644 2170 ἀσθενῆ
2689 2100 2785 2152 καὶ
2826 2098 3125 2171 λαχανώδη,
3170 2100 3264 2152 καὶ
3290 2099 3467 2172 χόρτῳ
3516 2096 3737 2151 εὐθαλεῖ

2143 2194 2562 2266 παρεικασμένα
2599 2194 2917 2265 μαθήματα⁸
2946 2196 2974 2248 ὁ
3011 2194 3065 2246 δὲ
3099 2193 3433 2265 βραχύτατος
3465 2193 3559 2246 καὶ
3594 2191 3733 2246 πάν-

2141 2303 2248 2339 των
2300 2286 2408 2338 τῶν
2440 2286 2771 2357 σπερμάτων
2827 2289 3169 2359 μικρότατος,
3220 2290 3312 2358 τῆς,
3345 2287 3453 2340 τῶν
3480 2286 3729 2357 οὐρανῶν

2142 2379 2415 2449 βασιλείας
2453 2378 2881 2449 καταγγελτικὸς
2927 2379 3103 2447 λόγος,
3139 2380 3336 2451 δριμὺς
3393 2378 3494 2449 μὲν
3524 2378 3619 2431 καὶ
3649 2378 3733 2430 δε-

2138 2472 2325 2535 κτικὸς
2372 2471 2623 2543 καθάπερ
2671 2471 2732 2525 τὸ
2764 2472 2973 2543 σίνηπι,
3008 2473 3157 2543 ὅμως
3184 2472 3240 2525 δὲ
3288 2470 3600 2542 ὑπερανέὸη
3632 2471 3726 2523 καὶ

2138 2562 2505 2636 ὐπερηύξησε,
2541 2565 2803 2637 κρείττων
2832 2565 2930 2636 τῆς
2961 2566 3018 2617 ἐν
3050 2564 3355 2635 ἀνθρώποις
3386 2563 3725 2634 ἀποδειχθεὶς

2137 2657 2347 2726 σοφίαςο
2374 2658 2468 2710 καὶ
2516 2656 2591 2720 ὡς
2621 2657 2854 2727 ὑψωθεὶς
2884 2658 3061 2710 πάντα
3112 2656 3276 2709 τόπον
3320 2654 3610 2725 ἐκάλυψεν,
3648 2656 3723 2719 ῶς

2134 2750 2227 2803 καὶ
2259 2750 2471 2821 δένδρον
2510 2750 2934 2821 ἀποτελεσθῆναι
2961 2750 3103 2821 μέγα
3131 2750 3189 2815 ἐξ
3210 2749 3396 2810 αὐτοῦ,
3414 2750 3723 2821 χωρητικὸν

2133 2840 2395 2894 πετεινῶν
2446 2840 2677 2911 οὐρανοῦ
2728 2840 3215 2910 κατασκηνούντων
3257 2841 3313 2891 ὲν
3345 2840 3455 2900 τοῖς
3505 2836 3719 2900 κλάδοις

2129 2933 2315 2987 αὐτοῦ·
2344 2933 2510 2988 πάλαι
2538 2933 2637 3004 μὲν
2665 2932 2770 2986 ὑπὸ
2793 2932 2891 3002 τῆς
2929 2932 3195 3003 σωτηρίου
3212 2931 3313 3001 γῆς
3337 2930 3510 3000 ψιλοῖς
3543 2930 3720 2999 ῥήμα-

2129 3041 2232 3088 σιν,
2261 3025 2427 3096 ὲνθέῳ
2456 3042 2518 3094 γε
2549 3027 2654 3097 μὴν
2677 3026 2772 3079 καὶ
2806 3024 3200 3097 προγνωστικῷ
3231 3022 3455 3093 δυνάμει
3488 3039 3717 3093 προανε-

2128 3122 2375 3186 φωνεῖτο.
2418 3120 2503 3183 Ὠς
2526 3120 2570 3173 δ’
2600 3122 2680 3183 είς
2706 3120 2841 3191 ἔργα
2868 3119 3293 3191 προκεχώρηκεν
3328 3119 3361 3189 ἡ
3385 3116 3713 3189 πρόγνωσις.

2126 3213 2207 3276 εἰς
2256 3212 2425 3282 αὔξην
2452 3230 2510 3265 τε
2539 3212 2807 3284 προῆλθεν
2838 3214 2870 3283 ἡ
2909 3210 3060 3283 φωνὴ
3104 3210 3199 3263 τοῦ
3243 3209 3423 3277 λόγου,
3466 3209 3568 3262 οὐκ
3604 3207 3714 3261 ἐστι

2129 3303 2247 3355 κατ’
2281 3303 2436 3369 ἀξίαν
2476 3305 2667 3356 εἰπεῖν’
2703 3301 2972 3372 τοσαύτην
3010 3298 3140 3369 γοῦν
3172 3301 3200 3351 ό
3226 3299 3490 3369 σωτήριος
3518 3296 3713 3366 σπόρος

2127 3395 2185 3447 ἐν
2215 3396 2326 3458 τοῖς
2356 3393 2492 3465 μετά
2543 3392 2716 3446 ταῦτα
2754 3393 2964 3464 χρόνοις
3002 3382 3361 3444 ἐπιδέδεικται
3393 3388 3615 3460 ἀρετὴν,
3640 3388 3712 3451 ὡς

2126 3486 2185 3540 τὸ
2214 3488 2273 3552 ἐξ
2302 3487 2465 3540 αὐτοῦ
2488 3487 2621 3556 φυὲν
2644 3486 2878 3556 δένδρον,
2906 3485 3065 3539 τοῦτο
3090 3484 3134 3538 δ’
3160 3484 3225 3538 ἂν
3256 3484 3337 3554 εἴη
3367 3484 3399 3553 ἡ
3441 3480 3711 3552 πανταχοῦ

2124 3578 2227 3649 γῆς
2258 3578 2514 3649 ἱδρυμένη
2538 3576 2701 3630 αὐτοῦ
2735 3576 3054 3649 Ἐκκλησία,
3091 3575 3159 3629 τὰ
3197 3574 3374 3627 πάντα
3401 3572 3708 3645 πληρῶσαι·

2123 3672 2262 3725 ὥστε
2295 3674 2478 3734 ἐντοῖς
2499 3672 2709 3735 κλάδοις
2722 3672 2892 3743 αὐτῆς
2925 3670 3349 3742 κατασκηνῶσαι
3387 3667 3454 3721 τὰ
3488 3667 3709 3720 πετεινὰ

2121 3764 2239 3819 τοῦ
2275 3764 2527 3838 οὐρανοῦ.
2574 3763 2838 3832 ἀγγέλους
2867 3763 3067 3834 δηλαδὴ
3100 3763 3275 3825 θείους
3309 3762 3403 3815 καὶ
3451 3761 3708 3831 οὐρανίας

2120 3859 2398 3929 δυνάμεις,
2438 3858 2536 3921 τὰς
2565 3858 2693 3928 περὶ
2724 3857 2825 3926 γῆν
2859 3856 3079 3925 ἀφανῶς
3117 3854 3494 3924 διιπταμένας,
3528 3852 3707 3922 ψυχάς

2119 3965 2179 4002 τε
2209 3950 2368 4017 ἁγίας
2395 3948 2489 4001 καὶ
2518 3947 2985 4019 μετεωροπόρους,
3012 3946 3112 4017 βίῳ
3135 3946 3227 3999 καὶ
3246 3946 3552 4016 φρονήματι
3578 3959 3705 4015 μετα

2119 4039 2341 4110 αρσίους
2375 4038 2470 4091 καὶ
2513 4038 2813 4108 οὐρανίους·
2852 4037 3055 4101 ταύτας
3123 4036 3232 4109 γὰρ
3282 4033 3417 4090 εἶναι
3450 4037 3544 4089 καὶ
3582 4036 3704 4089 οὐδὲ

2117 4133 2280 4195 ἄλλας
2299 4131 2368 4185 τὰ
2390 4132 2610 4186 πετεινά
2642 4132 2736 4187 τοῦ
2769 4132 2998 4204 οὐρανοῦ
3038 4132 3355 4204 ἡσωτήριος
3382 4131 3439 4185 ἐν
3490 4131 3700 4196 τούτοις

2116 4224 2337 4295 ᾐνίξατο
2387 4224 2688 4296 παραϐολήο
2742 4224 2818 4287 ῶς
2870 4224 3104 4295 ἔμπαλιν
3142 4224 3229 4277 διὰ
3250 4225 3346 4295 τῆς
3374 4222 3467 4277 τοῦ
3499 4225 3699 4296 σπόρου

2116 4314 2215 4378 τὰς
2248 4314 2568 4379 ἐπιϐούλους
2589 4316 2699 4371 τῶν
2717 4316 3020 4388 ἀνθρώπων
3049 4317 3236 4387 ἐδήλου
3253 4316 3529 4387 δυνάμεις,
3557 4321 3700 4389 όμω-

2114 4406 2296 4477 νύμως
2327 4407 2549 4460 πετεινά
2580 4408 2810 4480 οὐρανοῦ
2846 4411 3024 4481 φήσας
3064 4408 3422 4480 διηρπακέναι
3453 4410 3545 4463 τὸν
3569 4412 3690 4463 σπό-

2118 4515 2207 4570 ρον
2230 4498 2338 4553 τῶν
2357 4517 2427 4553 πα
2436 4498 2508 4572 ρά
2543 4499 2641 4571 τὴν
2673 4500 2790 4553 ὁδὸν
2815 4499 3226 4570 ὑποδεξαμένων
3259 4502 3441 4553 αὐτόν.

2764 4591 2880 4663 ΚΑ¹
2911 4590 2957 4661 (ι
2973 4591 3044 4660 7).

2187 4681 2298 4734 Kal.
2323 4681 2495 4735 ταῦτα
2540 4682 2597 4736 δὲ
2637 4684 2952 4752 ἀναγκαίως
2978 4686 3006 4737 ό
3038 4684 3228 4757 Σωτὴρ
3261 4687 3372 4748 τοῖς
3401 4681 3567 4737 αὐτοῦ
3596 4700 3696 4754 μα·

2115 4772 2307 4843 θηταῖς
2343 4774 2666 4846 παρεδίδου,
2715 4775 2868 4828 νόσον
2910 4775 3336 4847 ἀργαλεωτάτην
3380 4776 3479 4847 τῆς
3512 4773 3695 4827 αὐτῶν

2112 4864 2312 4935 ψυχῆς,
2349 4866 2655 4936 χαυνότητά
2700 4883 2759 4919 τε
2811 4867 2907 4920 καὶ
2947 4866 3265 4931 ἀλαζονείαν
3308 4866 3556 4938 ἰώμενος,
3605 4867 3693 4919 καὶ

2113 4959 2340 5012 κωλύων
2367 4959 2427 5011 τὸ
2462 4959 2822 5030 μεγάλαυχον,
2879 4959 2953 5023 ὡς
3006 4959 3072 5014 ἂν
3129 4964 3337 5032 μήποτε
3385 4959 3694 5031 ὲπαρθεῖεν,

2116 5051 2255 5121 μηδέ
2287 5069 2339 5104 τι
2365 5048 2511 5122 μέγα
2546 5052 2681 5122 μηδὲ
2711 5053 3058 5122 ὑπερήφανον
3094 5053 3221 5124 περὶ
3254 5052 3459 5106 ἑαυτῶν
3496 5052 3688 5123 φρονή·

2115 5160 2288 5198 σαιεν.
2320 5144 2571 5197 Διδάσκει
2596 5144 2652 5196 δὲ
2675 5144 2931 5214 ἄντικρυς
2952 5145 3035 5213 ἐφ’
3054 5146 3184 5216 ἡμῖν
3204 5144 3415 5197 κεῖσθαι
3437 5145 3498 5198 τὸ
3526 5143 3696 5198 εἰσελ-

2116 5236 2247 5301 θεῖν,
2278 5236 2310 5307 ἢ
2347 5237 2443 5308 μὴ,
2478 5238 2559 5300 εἰς
2586 5236 2683 5307 τὴν
2713 5236 2985 5306 βασιλείαν
3019 5238 3109 5290 τοῦ
3147 5236 3301 5290 Θεοῦ.
3329 5240 3391 5291 Εἰ
3416 5238 3523 5309 γὰρ
3557 5235 3695 5290 κατά

2109 5324 2202 5377 τὸν
2230 5325 2508 5378 Ματθαίον
2528 5325 2859 5397 στραφέντες
2899 5326 3193 5397 γενοίμεθα
3220 5328 3295 5391 ὠς
3310 5328 3377 5382 τὰ
3415 5330 3587 5397 νήπια
3622 5331 3687 5400 τῇ

2111 5417 2279 5488 κακία
2310 5418 2668 5489 νηπιάζοντες
2696 5419 2840 5472 κατά
2881 5421 2971 5473 τὸν
3016 5420 3357 5485 Ἀπόστολον,
3395 5423 3489 5475 καὶ
3522 5425 3571 5474 εί
3601 5422 3685 5475 δε-

2107 5508 2337 5578 χοίμεθα
2370 5510 2469 5579 τὴν
2507 5508 2787 5579 βασιλείαν
2833 5510 2909 5573 ὡς
2961 5510 3168 5563 ἁπλοῦν
3208 5512 3301 5565 καὶ
3327 5512 3692 5582 άπειρόκακον

2108 5598 2339 5664 παιδίον,
2373 5600 2467 5653 καὶ
2500 5602 2626 5654 εἰτὸ
2651 5602 2889 5674 καθαρὸν
2918 5602 3012 5656 καὶ
3040 5604 3299 5673 ἀμίαντον
3324 5606 3420 5677 τῆς
3438 5605 3690 5676 παιδικῆς

484 5672 529 5703 ⁵³
552 5672 640 5728 Ps.
669 5688 857 5738 uxvr,
894 5674 949 5728 2.
1026 5676 1073 5708 ⁵⁸
1108 5676 1195 5732 Ps.
1234 5693 1467 5745 csxvm,
1509 5682 1563 5734 6.
1638 5683 1684 5714 ⁸⁵
1703 5684 1898 5742 Matth.
1928 5704 2087 5759 xvm,
2111 5691 2165 5747 5.
2245 5692 2333 5745 l"l
2365 5694 2491 5749 Cor.
2524 5710 2638 5761 xw,
2660 5695 2753 5751 20.

485 5764 593 5836 (Π)
635 5763 690 5819 In
748 5768 936 5821 codice
982 5768 1050 5823 A.
1103 5768 1143 5821 ί.
1192 5768 1318 5824 245.
1381 5771 1433 5824 b.
1491 5773 1677 5830 titulus
1730 5781 1990 5837 mendose

413 5836 648 5907 scriptus
673 5837 972 5895 Εὐσεϐίου
1000 5838 1283 5909 δευτέρας
1311 5841 1662 5912 θεοράνους.
1692 5849 1810 5906 sine
1830 5836 1996 5910 dubio

2098 5786 2454 5864 corrigemus
2472 5787 2546 5842 Εὐ
2557 5789 2736 5845 σεθίου
2758 5789 2799 5845 δ’
2822 5786 3172 5864 Θεοφανείας,
3194 5788 3406 5847 Eusebii
3430 5791 3482 5847 in
3499 5800 3686 5864 quarta

2108 5853 2483 5918 Tlteopltttuite.
2939 5853 2952 5859 ’
3007 5860 3018 5868 ’
3052 5862 3062 5870 ’
