4008 6522
332 407 457 465 685
1682 415 1779 475 ‘DE
1816 416 2276 481 THEOI’HANIA.
3490 424 3596 487 680

333 523 563 595 ἡλικίας
593 523 929 600 ζηλώσομεν,
972 532 1389 606 είσελευσόμεθα
1431 538 1510 601 είς
1544 539 1748 610 αὐτήνυ
1780 540 1903 594 ἀλλὰ

2021 544 2411 611 adamabimus,
2479 546 2530 601 in
2582 560 2806 618 regnum
2853 542 3243 605 introibimus:
3291 542 3400 605 lmo
3428 550 3592 605 etiam

224 644 229 647 -
332 618 438 671 καὶ
464 618 559 673 ὲάν
590 620 988 695 εύνουχίσωμεν
1021 626 1244 691 ἑαυτοὺς
1269 628 1356 682 διά
1386 628 1484 701 τὴν
1510 630 1783 700 βασιλείαν
1814 632 1903 685 τῶι

2024 635 2072 690 si
2120 645 2329 691 nosmet
2387 646 2612 703 propter
2659 651 2881 706 regnum
2933 639 3201 695 caelorum
3265 641 3593 709 spadonabi-

329 709 619 779 οὐρανῶνο
655 712 795 766 οὕτω
827 715 935 787 γάρ
973 735 1056 781 τις
1103 719 1349 791 ἐκτεμὼν
1387 722 1486 793 τῆς
1518 723 1711 776 ἑαυτοῦ
1742 723 1903 796 ψυχῆς

2023 741 2143 781 mus
2179 726 2291 799 (l8)
2319 744 2335 793 ;
2367 729 2448 783 sic
2476 728 2621 783 enim
2652 726 2816 783 homo
2846 730 3146 798 praacidens
3188 746 3255 787 ex
3284 732 3467 787 anima
3494 747 3595 789 sua

330 801 453 853 πᾶν
484 802 544 855 τὸ
566 804 789 877 αἰσχρὸν
813 810 907 862 καὶ
934 809 1230 864 ἀκόλαστον
1262 812 1455 879 πάθος,
1492 817 1540 867 εί
1573 816 1668 869 καὶ
1696 815 1795 888 τὴν
1825 818 1920 871 τοῦ

329 889 597 961 σώματος
642 897 856 966 ἡλικίαν
914 901 1274 975 προϐεϐηκὼς
1320 905 1405 976 εἴη
1449 906 1608 978 ἀνὴρ,
1662 911 1921 981 στραφεὶς

325 982 537 1049 γένοιτ’
553 986 618 1039 ἂν
638 988 715 1051 ὼς
741 991 971 1046 παιδίον.
993 995 1054 1047 Εἰ
1087 995 1145 1048 δὲ
1181 996 1345 1067 μηδὲν
1359 997 1563 1052 τούτων
1593 1000 1917 1072 πράξαιμεν,

324 1074 611 1145 ἀποφάσει
648 1080 743 1133 τοῦ
792 1082 1045 1157 Σωτῆρος
1087 1087 1603 1160 ὑποϐληθησόμεθα,
1649 1092 1786 1163 μετά
1825 1092 1918 1147 τοῦ

332 1166 491 1238 ἀμὴν
518 1170 963 1244 ἀποφηναμένου,
990 1179 1070 1231 ὅτι
1100 1181 1147 1232 εί
1166 1180 1240 1251 μὴ
1271 1170 1579 1253 πράξαιμεν
1600 1184 1793 1250 ταῦτα,
1820 1186 1920 1241 οὐκ

332 1257 495 1314 ἔσται
526 1262 657 1333 ἡμῖν
689 1266 960 1339 είσιτητὸν
992 1270 1072 1334 είς
1106 1270 1203 1343 τὴν
1228 1271 1520 1342 βασιλείαν.

991 1360 1097 1411 KB'
1128 1360 1261 1433 (l9).

415 1443 609 1515 Ὁμοία
654 1446 710 1500 δὲ
757 1449 909 1521 παρά
938 1451 1017 1522 τῷ
1057 1454 1323 1527 Ματθαίῳ
1374 1460 1552 1511 κεῖται
1609 1459 1914 1532 παραϐολή.

323 1532 583 1606 Ὠσπερ,
633 1539 741 1612 γάρ
782 1558 967 1612 φησιν,
1013 1542 1300 1617 ἄνθρωπος
1341 1549 1638 1620 ἀποδημῶν
1692 1550 1917 1604 ἐκάλεσε

318 1628 456 1689 τοὺς
490 1628 654 1694 ἰδίους
684 1630 923 1699 δούλους,
960 1638 1053 1690 καὶ¹
1085 1631 1129 1705 ᾧ
1156 1639 1255 1709 μὲν
1281 1638 1448 1693 ἔδωκε
1474 1641 1634 1694 πέντε
1658 1643 1915 1707 τάλαντα,

318 1711 367 1783 ᾧ
419 1720 479 1773 δὲ
513 1721 623 1787 δύο,
665 1717 709 1791 ᾧ
730 1725 787 1778 δὲ
822 1728 913 1780 ἐν’
947 1731 1069 1784 ἐπεὶ
1113 1732 1283 1786 πολλά
1319 1735 1575 1805 τυγχάνει
1642 1737 1712 1790 τά
1764 1738 1919 1809 χαρί-

317 1826 512 1879 σματα
539 1813 785 1887 διάφοροί
805 1836 862 1873 τε
891 1820 984 1873 τοῦ
1013 1822 1168 1891 ἁγίου
1190 1825 1503 1897 Πνεῦματος
1530 1831 1585 1883 αἱ
1608 1828 1916 1899 διαιρέσεις,

2025 829 2233 889 turpem
2286 822 2585 891 quamlibet
2643 834 2699 877 et
2761 825 3211 894 intemperantem
3264 825 3590 895 missionem,

2019 912 2123 965 etsi
2180 913 2424 982 corporis
2475 924 2635 969 a>tate
2700 916 2811 985 jam
2860 917 2945 971 vir
2986 916 3247 983 evaserit,
3294 930 3593 972 conversus

2021 1001 2115 1056 fiet
2150 1012 2404 1072 tanquam
2432 1021 2585 1075 puer.
2612 1006 2707 1060 Sin
2734 1022 2863 1061 vero
2889 1006 3024 1060 nihil
3047 1006 3242 1075 horum
3274 1005 3590 1071 fecerimus.

2032 1094 2343 1150 Servatoris
2393 1098 2677 1151 sententiae
2732 1098 3106 1166 subjiciemur,
3168 1112 3289 1151 cum
3351 1097 3590 1154 dictione

2029 1200 2189 1241 amen
2225 1187 2652 1254 interminantis,
2684 1189 2827 1257 quod
2852 1189 2955 1244 nisi
2990 1189 3062 1243 ita
3099 1203 3196 1244 nos
3240 1190 3589 1261 gesserimus.

2020 1294 2128 1335 non
2156 1280 2361 1348 patebit
2390 1280 2547 1336 nobis
2573 1283 2643 1337 ad
2669 1296 2893 1349 regnum
2918 1280 3198 1336 introitus.

2720 1370 2885 1429 XXII.

2093 1454 2201 1512 Par
2256 1459 2398 1529 apud
2451 1458 2769 1515 Matthzeutn
2813 1475 3031 1530 quoque
3073 1468 3254 1516 exstat
3305 1446 3587 1529 parabola.

2018 1549 2231 1605 Etenim
2263 1551 2448 1615 homo,
2483 1560 2542 1603 ut
2578 1552 2675 1617 ait,
2709 1567 2935 1622 peregre
2966 1551 3344 1622 proﬁciscens,
3380 1552 3593 1607 vocavit

2019 1655 2209 1698 servos
2255 1658 2416 1711 suos;
2448 1653 2503 1697 et
2538 1644 2629 1698 uni
2660 1645 2879 1714 quidem
2911 1644 3058 1699 dedit
3092 1645 3336 1715 quinque
3368 1646 3589 1709 talenta,

2020 1731 2176 1787 alteri
2206 1733 2335 1798 duo,
2368 1734 2529 1788 tertio
2548 1734 2781 1804 denique
2809 1750 2976 1789 unum
3002 1736 3049 1768 "
3074 1752 3089 1801 ;
3121 1739 3249 1805 quia
3275 1735 3444 1790 multa
3466 1743 3593 1790 sunt

2022 1822 2189 1889 dona,
2218 1834 2273 1878 et
2297 1825 2528 1880 diversa:
2554 1826 2733 1880 sancti
2779 1825 3019 1896 Spiritus
3056 1828 3438 1893 diribitiones;
3471 1825 3593 1881 ιιιιί-ι

318 1903 547 1976 ἑκάστῳ
564 1906 621 1959 δὲ
649 1909 852 1965 δίδοται
878 1914 1015 1985 πρὸς
1042 1915 1103 1968 τὸ
1130 1918 1407 1990 συμφέρον
1426 1935 1439 1949 ⁸
1459 1921 1669 1988 γένοιτο
1692 1922 1756 1975 ἀν
1781 1939 1903 1975 ποτε

2019 1914 2217 1985 cuique
2259 1926 2439 1972 autem
2477 1917 2637 1971 datur
2656 1920 3070 1989 proutexpedit.
3091 1919 3366 1990 Contiugit
3395 1921 3592 1991 quippe

318 1995 351 2046 ὁ
393 1994 500 2063 μέν
528 2015 614 2060 τις
645 1999 763 2063 ἐνὸς
808 2002 1033 2074 μέτοχος
1065 2008 1423 2080 χαρίσματος,
1454 2012 1482 2063 ὁ
1505 2011 1562 2064 δὲ
1593 2011 1759 2077 δυοῖν,
1799 2014 1827 2064 ὁ
1854 2012 1909 2066 δὲ

318 2089 594 2146 πλειόνων
618 2110 631 2124 ·
662 2095 833 2162 οὕτως
863 2096 956 2153 οὖν
977 2103 1209 2176 εἴρηται,
1235 2106 1313 2177 τῷ
1337 2108 1435 2178 μὲν
1471 2109 1713 2164 δεδόσθαι
1746 2112 1908 2165 πέντε

314 2186 587 2253 τάλαντα,
617 2192 887 2247 τοσούτων
920 2199 1275 2269 χαρισμάτων
1299 2201 1385 2255 διά
1410 2202 1505 2256 τοῦ
1548 2204 1701 2273 ἁγίου
1737 2205 1907 2259 Πνεύι

318 2290 502 2345 ματος
556 2279 705 2351 αὐτῷ
750 2281 1180 2357 δεδωρημένων’
1216 2291 1388 2365 ἑτέρῳ
1436 2293 1493 2346 δὲ
1539 2295 1600 2348 οὐ
1646 2295 1905 2364 τοσαῦτα,

313 2368 437 2422 ἀλλ’
470 2371 531 2424 ἒν
568 2374 728 2443 μόνον
778 2373 1018 2444 δέδοται,
1077 2381 1137 2448 ὃς
1178 2384 1424 2451 πλείονος
1460 2389 1611 2458 τύχοι
1645 2389 1711 2444 ἂν
1743 2403 1910 2445 καται

312 2463 584 2556 κρίσεως,
623 2469 703 2521 ὅτι
745 2471 878 2541 μηδὲ
908 2474 1078 2528 πολλά
1115 2477 1353 2549 εἰληφὼς
1393 2480 1468 2545 ὡς
1506 2482 1813 2552 ἀποκνῆσαι
1840 2487 1906 2556 τῇ

312 2553 427 2605 τῶν
446 2556 710 2611 πλειόνων
725 2561 974 2634 ἐργασίᾳ.
992 2565 1111 2618 οὐδὲ
1134 2567 1228 2619 τοῦ
1249 2568 1366 2633 ἑνὸς
1388 2572 1478 2623 τὸν
1494 2573 1704 2643 καρπὸν
1722 2553 1908 2644 ἐπορίλ

315 2663 479 2711 σατο,
507 2650 677 2721 ἀργὸν
703 2651 759 2704 δὲ
793 2654 924 2707 αὐτὸ
967 2656 1229 2724 φυλάξας,
1260 2662 1353 2715 καὶ
1388 2663 1461 2733 μὴ
1504 2664 1761 2734 μεταδοὺς
1794 2666 1911 2719 ἑτέ-

318 2754 462 2807 ροις,
484 2744 808 2815 στερήσεται
828 2748 923 2800 καὶ
934 2749 1124 2804 τούτου
1143 2753 1283 2805 κατά
1307 2748 1405 2825 τὴν
1427 2757 1690 2826 σωτήριον
1704 2758 1911 2827 ἀπόφα-

315 2848 425 2895 σιν,
446 2834 763 2905 ἐλέγχοντος
778 2839 938 2893 αὑτὸν
956 2841 1050 2895 τοῦ
1071 2845 1257 2914 κριτοῦ
1272 2846 1361 2898 ἐπὶ
1373 2847 1538 2918 ἀργίᾳ
1552 2848 1646 2900 καὶ
1657 2850 1905 2920 ὀκνηρίᾳ,

312 2926 413 2977 καὶ
454 2927 696 2998 φοϐεράν
716 2930 943 3002 ἀπειλὴν
984 2934 1078 2985 καὶ
1106 2934 1285 3004 κρίσιν
1320 2937 1593 3007 ἀπότομον
1609 2924 1906 2993 κατάὑτοῧ

311 3012 666 3085 ἐκφέροντος.
702 3019 764 3070 Οἱ
790 3020 846 3072 δὲ
868 3022 960 3074 καὶ
990 3023 1252 3077 πλειόνων
1281 3026 1374 3079 τοῦ
1401 3027 1558 3095 ἁγίου
1590 3029 1908 3100 Πνεύματος

311 3104 616 3177 ἠξιωμένοι
647 3112 1029 3182 χαρισμάτων,
1077 3111 1193 3169 εἶτα
1223 3116 1427 3171 τούτων
1452 3118 1543 3173 τὸν
1577 3121 1787 3193 καρπὸν
1818 3122 1908 3175 διὰ

308 3202 415 3271 τῆς
448 3204 755 3275 πρακτικῆς
783 3207 1047 3275 ἐργασίας
1069 3209 1622 3276 πολυπλασιάσαντες,
1648 3214 1789 3267 κατὰ
1814 3216 1905 3269 τὸν

2013 2006 2303 2078 aliquando
2339 2018 2397 2062 ut
2432 2009 2629 2079 aliquis
2690 2025 2797 2065 uno
2827 2012 2967 2067 dono
2999 2013 3253 2082 potiatur,
3284 2014 3494 2069 duobus
3520 2012 3591 2066 al-

2013 2108 2114 2161 ter,
2151 2100 2295 2155 alius
2329 2100 2562 2169 denique
2595 2100 2863 2171 pluribus.
2903 2104 2997 2158 Sic
3054 2118 3185 2173 ergo
3228 2104 3432 2159 dictum
3480 2114 3588 2167 est.

2010 2190 2102 2245 alii
2140 2191 2356 2260 quidem
2388 2192 2512 2247 data
2548 2192 2717 2249 fuisse
2751 2195 2993 2264 quinque
3018 2197 3243 2261 talenta,
3301 2197 3426 2267 quia
3465 2198 3591 2251 totl‘

2011 2282 2132 2336 dem
2177 2282 2351 2337 sancti
2412 2284 2651 2353 Spiritus
2720 2286 2863 2340 dona
2894 2285 2966 2340 illi
3004 2285 3264 2342 attributa
3306 2295 3464 2342 sunt:
3498 2287 3587 2342 alii

2010 2386 2193 2431 autem
2225 2378 2367 2431 haud
2416 2378 2662 2447 totidem,
2700 2379 2795 2434 sed
2821 2395 2988 2434 unum
3024 2381 3211 2434 datum
3262 2378 3467 2444 fuisse;
3496 2381 3586 2449 qui

2010 2468 2314 2539 graviorem
2348 2470 2761 2526 damnationem
2792 2470 3050 2542 perferet,
3081 2473 3205 2542 quia
3246 2489 3368 2529 cum
3418 2474 3586 2528 multa

2011 2576 2117 2615 non
2168 2562 2493 2630 accepisset,
2546 2578 2615 2617 ne
2668 2562 2808 2618 forte
2855 2565 2923 2619 ad
2974 2565 3263 2635 operosius
3314 2566 3587 2636 negotium

2011 2658 2291 2721 torperet;
2334 2652 2685 2707 nihilominus
2714 2669 2781 2709 ne
2812 2669 2878 2708 ex
2922 2670 3029 2710 uno
3081 2656 3297 2725 quidem
3351 2656 3584 2713 fructum

2012 2743 2299 2809 retulerit;
2334 2748 2477 2814 quod
2507 2761 2630 2800 cum
2665 2747 2812 2801 iners
2842 2748 3221 2815 custodiverit,
3266 2763 3440 2817 neque
3468 2748 3588 2802 aliis

2012 2834 2175 2891 fuerit
2213 2838 2539 2907 impertitus,
2590 2837 2695 2893 hoc
2738 2839 2855 2908 ipso
2888 2835 3245 2910 spoliabitur,
3289 2842 3587 2896 secundum

2012 2927 2318 2984 Servaloris
2343 2930 2590 2997 effatum,
2621 2933 2918 2987 damnante
2941 2949 3062 2988 eum
3087 2932 3272 3002 judice
3298 2934 3366 2988 de
3396 2948 3589 2989 socora

2010 3020 2098 3074 dia
2159 3032 2322 3090 atque
2374 3022 2608 3092 ignavia,
2664 3023 3047 3094 terribilesque
3094 3026 3268 3081 minas
3307 3036 3365 3082 et
3409 3026 3586 3082 diram

2012 3112 2336 3166 sententiam
2376 3112 2639 3166 adversus
2670 3127 2795 3167 eum
2828 3112 3057 3167 ferente.
3106 3112 3209 3179 Qui
3248 3128 3377 3169 vero
3432 3113 3588 3183 plura

2011 3205 2183 3258 sancti
2218 3204 2453 3272 Spiritus
2478 3219 2703 3259 munera
2747 3205 2936 3259 collata
2962 3206 3290 3272 habuerunt,
3312 3216 3367 3263 et
3395 3207 3589 3262 deinde

309 3293 509 3365 καιρὸν
542 3294 642 3365 τῆς
670 3296 778 3349 τῶν
811 3297 982 3367 λόγων
1014 3304 1329 3373 συνάρσεως
1360 3303 1539 3370 δεξιᾶς
1577 3306 1670 3358 καὶ
1696 3306 1903 3377 ἀγαθῆς

2015 3296 2205 3349 Irarum
2243 3297 2482 3351 fructum
2525 3310 2759 3365 operoso
2795 3297 2984 3353 labore
3026 3297 3483 3368 multiplicarunt,
3533 3297 3589 3352 Ιιί

313 3387 630 3457 μαρτυρίας
662 3389 963 3455 τεύξονται.
1003 3390 1090 3445 Ἑν
1114 3392 1317 3462 ὀλίγοις
1348 3394 1457 3467 γὰρ
1484 3396 1903 3468 δοκιμασθέντας

2011 3403 2117 3455 quo
2147 3396 2393 3457 tempore
2423 3389 2695 3442 rationum
2739 3389 2846 3443 dati
2883 3399 2939 3443 et
2980 3388 3191 3458 accepti
3222 3388 3449 3444 collatio
3475 3389 3586 3452 fiet,

306 3481 429 3542 τοῖς
465 3479 605 3533 κατά
636 3481 727 3534 τὸν
754 3483 1024 3538 ἐνεστῶτα
1052 3485 1185 3556 βίον,
1213 3489 1475 3558 μειζόνων
1504 3491 1611 3542 τῶν
1642 3491 1780 3544 κατὰ
1814 3492 1903 3543 τὸν

2011 3480 2243 3533 faustum
2285 3481 2597 3549 bonumque
2626 3481 2997 3535 testimonium
3056 3482 3311 3537 referent.
3346 3479 3588 3550 Namque

311 3570 584 3640 μέλλοντα
597 3572 769 3627 αίῶνα
782 3576 874 3627 κα)⁵
890 3576 1155 3647 οὐρανίων
1176 3580 1425 3634 ἐπάθλων
1440 3582 1782 3647 καταξιώσει.
1803 3583 1905 3637 Τὸν
2008 3571 2061 3624 Ῐη
2090 3571 2282 3640 νθιιείε
2307 3572 2588 3640 Momms,
2628 3571 2681 3626 ίη
2712 3582 2978 3642 Ρταεεθηίθ
3010 3573 3269 3627 ηίιηίτυῐη
3302 3573 3436 3639 Vim;
3466 3588 3586 3626 εἴηδ’

306 3661 365 3714 δὲ
385 3663 627 3734 πονηρὸν
645 3666 737 3718 καὶ
757 3666 985 3738 ὀκνηρὸν
1011 3668 1194 3724 δοῦλον
1220 3671 1444 3740 ἐλέγξας
1469 3675 1560 3727 ἐπὶ
1582 3677 1647 3746 τῇ
1671 3663 1903 3747 πονηρίᾳ

2011 3660 2213 3731 ioribus
2248 3662 2301 3715 in
2333 3662 2516 3717 futuro
2563 3662 2762 3718 saeculo
2795 3674 2850 3717 et
2875 3663 3193 3718 caelestibus
3234 3663 3475 3730 prmmiis
3515 3662 3590 3715 dio

310 3755 412 3807 καὶ
438 3756 516 3825 τῷ
532 3757 695 3828 δκνῳ,
710 3761 775 3829 τῇ
795 3761 1147 3834 προσηκούσῃ
1163 3764 1476 3834 παραδώσει
1490 3766 1614 3837 δίκῃ
1628 3782 1642 3797 ο
1675 3767 1904 3837 ὀκνηρὸν

311 3847 421 3917 μὲν
450 3849 619 3902 αὑτὸν
644 3851 814 3904 εἰπὼν
847 3853 935 3906 διὰ
963 3852 1025 3906 τὸ
1060 3854 1224 3925 μηδὲν
1250 3856 1499 3927 ἐθελῆσαι
1540 3857 1648 3909 τῶν
1676 3857 1904 3911 δεόντων

305 3939 685 4009 ἐργάσασθαι,
728 3945 965 4016 πονηρὸν
1002 3944 1060 3998 δὲ
1096 3945 1183 3999 διὰ
1214 3946 1275 3999 τὸ
1314 3948 1583 4019 τολμῆσαι
1625 3949 1788 4018 φάναι
1826 3948 1903 4020 τῷ

305 4029 509 4083 ἑαυτοῦ
544 4033 739 4104 κυρίῳ,
780 4035 1061 4106 Αύστηρὸς
1103 4033 1155 4090 εἶ
1191 4038 1494 4110 ἄνθρωπος,
1522 4042 1615 4095 καὶ
1646 4041 1714 4095 τὰ
1750 4038 1898 4111 ἑξῆς.

319 4118 660 4188 Ἀπελέγξας
690 4122 819 4191 γοῦν
835 4123 996 4178 αὑτὸν
1022 4126 1287 4199 πρότερον
1310 4128 1386 4193 ὡς
1404 4130 1898 4197 ὲναντιολογοῦντα,

307 4212 409 4263 καὶ
443 4212 508 4264 ἐκ
532 4212 623 4265 τοῦ
652 4215 921 4285 στόματος
955 4220 1293 4291 κατακρίνας
1333 4222 1517 4286 αὑτὸν,
1546 4224 1649 4288 ὅτι,
1695 4225 1899 4297 καίπερ

307 4303 477 4361 αὐτὸν
496 4304 769 4377 αὐστηρὸν
790 4310 885 4361 καὶ
908 4311 1286 4383 ἀπαραίτητον
1320 4313 1513 4386 κριτὴν
1535 4310 1672 4368 εἶναι
1696 4316 1897 4387 φήσας,

308 4396 466 4465 ὅμως
498 4399 902 4469 κατεφρόνησεν
947 4403 1023 4466 ὡς
1064 4403 1230 4474 μηδὲν
1263 4405 1466 4473 ἀγαθὸν
1499 4406 1898 4478 θελῆσαιυπρᾶ-

308 4486 419 4553 ξαι,
446 4489 793 4563 δικαιοτάτην
813 4492 1008 4557 ἐξοίσει
1029 4496 1129 4565 τὴν
1151 4496 1271 4548 κατ’
1302 4494 1467 4549 αὑτοῦ
1495 4496 1694 4567 ψῆφον,
1723 4499 1899 4569 σκότῳ

2006 3754 2265 3823 gnabitur
2292 3754 2578 3809 Dominus.
2612 3756 2678 3809 At
2714 3769 2843 3811 vero
2878 3770 3112 3825 nequam
3165 3770 3385 3809 servum
3425 3764 3481 3809 et
3510 3755 3589 3824 pi-

2005 3860 2184 3913 grum,
2222 3847 2466 3901 incusata
2495 3845 2612 3915 ejus
2638 3847 2988 3917 improbitate
3010 3856 3064 3902 et
3083 3847 3319 3917 ignavia,
3349 3862 3588 3917 congrua

2005 3952 2164 4007 paena
2200 3937 2432 4004 afﬁciet;
2480 3943 2760 3995 socordem
2808 3956 2931 3995 eum
2957 3941 3276 4010 |appellans,
3302 3940 3428 4009 quia
3462 3938 3584 3993 olli-

2003 4031 2148 4085 cium
2181 4046 2290 4085 non
2317 4032 2632 4100 praestiterit
2663 4050 2678 4099 ;
2717 4049 2945 4102 nequam
2981 4042 3185 4097 autem,
3211 4030 3336 4100 quia
3370 4031 3588 4085 domino

2003 4134 2103 4176 suo
2141 4123 2325 4177 dicere
2354 4139 2521 4178 ausus
2562 4123 3045 4190 fuerit,§Austerus
3071 4138 3130 4177 es
3161 4124 3344 4185 homo,
3375 4129 3429 4176 et
3466 4121 3587 4175 reli-

2003 4231 2129 4285 qua.
2159 4216 2327 4286 Igitur
2362 4231 2428 4272 eo
2456 4227 2717 4287 coarguto
2744 4218 2890 4286 quod
2942 4216 3304 4285 repugnantia
3334 4215 3587 4285 loquerca

2005 4317 2113 4374 tur,
2141 4319 2197 4364 et
2219 4325 2287 4363 ex
2315 4324 2409 4364 ore
2437 4309 2554 4378 ejus
2586 4310 2877 4371 damnans,
2908 4310 3035 4378 quia
3065 4324 3187 4363 cum
3239 4322 3363 4363 eum
3407 4316 3586 4361 austea

2003 4414 2124 4452 rum
2151 4408 2205 4454 et
2234 4400 2627 4454 inexorabilem
2655 4398 2891 4470 jndicem
2927 4414 3048 4454 esse
3084 4401 3336 4464 dixisset,
3394 4398 3588 4454 nihilo-

2008 4492 2192 4545 minus
2222 4501 2333 4546 tam
2382 4492 2546 4547 fuerit
2574 4493 2852 4559 negligens
2884 4500 2941 4545 ut
2969 4492 3104 4546 nihil
3145 4508 3311 4562 agere
3346 4493 3471 4549 boui
3504 4507 3587 4546 vo-

308 4581 593 4653 παραδοὺς
649 4584 809 4637 αὑτὸν
861 4584 1135 4658 ὲξωτάτῳ,
1189 4589 1265 4652 ὠς
1306 4590 1369 4642 οὐ
1413 4590 1571 4660 μόνον
1598 4590 1765 4662 ἀργὸν
1798 4592 1893 4644 καὶ

2011 4583 2189 4645 luerit,
2224 4582 2591 4651 iustissimam
2628 4584 2767 4637 feret
2809 4584 2860 4636 in
2891 4598 3013 4637 eum
3049 4583 3408 4646 sententiam,
3448 4592 3586 4637 tene-

308 4674 575 4744 πονηρὸν,
628 4676 764 4729 ἀλλά
807 4679 900 4730 καὶ
947 4681 1163 4751 ἀχρεῖον
1204 4682 1299 4733 καὶ
1346 4682 1654 4751 ἀπόϐλητον
1687 4681 1891 4738 δοῦλον.

307 4764 463 4831 Δόξει
497 4766 598 4836 μὲν
618 4763 710 4820 οὖν
737 4769 1082 4841 ἀπεριέργως
1103 4773 1225 4824 ὅσον
1254 4772 1346 4824 ἐπὶ
1374 4774 1439 4843 τῇ
1458 4772 1748 4843 ἀκολουθίᾳ
1771 4775 1898 4845 περὶ

308 4854 406 4907 τοῦ
449 4856 616 4927 μηδὲν
644 4860 1041 4931 ἐργασαμένου,
1069 4861 1206 4915 ἀλλά
1240 4862 1657 4933 ἀποκρύψαντος
1697 4863 1758 4915 τὸ
1798 4864 1896 4916 τά-

310 4947 510 5002 λαντον
528 4991 543 5015 ,
567 4950 712 5005 τοῦτ’
747 4954 1020 5025 εἰρῆσθαι·
1051 4954 1174 5007 ἐπεὶ
1207 4954 1264 5007 δὲ
1291 4954 1351 5007 τὸ
1378 4957 1456 5018 εἰς
1478 4950 1766 5025 ήμᾶςῆκον
1785 4954 1895 5025 (20)

321 5041 638 5113 Ἑϐραϊκοῖς
704 5044 1079 5116 χαρακτῆρσιν
1123 5045 1451 5113 Εὑαγγέλιον
1506 5044 1606 5117 τὴν
1664 5044 1896 5117 ἀπειλὴν

311 5134 373 5186 οὐ
414 5136 557 5189 κατά
587 5136 683 5189 τοῦ
728 5136 1146 5209 ἀποκρύψαντος
1177 5138 1402 5209 ἐπῆγεν,
1449 5137 1585 5191 ἀλλά
1628 5136 1769 5191 κατά
1802 5138 1896 5192 τοῦ

384 5225 429 5257 ⁸⁷
464 5227 653 5282 Matth.
694 5244 824 5294 xxv,
848 5229 935 5284 M.

386 5318 500 5387 (18)
547 5319 680 5374 υιοι·
713 5322 815 5375 hoc
844 5324 1030 5388 verbo,
1064 5323 1204 5390 quod
1226 5332 1313 5376 est
1344 5321 1395 5374 in
1439 5320 1759 5390 fragmentis
1787 5336 1887 5370 an—

312 5390 643 5456 tiquissitnis
672 5393 874 5445 veteris
899 5392 1041 5449 Itala:
1073 5390 1262 5445 Matth.
1294 5393 1514 5455 xlx,12,
1553 5409 1581 5446 a
1617 5408 1701 5445 me
1726 5391 1886 5443 editis

310 5476 433 5512 cum
461 5462 646 5532 sancti
682 5462 970 5530 Augustini
1001 5463 1235 5531 genuino
1267 5460 1526 5532 Speculo}
1584 5463 1747 5532 idque
1792 5470 1885 5511 vna

311 5531 565 5601 caliulnni
618 5533 671 5583 in
723 5504 845 5585 ιιιῖο
885 5504 1100 5601 quoque
1156 5504 1425 5601 glossario
1477 5504 1674 5600 dpicil‘.1
1716 5541 1755 5583 t.
1804 5546 1886 5593 ιχ,

306 5599 428 5665 jure
460 5603 651 5671 scripsi
681 5622 693 5656 :
727 5605 861 5656 Sunt
899 5599 1183 5671 spadones,
1226 5610 1360 5664 etc.,
1388 5604 1477 5671 qui
1508 5599 1563 5655 se
1602 5604 1739 5670 ipsos
1767 5617 1891 5667 spa-

309 5672 637 5744 donuuerunt
670 5688 887 5740 propter
910 5690 1147 5744 regnum.
1183 5672 1301 5744 Quo
1328 5674 1743 5744 pio_rsensu,_et
1777 5671 1893 5744 qtti-

309 5742 433 5813 dem
475 5742 581 5797 huc
640 5740 1170 5813 respiciensfetiam
1224 5740 1592 5798 Tertullianus
1644 5742 1719 5795 De
1764 5742 1891 5794 cult.

312 5810 433 5931 53m.
458 5827 535 5881 ιι,
553 5814 708 5883 dixit,
726 5810 781 5869 se
807 5814 1128 5885 spadonatui
1150 5814 1421 5883 assignant
1448 5824 1661 5885 propter
1680 5824 1896 5879 regnum

363 5896 433 5931 ei.

363 5896 433 5935 ἔτι

2004 4673 2187 4727 nebris
2242 4672 2609 4727 exterioribus
2655 4688 2780 4727 eum
2846 4672 3090 4737 tradens,
3149 4688 3254 4726 non
3316 4674 3477 4726 modo
3530 4680 3587 4725 ut

1998 4764 2286 4820 socordem
2317 4774 2373 4817 et
2399 4778 2651 4833 nequam.
2682 4778 2868 4818 verum
2903 4763 3069 4818 etiam
3109 4773 3167 4818 ut
3206 4763 3454 4817 inutilem
3493 4766 3586 4816 do-

2001 4872 2197 4925 moque
2245 4856 2556 4924 pellendum
2606 4854 2889 4910 famulum.
2932 4856 3221 4911 Videbitur
3260 4870 3390 4925 ergo
3423 4866 3585 4921 appa‘

2002 4957 2203 5014 rentcr,
2235 4946 2379 5001 haud
2409 4947 2544 5001 satis
2571 4959 2827 5001 accurate
2860 4947 3003 5017 quod
3028 4948 3222 5001 attinet
3243 4948 3308 4999 ad
3330 4959 3585 4998 sensuum

2006 5041 2308 5110 sequelatn,
2344 5038 2447 5093 hoc
2480 5039 2548 5094 de
2593 5039 2686 5093 illo
2719 5040 2889 5093 fuisse
2942 5038 3145 5092 dictum
3170 5038 3262 5106 qui
3297 5033 3430 5088 nihil
3456 5049 3592 5103 opeo

2013 5149 2141 5190 rans
2196 5134 2461 5188 talentum
2514 5132 2826 5187 abscondit.
2886 5131 3047 5187 Certe
3093 5131 3239 5201 quod
3302 5128 3585 5184 Hebraicis

2061 5315 2175 5385 (l9)
2223 5315 2337 5370 Hoc
2395 5327 2613 5384 quoque
2667 5314 2857 5385 ingens
2895 5313 3258 5385 fragmentum
3297 5327 3468 5380 usque
3515 5315 3583 5370 ad

1990 5384 2163 5441 verba
2209 5396 2467 5470 extrema
2518 5384 2835 5470 ﬂaPa5til'd’Et
2881 5384 3031 5470 δίκῃ.
3085 5386 3476 5470 εθηὶινιίιιιιιιιιι
3507 5390 3581 5470 “in

1990 5458 2179 5513 codice
2211 5450 2422 5526 A.254.
2453 5456 2507 5526 li.
2534 5450 2832 5509 Εὑσεὸίου
2862 5454 2929 5518 β.
2967 5450 3294 5526 (ἑιιιιὶδίείίξ
3323 5470 3483 5521 supra
3503 5454 3581 5526 β.)

1992 5525 2355 5595 Θεοφανείας
2388 5540 2406 5578 :
2445 5523 2683 5588 Eusebii,
2714 5526 2849 5595 libro
2880 5520 3066 5594 quarto
3096 5520 3471 5595 Tlie'Oplumiw.

2063 5594 2175 5671 (ΞΟ)
2205 5598 2377 5671 Etiam
2406 5596 2457 5671 i_t_t
2487 5596 2707 5671 Syriaca
2740 5594 3199 5671 Theophaniqdib.
3233 5610 3306 5671 tv,
3342 5595 3580 5671 ίξέτλιαιιι

1995 5660 2090 5723 dat
2119 5660 2385 5723 Eusebius
2415 5660 2695 5733 Evangelii
2729 5660 3013 5732 exe-inplar
3052 5660 3337 5718 Hebraicis
3366 5660 3449 5733 (id
3497 5674 3580 5721 est

1995 5739 2273 5811 Syriacis)
2329 5737 2522 5789 litteris
2550 5736 2830 5811 scriptum.
2860 5735 2990 5811 Alam
3032 5749 3160 5811 vero
3189 5752 3312 5789 cum
3349 5736 3402 5789 in
3434 5734 3578 5811 fit.

1998 5804 2326 5864 bibliotheca
2351 5813 2519 5861 codex
2545 5804 2721 5861 exstet
2752 5806 3010 5877 Syriacus
3050 5806 3150 5859 sub
3174 5820 3399 5860 numero
3434 5804 3581 5873 XIX,

2000 5881 2213 5943 priscus
2258 5879 2393 5934 adeo
2436 5888 2493 5933 ut
2541 5877 2759 5935 Eusebii
2811 5887 3026 5934 aetatem
3076 5890 3364 5945 exaequare
3426 5888 3582 5933 posse
