4008 6516
442 417 550 474 687

1174 413 1440 469 EUSEBII
1479 411 1947 469 C/ESARIENSIS
1983 411 2135 470 OPP.
2178 409 2358 466 PARS
2395 410 2485 467 IV.
2523 438 2595 452 -—
2633 408 3051 465 DOGMATICA.

3576 410 3689 460 ϐκδ

445 535 640 593 litteris
690 535 1062 605 conscriptum
1105 532 1460 603 Evangelium
1509 533 1576 588 ad
1620 548 1719 587 nos
1775 533 2006 596 devenit,

2114 529 2335 595 ἀσώτως
2374 529 2647 601 ὲζηκότος.
2690 530 2852 602 Τρεῖς
2878 528 2987 600 γὰρ
3025 526 3243 589 δούλους
3290 525 3525 597 περιεῖχε
3544 564 3559 590 ,
3591 525 3690 577 τὸν

446 631 624 685 minas
671 629 793 684 illas
841 628 988 683 haud
1036 636 1228 683 contra
1256 626 1448 683 talenti
1475 627 1887 692 occultatorem,
1915 626 2009 682 sed

443 734 633 780 contra
662 721 939 776 luxuriose
965 719 1238 776 viventem
1287 719 1544 775 intendit.
1581 718 1715 774 Tres
1749 718 1893 773 enim
1936 716 2010 773 ibi

446 825 909 886 reprasentantur
935 817 1116 877 servi;
1142 816 1281 872 alius
1315 814 1515 869 domini
1546 812 1902 868 substantiam
1926 809 2013 865 de-

440 918 641 959 vorans
670 918 794 959 cum
825 904 1203 959 meretricibus
1225 914 1280 957 et
1300 901 1649 966 saltricibus;
1682 900 1822 955 alter
1845 912 2012 970 opere

440 994 843 1064 multiplicans;
875 995 1347 1050 tertiustalentum
1365 994 1670 1049 occultans.
1702 992 1903 1047 Deinde
1931 989 2011 1044 ait

439 1100 605 1141 unum
634 1086 853 1156 quidem
904 1086 1165 1142 benevole
1212 1096 1521 1155 exceptum,
1562 1086 1786 1141 altermn
1823 1098 2009 1153 repre-

440 1181 670 1236 hensum
705 1180 1101 1243 tantummodo,
1129 1179 1347 1234 tertium
1374 1180 1425 1233 in
1451 1177 1663 1233 vincula
1682 1176 2007 1247 conjectum.

437 1277 800 1347 Ambigo,-an
834 1274 973 1328 forte
1006 1275 1147 1344 apud
1185 1275 1498 1328 Mattbaeum
1533 1283 1649 1344 post
1701 1272 2007 1327 absolutmn

439 1377 627 1423 contra
660 1368 907 1437 ignavum
940 1382 1156 1421 servum
1209 1380 1544 1428 sermonem,
1592 1380 1712 1434 qua:
1762 1362 2010 1433 sequitur

435 1460 728 1525 sententia,
764 1460 904 1515 haud
934 1459 985 1512 in
1014 1458 1179 1522 hunc,
1226 1457 1319 1511 sed
1351 1472 1447 1524 per
1475 1455 1831 1526 epanalepsin
1865 1454 2009 1509 dicta

436 1544 599 1599 fuerit
660 1546 921 1601 adversus
993 1544 1365 1599 comedentem
1424 1553 1478 1599 et
1532 1544 1804 1600 bibentem
1881 1557 2007 1598 cum

434 1637 688 1693 ebriosis.

505 1726 631 1782 Haec
677 1726 844 1798 igitur
899 1726 971 1782 ita
1007 1727 1148 1795 apud
1198 1727 1510 1781 Mattbaaum
1581 1725 1725 1779 dicta
1790 1723 2007 1778 (uerunt

434 1817 489 1873 in
516 1828 700 1874 monte
727 1818 1000 1883 Olearum,
1023 1820 1112 1873 ubi
1136 1819 1398 1875 Servator
1419 1832 1542 1873 cum
1571 1816 1850 1884 discipulis
1875 1830 2009 1870 con-

432 1909 631 1967 sistens
660 1912 724 1967 de
750 1911 934 1966 mundi
982 1911 1449 1966 consummatione
1493 1909 1816 1965 disserebat.
1862 1906 2008 1961 Prae-

435 2000 638 2057 dictam
675 2012 855 2058 autem
881 2005 1195 2073 parabolam
1228 2005 1377 2059 solus
1407 2002 1585 2058 Lucas
1612 2007 2006 2056 commemorat

433 2101 692 2163 tanquam
750 2095 951 2150 dictam
984 2112 1012 2149 a
1071 2096 1364 2151 Servatore
1417 2110 1525 2165 quo
1563 2102 1810 2163 tempore
1863 2091 2005 2160 apud

435 2179 841 2238 Hiericbuntem
871 2184 1101 2254 degebat
1132 2185 1202 2238 ⁸⁸.
1233 2184 1413 2252 Quare
1451 2198 1550 2239 nec
1580 2182 1827 2237 eamdem
1866 2181 2007 2235 hanc

431 2288 554 2330 cum
581 2274 668 2327 illa
696 2289 816 2329 esse
841 2277 1141 2344 putandum
1166 2286 1272 2341 est,
1302 2276 1560 2345 quoniam
1591 2288 1711 2345 quae
1745 2272 1799 2327 in
1826 2272 2009 2328 amba-

432 2366 535 2420 bus
565 2366 839 2435 leguntur,
883 2369 1025 2421 baud
1057 2368 1251 2423 similia
1303 2377 1451 2424 sunt.
1482 2365 1579 2421 Hic
1628 2365 1771 2420 enim
1819 2364 2004 2420 decem

430 2458 694 2513 dicuntur
721 2457 891 2524 servi,
916 2458 1025 2513 illic
1049 2458 1191 2513 haud
1228 2459 1342 2527 pari
1379 2471 1625 2512 numero.
1677 2455 1777 2510 Hic
1805 2454 2002 2525 singuli

430 2548 672 2619 singulas
700 2549 875 2604 minas
897 2549 1189 2620 accipiunt,
1218 2550 1329 2605 illic
1348 2550 1487 2605 alius
1510 2549 1750 2619 quinque
1781 2550 2000 2615 talenta,

445 2640 586 2695 alter
610 2641 740 2707 duo,
775 2642 968 2696 tertius
985 2656 1150 2696 unum
1180 2642 1398 2712 accipit.
1445 2641 1543 2696 Hie
1575 2642 1666 2710 qui
1696 2640 2007 2711 decuplavit

437 2733 664 2799 minam,
694 2733 848 2787 audit
875 2748 892 2787 :
929 2730 1099 2801 Euge,
1126 2746 1285 2787 serve
1320 2732 1463 2787 bone
1491 2741 1547 2787 et
1568 2731 1762 2795 ﬁdelis,
1787 2733 1913 2802 quia
1949 2732 2002 2786 in

441 2821 668 2876 minimo
696 2821 844 2877 fuisti
873 2822 1069 2888 ﬁdelis,
1100 2834 1218 2878 esto
1242 2831 1565 2893 potestatem
1602 2823 1808 2878 habens
1845 2839 2005 2895 super

428 2914 615 2969 decem
646 2916 830 2973 urbes.
850 2914 949 2983 Qui
978 2926 1159 2972 autem
1190 2931 1257 2972 ex
1286 2932 1388 2973 una
1418 2916 1547 2971 fecit
1574 2916 1832 2987 quinque,
1854 2917 2005 2973 simi-

439 3002 568 3059 liter
582 3005 733 3061 audit
765 3020 782 3059 :
814 3006 893 3062 'l'u
920 3022 1137 3078 quoque
1169 3022 1330 3078 supra
1392 3008 1629 3078 quinque
1680 3009 1840 3063 urbes
1863 3017 2003 3062 esto.

429 3091 490 3149 In
520 3096 850 3152 talentorum
882 3114 1012 3154 vero
1030 3101 1286 3171 parabola
1315 3100 1597 3155 dicebatur
1624 3113 1818 3171 :euge,
1850 3115 2005 3155 serve

430 3186 602 3253 bone;
633 3189 686 3243 in
714 3190 904 3258 paucis
928 3190 1079 3247 luisti
1110 3190 1303 3259 ﬁdelis,
1334 3206 1498 3261 super
1528 3194 1700 3247 multa
1729 3200 1783 3247 te
1806 3190 2007 3248 eonsti-
2033 3231 2076 3289 ο

432 3290 580 3337 tuam
607 3300 624 3351 ;
653 3284 795 3339 intra
825 3284 880 3339 in
906 3285 1161 3356 gaudium
1193 3284 1399 3343 domini
1425 3284 1527 3341 tui.

500 3555 615 3625 Age
659 3569 791 3610 vero
835 3555 1107 3624 parabola:
1148 3556 1583 3626 explanationem
1636 3557 1702 3611 ad
1752 3572 2009 3628 compen-

424 3648 574 3702 dium
605 3647 986 3715 conferentes,
1018 3648 1090 3702 ita
1121 3649 1381 3705 dicimus.
1418 3650 1844 3705 Arbitrabantur
1875 3666 2009 3705 non-

425 3740 577 3809 nulli,
606 3740 782 3810 primo
814 3739 1125 3797 Servatoris
1147 3742 1319 3797 nostri
1348 3741 1581 3796 adventu
1625 3756 1852 3811 regnum
1888 3742 2007 3814 ejus

424 3834 564 3901 fore,
594 3833 757 3903 idque
781 3843 910 3888 tunc
939 3832 1282 3903 iucepturum
1317 3833 1708 3890 existimabant
1732 3836 1915 3889 statim
1942 3850 2007 3891 ac

425 3925 799 3998 Hierosolyma
861 3927 1222 3981 ascendisset.
1262 3927 1414 3981 Adeo
1470 3926 1591 3981 illos
1646 3927 2007 3984 admiratione

422 4018 776 4087 perculerant
821 4026 1035 4087 patrata
1081 4018 1152 4073 ab
1216 4017 1335 4089 ipso
1389 4017 1671 4073 miracula.
1730 4017 2008 4101 Adversus

422 4108 567 4165 hanc
582 4109 897 4179 opinionem
926 4108 1190 4165 Servator
1214 4110 1404 4175 docet,
1447 4109 1589 4164 baud
1625 4118 1753 4164 ante
1778 4125 1808 4163 a
1844 4109 2006 4166 Patre

421 4216 483 4257 se
509 4216 737 4271 regnum
768 4211 1149 4272 accepturum,
1189 4216 1353 4271 quam
1395 4216 1623 4273 peregre
1667 4201 1736 4256 ab
1765 4202 2005 4258 bomini-

421 4296 521 4350 bus
550 4295 619 4350 ad
651 4294 870 4351 Patrem
900 4296 1122 4351 abierit.
1162 4295 1216 4349 ld
1247 4310 1379 4349 vero
1413 4296 1518 4350 bac
1563 4295 1816 4364 parabola
1859 4294 2004 4350 allir-

423 4387 593 4441 Inavit
622 4388 813 4443 dicens
846 4404 862 4444 :
896 4388 1069 4441 Homo
1095 4388 1314 4457 quidam
1350 4387 1542 4442 nobilis
1573 4388 1701 4441 abiit
1742 4390 1798 4442 in
1832 4390 2006 4458 regio.

421 4492 537 4531 nem
564 4475 929 4547 longinquam,
959 4488 1012 4530 ut
1035 4477 1292 4544 acciperet
1315 4476 1416 4531 sibi
1440 4493 1680 4547 regnum,
1706 4487 1755 4531 et
1778 4480 2003 4545 rediret;

2108 626 2211 696 μὲν
2256 625 2641 695 καταφαγόντα
2684 624 2783 694 τὴν
2826 620 3060 693 ὓπαρξιν
3102 615 3196 672 τοῦ
3244 617 3504 671 δεσπότου
3545 617 3690 687 μετὰ

2111 717 2327 789 πορνῶν
2366 719 2460 771 καὶ
2491 715 2859 787 αὐλητρίδων,
2900 713 2989 766 τὸν
3034 712 3091 765 δὲ
3134 706 3691 764 πολλαπλασιάσαντα

2109 804 2208 875 τὴν
2247 805 2529 875 ἐργασίαν,
2546 803 2637 858 τὸν
2658 803 2715 856 δὲ
2733 800 3157 872 κατακρύψαντα
3177 798 3236 853 τὸ
3256 798 3536 851 τάλαντον⁸
3564 793 3692 850 εἶτα

2108 896 2199 949 τὸν
2230 897 2328 968 μὲν
2362 895 2748 966 ἀποδεχθῆναι,
2767 892 2858 946 τὸν
2888 892 2944 945 δὲ
2982 890 3299 963 μεμφθῆναι
3319 887 3607 961 μόνον,τὺν
3631 888 3691 941 δὲ

2111 987 2532 1057 συγκλασθῆναι
2588 984 2968 1057 δεσμωτηρίῳ.
3024 982 3360 1051 Ἐφίστημι,
3432 982 3690 1051 μήποτε,

2110 1077 2252 1129 κατὰ.
2276 1079 2367 1130 τὸν
2388 1076 2681 1137 Ματθαῖον,
2706 1074 2845 1145 μετά
2866 1074 2965 1146 τὴν
2988 1071 3206 1143 συμπλη
3216 1087 3381 1142 ρωσιν
3406 1070 3499 1122 τοῦ
3528 1069 3692 1137 λόγου
3754 1080 3759 1083 ‘

2109 1171 2207 1242 τὴν
2235 1170 2375 1224 κατὰ
2393 1168 2486 1223 τοῦ
2521 1169 2685 1240 μηδὲν
2701 1167 3076 1241 ἐργασαμένου
3109 1169 3142 1238 ὴ
3174 1166 3301 1237 ἑξῆς
3325 1162 3691 1234 ἐπιλεγομένη

2108 1261 2305 1333 ἀπειλὴ
2332 1262 2392 1315 οὐ
2418 1261 2547 1331 περὶ
2580 1260 2768 1323 αὐτοῦ,
2805 1258 2942 1313 ἀλλὰ
2975 1259 3104 1329 περὶ
3143 1257 3238 1311 τοῦ
3269 1255 3535 1328 προτέρου
3562 1253 3693 1307 κατ’

2108 1354 2445 1426 ἐπανάληψιν
2466 1352 2715 1405 λέλεκται
2738 1351 2831 1405 τοῦ
2855 1351 3124 1414 ἐσθίοντος
3152 1349 3246 1402 καὶ
3276 1349 3520 1412 πίνοντος
3547 1345 3695 1418 μετὰ

2108 1447 2215 1501 τῶν
2249 1446 2573 1517 μεθυόντων.

2178 1718 2363 1774 Ταῦτα
2419 1719 2518 1790 μὲν
2562 1714 2654 1773 οὖν
2693 1719 2866 1784 οὕτως
2898 1720 3110 1791 εἴρηται
3168 1721 3319 1790 παρά
3374 1716 3467 1771 τοῦ
3524 1718 3692 1773 Ματ-

2109 1811 2259 1866 θαίου
2287 1812 2380 1865 ἐπὶ
2410 1812 2503 1865 τοῦ
2530 1813 2690 1884 ὅρους
2734 1812 2841 1864 τῶν
2880 1811 3125 1875 Ἐλαιῶν,
3149 1811 3241 1864 τοῦ
3290 1812 3542 1881 Σωτῆρος
3575 1812 3697 1873 τοῖς

2108 1903 2270 1957 αὑτοῦ
2329 1904 2598 1975 μαθηταῖς
2640 1906 2891 1968 συνόντος
2946 1904 3039 1957 καὶ
3093 1904 3161 1957 τὰ
3195 1902 3324 1975 περὶ
3358 1902 3459 1973 τῆς
3501 1917 3695 1955 συντε-

2108 1997 2258 2061 λείας
2307 1998 2857 2070 προδιαστελλομένου
2888 2014 2903 2027 ·
2957 1997 3056 2070 τὴν
3089 1997 3147 2050 δὲ
3180 1996 3548 2067 προκειμένην
3590 2013 3695 2049 πα-

2110 2090 2341 2163 ραϐολὴν
2372 2091 2531 2161 μόνος
2554 2093 2767 2156 Λουκᾶς
2808 2091 3312 2163 ἀπεμνημόνευσεν,
3346 2092 3423 2154 ὼς
3454 2091 3547 2143 τοῦ
3579 2092 3693 2143 Σωο

2106 2180 2273 2251 τῆρος
2308 2180 2589 2252 εἰρηκότος
2614 2182 2783 2252 αὐτὴν
2799 2180 2921 2235 καθ’
2945 2182 3004 2235 ὃν
3032 2182 3221 2253 χρόνον
3248 2180 3306 2234 ὲν
3348 2172 3566 2252 Ἰεριχᾶἰ
3594 2179 3695 2244 τὰς

2105 2270 2387 2342 διατριϐὰς
2442 2275 2692 2326 ἐποιεῖτο.
2740 2273 2940 2346 Διόπερ
2986 2273 3107 2326 οὐδὲ
3154 2273 3252 2343 τὴν
3284 2272 3453 2345 αὐτὴν
3504 2272 3695 2347 ἐκείνῃ

2105 2361 2310 2433 ταύτην
2366 2357 2506 2415 εἶναι
2538 2363 2894 2432 ὑποληπτέον,
2922 2366 3045 2418 ἐπεὶ
3080 2365 3215 2436 μηδὲ
3274 2364 3342 2418 τὰ
3394 2366 3451 2418 ὲν
3503 2366 3695 2427 αὐτοῖς

2107 2455 2382 2527 φερόμενα
2436 2456 2598 2525 ὅμοια
2650 2458 2927 2527 τυγχάνει.
2970 2457 3231 2512 Ἐνταῦθα
3286 2457 3389 2528 μὲν
3420 2457 3530 2529 γὰρ
3556 2457 3695 2510 δέκα

2106 2548 2356 2617 λέγονται
2379 2548 2576 2612 δοῦλοι,
2613 2550 2729 2602 ἐκεῖ
2760 2549 2816 2602 δὲ
2865 2550 2927 2603 οὐ
2958 2550 3203 2603 τοσοῦτοι
3223 2567 3236 2579 °
3273 2551 3367 2603 καὶ
3395 2549 3633 2603 ἐνταῦθα
3667 2551 3697 2602 6

2108 2637 2295 2703 καθεὶς
2346 2638 2449 2692 ἀνὰ
2505 2638 2633 2709 μίαν
2663 2641 2800 2709 μνᾶν
2833 2639 3119 2710 λαμϐάνει,
3154 2642 3271 2693 ἐκεῖ
3320 2640 3378 2693 δὲ
3410 2643 3438 2693 ό
3474 2640 3576 2713 μέν
3612 2658 3697 2706 τις

2109 2729 2269 2783 πέντε
2296 2730 2553 2793 τάλαντα,
2577 2731 2606 2783 6
2637 2730 2694 2783 δὲ
2720 2730 2832 2793 δύο,
2854 2733 2882 2785 ὁ
2905 2732 2959 2785 δὲ
2999 2732 3076 2785 ἐν.
3113 2733 3222 2786 Καὶ
3261 2732 3491 2786 ἐνταῦθα
3511 2733 3539 2785 6
3595 2734 3697 2804 μέν

2106 2838 2190 2885 τις
2248 2820 2688 2887 δεκαπλασιάσας
2735 2822 2834 2895 τὴν
2891 2825 3026 2894 μνᾶν
3087 2824 3293 2891 ἀκούει,
3341 2820 3451 2891 Εὖ,
3505 2824 3697 2879 δοῦλε

2107 2912 2291 2981 ἀγαθὲ
2313 2914 2411 2968 καὶ
2442 2913 2642 2979 πιστέ,
2670 2914 2759 2967 ὅτι
2782 2916 2852 2968 ἐν
2883 2915 3187 2984 ἐλαχίστῳ
3218 2917 3433 2983 πιστὸς
3452 2916 3696 2986 ἐγένου,

2111 3005 2233 3059 τσθι
2287 3005 2575 3069 ἐξουσίαν
2620 3008 2778 3075 ἔχων
2825 3008 3027 3060 ἐπάνω
3079 3006 3227 3062 δέκα
3272 3010 3538 3062 πόλεων·
3580 3012 3611 3062 6
3644 3010 3695 3062 δὲ

2108 3097 2207 3169 τὴν
2242 3099 2369 3169 μίαν
2402 3098 2561 3152 πέντε
2604 3100 2836 3171 ποιήσας
2877 3099 3083 3164 ἀκούει,
3110 3100 3217 3155 Καί
3244 3101 3326 3154 σὺ
3350 3101 3521 3169 γίνου
3548 3101 3697 3154 ἐπά-

2110 3206 2193 3243 νω
2219 3189 2398 3244 πέντε
2423 3192 2677 3245 πόλεων.
2732 3192 2821 3244 Ἐν
2852 3191 2907 3243 δὲ
2939 3194 3005 3263 τῇ
3039 3191 3150 3244 τῶν
3189 3192 3464 3247 ταλάντων
3506 3210 3697 3264 παρα-

2109 3282 2237 3355 ϐολῇ
2301 3284 2538 3352 ἐλέγετο,
2593 3284 2702 3349 Εὖ,
2764 3284 2947 3339 δοῦλε
3004 3286 3219 3355 ἀγαθὲ,
3261 3287 3359 3340 ἐπὶ
3404 3288 3580 3357 ὀλίγα
3617 3288 3697 3355 ἧς

2108 3375 2344 3442 πιστὸς,
2371 3376 2469 3429 ἐπὶ
2503 3375 2752 3431 πολλῶν
2785 3393 2859 3431 σε
2887 3377 3274 3446 καταστήσω·
3325 3379 3566 3435 ετσελθε
3606 3382 3697 3446 εἰς

2108 3466 2223 3536 τὴν
2249 3466 2442 3537 χαρὰν
2466 3469 2573 3523 τοῦ
2604 3470 2827 3538 Κυρίου
2861 3487 3001 3524 σου.

2178 3560 2288 3629 Τήν
2320 3578 2385 3629 γε
2441 3560 2567 3632 μὴν
2602 3562 2684 3625 είς
2742 3560 2843 3632 τὴν
2884 3562 3199 3635 παραϐολὴν
3244 3563 3539 3635 ἑρμηνείαν
3572 3565 3689 3618 ἑπι-

2107 3651 2426 3723 τεμνόμενοί
2461 3670 2643 3724 φαμεν
2666 3669 2681 3683 ·
2725 3653 3024 3708 ’Υπέλαϐόν
3052 3672 3197 3719 τινες
3226 3656 3367 3709 κατὰ
3395 3656 3496 3727 τὴν
3540 3656 3692 3728 πρώ-

2104 3743 2315 3815 τηντοῦ
2340 3745 2592 3817 Σωτῆρος
2618 3745 2775 3817 ήμῶν
2814 3747 3119 3818 παρουσίαν
3148 3748 3248 3817 τὴν
3282 3747 3561 3818 βασιλείαν
3595 3749 3694 3800 αὺ-

2104 3837 2199 3891 τοῦ
2231 3838 2589 3909 γενήσεσθαι·
2616 3839 2721 3893 ικαὶ
2753 3838 2911 3893 τοῦτο
2961 3838 3211 3910 ἐνόμιζον
3236 3840 3454 3893 ἔσεσθαι
3512 3857 3695 3912 παρα-

2106 3928 2292 4000 χρῆμα
2313 3930 2434 3983 τότε
2461 3930 2681 3984 ἐπειδὰν
2714 3930 2876 4000 ἐπιϐῇ
2906 3933 3017 3994 τοῖς
3061 3930 3453 4003 Ἰεροσολύμοις
3472 3948 3486 3962 ο
3516 3931 3694 3997 οὕτως

2106 4020 2432 4091 ἐξέπληττον
2480 4021 2676 4085 αὐτοὺς
2714 4022 2773 4074 αί
2816 4020 3132 4092 θεοσημείαι
3181 4023 3273 4076 ὑπ’
3304 4022 3469 4075 αὑτοῦ
3504 4040 3695 4074 συντε-

2105 4108 2383 4181 λούμεναι.
2423 4112 2567 4184 Πρὸς
2591 4111 2655 4181 δὴ
2676 4106 2770 4166 οὖν
2798 4110 3004 4182 ταύτην
3036 4113 3134 4184 τὴν
3160 4113 3414 4166 ὑπόνοιαν
3435 4115 3463 4167 ό
3499 4114 3693 4185 Σωτὴρ

2105 4199 2365 4265 διδάσκει,
2396 4202 2472 4273 μὴ
2506 4202 2768 4275 πρότερον
2794 4202 2957 4257 αὑτὸν
3000 4203 3151 4275 παρά
3190 4202 3283 4257 τοῦ
3328 4204 3542 4275 Πατρδς
3592 4205 3697 4275 τὴν

2107 4291 2383 4362 βασιλείαν
2427 4294 2823 4367 ἀπολήψεσθαι,
2870 4296 2901 4367 ἢ
2964 4297 3062 4367 τὴν
3108 4296 3419 4368 ἀποδημίαν
3472 4296 3569 4367 τὴν
3632 4297 3692 4362 ἐξ

2105 4383 2409 4458 ἀνθρώπων
2441 4386 2576 4461 πρὸς
2621 4386 2711 4439 τὸν
2762 4388 2980 4458 Πατέρα
3036 4387 3368 4440 στείλασθαι.
3418 4385 3591 4439 Τοῦτο
3633 4385 3692 4439 δὲ

2104 4477 2192 4531 διὰ
2235 4478 2336 4549 τῆς
2384 4478 2701 4551 παραϐολῆς
2754 4480 3027 4552 παρίστη,
3079 4480 3253 4549 λέγων
3275 4496 3290 4510 ο
3354 4480 3690 4547 Ἄνθρωπός

423 4564 658 4620 nobilem
690 4568 909 4636 quidem
937 4575 1109 4623 semet
1142 4567 1421 4637 appellans
1461 4575 1676 4637 promer
1726 4569 2000 4623 carnalem

2110 4587 2194 4635 τις
2242 4570 2496 4640 εὐγενὴς
2545 4570 2838 4640 ἐπορεύθη
2882 4574 2971 4638 εις
3027 4570 3229 4641 χώραν
3279 4570 3538 4640 μακρὰν,
3582 4572 3692 4623 λαμ⁵

422 4659 761 4714 nativitatem
816 4674 979 4729 quam
1019 4675 1087 4715 ex
1121 4660 1462 4725 Abrahamo,
1511 4660 1718 4727 lsaaco,
1775 4661 2002 4727 Jacobu,

422 4749 647 4816 Davide,
680 4760 845 4821 atque
873 4754 1067 4807 borum
1102 4752 1339 4822 posteris
1365 4753 1595 4808 sortitus
1636 4765 1776 4807 erat.
1822 4752 2004 4820 Quare

419 4851 475 4898 et
502 4844 776 4899 hominem
805 4858 865 4900 se
920 4845 1240 4900 nominavit.
1272 4845 1406 4899 Dum
1439 4860 1569 4901 vero
1599 4844 1675 4899 ait
1699 4846 2001 4916 profectum

420 4935 475 4991 in
505 4935 779 5006 regionem
813 4936 1185 5006 longinquam,
1217 4952 1376 4992 suum
1428 4936 1479 4989 iu
1517 4936 1714 4990 caelum
1759 4938 1825 4991 de
1860 4945 2000 4990 terra

421 5025 656 5079 reditum
696 5024 1050 5095 signiﬁcavit.
1096 5026 1321 5081 Addens
1377 5025 1632 5096 denique,
1664 5041 1725 5081 se
1778 5040 2003 5099 accepto

421 5130 591 5184 regno
620 5130 989 5181 reversurum,
1034 5118 1329 5172 secundum
1380 5131 1536 5171 suam
1585 5118 1999 5186 tbeophaniam,

420 5206 713 5273 gloriosam
737 5218 901 5278 atque
925 5207 1185 5278 regalem,
1212 5208 1508 5263 denotavit.
1540 5207 1711 5263 Porro
1734 5210 2004 5279 praedictas

425 5306 669 5368 tempore
699 5298 1159 5367 peregrinationis
1186 5312 1377 5353 servos
1408 5298 1555 5353 illius
1586 5298 1718 5353 dicit
1746 5310 2001 5369 acceptas

422 5392 599 5444 minas
654 5390 873 5446 diverso
920 5406 1178 5447 successu
1237 5390 1406 5447 fuisse
1466 5392 1773 5463 negotiatos
1803 5411 1819 5447 :
1850 5395 2003 5449 cives

423 5495 550 5538 vero
578 5483 821 5552 ejusdem
862 5485 965 5554 ipsi
1016 5483 1279 5553 infensos,
1314 5485 1479 5540 missa
1534 5495 1655 5556 post
1698 5499 1819 5540 eum
1856 5487 2002 5561 lega-

492 5598 539 5630 "
568 5597 696 5654 Luc.
730 5615 843 5665 ιιι,
874 5599 961 5654 19.

425 5695 713 5769 videatur;
764 5694 932 5769 isque;
973 5697 1153 5769 lingua
1213 5697 1499 5757 Palaestina
1573 5706 1848 5760 contineat
1914 5722 1989 5761 ss.

426 5764 736 5842 Evangelia,
774 5767 971 5834 cupide
1005 5764 1249 5842 consului
1283 5787 1408 5826 num
1458 5774 1527 5827 ibi
1584 5775 1698 5829 haec
1732 5777 1989 5842 parabola

423 5834 805 5907 italcgeretur,
835 5844 894 5893 ut
924 5840 1086 5897 modo
1109 5842 1186 5896 ait
1208 5840 1473 5900 Eusebius
1498 5860 1513 5911 ;
1537 5846 1631 5901 sed
1654 5834 1988 5903 contrarium

2113 4661 2239 4714 ϐεῖν
2302 4660 2493 4727 ἐαυτῷ
2560 4662 2889 4726 ,ϐασιλείαν
2958 4664 3055 4717 καὶ
3124 4662 3505 4730 ὑποστρέψαι
3522 4678 3536 4692 ·
3600 4662 3691 4715 εὐ-

2110 4755 2243 4826 γενῆ
2290 4754 2386 4827 μὲν
2423 4756 2615 4808 ἑαυτὸν
2670 4754 2851 4809 καλῶν
2899 4756 2988 4810 διὰ
3037 4754 3136 4827 τὴν
3175 4754 3317 4808 κατὰ
3376 4755 3555 4825 σάρκα
3600 4753 3690 4822 γέ-

2109 4865 2254 4901 νεσιν
2306 4847 2366 4913 ἐξ
2414 4847 2659 4920 Ἀϐραὰμ
2694 4849 2787 4902 καὶ
2830 4848 3018 4902 Ἰσαὰκ
3076 4849 3171 4901 καὶ
3229 4846 3453 4911 Ἰακὼϐ,
3513 4846 3578 4899 ἐκ
3631 4862 3689 4899 τε

2110 4940 2273 4994 Δαϐὶδ
2302 4942 2394 4995 καὶ
2425 4940 2535 4995 τῶν
2557 4942 2745 4995 τούτου
2775 4940 3034 5011 διαδόχων
3057 4940 3430 5012 γεγενημένην
3449 4956 3464 4971 ·
3490 4938 3574 4992 διδ
3598 4940 3690 4991 καὶ

2107 5032 2393 5104 ἄνθρωπον
2417 5034 2607 5088 ἑαυτὸν
2630 5031 2899 5105 ὠνόμαζε.
2934 5033 3122 5101 Λέγων
3149 5032 3224 5099 δὲ,
3258 5034 3575 5100 Ἐπορεύθη
3604 5034 3688 5097 εις

2108 5124 2309 5195 χώραν
2332 5126 2590 5196 μακρὰν,
2620 5129 2718 5199 τὴν
2746 5128 2855 5181 ἀπὸ
2876 5128 2979 5199 γῆς
3007 5130 3088 5192 είς
3108 5127 3333 5199 οὐρανὸν
3363 5126 3547 5179 ἄνοδον
3569 5127 3687 5178 ἑαυ-

2104 5218 2196 5271 τοῦ
2216 5220 2506 5291 ἐσήμανεν.
2526 5220 2829 5292 Ἐπιφέρων
2847 5220 2904 5273 δὲ
2932 5220 3011 5284 τὸ,
3037 5215 3245 5275 λαϐεῖν
3276 5218 3493 5273 ἑαυτοῦ
3518 5217 3687 5282 ,βασι-

2104 5312 2282 5367 λείαν
2314 5312 2412 5367 καὶ
2441 5311 2842 5381 ὑποστρέψαι,
2865 5314 2963 5384 τὴν
2999 5313 3257 5382 δευτέραν
3289 5312 3455 5365 αὐτοῦ
3496 5311 3685 5382 θεοφὰο

2105 5418 2270 5462 νειαν.
2292 5403 2391 5475 τὴν
2420 5402 2626 5467 ἔνδοξον
2646 5407 2741 5457 καὶ
2766 5403 3070 5477 βασιλικὴν,
3097 5404 3357 5475 παρίστη.
3394 5403 3552 5457 Ἀλλά
3580 5404 3685 5475 γὰρ

2106 5495 2243 5549 κατά
2267 5496 2364 5567 τὴν
2386 5496 2663 5567 λεχθεῖσαν
2684 5496 2987 5568 ἀποδημίαν
3010 5499 3136 5561 τοὺς
3161 5497 3258 5567 μὲν
3283 5495 3447 5550 αὐτοῦ
3472 5496 3693 5559 δούλους

2101 5707 2339 5777 comperi
2365 5724 2391 5788 ;.
2404 5706 2483 5833 ita
2512 5719 2568 5763 ut
2596 5706 2660 5764 de
2687 5706 2795 5764 alio
2820 5705 3122 5777 exemplari
3146 5704 3400 5775 loquatur
3422 5702 3683 5761 Eusebius

2101 5793 2325 5833 necesse
2347 5793 2393 5833 SI
2428 5814 2443 5832 .

2100 5793 2325 5836 necesse
2347 5793 2393 5834 SI
2404 5793 2443 5833 ι.
