4008 6512
459 438 566 515 oss
616 458 627 466 '

1164 458 1431 516 EUSEBII
1467 447 1934 510 (LESARlENSlS
1971 445 2029 496 01

2163 442 2339 497 PARS
2375 440 2464 496 ιν.
2498 471 2567 481 -
2608 436 3025 495 DOGMATICA.

3588 430 3699 486 696

459 591 595 630 mna
626 574 836 629 lumbos
868 571 1169 644 pra‘cincti,
1209 572 1438 641 panibus
1474 567 1678 638 azymis
1707 560 2024 635 degustatis,

2133 553 2334 623 τροφῆς
2364 569 2421 605 τε
2457 550 2679 621 ἀζύμων
2726 548 2903 619 ἄρτων
2936 546 3295 616 μετίσχοντες,
3329 555 3422 594 και
3446 536 3580 604 πόας
3607 558 3699 593 πι-

459 667 659 737 intybis
683 668 848 723 etiam
872 664 1152 735 appositis,
1179 663 1246 718 de
1285 664 1401 721 loco
1440 663 1494 715 in
1523 660 1722 726 locum,
1769 657 1820 710 id
1844 664 1926 710 est
1957 653 2024 707 dc

459 758 836 830 )Egyptiorum
872 758 1090 828 regione
1114 756 1169 811 ln
1195 740 1491 824 desertum,
1520 752 1872 806 transierunt.
1900 746 2026 800 llaec

459 850 532 903 illi
568 863 729 919 agere
781 848 834 903 in
885 846 1153 902 mandatis
1182 846 1511 908 habuerunt,
1553 857 1674 897 cum
1715 838 1860 893 caede
1908 836 2025 890 ovis

456 954 680 1010 esuque.
746 936 1107 1004 Quamobrem
1164 936 1251 989 illa
1317 950 1383 989 ex
1440 932 1673 1005 Egypto
1723 928 2019 998 digressio,

458 1044 657 1085 nomen
688 1028 969 1098 fecitapud
1000 1027 1250 1082 Hebraeos
1279 1025 1418 1082 festo
1442 1027 1727 1081 transitus.
1755 1023 2022 1078 Ca-teruin

460 1121 575 1175 hac
610 1120 663 1174 in
694 1119 861 1189 figura
902 1118 1008 1173 illis
1035 1118 1459 1189 contingebant;
1495 1116 1665 1171 nostri
1695 1125 1873 1169 autem
1902 1127 2025 1182 gra-

456 1213 529 1265 tia
562 1212 764 1281 scripta
794 1212 1010 1265 fuerunt
1041 1212 1106 1265 ‘°.
1135 1212 1311 1279 Atque
1350 1211 1420 1263 ita
1460 1207 1657 1261 Paulus
1698 1207 2025 1275 interprets-

456 1313 565 1369 tur,
603 1305 729 1358 dum
760 1302 1126 1375 symboiorum
1152 1312 1390 1358 veterum
1426 1300 1708 1355 veritatem
1737 1299 1819 1352 his
1848 1296 2023 1351 verbis

456 1390 627 1458 aperit
659 1408 674 1445 :
713 1406 835 1444 nam
871 1388 1080 1453 Pascha
1116 1401 1351 1445 nostrum
1386 1389 1689 1443 immolatus
1734 1398 1807 1442 est
1840 1386 2024 1441 Chris-

456 1490 539 1535 tus
572 1480 640 1536 ⁸¹.
667 1480 896 1535 Causam
938 1497 1067 1536 vero
1106 1481 1262 1548 hujus
1304 1481 1617 1535 immolandi
1660 1460 1917 1549 Baptista.
1944 1480 2025 1533 sic

454 1571 673 1626 exhibet
702 1572 886 1627 dicens
918 1590 930 1625 :
970 1573 1104 1628 Ecce
1124 1574 1302 1643 Agnus
1340 1572 1459 1635 Dei,
1489 1588 1600 1625 ecce
1632 1572 1721 1641 qui
1750 1570 1879 1623 tollit
1909 1587 2026 1638 pec-

454 1673 573 1716 cata
624 1664 803 1717 mundi
842 1664 908 1718 ⁸³.
956 1663 1164 1733 Beapse
1209 1664 1454 1721 victima.
1484 1662 1743 1715 malorum
1786 1661 2023 1715 omnium

455 1754 788 1819 remedium,
843 1756 958 1809 neci
1003 1754 1256 1809 traditum
1303 1754 1402 1807 fuit
1445 1753 1749 1808 Servatoris
1806 1766 2022 1819 corpus,

453 1846 594 1914 quod
656 1846 827 1901 instar
872 1846 1215 1916 eJtpiationis,
1272 1846 1438 1901 totius
1510 1844 1693 1899 mundi
1743 1854 2022 1913 peccaturi)

456 1937 702 1993 abstulit.
759 1936 1051 2004 Propterea
1102 1938 1272 1992 Isaias
1325 1937 1469 1990 clare
1524 1931 2028 1991 exclatuavitzﬂic

454 2040 666 2099 peccata
697 2041 875 2085 nostra
907 2028 1028 2097 fert,
1055 2040 1101 2082 et
1126 2044 1221 2096 pro
1255 2027 1404 2081 nobis
1427 2027 1625 2096 patitur
1656 2026 1720 2079 “.

525 2211 793 2283 2.1lujus
836 2228 965 2281 ergo
1000 2212 1253 2272 victimae,
1316 2209 1369 2264 id
1424 2220 1507 2265 cst
1569 2209 1876 2264 Servatoris
1936 2224 2025 2278 qui

454 2306 674 2376 proprio
703 2304 967 2375 sanguine
1022 2304 1314 2357 humanum
1361 2316 1531 2371 genus
1566 2302 1814 2365 saivavit,
1870 2301 2029 2357 intel-

455 2396 773 2452 i'ectuaiibus
838 2394 976 2464 pasti
1028 2393 1323 2457 carnibus,
1376 2391 1627 2445 videlicet
1686 2392 2026 2461 dogmatibus

456 2500 618 2557 atque
673 2486 935 2541 doctrinis
991 2485 1251 2539 caelorum
1316 2498 1539 2555 regnum
1615 2482 2026 2546 nuntiantibus,

457 2579 667 2636 deliciis
699 2579 891 2634 merito
928 2578 1130 2632 divinis
1157 2577 1494 2632 deliciamur.
1539 2573 1644 2630 Sed
1674 2585 1727 2629 et
1760 2574 1865 2628 fide
1896 2589 2025 2645 erga

456 2673 773 2743 sanguinem
819 2670 960 2741 ejus,
1014 2685 1172 2740 quem
1210 2684 1306 2739 pro
1354 2679 1539 2724 nostra
1594 2670 1768 2723 salute
1826 2667 2025 2738 iytrum

458 2764 671 2829 obtulit,
701 2764 895 2817 animae
930 2763 1140 2827 domos,
1182 2762 1233 2816 id
1263 2773 1349 2817 est
1379 2776 1631 2831 corpora,
1657 2760 2024 2829 obsignantes,

457 2875 616 2915 omne
648 2875 820 2930 genus
865 2858 1235 2912 insidiantium
1261 2858 1562 2911 dzemonum
1581 2871 1610 2909 a
1640 2855 1791 2910 nobis
1810 2855 2029 2909 submo-

457 2966 691 3017 vemus,
754 2951 1129 3018 transitusque
1188 2948 1586 3004 solemnitatem
1648 2946 2024 3012 celebrantes,

458 3044 692 3098 transire
745 3040 812 3097 ad
872 3043 1053 3097 divina
1110 3042 1411 3100 studemus.
1474 3036 1636 3092 veluti
1687 3037 1812 3091 olim
1856 3037 1930 3091 illi
1974 3037 2027 3091 in

456 3138 732 3190 desertum
761 3148 830 3189 ex
857 3124 1096 3203 ngyptd
1110 3131 1556 3199 commigrarunt.
1593 3125 1667 3180 Ita
1699 3142 1795 3181 nos
1812 3140 2027 3197 quoque

2125 641 2320 712 κρίδων
2375 642 2824 712 προσφερόμενοι,
2879 639 3042 691 τόπον
3074 638 3139 691 ὲκ
3183 635 3347 688 τόπου
3409 632 3696 696 διέϐαινον,

2122 734 2213 786 τὸν
2233 734 2340 787 ἀπὸ
2366 734 2464 804 τῆς
2495 734 2807 801 Αἰγυπτίων
2834 733 2937 805 γῆς
2978 730 3070 784 ἐπὶ
3100 728 3197 801 τὴν
3237 727 3456 800 ἔρημον.
3503 724 3697 777 Ταῦτα

2123 826 2252 895 γοῦν
2278 826 2460 889 αὐτοῖς
2494 826 2627 897 ὁμοῦ
2648 829 2713 897 τῇ
2745 825 2838 879 τοῦ
2870 823 3140 895 προϐάτου
3164 823 3342 890 σφαγῇ
3369 836 3428 872 τε
3456 817 3549 871 καλ⁵
3576 833 3702 888 τρο-

2123 922 2195 991 φῇ
2226 919 2485 990 πράττειν
2529 918 2931 990 νενομοθέτητο.
2971 916 3161 970 Ἔνθεν
3209 915 3242 985 ἡ
3305 912 3361 979 se
3414 909 3697 979 Αἰγύπτου

2126 1010 2427 1079 μετάϐασις
2452 1010 2549 1082 τὴν
2584 1011 2692 1063 τῶν
2739 1008 3099 1080 διαϐατηρίων
3153 1007 3333 1068 αὐτοῖς
3379 1000 3698 1071 ἐπωνυμίαν

2123 1102 2383 1175 ἐπλήρου.
2450 1104 2592 1157 Ἀλλ’
2648 1104 2876 1167 ἐκείνοις
2936 1103 3032 1172 μὲν
3071 1098 3314 1162 τυπικῶς
3360 1095 3533 1150 ταῦτα
3576 1111 3701 1147 συν-

2124 1193 2356 1258 έϐαινεν,
2404 1195 2618 1267 ἐγράφη
2661 1195 2718 1247 δὲ
2765 1195 2830 1249 δι’
2873 1195 3038 1265 ἡμᾶς.
3090 1192 3197 1245 Καί
3239 1207 3303 1260 γε
3349 1184 3699 1260 διερμηνεύει

2123 1287 2333 1352 Παῦλος
2354 1287 2458 1339 τῶν
2492 1286 2737 1340 παλαιῶν
2790 1285 3069 1357 συμϐόλων
3106 1281 3397 1353 διαφαίνων
3429 1280 3526 1351 τὴν
3559 1278 3700 1347 ἀλή-

2125 1378 2273 1432 θειαν
2299 1379 2364 1432 δι’
2390 1374 2463 1432 ὧν
2490 1396 2653 1451 φησι·
2690 1378 2797 1433 Καὶ
2828 1378 2938 1447 γὰρ
2978 1376 3044 1430 τό
3069 1375 3283 1442 Πάσχα
3306 1371 3475 1443 ἡμῶν
3516 1371 3699 1436 ἐτύθη

2123 1471 2391 1537 Χριστός.
2424 1470 2566 1523 res:
2592 1472 2763 1523 αἴτιον
2786 1470 2878 1522 τοῦ
2900 1469 3122 1539 τυθῆναι
3147 1465 3308 1519 αὐτὸν
3332 1466 3359 1517 ό
3387 1459 3702 1530 Βαπτιστὴς

2125 1562 2449 1632 παρίστησιν
2470 1561 2635 1617 εἰπών
2654 1580 2668 1592 ο
2707 1562 2819 1615 Ἴδε
2843 1565 2876 1615 d
2914 1559 3117 1630 Ἀμνύς
3140 1556 3248 1611 τοῦ
3278 1554 3423 1610 Θεοῦ
3457 1556 3490 1607 ό
3513 1555 3703 1620 αἴρων

2125 1654 2239 1721 τὴν
2257 1656 2547 1723 ἁμαρτίαν
2568 1656 2674 1709 τοῦ
2698 1656 2944 1723 κόσμου.
2970 1653 3080 1707 Καὶ
3111 1652 3222 1723 γάρ
3260 1648 3486 1719 σφάγιον
3509 1644 3702 1699 κακῶν

2124 1746 2378 1799 ἁπάντων
2409 1748 2776 1818 ἀποτρόπαιον
2816 1745 2877 1799 τὸ
2907 1745 3065 1816 σῶμα
3102 1743 3161 1796 τὸ
3193 1742 3455 1812 σωτήριον
3482 1736 3563 1807 τῷ
3602 1736 3701 1788 θα-

2129 1839 2274 1910 νάτῳ
2305 1838 2641 1910 παρεδίδοτο,
2667 1838 2694 1891 ὃ
2719 1837 2781 1907 δὴ
2828 1835 3122 1907 καθαρσίου
3150 1833 3302 1902 δίκην
3351 1829 3446 1883 τοῦ
3494 1826 3704 1889 παντὸς

2129 1934 2315 2005 ἀφεῖλε
2335 1935 2542 2003 κόσμου
2566 1935 2663 2004 τὴν
2693 1931 2964 2003 ἁμαρτίαν
2982 1947 2996 1961 ο
3040 1928 3277 1999 κέκραγε
3319 1924 3447 1993 γοῦν
3495 1922 3701 1993 τηλαυ-

2127 2028 2241 2096 γῶς
2282 2027 2547 2090 Ἡσαΐας*
2607 2020 2795 2089 Οὗτος
2826 2024 2931 2089 τὰς
2979 2020 3265 2091 ἁμαρτίας
3315 2015 3483 2087 ἡμῶν
3535 2013 3705 2085 φέρει

2126 2120 2222 2173 καί
2245 2119 2377 2186 περί
2413 2117 2581 2186 ἡμῶν
2615 2114 2914 2170 όδυνᾶται.

2199 2211 2263 2283 β’.
2300 2211 2501 2264 Τούτου
2539 2211 2603 2282 δὴ
2643 2210 2735 2263 τοῦ
2770 2208 3032 2279 σωτηρίου
3066 2206 3303 2276 θύματος
3357 2200 3450 2254 τοῦ
3481 2198 3560 2271 τῷ
3588 2198 3706 2268 ἰδίῳ

2126 2309 2319 2379 αἵματι
2356 2306 2418 2360 τὸ
2471 2306 2688 2359 πάντων
2741 2300 3040 2373 ἀνθρώπων
3083 2299 3236 2368 γένος
3274 2290 3705 2361 ἀνασωσαμένου

2123 2403 2244 2462 ταῖς
2299 2398 2542 2466 λογικαῖς
2588 2394 2744 2467 σαρξὶ
2798 2392 3155 2464 τρεφόμενοι,
3209 2386 3490 2458 μαθήμασι
3543 2382 3708 2454 δηλα-

2125 2490 2188 2562 δὴ
2219 2491 2311 2543 καὶ
2338 2489 2515 2556 λόγοις
2538 2484 2807 2556 βασιλείας
2831 2480 3072 2554 οὐρανῶν
3096 2475 3561 2545 καταγγελτικοῖς,
3604 2472 3705 2541 τὴν

2126 2581 2267 2635 κατά
2315 2581 2447 2634 Θεὸν
2498 2578 2720 2640 εἰκότως
2766 2574 3058 2646 τρυφῶμεν
3107 2566 3335 2641 τρυφήν.
3401 2563 3565 2618 Ἀλλὰ
3610 2561 3706 2615 καὶ

2127 2674 2305 2726 πίστει
2338 2670 2430 2726 τοῦ
2454 2672 2683 2741 αἵματος
2711 2666 2895 2728 αὐτοῦ,
2920 2665 2948 2717 ὃ
2968 2664 3031 2734 δὴ
3057 2662 3247 2732 λύτρον
3274 2658 3411 2728 ὑπὲρ
3438 2657 3538 2725 τῆς
3575 2656 3707 2725 ἡμε-

2126 2770 2293 2841 τέρας
2324 2766 2640 2822 ἀντιδεδωκε
2690 2762 2995 2834 σωτηρίας,
3025 2759 3152 2820 τοὺς
3181 2756 3356 2826 ψυχῆς
3412 2754 3596 2814 οἴκους
3638 2750 3706 2802 τά

2129 2861 2355 2931 σώματα
2378 2856 2929 2928 κατασημαινόμενοι,
2959 2852 3066 2904 πᾶν
3093 2849 3249 2918 γένος
3279 2845 3546 2915 δαιμόνων
3580 2843 3705 2894 ὲπι-

2129 2951 2335 3005 ϐούλων
2357 2950 2417 3013 ἐξ
2455 2947 2664 3001 ἑαυτῶν
2693 2944 3067 3013 ἀπελαύνομεν
3088 2956 3102 2969 ο
3137 2941 3232 2999 καὶ
3261 2937 3357 3008 τὴν
3391 2935 3497 2989 τῶν
3521 2932 3709 2987 διαϐα-

2126 3045 2328 3117 τηρίων
2360 3042 2551 3114 ἑορτὴν
2594 3038 2981 3102 ἐπιτελοῦντες,
3036 3033 3326 3090 διαϐαίνειν
3391 3027 3708 3117 μελετῶμεν

2252 3132 2317 3186 τά
2351 3132 2488 3198 θεῖα,
2525 3131 2598 3194 ὡς
2628 3129 2792 3183 πάλαι
2818 3128 2917 3196 τῆς
2965 3124 3238 3193 Αἰγύπτου
3270 3114 3709 3192 μεταϐεϐηκότες

460 3228 661 3282 invium
684 3226 955 3295 quoddam
979 3224 1361 3290 desertumque
1390 3236 1419 3273 a
1445 3220 1628 3273 multis
1649 3219 1749 3272 iter
1772 3218 2022 3282 facimus,

2133 3226 2222 3277 ἐπὶ
2252 3228 2349 3289 τὴν
2378 3222 2602 3292 ἔρημον.
2633 3219 2816 3289 Ταύτῃ
2856 3216 2986 3285 γοῦν
3023 3214 3117 3268 καὶ
3142 3215 3303 3283 ἡμεῖς
3334 3205 3529 3279 ἀτριϐῆ
3582 3221 3711 3305 τινα

462 3333 615 3373 vetus
638 3317 923 3388 irreligiosi
959 3317 1162 3371 erroris
1195 3313 1521 3370 fermentum
1550 3312 1729 3365 anima
1758 3310 2028 3380 expellen-

461 3427 564 3485 tes,
609 3428 847 3485 veraque
891 3412 1071 3481 iutyba
1105 3426 1291 3465 amaro
1338 3415 1395 3462 et
1428 3407 1640 3461 insuavi
1690 3405 1833 3459 victu
1872 3403 2029 3458 simul

461 3516 813 3578 apponentes.
850 3504 1090 3572 Tempus
1138 3513 1357 3570 quoque
1388 3496 1750 3551 solemuitatis
1776 3501 2032 3563 opportu-

462 3615 588 3654 num
617 3606 723 3659 est,
752 3594 894 3649 haud
929 3593 981 3646 iu
1024 3592 1261 3647 medium
1296 3589 1530 3643 hiemem
1566 3588 1870 3651 incurrens,
1912 3601 2031 3656 qua:

461 3690 637 3747 tristis
692 3696 808 3754 est;
870 3700 1045 3754 neque
1094 3682 1332 3738 vicissim
1381 3682 1433 3735 in
1483 3680 1717 3735 mediam
1761 3688 2030 3741 aestatem,

461 3797 571 3852 quo
626 3792 869 3850 tempore
919 3760 1133 3833 fervens
1193 3774 1524 3839 solstitium,
1586 3771 1916 3825 versantium
1976 3769 2029 3823 in

463 3876 609 3946 agris
638 3882 975 3929 venustatem
1009 3870 1236 3931 deterit;
1278 3867 1439 3920 nimis
1479 3867 1607 3918 item
1652 3861 1875 3933 prolixae
1907 3872 2033 3917 sunt

464 3967 632 4031 hora‘,
695 3963 839 4018 haud
899 3961 1069 4028 aequis
1121 3958 1363 4029 partibus
1425 3956 1630 4010 divisae.
1688 3953 1793 4010 Sed
1861 3970 2033 4024 neque

464 4054 772 4112 autumnale
817 4053 1199 4122 aequinoctium
1241 4049 1536 4118 jucundum
1593 4057 1870 4117 aspectum
1920 4062 2032 4117 pne

463 4164 523 4203 se
554 4148 696 4211 fert,
734 4146 955 4199 viduato
985 4159 1139 4212 agro,
1191 4153 1248 4196 et
1295 4140 1409 4195 suis
1460 4138 1722 4194 fructibus
1780 4151 2032 4209 tanquam

465 4239 591 4294 tiliis
652 4236 901 4307 spoliato.
951 4236 1209 4304 Superest
1270 4250 1336 4289 ex
1384 4235 1468 4289 his
1527 4235 1649 4289 anni
1706 4234 2034 4303 temporibus

463 4331 645 4385 lietum
678 4345 794 4394 ver,
835 4329 977 4399 quod
1025 4326 1388 4390 totius‘anni,
1432 4342 1528 4380 ceu
1578 4326 1825 4396 corporis
1874 4335 2036 4395 caput

462 4430 569 4491 est,
603 4436 726 4475 cum
768 4420 848 4474 sol
891 4421 1120 4489 primam
1171 4417 1329 4471 stadii
1384 4417 1468 4469 sui
1512 4428 1719 4483 partem
1771 4414 2032 4476 decurrit.

465 4516 593 4569 luna
631 4522 809 4567 autem
852 4512 1057 4582 pariter
1092 4510 1249 4580 pleno
1292 4509 1442 4564 orbis
1489 4508 1571 4563 sui
1621 4508 1822 4563 lumine
1862 4508 2036 4563 noctis

2136 3317 2229 3370 xui.
2262 3315 2357 3387 ἕρη
2368 3332 2464 3384 μον
2490 3315 2598 3375 τοῖς
2618 3310 2827 3372 πολλοῖς
2853 3305 3178 3377 στελλόμεθα
3203 3301 3443 3373 πορείαν,
3470 3294 3711 3351 παλαιὰν

2136 3407 2312 3478 ζύμην
2380 3405 2538 3458 ἀθέου
2593 3403 2797 3472 πλάνης
2868 3400 2965 3468 τῆς
3034 3397 3202 3466 αύτῆς
3251 3393 3429 3465 ψυχῆς
3498 3389 3711 3460 ὲξόρεον

2139 3498 2481 3569 ποιούμενοι,
2516 3497 2608 3548 καὶ
2642 3493 2741 3556 τὰς
2771 3490 2991 3561 ἀληθεῖς
3027 3488 3278 3558 πικρίδας
3325 3484 3414 3538 διὰ
3461 3483 3561 3552 τῆς
3610 3498 3708 3533 πι-

2136 3593 2273 3664 κρᾶς
2316 3589 2409 3641 καὶ
2454 3586 2704 3656 ἀλγεινῆς
2760 3583 2969 3652 διαίτης
3025 3578 3469 3652 προσφερόμενοι.
3519 3573 3630 3626 Καὶ
3662 3572 3709 3655 ’ό

2137 3684 2323 3755 καιρὸς
2351 3682 2409 3736 δὲ
2438 3682 2534 3752 τῆς
2563 3681 2751 3751 ἑορτῆς
2784 3675 3035 3747 εὔκαιρος
3057 3714 3071 3737 ,
3103 3674 3201 3727 ούκ
3231 3675 3286 3725 ὲν
3337 3669 3473 3741 μέση
3502 3664 3711 3736 χειμῶ-

2137 3795 2225 3841 νος
2250 3776 2369 3847 ὥρα
2403 3773 2752 3846 παρηγμένος
2772 3788 2785 3802 ·
2818 3769 3041 3837 στυγνὸς
3075 3766 3182 3837 γὰρ
3206 3758 3389 3826 οὗτος·
3435 3759 3547 3813 ἀλλ’

2139 3869 2194 3919 ἐν
2222 3845 2370 3936 μέσῳ
2401 3845 2546 3935 θέρει
2571 3860 2899 3931 κατάλληλος
2930 3853 3018 3936 ἦν,
3050 3856 3170 3909 καθ’
3198 3854 3254 3907 ὃν
3311 3855 3343 3922 ἡ
3391 3847 3566 3921 τροπὴ
3594 3845 3706 3915 (ει)

2140 3959 2562 4029 φλεγμαίνουσα,
2602 3955 2710 4008 τῶν
2764 3956 2883 4008 κατ’
2936 3951 3137 4023 ἀγροὺς
3196 3943 3559 4018 σχολαζόντων
3610 3956 3710 3991 πε-

2142 4051 2428 4121 ριαιρεῖται
2478 4046 2540 4100 τὸ
2601 4045 2828 4108 κάλλος·
2884 4041 3193 4095 πλεονεκτεῖ
3244 4036 3300 4089 δὲ
3336 4032 3429 4088 καὶ
3484 4030 3551 4083 τά
3597 4027 3707 4080 τῶν

2139 4140 2317 4213 ὡρῶν,
2352 4141 2451 4193 ούκ
2484 4135 2981 4207 ἐπαμφοτερίζοντα
3000 4134 3066 4202 τῇ
3096 4127 3365 4199 ἰσομοιρίᾳ
3393 4123 3523 4193 (25)’
3582 4136 3708 4213 μετ-

2139 4210 2352 4305 οπώρου
2374 4232 2482 4303 γὰρ
2515 4229 2723 4302 τροπῆς
2756 4228 2856 4280 ούκ
2906 4221 3205 4295 ἐπιτερπὴς
3233 4221 3266 4289 ἡ
3299 4218 3414 4279 θέα,
3441 4210 3705 4305 χηρευού-

2143 4343 2242 4397 σης
2263 4303 2377 4395 μὲν
2409 4324 2505 4394 τῆς
2528 4321 2730 4393 χώρας,
2758 4318 2866 4372 τῶν
2910 4318 2954 4369 δ’
2988 4315 3197 4369 οἰκείων
3254 4309 3478 4382 καρπῶν
3530 4307 3604 4369 ὼς
3640 4303 3705 4357 ἂν

2138 4418 2344 4470 τέκνων
2384 4411 2848 4483 ἀπεστερημένης.
2882 4409 3021 4481 Ἔαρ
3076 4406 3140 4476 δὴ
3203 4402 3442 4456 λείπεται
3494 4398 3553 4452 es
3585 4414 3707 4465 φαι-

2140 4509 2283 4580 δρὸν,
2313 4507 2340 4560 ὃ
2365 4506 2427 4576 δὴ
2448 4506 2540 4559 τοῦ
2569 4504 2767 4567 παντὸς
2794 4503 2943 4564 ἔτους
2982 4497 3189 4569 κεφαλή
3218 4512 3300 4559 τις
3330 4489 3417 4547 οἷα
3462 4490 3706 4559 σώματος

465 4618 683 4659 cursum
718 4604 768 4655 in
795 4602 1031 4656 lucidum
1059 4599 1414 4654 transformat
1443 4600 1604 4652 diem.
1636 4600 1763 4663 Ver,
1794 4598 2029 4668 inquam,

2143 4603 2376 4672 ἡγεῖται,
2415 4598 2565 4669 ἡλίου
2623 4597 2720 4666 μὲν
2763 4594 2828 4663 δὴ
2875 4594 2999 4665 ἄρτι
3029 4591 3090 4645 τὸ
3114 4589 3326 4663 πρῶτον
3354 4585 3544 4656 τμῆμα
3569 4581 3707 4672 διιπῖ

465 4693 778 4748 hiemalium
835 4693 1197 4745 tonitruorum
1264 4689 1701 4745 terriculamenta
1768 4690 2036 4754 discutit,

466 4783 624 4853 longa
667 4780 976 4851 (noctium)
1042 4782 1331 4835 interstitia
1368 4779 1529 4845 tollit,
1572 4795 1835 4849 aquarum
1866 4797 2039 4835 exuu-

466 4874 713 4931 datlones
744 4873 981 4927 cohibet.
1024 4870 1253 4942 Jamque
1302 4887 1438 4927 nova
1481 4872 1795 4940 splendente
1832 4871 2040 4926 sereni-

467 4975 600 5033 tate,
633 4956 922 5035 tranquilla
960 4964 1091 5018 ﬁunt
1126 4965 1506 5034 navigantibus
1535 4964 1726 5025 maria,
1761 4964 2035 5031 sudusqne

467 5073 562 5114 aer
589 5069 730 5112 terra
756 5059 862 5111 iter
890 5056 1236 5111 facientibus.
1268 5053 1533 5125 Regiones
1568 5054 1784 5109 interim
1814 5056 1865 5108 in
1891 5054 2036 5124 agris

463 5152 817 5223 gravidantur
886 5149 1184 5204 seminibus
1219 5190 1234 5213 ,
1298 5158 1353 5202 et
1426 5148 1693 5202 fructibus
1766 5158 2037 5203 tumentes

466 5244 712 5305 arbores,
764 5240 860 5297 Dei
915 5240 1072 5296 donis
1121 5251 1432 5302 exornatae,
1486 5239 1737 5304 agricolis
1795 5240 2037 5295 laborum

465 5333 772 5387 mercedem
810 5332 863 5385 in
894 5330 1272 5386 benedictione
1295 5328 1553 5399 prmbent.

2140 4670 2416 4755 πεύοντος,
2454 4689 2680 4760 σελήνης
2717 4686 2760 4739 δ’
2794 4689 2857 4739 ὲκ
2896 4683 3238 4755 παραλλήλου
3285 4676 3577 4747 πλησιφαεί
3629 4670 3706 4741 τῷ

2141 4784 2280 4854 φωτὶ
2301 4783 2391 4835 τὸν
2417 4780 2516 4851 τῆς
2544 4779 2733 4841 νυκτὸς
2758 4778 2956 4850 δρόμον
2980 4780 3057 4839 εἰς
3080 4771 3335 4845 λαμπρὰν
3373 4763 3705 4840 μεθαρμοξο-

2144 4878 2310 4950 μένης
2354 4876 2589 4947 ἡμέραν.
2647 4872 2818 4925 Τοῦτο
2862 4869 2976 4923 λύει
3020 4868 3118 4938 μὲν
3166 4864 3388 4919 κτύπων
3415 4856 3705 4950 χειμερίων

2142 4947 2387 5039 φόϐητρα
2413 4965 2547 5036 (‘26),
2567 4963 2680 5016 λύει
2703 4962 2759 5015 δε
2786 4958 2970 5031 μακρά
2990 4956 3349 5026 διαστήματα,
3377 4947 3705 5039 πλημμύρας

2143 5036 2349 5109 ύδάτων
2382 5049 2722 5123 μεταϐάλλει.
2765 5048 2901 5118 Ἤδη
2950 5045 3005 5098 δὲ
3050 5045 3251 5115 νεαρᾶς
3298 5036 3705 5108 ὲπιλαμπούσης

2145 5144 2381 5217 αἰθρίας,
2410 5142 2616 5214 γαλήνη
2647 5139 2743 5210 μὲν
2781 5140 2893 5201 τοῖς
2917 5132 3299 5191 θαλαττεύουσι
3333 5130 3619 5197 καθίστησι
3643 5124 3706 5177 τά

2146 5235 2380 5305 πελάγη,
2412 5233 2581 5287 εύδιον
2607 5232 2661 5284 δὲ
2687 5230 2825 5301 ἀέρα
2843 5230 2952 5291 τοῖς
2980 5225 3120 5281 κατὰ
3146 5225 3250 5297 γῆν
3292 5222 3588 5293 ὁδοιπόροις
3628 5221 3706 5271 ὲν-

2145 5328 2349 5381 δίδωσι.
2381 5325 2569 5397 Χῶραι
2596 5323 2640 5375 δ’
2670 5324 2726 5375 ὲν
2772 5319 2944 5390 τούτῳ
2990 5318 3111 5371 κατ’
3158 5315 3360 5387 ἀγροὺς
3414 5309 3705 5380 ἐγκύμονες

466 5423 818 5495 σπερμάτων,
852 5426 946 5479 καὶ
1005 5423 1234 5493 καρπῶν
1286 5421 1613 5495 σπαργῶντα
1656 5422 1797 5493 φυτὰ
1837 5427 1947 5490 τοῖς
1976 5428 2039 5479 ἐκ
2077 5423 2211 5479 Θεοῦ
2278 5421 2469 5493 δώροις
2532 5417 2891 5488 ἀγαλλόμενα,
2929 5414 3190 5486 γεωργοῖς
3224 5414 3397 5465 πόνων
3421 5406 3522 5471 τάς
3553 5405 3706 5475 ἀμοι-

464 5520 565 5583 ϐἀς
592 5520 650 5571 ὲν
672 5520 944 5589 εὐλογίαις
970 5521 1217 5590 παρέχει.

537 5611 585 5643 ⁸⁸
620 5611 640 5663 l
671 5612 795 5666 Cor.
829 5629 886 5680 χ,
919 5615 1006 5668 ii.
1082 5615 1125 5645 “
1160 5613 1177 5666 Ι
1207 5614 1333 5669 Cor.
1364 5628 1418 5677 v,
1444 5612 1492 5665 7.
1571 5611 1789 5666 “Joan.
1824 5611 1972 5679 1,29.

2137 5609 2235 5665 sai.
2262 5620 2377 5667 LIII,
2406 5600 2462 5655 4.

537 5707 649 5779 (Ἡ)
666 5706 800 5780 Cod.
827 5708 1105 5763 evidenter
1121 5709 1317 5780 τροφή,
1344 5707 1824 5763 manifeslotameu
1844 5707 2029 5761 mcudc

467 5792 565 5847 pro
594 5779 791 5851 τροπή.

536 5846 648 5916 (‘25)
690 5847 950 5915 Loquitur
984 5848 1281 5916 priscorum
1336 5861 1517 5911 more,
1561 5847 1700 5913 apud
1740 5860 1877 5913 quos
1910 5860 2033 5899 cum

467 5926 573 5972 tam
602 5928 789 5973 :estate
824 5932 986 5979 quam
1030 5918 1207 5974 hieme
1251 5917 1365 5973 dies
1414 5917 1672 5973 duodenis
1711 5916 1861 5974 horis
1903 5930 2035 5969 con-

2146 5713 2294 5756 stare
2334 5698 2598 5759 deberet,
2663 5694 2746 5748 itze
2791 5690 3100 5746 necessario
3161 5692 3345 5740 testate
3398 5680 3696 5750 iongiores~

2142 5773 2321 5829 hieme
2350 5766 2624 5820 breviores
2650 5762 3122 5831 coniputabantur.

2217 5817 2651 5909 iéiiwfﬁstuosis
2698 5817 2842 5890 enim
2876 5833 2929 5887 iu
2974 5827 3279 5902 regionibus
3328 5825 3505 5881 hieme
3540 5817 3701 5874 etiam

2144 5906 2378 5964 tonitrua
2407 5906 2721 5963 audiuntur.
