4008 6516
270 438 383 486 υυῚ

1422 433 1513 489 DE
1554 432 2047 492 SOLEMNITATE
2087 433 2448 491 PASCHALI.

3449 432 3555 494 698

352 556 421 615 γ’.
455 543 627 613 Οὗτος
670 551 700 602 6
733 550 831 621 τῆς
874 536 1067 622 ἑορτῆς
1121 551 1343 621 καιρὸς,
1401 538 1720 622 Αίγυπτίοις
1776 554 1875 626 μὲν

2050 558 2106 612 ὅ.
2159 555 2272 611 Hoc
2310 556 2668 611 solemnitatis
2717 566 2928 625 tempus
2983 553 3249 626 Egyptiis
3284 556 3557 627 quidem,

268 641 502 714 ὀλεθρον
532 646 647 706 τοῖς
678 642 946 714 δαιμόνων
997 644 1191 713 φίλοις,
1245 645 1519 717 Ἑϐραίοις
1569 646 1627 700 δὲ
1676 646 1870 719 ἑορτά-

270 733 434 800 ζουσι
496 735 578 806 τῷ
627 735 766 806 Θεῷ,
812 737 998 790 κακῶν
1058 737 1372 810 ἐλευθερίαν
1422 738 1741 809 προύξένει’
1781 734 1872 793 οῦ-

269 844 371 892 τος
399 824 645 899 (26⁸)ἦν
683 829 849 893 αὐτὸς
882 832 1110 893 ἐκεῖνος,
1136 831 1165 883 ὁ
1187 829 1251 902 δὴ
1282 831 1376 885 καὶ
1408 832 1498 885 ἐπὶ
1519 832 1619 903 τῆς
1647 830 1871 903 πρώτης

271 920 372 974 τοῦ
410 923 612 986 παντὸς
632 923 990 992 κοσμογονίας
1039 923 1430 996 τετηρημένος,
1457 924 1580 978 καθ’
1620 924 1680 976 ὃν
1720 926 1753 995 ἡ
1793 923 1868 995 γῆ

273 1017 610 1088 ἐϐλάστησε,
637 1017 759 1072 καθ’
781 1018 839 1072 ὃν
863 1020 910 1071 οἱ
941 1019 1225 1090 φωστῆρες
1252 1018 1519 1087 ἐγένοντο,
1538 1018 1659 1071 καθ’
1686 1017 1744 1071 ὃν
1779 1017 1870 1071 ού-

276 1112 445 1182 ρανὸς
470 1111 563 1165 καὶ
578 1112 648 1181 γῆ
662 1110 1021 1182 παρήχθησαν
1040 1111 1131 1165 καὶ
1151 1111 1328 1165 πάντα
1349 1110 1417 1164 τὰ
1438 1112 1494 1165 ἐν
1508 1111 1710 1174 αὐτοῖς’
1730 1108 1869 1163 κατὰ

272 1202 470 1255 τοῦτον
492 1204 586 1255 καὶ
612 1204 640 1254 6
658 1201 845 1273 Σωτὴρ
872 1201 968 1255 τοῦ
997 1202 1309 1272 σύμπαντος
1340 1202 1544 1272 κόσμου
1570 1201 1630 1255 τὸ
1663 1202 1763 1272 τῆς
1791 1204 1868 1255 oi-

272 1292 435 1357 κείας
456 1292 650 1364 ἑορτῆς
676 1292 950 1357 ἐξετέλεσε
971 1295 1287 1365 μυστήριον,
1316 1293 1409 1347 καὶ
1426 1294 1524 1365 τὴν
1546 1294 1868 1365 οἰκουμένην

276 1388 392 1458 (27)
408 1390 438 1441 6
464 1388 638 1459 μέγας
667 1387 912 1460 φωστὴρ,
934 1387 1211 1453 εὐσεϐείας
1233 1389 1428 1457 αὐγαῖς
1450 1387 1867 1459 κατελάμπρυνε

272 1478 373 1530 καὶ
390 1478 457 1550 δὴ
471 1477 745 1546 γενέθλιον
766 1478 971 1548 κόσμου
987 1479 1015 1529 6
1032 1477 1219 1548 καιρὸς
1241 1476 1520 1548 περιέχειν
1534 1476 1695 1529 ἔοικε.
1712 1477 1869 1530 Κατὰ

270 1571 467 1624 τοῦτον
498 1571 557 1624 δέ
595 1572 687 1624 τὸν
715 1571 906 1643 καιρὸν
933 1572 1028 1624 καὶ
1051 1570 1219 1635 τύπος
1250 1570 1498 1630 ἐτελεῖτο,
1529 1568 1592 1623 τὸ
1639 1568 1870 1624 παλαιὸν

270 1662 495 1732 Πάσχα,
520 1661 548 1713 ὃ
584 1664 676 1715 καὶ
706 1661 1053 1734 διαϐατήριον
1077 1660 1291 1733 εἴρηται
1317 1678 1330 1692 ’
1374 1659 1511 1713 ἀλλὰ
1538 1661 1633 1714 καὶ
1661 1659 1868 1730 προϐά-

270 1773 368 1808 του
402 1754 622 1825 σφαγῆς
649 1753 919 1825 σύμϐολον
943 1753 1137 1826 ἔφερεν
1161 1770 1172 1780 °
1213 1752 1347 1806 ἀλλὰ
1372 1753 1467 1806 καὶ
1501 1750 1709 1823 τροφῆς
1741 1750 1871 1816 ἀξύ-

274 1863 396 1916 μων
423 1845 608 1916 ἄρτων
638 1844 882 1919 ᾐνίττετο
912 1843 1115 1897 εἰκόνα.
1141 1842 1325 1896 Ταῦτα
1346 1841 1404 1895 δὲ
1436 1842 1528 1895 ἐπὶ
1551 1841 1649 1905 τὴν
1694 1841 1871 1911 σωτή-

1973 660 2159 718 utpote
2198 649 2506 701 dammnum
2530 648 2748 712 amicis,
2777 648 3048 711 exitium;
3084 645 3325 704 Hebraeis
3370 662 3550 708 autem

1972 743 2142 797 Deum
2178 741 2317 796 festo
2342 741 2450 793 ritu
2481 740 2903 804 celebrantibus,
2924 741 3187 795 malorum
3218 741 3378 797 finem
3412 754 3551 799 attu-

1969 835 2049 889 lit.
2084 834 2197 889 Hoc
2240 835 2381 887 idem
2416 842 2538 886 erat
2570 832 2695 886 anni
2728 842 2963 902 tempus,
3005 831 3147 899 quod
3182 832 3235 887 in
3280 835 3553 905 primitiva

1968 929 2133 982 etiam
2170 926 2409 981 universi
2445 925 2722 979 creatione
2767 924 3118 989 decurrebat,
3160 940 3269 994 quo
3315 934 3573 997 tempore"

1972 1028 2118 1074 terra
2167 1017 2508 1089 germinavit,
2559 1026 2613 1071 et
2674 1015 2963 1070 luminaria
3017 1018 3344 1071 exstiterunt
3390 1035 3404 1072 :
3448 1034 3557 1087 quo

1971 1120 2216 1179 tempore
2245 1109 2463 1175 caelum,
2498 1117 2677 1175 terra,
2718 1116 2773 1159 et
2810 1107 2993 1160 omnia
3029 1122 3151 1178 qua:
3188 1108 3242 1162 in
3282 1112 3362 1165 eis
3397 1121 3553 1180 sunt,

1969 1201 2229 1271 producta
2270 1200 2512 1254 fuerunt.
2543 1198 2657 1253 lloc
2685 1199 2800 1268 ipso
2835 1208 3076 1268 tempore
3110 1200 3343 1256 universi
3370 1204 3553 1257 mundi

1971 1293 2229 1349 Servatur
2260 1291 2621 1346 solemnitatis
2649 1307 2759 1347 sua:
2791 1292 3107 1361 mysterium
3137 1293 3364 1364 peregit;
3394 1304 3558 1365 atque

1970 1386 2155 1441 urbem
2189 1395 2457 1439 terrarum
2496 1383 2763 1437 luminare
2803 1399 3054 1449 magnum
3088 1398 3257 1439 vera).
3280 1387 3558 1456 religionis

1970 1478 2352 1547 splendorihus
2381 1476 2708 1539 illustravit,
2741 1476 3040 1544 mundique
3089 1477 3271 1532 natale
3299 1480 3560 1535 reducere

1969 1572 2144 1626 visum
2179 1578 2283 1626 est.
2336 1569 2448 1623 Hoc
2481 1578 2727 1638 tempore
2764 1568 2934 1636 ﬁgura
2969 1570 3372 1637 perficiebatur,
3405 1582 3560 1627 vetus

1971 1662 2224 1718 nimirum
2255 1660 2464 1715 Pascha
2493 1674 2588 1714 seu
2623 1659 2886 1714 transitus
2925 1678 2937 1713 :
2973 1661 3196 1731 insuper
3224 1663 3389 1716 etiam
3421 1678 3562 1736 sym-

1970 1752 2153 1807 bolum
2181 1766 2334 1807 caesae
2357 1752 2475 1806 ovis
2509 1750 2965 1821 liehat;denique
3004 1754 3181 1823 azymi
3214 1755 3370 1823 panis
3412 1770 3560 1820 esus,

1971 1844 2222 1913 imaginis
2252 1842 2532 1912 cujusdam
2570 1843 2745 1896 instar
2770 1852 2908 1896 erat.
2946 1844 3076 1909 Quae
3119 1846 3299 1899 omnia
3331 1847 3383 1899 in
3435 1846 3562 1901 Ser-

273 1952 395 2007 ριον
427 1936 623 2009 ἐορτὴν
670 1935 885 1989 ἅπαντα
923 1933 1359 2006 συνεπληροῦτο·
1390 1933 1451 1987 τό
1471 1949 1529 1985 τε
1569 1931 1677 2002 γὰρ
1718 1930 1863 2002 πρό-

1978 1942 2170 1994 ratoris
2219 1940 2567 1994 solemnitate
2620 1938 2889 2006 completa
2956 1948 3107 1995 sunt.
3166 1937 3412 2009 Namque
3472 1938 3561 1994 illa

270 2026 441 2079 ϐατον
468 2026 632 2089 αὐτὸς
661 2020 729 2095 ἦν
764 2023 885 2078 καθ’
924 2024 952 2076 ὃ
994 2024 1302 2095 περιέκειτο
1330 2024 1512 2095 σῶμα.
1550 2022 1721 2086 Αὐτὸς
1771 2021 1865 2075 καὶ

268 2120 430 2189 ἥλιος
460 2118 827 2191 δικαιοσύνης,
861 2117 1019 2190 ἔαρος
1050 2118 1185 2188 δῆτα
1230 2119 1375 2171 θείου
1438 2117 1532 2170 καὶ
1590 2116 1862 2189 σωτηρίου

269 2213 492 2284 τροπῆς
522 2212 631 2265 ἀπὸ
660 2212 917 2283 χειρόνων
948 2212 1040 2264 ἐπὶ
1073 2210 1140 2264 τὰ
1167 2211 1399 2282 κρείττω
1421 2208 1513 2263 τὸν
1537 2207 1646 2260 τῶν
1663 2204 1868 2278 ἀνθρὼο

271 2324 399 2360 πων
433 2305 547 2375 βίον
597 2304 976 2375 διαλαϐούσης.
1005 2303 1320 2372 Αἰγυπτίων
1351 2300 1447 2373 μὲν
1474 2299 1721 2370 δαίμοσιν
1756 2299 1867 2351 είσ-

269 2401 357 2453 ἐτι
386 2400 481 2452 καί¹
522 2398 617 2451 νῦν
636 2396 883 2467 θεήλατοι
927 2398 1188 2469 μάστιγες
1231 2394 1700 2463 καταπέμπονται,
1745 2389 1865 2445 λαοὶ⁵

268 2491 331 2544 δὲ
370 2488 646 2560 πανταχοῦ
675 2490 781 2559 γῆς
808 2489 1084 2552 οἰκοῦντες
1117 2488 1216 2558 τὴν
1249 2484 1397 2554 σφῶν
1422 2483 1732 2554 ἐλευθερίαν
1766 2479 1865 2551 τὴν

274 2587 344 2637 ἐκ
370 2584 472 2653 τῆς
520 2582 891 2646 πολυπλανοῦς
914 2581 1203 2652 ἀθεότητος
1236 2576 1575 2650 ἑορτάζουσι.
1602 2575 1721 2627 Τῶν
1744 2573 1867 2625 λαο-

273 2672 503 2726 πλανῶν
529 2673 587 2725 δὲ
628 2673 955 2742 πνευμάτων
1007 2668 1373 2740 πεπαυμένων
1393 2711 1408 2731 ,
1466 2667 1560 2720 καὶ
1603 2663 1869 2737 χειμῶνος

275 2765 492 2829 κακῶν,
523 2764 726 2817 καινῶν
762 2762 990 2833 καρπῶν
1034 2761 1262 2833 εὐφορία
1283 2760 1558 2833 διαφόροις
1600 2758 1871 2830 χαρίσμα-

276 2875 369 2910 σιν
401 2857 558 2925 ἁγίου
577 2856 894 2927 Πνεύματος
917 2854 1016 2927 τὴν
1067 2854 1392 2925 Ἐκκλησίαν
1432 2852 1528 2906 τοῦ
1561 2851 1696 2906 Θεοῦ
1750 2868 1873 2903 στε-

273 2951 472 3021 φανοῖ·
504 2950 599 3003 καὶ
628 2948 814 3013 ἁπλῶς
847 2949 955 3002 πᾶν
983 2947 1139 3017 γένος
1165 2945 1471 3018 ἀνθρώπων
1517 2944 1610 2997 ἐπὶ
1636 2944 1698 2998 τὸ
1729 2944 1872 3015 ἠμέ-

272 3057 440 3112 τερον
468 3039 899 3111 μεταϐέϐληται·
930 3038 1105 3111 χῶραι
1131 3038 1188 3091 δὲ
1212 3040 1406 3099 πᾶσαι,
1432 3035 1567 3107 πρὸς
1587 3034 1682 3089 τοῦ
1701 3052 1876 3106 γεωρ-

273 3133 381 3204 γοῦ
440 3133 609 3202 Λόγου
652 3132 752 3203 τῆς
784 3132 922 3186 κατὰ
974 3131 1153 3203 ψυχὴν
1202 3129 1478 3202 γεωργίας
1498 3128 1777 3199 τυχοῦσαι,
1806 3127 1874 3181 τὰ

1967 2033 2106 2099 ovis,
2166 2032 2282 2102 ipse
2334 2042 2473 2095 erat,
2519 2040 2789 2101 quatenus
2853 2045 3054 2099 corpus
3114 2030 3559 2099 circumpositum

1968 2125 2225 2180 habebat.
2258 2124 2376 2193 ipse
2409 2125 2575 2177 etiam
2603 2123 2683 2176 sol
2705 2122 2932 2190 justitiae
2957 2163 2973 2189 ,
3011 2138 3136 2176 cum
3167 2123 3279 2192 jam
3309 2138 3403 2177 ver
3427 2124 3563 2178 divi-

1970 2233 2055 2273 na:
2082 2218 2446 2287 salutat-isque
2478 2216 2859 2273 conversionis
2888 2230 2916 2269 a
2956 2216 3320 2271 deterioribus
3361 2217 3416 2269 in
3443 2231 3561 2271 me-

1969 2311 2128 2375 liora,
2168 2310 2449 2365 hominum
2496 2307 2739 2363 moribus
2782 2308 3120 2377 supervenit.
3184 2307 3561 2380 [Egyptlorum

1969 2403 2157 2471 utique
2197 2402 2534 2456 daemonibus
2592 2415 2740 2455 nunc
2771 2401 2937 2454 etiam
2980 2399 3153 2471 plaga:
3181 2400 3558 2470 imponuntur,

1972 2496 2153 2565 populi
2180 2495 2381 2564 ubique
2414 2503 2685 2548 terrarum
2723 2492 3027 2547 incolentes
3055 2492 3367 2548 libertatem
3408 2507 3562 2547 suam

1971 2604 2000 2641 a
2052 2586 2376 2641 multiformi
2435 2585 2857 2654 irreligiositatis
2889 2598 3080 2639 errore
3133 2585 3381 2640 hilariter
3422 2584 3566 2641 cele-

1971 2681 2151 2734 brant.
2224 2678 2563 2747 Compressis
2607 2691 2738 2746 ergo
2792 2676 3177 2745 deceptoribus
3240 2676 3561 2746 populorum

1971 2772 2256 2843 Spirilibtts
2295 2781 2349 2824 et
2398 2770 2664 2825 malorum
2720 2769 2921 2830 hieme,
2971 2784 3232 2822 novorum
3284 2768 3560 2824 fructuum

1974 2866 2190 2918 ubertas
2212 2861 2379 2916 variis
2423 2861 2597 2915 sancti
2646 2860 2887 2931 Spiritus
2930 2860 3088 2915 donis
3124 2860 3218 2915 Dei
3259 2859 3561 2915 Ecclesiatn

1974 2964 2242 3021 exornat;
2299 2965 2464 3024 atque
2517 2963 2579 3007 ut
2632 2951 2947 3008 summatim
2997 2951 3202 3017 dicam,
3248 2952 3562 3007 universum

1976 3048 2258 3104 hominum
2310 3063 2481 3116 genus
2536 3046 2604 3100 ad
2667 3053 2853 3114 partes
2929 3054 3148 3099 nostras
3227 3043 3561 3103 trattsilivit;

1976 3152 2186 3197 cuncta:
2218 3142 2470 3212 regiones
2496 3156 2525 3193 a
2563 3140 2743 3194 Verho
2771 3138 3008 3208 agricola
3056 3138 3250 3192 animae
3296 3135 3563 3190 culturam

272 3227 462 3297 ὡραῖα
500 3225 600 3296 τῆς
642 3224 844 3296 ἀρετῆς
885 3223 1020 3294 ἄνθη
1053 3223 1484 3294 βεϐλαστήκασιν
1510 3238 1525 3254 ο
1582 3221 1719 3276 ἀλλὰ
1780 3221 1874 3274 καὶ

1978 3245 2236 3305 expertar,
2264 3233 2523 3304 pulchros
2549 3233 2769 3288 virtutis
2793 3232 2954 3287 ﬂores
2980 3231 3355 3303 germinarunt
3390 3245 3406 3284 :
3440 3243 3566 3282 nos-

275 3321 392 3373 τῶν
416 3318 513 3372 τοῦ
560 3319 786 3380 σκότους
824 3316 1010 3371 κακῶν
1059 3316 1517 3387 ἠλευθερωμένοι,
1579 3313 1755 3386 φωτὸς
1808 3313 1868 3366 ἐν

1978 3302 2077 3398 que
2127 3302 2364 3383 tenebris
2422 3330 2692 3381 malorum
2755 3326 2964 3393 erepti,
3025 3325 3144 3379 luce
3196 3323 3341 3392 digni
3395 3321 3564 3378 habiti

277 3414 467 3486 ἡμέρα
495 3411 631 3466 Θεοῦ
656 3412 910 3482 γνώσεως
947 3410 1385 3482 κατηξιώθημεν.

360 3507 425 3560 δ’.
442 3504 679 3558 Τοιαῦτα
709 3504 778 3557 τὰ
796 3504 957 3557 καινὰ
977 3503 1276 3575 μαθήματα
1300 3502 1466 3557 πάλαι
1486 3502 1584 3574 μὲν
1611 3502 1698 3557 διὰ
1730 3521 1870 3574 συμ-

278 3599 456 3652 ϐόλων
499 3597 927 3667 ἐπεσκιασμένα,
981 3596 1176 3649 νεωστὶ
1225 3596 1281 3649 δὲ
1311 3597 1392 3659 είς
1424 3596 1539 3665 φῶς
1600 3598 1873 3650 ἀνακεκα-

280 3690 557 3762 λυμμένα.
590 3692 700 3744 Kal.
726 3689 790 3762 δὴ
823 3689 917 3743 καὶ
943 3691 1107 3760 ἡμεῖς
1127 3687 1188 3740 τὺ
1224 3687 1517 3757 κεφάλαιον
1554 3688 1655 3759 τῆς
1679 3689 1873 3760 ἑορτῆς

282 3785 503 3839 κύκλων
536 3785 648 3856 (28)
682 3783 951 3856 περιόδοις
973 3783 1092 3836 καθ’
1110 3783 1339 3835 ἕκαστον
1357 3782 1474 3845 ἔτος
1488 3782 1875 3855 ἀναζωπυροῦ-
1899 3780 1905 3785 ’

287 3894 411 3947 μεν,
431 3876 704 3948 προέορτα
745 3875 843 3947 μὲν
878 3874 1339 3947 προπαρασκευῆς
1359 3874 1522 3928 ἕνεκα
1542 3874 1641 3945 τὴν
1674 3892 1875 3928 τεσσα-

285 3969 525 4043 ρακονθή
535 3987 599 4039 με
606 3986 697 4041 ρον
713 3969 943 4038 ἄσκησιν
962 3985 1038 4021 πα
1045 3968 1182 4039 ραλα
1190 3968 1482 4038 μϐάνοντες
1501 3966 1642 4020 κατὰ
1662 3967 1753 4021 τὸν
1767 3966 1876 4020 τῶν

286 4063 463 4131 ἁγίων
498 4061 656 4131 ζῆλον
688 4060 967 4123 Μωῢσέως
999 4060 1091 4113 καὶ
1131 4059 1331 4124 Ἠλίου,
1363 4060 1461 4130 τὴν
1481 4059 1537 4112 δὲ
1567 4059 1758 4131 ἑορτὴν
1781 4059 1877 4111 αὐ·-

286 4158 389 4225 τὴν
412 4158 492 4221 είς
523 4155 754 4226 ἄληστον
794 4152 966 4206 αἲῶνα
997 4151 1398 4223 ἀνανεούμενοι.
1428 4151 1539 4223 Τὴν
1575 4151 1706 4220 γοῦν
1740 4150 1878 4221 πρὸς

287 4252 382 4302 τὸν
436 4247 568 4301 Θεὸν
604 4245 829 4319 πορείαν
879 4243 1244 4315 στελλόμενοι,
1292 4243 1391 4307 τὰς
1445 4243 1544 4314 μὲν
1586 4243 1757 4313 ὀσφῦς
1815 4238 1876 4297 εῦ

293 4342 442 4414 μάλα
476 4340 662 4411 δεσμῷ
723 4336 1077 4409 σωφροσύνης
1121 4335 1507 4407 περιδούμεθα,
1560 4335 1630 4390 τὰ
1675 4336 1731 4389 δὲ
1781 4337 1881 4408 τῆς

288 4433 470 4504 ψυχῆς
523 4431 827 4503 βαδίσματα
864 4431 922 4483 ἐν
953 4426 1224 4499 ἀσφαλείᾳ
1271 4427 1653 4497 φυλάττοντες,
1690 4427 1881 4501 ὥσπερ

291 4529 351 4580 ἐν
380 4526 689 4596 ὑποδήμασι
742 4523 807 4595 δὴ
853 4524 943 4576 τὸν
976 4523 1175 4595 δρόμον
1221 4521 1323 4592 τῆς
1352 4521 1602 4593 οὐρανίου
1636 4521 1883 4593 κλήσεως

294 4618 809 4690 παρασκευάζομεν
844 4616 1115 4688 βακτηρίᾳ
1154 4614 1211 4668 δὲ
1245 4613 1405 4684 λόγου
1438 4613 1584 4667 θείου
1617 4616 1675 4668 ἐν
1707 4613 1883 4684 εὐχῶν

290 4712 521 4783 δυνάμει
570 4711 706 4782 πρὸς
761 4711 972 4780 ἄμυναν
1015 4707 1226 4780 ἐχθρῶν
1273 4706 1568 4779 χρώμενοι,
1599 4708 1696 4763 σὺν
1732 4706 1882 4780 πάσῃ

293 4805 576 4878 προθυμίᾳ
603 4803 948 4874 διαϐαίνομεν
970 4803 1068 4873 τὴν
1085 4804 1164 4865 είς
1179 4802 1444 4872 οὐρανοὺς
1468 4802 1737 4874 φέρουσαν
1763 4801 1881 4855 διά-

292 4899 476 4961 ϐασιν,
509 4895 828 4957 σπεύδοντες
854 4894 962 4947 ἀπὸ
985 4894 1094 4946 τῶν
1126 4893 1254 4965 τῇδε
1289 4892 1383 4946 ἐπὶ
1411 4892 1480 4945 τὰ
1506 4893 1750 4964 οὐράνια,
1786 4893 1882 4948 καὶ

290 4990 405 5043 ἀπὸ
422 4988 569 5059 ζωῆς
597 4988 800 5060 θνητῆς
824 4987 916 5040 ἐπὶ
948 4987 1047 5058 τὴν
1080 4986 1368 5040 ἁθάνατον’
1399 4984 1544 5039 οὕτω
1573 4986 1683 5057 γὰρ
1710 4985 1882 5039 διαδέ-

294 5081 446 5146 ξεται
492 5082 641 5151 ἡμᾶς
669 5080 918 5134 ἐντεῦθεν
957 5079 1026 5133 τὰ
1067 5079 1395 5150 διαϐατήρια
1444 5074 1504 5132 εὖ
1561 5078 1656 5131 καὶ
1705 5078 1901 5142 καλῶς’

293 5172 692 5243 διαϐεϐηκότας
734 5173 868 5243 άλλη
915 5189 1000 5236 τις
1036 5172 1237 5244 μείζων
1284 5173 1466 5244 ἐορτή’
1504 5172 1884 5244 Πεντηκοστὴν

292 5266 468 5335 αὐτὴν
503 5265 732 5337 ἐπίκλην
766 5265 1031 5337 Ἐϐραίων
1061 5264 1251 5328 παῖδες
1294 5262 1672 5335 ὀνομάζουσιν,
1701 5264 1885 5317 εἰκόνα

301 5358 579 5419 φέρουσαν
622 5358 724 5427 τῆς
770 5357 878 5411 τῶν
922 5356 1169 5429 οὐρανῶν
1221 5356 1514 5426 βασιλείας.
1549 5356 1714 5425 Λέγει
1755 5356 1886 5427 γοῦν

375 5454 423 5485 ⁸⁸
452 5454 612 5507 Deut.
639 5469 750 5516 XVI,
776 5455 834 5512 9.

369 5544 510 5614 (26‘)
534 5546 834 5612 Sequentes
865 5543 1113 5598 versiculi
1143 5545 1390 5599 undecim
1420 5560 1591 5614 usque
1612 5548 1675 5599 ad
1700 5547 1761 5600 τὸ
1786 5564 1886 5600 πα-

293 5616 450 5670 λαιὸν
519 5616 731 5686 Πάσχα,
776 5616 1014 5686 citantur
1061 5631 1126 5669 ex
1192 5615 1419 5669 Eusebio
1454 5616 1542 5679 [De
1598 5614 1879 5686 Prisc/tate,

302 5686 573 5760 Εὐσεϐίου
601 5684 727 5758 περὶ
753 5684 847 5760 τοῦ
883 5685 1095 5760 Πάσχα,
1124 5686 1289 5739 etiam
1325 5702 1351 5738 a
1370 5687 1626 5760 Macario
1646 5684 1883 5760 Chryse;

297 5758 530 5826 cephalo
561 5758 613 5811 in
652 5755 749 5812 sua
792 5755 1001 5819 inedita
1052 5766 1244 5810 catena
1282 5757 1403 5813 cod.
1433 5758 1493 5811 Ε.
1532 5757 1570 5811 ΐ.
1605 5758 1695 5823 95,
1737 5755 1790 5822 ιί,
1826 5769 1882 5812 et

300 5827 521 5895 quidem
547 5843 654 5881 non
683 5827 799 5880 sine
835 5826 1017 5881 verbis
1058 5826 1217 5892 paulo
1249 5826 1495 5896 pluribus
1518 5844 1677 5894 quam
1724 5844 1753 5881 a
1788 5828 1879 5881 Ni-

300 5908 457 5968 ceta;
501 5897 852 5970 quamobrem
886 5911 951 5952 ex
994 5896 1226 5953 Eusebio
1256 5896 1438 5968 potius
1474 5899 1591 5971 ipso
1619 5914 1781 5968 quam
1811 5916 1879 5957 ex

1975 3422 2174 3476 fuimus
2196 3436 2301 3490 qua
2336 3421 2423 3475 die
2460 3419 2550 3472 Dei
2587 3419 2839 3472 notitiam
2871 3417 3169 3472 hausimus.
3580 3480 3581 3483 η

2043 3513 2095 3567 4.
2132 3511 2253 3567 Haec
2293 3522 2420 3565 sunt
2446 3525 2580 3565 nova
2614 3509 2966 3576 documenta,
3002 3508 3129 3563 olim
3171 3506 3387 3577 quidem
3422 3520 3566 3579 sym-

1974 3605 2111 3661 bolis
2136 3604 2479 3665 obtnnbrata,
2508 3616 2679 3672 nuper
2710 3611 2889 3655 autem
2920 3603 2971 3655 iu
3004 3601 3179 3656 lucem
3217 3598 3563 3653 manifestam

1974 3696 2205 3767 prolata.
2237 3696 2302 3750 Et
2341 3696 2557 3764 quidem
2599 3708 2701 3748 nos
2722 3694 2884 3748 etiam
2924 3694 3138 3747 initium
3177 3692 3337 3760 hujus
3374 3691 3566 3746 solem-

1976 3790 2162 3847 nitatis
2213 3789 2487 3861 cyclorum
2535 3789 2772 3860 periodis
2812 3772 3038 3857 singulis
3088 3787 3247 3841 annis
3290 3786 3567 3840 instaura-

1980 3902 2140 3952 mus;
2176 3897 2301 3941 ante
2351 3886 2549 3940 festmn
2603 3885 2844 3955 quidem,
2898 3884 3310 3954 prteparationis
3362 3897 3567 3947 causa,

1978 3978 2447 4048 quadragesimale
2468 3979 2791 4032 exercitium
2812 3986 3177 4042 assumentes,
3192 3985 3411 4030 sanctos
3428 3973 3567 4044 Μογ-

1979 4086 2092 4125 sem
2129 4079 2182 4123 et
2212 4067 2419 4122 Heliam
2458 4067 2752 4131 imitantes,
2786 4067 2958 4135 ipsum
2991 4080 3119 4121 vero
3144 4065 3338 4119 festum
3359 4077 3455 4132 per
3488 4061 3567 4115 in-

1979 4160 2240 4216 ceSSahile
2272 4174 2444 4212 tevum
2499 4168 2824 4229 repetentes.
2884 4157 3024 4225 Ergo
3064 4156 3259 4210 itinere
3288 4155 3355 4209 ad
3399 4153 3565 4207 Deum

1980 4264 2253 4323 Suscepto,
2290 4253 2503 4306 lumbos
2548 4252 2791 4321 apprime
2837 4251 3215 4320 temperantia:
3263 4264 3397 4304 zona
3433 4263 3567 4318 pra:-

1980 4346 2272 4416 cingimus,
2320 4344 2516 4398 aninue
2562 4358 2695 4398 vero
2756 4358 2977 4413 gressus
3016 4350 3187 4419 caute
3240 4341 3568 4405 munientes,

1985 4449 2243 4506 tanquam
2273 4436 2498 4492 calceati
2532 4435 2777 4492 ctelestis
2805 4435 3110 4489 vocationis
3154 4447 3374 4488 cursum
3419 4430 3572 4484 insti-

1986 4530 2191 4585 tuimus
2222 4546 2235 4583 :
2269 4530 2531 4599 virgaque
2582 4526 2749 4581 divini
2800 4526 2977 4590 verbi,
3030 4540 3137 4579 non
3194 4526 3311 4579 sine
3351 4536 3571 4593 precum

1914 4648 1959 4706 ο
1987 4626 2209 4687 virtute,
2254 4623 2322 4677 ad
2373 4620 2713 4689 repellendos
2752 4623 2939 4676 hostes
2985 4629 3233 4682 utentes,
3265 4633 3387 4671 cum
3420 4615 3569 4670 omni

1987 4717 2269 4791 alacritate
2303 4714 2370 4769 ad
2422 4714 2689 4770 ferentem
2728 4715 2780 4768 in
2825 4714 2993 4769 caelos
3039 4711 3327 4765 transitum
3349 4750 3364 4777 ,
3390 4709 3458 4761 ab
3488 4707 3576 4762 his

1988 4808 2188 4864 infimis
2212 4807 2277 4861 ad
2307 4821 2567 4876 superna,
2600 4821 2631 4861 a
2671 4804 2885 4860 mortali
2929 4803 3038 4859 vita
3070 4803 3137 4857 ad
3195 4799 3573 4856 immortalita-

1992 4909 2096 4953 tem
2125 4913 2505 4969 properamus.
2528 4898 2619 4953 Sic
2647 4900 2790 4954 enim
2820 4905 3043 4967 peracto
3064 4894 3295 4949 feliciter
3316 4890 3570 4956 transitu,

1988 4993 2157 5059 major
2182 4991 2283 5045 alia
2312 4992 2546 5061 excipiet
2564 5007 2661 5048 nos
2676 4991 2993 5047 solemnitas
3009 4992 3189 5059 (quam
3216 4987 3570 5042 Pentecosten

1987 5084 2220 5139 Hebraei
2246 5083 2551 5154 nominant)
2591 5084 2741 5153 regni
2763 5084 3026 5139 cmlorum
3057 5080 3348 5149 imaginem
3381 5091 3492 5145 prae
3514 5089 3573 5131 se

1987 5175 2192 5229 ferens.
2222 5173 2313 5228 Ait
2348 5173 2531 5242 itaque
2567 5172 2781 5242 Moyses
2819 5170 2946 5225 :Ea;
2974 5187 3077 5241 quo
3121 5168 3308 5238 falcem
3343 5166 3398 5219 in
3441 5181 3575 5219 mes-

1986 5285 2093 5323 sem
2121 5267 2351 5329 miseris,
2377 5267 2681 5321 numerabis
2716 5267 2809 5319 tibi
2839 5275 3028 5335 septem
3074 5261 3447 5326 hebdomadas,
3478 5274 3571 5312 uo-

1991 5378 2185 5432 vosque
2215 5377 2377 5431 partes
2422 5377 2488 5415 ea:
2522 5376 2654 5413 nova
2677 5374 2845 5412 messe
2870 5371 3127 5427 propone;
3162 5362 3284 5407 ante
3310 5351 3478 5409 Deum
3503 5352 3570 5407 “.

1994 5545 2179 5599 Nireta
2208 5544 2453 5597 hausisse
2483 5541 2695 5594 videtur
2717 5538 3005 5595 Macarius.

2064 5615 2197 5686 ('27,)
2216 5614 2357 5686 _Cod.
2388 5610 2760 5686 :hvbcpqhov.

2063 5675 2190 5755 (28"
2214 5683 2356 5739 Dicit
2396 5675 2622 5753 cjclut'n'
2654 5680 3007 5755 paschalenu,
3038 5677 3337 5755 cuiusmodi
3389 5675 3575 5755 plures

1992 5757 2045 5809 in
2073 5747 2331 5823 'antiquis
2360 5747 2728 5808 monumentis
2761 5762 2869 5805 tam
2901 5751 3123 5822 scriptis
3153 5762 3315 5823 quam
3343 5747 3574 5823 sculptis

1989 5818 2736 5895 exstant.Videsislnscript.
2764 5824 2883 5879 chr.
2918 5818 3059 5892 apud
3094 5838 3217 5887 nos,
3246 5818 3441 5891 Script.
3472 5825 3571 5873 ut.

1990 5906 2028 5953 t.
2072 5896 2138 5962 ν,
2173 5912 2227 5959 p.
2260 5894 2327 5950 ’10
2354 5905 2409 5952 et
2440 5894 2563 5950 472.
