4008 6552
407 439 512 492 099

1084 428 1355 485 EUSEBII
1395 428 1871 486 CASSARIENSIS
1908 429 2060 487 OPP.
2102 431 2281 487 PARS
2313 429 2406 485 ιν.
2455 459 2522 470 -
2556 419 2983 480 DOGMATICA.

3571 419 3701 475 70.0

411 557 982 628 Signiﬁcabatnempe
1027 559 1346 627 prophetica
1382 559 1483 611 hac
1514 556 1684 627 figura
1720 572 1814 627 per
1857 572 1999 612 mes-

2111 557 2362 627 Μωῦσῆς·
2424 550 2788 622 Ἀρχομένων
2810 564 2928 604 σου
2964 545 3266 615 δρέπανον
3306 544 3397 598 ἐπ’
3433 545 3699 615 ἄμητον,

410 666 523 707 sem
556 650 774 720 quidem
811 651 1152 705 vocationem
1183 648 1448 721 gentium,
1472 665 1568 718 per
1599 664 1765 703 novos
1804 665 1992 719 panes,

410 743 619 795 animas
647 740 848 795 Christi
879 741 1087 795 meritis
1108 741 1320 795 oblatas
1350 740 1479 806 Deo,
1521 739 1900 809 ecclesiasque
1926 755 1992 795 ex

410 833 643 888 ethnicis
670 831 949 896 conflatas,
981 848 1209 903 quarum
1256 847 1421 887 causa
1468 832 1761 886 maximum
1794 831 1991 886 festum

410 926 555 993 apud
585 924 875 996 benignum
909 926 1073 979 Deum
1110 925 1188 979 lit.
1215 924 1459 993 Namque
1484 924 1839 978 rationalibus
1864 939 1995 992 apo-

411 1018 671 1073 stolarum
705 1018 936 1072 falcibus
966 1017 1222 1081 demessi,
1259 1019 1471 1071 cunctis
1499 1015 1698 1084 ubique
1725 1026 1992 1069 terrarum

411 1109 661 1166 ecclesiis
721 1117 980 1178 tanquam
1032 1109 1085 1162 in
1119 1125 1245 1163 area
1303 1108 1559 1177 globatim
1615 1109 1991 1177 congregatis,

411 1202 665 1260 concordi
701 1202 823 1256 fidei
863 1202 1133 1256 sententia
1181 1200 1491 1270 corporati,
1522 1198 1636 1251 sale
1684 1199 1990 1254 divinarum

414 1293 783 1350 doctrinarum
829 1306 893 1345 ac
924 1290 1324 1360 disciplinarum
1357 1290 1578 1353 conditi,
1612 1305 1747 1356 aqua
1781 1299 1836 1342 et
1873 1290 1994 1359 igne

414 1383 591 1437 sancti
649 1381 881 1450 Spiritus
940 1381 1259 1451 regenerati,
1312 1395 1478 1449 panes
1519 1380 1727 1435 escales
1764 1378 1992 1448 iucundi

415 1472 663 1541 gratique
694 1472 807 1528 Deo
838 1487 934 1541 per
960 1471 1234 1527 Christum
1269 1470 1567 1526 efferimur.

2098 650 2249 703 ἑπτὰ
2281 645 2614 715 ἑϐδομάδας
2659 641 3010 712 ἁριθμήσεις
3058 638 3314 704 σεαυτῷ,
3360 639 3456 692 καὶ
3508 640 3702 704 νέους

2099 738 2319 807 ἄρτους
2344 737 2411 790 ἐκ
2430 736 2584 789 νέων
2598 732 2840 803 ἀμήτων
2858 729 3232 799 παραθήσεις
3258 728 3338 795 τῷ
3363 728 3504 794 Θεῷ.
3528 729 3700 800 Ἐδή-

2096 829 2189 882 λου
2216 829 2273 882 δὲ
2301 828 2411 894 ἄρα
2454 824 2778 898 προφητικῷ
2804 822 2959 893 τύπῳ
2985 822 3195 893 ἄμητον
3240 821 3341 892 μὲν
3369 821 3479 874 τῶν
3517 820 3702 874 ἑθνῶν

2097 923 2198 994 τὴν
2238 921 2453 991 κλῆσιν,
2488 919 2639 982 νέους
2659 917 2715 970 δὲ
2751 917 2946 987 ἄρτους
2971 914 3069 978 τὰς
3093 914 3180 968 διὰ
3203 912 3439 986 Χριστοῦ
3468 911 3545 982 τῷ
3571 912 3704 982 Θεῷ

2099 1011 2609 1085 προσενηνεγμένας
2634 1009 2830 1089 ψυχὰς,
2854 1009 2951 1071 τάς
2978 1024 3036 1060 τε
3062 1007 3119 1073 ἐξ
3143 1006 3310 1060 ὲθνῶν
3373 1004 3701 1074 ἐκκλησίας,

2098 1106 2184 1175 ἐφ’
2218 1102 2306 1169 αἷς
2354 1104 2516 1175 ἑορτὴ
2567 1102 2798 1175 μεγίστη
2834 1100 2912 1172 τῷ
2948 1098 3316 1171 φιλανθρώπῳ
3352 1098 3474 1169 Θεῷ
3502 1115 3704 1152 συντε-

2095 1197 2287 1251 λεῖται·
2338 1198 2387 1250 οἳ
2434 1199 2554 1259 ταῖς
2593 1195 2699 1249 τῶν
2746 1194 3057 1249 ἀποστόλων
3094 1192 3340 1260 λογικαῖς
3383 1190 3697 1262 δρεπάναις

2097 1287 2459 1359 θερισθέντες,
2506 1289 2600 1341 καὶ
2637 1286 2823 1359 ῶσπερ
2853 1286 2932 1348 είς
2963 1284 3106 1347 ἅλως
3126 1283 3226 1347 τὰς
3254 1282 3566 1352 ἁπανταχοῦ
3591 1283 3705 1352 γῆς

2096 1380 2425 1451 Ἐκκλησίας
2460 1378 2811 1449 συναχθέντες
2848 1378 2937 1447 ὑφ’
2970 1377 3046 1441 ἓν,
3075 1376 3341 1448 όμοφώνῳ
3364 1394 3424 1430 τε
3457 1376 3704 1430 διαθέσει

2098 1473 2333 1536 πίστεως
2374 1470 2933 1543 σωματοποιηθέντες,
2971 1470 3065 1523 καὶ
3097 1470 3221 1523 ἁλσὶ
3267 1472 3380 1533 τοῖς
3418 1468 3526 1523 ἀπὸ
3584 1470 3704 1522 τῶν

416 1564 574 1622 θείων
602 1565 775 1636 λόγων
828 1565 1144 1638 μαθήμασιν
1177 1565 1581 1637 ὲξαρτυθέντες,
1615 1566 1682 1619 δι’
1722 1564 1914 1630 ῦδατός
1948 1582 2007 1619 τε
2044 1567 2139 1620 καὶ
2191 1568 2363 1637 πυρὸς
2407 1566 2562 1634 ἁγίου
2629 1565 2943 1637 Πνεύματος
3007 1562 3483 1634 άναγεννηθέντες,
3539 1562 3704 1634 ἄρτοι

414 1661 675 1733 τρόφιμοι
707 1664 996 1735 προσηνεῖς
1029 1664 1123 1715 καὶ
1147 1661 1369 1732 ἀρεστοὶ
1402 1660 1479 1731 τῷ
1507 1661 1626 1732 Θεῷ
1649 1662 1739 1716 διὰ
1765 1661 2002 1733 Χριστοῦ
2045 1661 2490 1734 προσφερόμεθα.
3441 1738 3451 1747 ¹

488 1754 541 1809 5.
569 1754 661 1808 Sic
686 1769 815 1824 ergo
866 1753 1200 1824 prOpIteticis
1232 1753 1429 1822 Moysis
1474 1755 1734 1825 symbolis
1781 1756 1833 1809 iu
1881 1770 1994 1809 rem

2167 1762 2207 1807 ε’
2226 1797 2239 1810 .
2273 1754 2454 1826 Ταύτῃ
2494 1769 2570 1823 πη
2603 1750 2711 1805 τῶν
2740 1751 2889 1823 παρὰ
2924 1751 3148 1805 Μωῦσεῖ
3173 1747 3528 1822 προφητικῶν
3558 1765 3704 1818 συμ-

417 1861 600 1902 veram
639 1847 912 1902 sanctiore
959 1845 1152 1901 effectu
1187 1845 1416 1910 collatis,
1458 1846 1720 1902 hetiorem
1767 1863 1866 1902 nos
1913 1862 2002 1902 so-

419 1936 757 1993 lemnitatem
811 1951 973 2006 agere
1028 1936 1326 1991 traditione
1370 1937 1682 2004 didicimus,
1740 1954 1839 1994 ceu
1889 1939 2000 2007 jam

322 2052 327 2059 ~
418 2042 539 2081 cum
599 2026 893 2082 Servatore
944 2036 1132 2081 nostro
1187 2026 1511 2092 coadunati,
1557 2026 1784 2096 ejusque
1840 2041 2003 2096 regno

419 2120 680 2173 fruentes.
709 2117 1002 2188 Propterea
1030 2118 1177 2172 nullo
1199 2117 1355 2171 nobis
1375 2117 1559 2172 labore
1578 2122 1816 2173 ascetico
1838 2118 2002 2172 atteri

419 2211 559 2264 intra
611 2210 713 2265 hoc
747 2208 942 2264 festum
981 2210 1319 2273 conceditur,
1357 2210 1453 2262 sed
1506 2220 1737 2279 speratae
1762 2210 1814 2264 in
1844 2209 2004 2264 caelis
2038 2230 2043 2236 ·

419 2302 615 2370 quietis
656 2302 943 2368 imaginem
987 2302 1251 2357 exhibere
1314 2300 1591 2356 docemur.
1621 2304 1801 2369 Quare
1825 2317 1923 2357 nec
1949 2304 2001 2356 in

421 2392 673 2462 precibus
741 2408 884 2461 genu
947 2394 1239 2460 flectimus,
1286 2408 1462 2464 neque
1516 2393 1623 2447 cibi
1674 2394 2002 2448 abstinentia

421 2492 635 2539 nosmet
672 2483 983 2555 aﬂligimus.
1021 2486 1232 2541 Etenim
1277 2503 1395 2551 eos,
1443 2487 1640 2556 quibus
1672 2487 1725 2540 in
1766 2488 1875 2541 Deo
1922 2503 2005 2542 re-

422 2573 678 2643 surgendi
713 2574 887 2644 gratia
912 2575 1155 2643 fuit,jam
1186 2593 1291 2631 non
1322 2576 1482 2632 decet
1511 2580 1686 2633 denuo
1709 2578 1857 2631 humi
1882 2594 2004 2643 pro-

427 2666 691 2720 cumbere
722 2680 737 2731 ;
768 2681 889 2730 nec,
919 2667 1265 2735 passionilius
1303 2668 1579 2731 liberatos,
1614 2669 1764 2736 paria
1799 2668 2003 2737 perpeti

423 2773 545 2813 cum
603 2758 888 2828 mancipiis
923 2759 1302 2829 cepiditatum.
1353 2760 1718 2827 Quamobrem
1750 2770 1873 2832 post
1900 2762 2003 2815 Pa-

425 2851 556 2905 scha
591 2850 950 2906 Pentecosten
993 2862 1201 2920 septem
1235 2854 1589 2908 hebdomadis
1618 2854 1837 2923 integris
1859 2854 2005 2909 cele-

425 2937 648 2993 bramus
680 2957 696 3006 ;
733 2941 872 2993 sicut
928 2941 1184 3009 praevium
1221 2940 1471 2997 Pascltati
1524 2952 1737 3011 tempus
1775 2945 2008 3012 quadra-

426 3031 700 3099 gesimalis
734 3032 972 3086 exercitii
1042 3047 1135 3085 sex
1184 3031 1539 3088 hebdomadis
1573 3034 1802 3088 viriliter
1842 3034 2007 3089 susti-

424 3122 663 3177 nuimus.
718 3122 853 3177 Nam
904 3125 1154 3179 senarius
1205 3140 1461 3178 numerus
1519 3136 1797 3192 actuosus,
1826 3136 1885 3180 ut
1931 3126 2004 3180 ita

425 3212 737 3277 dicam,»est
766 3221 820 3267 et
854 3211 1063 3267 efficax.
1102 3213 1227 3268 Ideo
1274 3224 1327 3267 et
1369 3230 1463 3269 sex
1518 3214 1710 3268 diebus
1755 3215 2003 3269 universa

427 3303 569 3359 Deus
611 3304 919 3359 condidisse
966 3306 1186 3360 dicitur.
1241 3303 1541 3371 Laboribus
1588 3315 1766 3361 autem
1819 3306 1871 3359 in
1915 3308 2002 3360 illa

428 3397 676 3450 toleratis
730 3397 926 3451 merito
985 3399 1240 3452 succedet
1292 3399 1525 3452 secunda
1577 3400 1896 3453 solenmitas
1951 3400 2002 3453 in

425 3495 635 3552 septem
689 3487 1063 3551 hebdomadis.
1092 3489 1449 3560 multiplicata
1484 3490 1640 3544 nobis
1666 3492 1875 3559 requie,
1908 3507 2003 3544 cu-

421 3575 511 3644 jus
535 3576 839 3646 symbolum
867 3581 1205 3648 septenarius
1246 3597 1505 3635 numerus
1535 3591 1637 3635 est.
1672 3580 1789 3635 Non
1824 3590 2003 3635 tamen

426 3678 493 3718 ex
542 3666 627 3719 his
677 3676 886 3735 septem
929 3668 1285 3722 hebdomadis
1325 3670 1675 3726 Pentecostes
1716 3688 1809 3725 seu
1845 3673 2006 3741 quin-

427 3756 794 3825 quagenarius
840 3773 1099 3813 numerus
1137 3758 1470 3814 adamussim
1519 3760 1851 3826 conﬁcitur;
1882 3778 2004 3816 naut

429 3856 700 3915 postrema
755 3849 1050 3905 excedente
1108 3852 1371 3916 monade,
1412 3852 1463 3905 in
1518 3853 1618 3908 hac
1667 3855 2005 3909 solemnissi-

431 3953 579 3991 mum
611 3937 816 3993 Christi
847 3942 1188 3995 ascendentis
1234 3942 1376 3995 diem
1421 3943 1787 4012 obsignamus.
1813 3945 2007 4000 Merito

429 4028 598 4098 igitur
635 4040 843 4086 sanctae
870 4031 1224 4088 Pentecostes
1268 4032 1460 4088 diebus
1498 4035 1730 4091 futuram
1767 4038 2005 4108 requiem

430 4132 906 4188 reprteseutantcs,
941 4124 1077 4179 laetis
1104 4125 1302 4179 animis
1332 4142 1544 4193 sumus,
1584 4128 1852 4199 simulque
1881 4144 2004 4183 cor-

428 4214 547 4282 pori
603 4213 837 4283 quietem
889 4215 1249 4285 indulgemus,
1295 4220 1451 4288 quasi
1499 4236 1620 4275 cum
1654 4219 1866 4292 Sponso
1891 4222 2005 4291 jam

427 4318 730 4370 versemur,
764 4306 992 4377 ideoque
1024 4310 1177 4364 nobis
1200 4309 1453 4379 jejunare
1498 4328 1603 4368 non
1648 4313 1827 4370 liceat.

500 4398 552 4452 6.
580 4398 687 4452 Sed
740 4408 917 4454 tamen
958 4404 1103 4471 quod
1142 4407 1286 4458 sacri
1325 4406 1676 4475 evangelista:
1706 4408 2009 4465 Servatoris

430 4488 736 4556 passionem
775 4491 919 4546 circa
978 4494 1096 4547 dies
1128 4510 1446 4564 azymorum
1492 4496 1698 4550 Judaici
1735 4497 2014 4556 Paschatis

429 4578 727 4647 centigisse
752 4592 997 4641 narrent.
1038 4599 1195 4639 nemo
1229 4586 1516 4640 dubitabit.
1540 4586 1664 4642 Haec
1686 4589 1829 4642 enim
1854 4605 2013 4645 causa

430 4672 609 4727 fuerat
657 4673 793 4742 legis
833 4690 863 4728 a
911 4675 1094 4746 Moyse
1146 4675 1289 4741 latm,
1323 4692 1442 4745 quae
1486 4676 1685 4731 dicitur
1723 4679 2011 4745 paschalis.

428 4761 567 4821 Nam
603 4768 727 4835 quia
761 4766 950 4836 Agnus
1003 4766 1133 4830 Dei,
1169 4778 1422 4838 tauquam
1449 4769 1602 4833 ovis,
1653 4772 1721 4823 ab
1751 4770 1883 4839 ipsis
1916 4770 2012 4825 Ju—

430 4858 562 4915 daais
608 4861 671 4913 ad
719 4860 920 4915 caedem
974 4860 1248 4915 ducendus
1298 4868 1433 4925 erat,
1463 4877 1623 4931 quam
1661 4862 1729 4916 ob
1760 4877 2009 4917 commu-

429 4965 553 5005 nem
605 4950 881 5005 hominum
934 4952 1163 5006 salutem
1222 4968 1480 5024 passurus
1528 4963 1666 5018 erat,
1716 4954 1855 5010 haud
1904 4956 2011 5011 alio

430 5056 590 5111 quam
616 5042 871 5112 przedicto
902 5051 1169 5112 tempore,
1200 5041 1340 5098 Deus
1383 5042 1617 5098 futuram
1653 5062 1766 5100 rem
1790 5049 2013 5102 demon-

430 5133 671 5187 strativis
714 5134 977 5204 symbolis
1011 5150 1422 5203 przeoceupans,
1466 5136 1556 5190 illo
1589 5138 1707 5208 ipso
1748 5147 2010 5209 tempore,

432 5225 574 5293 quod
618 5226 961 5282 volventibus
1018 5243 1285 5282 annorum
1332 5228 1612 5295 periodis,
1657 5247 2010 5287 occursurum

432 5324 569 5377 erat.
603 5318 941 5372 materialem
973 5320 1042 5374 ab
1090 5318 1293 5376 Judaais
1338 5337 1533 5390 agnum
1574 5323 1845 5379 immolari
1883 5343 2016 5395 prae-

432 5408 576 5477 cepit
613 5424 628 5462 :
669 5409 829 5478 idque
860 5412 928 5465 ab
956 5413 1036 5467 eis
1075 5413 1306 5478 singulis
1354 5414 1513 5468 annis
1549 5416 1853 5470 factitatum
1891 5417 2013 5485 fuit,

434 5499 605 5553 donec
663 5503 930 5570 completa
981 5506 1183 5560 veritas
1224 5516 1436 5561 veteres
1482 5507 1748 5579 imagines
1777 5511 2011 5563 circum-

433 5593 672 5660 scripsit.
713 5593 1071 5661 Quamobrem
1108 5614 1174 5654 ex
1221 5598 1312 5652 illo
1350 5611 1598 5671 tempore
1642 5602 1780 5670 apud
1830 5613 2015 5672 gentes

434 5684 651 5752 quidem
685 5702 811 5741 vera
851 5693 1231 5759 mysteriorqu
1269 5706 1451 5748 manet
1483 5696 1841 5760 solemnilas;
1873 5697 2011 5764 apud

435 5770 653 5830 Judaeos
682 5786 858 5832 autem
887 5796 954 5834 ne
982 5782 1222 5851 ipsorum
1246 5785 1464 5853 quidem
1501 5785 1866 5854 symbolorutn
1898 5802 2010 5839 me-

437 5867 609 5921 moria
633 5879 896 5937 superest,
916 5884 1100 5942 erepto
1119 5875 1185 5931 iis
1219 5877 1333 5933 loco
1362 5878 1449 5932 ubi
1472 5877 1591 5933 festi
1616 5878 1774 5933 ritum
1800 5893 2016 5951 perage-

2103 1845 2275 1899 ϐὁλων
2308 1847 2388 1909 εἰς
2430 1846 2565 1917 ἔργα
2611 1845 2958 1914 σεμνοτέροις
2989 1845 3101 1906 τοῖς
3142 1840 3548 1911 ἀποτελέσμασι
3587 1857 3704 1910 χω·

2105 1938 2360 2010 ρούντων,
2390 1936 2539 1991 αὐτοί
2571 1953 2634 2004 γε
2669 1936 2775 2007 μὴν
2798 1935 2895 2006 τὴν
2926 1934 3118 2005 ἑορτὴν
3149 1931 3511 2003 φαιδροτέραν
3542 1930 3705 1998 ἄγειν

2104 2030 2541 2101 παρειλήφαμεν,
2576 2027 2650 2092 ὠς
2705 2026 2771 2080 ἂν
2802 2026 2881 2097 τῷ
2938 2026 3150 2096 Σωτῆρι
3205 2022 3703 2094 συναγηγερμένοι,

2103 2121 2200 2173 καὶ
2226 2120 2325 2191 τῆς
2350 2118 2515 2172 αὐτοῦ
2543 2116 2816 2188 βασιλείας
2847 2115 3231 2178 ἀπολαύοντες.
3263 2113 3355 2167 Διὸ
3386 2113 3572 2167 ούκέτι
3603 2128 3706 2163 που

2104 2210 2312 2263 νεῖσθαι
2345 2210 2485 2263 κατὰ
2507 2208 2666 2279 τήνδε
2688 2208 2786 2278 τὴν
2811 2206 3004 2277 ἑορτὴν
3033 2201 3482 2275 συγχωρούμεθα,
3512 2201 3616 2271 τῆς
3655 2199 3703 2251 δ’

2104 2302 2468 2372 ἐλπιζομένης
2497 2303 2553 2355 ἑν
2586 2301 2835 2372 οὐρανοῖς
2863 2295 3226 2358 ἀναπαύσεως
3258 2295 3358 2364 τὴν
3388 2292 3575 2346 εἰκόνα
3604 2291 3704 2360 φέο

2106 2411 2219 2466 ρειν
2247 2392 2630 2463 διδασκόμεθα·
2662 2390 2785 2445 ὅθεν
2816 2390 2926 2442 οὐδ’
2964 2391 3024 2442 ἑν
3062 2390 3179 2451 ταῖς
3208 2388 3391 2456 εὐχαῖς
3420 2385 3551 2452 γόνυ
3585 2383 3705 2437 κλί⁴

2104 2504 2289 2557 νομεν,
2340 2485 2451 2538 οὐδ’
2490 2485 2726 2547 ἀσιτίαις
2782 2479 3255 2550 καταπονούμεθω
3291 2479 3416 2542 τοὺς
3447 2475 3558 2547 γὰρ
3598 2475 3701 2544 τῆς

2106 2579 2248 2633 κατὰ
2277 2578 2409 2631 Θεὸν
2443 2577 2792 2640 ἀναστάσεως
2842 2574 3175 2645 ἠξιωμένους
3206 2570 3382 2625 οὐκέτ’
3412 2564 3570 2631 αὖθις
3590 2562 3705 2621 οἷόν

2105 2687 2165 2724 τε
2190 2670 2283 2723 ἐπὶ
2320 2670 2422 2740 γῆς
2449 2669 2685 2723 πίπτειν
2719 2669 2843 2722 ούδὲ
2873 2669 2999 2730 τοὺς
3026 2666 3134 2719 τῶν
3173 2663 3361 2717 παθῶν
3392 2660 3705 2732 ἠλευθερω-

2110 2761 2302 2832 μένους
2334 2762 2402 2814 τὰ
2437 2762 2526 2814 ἴσα
2561 2760 2793 2831 πάσχειν
2826 2762 2939 2822 τοῖς
2966 2754 3545 2826 καταδεδουλωμένοις.
3611 2752 3704 2806 Διὸ

2111 2852 2246 2923 μετὰ
2274 2853 2333 2905 τὸ
2366 2853 2557 2922 Πάσχα
2584 2851 2684 2923 τὴν
2711 2848 3090 2921 Πεντηκοστὴν
3120 2849 3176 2901 ἑν
3224 2846 3514 2917 ἑϐδομάσιν
3560 2844 3702 2929 ἑπτά

2106 2943 2339 3007 τελείαις
2372 2942 2724 3015 ἑορτάζομεν,
2748 2942 2839 2995 τὸν
2875 2941 2973 3011 μὲν
3003 2939 3266 3011 πρότερον
3283 2937 3454 2991 αἰῶνα
3468 2937 3567 3006 τῆς
3595 2936 3702 3006 πρὸ

2108 3037 2203 3090 τοῦ
2247 3037 2439 3106 Πάσχα
2488 3032 3069 3106 τεσσαρακονθημέρου
3112 3030 3499 3101 συνασκήσεως
3538 3030 3599 3082 ἑν
3642 3028 3703 3093 ἒξ

2036 3105 2080 3166 C
2114 3105 2407 3198 ἑϐδομάσιν
2460 3105 3176 3199 ἀνδρισάμενοιονπρακτικὴ
3204 3120 3379 3193 γὰρὴ
3430 3120 3557 3185 ἑξὰς
3610 3119 3705 3173 καὶ

2112 3221 2461 3291 ἑνεργητική·
2486 3220 2566 3272 διὸ
2592 3221 2683 3272 καὶ
2714 3220 2774 3272 ἑν
2803 3216 2862 3281 ἓξ
2889 3217 3125 3288 ἡμέραις
3144 3218 3172 3269 ό
3198 3215 3329 3278 Θεὸς
3346 3214 3703 3284 πεποιηκέναι

2113 3312 2333 3380 λέγεται
2361 3312 2429 3365 τὰ
2459 3311 2770 3381 σύμπαντα.
2803 3310 2941 3372 Τοὺς
2969 3308 3011 3361 δ’
3040 3310 3096 3360 ἑν
3130 3307 3313 3379 ἐκείνῃ
3346 3307 3538 3368 πόνους
3557 3304 3705 3357 είκό⁴

2111 3405 2276 3473 τωςή
2310 3403 2537 3472 δευτέρα
2583 3402 2744 3474 ἑορτὴ
2778 3401 2837 3453 ἑν
2876 3400 3169 3471 ἑϐδομάσιν
3203 3398 3345 3451 ἑπτὰ
3385 3396 3704 3462 διαδέξεται,

2113 3492 2697 3563 πολυπλασιαζομένης
2754 3494 2881 3563 ἡμῖν
2934 3491 3035 3560 τῆς
3079 3489 3458 3552 ἀναπαύσεως,
3513 3484 3584 3560 ἧς
3636 3487 3706 3541 τὰ

2114 3585 2360 3658 σύμϐολα
2409 3590 2442 3658 ἡ
2495 3585 2729 3655 ἑϐδομὰς
2769 3584 3057 3656 σημαίνειν
3105 3583 3268 3637 θέλει.
3323 3583 3397 3635 Οὐ
3456 3583 3564 3653 μὴν
3606 3581 3700 3635 ἐπὶ

2112 3678 2368 3741 ταύταςὸ
2396 3680 2495 3749 τῆς
2546 3676 2929 3747 Πεντηκοστῆς
2981 3675 3212 3746 ἀριθμὸς
3265 3676 3500 3727 ἵσταταιο
3534 3675 3707 3743 ὑπερ-

2113 3769 2401 3834 ακοντίσας
2455 3769 2511 3822 δὲ
2535 3770 2635 3831 τὰς
2671 3768 2811 3822 ἑπτά
2853 3767 3173 3837 ἑϐδομάδας,
3225 3765 3417 3836 μονάδι
3452 3768 3518 3835 τῇ
3566 3763 3707 3836 μετὰ

2112 3862 2313 3927 ταύτας
2350 3862 2555 3933 ὑστάτῃ
2600 3860 2698 3931 τὴν
2740 3858 3034 3930 πανέορτον
3068 3857 3282 3929 ἡμέραν
3322 3857 3423 3926 τῆς
3468 3856 3705 3927 Χριστοῦ

2113 3954 2426 4026 ἀναλήψεως
2455 3949 2929 4023 ἑπισφραγίξεται.
2963 3949 3203 4013 Εἰκότως
3226 3949 3336 4020 ἄρα
3367 3950 3425 4000 ἑν
3450 3951 3571 4011 ταῖς
3600 3948 3704 4017 τῆς

2116 4048 2275 4116 ἁγίας
2305 4044 2684 4116 Πεντηκοστῆς
2713 4044 2942 4116 ἡμέραις
2964 4042 3060 4114 τὴν
3083 4041 3377 4112 μέλλουσαν
3399 4041 3705 4095 ἀνάπαυσιν

2114 4139 2526 4211 διαγράφοντες,
2561 4140 2661 4203 τὰς
2702 4139 2879 4210 ψυχὰς
2934 4136 3267 4207 γαννύμεθα,
3316 4138 3411 4190 καὶ
3452 4135 3512 4189 τὸ
3544 4136 3707 4206 σῶμα

2113 4215 2536 4303 διαναπαύομεν,
2567 4233 2642 4295 ὡς
2678 4232 2743 4285 ἂν
2760 4231 2907 4301 αὐτῷ
2934 4229 3179 4292 συνόντες
3210 4229 3309 4300 ήδη
3342 4228 3421 4299 τῷ
3447 4228 3702 4299 Νυμφίῳ,

2116 4325 2210 4378 καὶ
2249 4324 2531 4397 νηστεύειν
2569 4324 2644 4395 μὴ
2666 4323 2971 4393 δυνάμενοι.

2190 4424 2267 4482 ς’.
2320 4417 2468 4488 Πλὴν
2498 4418 2581 4471 ὅτι
2610 4418 2659 4469 ot
2715 4416 2849 4487 ἱεροὶ
2904 4413 3289 4483 εὐαγγελισταὶ
3334 4412 3396 4466 τὸ
3441 4413 3707 4483 σωτήριον

2120 4508 2294 4572 πάθος
2317 4508 2459 4563 κατὰ
2502 4508 2601 4572 τὰς
2645 4508 2857 4579 ἡμέρας
2886 4506 2977 4559 τοῦ
3027 4504 3315 4559 Ἰουδαϊκοῦ
3351 4504 3543 4575 Πάσχα
3602 4504 3707 4557 τῶν

2117 4600 2344 4671 ἀζύμων
2397 4599 2689 4670 ἱστόρησαν
2724 4598 3029 4667 γεγονέναι,
3070 4596 3248 4659 οὐδεὶς
3276 4594 3343 4648 ἂν
3384 4594 3704 4665 άμφιϐάλοι’

2114 4691 2276 4744 τοῦτο
2295 4690 2403 4761 γὰρ
2431 4686 2499 4762 ἦν
2531 4690 2625 4743 τοῦ
2664 4690 2832 4762 νόμου
2864 4689 2959 4742 τοῦ
2998 4689 3149 4761 παρὰ
3180 4691 3405 4743 Μωῡσεῖ
3428 4691 3556 4759 περὶ
3611 4687 3705 4741 τοῦ

2115 4783 2307 4853 Πάσχα
2356 4781 2646 4853 λεγομένου
2692 4782 2883 4836 αἴτιον.
2957 4781 3174 4852 Ἐπειδὴ
3223 4780 3332 4851 γὰρ
3394 4779 3615 4850 ἔμελλεν
3677 4783 3707 4834 ό

2124 4874 2319 4946 Ἀμνδς
2361 4874 2454 4929 τοῦ
2481 4874 2615 4927 Θεοῦ
2664 4874 2739 4938 ὡς
2777 4874 3046 4946 πρόϐατον
3099 4874 3191 4927 ἐπὶ
3228 4874 3442 4944 σφαγὴν
3473 4873 3705 4941 ἄγεσθαι

2111 4970 2242 5041 παρ’
2264 4968 2446 5031 αὐτοῖς
2491 4966 2785 5029 Ἰουδαίοις,
2820 4966 2915 5019 καὶ
2957 4966 3115 5019 τοῦτο
3146 4966 3377 5037 πάσχειν
3411 4965 3551 5037 ύπὲρ
3597 4966 3698 5036 τῆς

2112 5059 2298 5130 κοινῆς
2349 5056 2565 5114 πάντων
2618 5057 2921 5128 ἁνθρωπων
2973 5058 3268 5127 σωτηρίας,
3296 5057 3395 5109 ούκ
3426 5057 3615 5110 ἄλλοτε
3668 5058 3702 5127 ἢ

2114 5149 2256 5202 κατὰ
2292 5148 2382 5201 τὸν
2402 5146 2730 5218 δηλούμενον
2762 5146 2979 5218 καιρὸν,
3028 5146 3315 5218 προλαϐὼν
3340 5147 3403 5199 τὸ
3435 5146 3627 5217 μέλλον
3676 5148 3707 5199 ὁ

2114 5239 2247 5304 θεὸς
2279 5239 2367 5292 διὰ
2395 5240 2677 5310 συμϐόλων
2705 5238 3011 5302 εἱκονικῶς,
3037 5241 3158 5292 κατ’
3189 5239 3351 5291 αὑτὸν
3385 5241 3591 5292 ἐκεῖνον
3615 5238 3705 5292 τὸν

2119 5331 2381 5403 μέλλοντά
2422 5348 2551 5384 ποτε
2603 5330 2745 5385 κατὰ
2772 5331 2980 5402 χρόνων
3014 5330 3295 5403 περιόδους
3318 5330 3705 5401 ἐπιστήσεσθαι

2115 5422 2327 5493 καιρὸν,
2381 5422 2549 5492 ἀμνὸν
2620 5424 2769 5495 παρά
2838 5422 3112 5486 Ἰουδαίοις
3176 5422 3436 5493 αἰσθητὸν
3483 5423 3703 5476 ἐκέλευε

2117 5514 2358 5569 θύεσθαι·
2384 5515 2479 5571 καὶ
2508 5516 2665 5569 τοῦτο
2689 5517 2870 5581 αὐτοῖς
2900 5518 3018 5570 κατ’
3046 5516 3290 5569 ἐνιαυτὸν
3328 5516 3579 5577 ἑτελεῖτο,
3602 5516 3705 5578 ἓως

2117 5608 2151 5677 ἡ
2184 5606 2413 5677 ἀλήθεια
2444 5606 2924 5677 άποπληρωθεῖσα,
2957 5605 3058 5668 τὰς
3099 5605 3333 5669 παλαιάς
3363 5605 3576 5669 είκὸνας
3609 5620 3700 5656 πε-

2120 5697 2433 5769 ριέγραψεν.
2466 5698 2625 5751 Ὅθεν
2655 5699 2712 5766 ἐξ
2741 5699 2949 5751 ἑκείνου
2982 5697 3135 5768 παρὰ
3173 5698 3272 5768 μὲν
3304 5700 3417 5761 τοῖς
3442 5697 3701 5767 ἔθνεσινή

2122 5789 2326 5862 ἀληθὴς
2354 5790 2461 5843 τῶν
2494 5792 2806 5864 μυστηρίων
2849 5792 3191 5861 κεκράτηκεν
3226 5789 3408 5860 ἑορτὴ,
3447 5788 3599 5861 παρὰ
3643 5787 3700 5842 δὲ

2140 5881 2410 5946 Ἰουδαίοις
2436 5880 2613 5935 ούκὲτι
2652 5882 2759 5935 οὐδ’
2790 5880 2964 5935 αὐτῶν
2999 5882 3033 5951 ἡ
3066 5881 3251 5951 μνήμη
3284 5878 3388 5933 τῶν
3420 5878 3703 5950 συμϐόλων
