4008 6520
252 409 371 464 70!

1407 416 1491 474 DE
1534 409 2025 478 εοιΕΜΝιτΑτΕ
2058 424 2412 486 PASCHALI.
2478 472 2483 475 -

3426 435 3533 493 702

248 531 618 598 φυλάττεται,
645 531 1051 606 περιῃηρημένου
1090 535 1269 591 αὐτῶν
1297 537 1388 590 τοῦ
1422 540 1587 592 τόπου
1616 537 1675 594 ἑν
1712 533 1757 609 ᾧ
1785 540 1852 596 τὰ

1959 560 2016 599 re
2032 546 2168 616 jussi
2209 548 2443 604 fuerant.
2459 549 2854 606 Convenienter
2881 551 3067 621 utique
3093 549 3268 605 divina
3289 549 3532 624 Evange-

248 624 365 692 τῆς
410 623 603 693 ἑορτῆς
644 625 916 678 τελεῖσθαι
957 628 1363 699 νενομοθέτητο.
1394 630 1635 697 Εἰκότως
1679 632 1789 691 ἄρα
1820 636 1854 705 ἠ

247 714 384 766 θεία
405 714 515 767 τῶν
544 714 888 785 Εὐαγγελίων
913 720 1100 790 γραφὴ
1130 722 1273 775 κατά
1293 722 1384 774 τὸν
1403 724 1590 794 χρόνον
1612 722 1860 777 τῶνΊου-

246 804 469 858 5αῖκῶν
492 805 720 877 ἀζύμων
748 809 1073 863 πεπονθέναι
1102 812 1237 881 φησὶ
1262 812 1353 865 τὸν
1379 814 1623 885 Σωτῆρα·
1668 816 1854 887 ἐπειδὴ

248 898 360 949 καὶ
390 896 513 950 τότε
542 898 616 962 ὡς
663 901 932 972 πρόϐατον
958 903 1049 955 ἐπὶ
1077 902 1289 973 σφαγὴν
1317 904 1454 975 ἤχθη
1482 908 1603 969 ταῖς
1638 924 1855 979 προφη-

247 991 447 1053 τικαῖς
473 991 782 1056 ἀκολούθως
806 996 1031 1063 φωναῖς.

327 1080 402 1144 ζ’.
463 1083 575 1135 Καὶ
601 1086 648 1136 οί
686 1086 785 1155 μὲν
840 1086 981 1140 κατά
1031 1088 1269 1143 Μωῦσέα
1315 1087 1462 1154 ἅπαξ
1511 1089 1607 1142 τοῦ
1655 1091 1857 1155 παντὸς

247 1170 419 1236 ἔτους
444 1174 714 1243 πρόϐατον
754 1176 849 1229 τοῦ
888 1178 1080 1248 Πάσχα
1105 1178 1261 1233 ἔθυον
1288 1181 1852 1254 τεσσαρεσκαιδεκάτῃ

248 1265 355 1318 τοῦ
387 1266 609 1338 πρώτου
659 1270 848 1340 μηνὸς,
873 1270 935 1324 τὸ
967 1272 1103 1343 πρὸς
1126 1272 1383 1345 ἑσπέραν·
1419 1275 1581 1344 ἡμεῖς
1601 1274 1656 1327 δὲ
1684 1275 1733 1326 oi
1753 1273 1855 1343 τῆς

247 1359 477 1428 Καινῆς
520 1361 793 1433 Διαθήκης
825 1363 909 1431 ἐφ’
958 1363 1192 1435 ἑκάστης
1224 1366 1507 1435 Κυριακῆς
1538 1364 1747 1443 ἡμέρας
1793 1365 1854 1418 τὸ

247 1448 477 1501 ἑαυτῶν
506 1450 699 1522 Πάσχα
717 1450 1019 1517 τελοῦντες.
1053 1455 1163 1506 AEl
1205 1454 1341 1507 ΤΟΥ
1366 1454 1683 1508 ΣΩΜΑΤΟΣ
1715 1452 1851 1506 ΤΟΥ

247 1540 610 1595 ΣΩΤΗΡΙΟΥ
642 1544 1179 1607 ΕΜΦΟΡΟΥΜΕΘΑ,
1229 1545 1340 1599 ΑΕΙ
1375 1545 1513 1598 ΤΟΥ
1547 1545 1854 1599 ΔΙΜΑΤΟΣ

245 1631 399 1684 ΤΟΥ
424 1631 790 1686 ΠΡΟΒΑΤΟΥ
810 1635 1480 1689 METAAAMBANOMEN
1495 1636 1628 1705 (29).
1647 1636 1733 1691 ἀεὶ
1755 1635 1854 1699 τὰς

246 1720 436 1790 ὀσφῦς
461 1723 562 1794 τῆς
596 1724 804 1777 ἑαυτῶν
833 1725 1011 1796 ψυχῆς
1034 1726 1227 1798 ἁγνεία
1261 1727 1353 1780 καὶ
1383 1727 1706 1803 σωφροσύνῃ
1750 1744 1850 1802 πετ-

248 1813 630 1889 ριεζώσμεθα,
661 1818 747 1870 ἀεὶ
770 1820 893 1882 τοὺς
911 1818 1076 1883 πόδας
1100 1820 1593 1892 παρεσκευάσμεθα
1624 1822 1682 1874 ὲν
1716 1823 1853 1875 ἑτοιο

1960 638 2149 694 liorum
2217 642 2485 710 scriptura
2536 641 2879 698 Judaicorum
2932 658 3246 714 azymorum
3290 654 3532 715 tempore

1958 744 2173 799 passum
2208 730 2554 786 Servatorem
2586 731 2739 797 dicit,
2758 733 2881 799 quia
2904 744 3032 789 tunc
3061 748 3249 803 reapse
3276 743 3530 806 tanquam

1959 822 2078 876 ovis
2110 823 2175 875 ad
2210 823 2413 878 caedem
2446 824 2636 879 ductus
2663 823 2769 879 fuit
2800 825 3125 896 propheticis
3146 826 3380 885 oraculis
3399 843 3533 883 con-

1957 920 2240 967 sentanee.
2818 930 2835 945 "

2030 1072 2086 1130 7.
2119 1072 2186 1125 Et
2224 1071 2419 1144 Moysrs
2452 1074 2668 1142 quidem
2705 1073 2923 1129 asseclae
2966 1075 3131 1130 semel
3168 1076 3221 1131 in
3263 1091 3405 1132 anno
3438 1093 3536 1147 pa-

1958 1164 2196 1220 schalem
2248 1180 2403 1219 ovem
2460 1166 2838 1233 immolabant,
2876 1176 3063 1236 quarta
3118 1168 3321 1222 decima
3372 1170 3531 1238 primi

1957 1258 2160 1313 mensis
2211 1259 2317 1321 die,
2348 1259 2489 1313 circa
2538 1273 2843 1326 vesperum.
2876 1257 2985 1313 Nos
3029 1268 3207 1311 autem
3239 1257 3382 1329 [Novi
3410 1259 3535 1313 Fae-

1956 1353 2100 1405 deris
2153 1352 2433 1416 homines,
2464 1351 2760 1407 Dominicis
2803 1352 3017 1407 cunctis
3079 1353 3267 1407 diebus
3325 1353 3529 1408 Pascha

1958 1454 2202 1497 nostrum
2252 1444 2632 1508 celebrantes,
2671 1459 2999 1499 SERVA'I‘ORIS
3052 1461 3290 1501 conpone
3333 1462 3534 1501 SEIPER

1963 1551 2255 1600 SATIAMUR,
2297 1552 2502 1591 SEMPER
2560 1552 2855 1593 SANGUINEM
2917 1553 3038 1592 AGNI
3089 1554 3532 1597 PARTICIPAIUS:

1956 1628 2167 1682 lumbos
2191 1644 2405 1698 semper
2444 1629 2640 1683 animae
2680 1641 2878 1684 nostrae
2910 1632 3159 1685 castitate
3191 1641 3251 1708 et
3276 1631 3536 1686 modestia

1952 1721 2352 1790 prmeingimus,
2370 1736 2585 1790 semper
2607 1722 2830 1791 pedibus
2853 1724 3024 1790 parati
3060 1737 3246 1777 smnus
3270 1722 3333 1775 ad
3366 1722 3536 1776 Evan-

1956 1813 2078 1884 gelii
2111 1815 2467 1883 procinctum,
2491 1828 2704 1883 semper
2742 1816 2963 1871 baculos
3002 1831 3161 1870 manu
3195 1826 3456 1882 tenemus,
3482 1824 3535 1869 et

248 1905 436 1978 μασίᾳ
466 1906 561 1960 τοῦ
592 1908 942 1977 Εύαγγελίου,
972 1910 1058 1963 ἀεὶ
1094 1890 1193 1973 τὰς
1220 1890 1520 1983 βακτηρίας
1545 1911 1739 1983 ἔχομεν
1792 1914 1850 1965 ὲν

1959 1906 2118 1974 virgae
2144 1907 2209 1958 de
2244 1906 2426 1959 radice
2449 1904 2615 1961 Jessae
2637 1907 2963 1975 germinanti
2994 1907 3273 1979 innitendo
3302 1906 3534 1975 quiesci-

244 2000 380 2061 ταῖς
410 1998 591 2069 χερσὶ,
619 2000 712 2053 καὶ
755 2004 820 2072 τῇ
868 2000 1046 2072 ράὅδῳ
1071 2005 1136 2073 τῇ
1170 2004 1232 2058 ὲκ
1248 2002 1403 2073 ῥίζης
1438 2002 1636 2055 Ἰεσσαὶ
1658 2004 1851 2072 προελ-

247 2087 430 2160 θούσῃ
463 2091 950 2162 ἑπαναπαυόμεθα,
970 2094 1054 2146 ἀεὶ
1084 2094 1185 2163 τῆς
1214 2093 1486 2163 Αἰγύπτου
1512 2094 1849 2148 ἀπαλλαττό-

246 2179 422 2251 μεθα,
453 2182 539 2234 ἀεὶ
571 2182 667 2253 τὴν
698 2184 931 2255 ἐρημίαν
950 2183 1044 2237 τοῦ
1075 2185 1411 2257 ἀνθρωπείου
1448 2184 1563 2255 βίου
1590 2184 1853 2257 μεταδιώ-

252 2291 454 2343 ιιομεν.
491 2274 577 2328 ἀεὶ
600 2276 699 2348 τὴν
730 2276 864 2344 πρὸς
886 2276 1017 2330 Θεὸν
1046 2278 1269 2347 πορείαν
1304 2278 1651 2349 στελλόμεθα,
1672 2279 1758 2331 ἀεὶ
1783 2278 1851 2335 τά

247 2366 590 2437 διαϐατήρια
622 2368 971 2440 ἑορτάζομεν.
1011 2370 1197 2424 Ταῦτα
1232 2370 1340 2443 γάρ
1377 2372 1557 2425 πάντα
1584 2369 1853 2440 οὐχ.ἆπαξ

257 2454 347 2511 τοῦ
389 2457 545 2522 ἔτους
569 2460 827 2531 πράττειν
858 2462 1026 2532 ἡμᾶς,
1062 2462 1149 2515 ἀεὶ
1173 2463 1229 2516 δὲ
1251 2463 1345 2515 καὶ
1371 2460 1459 2516 διὰ
1504 2464 1683 2533 πάσης
1712 2462 1853 2533 ἡμέ-

252 2565 361 2619 ρας
390 2552 419 2603 ό
452 2550 806 2619 εὐαγγελικὸς
831 2552 986 2621 λόγος
1023 2553 1288 2625 βούλεται.
1325 2553 1414 2606 Διὸ
1434 2554 1529 2610 καί¹
1557 2553 1677 2608 καθ’
1717 2554 1849 2606 ἑκά-

250 2657 397 2711 στην
442 2641 713 2713 ἑϐδομάδα
755 2642 853 2714 τὴν
880 2643 975 2697 τοῦ
1012 2644 1204 2715 Πάσχα
1225 2645 1320 2698 τοῦ
1364 2645 1634 2717 ἡμετέρου
1658 2646 1851 2718 ἑορτὴν

256 2732 407 2785 κατά
441 2733 542 2805 τὴν
588 2736 855 2806 σωτήριον
888 2736 982 2788 καὶ
1014 2736 1301 2808 Κυριακὴν
1330 2738 1540 2807 ἡμέραν
1574 2736 1851 2789 ἐπιτελοῦ-

252 2843 365 2895 μεν
396 2824 489 2878 τοῦ
520 2825 772 2896 ἀληθινοῦ
803 2827 1075 2897 προϐάτου
1094 2870 1107 2894 ,
1135 2827 1200 2880 δι’
1226 2821 1287 2881 οὗ
1318 2827 1723 2899 έλυτρώθημεν,
1783 2827 1852 2883 τὰ

252 2915 544 2986 μυστήρια
578 2915 1045 2987 ἀποπληροῦντες⁶
1092 2917 1185 2969 καὶ
1216 2916 1337 2969 οὒτε
1365 2916 1425 2969 τὸ
1456 2916 1613 2986 σῶμα
1650 2916 1851 2988 σιδήρῳ

250 3006 687 3077 περιτέμνομεν,
714 3008 813 3079 τῆς
840 3009 894 3063 δὲ
911 3009 1087 3081 ψυχῆς
1108 3008 1187 3080 τῷ
1217 3008 1466 3079 τμητικῷ
1491 3008 1632 3082 λόγῳ
1669 3011 1850 3063 πᾶσαν

256 3097 663 3169 περιαιροῖψεν
698 3100 914 3153 κακίαν*
937 3099 1059 3153 οὔτε
1084 3102 1418 3171 σωματικοῖς
1451 3099 1681 3169 ἀζύμοις
1710 3099 1851 3170 χρώ-

255 3189 428 3263 μεθα,
465 3190 646 3259 μόνοις
670 3190 727 3243 δὲ
755 3194 868 3255 τοῖς
899 3192 999 3260 τῆς
1033 3191 1382 3262 εἰλικρινείας
1425 3191 1521 3245 καὶ
1565 3190 1845 3261 ἀληθείας.

1955 2012 2096 2062 mus,
2128 1996 2365 2069 [Egypto
2397 2014 2611 2067 semper
2663 1998 2985 2063 alienamur,
3026 2012 3237 2065 semper
3283 1998 3534 2060 humana:

1954 2090 2078 2142 vitm
2118 2090 2459 2145 solitudinem
2490 2100 2786 2153 sectamur,
2805 2104 3020 2158 semper
3047 2090 3241 2143 itinere
3269 2088 3334 2142 ad
3366 2088 3531 2141 Deum

1955 2182 2243 2245 tendimus,
2276 2196 2491 2251 semper
2514 2182 2774 2236 transitus
2803 2180 2998 2236 festum
3023 2180 3383 2236 celebramus.
3407 2178 3533 2235 Haec

1938 2273 2096 2330 .enim
2132 2275 2275 2328 haud
2327 2275 2492 2330 semel
2533 2275 2843 2344 quotannis,
2870 2275 2963 2328 sed
3002 2270 3224 2343 semper
3269 2272 3532 2339 singulis-

1952 2381 2060 2434 que
2103 2367 2295 2421 diehus
2329 2381 2359 2419 a
2416 2366 2573 2420 nobis
2614 2365 2729 2420 ﬁeri
2786 2365 3133 2433 evangelicus
3187 2378 3366 2418 sermo
3394 2362 3531 2417 vult.

1952 2458 2244 2526 Propterea
2280 2459 2509 2528 singulis
2551 2457 2907 2512 hebdomadis
2952 2456 3228 2527 pascbatis
3260 2454 3430 2509 nostri
3461 2453 3534 2507 fe-

1952 2560 2116 2613 stum,
2143 2550 2418 2606 Dominica
2446 2548 2745 2604 Salvatoris
2778 2548 2862 2603 die
2892 2549 3218 2619 peragirnus,
3241 2548 3355 2601 veri
3383 2545 3533 2615 agni,

1951 2659 2047 2712 per
2074 2658 2234 2713 quem
2259 2642 2470 2696 liberati
2497 2643 2715 2705 fuimus,
2748 2644 3001 2711 mysteria
3033 2640 3394 2695 celebrantes.
3423 2638 3531 2693 Ne-

1951 2748 2057 2801 que
2084 2747 2287 2800 corpus
2342 2731 2493 2785 ferro
2521 2732 3001 2797 circumcidimus,
3044 2732 3137 2784 sed
3175 2740 3333 2784 acuta
3382 2728 3532 2784 verbi

1951 2819 2243 2887 evangelici
2274 2820 2390 2873 acie
2434 2829 2682 2873 cunctam
2733 2819 2929 2873 animm
2976 2819 3231 2873 malitiam
3264 2819 3533 2873 abscindi-

1952 2926 2093 2966 tuus.
2123 2908 2307 2979 Neque
2342 2911 2618 2980 corporeis
2653 2911 2860 2980 azymis
2906 2912 3129 2977 utimur,
3169 2911 3263 2965 sed
3305 2911 3533 2965 sinceri-

1953 3002 2078 3056 tatis
2110 3006 2483 3065 tantummodo
2505 3018 2569 3057 ac
2591 3004 2860 3060 veritatis.
2888 3002 3076 3057 Gratia
3106 3003 3252 3056 enim
3285 3018 3408 3072 qum
3436 3018 3534 3057 nos

1948 3094 2225 3150 veteribus
2258 3096 2503 3150 moribus
2554 3094 2837 3161 liberavit,
2881 3111 3077 3150 novum
3116 3096 3272 3151 nobis
3314 3096 3534 3150 tradidit

1951 3187 2251 3254 hominem,
2274 3188 2364 3257 qui
2394 3190 2688 3242 secundum
2725 3189 2892 3242 Deum
2921 3188 3171 3241 conditus
3201 3196 3306 3251 est,
3336 3202 3533 3241 novam

264 3248 338 3334 ιΗ
376 3248 533 3352 χάρις
563 3248 691 3353 γάρ,
724 3248 869 3354 ἡμᾶς
1032 3248 1403 3354 γεγηρακυίας
1438 3248 1849 3352 ἑλευθερὶῦσασα

1959 3276 2125 3345 legem
2147 3318 2162 3344 ,
2195 3292 2388 3331 novam
2440 3278 2904 3333 circumcisionetn
2924 3318 2942 3343 ,
2982 3292 3175 3331 novum
3209 3276 3412 3331 Pascha
3435 3317 3451 3342 ,
3480 3284 3535 3331 et

255 3371 577 3442 συνηθείας,
610 3375 702 3427 τὸν
733 3375 916 3430 καινὸν
940 3374 1222 3446 ἄνθρωπον
1252 3374 1567 3446 παρέδωκεν
1596 3376 1726 3444 ἡμῖν
1758 3373 1851 3425 τὸν

253 3463 404 3516 κατὰ
424 3464 558 3517 Θεὸν
580 3465 889 3529 κτισθέντα,
918 3468 1010 3519 καὶ
1025 3466 1115 3520 τὸν
1141 3466 1325 3520 καινὸν
1348 3467 1533 3537 νόμον,
1566 3466 1759 3537 καινήν
1791 3482 1851 3517 τε

1961 3370 2110 3423 illum
2138 3370 2229 3439 qui
2259 3370 2312 3424 in
2356 3370 2676 3425 abscondito
2699 3369 2915 3425 Judaeus
2951 3380 3033 3424 est
3052 3372 3118 3423 ³³.
3153 3367 3244 3424 Sic
3274 3384 3372 3424 nos
3398 3370 3534 3424 anti-

1958 3477 2188 3532 quorum
2219 3470 2522 3529 temporum
2544 3463 2674 3533 jugo
2703 3462 2969 3517 relevatus
2992 3462 3214 3517 dimisit.

254 3557 588 3629 περιτομὴν,
607 3559 791 3613 καινόν
815 3576 876 3615 τε
899 3561 1112 3631 Πάσχα,
1137 3561 1231 3614 καὶ
1263 3560 1353 3615 τὸν
1373 3561 1430 3615 ἑν
1460 3560 1687 3635 κρυπτῷ
1732 3559 2013 3630 Ἰουδαῖον(
2079 3556 2222 3610 οὓτω
2254 3556 2470 3612 καὶτῶν
2489 3557 2734 3614 παλαιῶν
2793 3558 2997 3630 καιρῶν
3026 3558 3342 3628 ἐλευθέρους
3389 3557 3534 3628 ἡμᾶς

254 3647 469 3717 ἀφῆκε.

331 3747 406 3810 η’.
438 3738 583 3811 Πλὴν
606 3738 699 3793 τοῦ
753 3740 1164 3810 θεοφιλεστάτου
1215 3742 1499 3813 βασιλέως,
1553 3742 1718 3814 μέσου
1748 3746 1850 3815 τῆς

256 3831 428 3901 ἁγίας
461 3832 675 3884 συνόδου
710 3831 1179 3905 προκαθεζομένου
1207 3834 1341 3905 (50),
1383 3834 1458 3898 ὡς
1497 3835 1730 3909 ηχθηείς
1756 3836 1855 3906 μέ-

256 3942 358 3981 σον
390 3924 453 3977 es
477 3925 605 3994 περὶ
638 3923 732 3977 τοῦ
762 3926 951 3996 Πάσχα
980 3926 1218 3997 ζήτημα,
1246 3926 1460 3996 ἐλέγετο
1493 3927 1590 3997 μὲν
1623 3928 1724 3981 ὅσα
1754 3929 1854 3981 καὶ

256 4017 484 4085 ἐλέγετο
517 4015 646 4087 (51)’
666 4016 1004 4073 δπλεονέκτει
1030 4018 1085 4072 δὲ
1100 4018 1175 4089 τῷ
1192 4019 1383 4090 πλήθει
1408 4020 1515 4073 τῶν
1542 4020 1855 4074 ἐπισκόπων

257 4111 297 4181 ἡ
340 4109 680 4182 τριπλασίων
741 4114 903 4184 μοῖρα
936 4110 1035 4180 τῆς
1067 4111 1194 4182 ὅλης
1235 4112 1559 4182 οἰκουμένης
1590 4112 1853 4183 ἑτέρωθεν

258 4202 646 4257 ἀντιτείνουσα
698 4205 811 4267 τοῖς
856 4204 955 4273 τῆς
997 4203 1280 4274 ἀνατολῆς·
1312 4203 1536 4275 ἀρκτῷα
1579 4204 1686 4275 γάρ
1716 4203 1851 4276 ὁμοῦ

258 4293 362 4349 καὶ
388 4293 755 4367 μεσημϐρινὰ,
794 4296 886 4347 καὶ
911 4295 979 4349 τά
1026 4295 1169 4349 κατὰ
1202 4295 1393 4349 δύοντα
1420 4296 1570 4367 ἥλιον
1603 4296 1751 4367 ἔθνη,
1785 4298 1851 4367 τῇ

261 4386 563 4458 συμφωνίᾳ
618 4385 959 4459 φραξάμενα,
992 4388 1093 4458 τὴν
1145 4387 1395 4441 ἐναντίαν
1448 4386 1694 4440 ἀνθεῖλκε
1741 4388 1853 4450 τοῖς

260 4480 364 4550 τῆς
395 4478 538 4550 ἑῴας
584 4478 682 4551 τὴν
711 4479 945 4532 παλαιάν
976 4479 1300 4538 διεκδικοῦσι
1347 4478 1652 4550 συνήθειαν.
1688 4478 1852 4542 Τέλος

262 4570 321 4623 δὲ
353 4571 514 4639 λόγου
560 4566 707 4638 εἶξαν
734 4573 783 4624 οί
813 4570 1135 4625 ἀνατολικοί’
1183 4572 1276 4625 καὶ
1325 4571 1466 4624 οὕτω
1498 4571 1596 4642 μία
1617 4569 1851 4641 Χριστοῦ

2029 3740 2085 3796 8.
2116 3741 2505 3796 Verumtamen
2538 3754 2661 3793 cum
2693 3739 2803 3793 Deo
2832 3737 3215 3793 dilectissimus
3242 3736 3533 3805 imperator

1958 3842 2147 3890 sancta
2177 3832 2383 3904 synodo
2406 3847 2590 3886 coram
2616 3831 2824 3885 medius
2857 3832 3089 3896 sederet,
3125 3839 3395 3884 commota
3430 3828 3535 3882 illic

1958 3924 2026 3979 de
2058 3924 2322 3980 Paschate
2353 3910 2675 3992 quaestione,
2704 3921 2842 3974 dixit
2881 3937 2942 3976 ea
2975 3936 3095 3990 quae
3127 3920 3280 3975 dixit.
3322 3919 3533 3973 Prmva-

1960 4015 2143 4070 lebant
2175 4023 2358 4067 autem
2390 4021 2503 4067 tres
2525 4027 2590 4065 ex
2617 4021 2849 4079 quatuor
2884 4014 3127 4079 partibus
3158 4010 3533 4079 episcoporum

1960 4106 2015 4160 in
2057 4115 2170 4159 toto
2211 4104 2433 4169 mundo,
2469 4104 2560 4171 qui
2592 4101 2961 4157 Orientalibus
3006 4100 3275 4170 episcopis
3311 4106 3533 4152 contra-

1963 4197 2101 4252 rium
2137 4195 2466 4250 sentiebant.
2496 4191 2631 4246 Nam
2673 4192 3092 4262 Septentrionis,
3131 4189 3334 4251 Austri,
3373 4193 3532 4242 item-

1960 4305 2065 4359 que
2112 4288 2429 4344 Occidentis
2467 4285 2647 4357 p0puli
2678 4285 2970 4340 concordia
2998 4299 3091 4338 sua
3142 4282 3376 4337 roborati
3403 4296 3528 4335 sen-

1961 4381 2183 4434 tentiam
2215 4377 2477 4448 gerebant
2526 4378 2803 4432 adversam
2848 4374 3235 4437 Orientalibus,
3264 4373 3353 4443 qui
3385 4381 3531 4426 vele-

1964 4489 2074 4528 rem
2106 4487 2258 4527 suam
2296 4472 2743 4526 consuetudinem
2776 4470 3086 4524 tuebantur.
3112 4465 3218 4520 Sed
3250 4474 3533 4519 cesserunt

1959 4566 2175 4620 demum
2225 4563 2564 4626 Orientales;
2596 4575 2758 4633 atque
2799 4562 2871 4615 ita
2905 4574 3007 4615 una
3039 4558 3240 4615 Christi
3286 4557 3422 4612 facta
3450 4565 3533 4612 est

264 4664 493 4733 γέγονεν
526 4665 706 4736 ἑορτήν
731 4665 825 4716 καὶ
867 4663 1007 4717 οὕτω
1042 4664 1149 4722 τῶν
1184 4664 1283 4734 μὲν
1318 4663 1680 4734 κυριοκτόνων
1716 4660 1851 4714 ἁπέ-

1959 4659 2275 4715 solemnitas
2312 4674 2327 4723 ;
2358 4657 2438 4713 sic
2471 4673 2501 4710 a
2544 4654 2753 4709 Domini
2798 4652 3129 4709 occisoribus
3182 4650 3529 4713 recedentes,

264 4771 497 4827 στησαν,
522 4759 635 4821 τοῖς
660 4755 716 4809 δὲ
755 4755 1031 4828 ὀμοδόξοις
1073 4755 1441 4828 συνήφθησαν·
1474 4757 1508 4827 ἡ
1548 4755 1707 4826 φύσις
1751 4753 1863 4826 γὰρ

338 4939 386 4969 ⁸⁵
404 4935 564 4994 Rom.
597 4953 659 5004 ll,
691 4938 787 4994 29.

340 5095 456 5166 (‘29)
499 5096 575 5150 En
608 5096 824 5151 Eusebii
854 5098 1127 5169 egregium
1156 5099 1222 5154 de
1252 5105 1596 5153 sacrosancta
1637 5096 1850 5152 Eucha-

266 5168 450 5230 ristia,
478 5176 641 5236 prout
664 5182 783 5220 eam
814 5184 911 5221 nos
947 5168 1200 5224 catholici
1232 5170 1553 5224 conﬁtemur
1586 5178 1641 5222 et
1667 5169 1850 5223 credi—

268 5252 415 5308 mus,
454 5238 846 5308 testimonium.
887 5237 1132 5308 Undique
1180 5242 1323 5294 enim
1372 5239 1503 5293 mihi
1543 5240 1850 5307 suppeditat

267 5305 355 5378 (ut
394 5308 575 5378 verbis
604 5307 863 5361 Tulliauis
899 5320 1019 5362 utar
1047 5305 1178 5363 *Ρνο
1216 5311 1455 5367 Scauro.
1491 5326 1547 5364 η.
1580 5305 1674 5377 29⁷)
1705 5308 1847 5377 quod

266 5377 371 5448 pro
395 5377 599 5432 Christi
633 5378 965 5433 humanitate
998 5381 1098 5434 sub
1138 5379 1515 5435 eucharisticis
1550 5378 1682 5433 velis
1706 5392 1846 5448 prte-

270 5456 429 5502 sente
465 5448 668 5510 dicam,
717 5463 1044 5517 quocunque
1080 5466 1186 5505 non
1243 5452 1400 5504 modo
1445 5465 1620 5511 mens,
1664 5464 1853 5502 verum

270 5519 435 5589 etiam
473 5518 616 5589 oculi
653 5518 968 5589 inciderint,
991 5520 1043 5573 in
1077 5519 1370 5574 Eusebium
1388 5532 1536 5587 puta,
1556 5519 1842 5589 Cyrillum,

272 5587 674 5659 Sophronium.
724 5587 1072 5659 Eutychium,
1125 5590 1522 5659 Nicephorum,
1585 5587 1853 5643 Luculen-

272 5660 435 5729 tium,
468 5658 713 5727 aliosque
739 5676 765 5711 a
801 5658 887 5713 me
917 5661 1096 5713 editos
1131 5658 1382 5714 auctores
1426 5660 1507 5714 vel
1553 5660 1852 5729 fragmenta
1879 5707 1890 5715 .

274 5727 546 5799 ipsorum.
569 5730 765 5799 utisuis
799 5729 932 5784 locis
970 5732 1240 5783 adnotavi.
1289 5729 1361 5784 De
1389 5727 1660 5799 mysterio
1674 5743 1857 5796 corpo-

277 5798 357 5867 ris
385 5797 589 5852 Christi
639 5798 902 5855 Eusebius
932 5801 1097 5854 etiam
1140 5801 1193 5853 in
1236 5797 1595 5867 Theophhnia,
1631 5799 1722 5854 lib.
1770 5814 1851 5859 Ill,

276 5866 366 5934 61,
396 5868 490 5937 qui
533 5868 749 5926 brevior
799 5870 945 5927 locus
989 5869 1167 5925 lumen
1210 5870 1498 5925 ulurimum
1535 5871 1600 5925 ab
1646 5873 1747 5929 hoc
1778 5868 1853 5929 De

1968 4749 2206 4822 propriae
2228 4748 2505 4819 religionis
2536 4747 2840 4803 hominibus
2884 4744 3121 4815 copulati
3152 4752 3296 4799 sunt.
3325 4739 3529 4796 Natura

1956 5093 2205 5164 past-hate
2238 5097 2466 5164 tractatu
2508 5086 2757 5164 accipit._
2838 5156 2871 5164 _
2983 5162 2990 5164 Α
3079 5153 3112 5164 Α,
3236 5146 3419 5164 ηῌ-
3476 5147 3490 5164 ,

2029 5146 2146 5233 (50)
2188 5161 2452 5229 Loquitur
2495 5146 2685 5233 auctor
2724 5156 2792 5233 de
2825 5153 3188 5233 _Cons_l_antiuo
3236 5146 3429 5233 M‘agno
3475 5147 3529 5201 in

1957 5218 2170 5304 synodo
2204 5218 2776 5304 Nicgna._mediq_sed
2818 5225 3011 5304 humili
3044 5224 3162 5276 loco
3190 5218 3445 5304 sedente,
3468 5234 3545 5304 ac~

1956 5289 2255 5358 disserente
2289 5301 2509 5370 ,Euseb.
2541 5300 2594 5353 in
2630 5298 2751 5351 Vita
2784 5296 2900 5365 ejus
2925 5294 3019 5350 lib.
3060 5308 3146 5358 ιιι,
3184 5289 3250 5343 10
3276 5303 3450 5357 seqq.,
3478 5295 3533 5343 et

1956 5376 2255 5444 praesertim
2289 5372 2373 5425 18.

1944 5427 2000 5514 ν’,
2029 5445 2144 5514 (51)
2179 5442 2416 5511 Legatur
2445 5437 2787 5514 constantini
2812 5434 3035 5514 epistola
3070 5431 3207 5512 apud
3242 5427 3530 5514 Eusebium

1967 5500 2076 5570 Vi‘t.
2110 5500 2293 5568 Consi.
2312 5528 2421 5575 -ιιι,
2452 5510 2639 5564 17-20.
2670 5510 2809 5562 Ideni
2846 5500 3268 5575 Constantinus
3291 5500 3375 5553 die
3416 5501 3532 5575 ipso

1960 5568 2241 5639 Paschalis
2299 5568 2602 5636 sermonem
2650 5580 2715 5631 ad
2764 5586 2978 5630 sanctus
3023 5573 3210 5628 habuit
3250 5571 3407 5640 (cap.
3438 5568 3527 5640 ι).

1961 5638 2242 5721 Quomodo
2270 5650 2714 5721 religiosissimus
2744 5638 3293 5721 ituperatorannuutn
3325 5638 3529 5721 Pascha

1963 5711 2282 5785 celebraret,
2317 5711 2515 5776 dicitur
2545 5720 2598 5772 in
2634 5718 2749 5785 ejus
2784 5711 2904 5768 Vita
2933 5714 3025 5768 lib.
3059 5729 3130 5774 tv,
3160 5711 3251 5778 22-,
3281 5711 3529 5782 precibus

1963 5809 2184 5865 nempe,
2213 5792 2494 5866 splendido
2523 5789 2692 5856 cultu,
2722 5799 2776 5844 et
2804 5785 3187 5855 eleemosyuis.
