4008 6512
493 410 599 471 7υό

1163 409 1435 467 EUSEBII
1473 406 1951 465 CESARIENSIS
1987 405 2066 463 ΟΡ

2181 404 2360 461 PARS
2394 403 2486 461 IV.
2526 432 2597 446 —-
2627 402 3049 460 DOGMATICA.
3129 430 3137 440 -

3657 403 3769 459 701

490 528 637 580 enim
664 525 865 582 similia
922 528 1090 583 trahit
1125 528 1194 583 ad
1237 530 1456 584 similia.
1482 530 1636 596 Quod
1678 530 1725 585 si
1770 530 1896 599 quis
1924 530 2066 585 dicat

2172 525 2316 581 ἱλκει
2353 522 2424 578 τά
2452 524 2613 594 ὅμοια
2639 523 2776 593 πρὸς
2809 521 2879 577 τά
2893 524 3077 595 ὅμοια.
3100 519 3243 576 Είδέ
3262 539 3349 585 τις
3386 520 3772 595 είπυι.ὼςᾶρα

491 618 752 687 scriptum
786 632 909 675 esse
942 637 955 674 :
985 617 1165 675 Prima
1189 635 1503 692 azymorum
1535 622 1621 675 die
1650 622 1969 676 accedentes
1990 621 2071 675 di-

491 711 682 781 scipuli
711 712 972 767 dixerunt
1003 712 1306 780 Servatori,
1332 713 1563 770 Ubinam
1590 714 1670 768 vis
1692 729 1946 783 paremus
1978 714 2072 769 tibi

495 805 824 859 manducare
855 805 1061 861 Pascha
1092 806 1232 860 iille
1263 815 1445 860 autem
1468 808 1605 861 duos
1632 808 1862 861 misitad
1885 821 2075 876 quem-

492 897 638 963 dam,
665 907 723 950 ut
753 898 801 951 ei
828 898 1070 953 dicerent
1101 914 1115 950 :
1143 898 1300 967 Apud
1343 908 1395 955 te
1429 899 1570 953 facio
1602 899 1837 965 Pascha;
1868 914 1965 955 nos
1993 915 2076 955 re-

492 988 837 1055 spondemus,
870 1005 976 1044 non
1026 990 1129 1045 hoc
1164 991 1334 1045 fuisse
1383 1001 1736 1061 praeceptum,
1776 999 1868 1048 sed
1904 995 2075 1049 histo-

493 1081 628 1134 riam
666 1094 789 1136 esse
822 1083 897 1137 rei
941 1092 1105 1153 gestae
1163 1094 1406 1153 tempore
1451 1100 1556 1154 quo
1594 1085 1852 1141 Servator
1882 1103 2074 1154 passus

490 1179 593 1226 est.
620 1172 776 1227 Aliud
805 1188 933 1228 vero
971 1186 1055 1228 est
1083 1176 1316 1243 priscam
1351 1191 1463 1229 rem
1520 1192 1769 1243 narrare,
1808 1176 1949 1233 aliud
1989 1177 2073 1233 le-

490 1278 612 1333 gem
644 1263 810 1331 ferre,
841 1274 896 1320 et
928 1268 1182 1321 mandata
1217 1268 1448 1338 posteris
1482 1270 1716 1325 tradere.

562 1447 616 1502 9.
649 1447 754 1501 Sed
785 1463 959 1519 neque
1002 1449 1263 1505 Servator
1295 1466 1416 1506 cum
1448 1449 1648 1508 Jud:eis
1682 1453 1887 1509 Pascha
1931 1454 2073 1511 cele-

492 1536 670 1589 bravit
700 1537 971 1605 passionis
1017 1554 1127 1595 suae
1177 1550 1441 1609 tempore.
1480 1543 1595 1597 Non
1641 1544 1789 1598 enim
1839 1545 1963 1599 dum
1994 1545 2070 1600 illi

491 1628 649 1682 ovem
692 1630 1065 1693 immolabant,
1090 1632 1205 1701 ipse
1234 1647 1449 1702 quoque
1481 1650 1602 1689 cum
1635 1637 1751 1691 suis
1791 1636 2071 1706 discipulis

493 1720 772 1789 proprium
798 1720 1005 1776 Pascha
1034 1724 1261 1793 peregit.
1302 1723 1438 1779 Nam
1480 1725 1555 1780 illi
1587 1726 1675 1780 die
1715 1726 2068 1795 Parasceves,

492 1813 546 1866 in
592 1827 697 1881 qua
744 1814 1051 1882 patiebatur
1104 1815 1382 1882 Servator,
1413 1818 1798 1886 celebrabant;
1836 1824 1978 1877 unde
2015 1833 2070 1876 et

490 1993 659 2047 exivit
696 2013 709 2049 :
750 1995 998 2052 Christus
1032 2008 1210 2052 autem
1260 2000 1346 2053 die
1386 2002 1609 2054 omnino
1643 2005 1829 2073 quinta
1866 2007 2069 2060 hebdo-

490 2086 663 2138 niadze
694 2100 817 2141 cum
854 2090 1133 2157 discipulis
1165 2092 1462 2157 discubuit,
1492 2104 1548 2148 et
1580 2109 1914 2151 convescens
1947 2099 2019 2153 ait
2052 2116 2068 2154 :

491 2177 768 2231 Desiderio
815 2182 1111 2236 desideravi
1148 2183 1244 2236 hoc
1285 2182 1497 2238 Pascha
1550 2189 1871 2243 manducare
1898 2191 2070 2244 vobis-

492 2284 630 2321 (δικ.
676 2268 864 2324 Viden‘
891 2275 1169 2340 quomodo
1216 2274 1478 2331 Servator
1525 2278 1667 2332 haud
1705 2295 1826 2333 cum
1870 2280 2072 2337 Judaais

494 2359 694 2415 Pascha
723 2365 1175 2426 manducaverit?
1207 2368 1342 2435 Quia
1379 2385 1576 2424 novum
1610 2373 1740 2439 quid
1771 2373 1901 2428 illud
1929 2386 2069 2438 erat,

490 2463 544 2506 et
584 2469 613 2507 a
646 2465 906 2510 consueto
930 2455 1158 2514 Judaico
1206 2476 1357 2515 more
1396 2462 1696 2519 abhorrens
1720 2505 1734 2530 ,
1759 2467 2071 2521 necessario

492 2545 692 2598 institit
740 2546 969 2601 dicendo
1001 2565 1019 2602 :
1065 2549 1336 2604 Desiderio
1386 2553 1677 2608 desideravi
1725 2556 1820 2610 hoc
1862 2553 2071 2611 Pascha

488 2636 806 2691 manducare
827 2639 1111 2704 vobiscum,
1144 2653 1424 2713 antequam
1449 2647 1623 2713 patiar
1648 2646 1711 2699 “.
1731 2648 1868 2700 Nam
1894 2648 2069 2716 prisc'a

491 2724 577 2778 illa
612 2726 693 2779 vel
725 2728 903 2796 potius
927 2733 1232 2800 antiquata,
1261 2748 1380 2802 quae
1406 2750 1528 2790 cum
1559 2735 1763 2791 Iudaeis
1802 2740 2072 2794 comedis-

489 2821 596 2873 set.
622 2830 726 2868 nou
755 2827 915 2870 erant
950 2819 1331 2875 desiderabilia
1363 2841 1378 2877 :
1422 2838 1618 2879 novum
1655 2835 1836 2881 autem
1872 2839 2073 2899 myste-

488 2905 627 2961 rium
658 2906 794 2964 Novi
823 2911 904 2966 sui
928 2910 1192 2976 Fmderis,
1226 2915 1366 2983 quod
1397 2916 1678 2987 discipulis
1706 2920 1936 2989 propriis
1965 2930 2071 2975 tra-

489 2998 672 3066 deuat,
715 3000 1079 3059 desiderabile
1131 3006 1327 3059 merito
1378 3007 1476 3075 ipsi
1525 3017 1643 3061 erat
1678 3024 1693 3060 :
1733 3009 1858 3078 quia
1913 3010 2069 3064 multi

488 3101 612 3146 ante
639 3107 763 3147 cum
808 3095 1082 3164 propheta:
1113 3112 1177 3151 ac
1209 3096 1337 3164 justi
1380 3100 1564 3153 videre
1587 3112 1904 3170 aptaverant
1935 3102 2069 3157 Novi

488 3180 733 3239 Faederis
769 3187 1025 3255 mysteria
1055 3203 1067 3239 :
1106 3189 1279 3258 ipsum
1314 3190 1423 3243 imo
1448 3190 1680 3245 Verbum
1728 3208 2067 3249 communem
2096 3222 2137 3282 ε
2174 3233 2274 3286 μετ

488 3274 714 3330 salutem
767 3292 994 3346 prorsus
1043 3281 1274 3347 sitiens,
1307 3284 1619 3352 mysterium
1657 3287 1922 3353 tradebat,
1957 3304 2066 3359 quo

2172 3307 2397 3372 εἰκότως
2415 3326 2429 3339 ⁸
2454 3312 2549 3363 ἐπε

486 3382 677 3423 omnes
700 3370 946 3426 homines
983 3371 1179 3428 festum
1220 3385 1378 3429 erant
1407 3378 1603 3437 acturi,
1635 3378 1795 3447 idque
1838 3381 1938 3435 sibi
1972 3382 2067 3436 de-

486 3459 786 3517 sideratum
809 3479 931 3518 esse
964 3465 1255 3522 fatebatur.
1270 3468 1429 3524 Certe
1466 3469 1665 3539 Moysis
1691 3470 1894 3527 Pascha
1922 3474 2065 3528 haud

486 3554 696 3609 cunctis
740 3556 993 3622 gentibus
1029 3559 1278 3613 idoneum
1326 3572 1464 3628 erat,
1495 3564 1930 3633 quandoquidem
1960 3583 2068 3622 uno

487 3643 540 3695 in
575 3644 712 3710 loco,
730 3647 781 3700 id
800 3659 879 3702 est
908 3648 1316 3722 Hierosolymis,
1339 3654 1451 3708 fieri
1470 3654 1679 3721 jussum
1712 3667 1850 3712 erat.
1870 3658 2071 3723 Quam-

485 3736 673 3791 obrem
716 3740 857 3793 haud
913 3752 1033 3794 erat
1072 3742 1449 3799 desiderabile.
1484 3745 1589 3800 Sed
1623 3746 1931 3804 Servatoris
1958 3767 2069 3823 my-

485 3831 709 3883 sterium
750 3830 990 3885 in-Novo
1040 3832 1265 3888 Faedere
1316 3837 1528 3891 cunctis
1584 3838 1893 3897 hominibus
1937 3857 2068 3899 con-

486 3921 842 3990 gruum,jure
880 3927 1089 3994 optimo
1111 3926 1475 3984 desiderabile
1501 3939 1640 3984 erat.
1754 3980 1763 3987 .

2175 616 2589 688 γέγραπταιοΤῇ
2604 613 2792 687 πρώτῃ
2807 614 2992 686 ἡμέρα
3008 614 3116 667 τῶν
3137 613 3367 684 ἀζύμων
3378 612 3774 685 προσελθόντες

2174 708 2223 762 οἱ
2257 705 2497 778 μαθηταὶ
2525 701 2678 758 εἷπον
2692 704 2770 776 τῷ
2787 704 3023 778 Σωτῆρι,
3042 704 3152 758 Ποῦ
3184 704 3361 767 θέλεις
3388 704 3774 776 ἑτοιμάσωμέν

2175 815 2258 851 σοι
2277 798 2471 865 φαγεῖν
2508 794 2571 848 τὸ
2601 795 2828 864 Πάσχα;
2861 795 2917 850 '0
2948 795 3005 849 δὲ
3031 796 3168 867 πρὸς
3186 795 3280 849 τὸν
3292 796 3436 849 δεῖνα
3451 796 3771 864 ἀπέστειλε,

2176 890 2552 964 παραγγείλας
2585 893 2781 945 εἰπεῖν·
2832 891 2977 964 Πρὸς
3008 892 3068 944 σέ
3097 889 3236 944 ποιῶ
3274 889 3335 943 τὸ
3368 889 3581 960 Πάσχω
3608 890 3774 962 ἐροῦ-

2179 1004 2299 1058 μεν,
2328 988 2412 1040 ὂτι
2462 985 2620 1038 τοῦτο
2655 985 3023 1058 παράγγελμα
3064 984 3166 1038 οὐκ
3198 983 3368 1045 ἐστιν,
3402 982 3517 1035 ἀλλ’
3554 982 3775 1055 ίστορία

2176 1077 2501 1149 πράγματος
2526 1092 2590 1127 συ
2599 1074 2932 1147 μὸεὸηκότος
2957 1073 3100 1128 κατὰ
3123 1073 3215 1127 τὸν
3244 1072 3339 1126 τοῦ
3364 1072 3632 1145 σωτηρίου
3656 1073 3772 1126 πά-

2176 1167 2301 1230 θους
2340 1166 2550 1238 καιρόν.
2605 1168 2832 1237 Ἕτερον
2877 1166 2933 1218 δέ
2989 1168 3105 1219 ἐστι
3155 1164 3217 1217 τὸ
3267 1163 3506 1218 παλαιὰν
3564 1165 3772 1236 πρᾶξιν

2171 1256 2497 1327 διηγεῖσθαι,
2554 1256 2649 1311 καὶ
2681 1256 2867 1327 ἓτερον
2899 1255 2959 1308 τὸ
3004 1255 3314 1323 νομοθετεῖν
3342 1258 3436 1310 καὶ
3462 1258 3575 1321 τοῖς
3626 1255 3773 1311 μετὰ

2172 1347 2342 1403 ταῦτα
2382 1349 2760 1421 παραγγελίας
2786 1349 3239 1421 καταλιμπάνειν.

2243 1480 2309 1537 θ’.
2356 1482 2518 1536 Ἀλλὰ
2551 1484 2646 1537 καὶ
2688 1485 2715 1537 6
2751 1482 2943 1555 Σωτὴρ
2991 1483 3051 1536 οὐ
3088 1481 3228 1554 μετὰ
3282 1482 3551 1536 Ἰουδαίων
3573 1482 3773 1536 ἐπετέα

2170 1572 2293 1627 λεσε
2351 1574 2411 1628 τὸ
2469 1575 2662 1645 Πάσχα
2713 1574 2853 1629 κατὰ
2908 1574 2999 1628 τὸν
3062 1575 3253 1647 καιρὸν
3305 1573 3399 1627 τοῦ
3464 1574 3594 1628 ἰδίου
3657 1576 3770 1629 πά-

2172 1658 2316 1729 θους.
2368 1668 2442 1719 Οὐ
2484 1666 2592 1738 γὰρ
2630 1667 2719 1719 ὅτε
2774 1665 2928 1719 ἔθυον
2961 1666 3160 1720 ἐκεῖνοι
3206 1666 3268 1720 τὸ
3298 1665 3589 1737 πρόϐατον,
3642 1667 3771 1719 τότε

2173 1756 2269 1810 καὶ
2328 1756 2493 1819 αὐτὸς
2557 1756 2693 1827 μετὰ
2746 1755 2853 1809 τῶν
2920 1757 3084 1811 αὐτοῦ
3147 1755 3406 1827 μαθητῶν
3450 1756 3514 1810 τὸ
3568 1754 3772 1809 ἐαυτοῦ

2101 1880 2143 1934 Β
2174 1850 2345 1920 ῆγαγε
2391 1850 2603 1919 Πάσχα·
2653 1851 2701 1903 οἱ
2762 1849 2860 1921 μὲν
2906 1850 3016 1921 γὰρ
3066 1849 3208 1903 κατὰ
3240 1849 3338 1920 τὴν
3377 1848 3771 1921 Παρασκευὴν,

493 1920 654 1957 nemo
682 1907 993 1976 praetorium
1035 1919 1119 1964 cst
1165 1911 1470 1978 ingressus,
1509 1914 1603 1966 sed
1646 1912 1850 1968 Pilatus
1878 1916 1945 1970 ad
1976 1931 2071 1972 eos
2101 1907 2143 1934 ⁸³
2172 1907 2233 1996 ἐς

494 1993 654 2015 λικε-,ξι
698 2013 706 2015 Α
752 1995 819 2015 ινι
837 1997 927 2015 ..9,-
953 2013 993 2015 --
1038 2014 1047 2015 κ
1106 2008 1116 2015 .
1138 2013 1146 2015 -
1279 2000 1311 2015 ιο
1518 2002 1530 2013 ο
1720 2005 1731 2015 ι
1866 2007 1878 2015 .
1935 2008 1947 2015 .
1989 2007 2000 2015 .
2300 2002 2309 2014 ι

2300 1942 2326 2015 ᾖ
2386 1942 2656 1996 πέπονθεν
2713 1946 2741 1998 6
2803 1944 3016 2015 Σωτὴρ,
3078 1943 3224 1997 τοῦτ’
3284 1943 3590 2015 ἔπραττον
3642 1942 3773 2005 ὅθεν

2172 2029 2292 2083 οὑδέ
2340 2030 2585 2102 εἰσῆλθον
2628 2033 2705 2096 είς
2763 2033 2823 2086 τὸ
2877 2032 3228 2105 πραιτώριον,
3278 2033 3391 2086 ἀλλ’
3446 2033 3475 2085 6
3530 2032 3771 2096 Πιλάτος

2173 2116 2311 2185 πρὸς
2356 2118 2555 2182 αὐτοὺς
2601 2118 2817 2185 ἔξεισινο
2879 2120 3041 2184 αὐτὸς
3087 2121 3144 2175 δὲ
3196 2121 3305 2193 πρὸ
3354 2121 3483 2191 ὅλης
3548 2121 3771 2193 ἡμέρας

2170 2208 2237 2277 τῇ
2304 2208 2532 2282 πέμπτῃ
2594 2210 2688 2264 τοῦ
2730 2210 3007 2267 Σα66άτου
3062 2215 3173 2277 τοῖς
3231 2213 3502 2284 μαθηταῖς
3543 2213 3769 2267 συνανέ-

2174 2315 2339 2363 κειτο,
2407 2300 2499 2354 καὶ
2570 2302 2865 2356 συνεσθίων
2922 2304 3106 2367 αὐτοῖς
3170 2304 3373 2372 ἔλεγεν·
3447 2305 3768 2374 Ἐπιθυμίᾳ

2171 2388 2523 2460 ἐπεθύμησα
2568 2393 2746 2448 τοῦτο
2777 2394 2846 2448 τὸ
2895 2396 3114 2465 Πάσχα
3158 2396 3372 2465 φαγεῖν
3403 2398 3533 2465 μεθ’
3576 2396 3767 2466 ὑμῶν.

2183 2482 2347 2554 Ὁρᾷς
2416 2484 2567 2548 ὅπως
2634 2488 2664 2539 6
2732 2488 2925 2561 Σωτὴρ
2999 2488 3061 2542 οὑ
3142 2488 3280 2559 μετὰ
3359 2489 3632 2543 Ἰουδαιων
3705 2489 3767 2542 τὸ

2173 2573 2365 2644 Πάσχα
2402 2577 2623 2647 ἦσθιεν;
2671 2580 2890 2652 Ἐπειδὴ
2931 2580 3116 2634 καινὸν
3138 2576 3203 2651 ῆν
3233 2583 3408 2635 ἐκεῖνο
3430 2580 3523 2635 καί
3558 2580 3765 2646 ξενίζον

2173 2667 2326 2738 παρὰ
2358 2668 2425 2721 τὰ
2451 2668 2656 2742 συνήθη
2696 2671 2791 2724 καὶ
2834 2672 3100 2725 Ἰουδαϊκὰ
3132 2672 3251 2744 ἔθη,
3283 2674 3597 2742 ἀναγκαίως
3633 2672 3764 2726 ἐπέ-

2175 2774 2373 2827 στησεν
2423 2760 2627 2814 εἰπών’
2680 2762 2987 2832 Ἐπιθυμίᾳ
3037 2763 3391 2833 ἐπεθύμησα
3448 2764 3625 2818 τοῦτο
3696 2762 3764 2816 τὸ

2174 2850 2391 2921 Πάσχα
2406 2852 2619 2922 φαγεῖν
2644 2856 2774 2923 μεθ’
2796 2854 2984 2924 ὑμῶν,
3018 2856 3131 2925 πρὸ
3170 2856 3278 2910 τοῦ
3312 2874 3389 2926 με
3430 2855 3669 2909 παθεῖν·
3692 2855 3765 2910 τὰ

2175 2942 2274 3012 μὲν
2310 2942 2419 3013 γὰρ
2460 2944 2666 2998 παλαιὰ
2703 2944 2807 3018 ἤθη
2857 2944 2986 2999 ὄντα
3019 2947 3114 2999 καὶ
3143 2948 3593 3018 πεπαλαιωμένα,
3634 2946 3670 3000 ἃ
3696 2947 3762 3019 δὴ

2175 3032 2315 3103 μετὰ
2358 3033 2624 3089 Ἰουδαίων
2661 3036 2887 3107 ἤσθιεν,
2959 3038 3060 3092 οὐκ
3107 3034 3177 3110 ῆν
3228 3038 3576 3109 ἐπιθυμητά·
3623 3037 3762 3091 τὸδέ

2172 3125 2358 3178 καινὸν
2390 3128 2692 3199 μυστήριον
2728 3129 2829 3199 τῆς
2855 3131 3068 3201 Καινῆς
3097 3130 3261 3184 αὐτοῦ
3292 3130 3587 3202 Διαθήκης,
3627 3130 3657 3182 ὃ
3694 3130 3762 3201 δὴ

2279 3216 2449 3271 εδίδου
2478 3222 2591 3283 τοῖς
2616 3220 2806 3273 ἑαυτοῦ
2844 3222 3134 3293 μαθηταῖς,
3156 3223 3488 3294 ἐπιθυμητὸν
3520 3218 3589 3293 ἦν
3610 3221 3762 3294 αὐτῷ

2554 3310 2575 3362 ὶ
2600 3310 2782 3364 πολλοὶ
2810 3314 2917 3383 πρὸ
2945 3312 3109 3368 αὐτοῦ
3138 3313 3412 3384 προφῆται
3435 3314 3528 3366 καὶ
3561 3312 3761 3366 δίκαιοι

2167 3400 2523 3473 ἐπεθύμησαν
2562 3403 2687 3456 ἰδεῖν
2713 3404 2782 3459 τὰ
2808 3405 2906 3476 τῆς
2929 3407 3073 3471 Νέας
3112 3406 3389 3478 Διαθήκης
3440 3407 3719 3478 μυστήρια
3740 3423 3757 3437 ⁸

2170 3488 2265 3540 καὶ
2302 3488 2463 3553 αὐτὸς
2492 3489 2549 3542 δέ
2570 3492 2599 3543 6
2622 3491 2812 3560 Λόγος,
2855 3496 3085 3549 πάντοτε
3117 3495 3285 3566 διψῶν
3308 3496 3405 3569 τὴν
3428 3496 3617 3567 κοινὴν
3653 3513 3760 3548 σω·-

2168 3580 2385 3650 τηρίαν,
2420 3584 2718 3655 μυστήριον
2744 3586 3051 3657 παρεδίδου,
3081 3588 3146 3640 δι’
3170 3582 3232 3643 οὗ
3260 3588 3459 3651 πάντες
3478 3587 3759 3659 ἄνθρωποι

2172 3670 2396 3742 ἔμελλον
2444 3674 2743 3745 ἑορτάζειν,
2802 3677 3142 3750 ἐπιθυμητὸν
3200 3678 3358 3733 τοῦτο
3405 3679 3555 3750 αὐτῷ
3615 3675 3757 3732 εἶναι

2172 3762 2511 3835 ὡμολόγησε.
2556 3764 2629 3819 Τὸ
2678 3766 2777 3837 μὲν
2809 3769 3090 3834 Μωῡσέως
3144 3771 3347 3843 Πάσχα
3400 3772 3500 3842 οὐχ
3544 3772 3756 3843 ἥρμοζε

2174 3857 2311 3909 πᾶσι
2345 3860 2458 3921 τοῖς
2478 3859 2599 3911 τότε
2628 3857 2807 3913 ἔθνεσι
2827 3876 2843 3892 ο
2876 3861 2993 3926 πῶς
3013 3863 3121 3936 γάρ
3144 3865 3337 3927 ;ὁπότε
3361 3864 3449 3932 ὑφ’
3467 3864 3563 3917 Eva
3583 3862 3755 3916 τόπον

2173 3946 2265 3998 τὸν
2305 3949 2362 4000 ἐν
2401 3951 2465 4018 τῇ
2508 3950 2863 4022 Ἰερουσαλὴμ
2894 3952 3163 4007 τελεῖσθαι
3206 3955 3627 4027 νενομοθέτητοο
3674 3953 3754 4008 διδ

482 4011 582 4064 οὐκ
626 4008 695 4083 ἦν
735 4015 1100 4119 ἐπιθυμητόὶν
1130 4018 1189 4071 τὸ
1232 4018 1289 4072 δὲ
1322 4022 1590 4093 σωτήριον
1625 4024 1925 4097 μυστήριον
1958 4029 2053 4101 τῆς
2091 4033 2296 4108 Καινῆς
2355 4008 2650 4111 Διαθήκῆς,
2711 4008 2875 4097 πᾶσιν
2906 4044 3214 4117 ἀνθρώποις
3238 4008 3500 4119 ἁρμόζον,
3518 4008 3753 4110 ,εἰκότως

484 4109 632 4179 αὐτῷ
662 4111 997 4184 ἐπιθυμητὸν
1029 4108 1119 4185 ἦν.

560 4201 641 4253 ιο.
680 4202 788 4258 Sed
843 4204 956 4272 ipse
1002 4206 1219 4274 quidem
1276 4218 1564 4277 antequam
1608 4218 1907 4278 pateretur,
1935 4229 2059 4271 cum

483 4292 595 4347 suis
627 4293 904 4363 discipulis
945 4296 1149 4352 Pascha
1178 4301 1437 4365 comedit,
1468 4300 1773 4372 festumque
1794 4307 1923 4375 egit,
1952 4323 2058 4363 non

2243 4225 2292 4271 t'.
2336 4219 2472 4272 Ἀλλ’
2514 4222 2674 4287 αὐτὸς
2708 4225 2828 4296 μὲν,
2862 4226 2968 4297 πρὸ
2988 4225 3082 4279 τοῦ
3117 4228 3329 4293 παθεῖν,
3364 4231 3459 4284 σὺν
3483 4234 3596 4297 τοῖς
3622 4234 3719 4287 ἐαυ
3747 4269 3749 4271 ι

2166 4310 2260 4363 τοῦ
2299 4312 2566 4385 μαθηταῖς
2604 4315 2776 4386 ἔφαγε
2806 4320 2866 4371 τὸ
2894 4320 3107 4389 Πάσχα,
3148 4323 3241 4374 καὶ
3275 4322 3371 4393 τὴν
3402 4325 3595 4397 ἑορτὴν
3619 4328 3746 4379 ἐπε-

484 4398 605 4434 cuni
631 4384 853 4444 Judreis.
885 4387 1097 4459 Reapse
1126 4402 1413 4461 postquam
1440 4397 1555 4462 ipse
1597 4407 1824 4464 vespere
1864 4395 2059 4452 festum

2172 4403 2404 4470 τέλεσεν,
2440 4406 2501 4458 οὐ
2526 4407 2666 4477 μετὰ
2698 4408 2807 4461 τῶν
2854 4411 3153 4464 Ἰουδαίωνσ
3178 4413 3536 4485 ἑορτάσαντος
3557 4416 3613 4470 δὲ
3644 4419 3744 4471 αὺ-

482 4477 833 4546 celebrasset,
864 4485 1149 4551 pontiﬁces
1177 4503 1300 4541 cum
1347 4491 1623 4557 proditore
1667 4506 1860 4546 manus
1898 4498 1946 4547 ei
1978 4493 2062 4547 in-

478 4570 725 4638 jecerunt
755 4588 769 4625 :
806 4590 912 4628 non
944 4576 1089 4630 enim
1117 4576 1188 4630 illi
1214 4593 1279 4633 eo
1302 4593 1528 4648 vespere
1572 4578 1774 4635 Pascua
1814 4582 2061 4636 comede-

480 4663 650 4728 bant;
693 4665 932 4735 alioquin
984 4669 1052 4724 ab
1106 4671 1221 4739 cjus
1274 4672 1652 4740 persecutione
1700 4673 2058 4742 quievissent.

481 4751 652 4816 Quem
683 4770 809 4809 mox
837 4766 1053 4826 captum
1101 4761 1166 4813 ad
1216 4759 1431 4830 Caiphm
1486 4764 1707 4817 domum
1742 4765 2005 4819 duxerunt
2040 4782 2056 4832 ι

480 4844 571 4898 ubi
610 4859 803 4900 exacta
836 4857 1018 4917 nocte,
1056 4850 1406 4907 illucescente
1455 4853 1543 4908 die
1580 4856 1916 4925 congregati,
1949 4856 2060 4925 pri-

479 4953 625 4992 mam
671 4940 724 4993 in
753 4955 874 4995 eum
913 4942 1315 4999 damnationem
1369 4947 1630 5003 tulerunt.
1661 4949 1867 5005 Deinde
1911 4950 2058 5007 illinc

479 5045 761 5101 surgentes
778 5049 897 5087 cum
914 5034 1065 5106 plebe
1078 5038 1323 5092 eumdem
1345 5038 1411 5092 ad
1434 5038 1665 5095 Pilatum
1688 5040 1732 5073 ⁸⁷
1754 5050 2053 5099 traxerunt.

478 5123 630 5178 'l‘nnc
678 5136 857 5181 autem
908 5129 985 5183 ait
1035 5127 1314 5199 Scriptura
1360 5132 1413 5185 in
1451 5133 1764 5198 prmtorium
1803 5148 1899 5189 eos
1946 5150 2053 5191 non

478 5216 764 5285 introisse;
807 5237 874 5276 ne
900 5223 1001 5276 sub
1034 5224 1309 5278 ethnicum
1345 5233 1544 5279 tectum
1587 5226 1837 5295 ingressi,
1867 5236 1924 5281 ut
1961 5244 2056 5297 pu-

478 5309 685 5375 tabant,
730 5313 1167 5381 inquinarcntur,
1191 5317 1283 5371 sed
1315 5317 1435 5384 puri
1472 5328 1751 5372 manentes
1791 5317 1842 5371 hi
1877 5319 2054 5389 impu-

477 5401 701 5470 rissimi,
757 5418 981 5474 vespere
1029 5409 1348 5465 imminente
1396 5408 1605 5464 Pascha
1657 5410 2052 5479 comederent;

478 5493 528 5545 In
563 5496 654 5564 qui
684 5496 914 5552 culicem
962 5501 1310 5565 excolantes,
1342 5502 1607 5558 camelum
1646 5502 1947 5573 glutiebant
1983 5507 2050 5571 ⁸⁸,

2160 4493 2255 4546 τοῦ
2286 4496 2543 4568 ἑσπέρας,
2576 4500 2623 4551 οἱ
2650 4499 2925 4572 ἀρχιερεῖς
2961 4502 3077 4573 ἅμα
3109 4503 3187 4574 τῷ
3222 4506 3451 4579 προδότῃ
3488 4508 3745 4564 ἐπιστάνο

2160 4602 2272 4649 τες,
2305 4587 2567 4642 ἐπέϐαλον
2598 4590 2684 4643 ἐπ’
2710 4592 2873 4645 αὑτὸν
2912 4595 3010 4657 τὰς
3034 4598 3250 4667 χεῖρας*
3286 4598 3349 4650 οὐ
3400 4599 3508 4671 γὰρ
3554 4600 3741 4672 ἤσθιον

2161 4677 2316 4729 αὐτοὶ
2354 4679 2493 4733 κατὰ
2532 4680 2632 4751 τὴν
2676 4682 2918 4754 ἑσπέραν
2950 4685 3009 4737 τὸ
3043 4686 3267 4755 Πάσχα’
3314 4683 3351 4759 ἦ
3404 4689 3513 4762 γὰρ
3545 4691 3611 4744 ἂν
3644 4692 3741 4765 τὴν

2161 4768 2354 4840 σχολὴν
2380 4771 2508 4841 περὶ
2539 4772 2699 4825 αὑτὸν
2732 4769 2895 4844 εἶχονο
2943 4776 3037 4829 καὶ
3083 4777 3217 4849 δῆτα
3252 4780 3607 4847 συλλαϐόντες
3638 4785 3742 4838 άπ-

2158 4861 2364 4931 ήγαγον
2394 4863 2475 4926 εἱς
2498 4862 2597 4936 τὴν
2618 4866 2795 4920 οἰκίαν
2825 4866 2921 4920 τοῦ
2938 4869 3182 4939 Καῖάφα,
3220 4870 3741 4948 ἔνθαδιανυκτερεύ-

2159 4968 2369 5017 σαντες,
2399 4954 2475 5019 ὡς
2516 4956 2699 5027 ἡμέρα
2732 4957 2971 5026 ἐγένετο,
3009 4962 3372 5034 συνήχθησαν,
3405 4966 3499 5018 καὶ
3513 4967 3738 5040 ἀνακρί-

2156 5060 2339 5097 νουσιν
2359 5046 2523 5100 αὐτὸν
2550 5049 2813 5120 πρότερον
2836 5067 2848 5078 ·
2875 5047 2993 5105 εἶτα
3029 5056 3167 5124 μετά
3204 5056 3374 5111 ταῦτα
3406 5057 3736 5125 ἀναστάντες

2155 5134 2272 5204 ἅμα
2304 5137 2379 5207 τῷ
2412 5137 2604 5211 πλήθει
2624 5141 2828 5210 ἤγαγον
2860 5142 3021 5197 αὐτὸν
3037 5145 3172 5215 πρὸς
3194 5147 3443 5203 Πιλάτον.
3480 5150 3590 5203 Καὶ
3616 5150 3735 5204 τότε

2156 5230 2320 5299 φησιν
2348 5232 2379 5301 ἡ
2412 5230 2625 5301 Γραφὴ,
2659 5233 2741 5285 ὅτι
2772 5230 2848 5302 μὴ
2890 5235 3138 5305 εἰσῆλθον
3174 5239 3253 5302 είς
3290 5238 3352 5292 τὸ
3377 5240 3732 5313 πραιτώριον,

2155 5321 2241 5374 ἵνα
2274 5322 2338 5394 δὴ
2377 5325 2475 5395 μὴ,
2511 5326 2616 5379 ὑπὸ
2658 5329 2856 5400 στέγην
2898 5329 3214 5401 Ἑλληνικὴν
3256 5332 3621 5398 εἰσελθόντες,
3658 5335 3735 5400 ὥς

2152 5427 2214 5479 γε
2239 5411 2428 5483 ᾤοντο,
2456 5415 2740 5484 μιανθῶσι,
2773 5420 3079 5490 καθαροὶδέ
3113 5421 3459 5491 μείναντεςοὶ
3489 5426 3736 5496 παμμίασ

2156 5520 2259 5574 ροι,
2296 5505 2534 5577 ἑσπέρας
2571 5509 2894 5583 ἐπιστάσης,
2942 5512 3169 5581 φάγοιεν
3211 5514 3279 5567 τὸ
3309 5515 3523 5586 Πάσχα,
3558 5519 3609 5569 οί
3640 5519 3732 5572 τὸν

476 5586 676 5653 quique
726 5588 937 5643 animas
985 5590 1144 5645 simul
1197 5601 1251 5646 et
1286 5608 1513 5662 corpora
1562 5592 1873 5649 Servatoris
1907 5598 2051 5653 caede

2172 5597 2390 5653 ιώνωπα
2416 5600 2741 5669 διυλίζοντες
2759 5645 2774 5669 ,
2812 5607 2912 5679 τὴν
2940 5605 2996 5660 δὲ
3036 5608 3283 5678 κάμηλον
3310 5610 3728 5675 καταπίνοντες,

480 5673 791 5743 iulpiabant,
838 5680 940 5735 sub
987 5691 1189 5737 tectum
1240 5683 1448 5753 ingredi
1499 5685 1716 5740 reveriti
1763 5690 2049 5753 suut;sed

2172 5690 2205 5743 d
2222 5689 2319 5753 τὰς
2347 5689 2521 5764 ψυχὰς
2542 5695 2725 5761 αὐτοῖς
2755 5673 2969 5771 σώμασι
2999 5673 3138 5753 κατά
3167 5673 3260 5754 τοῦ
3288 5701 3538 5775 Σωτῆρος
3577 5673 3729 5773 pta—te

545 5856 589 5889 “
612 5855 743 5915 Luc.
774 5875 909 5922 nu.
939 5861 1025 5919 15.
1100 5864 1143 5895 ⁵⁷
1173 5860 1328 5919 Joan.
1354 5879 1504 5932 mu,
1529 5864 1615 5922 28.
1685 5866 1729 5898 “
1768 5867 1954 5924 Matth.
1984 5884 2119 5925 xxm
2140 5910 2154 5929 .
2184 5871 2275 5927 Ἃ.
