4008 6516
304 424 425 477 705

1442 436 1532 491 DE
1570 434 2058 493 SOLEMNITATE
2092 437 2451 496 PASCHALL

3451 440 3556 494 706

295 543 471 614 φονίᾳ
502 545 892 615 μεμιαμμένοι,
916 548 1005 604 τὸν
1024 550 1219 623 ὄροφον
1242 552 1505 608 ἐδεδίεσαν
1533 556 1887 611 ὖπεισελθεῦν

1996 562 2108 631 ipsa
2143 562 2435 617 Dominicis
2464 562 2729 630 passionis
2764 562 2855 617 die
2904 577 3026 617 cum
3072 562 3270 617 animze
3313 562 3552 631 ipsorum

291 633 426 687 ἀλλ’
457 636 507 686 οι
550 635 650 704 μὲν
683 639 802 690 κατ’
829 639 997 712 αὐτὴν
1025 643 1237 714 ἐκείνην
1256 644 1349 698 τοῦ
1390 646 1596 711 πάθους
1624 650 1721 719 τὴν
1746 649 1881 719 ἡμέ-

293 742 411 794 ραν
436 726 497 778 τὸ
519 725 846 798 λυμαντικὺν
867 733 966 803 τῆς
995 734 1203 788 ὲαυτῶν
1228 736 1406 809 ψυχῆς
1432 737 1633 808 ἔφαγον
1666 741 1879 811 Πάσχα.

288 821 360 873 τὸ
403 816 543 892 αἷμα
575 823 637 877 τὺ
675 827 939 899 σωτήριον
984 830 1081 901 οὐχ
1120 832 1275 904 ὑπὲρ
1302 834 1531 901 ἑαυτῶν,
1577 836 1710 891 ἀλλά
1760 837 1882 891 καθ’

286 914 513 967 ἑαυτῶν
531 914 969 990 ὲξαιτησάμενοι.
1000 924 1057 976 Ὀ
1074 925 1407 998 δ’,ήμέτερος
1435 928 1625 1000 Σωτὴρ
1646 931 1707 983 οὐ
1735 931 1879 995 τότε,

1987 655 2151 709 exitio
2202 654 2407 710 Pascha
2456 656 2838 722 comederunt,
2877 655 3184 710 Servatoris
3229 655 3553 724 sanguinem

1986 761 2092 800 non
2139 761 2235 815 pro
2270 761 2350 809 se.
2378 747 2471 801 sed
2511 756 2697 801 contra
2738 761 2797 800 se
2836 756 3169 816 eXpetentes.
3208 744 3402 801 Noster
3428 763 3556 801 vero

1986 836 2243 893 Servator
2292 851 2396 891 non
2460 847 2614 901 tunc,
2646 838 2738 891 sed
2784 838 3031 893 hesterna
3077 840 3164 894 die
3215 836 3554 895 discumbens

1987 948 2108 987 cum
2144 932 2444 1001 discipulis,
2493 932 2854 984 desideratum
2902 934 3002 988 sibi
3046 932 3239 987 festum
3267 942 3552 1003 peregerat

288 1005 409 1076 πρὸ
444 1008 659 1079 ἡμέρας
686 1010 742 1063 δὲ
773 1012 1133 1085 ἀνακείμενος
1166 1019 1303 1088 μετά
1326 1020 1433 1073 τῶν
1482 1020 1758 1093 μαθητῶν,
1793 1022 1890 1094 τὴν
1918 1023 2319 1096 ὲπιθυμητικὴν
2348 1023 2524 1093 ἑαυτῷ
2553 1022 2744 1093 ἑορτὴν
2765 1018 2917 1091 ἦγεν.

369 1106 463 1153 ια’.
513 1101 695 1172 Ὁρᾷς,
724 1104 800 1169 ὠς
831 1106 891 1173 ἐξ
918 1109 1146 1175 ἐκείνου,
1176 1113 1205 1165 ὁ
1239 1112 1339 1183 μὲν
1374 1113 1552 1169 αὐτῶν
1589 1113 1882 1186 ἐχωρίζετο

284 1192 394 1244 καὶ
441 1193 541 1264 τῆς
583 1196 880 1270 Ἰουδαϊκῆς
913 1201 1177 1272 ἀνεχώρει
1207 1204 1539 1273 μιαιφονίας,
1581 1207 1880 1278 συνήπτετο

280 1284 346 1336 δὲ
383 1287 500 1349 τοῖς
526 1288 815 1358 μαθηταῖς,
835 1292 950 1362 ἅμα
977 1295 1159 1360 αὐτοῖς
1190 1298 1289 1367 τὴν
1318 1297 1662 1369 ἐπιθυμητὴν
1687 1298 1879 1370 ἑορτὴν

282 1379 689 1451 πανηγυρίζων
709 1399 722 1445 ;
745 1384 951 1440 Οὐκοῦν
976 1388 1069 1441 καὶ
1090 1391 1221 1459 ἡμῖν
1242 1391 1299 1443 τὸ
1321 1391 1512 1460 Πάσχα
1542 1391 1638 1444 σὺν
1661 1391 1880 1463 Χριστῷ

282 1464 559 1537 βρωτέον,
586 1470 909 1543 καθαιροῦσι
954 1477 1050 1546 μὲν
1083 1482 1181 1550 τῆς
1215 1480 1421 1534 ἑαυτῶν
1441 1481 1677 1544 διανοίας
1700 1484 1880 1535 πᾶσαν

280 1554 352 1619 ξύ
363 1576 476 1629 μην
510 1561 709 1627 κακίας
743 1568 835 1620 καὶ
860 1571 1142 1642 πονηρίας,
1167 1573 1391 1644 ἀζύμων
1418 1574 1463 1626 δ’
1496 1574 1753 1644 ἀληθείας
1787 1564 1895 1628 καὶ

278 1647 645 1722 είλικρινείας
676 1655 1132 1729 ἐμπιπλαμένοις,
1161 1661 1372 1732 ἔχουσιν
1394 1665 1451 1716 ἐν
1489 1664 1699 1727 ἑαυτοῖς
1731 1664 1880 1718 ἔνδον

281 1737 346 1791 ὲν
388 1743 456 1811 τῇ
494 1740 640 1814 ψυχῇ
688 1744 778 1799 τὸν
812 1749 870 1800 ὲν
899 1751 1125 1822 κρυπτῷ
1160 1753 1409 1806 Ἰουδαῖον
1445 1754 1539 1807 καὶ
1576 1754 1674 1825 τὴν
1700 1753 1876 1824 ἀληθῆ

2053 1118 2140 1171 ll.
2172 1117 2358 1172 Viden’
2377 1116 2647 1184 quomodo
2666 1115 2777 1185 jam
2803 1131 2866 1167 es
2891 1129 2956 1170 eo
2979 1122 3218 1183 tempore
3247 1112 3496 1169 Christus
3520 1131 3550 1168 a

1979 1204 2180 1262 Iudaeis
2202 1208 2573 1266 set-edebat.et
2596 1205 2808 1259 illorum
2836 1214 3112 1258 cruentam
3139 1206 3367 1260 indolem
3397 1222 3554 1259 aver-

1982 1298 2227 1360 sabatur.
2257 1296 2587 1367 adiungebat
2619 1307 2795 1351 autem
2831 1296 2933 1350 sibi
2964 1296 3275 1364 discipulos,
3304 1312 3425 1351 cum
3461 1298 3551 1351 iis-

1980 1405 2088 1459 que
2119 1389 2480 1444 desideratam
2512 1389 2878 1442 celebritatem
2922 1388 3159 1458 agebat?
3187 1388 3327 1458 Ergo
3365 1399 3418 1442 et
3453 1404 3551 1443 nos

1982 1482 2266 1538 comedere
2313 1499 2434 1535 cum
2472 1478 2693 1563 phristo
2745 1480 2948 1535 Pascha
2985 1481 3262 1545 debemus,
3317 1490 3550 1535 mentem

1980 1586 2223 1630 nostram
2272 1574 2416 1629 omni
2452 1572 2674 1628 malitias
2719 1572 2984 1627 fermento
3011 1582 3393 1641 expurgantes,
3427 1585 3553 1641 azy-

1982 1667 2084 1731 mis
2112 1676 2288 1720 autem
2326 1666 2568 1719 veritatis
2592 1680 2657 1719 ac
2700 1663 3063 1733 simplicitatis
3096 1679 3192 1717 nos
3220 1670 3549 1724 saturantes,

1980 1755 2350 1824 habentesque
2383 1754 2435 1809 in
2472 1756 2651 1809 arnima
2700 1769 2845 1821 eum,
2874 1754 2961 1823 qui
3011 1752 3063 1806 in
3111 1750 3430 1805 abscondito
3469 1759 3552 1804 est

282 1834 618 1907 περιτομὴν,
644 1838 851 1892 καὶτοῦ
868 1842 1117 1907 τυθέντος
1147 1845 1286 1917 ὑπὲρ
1316 1845 1471 1917 ημῶν
1499 1846 1773 1918 προϐάτου
1801 1847 1878 1918 τῷ

1978 1845 2274 1908 Iudaeus".
2316 1860 2608 1914 veramque
2650 1843 3141 1905 circumcisionem,
3186 1850 3241 1895 et
3289 1838 3547 1894 immolati

280 1921 490 1990 αἵματι
509 1925 609 1987 τὰς
632 1926 731 1997 τῆς
758 1926 991 1993 διανοίας
1023 1933 1177 2004 ἡμῶν
1206 1934 1364 2003 φλιάς
1397 1936 1765 2007 περιχρίουσιν
1796 1938 1877 2000 είς

278 2010 613 2085 ἀποτροπὴν
644 2016 737 2069 τοῦ
772 2020 893 2075 καθ’
925 2021 1073 2092 ἡμᾶς
1099 2022 1438 2096 ὀλοθρευτοῦ.
1479 2028 1588 2080 Καὶ
1618 2027 1774 2081 τοῦτο
1811 2029 1873 2081 οὐ

288 2103 437 2173 πρὸς
480 2106 611 2176 μίαν
646 2111 894 2181 περίοδον
935 2113 1030 2168 τοῦ
1066 2117 1263 2181 παντὸς
1304 2118 1478 2183 ἔτους,
1513 2112 1649 2174 ἀλλά
1681 2121 1775 2174 καὶ
1824 2120 1874 2174 δι

276 2193 586 2263 ἑϐδομάδος
598 2199 837 2273 ἀπάσης.
858 2204 1187 2278 Παρασκευὴ
1209 2208 1306 2279 μὲν
1323 2211 1455 2280 ἡμῖν
1474 2211 1613 2265 ἔστω
1628 2212 1869 2282 νηστεία,

278 2284 522 2351 πένθους
554 2288 843 2360 σύμῦολον,
881 2295 989 2347 τῶν
1028 2298 1309 2370 προτέρων
1329 2302 1460 2371 ἡμῖν
1500 2302 1661 2374 χάριν
1692 2305 1873 2375 ἁμαρ-

273 2394 345 2451 τη
356 2380 572 2449 μάτων.
609 2385 703 2437 καὶ
750 2388 972 2459 μνήμης
1001 2390 1163 2445 ἕνεκα
1195 2393 1288 2445 τοῦ
1308 2395 1516 2467 σωτηρί
1544 2398 1837 2461 ουπάθους.

350 2473 445 2528 ιϐ’.
494 2475 785 2544 Ἰουδαίους
829 2498 893 2550 γε
931 2483 1030 2553 μὲν
1078 2485 1137 2549 ἐξ
1172 2486 1349 2557 ἀρχῆς
1381 2488 1729 2559 ἀπεσφάλθαι
1771 2491 1871 2561 τῆς

272 2566 551 2637 ἀληθείας
586 2573 748 2641 φημὶ,
774 2573 831 2639 ἐξ
864 2592 1035 2647 ουπερ
1058 2578 1196 2649 αὐτῇ
1235 2582 1300 2651 τῇ
1328 2580 1552 2653 ἀληθείᾳ
1583 2582 1870 2635 ἐπιϐεϐου-

271 2658 529 2724 λεύκασι,
560 2662 650 2716 τὸν
676 2666 847 2734 Λόγον
873 2668 972 2737 τῆς
994 2668 1136 2739 ζωῆς
1153 2672 1432 2737 εξὲαυτῶν
1456 2674 1866 2739 ἀπελαύνοντες.

273 2752 391 2805 Καὶ
412 2752 574 2808 τοῦτο
603 2756 789 2825 σαφῶς
818 2759 851 2828 ή
884 2759 990 2813 τῶν
1021 2760 1181 2846 ἱερῶν
1203 2763 1549 2832 Εὐαγγελίων
1573 2766 1871 2838 παρίστησι

281 2846 492 2917 τραφή.
531 2847 621 2918 Τῷ
655 2850 752 2918 μὲν
789 2850 896 2922 γάρ
932 2852 1122 2924 Κυρίῳ
1166 2854 1534 2928 ἐπιμαρτυρεί
1572 2858 1634 2909 τὸ
1676 2858 1870 2927 Πάσχα

270 2934 619 3009 βεϐρωκέναι
649 2944 712 3011 τῇ
743 2942 933 3016 πρώτῃ
959 2944 1067 2997 τῶν
1096 2946 1348 3018 ἀζύμων·
1377 2949 1519 3019 μηδ’,
1551 2949 1627 3012 ὥς
1653 2967 1816 3019 φησιν
1841 2952 1870 3003 ὁ

270 3030 516 3095 Λουκᾶς,
554 3033 612 3084 ἐν
710 3033 814 3086 ἔδει
846 3033 1067 3091 θύεσθαι
1101 3039 1160 3093 τὺ
1196 3041 1387 3110 Πάσχα
1415 3041 1597 3112 ἡμέρα
1645 3042 1706 3094 τὸ
1748 3041 1871 3094 σύν-

268 3121 410 3192 ηθες
445 3124 629 3187 αὐτοῖς
666 3124 977 3198 βεδρώκασι
1021 3131 1232 3202 Πάσχα,
1268 3133 1483 3204 ἀλλάτῇ
1519 3134 1633 3205 μετ’
1655 3135 1870 3206 ἐκείνην

1978 1952 2077 2007 pro
2101 1938 2255 1993 nobis
2292 1938 2414 2007 agni
2445 1938 2703 2006 sanguine
2735 1937 2930 1990 mentis
2954 1942 3150 1988 nostra:
3189 1942 3367 2002 postes
3394 1932 3549 1983 inun-

1976 2036 2182 2099 gentes,
2211 2027 2280 2083 ob
2301 2029 2777 2082 exterminatorem
2825 2024 3542 2099 nostrumpropulsandum.

1976 2120 2160 2191 Neque
2192 2122 2292 2174 hoc
2333 2121 2384 2175 in
2425 2137 2527 2175 una
2562 2121 2783 2191 periodo
2822 2118 3242 2187 uniuscujusque
3270 2115 3419 2179 anni,
3450 2116 3544 2168 sed

1950 2212 1953 2213 ⁷
1979 2222 2088 2267 tota
2113 2214 2274 2267 etiam
2308 2213 2667 2267 hebdomada.
2696 2211 3026 2281 Prreparatio
3054 2219 3231 2262 tamen
3276 2206 3431 2261 nobis
3477 2204 3547 2259 sit

1969 2303 2253 2373 jejunium.
2300 2303 2478 2357 luctus
2510 2301 2832 2373 symbolum,
2863 2309 3081 2370 prepter
3108 2299 3287 2367 priora
3330 2304 3545 2365 peccata

1976 2404 2178 2455 nostra,
2217 2403 2271 2446 et
2306 2394 2374 2446 ob
2395 2393 2650 2463 patientis
2681 2390 2990 2445 Servatoris
3031 2387 3369 2443 memoriam.

2044 2487 2132 2541 12.
2173 2485 2387 2541 Judieos
2433 2495 2579 2541 certe
2603 2485 2714 2554 jam
2761 2485 2889 2539 olim
2925 2500 2954 2537 a
2992 2484 3220 2537 veritate
3264 2481 3548 2535 aberrasse

1972 2579 2082 2642 aio,
2112 2593 2178 2632 ex
2216 2593 2323 2647 quo
2350 2577 2634 2632 veritatem
2666 2578 2835 2645 ipsam
2865 2576 3134 2646 persecuti
3167 2584 3312 2634 sunt,
3343 2580 3396 2625 et
3416 2570 3548 2626 Ver-

1972 2670 2097 2725 bum
2137 2670 2259 2724 vitze
2284 2686 2312 2723 a
2339 2682 2396 2724 se
2422 2674 2764 2737 expulerunt.
2792 2669 2967 2737 Atque
3005 2669 3107 2722 hoc
3151 2665 3433 2720 manifeste
3462 2663 3548 2718 af-

1973 2762 2155 2816 ﬁrmat
2203 2762 2479 2831 Scriptura
2515 2760 2851 2829 evangelica.
2880 2758 3014 2813 Nam
3060 2758 3341 2813 Dominum
3374 2757 3544 2823 prima

1972 2853 2058 2907 die
2086 2854 2417 2921 Azymorum
2447 2850 2750 2904 comedisse
2778 2849 2986 2903 Pascha
3010 2857 3257 2905 testatur.
3286 2847 3389 2913 Ipsi
3419 2859 3547 2899 vero

1973 2959 2077 2999 non
2105 2960 2209 3013 qua
2241 2942 2329 2996 die
2356 2942 2657 3011 oportebat,
2690 2951 2747 2995 ut
2774 2942 2849 2995 ait
2875 2940 3075 3003 Lucas,
3109 2948 3422 2993 consuetum
3442 2936 3546 2989 Pa-

1971 3039 2098 3092 scha
2132 3036 2507 3098 comederunt,
2551 3034 2644 3089 sed
2694 3035 2783 3088 die
2826 3033 3085 3094 crastina,
3116 3045 3237 3101 quae
3263 3038 3380 3083 erat
3408 3030 3550 3099 Azy—

1974 3142 2185 3185 morum
2225 3118 2484 3190 secunda,
2512 3125 2657 3180 luna:
2682 3140 2815 3180 vero
2853 3125 3041 3190 quinta
3084 3120 3406 3186 decima;in
3440 3136 3544 3189 qua

267 3213 427 3285 ἑξῆς,
455 3214 576 3284 ἥτις
611 3211 678 3286 ἦν
708 3217 813 3273 τῶν
844 3219 944 3290 μὲν
988 3222 1236 3293 Ἀζύμων
1269 3225 1519 3297 δευτέρα,
1553 3226 1783 3299 σελήνης
1803 3227 1859 3282 δὲ
1888 3238 1889 3245 ‘

1974 3222 2087 3276 lum
2115 3221 2180 3276 de
2220 3221 2507 3275 Servatore
2527 3227 2708 3273 nostro
2727 3216 2988 3287 judicium
3014 3224 3294 3270 exerceret
3318 3213 3543 3278 Pilatus,

268 3309 764 3381 πεντεκαιδεκάτη,
801 3313 860 3365 ὲν
958 3314 1051 3368 τοῦ
1097 3316 1351 3389 Σωτῆρος
1397 3318 1555 3389 ἡμῶν
1596 3322 1856 3392 κρινομέδ

266 3415 368 3450 νου
412 3398 520 3452 ὑπὸ
557 3401 827 3467 Πιλάτου,
864 3404 963 3458 οὑκ
1006 3407 1254 3477 είσῆλθον
1293 3410 1373 3473 είς
1408 3409 1468 3462 τὸ
1501 3410 1857 3484 πραιτώριον.

267 3490 391 3545 Οὐκ
425 3493 537 3563 ἄρα
562 3495 628 3564 τῇ
676 3501 870 3569 πρώτῃ
912 3496 1020 3551 τῶν
1046 3498 1294 3570 ἀζύμων,
1328 3504 1384 3555 ὲν
1479 3500 1585 3555 ἔδει
1610 3501 1859 3569 θύεσθαι,

268 3581 624 3654 βεόρὼκασιν
646 3587 778 3640 αὐτὸ
811 3587 954 3641 κατά
972 3590 1064 3644 τὸν
1098 3592 1288 3663 νόμονο
1315 3589 1351 3665 ἦ
1378 3593 1487 3666 γάρ
1507 3594 1573 3648 ἂν
1604 3595 1741 3667 μετά
1764 3596 1859 3649 τοῦ

264 3676 530 3747 ωτῆρος
575 3679 669 3731 καὶ
698 3680 852 3733 αὐτοὶ⁸
891 3682 952 3735 τὸ
990 3684 1182 3755 Πάσχα
1218 3687 1621 3758 πεποιήκεσαν·
1658 3689 1772 3742 ἀλλ’
1803 3689 1862 3754 ἐξ

266 3767 488 3821 ἐκείνου
519 3768 636 3840 ἃμα
669 3772 734 3842 τῇ
770 3772 863 3825 τοῦ
900 3775 1152 3846 Σωτῆρος
1192 3777 1347 3848 ἡμῶν
1397 3778 1677 3851 ἐπιϐουλῇ,
1724 3781 1862 3852 πρὸς

264 3859 374 3928 τῆς
408 3860 591 3914 αὐτῶν
614 3862 986 3931 τυφλωθέντες
1012 3867 1231 3930 κακίας,
1261 3870 1353 3921 καὶ
1382 3870 1562 3940 πάσης
1598 3870 1858 3941 ἀληθείας

262 3951 610 4023 ἐσφάλησαν.
648 3954 838 4026 Ἡμεῖς
859 3956 914 4010 δὲ
944 3956 1014 4011 τά
1046 3959 1187 4013 αύτά
1222 3962 1498 4033 μυστήρια
1526 3962 1593 4014 δι’
1622 3962 1741 4015 ὅλου
1759 3962 1854 4015 τοῦ

261 4043 429 4107 ἔτους
457 4046 685 4117 ἄγομεν,
719 4049 779 4100 ὲν
811 4051 973 4104 παντὶ
1015 4051 1115 4121 μὲν
1144 4052 1512 4123 προσαόὅάτῳ
1544 4053 1638 4107 τοῦ
1676 4071 1855 4125 σωτη-

264 4135 390 4205 ρίου
416 4137 625 4202 πάθους
646 4139 746 4211 τὴν
778 4141 1083 4213 ἀνάμνησιν
1116 4145 1426 4214 ποιούμενοι
1454 4145 1540 4198 διὰ
1575 4146 1848 4217 νηστείας,

260 4226 333 4295 ὴν
354 4226 837 4299 (ὄίὶὲνήστευσαν,
854 4232 1112 4304 ἀρθέντος
1139 4235 1424 4288 ἀπἀὐτῶν
1438 4236 1531 4289 τοῦ
1561 4238 1812 4308 Νυμφίου
1829 4276 1844 4300 ,

1966 3331 2075 3370 non
2107 3325 2235 3368 sunt
2267 3311 2494 3374 ingressi
2526 3313 2859 3380 prmtorium.
2912 3309 3028 3363 Non
3077 3323 3210 3378 ergo
3232 3308 3403 3378 prima
3434 3306 3543 3367 die,

1966 3407 2019 3461 in
2044 3420 2147 3473 qua
2182 3403 2361 3459 fuerat
2409 3402 2817 3466 immolandum,
2844 3402 3220 3464 comederunt,
3260 3407 3419 3468 prout
3463 3400 3546 3451 les

1965 3479 2198 3561 volEbat,
2223 3494 2430 3548 Pascha
2453 3510 2468 3558 ;
2499 3493 2578 3548 sic
2599 3493 2744 3547 enim
2773 3507 2895 3546 cum
2920 3491 3208 3547 Servatore
3233 3501 3287 3544 et
3320 3490 3418 3558 ipsi
3446 3487 3548 3541 Pa"-

1966 3587 2099 3641 scha
2130 3585 2535 3649 comedissent;
2560 3584 2653 3639 sed
2673 3581 2783 3652 jam
2820 3592 2931 3635 tum
2962 3582 3238 3637 struendis
3264 3577 3543 3634 Servatori

1968 3678 2180 3734 insidiis
2205 3679 2475 3746 occupati,
2509 3694 2537 3731 a
2575 3692 2672 3731 sua
2718 3674 2917 3729 malitia
2959 3673 3237 3737 excaecati,
3268 3670 3414 3726 omni
3456 3683 3547 3720 ve-

1968 3771 2129 3825 ritate
2158 3760 2496 3824 exciderunt.
2526 3770 2631 3823 Nos
2657 3783 2785 3822 vero
2804 3766 2994 3821 eadem
3029 3763 3279 3835 mysteria
3310 3772 3420 3815 toto
3449 3775 3544 3813 an-

1966 3876 2034 3915 no
2060 3861 2293 3929 agimus,
2334 3860 2481 3915 omni
2519 3860 2859 3929 praecedente
2905 3857 3198 3911 Sabbatum
3231 3853 3319 3907 die
3350 3851 3547 3905 Serva-

1967 3956 2097 4010 toris
2126 3959 2433 4025 passionem
2465 3962 2962 4009 commemorantes
2997 3966 3118 4004 cum
3148 3948 3373 4017 jejunio,
3402 3949 3545 4015 quod

1964 4048 2195 4115 primum
2227 4058 2352 4100 tunc
2377 4046 2603 4114 apostoli
2644 4045 2824 4099 ablato
2849 4044 2916 4097 ab
2954 4041 3086 4110 ipsis
3112 4040 3322 4109 Sponso
3355 4041 3545 4091 obser-

1960 4148 2174 4193 varunt.
2215 4139 2370 4194 Omni
2410 4139 2497 4192 die
2538 4137 2811 4193 Dominica
2848 4152 2946 4205 per
2984 4153 3182 4206 corpus
3224 4142 3376 4187 sanct
3406 4133 3538 4185 lica-

1958 4244 2068 4288 tum
2106 4233 2275 4302 ipsius
2308 4233 2567 4287 salutaris
2604 4230 2885 4285 Paschatis
2926 4230 3295 4293 viviﬁcamur,
3325 4236 3381 4279 et
3411 4240 3533 4294 pre-

259 4316 391 4369 τότε
419 4319 635 4389 πρῶτον
679 4322 730 4374 οἱ
758 4323 1073 4379 ἀπόστολον
1104 4325 1191 4379 διὰ
1236 4328 1417 4397 πάσης
1466 4328 1521 4381 δὲ
1562 4329 1850 4400 Κυριακῆς
1884 4323 1889 4373 l

1979 4328 2094 4381 ioso
2122 4327 2382 4395 sanguine
2408 4325 2576 4395 ipsius
2604 4326 2657 4379 in
2698 4323 2878 4377 anima
2910 4323 3278 4390 obsignamur.

261 4409 483 4482 ἡμέρας
518 4414 599 4485 τῷ
645 4416 962 4488 ἡγιασμένῳ
1031 4420 1242 4492 σώματι
1279 4421 1374 4474 τοῦ
1418 4423 1582 4477 αὑτοῦ
1629 4425 1895 4497 σωτηρίου
1936 4426 2127 4493 Πάσχα
2169 4420 2612 4493 ζωοποιούμενοι,
2656 4419 2752 4474 καὶ
2800 4418 2879 4490 τῷ
2921 4418 3089 4490 τιμίῳ
3131 4417 3323 4488 αἵματι
3370 4414 3538 4470 αὐτοῦ

261 4502 365 4566 τάς
388 4504 568 4574 ψυχάς
593 4514 1183 4585 κατασφραγιζόμενοι.

337 4624 386 4655 ⁶⁹
416 4624 575 4678 Rom.
609 4642 669 4687 It.
699 4625 792 4681 29.

336 4718 830 4791 (5|)_Dici_tsext:e
865 4718 1014 4774 feriae
1044 4729 1362 4791 perpetuum
1412 4720 1466 4773 in
1517 4721 1701 4777 Grzcca
1760 4721 1866 4776 Ec-

260 4788 431 4844 clesia
462 4788 752 4858 jejunium,
778 4792 923 4858 quod
955 4788 1213 4845 tamenin
1242 4790 1541 4845 Occidente
1574 4794 1753 4846 varias
1784 4794 1863 4847 vi-

1973 4737 2065 4776 ces
2088 4735 2305 4845 ρειεεῗῐὲι
2329 4729 2433 4776 est.
2454 4718 2592 4775 Vide
2611 4718 3029 4776 Thomassinum
3053 4720 3127 4775 De
3148 4721 3373 4792 jejuniis
3386 4723 3530 4785 part.

1973 4808 2032 4845 II.
2067 4809 2187 4845 (‘30.
2295 4830 2310 4845 .

1971 4808 2032 4859 ιι,
2067 4809 2187 4861 cap.
2220 4808 2310 4845 ID.

1104 5034 1492 5097 LECTUBIS
1531 5035 1758 5099 JOAN.
1807 5037 2048 5098 HENR.
2096 5036 2369 5097 NOLTE
2412 5036 2472 5100 S.
2520 5039 2588 5099 P.
2640 5037 2715 5097 D.

346 5153 536 5229 Libros
567 5155 635 5229 ab
662 5156 892 5212 Eusebio
922 5169 1104 5212 contra
1128 5158 1447 5215 Marcellum
1472 5163 1802 5225 conscriptos
1827 5161 1895 5212 ad
1927 5159 2085 5227 ﬁdem
2108 5171 2360 5229 quqttuor
2404 5163 2669 5225 codicum,
2702 5139 2956 5229 quoiggo
3006 5168 3097 5211 aut
3127 5156 3287 5211 amici
3298 5154 3542 5229 contuli-

265 5242 386 5280 mus
427 5225 497 5298 de
525 5227 820 5294 quibusque
847 5229 973 5281 olim
1002 5229 1241 5296 pluribus
1272 5230 1401 5283 alibi
1427 5217 1801 5296 explicandum
1832 5217 1962 5282 milii
1992 5217 2130 5292 erit;
2168 5217 2424 5298 recensui.
2462 5217 2669 5294 Unica,
2705 5217 2822 5298 ltum
2844 5217 3113 5297 “litusque
3141 5225 3379 5281 επεῑηθαι
3427 5225 3542 5298 9‘“-

266 5299 435 5376 tionis
461 5286 780 5376 Parisiensis
801 5286 1066 5376 -le¢:_tion'_es
1102 5301 1371 5376 brevitatis
1400 5286 1584 5376 studio
1615 5302 1800 5376 ductus
1830 5316 1950 5376 uoce
1986 5319 2004 5350 ι
2040 5286 2278 5376 vulgo};
2314 5302 2593 5376 lectiones_
2620 5286 2673 5354 in
2700 5286 2941 5376 margine
2975 5286 3209 5376 eiusdem
3240 5295 3538 5376 propositas

266 5364 464 5441 litteris
489 5364 620 5441 Μῃ..
651 5368 848 5441 qutein
875 5368 1225 5441 corrigendis
1252 5372 1321 5422 ad
1363 5372 1594 5424 eiusdem
1615 5371 1808 5441 calcem
1838 5372 2111 5441 leguntur,
2136 5364 2194 5423 in
2226 5386 2372 5424 corr.
2400 5371 2642 5441 iusignivi
2666 5388 2682 5433 ;
2723 5364 2847 5441 cod.
2888 5368 3360 5441 siqniﬁcatunum,
3379 5366 3536 5441 codd.

264 5438 447 5502 plures
469 5434 671 5489 codices
691 5438 893 5508 afferre
917 5439 972 5490 id
1001 5434 1140 5505 quod
1196 5442 1484 5507 ascriptum
1526 5450 1622 5494 est.
1681 5434 2001 5492 Mautacutii
2036 5450 2188 5493 notas
2218 5442 2451 5508 integras
2483 5434 2531 5494 et
2557 5442 2730 5494 littera
2755 5438 2824 5492 Μ.
2856 5456 2886 5491 a
2924 5439 3051 5494 meis
3104 5436 3543 5508 distinctaseius-

265 5508 487 5574 demque
527 5507 930 5579 translationem
972 5509 1306 5579 immutatam
1341 5506 1669 5579 repetendam
1692 5511 1891 5563 curavi.
1924 5509 2123 5562 Littera
2155 5511 2218 5562 R.
2263 5506 2528 5578 signi/ica!
2586 5509 2965 5573 Rettbergium,
3014 5510 3105 5575 qui
3161 5506 3402 5579 Marcelli
3429 5506 3543 5579 fra-

266 5586 477 5655 gmenta
511 5574 731 5655 collecta
760 5588 807 5630 et
829 5579 1083 5655 disposita
1119 5574 1414 5655 goettingte
1435 5581 1586 5655 1794
1633 5581 1795 5655 edidit
1817 5588 1917 5655 ;_ut
1954 5596 2252 5641 numerum,
2480 5580 2700 5655 singulis
2735 5574 3051 5655 fragmentis
3076 5579 3223 5655 dedit
3271 5577 3336 5655 Β,
3366 5579 3421 5630 in
3444 5578 3542 5655 [iac

268 5646 501 5698 editione
532 5646 600 5698 iis
630 5644 983 5710 deponeretur
1033 5644 1344 5717 faciundum
1374 5652 1501 5703 mihi
1523 5652 1721 5715 putavi.
1745 5648 1883 5712 Quin
1908 5664 2145 5701 errorum
2175 5668 2205 5701 a
2234 5644 2314 5703 me
2338 5648 2474 5716 forte
2503 5644 2903 5702 commissorum
2940 5650 3139 5701 veniam
3191 5648 3349 5716 facile
3379 5664 3411 5699 α
3436 5644 3543 5699 lec-

271 5726 406 5796 tore.
442 5716 533 5782 qui
594 5716 736 5769 intra
784 5733 981 5796 paucos
1023 5716 1134 5771 dies
1159 5729 1325 5773 totum
1364 5722 1681 5773 recensionis
1714 5720 2637 5796 ει.αιηὶηηιαίὶοηῆιιιη,δεζίῡξηάανιιυι
2675 5719 2943 5796 negotium
2968 5735 3111 5796 ante
3155 5717 3540 5788 conﬁciendum

270 5786 439 5854 fuisse
468 5800 649 5842 secum
690 5791 1028 5855 reputarerit,
1075 5792 1448 5858 impetraturus
1476 5794 1595 5855 sim,
1617 5807 1720 5845 nou
1749 5788 1950 5843 dubito.
1988 5786 2167 5847 Paris.
2200 5788 2328 5844 Kal.
2360 5788 2628 5848 Decembr.
2664 5790 2711 5845 Μ
2727 5786 2950 5844 υσοοι
2968 5786 3095 5844 γη.
