4008 6552
324 375 460 428 713
1477 369 1753 426 CONTRA
1785 368 2214 424 MARCELLUM
2253 369 2380 426 LIB.
2423 368 2465 425 1.
3495 373 3600 432 714

325 491 537 560 μένοις
557 507 570 520 ·
602 491 920 546 καὶτούτων
950 491 1195 555 ἐκείνοις,
1243 483 1316 544 ὧν
1341 489 1574 561 μάλιστα
1611 489 1677 542 δι’
1722 489 1913 561 ἀρετὴι

2028 491 2126 546 bus
2157 490 2318 544 fetam
2363 489 2666 554 venenatis,
2706 503 2906 558 susque
2941 490 3114 558 deque
3171 490 3381 558 habuit,
3427 508 3491 548 ac
3546 497 3596 548 in

325 579 688 645 θεοσεϐείας,
714 581 887 650 λόγων
919 599 977 636 τε
1008 580 1166 636 θείων
1193 581 1500 651 ἀσκήσεως,
1530 581 1562 649 ἡ
1609 581 1762 650 φήμη
1801 579 1913 631 καθ⁴

2028 582 2123 636 Dei
2159 581 2496 643 sacerdotes,
2539 582 2742 634 frustra
2783 581 2998 650 quidem
3043 593 3097 636 et
3127 583 3424 652 incassum,
3460 582 3596 639 iram

320 671 497 743 ὅλης,
523 672 602 735 ὡς
633 674 827 734 εἰπεῖν,
857 672 1037 744 ᾄδεται
1085 672 1184 743 τῆς
1229 671 1567 744 οἰκουμένης.
1599 670 1814 724 Τούτων
1867 670 1913 722 δὲ

2027 680 2205 728 tamen
2247 670 2434 726 eﬂ'udit
2477 671 2841 726 ebullientem.
2885 670 3067 741 Neque
3114 672 3275 733 illos,
3331 675 3397 727 de
3443 672 3600 742 plebe

322 762 530 815 αὐτῶν
575 763 674 832 οὐχ
725 761 870 828 ἅπαξ
912 763 1153 833 ἐμνήσθη
1205 762 1407 825 κακῶς,
1446 760 1702 823 πολλάκις
1740 760 1796 812 δὲ
1831 760 1913 812 κα)

2028 766 2212 820 nescio
2244 779 2401 833 quos,
2455 763 2548 818 sed
2600 765 2743 831 ipsos
2791 763 2911 818 illos
2941 764 3030 834 qui
3070 780 3163 834 per
3213 765 3305 819 Dei
3342 765 3594 834 gratiam,

321 850 643 923 διαφόρως,
671 853 770 915 τὰς
797 855 916 906 κατ’
958 854 1133 908 αὐτῶν
1159 853 1406 916 διαϐολάς
1444 869 1503 904 τε
1532 853 1624 904 καὶ
1658 869 1913 920 συκοφαν-

2028 859 2205 911 divina
2248 859 2422 925 plane,
2455 858 2558 910 hoc
2605 865 2706 919 est,
2779 856 2989 909 vivendi
3051 857 3420 925 philosophica
3464 873 3598 924 qua-

322 941 470 1004 τίεις
487 941 721 1010 ἀφειδῶς
751 943 1134 1013 πεποιημένος.
1166 945 1301 1016 Ἤδη
1333 943 1389 996 δὲ
1419 943 1513 998 καὶ
1545 945 1701 1014 ἀραῖς
1730 943 1913 1014 κέχρη-

2028 949 2152 1003 dam
2193 949 2427 1011 ratione,
2475 947 2708 1002 nominis
2741 947 3113 1002 celebritatem
3163 948 3264 1002 sibi
3311 963 3597 1017 compara-

321 1050 436 1086 ται
479 1036 599 1086 κατ’
626 1035 824 1097 αὐτῶν,
855 1030 942 1089 οἷα
965 1036 1236 1103 γυναικῶν
1253 1039 1309 1091 ἐν
1329 1037 1496 1107 μάχῃ,
1523 1036 1913 1108 λοιδορούμενος

2027 1049 2237 1094 verant.
2277 1038 2390 1094 Nec
2426 1039 2581 1094 vivos
2621 1039 2995 1091 tantummodo
3039 1047 3094 1093 et
3140 1041 3384 1095 videntes
3425 1041 3596 1108 impe-

323 1127 444 1178 καὶ
504 1125 858 1196 ἐπαρώμενος
901 1127 1012 1200 (15)
1063 1130 1176 1192 τοῖς
1223 1127 1386 1199 μηδὲν
1425 1128 1584 1182 αὐτὸν
1621 1129 1913 1199 ἠδικηκόσι.

2029 1131 2167 1196 livit,
2201 1129 2295 1184 sed
2326 1130 2436 1200 jam
2473 1131 2669 1184 dudum
2717 1141 2772 1183 et
2822 1129 2874 1183 in
2915 1128 3144 1184 Christo
3189 1131 3597 1186 obdormiscen-

325 1215 460 1279 Διὸ,
482 1217 577 1269 καὶ
593 1217 732 1285 πέρα
747 1216 841 1268 τοῦ
857 1216 1083 1281 δέοντος,
1103 1219 1180 1280 είς
1199 1217 1564 1288 μακρόναύτῷ
1580 1218 1673 1272 καὶ
1694 1217 1913 1288 ἀμετροι

2027 1231 2108 1277 tes
2141 1235 2375 1290 :eosque
2403 1235 2511 1288 prm
2546 1220 2777 1282 caeteris,
2819 1234 2956 1290 quos
3002 1221 3142 1274 inter
3175 1229 3398 1276 caeteras
3428 1224 3594 1277 virtu.

327 1309 526 1378 μῆκος
543 1307 796 1371 ἐξέπεσεν
811 1310 842 1379 ἠ
861 1309 1186 1380 γραφή.(16)
1204 1310 1287 1373 Ὠς
1307 1309 1467 1379 μόνον
1484 1309 1630 1362 ἐπῶν
1643 1307 1806 1376 ἐγγύς
1823 1325 1913 1360 ποι

2029 1319 2108 1364 tes
2144 1312 2316 1380 pietas
2355 1311 2409 1363 in
2450 1312 2614 1364 Deum
2643 1309 3086 1373 commendabat,
3115 1320 3169 1364 et
3199 1325 3473 1365 sacrarum
3503 1313 3595 1366 lit-

331 1401 564 1470 μυρίων
585 1400 675 1452 τὸν
690 1401 948 1468 ἀνάλογον
962 1400 1378 1470 ἀπαρτισθῆναι.
1399 1399 1636 1461 Εἰκότως
1657 1394 1770 1462 οῦν,
1787 1397 1913 1451 κατὲ

2029 1410 2263 1457 terarum
2318 1404 2616 1458 exercitata
2670 1403 2922 1467 scientia,
2965 1419 3060 1471 per
3093 1413 3360 1457 terrarum
3406 1405 3593 1458 orbem

324 1489 456 1543 τῶν
490 1491 662 1559 ἁγίων
698 1491 793 1544 τοῦ
819 1491 954 1545 Θεοῦ
988 1491 1313 1563 λειτουργῶν
1349 1494 1654 1564 κακήγορον
1682 1492 1913 1560 γλῶτται

2027 1495 2362 1550 clarissimos
2406 1505 2727 1564 propagarat
2761 1496 2897 1550 :sed
2941 1511 3040 1550 nec
3080 1511 3184 1548 una
3240 1503 3444 1548 tantum
3475 1497 3596 1550 vice

325 1582 567 1647 ὁξύνας,
599 1584 693 1637 καὶ
725 1583 787 1637 τὸ
831 1583 1147 1649 ἀνευλαὸὲς,
1172 1586 1264 1638 καὶ
1303 1585 1502 1654 ἄφοϐον
1539 1586 1913 1657 προγυμνάσας

2027 1587 2320 1640 conviciari
2355 1597 2663 1651 contentus,
2698 1601 2840 1655 saepe
2865 1589 3152 1655 repositas,
3183 1582 3441 1655 varieque
3463 1601 3599 1641 con-

328 1677 403 1729 ὲν
432 1675 670 1739 τούτοις,
709 1675 936 1746 προῖὼν,
972 1676 1029 1742 ἐξ
1077 1671 1146 1747 ἦς
1203 1675 1528 1748 προύκοψεν,
1580 1678 1664 1728 ἐπ’
1705 1676 1834 1730 αύτὸ
1867 1676 1928 1730 τὸ

328 1767 774 1836 χορυφαιότατον
805 1767 898 1820 τοῦ
930 1766 1148 1830 παντὸς,
1176 1766 1266 1819 τὸν
1293 1767 1550 1837 μονογενῆ
1584 1767 1678 1820 καὶ
1711 1766 1928 1838 ἀγαπη-

2028 1674 2206 1741 (ictas,
2238 1676 2514 1744 improbus
2545 1675 2877 1746 sycophanta
2899 1715 2916 1741 ,
2946 1675 3248 1729 calumnias
3293 1677 3411 1729 sine
3439 1678 3598 1730 modo

2029 1769 2322 1836 congessit,
2355 1776 2411 1822 et
2473 1783 2724 1822 mensura
2761 1783 2774 1819 :
2813 1768 2907 1821 sed
2937 1776 2992 1820 et
3029 1766 3492 1821 exsecrationibus
3517 1767 3598 1820 in-

326 1858 437 1911 τὸν
472 1858 601 1910 Υίὸν
637 1857 732 1911 τοῦ
775 1857 930 1922 Θεοῦ,
965 1857 1238 1920 τοιαύταις
1281 1857 1458 1922 ἀθέοις
1509 1850 1616 1928 (17)
1642 1856 1913 1911 ύποὸαλὼκ

2027 1873 2190 1927 super
2227 1873 2342 1924 eos,
2371 1869 2431 1913 ut
2461 1858 2787 1914 muliercula:
2834 1859 2884 1912 in
2919 1857 3050 1933 rixis
3091 1867 3146 1912 ct
3170 1856 3368 1925 jurgiis
3397 1857 3596 1924 solent,

335 1943 744 2016 βλασφημίαις,
780 1948 898 2012 οἵας
951 1947 1145 2018 μικρὸν
1174 1946 1418 2017 ὕστερον,
1448 1947 1611 2000 αὑτοῦ
1648 1948 1922 2016 λέγοντος,

333 2037 462 2089 ἀλλ’
487 2039 588 2090 οὐκ
617 2038 773 2108 ἐμοῦ,
806 2038 1011 2109 βέλτιον
1053 2038 1290 2092 ἀκούειν.
1324 2040 1401 2109 Τῇ
1428 2039 1483 2091 δέ
1521 2055 1584 2108 γε
1626 2039 1924 2111 παραθέσει

329 2130 454 2182 τῶν
489 2130 654 2183 αὐτοῦ
689 2131 945 2202 ῥημάτων
973 2132 1334 2203 χρησάμενος,
1379 2132 1490 2202 (-18)
1541 2133 1704 2203 μέχρι
1735 2133 1922 2186 τούτου

336 2221 618 2292 στήσομαι
652 2221 789 2285 τέως
822 2223 957 2293 πρὸς
996 2223 1308 2276 ἐναντίωσιν
1348 2223 1440 2275 καὶ
1489 2223 1798 2296 ἀνατροπὴν
1823 2225 1922 2276 αύ-

333 2311 454 2365 τῶν
483 2329 498 2342 ·
537 2313 598 2366 οὐ
636 2316 881 2384 μακροὺς
907 2315 1126 2383 ἐπάγων
1155 2317 1362 2386 λόγους,
1395 2317 1472 2390 τῷ
1504 2319 1639 2390 μήτε
1680 2317 1805 2380 τοὺς
1833 2315 1925 2369 ἄν·

332 2403 479 2474 δρας
519 2405 643 2468 τοὺς
671 2405 760 2458 ὑπ’
787 2405 948 2458 αὐτοῦ
997 2387 1639 2480 βλασφημηθένταςῌξὶ)
1676 2408 1925 2477 ἀγνῶτάς

333 2510 498 2557 τινας
528 2490 666 2549 εἷναι
701 2497 794 2549 καὶ
818 2498 1062 2565 ἀφανεῖς,
1098 2499 1456 2570 γνωρίζεσθαι
1499 2500 1557 2554 δέ
1587 2501 1738 2571 παρὰ
1766 2501 1920 2563 πᾶσι,

335 2585 440 2637 καὶ
474 2585 812 2650 σιωπῶντας,
835 2588 970 2658 μήτε
996 2588 1094 2659 τὴν
1120 2589 1199 2652 εἰς
1227 2589 1318 2643 τὸν
1356 2589 1589 2661 Χριστὸν
1639 2589 1732 2644 τοῦ
1788 2590 1923 2644 Θεοῦ

337 2675 699 2746 βλασφημίαν
751 2676 860 2747 (9.0)
902 2679 1244 2748 ἀμφήριστόν
1292 2697 1410 2733 τινα
1436 2681 1532 2734 καὶ
1556 2681 1923 2754 ἀγνοουμένην

339 2767 638 2838 ὑπάρχειν,
675 2767 751 2831 ὡς
795 2768 994 2840 πολλῆς
1033 2788 1179 2836 τινος
1227 2772 1322 2826 καὶ
1375 2772 1741 2843 λογικωτέρας
1787 2773 1924 2844 πρὸς

336 2861 567 2931 ἔλεγχον
596 2861 850 2933 δεηθῆναι
869 2863 1125 2934 σπουδῆς·
1159 2864 1299 2917 οὕτω
1321 2864 1428 2935 (21)
1452 2864 1508 2918 δὲ
1535 2866 1666 2918 πᾶσι
1686 2866 1796 2930 τοῖς
1826 2867 1925 2937 τῆς

339 2951 811 3023 ἐκκλησιαστικῆς
856 2954 1077 3027 χάριτος
1126 2955 1488 3028 μετειληχόσι,
1525 2961 1738 3030 μικροῖς
1787 2958 1920 3028 ὁμοῦ

338 3046 442 3098 καὶ
471 3045 749 3115 μεγάλοις,
786 3048 899 3109 καὶ,
947 3047 1078 3100 αὐτὸ
1125 3048 1304 3118 μόνον,
1358 3049 1628 3120 λεχθεῖσα,
1659 3050 1923 3121 πρόδηλος

340 3137 688 3208 καθέστηκεν
712 3140 743 3210 ή
769 3138 861 3191 τοῦ
897 3138 1048 3205 ξένου
1074 3139 1262 3193 τούτου
1297 3140 1542 3210 θεολόγον
1569 3143 1916 3210 καινοφωνία.

340 3228 438 3280 Διὸ
472 3227 728 3300 βραχέσιν
751 3229 860 3299 (2‘).)
889 3231 1054 3295 αὐτὸς
1079 3230 1237 3302 μόνον
1271 3232 1754 3304 παρασημειώσεσι
1788 3235 1921 3306 χρή-

342 3335 531 3388 σομαι,
561 3318 734 3390 εἱρμῷ
759 3320 850 3372 καὶ
875 3321 1025 3387 τάξει
1055 3323 1441 3393 σωματοποιῶν
1468 3324 1557 3377 τὸν
1583 3323 1760 3392 λόγον,
1788 3325 1920 3378 ὑπο-

346 3410 751 3480 σημαινὸμενός
780 3428 838 3462 τε
863 3411 994 3463 αὐτὸ
1025 3413 1180 3483 μόνον
1206 3413 1266 3466 τὸ
1292 3413 1599 3485 παράλογον
1627 3415 1734 3468 τῶν
1753 3417 1921 3485 ἐμφε-

348 3501 612 3571 ρομένων.
643 3503 779 3572 Πρὶν
820 3503 864 3556 δ’
913 3503 1004 3556 ἐπὶ
1052 3503 1152 3568 τάς
1200 3505 1366 3559 αὐτοῦ
1417 3507 1663 3577 χωρῆσαι
1711 3507 1914 3578 φωνὰς,

342 3592 656 3659 ἀναγκαίως
675 3597 786 3657 τοῖς
808 3595 1192 3664 ἐντυγχάνουσι
1212 3596 1290 3666 τῷ
1314 3597 1406 3651 τοῦ
1429 3597 1617 3667 ἀνδρὸς
1637 3601 1918 3671 συγγράμ-

345 3699 477 3754 ματι
508 3685 965 3758 συμϐουλεύσαιμ’
989 3687 1075 3750 ἂν,
1114 3687 1181 3759 (εἰ
1216 3688 1272 3740 δὲ
1299 3689 1411 3758 (25)
1471 3689 1704 3758 μάλιστα
1744 3691 1782 3744 Γ
1785 3691 1916 3743 αλα-

339 3773 454 3826 τῶν
475 3769 585 3827 εἶέν
613 3779 798 3841 τινες,)
825 3777 898 3848 μὴ
915 3778 1247 3849 ἀμνημονεῖν
1269 3779 1366 3848 τῆς
1393 3779 1542 3842 θείας
1569 3781 1748 3851 φωνῆς
1776 3779 1922 3834 Παύ-

339 3863 437 3918 λου
472 3882 565 3929 τος
604 3867 924 3925 ἀποστόλου.
958 3870 1016 3932 ὃς
1055 3871 1235 3933 αὐτοῖς
1266 3869 1532 3933 Γαλάταις
1560 3871 1785 3941 γράφων
1819 3889 1923 3925 πα-

340 3948 496 4022 ρῄνει
558 3951 646 4021 μὴ
712 3956 1128 4023 μετατίθεσθαι
1199 3956 1316 4010 ἀπὸ
1381 3957 1486 4012 τοῦ
1551 3958 1923 4027 καλέσαντος

334 4042 565 4109 αὐτοὺς
594 4045 664 4098 ἐν
691 4045 884 4116 χάριτι
913 4047 1169 4116 Χριστοῦ
1199 4052 1284 4115 εὶς
1303 4049 1507 4118 ἕτερον
1530 4051 1919 4122 Edam-Alton

334 4340 438 4413 φία
462 4339 896 4413 Christianorum
928 4360 941 4396 :
973 4351 1034 4413 et
1057 4342 1200 4413 inter
1233 4359 1346 4408 eos,
1383 4353 1442 4397 ut
1463 4343 1699 4399 Isidorus
1745 4344 1899 4399 Pelu-

332 4411 482 4485 siota
519 4411 777 4485 loquitur,
809 4413 858 4464 οἱ
910 4411 1229 4485 μονᾴζοντες
1281 4417 1582 4485 κορυφαῖοι.
1638 4415 1900 4485 Describit

335 4483 612 4536 hominem
645 4482 946 4536 istiusmodi
994 4483 1255 4537 Nazianz.
1307 4482 1442 4538 orat.
1476 4500 1532 4536 Ill
1563 4485 1757 4538 Contra
1806 4484 1901 4538 Ju-

334 4550 564 4624 lianum,
602 4564 722 4621 pag.
748 4551 842 4624 '77,
890 4561 944 4624 et
995 4562 1139 4624 orat.
1191 4553 1283 4624 28,
1315 4569 1438 4624 pag.
1467 4555 1596 4624 4779.
1647 4556 1712 4607 ad
1753 4553 1906 4622 cujus

333 4621 602 4675 amussim
651 4622 948 4691 examinati
1003 4621 1162 4688 hujus
1218 4621 1441 4677 Eusebii
1492 4621 1902 4691 Pancratiastze,

334 4705 488 4744 mera
508 4689 878 4744 mendicabula
909 4691 1272 4748 invenientur.
1300 4693 1374 4746 M.
1453 4724 1457 4734 ι

411 4759 526 4900 (15}
555 4757 756 4827 Scripsi
787 4762 946 4830 ἐπαρ.
981 4764 1096 4816 loco
1122 4765 1264 4831 vulg.
1291 4763 1670 4834 ἐπαιρόμενος.

411 4829 500 4898 [16
565 4829 658 4894 Ὠς
683 4831 1076 4897 μόνονέπῶν.
1109 4832 1239 4886 Erat
1283 4834 1335 4887 in
1377 4837 1616 4900 margine
1654 4836 1670 4888 ε

407 4829 520 4904 (16)
549 4829 658 4904 ΔὩς
683 4829 1239 4904 μόνονέπῶν.Ει·ιιί
1283 4834 1335 4887 in
1377 4829 1616 4904 margine
1654 4833 1792 4888 ὄλονζ
1840 4833 1905 4888 Et

336 4898 562 4953 tolerari
608 4911 809 4973 potest,
839 4904 940 4973 sed
987 4903 1160 4969 potior
1188 4898 1710 4973 scriptura,'p.6vov,
1750 4914 1802 4956 ut
1832 4906 1904 4957 sit

333 4981 528 5023 sensus
561 4980 670 5041 :rrut
693 4971 907 5023 unicum
934 4972 1074 5024 istud
1107 4987 1268 5040 opus,
1299 4971 1440 5041 quod
1469 4971 1638 5027 solum
1663 4975 1901 5041 scripsit,

335 5047 416 5111 tot
439 5040 687 5111 versibus
715 5042 1047 5111 constiterit;
1087 5058 1210 5095 nam
1238 5040 1333 5111 pro
1360 5043 1645 5111 ἀνάλογον,
1679 5040 1902 5097 omnino

332 5107 642 5181 legendum,
675 5109 779 5163 loci
813 5113 1128 5176 mutatione,
1153 5107 1434 5181 ῖναλόγον.
1468 5107 1611 5167 Μζ-
1636 5113 1750 5168 Duo
1777 5115 1899 5167 vitia

242 5196 244 5199 ·
330 5179 570 5233 correxi.

404 5246 526 5324 ([7)⁸
546 5247 912 5324 ⁸Ὺπορξοιλών.
935 5249 1089 5324 Lego
1108 5251 1418 5305 ὑποϐάλλει.
1449 5250 1557 5324 Hoc
1587 5262 1668 5324 est
1697 5253 1899 5324 προῖὼν

331 5317 855 5394 ὑπὸδάλλειε-Ευτιε
879 5317 1042 5374 etiam
1077 5321 1176 5389 legi
1203 5323 1396 5389 poterit
1421 5317 1752 5394 προύκοψενζ
1797 5324 1900 5377 Le-

332 5390 562 5461 gendum
606 5389 757 5458 ἑξῆς,
780 5403 901 5461 _una
935 5405 1088 5461 voce,
1124 5403 1177 5446 et
1210 5407 1315 5446 una
1364 5389 1580 5461 partic.,
1615 5389 1898 5448 ὑποϐαλών

331 5459 596 5531 dependet
614 5475 651 5531 _a
685 5459 831 5513 verb.
849 5459 1190 5531 προύκοψεν.

402 5529 516 5597 (18)
537 5529 724 5597 Μέχρι
758 5529 931 5582 tam
969 5529 1288 5602 στήσομαι.
1321 5530 1568 5602 Quinque
1619 5533 1772 5588 libris
1817 5534 1898 5587 iu-

330 5599 580 5651 slitutum
611 5615 767 5652 suum
796 5610 977 5652 contra
1009 5599 1318 5654 Marcellum
1346 5599 1610 5657 Eusebius
1639 5604 1894 5658 absolvit.

332 5671 384 5742 In
413 5668 624 5742 duobus
665 5669 812 5742 hisce
839 5670 1128 5742 prioribus,
1151 5674 1217 5740 τῇ
1251 5672 1547 5742 παραθέσει
1573 5673 1680 5726 τῶν
1728 5674 1893 5726 αὐτοῦ

330 5737 594 5810 ῥημάτων
618 5738 899 5810 κέχρηται,
937 5738 1040 5793 hoc
1069 5750 1150 5794 est.
1179 5737 1477 5809 quod'vult.
1510 5742 1564 5796 ιιι
1597 5747 1766 5798 tribus
1811 5759 1897 5798 se-

330 5809 618 5874 quentibus
651 5847 668 5872 ,
714 5809 807 5878 qui
886 5810 1257 5863 inscribuntur
1316 5811 1390 5865 De
1431 5814 1687 5884 theologia
1734 5816 1895 5868 eccle-

647 5901 917 5962 PATROL.
965 5900 1080 5962 Gn.
1129 5901 1359 5964 XXIV.

2027 1949 2348 2014 insectatur,
2385 1950 2631 2004 homines
2656 1950 2801 2003 nulla
2847 1965 3084 2019 unquam
3125 1949 3316 2016 injuria
3366 1949 3466 2017 ipsi
3499 1964 3594 2004 co-

2027 2042 2229 2110 gnitos.
2261 2042 2438 2110 Atque
2481 2039 2608 2094 hinc
2646 2040 2887 2110 profecto
2927 2046 3128 2095 factum
3162 2049 3264 2107 est,
3296 2050 3356 2094 ut
3394 2041 3447 2093 in
3492 2040 3597 2094 im-

2026 2147 2269 2186 mensum
2311 2132 2445 2187 adeo
2479 2131 2624 2185 illius
2647 2133 2950 2187 excreverit
2991 2133 3188 2200 oratio,
3240 2149 3360 2187 cum
3389 2133 3454 2186 ad
3500 2134 3595 2186 dc-

2027 2223 2138 2276 cies
2181 2221 2326 2276 mille
2372 2236 2566 2276 versus
2611 2237 2744 2291 opus
2803 2221 2928 2275 illud
2981 2223 3200 2278 unicum
3253 2223 3592 2277 intumuerit.

2026 2310 2166 2378 Quid
2204 2311 2468 2364 miramur
2513 2321 2715 2377 autem,
2745 2313 2789 2365 si
2825 2327 2946 2366 cum
2999 2311 3236 2382 linguam
3275 2311 3410 2365 adeo
3442 2326 3594 2364 suam

2026 2401 2080 2456 in
2128 2412 2348 2456 sanctos
2402 2403 2492 2456 Dei
2545 2403 2854 2457 sacerdotes
2907 2402 3205 2467 exacuerit,
3263 2403 3596 2470 iinpiamquc

2027 2493 2308 2547 audaciam
2347 2508 2524 2557 suam,
2567 2493 2631 2548 ad
2667 2494 2810 2548 hunc
2857 2494 3094 2558 modum,
3153 2492 3306 2562 quasi
3345 2507 3598 2563 progym-

2026 2593 2296 2646 nasmate,
2327 2584 2658 2650 exercuerit,
2704 2587 2840 2637 adeo
2873 2598 3092 2652 gressus
3124 2582 3454 2652 prorn0verit
3491 2582 3597 2635 im-

2025 2673 2266 2742 pietatis,
2299 2683 2356 2728 ut
2409 2676 2627 2727 tandem
2688 2674 2831 2743 quod
2877 2685 3037 2741 caput
3092 2683 3177 2729 est
3223 2684 3388 2742 atque
3437 2687 3596 2741 apex,

2025 2765 2360 2833 unigenitum
2418 2775 2472 2820 et
2532 2766 2784 2821 dilectum
2844 2767 2935 2821 Dei
2996 2765 3233 2831 Filium,
3306 2764 3595 2819 illiusmodi

2025 2856 2385 2927 blasphemiis
2427 2857 2540 2912 suis
2592 2855 2906 2925 subiecerit,
2938 2873 3073 2928 quas
3103 2872 3224 2910 mox
3271 2857 3440 2926 ipsius
3467 2870 3594 2908 ver-

2025 2948 2132 3014 bis,
2189 2963 2293 3001 non
2346 2959 2524 3002 autem
2573 2948 2706 3001 meis
2735 2988 2750 3010 ,
2795 2947 2995 3002 relatas
3050 2947 3402 3001 audietiszid
3450 2946 3594 3000 enim

2029 3042 2198 3095 satius
2237 3055 2359 3095 esse
2386 3040 2588 3110 judico.
2618 3039 2746 3105 Quae
2777 3049 3063 3107 postquam
3096 3037 3213 3107 ipsa
3261 3037 3339 3091 sic
3386 3037 3454 3090 ab
3506 3034 3596 3090 illo

2027 3133 2239 3201 prolata
2290 3133 2378 3186 ubi
2417 3136 2622 3202 scripto
2669 3133 3082 3201 consignavero.
3118 3129 3347 3184 ulterius
3396 3129 3446 3182 in
3495 3129 3596 3182 hoc

2026 3225 2164 3278 libro
2216 3238 2320 3277 non
2379 3223 2714 3292 progrediar,
2762 3223 2827 3276 ad
2878 3222 2964 3276 illa
3011 3222 3299 3276 refellenda
3357 3221 3595 3274 refutan-

2026 3315 2161 3368 dave
2191 3333 2203 3367 :
2240 3315 2332 3369 sed
2365 3329 2465 3368 nec
2491 3330 2624 3384 opus
2647 3325 2729 3368 cst
2756 3313 3055 3368 orationem
3101 3313 3434 3368 contexendo
3467 3326 3594 3380 pro-

2024 3409 2244 3475 ducere,
2301 3422 2423 3461 cum
2482 3407 2590 3461 sint
2644 3406 2744 3469 illi,
2798 3421 2934 3473 quos
2977 3404 3236 3462 conviciis
3300 3401 3592 3464 laceravit,

2030 3499 2339 3566 neutiquam
2390 3496 2554 3567 ignoti
2598 3496 2682 3548 vel
2719 3496 3007 3564 ignobiles,
3067 3496 3156 3549 sed
3196 3494 3480 3560 utcunque
3515 3490 3593 3546 si-

2026 3588 2193 3642 lentio
2222 3602 2280 3641 se
2315 3586 2655 3650 contineant,
2692 3587 2932 3638 omnium
2961 3577 3056 3639 ore
3088 3594 3142 3638 et
3177 3596 3425 3638 sermone
3448 3581 3592 3637 celes

2024 3680 2162 3734 brati
2200 3696 2215 3732 :
2249 3694 2480 3749 cumque
2508 3679 2622 3742 illa,
2655 3692 2816 3746 quam
2860 3678 2910 3730 in
2945 3677 3219 3731 Christum
3258 3674 3348 3729 Dei
3378 3682 3592 3729 eructa-

2019 3772 2116 3834 vit,
2153 3769 2486 3840 blasphemia
2529 3772 2662 3824 adeo
2708 3771 2776 3823 sit
2815 3769 3096 3822 manifesta
3150 3776 3205 3822 et
3239 3767 3290 3821 in
3343 3764 3592 3821 confesso

2018 3870 2220 3937 posita,
2258 3877 2318 3920 ut
2367 3868 2432 3920 ad
2488 3866 2635 3919 illam
2692 3865 3073 3921 revinccndam
3116 3863 3388 3918 cxactiore
3415 3862 3592 3929 aliqua

2021 3958 2303 4027 diligentia
2355 3973 2460 4012 non
2507 3959 2579 4011 sit
2622 3973 2778 4028 opus.
2819 3957 3026 4026 Quippe
3067 3955 3159 4022 qui
3198 3953 3431 4006 divinam
3469 3963 3592 4019 gra-

2024 4051 2148 4104 tiam
2190 4053 2242 4104 in
2293 4051 2530 4105 Ecclesia
2573 4050 2910 4115 delibarunt,
2945 4047 3118 4116 parvi,
3164 4044 3392 4106 minimi,
3432 4055 3589 4109 imag-

2011 4344 2244 4465 ῧίασιὶιία,
2279 4342 2344 4397 ad
2382 4343 2694 4396 ἐναντίωσιν
2733 4341 2909 4394 αυτῶν
2937 4349 2992 4395 et
3023 4335 3334 4408 ἀνατροπὴν
3361 4336 3585 4391 descen-

2047 4426 2104 4465 tt.

2007 4415 2104 4467 dit.
2144 4415 2193 4465 M
2831 4467 2833 4470 ι

2080 4482 2191 4553 (19)
2224 4481 2394 4553 Vulgo
2420 4481 2696 4551 ἀγνώτους
2729 4482 2895 4546 τινός.
2927 4480 3069 4553 Dein
3111 4479 3164 4532 in
3212 4491 3354 4531 corr.
3391 4492 3406 4529 :
3441 4475 3583 4546 Lege

2008 4550 2419 4624 πανηγυρίζειν.
2455 4550 2613 4607 Forte
2641 4556 2755 4624 loco
2777 4550 3161 4624 γνωρίζεσθαι.

2080 4617 2191 4694 (20)
2218 4617 2641 4696 Ἆμρήριστον.
2675 4617 3064 4686 Ηοοέειίιιιοά
3089 4619 3223 4673 vult.
3272 4617 3404 4696 Curi}
3437 4631 3577 4696 non:

2008 4683 2184 4748 nulla!
2216 4683 2448 4748 liéreSES
2478 4695 2549 4748 ita
2595 4695 2704 4748 sint
2741 4683 3083 4760 comparatae,
3121 4699 3308 4742 utnon
3349 4687 3448 4738 nisi
3475 4683 3581 4738 dif-

2007 4765 2218 4818 ﬁculter
2257 4765 2472 4833 agnosci
2504 4775 2557 4818 et
2604 4763 2932 4829 deprehendi
2967 4761 3198 4833 possint,
3230 4768 3286 4811 et
3323 4761 3417 4833 illi
3461 4765 3578 4833 tan-

2007 4838 2126 4888 dem
2161 4849 2257 4903 pro
2289 4824 2583 4888 hmresibus
2612 4824 2910 4886 habeantur
2940 4824 3058 4884 {ait
3086 4829 3229 4903 illam
3259 4843 3286 4880 a
3323 4824 3577 4903 Marcello

2005 4893 2278 4957 excul'tam
2305 4911 2357 4956 et
2382 4914 2728 4972 propagatam
2752 4903 2870 4970 ejus
2895 4916 3014 4972 esse
3041 4899 3273 4972 generis,
3301 4905 3357 4947 ut
3389 4894 3470 4948 vel
3508 4893 3574 4946 de

2005 4973 2175 5040 prima
2207 4972 2360 5033 facie,
2388 4971 2613 5027 auribus
2639 4971 3258 5040 audita,omtlisiscripto
3293 4972 3572 5031 usurpata,

2004 5038 2102 5110 pro
2123 5043 2336 5105 haeresi,
2360 5044 2630 5096 communi
2656 5042 2934 5096 hominum
2961 5043 3010 5093 in
3039 5038 3277 5110 Ecclesia
3310 5046 3573 5110 consensu

2005 5106 2290 5166 habeatur.
2347 5111 2506 5166 Certe
2562 5113 2649 5166 illa
2702 5128 2862 5181 qnam
2914 5109 3166 5164 Marcello
3206 5106 3573 5181 ascripserant

2002 5182 2358 5252 Arriani,erat
2403 5183 2520 5250 ejus
2562 5175 2813 5252 generis;
2877 5191 2932 5234 at
2960 5191 3170 5252 _t_ttrutn_
3206 5175 3349 5227 illam
3412 5181 3570 5252 prout

2003 5251 2176 5322 eidem
2199 5243 2284 5306 illi
2309 5243 2678 5322 objectabant,
2706 5243 2908 5306 foveret
2940 5248 3261 5322 illarcellus,
3287 5243 3574 5322 quarrnplu-

2003 5321 2159 5374 rimis
2195 5337 2298 5375 non
2334 5308 2513 5377 in'inus
2558 5324 2608 5375 in
2647 5308 2906 5386 religione
2940 5318 3165 5388 lynceis,
3209 5308 3368 5388 quam
3401 5308 3570 5363 Euse-

2002 5391 2124 5445 bius
2181 5403 2294 5446 erat
2327 5433 2344 5459 ,
2395 5409 2500 5446 non
2535 5381 2914 5461 patuit,".lnlio
2958 5381 3241 5461 'pontilici’
3276 5381 3525 5461 Romani)
3555 5419 3570 5439 .

1999 5461 2302 5515 Athanasio
2329 5455 2338 5459 ⁷
2369 5455 2760 5525 Alexandrino,
2809 5529 2813 5530 ν
2843 5460 2942 5530 illi_
2970 5455 3234 5530 lueresum
3291 5455 3569 5530 ῥαιςςτῆρλι

2000 5533 2412 5600 quamplurimis
2441 5533 2561 5584 aliis
2597 5547 2608 5582 :
2649 5517 2875 5586 concilio
2912 5526 3225 5600 Sardiceusi
3261 5517 3368 5578 n'on
3396 5517 3571 5591 lique-

2004 5595 2099 5654 Dat
2126 5616 2138 5651 :
2165 5595 2227 5653 iii
2261 5600 2545 5655 Marcellus
2571 5601 2968 5657 absolvebalur.
3008 5595 3056 5650 Μ

2071 5669 2182 5739 (⁸21)
2215 5669 2341 5724 Dele
2368 5671 2447 5726 δέ.

2069 5741 2182 5810 (2‘2)
2211 5740 2405 5810 $0t‘ibe
2427 5739 2577 5794 αὐτὸ.

2069 5749 2161 5810 (22
2215 5749 2405 5794 Scribe
2427 5759 2454 5794 α

2067 5749 2182 5881 (25)
2207 5807 2346 5877 Lege
2367 5811 2454 5884 δή.
