4008 6516
412 362 540 421 ’715

1119 361 1383 419 EUSElill
1422 360 1883 418 ΟιΕδΑῐὶΙΕΝΞΙΞ
1926 359 2005 416 0P

2117 356 2295 414 PARS
2332 356 2423 415 IV.
2459 390 2530 400 --
2566 356 2987 415 DOGMATICA.

3586 360 3684 415 'llb

430 485 512 550 ni,
556 484 849 539 novitatem
908 482 1253 549 insolentem,
1302 482 1461 552 hujus
1507 482 1693 551 nuperi
1750 480 2005 552 theologi,

2111 480 2221 533 οὐκ
2248 478 2379 532 ἔστι
2422 478 2531 548 γὰρ
2560 479 2735 543 ἄλλο,
2778 478 2853 542 ὡς
2884 476 3046 540 αὑτός
3080 494 3244 548 φησιν
3266 494 3277 506 ·
3314 479 3366 531 ει
3402 476 3487 547 μή
3530 477 3687 545 τινές

430 572 518 628 vel
534 582 808 642 acceptam
837 572 1022 641 primis
1050 572 1289 637 auribus,
1308 585 1588 641 agnovere.
1620 569 1770 625 llanc
1791 571 1857 624 ob
1880 585 2010 624 cau-

433 681 549 719 sam
569 663 906 719 adhibiturus
933 678 1053 719 sum
1076 663 1440 717 "brevissimas
1472 663 1728 732 quasdam
1758 662 2010 731 designa-

435 757 608 812 tiones
639 770 807 819 mcas,
843 754 1109 809 orationis
1148 755 1421 824 quoddam
1458 769 1679 823 corpus,
1729 754 1917 808 ordine
1958 760 2011 807 et

434 846 741 902 tnelhodico
816 861 1101 916 progressu
1177 856 1593 902 concatenatum
1650 847 2008 908 constituens,

430 952 540 1007 quo
573 952 692 1006 qua:
738 940 805 992 ab
839 936 929 991 illo
970 934 1341 1006 proferuntur,
1375 950 1535 1003 quam
1585 933 1695 989 sint
1747 934 1814 988 ab
1863 934 2007 989 omni

431 1030 642 1083 ratione
677 1029 870 1095 aliena,
915 1029 1155 1099 pateﬁat.
1208 1027 1408 1083 Verum
1446 1037 1732 1098 antequam
1789 1028 1840 1081 in
1898 1043 2010 1081 me-

432 1121 579 1175 dium
629 1120 745 1189 ejus
780 1123 942 1176 verba
990 1122 1288 1191 pretulero,
1325 1121 1695 1175 admonendos
1736 1120 1858 1175 illos
1887 1134 2010 1175 esse

429 1228 619 1267 omnes
662 1214 935 1279 existimo,
991 1215 1057 1267 ad
1114 1228 1343 1282 quormn
1392 1228 1587 1267 manus
1616 1213 1718 1266 hoc
1769 1227 2010 1282 przesens

432 1303 605 1369 ipsius
637 1304 899 1372 scriptum
948 1303 1275 1372 pervenerit,
1300 1318 1364 1358 eo
1395 1302 1566 1373 magis
1612 1304 1654 1357 si
1682 1302 1789 1357 sint
1817 1304 1883 1356 de
1907 1300 2011 1357 Ga-

431 1396 559 1448 latia
590 1395 830 1461 oriundi,
867 1401 925 1457 E<
962 1410 1028 1449 ne
1058 1395 1227 1450 velint
1259 1395 1452 1449 divinae
1481 1394 1623 1449 beati
1662 1390 1812 1448 Pauli
1855 1394 2011 1450 vocis

432 1502 670 1554 unquam
716 1485 983 1549 oblivisci,
1020 1501 1125 1556 qua
1174 1485 1392 1542 Galatas
1422 1486 1566 1550 ipsos
1592 1482 2005 1554 adhortabatur,

431 1593 501 1631 ne
532 1579 597 1630 ah
640 1590 705 1630 eo
741 1578 830 1647 qui
865 1577 918 1631 in
950 1574 1150 1631 Christi
1200 1576 1427 1646 gratiam
1479 1578 1692 1631 voravit
1748 1577 1909 1647 ipsos,
1939 1576 2009 1629 ad

432 1668 581 1721 aliud
614 1668 959 1737 Evangelium
1001 1667 1421 1735 transferantur,
1470 1686 1589 1723 rum
1633 1686 1831 1737 revera,
1867 1669 2007 1738 quod

430 1759 587 1811 docet
616 1758 706 1823 ibi,
744 1774 842 1811 non
889 1762 955 1812 sit
1007 1760 1154 1813 aliud
1199 1760 1363 1812 ullum
1393 1759 1741 1829 evangelium,
1772 1758 1887 1821 sed,
1916 1758 2007 1828 qui

2114 572 2270 623 εἰσιν
2298 573 2350 623 ol
2390 569 2804 637 ταράσσοντες
2832 568 3074 632 αὐτοὺς,
3117 568 3218 620 καὶ
3267 567 3550 634 θέλοντες
3590 586 3679 637 με·

2112 661 2437 730 ταστρέψαι
2474 662 2539 715 τὸ
2572 661 2944 732 Εὐαγγέλιον
2971 659 3077 713 τοῦ
3117 661 3394 728 Χριστοῦ.
3436 660 3694 731 Κάκείνῳ

2111 751 2167 805 δὲ
2206 752 2519 819 ἀναγκαίως
2555 752 2845 821 προσέχειν
2870 751 2963 804 τὸν
2991 750 3134 818 νοῦν,
3164 751 3232 803 δι’
3254 745 3314 805 οὗ
3346 751 3443 804 καὶ
3496 752 3693 805 ἑαυτοῦ

2112 842 2520 913 καθαπτόμενος
2553 843 2581 894 ὁ
2612 843 2865 905 τοσοῦτος
2900 843 3238 907 Ἀπόστολος,
3272 846 3351 905 είς
3378 841 3695 913 δυσὼπ-ησιν

2110 933 2218 986 τῶν
2252 933 2595 1004 διαστρέφειν
2626 934 2751 996 τοὺς
2796 933 2997 1005 ἄνδρας
3032 933 3410 1005 πειρωμένων,
3441 934 3697 1005 προσετί-
3798 1003 3803 1006 .

2113 1026 2192 1078 Οει
2233 1025 2437 1094 λέγων·
2486 1024 2669 1078 Ἀλλὰ
2703 1023 2819 1078 κᾶν
2875 1025 3065 1094 ἡμεῖς,
3094 1025 3147 1097 ἧς
3174 1024 3431 1095 ἄγγελος
3469 1024 3541 1089 ἐξ
3588 1027 3696 1079 vi}-

2102 1117 2297 1185 ρανοῦ
2341 1115 2484 1185 ὑμῖν
2533 1117 3017 1186 εὐαγγελίσηται,
3051 1119 3186 1185 παρ’
3230 1117 3261 1170 ὃ
3300 1117 3696 1186 εὐηγγελισά-

2106 1212 2257 1279 μεθα
2278 1208 2439 1278 ὑμῖν,
2467 1207 2731 1278 ἀνάθεμα
2763 1208 2898 1279 (Ξῖ)
2924 1210 3098 1263 ἔστω.
3132 1211 3198 1261 Ὃ
3228 1208 3292 1280 δὴ
3333 1209 3699 1263 ἐπαναλαϐὼν

2109 1301 2351 1371 δευτεροϊ
2373 1298 2597 1369 φάσκων
2616 1316 2630 1329 ·
2678 1299 2771 1365 Ὡς
2819 1300 3276 1369 προειρήκαμεν,
3310 1300 3408 1353 καὶ
3429 1301 3558 1369 ἄρτι
3582 1301 3695 1354 πά-

2108 1395 2207 1444 λιν
2236 1391 2411 1462 λέγω,
2434 1392 2489 1445 εἷ
2512 1410 2599 1457 τις
2625 1391 2779 1461 ὑμᾶς
2798 1393 3278 1462 εὐαγγελίσηται,
3310 1393 3443 1461 παρ’
3474 1394 3507 1447 ὃ
3545 1408 3696 1462 παρ-

2108 1482 2365 1547 ελάϐετε,
2395 1483 2663 1552 ἀνάθεμα
2687 1483 2933 1537 ἔστω.Τί
2960 1483 3016 1536 δὲ
3054 1479 3121 1555 ἦν
3144 1484 3319 1546 τοῦτο,
3362 1485 3491 1556 παρ’
3522 1486 3550 1537 ὂ
3577 1486 3695 1555 (24)

2108 1577 2206 1628 οὐκ
2257 1572 2325 1647 ἦν
2373 1576 2687 1644 εὐαγγέλιον
2748 1574 2898 1647 [ἄλλο
2926 1576 3448 1648 εύαγγελίσασθαι];
3492 1576 3563 1631 "ll
3587 1594 3696 1633 που

2110 1668 2327 1731 πάντως
2380 1668 2511 1721 αὐτὸ
2557 1670 2749 1733 ἐκεῖνο,
2782 1668 2809 1721 ὃ
2836 1668 2949 1738 (25)
2984 1668 3048 1740 δὴ
3091 1671 3203 1732 τοῖς
3252 1670 3422 1723 αὐτοῦ
3464 1672 3693 1741 παραδιο

2109 1760 2231 1824 δοὺς
2298 1760 2568 1830 μαθηταῖς
2622 1763 2649 1814 ὁ
2713 1760 2903 1831 Σωτὴρ
2949 1760 3365 1832 ἀναγέγραπται
3421 1762 3693 1834 εἰρηκώς·

431 1852 739 1904 conturbent
769 1849 911 1915 illos,
940 1853 1213 1915 exsistant,
1242 1862 1288 1904 et
1322 1852 1414 1920 qui
1466 1849 1751 1919 transferre
1790 1849 2002 1917 cupiant

2109 1853 2501 1920 Πορευθέντες
2534 1854 2946 1922 μαθητεύσατε
3005 1852 3201 1907 πάντα
3244 1854 3317 1908 τὰ
3362 1854 3528 1922 ἔθνη,
3571 1856 3693 1919 βα-

431 1940 629 1993 Christi
668 1940 1011 2010 Evangelium
1040 1943 1078 1994 ¹.
1108 1941 1237 1994 Illud
1267 1948 1444 1993 autem
1473 1940 1527 1993 in
1561 1939 1750 2009 primis
1780 1949 1836 1994 et
1869 1949 1999 1994 ante

424 2034 611 2086 omnia
660 2035 1045 2088 attendendum
1084 2034 1279 2097 fuerat,
1311 2034 1454 2102 quod
1502 2047 1602 2087 nec
1635 2033 1735 2089 sibi
1787 2034 2007 2103 quidem

429 2127 735 2196 pepercerit
796 2126 883 2181 ille
925 2136 1107 2180 tantus
1148 2125 1460 2195 Apostolus,
1494 2126 1585 2181 sed
1631 2128 1699 2180 ad
1732 2126 1851 2181 illos
1886 2141 2005 2195 per-

428 2218 724 2274 movendus
755 2228 811 2272 et
861 2218 1286 2283 convincendos,
1320 2218 1411 2289 qui
1461 2216 1685 2273 Galatas
1713 2218 2009 2272 conturba-

429 2310 580 2373 bant,
633 2309 891 2381 adjecerit
920 2326 933 2361 :
960 2308 1186 2363 Etiamsi
1232 2309 1310 2362 vel
1343 2323 1436 2361 nos
1480 2306 1557 2361 vel
1588 2308 1650 2361 de
1710 2307 1839 2361 cwlo
1868 2308 2009 2361 vobis

428 2399 650 2469 angelus
685 2398 837 2451 aliud
888 2398 1165 2452 annuntiet
1224 2397 1592 2468 Evangelium,
1646 2408 1836 2465 prteler
1874 2396 2010 2449 illud

425 2490 568 2558 quod
586 2490 702 2557 jam
729 2488 1154 2557 prwdicavimus,
1201 2490 1485 2543 anathema
1533 2489 1598 2543 sit
1620 2491 1663 2544 '.
1699 2489 1810 2542 Nec
1841 2488 2009 2544 semel

428 2582 675 2651 posuisse
722 2589 1029 2643 contentus,
1064 2580 1313 2650 reponit,
1350 2579 1503 2646 Quod
1522 2583 1639 2651 jam
1686 2582 1832 2648 prius
1876 2581 2007 2645 dixi,

426 2684 479 2728 et
511 2676 699 2728 iterum
729 2675 1002 2736 denuntio,
1036 2675 1080 2728 si
1114 2676 1229 2745 quis
1273 2674 1417 2728 vobis
1448 2672 1783 2743 evangelizet,
1820 2684 2012 2740 prwter

429 2769 482 2822 id
509 2772 647 2835 quod
674 2768 972 2835 accepistis,
1003 2767 1287 2845 anathema
1314 2766 1380 2820 sit
1403 2766 1443 2819 ³.
1469 2764 1601 2818 illud
1628 2774 1807 2820 autetn
1835 2766 2011 2821 Evan-

427 2861 627 2931 gelium
679 2862 953 2930 quodnam
989 2859 1091 2913 luit
1145 2860 1288 2930 quod
1330 2867 1681 2929 acceperant,
1722 2868 1776 2912 et
1813 2868 2012 2927 praeter

426 2953 572 3021 quod
603 2968 709 3007 non
751 2961 867 3007 erat
894 2952 1037 3007 aliud
1075 2951 1558 3006 annuntiaudum?
1586 2950 1848 3019 Equidem
1880 2948 2012 3004 illud

425 3044 602 3113 ipsum
651 3045 795 3114 quod
833 3043 1117 3114 discipulis
1148 3044 1263 3098 suis
1297 3044 1555 3098 Dominus
1606 3041 1898 3098 tradidisse
1930 3042 2012 3096 di-

428 3138 592 3200 citur,
650 3137 737 3191 ubi
772 3136 847 3190 ait
876 3155 889 3190 :
931 3135 1167 3204 Profecti
1200 3136 1377 3189 docete
1403 3150 1579 3188 omnes
1624 3145 1821 3205 gentes,
1851 3133 2015 3203 bapti-

426 3235 608 3279 zantes
640 3241 729 3280 eos
789 3225 846 3277 in
878 3224 1089 3279 nomine
1137 3220 1340 3288 Patris,
1382 3233 1429 3278 et
1485 3220 1637 3287 Filii,
1685 3230 1734 3277 et
1781 3220 2012 3291 Spiritus

426 3316 593 3369 sancti
615 3315 657 3368 ⁸.
690 3314 855 3370 Nobis
888 3316 1077 3384 utique
1112 3316 1251 3370 hanc
1282 3316 1513 3385 gratiam
1554 3315 1607 3371 in
1636 3317 2012 3385 cognoscenda

426 3417 777 3463 sacrosancta
814 3406 1084 3463 Trinitate
1118 3409 1272 3462 solus
1325 3408 1413 3463 ille
1468 3408 1599 3463 solis
1655 3408 1912 3478 patefecit
1958 3409 2011 3462 in

428 3502 521 3555 illa
549 3511 731 3557 nostra
765 3504 991 3573 mystica
1021 3504 1465 3574 regeneratione.
1497 3516 1619 3557 cum
1650 3517 1748 3556 nec
1776 3501 2009 3573 Moyses,

427 3605 529 3645 nec
581 3593 871 3661 quisquam
929 3592 1057 3646 olim
1124 3593 1536 3663 prophetarum,
1588 3593 1757 3662 priori
1810 3592 2011 3662 p0pulo

427 3680 590 3751 hujus
624 3683 898 3737 exstiterit
941 3684 1279 3740 administer.
1311 3686 1394 3738 Ad
1447 3683 1537 3738 Dei
1567 3684 1766 3754 quippe
1810 3682 2004 3737 Filium

426 3784 594 3841 atque
642 3774 789 3827 illum
829 3776 1005 3829 solum
1060 3778 1391 3845 pertinebat,
1448 3776 1586 3831 hanc
1637 3792 1667 3829 a
1711 3774 1872 3829 Patre
1910 3788 2007 3829 suo

426 3865 659 3936 gratiam
690 3866 996 3920 hominibus
1039 3868 1306 3923 universis
1350 3868 1729 3922 annuntiatam
1766 3881 2009 3920 commu-

427 3958 611 4013 nicare
639 3972 655 4012 :
689 3972 814 4013 cum
842 3958 926 4013 lex
948 3976 1038 4028 per
1070 3958 1309 4031 Moysem
1334 3961 1459 4014 data
1493 3961 1676 4028 fuerit,
1697 3960 1873 4031 gratia
1908 3976 2007 4012 au-

428 4062 531 4104 tem
569 4058 619 4105 et
667 4051 855 4105 veritas
908 4068 1000 4120 per
1047 4049 1231 4107 Jesum
1286 4051 1550 4107 Christum
1571 4052 1613 4115 ³,
1648 4066 1880 4122 eumque
1917 4066 2007 4106 so-

428 4141 571 4206 lum,
624 4151 809 4212 utpote
860 4140 1060 4198 Filium
1113 4143 1474 4214 unigenitum.
1527 4142 1836 4211 Quocirca,
1900 4157 2007 4197 nec

500 4334 691 4406 KfEd.
726 4333 925 4402 Paris.,
958 4350 1080 4406 pag.
1112 4337 1167 4391 3.

502 4404 660 4459 'Gal.
689 4406 806 4471 1,6,
843 4407 896 4461 7.
960 4404 1181 4461 "ibid.
1214 4406 1267 4463 8.
1382 4409 1400 4438 ³
1433 4407 1566 4462 ibid.
1602 4408 1656 4463 9.

497 4671 767 4743 (τελιιιρ.
802 4674 971 4727 εσται.

499 4741 744 4811 ιΞιῖΜρ.
788 4743 861 4797 ῐσ.
898 4746 979 4797 ὃτι
1018 4746 1137 4808 ούκ,
1195 4746 1355 4800 verba
1396 4745 1523 4800 ἄλλο
1544 4745 2003 4815 εὐαγγελίσασθαι

426 4812 690 4882 glossema
722 4815 955 4882 sapiunt.

501 4882 612 5021 (25g
649 4879 815 4951 Vulgo
841 4884 918 4937 δέ.

501 4954 588 5021 (se
629 4952 827 5018 Μόνος
853 4956 918 5006 αἱ

497 4952 611 5021 (26)
629 4952 1048 5025 Μόνοςαύτὸνι
1072 4954 1167 5007 διὰ
1215 4954 1323 5023 τῆς
1349 4956 1673 5025 μυστικῆς.
1712 4955 1824 5011 Hoc
1848 4959 1960 5012 vult
1986 4973 1997 5007 :

422 5035 550 5077 ante
610 5022 1017 5090 συγκατάθασιν
1065 5034 1121 5076 et
1166 5022 1313 5079 illam
1351 5022 1414 5080 in
1468 5022 1642 5082 carne
1690 5025 1997 5082 Servatoris

423 5093 595 5147 nostri
618 5092 1072 5165 οἰκονομίαν,ραὶ
1091 5095 1282 5149 invenit
1299 5110 1505 5150 omnem
1532 5098 1668 5151 viam
1682 5097 1997 5165 disciplinae,

422 5176 466 5215 et
497 5164 713 5234 tradidit
738 5165 889 5216 illum
929 5164 1093 5218 .Iacob
1138 5181 1298 5234 puero
1350 5182 1465 5226 suo,
1495 5174 1543 5219 et
1594 5166 1765 5218 Israel
1807 5164 1997 5220 dilecto

421 5250 539 5297 suo,
574 5233 901 5307 ductrinanr
934 5234 1101 5307 illam,
1152 5236 1206 5287 in
1262 5234 1501 5307 Ecclesia
1560 5235 1865 5307 _8_tu66qro_v,
1928 5237 1994 5291 de

421 5314 780 5374 sacrosancta
803 5303 1103 5374 _Trinitate,
1160 5320 1422 5374 nusquam
1473 5306 1525 5374 iu
1559 5303 1748 5359 Veteri
1795 5304 1985 5361 Testa.

423 5384 625 5452 ineuto,
648 5388 742 5441 per
770 5372 1004 5452 aloysein
1021 5385 1115 5452 aut
1138 5372 1766 5452 praphetas,.lud:eoru_in
1799 5377 1995 5452 popqu

422 5442 736 5510 revelatam.
769 5442 934 5510 Cujus
968 5442 1397 5500 rationettflibro
1425 5461 1484 5499 ιιι
1518 5446 1591 5499 De
1618 5442 1991 5500 ecclesitheol.

387 5556 394 5579 ,
422 5512 497 5563 ait
525 5509 693 5585 fuisse
724 5509 902 5583 populi
928 5513 1092 5585 illius,
1124 5532 1283 5585 quem
1330 5516 1683 5569 erudiendum
1737 5530 1991 5585 suscepe-

2108 1943 2409 2011 πτίζοντες
2457 1944 2678 2011 αὐτοὺς
2712 1945 2800 2011 είς
2842 1944 2910 1997 τὸ
2940 1944 3127 2013 ὄνομα
3155 1944 3262 1999 τοῦ
3309 1946 3563 2013 Πατρός,
3598 1946 3693 2001 καὶ

2108 2033 2214 2086 τοῦ
2250 2034 2406 2098 Υἰοῦ,
2439 2034 2538 2087 καί
2570 2033 2674 2087 τοῦ
2710 2034 2882 2104 ἁγίου
2916 2035 3279 2104 Πνεύματος.
3320 2036 3540 2107 Ταύτην
3588 2038 3695 2107 γὰρ

2110 2125 2240 2195 ἡμῖν
2271 2125 2369 2196 τὴν
2403 2125 2561 2197 χάριν
2577 2125 2677 2195 τῆς
2709 2124 2962 2194 γνώσεως
3002 2127 3101 2198 τῆς
3135 2127 3294 2195 ἁγίας
3322 2128 3553 2199 Τριάδος
3583 2128 3692 2199 (26)

2114 2219 2271 2288 μόνος
2294 2220 2454 2282 αὐτὸς
2482 2218 2568 2271 διὰ
2600 2219 2701 2289 τῆς
2750 2220 3014 2290 μυστικῆς
3052 2220 3347 2293 δεδώρηται
3396 2223 3697 2293 ἀναγεννήι

2112 2328 2268 2375 σεως,
2301 2309 2423 2364 οὔτε
2450 2311 2726 2375 Μωῦσέως
2767 2311 2890 2366 οὔτε
2935 2313 3228 2385 προφητῶν
3266 2331 3410 2377 τινος
3436 2314 3515 2385 τῷ
3562 2332 3693 2386 προ·

2110 2402 2253 2474 τέρῳ
2279 2402 2393 2473 λαῷ
2416 2402 2618 2475 ταύτην
2647 2404 3132 2477 διακονησαμένου.
3149 2406 3313 2477 Μόνῳ
3340 2406 3449 2479 γὰρ
3486 2407 3692 2479 ἔπρεπε

2109 2494 2187 2564 τῷ
2204 2492 2319 2563 Υίῷ
2348 2494 2441 2547 τοῦ
2489 2494 2624 2547 Θεοῦ
2671 2494 2769 2566 τὴν
2814 2496 3083 2567 πατρικὴν
3139 2496 3341 2550 ἅπασιν
3387 2498 3691 2570 ἀνθρώποις

2110 2584 2564 2653 εὐαγγελίσασθαι
2588 2586 2777 2656 χάριν·
2812 2587 3106 2658 ἐπειδήπερ
3128 2588 3159 2640 ό
3189 2590 3372 2656 νόμος
3403 2588 3500 2642 διὰ
3522 2593 3692 2643 Marii-

2111 2676 2267 2743 σέως
2299 2677 2499 2744 ἐδόθη,
2534 2675 2631 2729 διὰ
2676 2676 2745 2729 δὲ
2770 2677 2960 2746 μόνου
2992 2677 3185 2745 Ἰησοῦ
3238 2678 3343 2732 τοῦ
3407 2677 3691 2747 Χριστοῦ,

2112 2770 2188 2833 ὡς
2216 2770 2303 2823 διὰ
2334 2769 2653 2841 μονογενοῦς
2705 2769 2857 2833 Υίοῦ,
2902 2771 2939 2839 ἡ
2993 2769 3164 2838 χάρις
3205 2770 3304 2823 καὶ
3352 2772 3389 2839 ἠ
3444 2772 3691 2837 ἀλήθεια

2110 2861 2368 2932 ἐγένετο.
2398 2861 2589 2915 Ἔνθεν
2612 2861 2835 2924 εἰκότως
2867 2864 2895 2915 ὁ
2946 2862 3042 2933 μὲν
3071 2862 3447 2934 παιδαγωγοῦ
3472 2865 3691 2931 τρόπον

2112 2951 2523 3022 νηπιάζοντιτῷ
2555 2951 2805 3023 προτέρῳ
2830 2951 2944 3022 λαῷ
2982 2956 3219 3024 στοιχεῖα
3241 2953 3341 3023 τῆς
3384 2954 3560 3026 ἀρχῆς
3586 2955 3698 3007 τῶν

2110 3042 2205 3096 τοῦ
2239 3042 2374 3096 Θεοῦ
2404 3043 2689 3114 παρεδίδου
2720 3043 2935 3113 λογίων,
2985 3044 3246 3098 πολυοέου
3276 3045 3374 3116 μὲν
3417 3046 3690 3117 ἀπείργων

2117 3134 2346 3205 πλάνης,
2369 3135 2502 3188 Θεὸν
2550 3136 2607 3188 δὲ
2654 3135 2941 3208 κηρύττων
2987 3136 3082 3188 ἕνα
3129 3137 3287 3207 μόνον
3314 3137 3540 3191 είδέναι’
3573 3140 3605 3209 ἡ
3636 3138 3689 3191 δὲ

2117 3228 2382 3298 σωτήριος
2436 3227 2595 3298 χάρις
2643 3227 3011 3300 ὑπερκόσμιόν
3052 3245 3171 3281 τινα
3245 3230 3339 3282 καὶ
3400 3230 3690 3301 ἀγγελικὴν

2114 3321 2245 3391 ἡμῖν
2279 3320 2591 3392 παρέχουσα
2630 3320 2849 3389 γνῶσιν,
2896 3320 2957 3372 τὸ
2984 3320 3148 3373 πάλαι
3206 3321 3283 3391 τῷ
3308 3324 3556 3394 προτέρῳ
3583 3322 3690 3392 λαῷ

2116 3411 2474 3482 σεσιγημένον
2513 3413 2811 3482 μυστήριον
2841 3412 3142 3481 ἀναφανδὸν
3185 3411 3568 3478 ἐξεκάλυπτεν,
3600 3415 3678 3466 αύι

2110 3506 2202 3557 τὸν
2219 3506 2309 3557 τὸν
2336 3504 2593 3558 ἐπέκεινα
2626 3505 2734 3557 τῶν
2783 3504 2920 3558 ὅλων
2948 3506 3101 3571 Θεὸν,
3134 3506 3224 3559 τὸν
3270 3510 3381 3570 τοῖς
3413 3506 3576 3561 πάλαι
3599 3508 3689 3560 ἁν-

2112 3596 2347 3669 θρὼποις
2397 3597 2761 3669 ἐγνωσμένον,
2802 3597 2935 3651 Θεὸν
2975 3598 3091 3669 ἅμα
3153 3598 3243 3651 καὶ
3291 3599 3509 3669 Πατέρα
3554 3593 3690 3651 εἶναι

2111 3686 2205 3740 τοῦ
2250 3687 2379 3740 Υἱοῦ
2440 3687 2533 3741 τοῦ
2586 3688 2908 3759 μονογενοῦς
2951 3689 3314 3760 κηρύττουσα,
3362 3690 3460 3759 τήν
3498 3705 3556 3741 τε
3600 3687 3690 3739 τοῦ

2113 3777 2269 3846 ἁγίου
2304 3776 2621 3849 Πνεύματος
2651 3779 2738 3831 διὰ
2770 3779 2862 3833 τοῦ
2898 3778 3025 3831 Υίοῦ
3074 3782 3186 3840 τοῖς
3234 3778 3404 3842 ἀξίοις
3438 3780 3689 3847 ἐπιχορη-

2112 3868 2281 3937 γοῦσα
2305 3868 2551 3939 δύναμιν.
2584 3868 2717 3937 (26‘)
2741 3868 2898 3939 Αὐτῷ
2932 3885 3047 3932 πως
3078 3868 3175 3939 τὴν
3204 3869 3363 3937 ἁγίαν
3394 3868 3486 3921 καὶ
3516 3885 3689 3939 μακα-

2116 3961 2235 4033 ρίαν
2268 3963 2362 4014 καὶ
2397 3962 2661 4033 μυστικὴν
2677 3961 2884 4032 Τριάδα
2912 3960 3125 4031 Πατρὸς
3148 3962 3241 4013 καὶ
3260 3959 3388 4012 Υἱοῦ
3422 3959 3515 4012 καὶ
3539 3959 3689 4027 ἁγίου

2111 4053 2429 4123 Πνεύματος
2459 4055 2538 4116 εἰς
2580 4054 2845 4123 σωτήριον
2880 4051 3069 4105 ἐλπίδα
3096 4050 3187 4104 διὰ
3219 4052 3314 4121 τῆς
3362 4052 3419 4103 ὲν
3475 4049 3689 4121 Χριστῷ

2113 4144 2524 4216 ἀναγεννήσεως
2575 4144 2735 4215 ἡτοῦ
2780 4142 2917 4197 Θεοῦ
2965 4141 3260 4213 Ἐκκλησία
3302 4141 3688 4213 παραλαϐοῦσα

1759 4411 1780 4439 ⁸
1813 4408 2202 4471 Μειιιιαςνιιι,
2239 4407 2327 4462 l9.
2404 4409 2423 4439 ⁵
2456 4405 2611 4461 Joan.
2655 4423 2693 4470 ι,
2720 4408 2808 4461 17.

2039 4680 2084 4735 D
2115 4676 2273 4748 i_stius
2297 4680 2531 4748 mentio;
2579 4676 2672 4730 sed
2704 4677 3130 4747 αἱνιγματώδης,
3155 4687 3207 4731 et
3240 4677 3687 4748 ἐγκεκρυμμένη.

2115 4745 2242 4801 Erat
2264 4745 2625 4817 enimkadhuc
2660 4745 2867 4817 tempus
2906 4745 3427 4817 καταπετάσματος,
3453 4745 3687 4801 nondum

2112 4816 2306 4869 remoti
2330 4814 2466 4880 veli,
2492 4825 2544 4869 et
2565 4816 2983 4885 ἀποκαλύψεως.
3010 4819 3189 4871 (litant
3220 4814 3269 4871 iu
3296 4819 3486 4886 primis
3514 4818 3685 4871 ortho-

2113 4886 2238 4955 doxi
2272 4886 2477 4949 Patres,
2516 4886 2645 4940 illud
2704 4888 2753 4939 in
2808 4887 3072 4955 principio
3121 4885 3348 4941 Genesis
3400 4885 3685 4939 Faciamus

2112 4954 2396 5027 hominem,
2439 4966 2567 5027 etc.,
2630 4956 2695 5027 de
2743 4954 2846 5023 qua
2909 4956 3368 5027 éﬁO’EIJBaSiltllsi
3406 4956 3684 5010 Seleuciaa

2112 5024 2357 5111 l‘tvé'cliui
2371 5026 2567 5111 'toivuz
2590 5024 2971 5111 3671903100);
3001 5025 3202 5093 γνῶσις
3217 5028 3282 5111 τῇ
3318 5026 3512 5111 πλάσει
3532 5043 3545 5055 ·
3597 5026 3684 5111 καὶ

2108 5094 2183 5165 μὴ
2214 5093 2502 5168 ξενιζέσθω
2534 5090 2906 5168 διδασκομένη
2948 5090 3196 5168 ῦσέερον,
3219 5090 3295 5149 ὧν
3336 5099 3393 5149 ἐν
3432 5099 3497 5167 τῇ
3534 5101 3675 5166 ποιή-

2108 5113 2183 5165 μη
2214 5113 2502 5158 ςενιςεσυω
2534 5113 2906 5219 areas-40p.er
2948 5114 3188 5168 υστερον,
3219 5114 3295 5149 ων
3336 5113 3393 5149 εν
3432 5113 3497 5167 τῃ
3534 5113 3675 5166 ποιη-

2106 5182 2189 5236 σει
2218 5165 2316 5236 τὴν
2351 5168 2570 5236 μνήμην
2597 5164 2833 5229 ἐδέξατο.
2916 5167 2998 5219 ide
3018 5166 3408 5221 Tertulliauum
3439 5170 3682 5236 adversus

2106 5233 2395 5304 lfraxéant.
2428 5233 2760 5301 Epiphanius
2799 5252 2909 5288 rem
2937 5251 3031 5303 per
3056 5237 3256 5304 gradus
3281 5238 3519 5290 deducit.
3563 5233 3681 5288 Una

2105 5303 2313 5367 Deitas,
2356 5305 2625 5372 inquiens,
2661 5323 2691 5355 ιι
2729 5304 2910 5373 Moyse
2954 5303 3214 5373 prwcipue
3256 5308 3574 5357 annuntiata
3609 5320 3683 5357 est

2104 5390 2449 5443 personarum
2476 5374 2732 5437 dualitas,
2763 5380 3084 5429 vehementer
3110 5396 3140 5429 α
3183 5376 3444 5444 prophetis
3487 5377 3680 5439 pra'a‘i-

2097 5456 2238 5513 cata,
2270 5443 2507 5495 Trinitas
2528 5459 2645 5513 vero
2672 5460 3040 5509 personarum,
3099 5443 3381 5513 mauil'esla
3418 5444 3563 5513 facta
3610 5454 3679 5495 est

2095 5514 2149 5565 in
2180 5512 2497 5580 Evangeliis.
2533 5510 2657 5565 "i136
2689 5514 2777 5567 ille
2811 5516 2860 5567 iu
2912 5518 3202 5579 Ancorato,
3248 5510 3396 5567 unde
3418 5510 3679 5566 doetissr-

420 5590 525 5655 rat,
555 5581 811 5655 traditum
836 5584 963 5645 sibi.
990 5600 1018 5637 a
1050 5581 1158 5639 Deo
1186 5587 1240 5638 in
1269 5585 1611 5655 disciplinam
1643 5585 1875 5655 Moyses,
1898 5581 1985 5655 'atl
2094 5599 2214 5655 mus
2270 5581 2542 5655 Nysseuus
2601 5598 2782 5643 vocat,
2819 5589 3187 5653 cognitionem
3224 5584 3365 5637 κατὰ
3410 5584 3680 5655 πρόϐασιν

420 5650 780 5725 idololatriam
832 5643 1151 5725 ὲπιρρεπές,
1200 5665 1252 5710 et
1287 5643 1490 5725 Biov'ut
1548 5643 1781 5725 appellat
1838 5643 1890 5709 in
1932 5654 1988 5709 α’

2091 5654 2143 5707 iit
2171 5654 2351 5705 lihelle
2384 5652 2456 5703 De
2500 5653 2593 5705 im.
2635 5667 2680 5704 et
2728 5652 3017 5707 simil.’l)ei
3068 5671 3085 5707 :

3150 5655 3303 5707 Κατὰ
3327 5655 3612 5723 πρόϐασιν,
3649 5654 3679 5716 ἡ

416 5718 657 5784 ἁποδειξ.
689 5718 1066 5790 αἰγυπτιακόν.
1109 5718 1297 5788 ρει-ιε,
1320 5727 1372 5779 in
1409 5718 1597 5781 Veteri
1620 5718 1986 5780 'Testamento

2109 5724 2328 5794 λμετέρα
2354 5721 2511 5794 φύσις
2544 5727 2603 5774 τὸ
2623 5723 2721 5793 τῆς
2754 5724 2981 5794 Τριάδος
3017 5724 3229 5793 ἐπέγνω
3266 5718 3586 5794 μυστήριον.
3613 5723 3678 5775 Μ.

416 5805 686 5861 nusquam
718 5796 985 5862 reperitur
1032 5796 1282 5866 explicita
1340 5804 1394 5850 ct
1438 5796 1689 5852 distincta
1743 5798 1981 5851 mvsterii

2160 5794 2297 5863 (ξδ’)
2341 5792 2509 5845 Αὐτῷ
2541 5792 2687 5846 meo.
2737 5792 2897 5850 Forte
2943 5792 3512 5863 legendum,at’n605v
3539 5810 3677 5856 πως,
