4008 6516
465 430 562 484 719

1091 426 1352 482 EUSEBll
1394 425 1869 483 CAESARIENSIS
1909 427 2058 482 OPP.
2101 424 2280 482 PARS
2318 425 2408 479 ιν.
2444 455 2510 464 -—
2551 424 2979 481 DOGMATICA.

3603 430 3702 484 ’ῖΞο

459 550 596 604 nitio
625 549 692 604 de
725 547 860 602 Filio
907 545 1027 610 Dei,
1058 548 1216 617 longe
1251 548 1502 617 quiddam
1569 548 1742 617 majus
1787 559 1840 603 et
1894 563 2024 618 prte-

2152 547 2201 600 τ⁸
2228 547 2292 600 ἂν
2325 547 2727 617 ὁμολογήσειεν,
2772 547 3081 618 ἐρωτηθείς.
3113 548 3174 600 Εἰ
3221 547 3277 600 δὲ
3323 549 3396 620 μὴ
3428 549 3703 615 Ίουδαῖπ,

463 641 699 695 stantius
725 637 987 700 exhibuit,
1017 653 1122 706 qua
1151 640 1444 692 edocetnur
1470 637 1618 691 illum
1659 639 1828 708 ipsum
1862 637 2028 692 Deum

463 732 677 788 Patrem
706 738 923 785 exstare
975 729 1234 798 unigeniti
1263 729 1406 794 Filii,
1434 730 1522 795 qui
1556 729 1835 785 verissime
1863 728 2032 784 Filius

465 825 560 886 sit.
587 824 743 876 vivus
775 821 1002 875 exsistat
1048 830 1102 874 et
1157 821 1477 876 Subsistens.
1522 821 1651 876 Nam
1687 821 2033 890 quemadmo-

466 916 591 967 dum
628 932 641 967 :
681 912 841 966 Pater
867 914 1026 965 vitam
1058 913 1114 964 in
1147 914 1314 980 seipso
1366 912 1544 977 habet,
1581 913 1807 967 docebat
1836 911 2037 982 linige-

467 1007 614 1068 nitus
666 1006 779 1073 ipse
828 1005 941 1067 Dei,
977 1006 1052 1057 ita
1099 1021 1300 1075 quoque
1350 1005 1405 1056 in
1449 1006 1618 1073 seipse
1655 1003 1826 1059 Filius
1880 1005 2031 1058 habet

463 1095 626 1148 vitam
651 1096 692 1150 ⁸.
728 1093 796 1148 Ut
845 1093 916 1147 ita
949 1095 1110 1148 Pater
1148 1108 1276 1148 vere
1319 1095 1539 1163 quidem
1594 1095 1752 1149 Pater
1780 1096 2029 1161 exsistat,

467 1202 575 1243 non
627 1195 805 1239 autem
863 1187 1029 1239 verbo
1091 1195 1248 1240 tenus
1276 1185 1436 1239 Pater
1493 1184 1687 1240 falsata
1744 1196 2034 1255 usurpatns

469 1278 836 1332 nominatione
866 1295 878 1330 :
910 1279 1002 1330 sed
1034 1277 1262 1330 veritate
1291 1285 1346 1329 et
1378 1278 1557 1347 reipsa
1615 1278 1876 1347 unigeniti
1912 1276 2034 1330 Filii

469 1371 668 1424 Pater:
699 1379 753 1423 et
786 1380 842 1422 nt
871 1368 1040 1424 Filius
1090 1369 1162 1422 sit
1209 1371 1384 1438 reipsa
1441 1370 1604 1423 etiam
1654 1367 1844 1425 Filius.
1877 1369 2036 1434 Quis-

468 1463 592 1532 quis
649 1473 828 1516 antem
881 1461 1075 1515 Filium
1109 1463 1310 1516 nudum
1343 1476 1466 1516 esse
1499 1459 1718 1516 Verbum
1755 1461 2036 1516 existima-

473 1551 632 1616 verit,
690 1560 783 1604 aut
837 1551 1174 1606 solummodo
1237 1549 1456 1604 Verbum
1505 1550 1948 1613 conﬁrrnaverit,
1983 1558 2036 1602 et

477 1641 606 1696 illud
646 1640 959 1711 frequenter
985 1657 1083 1695 suo
1119 1657 1214 1696 ore
1255 1643 1622 1710 usurpaverit,
1662 1640 1884 1695 Verbum
1918 1650 2038 1692 tan-

472 1733 749 1788 tummodo
809 1733 1102 1797 exstitisse,
1134 1732 1300 1797 intus,
1348 1736 1475 1787 dum
1506 1734 1845 1795 consisteret,
1879 1733 2036 1800 quie-

2132 640 2245 694 ἀλλ’
2276 641 2586 695 ἐπισκόπων
2603 658 2686 703 τις
2712 641 2912 710 ταύτην
2930 639 3065 712 (50⁸)
3084 641 3375 709 ,εἰσαγάγοι
3402 641 3500 705 τὴν
3528 640 3703 705 δόξαν,

2133 733 2301 801 Λόγον
2338 732 2497 785 αὐτὸν
2543 733 2704 802 μόνον
2759 731 2933 794 διδοὺς
2980 731 3254 802 ἡνωμένον
3287 730 3364 802 τῷ
3389 731 3508 802 Θεῷ
3533 749 3546 761 °
3593 733 3704 800 (51)

2132 825 2226 877 καὶ
2261 823 2445 876 τοῦτον
2496 819 2633 876 εἶναι
2666 823 2833 876 ἀΐδιον
2867 823 2960 876 καὶ
2992 824 3315 895 ἀγέννητον,
3368 825 3426 877 ἓν
3473 843 3532 878 τε
3566 822 3706 878 εἶναι

2134 912 2242 983 (52)
2260 913 2353 966 καί
2365 913 2555 966 ταύτὸν
2572 911 2647 982 τῷ
2662 911 2783 982 Θεῷ
2797 911 3022 981 ὀνόμασι
3042 912 3138 981 μὲν
3152 912 3450 983 διαφόροις,
3468 913 3583 966 Πατ
3592 912 3703 982 ρος,

2134 1006 2227 1057 καὶ
2269 1004 2400 1057 Υίοῦ
2439 1004 2869 1076 χρηματίζοντα,
2898 1005 3055 1068 οὐσία.
3095 1003 3151 1056 δὲ
3197 1004 3292 1056 καὶ
3325 1003 3621 1057 ὑποστάσει
3651 1005 3710 1056 ἓν

2133 1095 2279 1148 ὄντα·
2310 1093 2426 1157 πῶς
2454 1095 2515 1146 οὐ
2542 1094 2700 1164 δῆλος
2719 1094 2785 1146 ἂν
2813 1095 3022 1162 γένοιτο
3044 1095 3154 1164 (55)
3180 1095 3272 1147 τὸν
3300 1095 3397 1166 μὲν
3420 1095 3710 1148 Σαϐέλλιον

2134 1187 2513 1256 ὑποδυόμενος·
2543 1187 2640 1257 τῆς
2666 1187 2722 1240 δὲ
2765 1187 2822 1238 ὲν
2851 1187 3070 1258 Χριστῷ
3101 1187 3354 1256 γνώσεώς
3392 1205 3451 1241 τε
3479 1190 3573 1242 καὶ
3609 1191 3709 1260 χά-

2139 1294 2281 1348 ριτος
2309 1278 2733 1348 ἡλλοτριωμένος
2772 1278 2942 1341 ;οὑδὲ
2985 1279 3092 1351 γὰρ
3133 1279 3335 1350 ζητεῖν,
3374 1280 3491 1333 οὐδὲ
3534 1283 3710 1352 ἀμφι-

2135 1368 2371 1433 ϐάλλειν,
2417 1369 2524 1422 οὐδ’
2575 1369 2782 1440 ἐρωτᾷν
2833 1372 2944 1432 τοῖς
3002 1369 3362 1441 βουλομένοις,
3415 1373 3462 1424 εί
3504 1367 3572 1442 ἦν
3617 1371 3713 1424 καὶ

2138 1461 2310 1531 προῆν
2360 1463 2389 1512 ὁ
2425 1459 2715 1530 μονογενὴς
2775 1459 2896 1523 Υἱὸς
2947 1459 3038 1513 τοῦ
3087 1461 3241 1528 Θεοῦ,
3279 1463 3432 1533 ότῆς
3487 1465 3717 1535 Ἐκκλη-

2138 1553 2258 1616 σίας
2287 1552 2396 1622 (54)
2437 1552 2717 1624 ἐπιτρέποι
2745 1553 2810 1606 ἂν
2841 1553 3057 1622 θεσμός·
3088 1554 3490 1627 ὁμολογουμένῃ
3539 1555 3595 1608 δὲ
3618 1558 3714 1609 καὶ

2135 1642 2489 1715 ἀναμφιϐόλῳ
2507 1646 2685 1697 πίστει
2711 1645 2806 1697 σὺν
2841 1643 3017 1713 πολλῷ
3050 1643 3162 1713 (55)
3195 1645 3288 1697 κα)⁵
3323 1647 3606 1717 παρρησίᾳ
3635 1646 3716 1717 δι-

2135 1736 2323 1789 δάσκει
2356 1736 2446 1788 τὸν
2475 1735 2606 1788 Θεὸν
2649 1735 2866 1807 Πατέρα
2913 1732 3052 1789 εἶναι
3098 1735 3226 1788 Υἱοῦ
3260 1736 3350 1789 τοῦ
3391 1737 3714 1808 μονογενοῦς

471 1834 655 1878 scente
681 1838 782 1878 suo
817 1821 978 1876 Patre
1008 1840 1021 1874 ε
1054 1833 1336 1892 operatum
1368 1837 1495 1876 vero
1533 1822 1671 1876 idem
1708 1823 1877 1892 ipsum
1910 1821 2038 1876 Ver—

2152 1830 2439 1898 5μολογεῖν,
2479 1829 2573 1883 καὶ
2618 1830 2754 1900 μήτε
2802 1831 2892 1882 τὸν
2932 1829 3148 1901 Πατέρα
3175 1828 3304 1881 Υίὸν
3329 1825 3486 1891 εἶναι,
3531 1831 3563 1900 ἢ
3599 1831 3714 1902 (56)

471 1917 623 1979 bum,
650 1929 772 1968 cum
821 1924 1103 1968 creaturas
1146 1912 1438 1984 eﬁigiaret,
1460 1915 1684 1983 perinde
1711 1930 1775 1968 ac
1800 1930 1894 1985 per
1923 1931 2040 1970 om-

2152 1922 2234 1974 καὶ
2259 1921 2348 1973 τὸν
2391 1921 2518 1975 Υὲὸν
2551 1899 2770 1992 Πατέρα
2790 1920 3048 1990 νομίζεινο
3078 1899 3213 1975 ἀλλὰ
3235 1923 3325 1975 τὸν
3366 1923 3463 1992 μὲν
3479 1899 3716 1994 ἀγέννηξ-

474 2006 562 2058 nia
593 2004 644 2058 in
674 2003 984 2056 hominibus
1014 2002 1152 2056 solet
1181 2001 1298 2057 ﬁeri
1331 2020 1344 2069 ;
1377 2004 1463 2056 ubi
1496 2003 1547 2056 in
1602 2004 2037 2073 conquiescenti-

474 2095 576 2148 bus
623 2093 824 2148 otiatur
881 2091 1138 2155 Verbum,
1188 2101 1446 2160 operatur
1479 2101 1656 2146 autem
1686 2093 1738 2145 in
1775 2083 2042 2161 loquenti-

475 2187 576 2238 bus
605 2199 619 2237 :
658 2185 703 2240 is
730 2182 969 2252 profecto
999 2183 1277 2251 conspirat
1302 2183 1743 2239 manifestissime
1769 2199 1888 2238 cum
1914 2198 2039 2238 sen-

486 2278 648 2331 tentia
700 2275 1031 2336 Judteorum,
1067 2275 1409 2345 abnegatque
1437 2292 1582 2340 eum,
1621 2277 1711 2347 qui
1762 2292 1886 2332 vere
1947 2279 2040 2332 Dei

474 2369 643 2422 Filius
673 2379 778 2422 est.
808 2366 863 2420 Si
889 2367 1012 2436 quis
1039 2365 1282 2422 Judaeum
1312 2369 1748 2439 interrogaverit,
1781 2385 1848 2424 an
1875 2369 2040 2424 Deum

475 2471 630 2530 putet
666 2459 897 2515 Verbum
957 2476 1116 2515 suum
1186 2460 1711 2525 habere?0tnniao,
1753 2473 1900 2517 certe
1957 2477 2043 2516 re-

477 2569 780 2622 sponsurus
827 2564 932 2618 est,
993 2564 1141 2622 puto.
1178 2553 1434 2609 Libenter
1471 2555 1736 2622 siquidem
1768 2555 2046 2626 proﬁtetur

475 2645 712 2710 Judaeus,
747 2660 851 2700 non
887 2644 1107 2699 Verbum
1141 2646 1320 2711 modo,
1346 2647 1475 2716 quin
1515 2645 1683 2701 Verba
1721 2648 1924 2701 inlinita
1950 2649 2047 2702 ha-

478 2739 606 2793 bere
653 2738 840 2792 Deum.
885 2737 1037 2804 Quod
1090 2737 1136 2792 si
1189 2738 1367 2792 adhuc
1400 2738 1588 2802 instes,
1624 2753 1690 2792 an
1727 2737 1921 2792 Filitnn
1953 2740 2047 2792 lta-

455 2830 634 2884 .beat?
668 2845 772 2884 non
801 2840 885 2883 est
919 2831 1020 2884 hoc
1047 2830 1290 2898 perinde,
1323 2843 1463 2892 reor,
1509 2828 1881 2884 confessurus.
1925 2828 2044 2882 Jam

479 2935 628 2984 vero,
652 2921 696 2974 si
731 2935 835 2974 non
870 2919 1092 2975 Judazus
1117 2920 1407 2988 quispiam,
1437 2919 1527 2973 sed
1575 2920 1620 2972 is
1681 2921 1770 2987 qui
1820 2919 1891 2972 sit
1922 2935 2045 2974 cum

477 3012 832 3079 episeOpatu,
889 3011 1038 3064 illam
1097 3009 1365 3064 invexerit
1409 3009 1754 3079 Opinionem,
1817 3007 2046 3063 Verbum

477 3116 594 3157 esse
648 3102 800 3156 illum
836 3144 852 3167 ,
909 3103 1005 3156 sed
1072 3102 1180 3156 Deo
1261 3103 1632 3156 tantummodo
1717 3101 2044 3156 adunitum:

2139 2029 2229 2064 τον
2263 2012 2357 2065 καὶ
2389 2011 2556 2065 ἀΐδιον
2583 2013 2673 2065 κα)⁸
2689 2012 2921 2084 ἄναρχον
2939 2015 3033 2066 καὶ
3055 2012 3268 2084 πρῶτον
3294 2016 3385 2068 καὶ
3417 2016 3575 2085 μόνον
3605 2017 3720 2068 Πα-

2140 2105 2275 2175 τέρα
2331 2103 2526 2155 σέϐειν*
2577 2104 2668 2156 τὸν
2710 2104 2766 2156 δὲ
2795 2105 2856 2156 ἐκ
2885 2102 2980 2157 τοῦ
3015 2103 3223 2176 Πατρός
3262 2107 3580 2177 γεννηθῆναι
3623 2108 3719 2160 καὶ

2146 2193 2467 2263 ὑποστῆναι,
2514 2194 2609 2247 καὶ
2635 2193 2795 2263 μόνον
2844 2194 2972 2246 Υἱὺν
3003 2193 3110 2263 (57)
3146 2197 3404 2267 μονογενῆ
3449 2194 3587 2250 εἶναι
3636 2215 3721 2250 πι-

2146 2283 2352 2336 στεύειν
2367 2283 2500 2336 Θεὸν
2525 2302 2582 2336 τε
2606 2285 2766 2338 αὐτὸν
2783 2287 2857 2348 ὼς
2873 2285 3086 2355 ἀληθῶς
3101 2285 3227 2339 Υἰδν
3257 2287 3384 2340 ὄντα
3405 2287 3562 2350 Θεοῦ,
3578 2307 3720 2357 γνω-

2145 2374 2333 2444 ρίζειν.
2349 2375 2484 2446 Εἰδὴ
2503 2374 2612 2445 (58)
2627 2371 2719 2429 οῦν
2732 2376 2938 2439 τούτοις
2957 2377 3052 2447 μὲν
3065 2378 3174 2446 (59)
3191 2377 3482 2448 ἀντιλέγων
3499 2398 3582 2444 τις
3603 2382 3722 2448 φαί-

2144 2479 2304 2526 νοιτο,
2341 2461 2512 2532 Λόγον
2537 2464 2593 2517 δὲ
2623 2463 2756 2516 Θεοῦ
2790 2464 2988 2534 ὁμοίως
3014 2464 3090 2534 τῷ
3122 2467 3177 2517 έν
3206 2466 3511 2537 ἀνθρώποις
3531 2469 3720 2522 τοῦτον

2145 2553 2395 2622 ὁρίζοιτο,
2422 2555 2522 2607 οὐκ
2551 2554 2744 2607 ἐννοῶν
2770 2555 2888 2608 οὐδὲ
2913 2555 3275 2626 λογιζόμενος,
3311 2559 3386 2623 ὡς
3407 2560 3556 2614 οὐδὲν
3613 2562 3721 2633 χρὴ

2147 2644 2494 2714 θνητὸν,οὐδὲ
2531 2643 2862 2715 ἀνθρώπινον
2891 2645 2968 2716 τῷ
3006 2646 3260 2700 ἐπέκεινα
3293 2648 3400 2701 τῶν
3424 2648 3562 2702 ὅλων
3591 2651 3723 2704 ἀνα-

2145 2731 2350 2789 τιθέναι
2371 2735 2508 2805 Θεῷ,
2539 2735 2647 2788 οὐδ’
2667 2735 2802 2800 ὅλως
2824 2753 2875 2789 τι
2897 2737 3003 2790 τῶν
3029 2740 3107 2801 είς
3135 2740 3405 2813 ἡμετέραν
3421 2741 3722 2813 ἐνθύμησιν

2146 2827 2420 2889 ἀνιόντων,
2440 2827 2543 2880 κᾶν
2573 2828 2628 2880 αί
2656 2826 2794 2880 θεῖαι
2826 2827 3059 2897 Γραιραὶ,
3087 2829 3272 2902 ὥσπερ
3306 2832 3456 2894 τινὰς
3493 2833 3724 2902 νηπίους

2147 2918 2587 2988 παιδαγωγοῦσαι
2612 2920 2737 2983 τοὺς
2769 2920 3212 2991 ἐντυγχάνοντας,
3245 2923 3725 2996 ἀνθρωπινώτερον

2148 3011 2275 3083 περὶ
2309 3010 2603 3080 αὑτοῦμο)
2653 3009 3022 3079 διαλέγωνται,
3066 3016 3250 3084 χεῖρας
3298 3014 3466 3085 αὐτῷ,
3504 3015 3597 3067 καὶ
3629 3017 3725 3068 πό-

2148 3103 2262 3168 δας,
2287 3105 2378 3156 καὶ
2401 3104 2729 3174 ὀφθαλμοὺς,
2767 3104 2862 3158 καὶ
2879 3105 3078 3174 φωνὰς,
3110 3107 3203 3158 καὶ
3239 3106 3447 3175 λόγους,
3484 3109 3579 3161 καὶ
3603 3109 3725 3162 στό-

481 3199 538 3256 ›Ῑ‹
570 3204 832 3248 αιιετιιιιιιι
867 3203 1041 3246 tamen
1071 3204 1125 3246 et
1154 3192 1475 3259 ingenitum,
1516 3207 1681 3245 unum
1715 3201 1874 3260 atque
1905 3192 2044 3246 idem

2153 3214 2316 3269 ματα,
2361 3198 2455 3250 καὶ
2508 3197 2818 3267 πρόσωπον,
2853 3199 2947 3251 καὶ
2991 3199 3158 3272 μυρία
3202 3199 3334 3252 ἄλλα
3383 3199 3604 3253 τοιαῦτα
3637 3219 3726 3253 πε-

477 3303 704 3342 numero
736 3304 855 3342 cum
905 3288 1036 3354 Deo,
1068 3288 1372 3343 nominibus
1409 3288 1637 3342 diversis
1676 3287 1853 3342 Patris
1888 3297 2047 3358 atque

479 3378 597 3432 Filii
630 3390 966 3448 usurpatum,
999 3380 1297 3434 substantia
1327 3389 1501 3434 tamen
1527 3379 1667 3435 idem
1697 3389 1750 3434 et
1775 3380 2048 3450 hypostasi

489 3538 498 3547 ·
559 3526 614 3582 ›Ι‹
654 3521 749 3573 Ed.
787 3519 957 3573 Paris.
1012 3535 1132 3589 pag.
1165 3521 1215 3572 5.

553 3619 574 3645 ⁸
606 3616 760 3670 Joan.
800 3630 851 3676 v,
883 3614 972 3667 96.

486 3813 724 3884 ἐνεργῶν
746 3813 823 3877 δέ,
854 3815 908 3866 ἐν
929 3813 1006 3883 τῷ
1037 3813 1131 3883 τὴν
1156 3814 1332 3884 κτίσιν
1357 3812 1723 3882 δημιουργεῖν.
1758 3810 1800 3864 Ε
1824 3825 2054 3884 sequen-

491 3880 658 3948 tibus,
683 3897 870 3937 vocent
901 3880 1047 3938 illam
1090 3880 1350 3953 ’ἡμετέρῳ
1387 3880 1655 3953 "librarius
1717 3880 2058 3953 transcripsit

487 3954 940 4024 otiosus.7[Delevi
971 3949 1456 4024 εοιη.’1’ῐί1.-ο’-Ιιιῖς·ε
1488 3952 1734 4014 Ἰουδαῖος
1749 3949 1822 4002 ὢν
1843 3949 2058 4018 scripsi.

561 4024 697 4098 (ὅθ’)
724 4023 894 4094 Vulgo
935 4023 1168 4092 εἰσάγοι.

556 4118 668 4187 (51)
698 4115 808 4172 Καὶ
850 4115 1064 4170 τοῦτον
1109 4113 1259 4170 εἶναι
1319 4116 1528 4187 ἀΐδιοννᾲ
1555 4115 1651 4168 καὶ
1678 4115 2057 4187 λάῃνὲινητον.

533 4183 709 4254 εἰηρέ,
729 4197 992 4255 quatenus
1013 4197 1133 4240 erat
1155 4189 1206 4240 in
1235 4187 1362 4248 Deo.
1393 4185 1539 4256 αὐτῷ
1568 4183 1760 4247 συνὼν,
1783 4183 2060 4255 ἡνωμένος

483 4257 652 4328 αὐτῷ.
685 4256 821 4310 Nam
862 4256 1128 4328 alioquin,
1156 4258 1372 4311 ascribit
1401 4256 1691 4328 Eusebius
1741 4259 1880 4328 hanc
1938 4256 2055 4323 Opi-

488 4324 705 4382 nionem
730 4324 1005 4389 Marcello,
1020 4330 1162 4395 quod
1183 4326 1636 4395 quemadmodum
1653 4333 1804 4379 extra
1822 4324 2058 4387 Patrem,

490 4412 685 4464 nempe
710 4398 764 4450 in
785 4394 1050 4458 creando,
1077 4397 1354 4462 inceperat
1395 4411 1557 4450 esse:
1591 4394 1671 4449 sic
1700 4402 1754 4448 et
1773 4395 1910 4464 olim
1960 4395 2060 4448 de-

491 4463 699 4520 sineret
728 4480 852 4519 esse
889 4467 1030 4533 quod
1082 4476 1218 4528 erat,
1261 4477 1314 4519 et
1347 4466 1398 4516 in
1439 4463 1664 4517 nihilum
1696 4463 2050 4531 redigeretur.

489 4536 660 4601 Quam
689 4549 836 4598 vere,
863 4536 1135 4589 nescimus
1164 4544 1346 4588 :certe
1378 4534 1637 4587 Eusebius
1659 4534 1745 4586 hic
1770 4534 2054 4598 arianizat,

491 4607 582 4674 qui
611 4605 781 4672 Λόγον
811 4604 978 4657 ἀΐδιον
1005 4619 1124 4674 esse
1156 4611 1313 4672 negat
1348 4614 1403 4658 et
1453 4605 1506 4657 in
1556 4603 1832 4673 ἀγεννήτῳ
1880 4602 2053 4667 ludit;

492 4677 634 4743 quod
657 4674 928 4728 iaciebant
961 4674 1056 4726 illi.
1099 4673 1172 4729 M.

565 4764 678 4888 (ξιξ)
709 4765 818 4888 Kr).
848 4765 1042 4818 ταύτόν
1071 4765 1188 4820 loco
1241 4764 1336 4816 καὶ
1360 4763 1522 4817 αὐτόν
1551 4763 1672 4820 dedi
1697 4781 1712 4829 ;
1752 4763 1822 4818 cf.
1858 4780 1908 4834 p.
1939 4763 1972 4816 6
1999 4763 2060 4828 D,

680 4876 694 4888 .
729 4851 758 4888 e
785 4851 834 4888 c.

490 4851 546 4904 p.
572 4851 605 4888 δ
627 4851 694 4900 ιλ,
729 4851 834 4888 etc.

563 4926 674 4995 (55)
706 4925 816 4978 Τὸν
857 4925 974 4993 μὲν
1006 4923 1332 4980 Σαϐἐλλιον
1364 4923 1790 4995 ὑποδυόμενος.
1841 4925 2065 4992 Semper

493 4996 638 5048 bnnc
665 4996 919 5049 Marcello
953 4995 1426 5065 objectatanctor,
1468 4997 1557 5063 qui
1584 4995 1750 5065 Libya
1779 4995 2062 5059 oriundus,

491 5065 823 5117 Ptolomaide
860 5065 1140 5128 nimirum,
1180 5063 1335 5135 Nocti
1379 5063 1698 5135 discipulus
1722 5075 1861 5124 erat.
1896 5081 1923 5117 a
1952 5079 2064 5132 quo

495 5137 824 5202 impietatem
853 5144 1134 5202 acceptam
1169 5134 1316 5187 auxit
1345 5145 1400 5189 et
1428 5134 1692 5196 dilatavit,
1732 5145 1788 5188 ut
1831 5149 1928 5186 usu
1975 5150 2064 5188 so-

492 5206 565 5256 let
599 5205 780 5257 venire
818 5205 868 5258 in
903 5204 1192 5260 haereticis.
1238 5203 1382 5257 Vixit
1407 5207 1553 5259 circa
1603 5220 1802 5257 annum
1851 5203 2061 5256 Domini

489 5275 615 5328 ‘260.
643 5274 966 5326 Trinitatem
987 5275 1037 5325 in
1071 5275 1230 5327 unius
1249 5289 1491 5342 personae
1515 5276 1794 5341 angustias
1820 5282 2064 5327 coarcta-

493 5350 588 5408 vit,
619 5355 672 5397 et
704 5345 759 5396 in
795 5344 958 5396 tribus
986 5343 1276 5407 vocabulis,
1311 5344 1644 5396 trinominem
1682 5344 1865 5406 Deum,
1887 5344 2064 5395 crede-

491 5416 577 5466 bat
610 5429 629 5466 :
667 5430 783 5465 cum
818 5411 1051 5465 Ecclesia
1075 5429 1100 5465 e
1127 5424 1330 5478 contra,
1354 5423 1457 5466 tres
1497 5414 1852 5475 subsistentes,
1889 5427 2060 5476 veras,

489 5487 741 5552 integras,
767 5493 811 5536 et
835 5483 1092 5552 perfectas
1119 5499 1389 5550 personas,
1410 5482 1671 5550 indefessa
1694 5499 1814 5537 voce
1829 5496 2062 5552 pronun-

489 5553 600 5614 tiet,
626 5553 699 5622 ait
723 5553 780 5604 Β.
823 5554 1196 5622 Ηιειύιιγιιιιιε.
1232 5553 1301 5606 Μ.

463 5685 467 5694 ι
562 5621 676 5690 (Si)
715 5621 1040 5694 Ἐπιτρέπει
1078 5624 1319 5692 θεσμός.
1365 5622 1496 5675 Erat
1528 5623 1682 5694 enim
1722 5623 1774 5694 in
1817 5621 2065 5694 con[esso

493 5687 747 5759 poSittim,
776 5687 913 5744 εἶναι
953 5704 1007 5748 et
1054 5687 1297 5763 προεῖναι
1338 5694 1429 5746 τὸν
1464 5693 1633 5760 Λόγον
1677 5692 1770 5745 τοῦ
1818 5691 1972 5759 Θεοῦ,
2012 5705 2066 5746 et

492 5763 807 5832 qumsetnel
847 5773 1002 5816 erant
1024 5764 1202 5815 πίστει
1230 5763 1619 5832 παραδοθέντα,
1657 5779 1760 5817 non
1789 5771 1948 5817 erant
1974 5777 2064 5816 vo-

495 5831 666 5886 cauda
699 5831 752 5884 in
785 5834 1138 5908 quaestionem
1179 5831 1398 5898 iterum,
1423 5837 1618 5889 nonde
1649 5833 1718 5889 iis
1754 5834 2060 5902 disquiren-

2157 3288 2495 3358 ριάπτουσαι·
2530 3286 2566 3340 ἃ
2594 3285 2657 3357 δὴ
2681 3286 2792 3358 (41)
2834 3288 3100 3358 προσήκει
3133 3288 3457 3360 μεταφέρειν
3483 3289 3577 3340 ἐπὶ
3607 3287 3727 3340 Geo-

2153 3383 2385 3450 πρεπείς
2411 3378 2636 3444 ἑννοίας,
2669 3379 2820 3432 οὐδὲν
2853 3379 3044 3450 θνητὸν
3070 3380 3179 3433 οὐδ’
3201 3379 3536 3451 ἀνθρώπινον
3563 3382 3618 3434 ὲν
3648 3379 3727 3450 τῷ

2163 3809 2287 3877 dum
2316 3808 2763 3877 ambigendumve
2807 3824 2820 3861 :
2859 3807 3065 3877 optimo
3097 3808 3362 3871 instituto,
3411 3817 3465 3863 et
3515 3824 3728 3866 summo

2163 3876 2417 3949 Ecclesia:
2441 3876 2584 3932 bono
2618 3878 2670 3931 in
2703 3893 2855 3932 nsunt
2883 3876 3204 3949 revocando.
3243 3877 3378 3931 Nam
3427 3879 3726 3949 cuicunque

2166 3948 2416 4011 Cerdoni,
2450 3949 2671 4013 sartori,
2700 3947 2917 4013 textori,
2937 3949 3003 4001 de
3039 3949 3200 4018 rebus
3235 3949 3405 4004 sacris
3429 3947 3724 4018 garriendi,

2168 4027 2360 4071 contra
2419 4032 2504 4071 res
2556 4033 2742 4071 sacras
2789 4018 3091 4087 insaniendj
3128 4017 3345 4086 impune
3375 4017 3723 4087 permittitur,

2169 4097 2482 4154 usurpatur,
2501 4087 2672 4140 ἄδεια.
2696 4088 2918 4140 Videtur
2939 4086 3310 4156 hiciEusebins
3333 4086 3574 4156 jugulum
3617 4090 3727 4141 sal-

2170 4166 2274 4208 tem
2295 4161 2466 4228 ipsum
2489 4157 2999 4228 petereArianismi.
3026 4155 3311 4228 Eratenim
3333 4155 3602 4228 illud_Arii
3624 4158 3696 4228 ψή
3725 4197 3728 4199 -

2167 4222 2362 4296 φισμα,
2398 4226 2450 4280 in
2485 4222 2674 4294 primis
2700 4226 3058 4298 κυριώτατον,
3081 4222 3160 4295 ἦν
3187 4225 3285 4280 ὅτε
3315 4229 3426 4280 οὐκ
3452 4223 3556 4298 ἦν,
3583 4222 3725 4296 quod

2165 4295 2380 4349 videtur
2410 4311 2610 4365 negare
2634 4311 2648 4348 :
2678 4295 2786 4350 sed
2805 4311 2990 4348 revera
3018 4297 3244 4360 videtur,
3275 4313 3395 4349 nam
3424 4295 3484 4350 et
3508 4295 3646 4351 εἶναι
3673 4308 3727 4350 et

2164 4369 2406 4436 προεῖναι
2433 4368 2731 4420 concedere
2754 4366 2900 4436 illum
2936 4374 3204 4436 poterant,
3231 4375 3293 4436 et
3313 4380 3498 4420 revera
3527 4383 3726 4420 conce-

2163 4433 2381 4506 debant,
2415 4451 2510 4488 nec
2539 4435 2935 4506 tantcnabii‘lla
2984 4433 3111 4506 δόξᾳ
3167 4433 3332 4506 κυρίᾳ
3379 4437 3726 4506 recedebant,

2161 4505 2266 4574 πρὸ
2286 4507 2491 4576 χρόνων
2521 4501 2658 4576 εἶναι
2690 4505 2781 4556 τὸν
2829 4503 2953 4576 Υἰὸν
2987 4501 3191 4576 ἔλεγον,
3240 4501 3568 4576 πεποιῆσθαι
3599 4506 3728 4576 μὲν-

2091 4579 2133 4633 D
2161 4591 2263 4638 τοι,
2288 4574 2383 4628 καὶ
2402 4575 2499 4629 ἕνα
2528 4575 2634 4628 τῶν
2672 4575 2981 4645 κτισμάτων
3024 4574 3182 4645 αὐτὸν
3212 4574 3508 4640 ἐδίδασκον,
3557 4574 3614 4630 ut
3656 4577 3730 4630 lo-

2209 4648 2352 4698 uitur
2387 4661 2612 4714 magnus
2634 4644 2985 4709 Athanasius,
3021 4644 3095 4697 De
3137 4649 3334 4714 synodo
3387 4647 3726 4698 Ariminensi.

2215 4730 2388 4783 etnpe,
2434 4724 2558 4769 ante
2602 4714 2737 4769 alias
2784 4728 2972 4783 omnes
3023 4726 3300 4768 creaturas
3351 4715 3550 4769 factum
3594 4715 3731 4768 {atc—

2167 4781 2386 4848 bantur,
2419 4800 2524 4838 non
2568 4795 2744 4837 tamen
2789 4781 2856 4836 ab
2897 4795 3121 4854 aeterno.
3157 4783 3364 4837 inﬁnita
3406 4786 3601 4854 quippe
3634 4800 3729 4838 sm-

2165 4856 2281 4906 cula
2298 4855 2348 4907 in
2374 4855 2673 4908 :eternitate
2691 4851 3045 4922 κοσμοποιίαν
3065 4851 3728 4908 ιιιιιενενιίεεθίύόιῖοὺαιιι.

2169 4924 2344 4991 Atque
2378 4926 2452 4977 ita
2486 4923 2750 4977 Eusebius
2777 4923 2831 4976 in
2867 4922 2989 4991 ﬁdei
3022 4937 3131 4976 sua:
3171 4923 3404 4986 ἐκθέσει,
3431 4937 3592 4991 quam
3634 4925 3729 4977 Ec-

2166 4989 2344 5062 cileSia:
2413 4994 2660 5056 ascribit,
2712 4992 2880 5062 Deum
2934 4989 3149 5062 Patrem
3210 4989 3502 5062 ἀγέννητον
3554 5003 3729 5054 vocat.

2165 5061 2361 5134 Filium
2388 5062 2584 5116 fatetur
2608 5062 2768 5134 μόνον
2785 5061 2878 5113 καὶ
2897 5061 3190 5134 μονογενῆ,
3207 5078 3308 5134 non
3327 5061 3506 5134 autem
3526 5062 3728 5134 ᾁῖδίως.

2167 5133 2271 5185 Sed
2305 5148 2402 5185 nec
2436 5134 2521 5185 illa
2558 5131 2675 5198 qua:
2702 5147 2822 5185 mox
2860 5131 3120 5195 annectit,
3158 5131 3289 5183 Θεόν
3339 5148 3396 5183 τε
3440 5131 3624 5195 αὑτὸν,
3661 5132 3727 5196 ὡς

2165 5201 2379 5271 ἀληθῶς
2403 5203 2528 5254 Υἱὺν
2552 5202 2680 5255 ὄντα
2719 5199 2877 5268 Θεοῦ,
2913 5199 3218 5270 γνωρίζειν,
3247 5201 3314 5254 ab
3349 5203 3654 5255 Arianismo
3676 5204 3728 5254 il-

2168 5272 2272 5323 lunt
2302 5275 2627 5334 excludunt;
2651 5287 2774 5324 nam
2801 5273 2985 5324 Ariani
3017 5272 3356 5339 ltocdabant,
3386 5275 3477 5324 sed
3497 5281 3731 5324 creatum

2167 5351 2341 5394 tamen
2366 5359 2380 5404 ;
2416 5351 2470 5394 et
2496 5343 2560 5394 de
2587 5342 2686 5394 οὐκ
2711 5339 2879 5393 ὄντων
2912 5341 3029 5394 vide
3045 5342 3384 5395 Alburnorat.
3419 5356 3499 5395 tu.
3521 5339 3591 5396 bl.

2238 5411 2347 5482 (55)
2385 5411 2585 5482 Θάρσει
2615 5412 2730 5482 loco
2763 5411 2954 5482 θράσει
2980 5425 3044 5468 ex
3081 5424 3223 5466 corr.
3259 5412 3455 5482 recepi.

2239 5427 2347 5479 too)
2385 5427 2463 5464 ua
2504 5427 2585 5464 σει
2615 5427 2658 5465 tu

2239 5481 2352 5548 (56)
2393 5427 2518 5534 Defe
2540 5481 2658 5532 καί.

2237 5550 2348 5621 (57)
2377 5549 2547 5621 Vulgo
2581 5551 2673 5621 καὶ
2701 5567 2822 5620 μον.

2237 5617 2349 5688 (58)
2377 5617 2546 5689 Vulgo
2584 5619 2663 5674 δέ.

2236 5690 2347 5762 ire)
2380 5689 2551 5762 Xulso
2573 5689 2892 5762 ᾲντιλέγειν.

2237 5758 2349 5830 (40)
2380 5758 2549 5831 Vulgo
2572 5758 2925 5831 διαλέγονται.

2239 5818 2349 5900 (si)
2386 5818 2555 5886 νιιιῖιο
2584 5831 2642 5883 δέ
