4008 6516
325 441 422 492 ττι

1467 439 1752 496 CONTRA
1787 441 2218 498 MARCELLUM
2259 445 2387 499 LIB.
2431 448 2469 504 Ι.

3485 454 3583 505 72'!

324 555 442 626 Θεῷ
475 549 617 607 εἶναι
643 552 1104 625 φανταζομένους.
1137 555 1380 626 Πνεῦμα
1411 555 1520 627 γὰρ
1560 559 1592 610 ό
1627 557 1770 623 Θεὸς
1809 558 1907 611 καὶ

2023 575 2179 612 unum
2207 563 2584 629 eumdemquc,
2614 564 2658 616 is
2689 565 2927 631 profecto
2960 565 3255 620 Sabellium
3289 574 3457 620 totum
3485 567 3582 620 sibi

323 648 465 713 τοὺς
502 647 1002 715 προσκυνοῦντας
1039 645 1199 712 αὐτῷ
1227 649 1296 701 ἐν
1323 651 1612 720 πνεύματι
1637 651 1736 704 καὶ
1761 651 1906 718 ἀλη-

319 740 452 807 θείᾳ
499 735 595 792 δεῖ
634 738 1024 806 προσκυνεῖν,
1069 739 1230 802 αὐτὸς
1271 739 1793 814 ὲδίδαξενόΣωτήρ.
1843 743 1906 796 Εἰ

315 831 376 882 δὲ
416 829 654 899 πνεῦμα,
686 829 843 901 δῆλον
872 831 952 883 ὅτι
989 829 1152 895 θεῖον,
1190 833 1433 902 κρεῖττον
1467 833 1667 894 παντὸς
1717 833 1908 902 αἰσθη-

314 938 414 974 του
443 921 543 974 καὶ
573 920 827 974 συνθέτου
859 921 1125 993 σώματος·
1163 922 1238 986 ὡς
1276 925 1412 995 μήτε
1434 925 1628 994 Λόγον
1653 924 1906 995 αἰσθητὸν

317 1014 607 1089 {latro-ub
622 1011 867 1084 γλώττης
898 1013 1008 1084 (42)
1039 1014 1417 1086 ἐξηχούμενον,
1455 1016 1548 1068 καὶ
1591 1015 1676 1068 διὰ
1706 1033 1908 1087 προφο-

320 1107 425 1176 ρᾶς
449 1105 667 1176 Θνητοῖς
701 1105 835 1158 ὠσὶν
865 1105 1272 1177 ὲξακουόμενον,
1310 1109 1445 1178 μήτε
1479 1106 1744 1176 γλῶτταν,
1771 1110 1906 1180 μήτε

317 1197 530 1268 φωνὴν,
562 1198 701 1268 μήτε
716 1196 1041 1274 πρόσωπον,
1074 1199 1211 1268 μήτε
1226 1197 1353 1250 ἄλλο
1377 1197 1554 1269 Θνητῷ
1579 1201 1671 1252 καὶ
1697 1198 1907 1270 ἀνθρω-

315 1290 464 1360 πίνῳ
499 1289 745 1361 λογισμῷ
791 1289 1291 1362 παραὸαλλόμενον.
1341 1292 1402 1344 Εἰ
1457 1292 1564 1362 γάρ
1602 1309 1653 1344 τι
1693 1292 1840 1355 ἄλλο,
1877 1291 1907 1346 ὃ

315 1381 634 1450 ὀφθαλμὸς
665 1383 776 1435 οὐκ
797 1377 980 1446 εἶδεν,
1014 1381 1158 1453 οὐδὲ
1183 1378 1294 1449 οὖς
1315 1383 1604 1452 ἤκουσεν,
1632 1385 1774 1438 οὐδὲ
1809 1385 1910 1437 ἐπὶ

314 1473 437 1540 τὴν
494 1472 605 1543 (45)
641 1473 895 1542 καρδίαν
927 1473 1241 1541 ἀνθρώπου
1293 1477 1405 1530 οὐκ
1444 1476 1648 1544 ἀνέϐησ
1683 1476 1906 1548 (τοιαῦτ’

314 1559 481 1627 εἶναι,
500 1565 538 1618 ἆ
563 1565 892 1635 ἡτοίμασεν
923 1569 955 1619 ό
984 1566 1128 1632 Θεὸς
1159 1566 1474 1636 ἀγαπῶσιν
1494 1568 1701 1634 αὐτὸν,
1724 1571 1752 1622 ὁ
1767 1570 1910 1634 θεῖος

315 1656 560 1724 ἐδίδαξεν
604 1658 968 1732 Ἀπόστολος)
1001 1661 1206 1715 τούτων
1234 1662 1488 1716 ἁπάντων
1518 1661 1700 1726 αὐτὸς,
1730 1663 1757 1714 ὁ
1787 1661 1910 1716 τού-

311 1766 428 1801 των
459 1748 624 1820 δοτὴρ
648 1750 900 1820 ἀρρήτων
932 1751 997 1805 ἂν
1021 1752 1108 1823 εἴη
1133 1752 1516 1826 ἁρῤητότερος·
1545 1754 1603 1816 ὃς
1641 1754 1753 1825 (44)
1791 1754 1911 1807 πολ-

314 1839 398 1911 λῷ
440 1840 640 1911 μᾶλλον
693 1841 1055 1916 ἀληθέστερον
1103 1845 1237 1916 φαίη
1283 1843 1349 1898 ἂν
1397 1846 1453 1898 ἐν
1481 1848 1546 1916 τῇ
1581 1847 1708 1918 περὶ
1741 1847 1906 1901 αὑτοῦ

2011 634 2221 703 ἰιιάιιὶίε
2256 654 2324 703 ab
2359 651 2446 703 illa
2489 653 2658 721 gratia
2693 662 2747 706 et
2781 655 3088 723 cognitione
3125 655 3335 708 alienus
3366 656 3584 720 excidit,

2009 755 2128 809 quas
2159 756 2254 810 per
2287 739 2560 795 Christum
2604 752 2703 796 est.
2741 743 3054 814 Disquirere
3099 761 3202 798 non
3246 747 3452 814 patitur
3481 745 3584 799 Ec-
3624 801 3626 804 .

2010 829 2187 885 clesia:
2207 831 2312 894 lex,
2341 832 2534 885 nedum
2558 832 2908 888 subdubitare
2941 850 3058 898 nos,
3080 845 3174 889 aut
3210 851 3406 890 vocare
3430 835 3583 890 inter-
3623 819 3626 824 ’

2011 922 2252 990 rogando
2281 922 2332 974 in
2363 924 2735 991 quazstiouem,
2783 934 2962 979 utrum
3009 927 3100 979 Dei
3132 925 3300 981 Filius
3344 927 3583 996 unigeni-

2013 1022 2120 1078 tus,
2153 1024 2264 1067 erat
2287 1052 2301 1077 ,
2330 1023 2384 1066 et
2415 1025 2542 1071 ante
2574 1018 2753 1070 omnia
2773 1018 3182 1086 pra’exsistebat.
3214 1019 3380 1074 Docet
3407 1029 3584 1072 autem

2012 1104 2118 1159 [ide
2147 1104 2455 1170 ralihabita,
2503 1118 2556 1162 et
2605 1123 2726 1161 cum
2756 1125 2962 1162 summa
3007 1110 3329 1165 conﬁdentia
3364 1113 3583 1178 prolite-

2013 1204 2120 1259 tur,
2181 1196 2346 1250 Deum
2405 1200 2486 1252 sui
2536 1196 2655 1251 Fllll
2703 1199 2961 1268 unigeniti
3013 1215 3133 1254 esse
3181 1200 3430 1268 Patrem,
3481 1219 3585 1257 non

2012 1298 2193 1344 autem
2229 1289 2442 1342 Patrem
2473 1305 2593 1343 esse
2623 1289 2839 1356 Filium,
2875 1290 2952 1344 vel
2989 1291 3177 1344 Filium
3205 1309 3327 1348 esse
3352 1295 3585 1350 Patrem.

2012 1380 2165 1437 lluuc
2225 1397 2342 1436 esse
2405 1383 2738 1452 ingenitum,
2788 1392 3086 1448 :eternum,
3132 1385 3250 1439 siue
3290 1387 3589 1455 principio,

2010 1476 2243 1546 primum
2306 1488 2362 1530 et
2412 1475 2622 1539 solum,
2683 1473 2894 1529 Patrem
2947 1475 3306 1529 adorandum.
3368 1477 3520 1530 Illum
3562 1494 3591 1530 a

2014 1565 2174 1620 Patre
2210 1581 2308 1621 suo
2338 1567 2604 1636 genitum,
2637 1567 3043 1630 subsistentem,
3075 1567 3247 1621 solum
3279 1567 3504 1633 Filium,
3540 1576 3595 1623 et

2013 1655 2366 1724 unigenitum.
2400 1655 2565 1709 Deum
2597 1657 2739 1710 hunc
2769 1659 3011 1726 agnoscit
3039 1673 3288 1713 veracem
3329 1675 3471 1726 esse,
3506 1669 3594 1714 ut-

2011 1756 2135 1816 pote
2161 1763 2283 1802 cum
2325 1747 2417 1801 Dei
2446 1747 2669 1802 exsistat
2705 1748 2896 1804 Filius.
2944 1748 3042 1804 Cui
3081 1751 3126 1802 si
3166 1750 3286 1819 quis
3320 1752 3594 1806 contradi-

2015 1857 2138 1897 cere
2195 1842 2475 1897 sententim
2539 1855 2866 1912 praesumat,
2939 1851 2992 1896 et
3065 1843 3154 1897 Dei
3214 1841 3452 1898 Verbum
3519 1843 3594 1897 illi

316 1908 590 2006 Θεολογίᾳο
618 1908 928 2005 ὀφθαλμὸν
958 1908 1044 2006 pl;
1075 1908 1413 2006 ὲῶραιιέναι,
1452 1908 1607 2006 μηδὲ
1635 1908 1744 2005 οὖς
1771 1938 1911 2006 ἀκη-

2023 1934 2174 1988 verbo
2206 1949 2301 2003 per
2325 1933 2502 1987 omnia
2548 1933 2951 2000 assimilaverit,
2996 1932 3137 2002 quod
3190 1933 3241 1986 in
3291 1933 3598 1988 hominibus

314 2025 547 2114 ZOérfu,
569 2025 724 2095 μηδὲ
753 2028 852 2082 ἐπὶ
883 2028 1468 2111 καρδίανάνθρώπων
1485 2030 1911 2098 ἀναϐεϐηκέναι

312 2117 421 2188 τῆς
449 2109 578 2190 περὶ
613 2120 777 2174 αὐτοῦ
819 2121 1175 2194 καταλήψεως
1211 2109 1311 2194 τὴν
1340 2124 1563 2192 γνῶσιν.
1604 2124 1660 2176 Ὀ
1682 2125 1726 2176 δ’
1750 2123 1911 2186 αὐτὸς

314 2210 387 2262 ἂν
434 2212 519 2282 εἴη
562 2211 718 2280 λόγος
744 2214 839 2267 καὶ
880 2216 1011 2285 περὶ
1043 2215 1144 2284 τῆς
1185 2215 1278 2268 τοῦ
1312 2215 1446 2269 Υἱοῦ
1477 2216 1908 2288 γενεσιουργίας.

316 2299 364 2351 Τ
369 2299 544 2356 ούτων
577 2301 622 2355 δ’
653 2303 814 2368 αὐτὸς
839 2307 867 2358 ὁ
893 2305 1085 2377 Σωτὴρ
1138 2305 1436 2378 ἀξιόχρεως
1468 2309 1664 2377 γένοιτ’
1688 2307 1753 2362 ἂν
1783 2309 1913 2378 ἡμῖν

317 2389 673 2465 ιεροφάντης,
714 2389 817 2449 ὧδέ
845 2413 922 2467 πη
972 2397 1217 2466 φάσκων·
1256 2399 1461 2454 Πάντα
1483 2418 1585 2470 μοι
1616 2400 1913 2469 παρεδόθη

314 2485 441 2537 ὑπὸ
466 2486 573 2541 τοῦ
609 2489 839 2558 Πατρός
857 2508 997 2559 μου’
1028 2493 1123 2546 καὶ
1159 2493 1370 2560 Οὐδεὶς
1401 2494 1780 2564 ἐπιγινώσκει
1807 2494 1916 2550 ,τὸν

327 2576 472 2628 Υίὸν
495 2579 547 2630 εί
561 2577 648 2646 μὴ
703 2582 737 2632 ό
768 2581 997 2651 Πατὴρ,
1030 2584 1174 2637 οὐδὲ
1215 2585 1320 2637 τὸν
1350 2584 1582 2653 Πατέρα
1615 2603 1702 2652 τις
1729 2587 1914 2654 ἐπιγι-

315 2671 542 2727 νώσκει
561 2674 613 2725 εί
639 2671 725 2742 μὴ
777 2675 810 2726 ό
859 2674 1010 2739 Υἱός.
1048 2675 1111 2728 Ei
1159 2675 1225 2746 δὴ
1273 2671 1367 2729 οὖν
1399 2675 1609 2740 τούτοις
1639 2678 1735 2748 μὲν
1764 2681 1914 2732 ἀντι-

318 2761 619 2831 φθέγγοιτό
651 2778 756 2825 τις,
795 2761 888 2814 καὶ
939 2761 1013 2834 μὴ
1045 2762 1136 2814 τὸν
1169 2763 1319 2826 Υἱὸν,
1378 2757 1422 2832 ᾧ
1463 2764 1636 2818 πάντα
1673 2763 1918 2835 παρέδω-

319 2871 420 2905 κεν
447 2853 476 2905 ὁ
508 2852 698 2925 Πατὴρ
730 2853 1026 2922 ὑφεστάναι
1059 2852 1170 2923 (45)
1197 2852 1374 2921 λέγειν
1392 2853 1633 2926 τολμῴη,
1663 2855 1835 2924 Λόγον
1861 2857 1916 2910 δὲ

318 2944 488 2997 αὑτὸν
527 2944 762 3016 ὁρίζοιτο
805 2945 984 3015 μόνον,
1015 2946 1200 3016 ὅμοιον
1237 2944 1314 3016 τῷ
1345 2948 1402 3000 ἐν
1430 2945 1757 3018 ἀνθρώποις,
1788 2951 1919 3002 ποτὲ

322 3037 428 3108 μὲν
457 3039 514 3090 ἐν
548 3036 624 3108 τῷ
649 3035 767 3108 Θεῷ
823 3037 1188 3109 ἡσυχάζοντα,
1235 3039 1436 3108 ὁμοίως
1486 3038 1564 3110 τῷ
1609 3043 1738 3112 παρ’
1790 3043 1919 3112 ἡμῖν

323 3128 626 3192 σιωπῶντι,
671 3130 799 3182 ποτὲ
830 3129 886 3182 δὲ
915 3128 1262 3202 ἐνεργοῦντα,
1291 3129 1369 3201 τῷ
1399 3133 1528 3203 παρ’
1554 3133 1709 3204 ἡμῖν,
1737 3135 1793 3186 ὲν
1841 3134 1919 3204 τῷ

2015 2030 2320 2098 reperitur:
2356 2028 2398 2081 si
2443 2042 2539 2081 nec
2589 2027 2790 2095 cogitet
2823 2040 3028 2091 secum,
3063 2041 3162 2080 nec
3197 2025 3380 2079 animo
3428 2025 3599 2080 revol-

2012 2130 2134 2186 vat,
2184 2118 2316 2172 nihil
2365 2118 2499 2185 Deo,
2552 2133 2806 2189 supremo
2842 2133 3022 2171 rerum
3061 2117 3301 2171 omnium
3333 2115 3594 2186 principi,

2013 2227 2132 2267 esse
2181 2212 2541 2282 aliingendum
2588 2211 2728 2281 quod
2775 2211 2842 2264 sit
2887 2209 3115 2265 mortale
3167 2221 3220 2264 et
3254 2209 3596 2263 humanum:

2014 2303 2124 2356 imo
2150 2317 2217 2357 ue
2259 2303 2474 2372 quidem
2509 2300 2802 2356 illiusmodi
2850 2301 3052 2370 aliquid
3083 2315 3203 2372 quae
3238 2316 3333 2356 nos
3364 2301 3599 2356 solemus

2015 2394 2196 2449 animo
2221 2404 2274 2449 et
2314 2395 2640 2463 cogitatione
2672 2394 3156 2462 comprehendere,
3201 2403 3474 2462 utcunque
3522 2393 3603 2446 in-

2019 2489 2227 2543 terdum
2273 2485 2566 2556 Scriptura:
2617 2501 2825 2551 sacrm,
2875 2489 3004 2540 dum
3056 2496 3310 2555 tanquam
3354 2483 3604 2554 puerulos

2018 2581 2248 2637 lectores
2280 2579 2553 2646 erudiunt,
2591 2580 2900 2634 humanitus
2931 2580 2997 2632 de
3038 2579 3146 2632 Deo
3184 2577 3330 2646 loqui
3368 2577 3602 2640 soleant,

2016 2671 2143 2725 dum
2196 2685 2385 2724 manus
2421 2669 2518 2731 illi,
2555 2667 2774 2732 oculos,
2813 2669 2998 2738 pedes,
3048 2683 3258 2730 vocem,
3299 2668 3483 2731 verba,
3519 2681 3602 2728 os,

2020 2764 2246 2828 vultum,
2278 2771 2330 2817 et
2363 2771 2619 2817 sexcenta
2653 2760 2879 2830 hujusce
2915 2761 3133 2830 generis
3161 2768 3356 2814 caetera
3391 2759 3601 2813 soleant

2019 2859 2300 2928 adaplare,
2353 2870 2472 2922 quae
2526 2868 2621 2907 nos
2680 2852 2861 2906 omnia
2921 2862 3137 2920 oportet
3183 2854 3248 2904 ad
3306 2850 3604 2904 diviniores

2021 2947 2318 3003 transferre
2363 2946 2742 3016 cogitationes,
2776 2960 2873 2999 nec
2906 2944 3171 2998 ullatenus
3218 2941 3502 3012 imaginari
3550 2942 3604 2994 in

2023 3041 2130 3095 Deo
2165 3040 2384 3094 humani
2437 3038 2729 3108 quidquam
2771 3038 2851 3091 vel
2888 3039 3050 3090 etiam
3087 3034 3314 3089 mortale
3349 3033 3602 3088 residere.

2021 3133 2158 3186 Deus
2193 3132 2393 3186 ctenim
2425 3131 2640 3199 spiritus
2673 3141 2782 3193 est,
2827 3139 2874 3182 ct
2912 3132 2998 3199 qui
3049 3129 3274 3181 adorant
3314 3125 3514 3188 Deum,
3553 3126 3606 3177 in

320 3221 529 3284 λαλεῖν,
557 3221 914 3293 φθεγγομένῳ
947 3223 1367 3294 παραπλησίως·
1401 3219 1520 3276 εἶτα
1543 3224 1729 3278 τοῦτον
1756 3226 1914 3280 αὑτὸν

2023 3226 2208 3293 spiritu
2260 3225 2415 3278 illum
2440 3234 2487 3277 et
2524 3225 2746 3278 veritate
2780 3223 3008 3274 adorare
3049 3219 3234 3273 debent
3261 3220 3302 3286 ",
3348 3217 3606 3288 quemad-

322 3311 504 3383 καιρῴ
530 3329 658 3375 τινι,
689 3313 799 3366 οὐδ’
832 3311 942 3381 (46)
981 3312 1118 3366 ὅλων
1159 3313 1295 3365 ὲτῶν
1323 3313 1632 3386 ἔμπροσθεν
1654 3333 1913 3387 τετρακο-

325 3403 480 3466 σίων,
522 3405 700 3475 σάρκα
747 3405 909 3476 φησὶν
956 3404 1075 3474 (οὐκ
1100 3399 1194 3457 οἷδ’
1224 3406 1393 3475 ὅπως)
1423 3406 1791 3478 ἀνειληφέναι,
1825 3411 1917 3462 καὶ

321 3495 391 3548 δι’
421 3495 590 3568 αὐτῆς
611 3497 726 3564 τὴν
749 3487 864 3550 κατ’
893 3496 1176 3568 ἄνθρωπον
1206 3499 1553 3570 οἰκονομίαν
1569 3501 1682 3571 (47)
1707 3502 1916 3554 τετελε-

323 3589 503 3654 κὲναι,
525 3591 618 3644 καὶ
641 3589 752 3661 (48)
793 3590 915 3643 τότε
969 3591 1106 3646 Υίὸν
1142 3591 1290 3645 Θεοῦ
1321 3592 1628 3662 γεγονέναι,
1663 3595 1757 3647 καὶ
1806 3595 1915 3661 Ἰη-

325 3684 479 3738 σοῦγ
508 3684 766 3753 Χριστὸν
800 3685 1158 3756 χρηματίσαι,
1191 3686 1461 3751 ,βασιλέα
1489 3703 1551 3739 τε
1575 3686 1688 3758 (49)
1714 3688 1914 3757 ἀναγοο

328 3777 576 3849 ρεῦσθαι,
593 3779 798 3831 εἰκόνα
818 3795 881 3830 τε
913 3777 1018 3831 τοῦ
1042 3778 1190 3832 Θεοῦ
1219 3778 1325 3832 τοῦ
1347 3778 1625 3847 ἀοράτου,
1655 3780 1750 3832 καὶ
1768 3797 1920 3849 πρω-

323 3870 580 3922 τότοκον
623 3868 827 3937 πάσης
869 3871 1142 3937 κτίσεως,
1196 3869 1270 3940 μὴ
1301 3869 1430 3923 ὄντα
1469 3871 1736 3943 πρότερόν
1766 3889 1918 3934 ποτε,

323 3959 722 4030 ἀποδεδεῖχθαιο
769 3956 866 4013 εἶτ’
912 3961 1006 4014 ἐπὶ
1054 3963 1121 4034 τῇ
1161 3962 1398 4035 τοσαύτῃ
1428 3962 1648 4034 ἀτοπίᾳ,
1695 3964 1816 4034 μηδ’
1863 3963 1920 4030 ἐξ

323 4045 502 4124 οὗπερ
536 4051 650 4119 (50)
690 4051 924 4105 ὑπέθετο
952 4051 1146 4124 χρόνου
1173 4052 1272 4124 τὴν
1301 4055 1380 4116 είς
1412 4053 1639 4126 ἄπειρον
1673 4056 1766 4110 καὶ
1798 4058 1924 4110 ἁτε-

322 4140 586 4213 λεύτητον
603 4141 746 4214 ζωήν
760 4159 821 4195 τε
838 4142 931 4195 καὶ
947 4141 1220 4212 βασιλείαν
1235 4142 1314 4213 τῷ
1329 4144 1501 4215 Χριστ
1517 4145 1544 4213 '1'.-
1562 4145 1755 4209 διδούς·
1770 4145 1922 4208 τέλος

321 4234 384 4288 δὲ
401 4233 551 4305 αὐτῷ
575 4233 695 4304 μηδ’
715 4235 889 4288 αἴσιον
906 4233 1125 4304 ἐπάγοι,
1149 4234 1269 4306 μηδ’
1287 4231 1397 4289 οἷον
1411 4239 1523 4300 τοῖς
1543 4237 1610 4289 δι’
1627 4237 1792 4290 αὑτοῦ
1809 4237 1919 4292 τῶν

324 4325 673 4393 ἐπαγγελιῶν
723 4325 1291 4397 καταξιωθησομένοις
1312 4370 1327 4391 ,
1363 4321 1438 4382 ὧν
1470 4329 1632 4393 αὐτὸς
1664 4331 1692 4381 ὁ
1728 4330 1918 4404 Σωτὴρ

323 4417 686 4489 ἐπήγγελται,
705 4418 850 4490 ζωήν
865 4435 924 4471 τε
939 4417 1156 4471 αἰώνιον
1179 4419 1600 4490 καὶὰφθαρσίαν
1619 4421 1918 4475 ἀθανασίαν

321 4525 388 4560 τε
415 4509 510 4561 καὶ
544 4507 822 4578 βασιλείαν
872 4507 1146 4580 οὐρανῶν,
1198 4509 1322 4575 τοῖς
1375 4509 1690 4581 ἀγαπῶσιν
1731 4513 1919 4568 αὐτὸν

2026 3319 2244 3373 modum
2293 3317 2554 3372 Servator
2602 3330 2701 3370 nos
2736 3317 2914 3370 docet.
2959 3313 3111 3380 Quod
3165 3313 3208 3367 si
3255 3321 3434 3366 autem
3467 3311 3606 3364 Deus

2024 3411 2248 3480 Spiritus
2277 3411 2364 3472 sit,
2395 3410 2616 3464 omnino
2647 3418 2859 3464 constat
2887 3423 3006 3461 esse
3046 3421 3168 3460 eum
3215 3405 3382 3456 multo
3417 3402 3605 3456 melio—

2023 3516 2136 3556 rem
2180 3511 2234 3555 et
2271 3498 2742 3570 praestantiorem,
2794 3509 3118 3566 quacunque
3165 3509 3221 3546 re
3271 3491 3515 3547 sensibili
3553 3501 3608 3544 ct

2023 3603 2316 3649 concreta:
2349 3592 2488 3646 unde
2521 3593 2634 3655 liet,
2665 3601 2724 3644 ut
2771 3606 2869 3643 nec
2916 3587 3142 3642 Verbum
3188 3588 3384 3641 habeat
3414 3586 3610 3654 linguas

2023 3700 2157 3739 sono
2186 3682 2538 3754 prolatitium,
2563 3688 2618 3735 et
2647 3696 2741 3750 per
2769 3681 2966 3748 lingua:
2992 3679 3349 3749 prolationem
3379 3676 3607 3730 aliorum

2027 3780 2248 3836 auribus
2279 3781 2608 3834 insinuatum
2637 3797 2648 3833 :
2681 3778 2774 3833 sed
2813 3790 2908 3831 nec
2942 3775 3214 3845 linguam,
3251 3787 3460 3836 vocem,
3493 3770 3610 3824 vul-

2030 3882 2173 3934 tum,
2221 3880 2316 3924 aut
2363 3869 2508 3925 aliud
2547 3869 2872 3938 quidquam.
2924 3867 3068 3935 quod
3117 3865 3351 3918 humana
3397 3861 3611 3915 ratione

2027 3961 2411 4017 constituatur.
2468 3960 2748 4030 Siquidem
2805 3957 2951 4011 aliud
3000 3956 3292 4025 quidquam
3345 3954 3607 4013 exsistat,

2028 4055 2170 4124 quod
2205 4069 2303 4108 nec
2333 4053 2521 4108 oculus
2551 4052 2702 4117 vidit,
2739 4066 2836 4105 nec
2870 4049 3081 4104 audivit
3106 4047 3276 4110 auris,
3307 4061 3407 4101 nec
3439 4045 3489 4098 in
3517 4060 3610 4097 cor

2032 4147 2326 4202 humanum
2373 4143 2618 4198 ascendit
2648 4143 2766 4212 ejus
2806 4140 3108 4212 cegitatio:
3141 4137 3442 4208 eujusmodi
3487 4151 3610 4191 esse

2030 4239 2118 4294 illa
2155 4238 2313 4292 docet
2354 4251 2454 4290 nos
2495 4233 2808 4303 Apostolus,
2866 4246 2986 4302 qua:
3020 4229 3355 4300 diligentibus
3397 4244 3452 4281 se
3498 4227 3608 4280 Do-

2029 4333 2202 4386 minus
2232 4329 2548 4398 prwparavit
2573 4329 2626 4382 δι
2655 4336 2766 4380 ιιιιιι
2795 4335 2943 4380 certe
2974 4326 3163 4378 horum
3192 4321 3432 4375 onmium
3457 4319 3612 4374 dator

2029 4425 2204 4489 Deus,
2255 4419 2714 4478 inenarrabilibus
2748 4429 2832 4473 est
2889 4413 3350 4472 inenarrabilior:
3387 4418 3445 4477 >14
3477 4412 3612 4466 adea

2026 4527 2086 4572 ut
2114 4518 2166 4572 in
2206 4517 2416 4572 ratione
2450 4515 2516 4570 de
2551 4514 2658 4568 Deo
2717 4510 3022 4580 theologica
3058 4507 3410 4570 instituenda,
3447 4503 3614 4558 multo

325 4600 721 4672 ὑποσχόμενος⁸
747 4602 1046 4673 τηνικαῦτα
1075 4602 1132 4656 δὲ
1159 4604 1301 4655 κατὰ
1328 4603 1428 4674 τὴν
1458 4605 1914 4680 προσδοκωμένην

2027 4619 2174 4669 certe
2207 4610 2408 4668 rectius
2456 4605 2793 4679 pronuntiari
2837 4611 3034 4674 queat,
3074 4599 3280 4656 oculum
3326 4614 3486 4668 neque
3533 4598 3612 4650 vi—

403 4737 593 4809 )B‘Ed‘.
626 4737 827 4803 Paris.,
863 4755 988 4809 pag.
1020 4742 1073 4793 6.

401 4810 422 4840 "
461 4807 618 4864 Joan.
648 4825 721 4874 tv,
749 4809 839 4864 24.
918 4807 953 4840 ⁸⁷
975 4807 992 4862 l
1017 4811 1138 4865 Cor.
1168 4827 1228 4878 ιι,
1254 4813 1305 4868 9.

403 4974 522 5047 (42)
555 4975 663 5044 Mp-
692 4974 959 5047 ἐξηγορμ-

428 4993 522 5119 ἷέἔ
551 4993 976 5119 ﬁliifilii;
1003 5047 1162 5118 νυιεο
1189 5048 1390 5119 ama».
1461 5054 1464 5056 ·

429 5115 523 5200 μ’)
552 5117 724 5206 Υυὲξο
747 5115 902 5206 35’s.;
929 5115 1298 5206 Ψκηζνυιευ,
1321 5115 1543 5206 istst:
1579 5117 1703 5206 3.19-
1756 5120 1920 5206 ,φαίηο

331 5187 702 5276 φαίνῃλιιιςιιι
747 5188 910 5276 thtllgo
933 5203 1153 5258 γεννησ.
1179 5187 1247 5276 ἐι
1275 5189 1618 5276 ortiittitur'6‘
1655 5187 1924 5259 post‘roﬁ-

329 5255 752 5326 éwv."Denique
785 5255 894 5326 Μῤ.
930 5274 1021 5329 γρ.
1054 5255 1238 5329 πατήρ
1277 5259 1392 5314 loco
1427 5255 1668 5329 Σωτήρ.’

408 5326 966 5401 (45)-Λέγει-τολμῶν
1009 5329 1188 5399 vulgo,
1236 5328 1343 5400 Mp.
1369 5329 1548 5396 λέγειν
1571 5329 1780 5400 solita";
1816 5341 1924 5387 sta-

302 5398 638 5482 ltinéxitlss.
652 5399 710 5482 εγ
732 5399 884 5482 ie“-

409 5469 533 5542 (46)
563 5466 706 5522 Οὐδ’
741 5466 901 5522 ὅλων
927 5467 1079 5542 ἐτῶν
1101 5467 1688 5542 τετρακοσίῳνηιὶιιξο
1722 5469 1920 5523 iterum

337 5539 556 5610 repetit,
591 5549 650 5610 ut
680 5546 738 5610 et
769 5540 1075 5610 sequentia,
1107 5555 1250 5610 _qu:e
1296 5541 1449 5608 quasi
1490 5539 1710 5608 σύνοψιν
1742 5542 1919 5594 conti-

337 5608 473 5665 nent
500 5608 776 5680 opinionis
805 5608 1069 5662 Marcelli.
1105 5608 1252 5663 Laxe
1283 5625 1462 5663 autem
1491 5610 1730 5677 loquitur
1757 5611 1920 5680 decu

337 5683 679 5805 ausimnﬁm
707 5686 836 5733 ante
866 5692 1066 5732 annum
1110 5693 1222 5732 ccc:
1287 5681 1498 5734 obicrat
1551 5681 1779 5750 ipsemet
1808 5679 1919 5733 Ett-

337 5765 399 5805 se
441 5766 544 5805 tus.
639 5786 654 5802 .

441 5766 544 5805 IUS.
581 5766 654 5802 Μ.

314 5765 544 5807 'semus.
581 5765 654 5802 Μ.

267 5818 280 5828 ’
415 5820 533 5888 (47)
567 5819 742 5890 Vulgo
768 5819 1019 5890 τετεληκ.

418 5887 532 5962 (48)
565 5887 704 5946 Τότὲ
736 5887 870 5946 Υὶὸν
907 5887 1054 5944 Θεοῦ
1089 5887 1415 5960 γεγονέναι.
1447 5890 1582 5946 Cum
1626 5891 1800 5949 factus
1846 5905 1923 5948 es-

2029 4989 2110 5032 sel
2137 4977 2306 5046 Λόγος
2336 4973 2687 5045 προφορικός.
2719 4969 3040 5046 Νοιῃρι-ἰιιδ
3068 4979 3184 5023 erat
3203 4977 3409 5046 tantum
3439 4963 3612 5046 ὲνᾷιά-

2029 5049 2205 5112 Οετος,
2223 5033 2235 5046 ’
2259 5033 2352 5102 sed
2379 5033 2390 5045 ’
2412 5033 2480 5098 ab
2518 5033 2797 5112 'mtertio._
2816 5033 3044 5112 Videtur
3082 5050 3260 5092 autem
3307 5033 3613 5112 -Marcellus

2029 5105 2446 5184 illttdvposuisse,
2473 5113 2644 5181 Λόγον
2664 5112 2756 5166 Dei
2772 5110 3276 5184 Patris,iml‘erut_tm.
3300 5105 3609 5184 ὑφεστῶτα,

2027 5189 2120 5244 sed
2157 5176 2637 5254 ὲῖιδιαθέτώςμιόιι
2686 5190 2934 5254 vocatum
2969 5179 3089 5254 _I)ei_
3106 5177 3302 5254 Filium
3349 5185 3472 5227 ante
3509 5176 3613 5254 .iu:

2045 5261 2434 5312 carnalionem.
2458 5244 2638 5320 “Quod
2681 5253 2758 5306 sic
2784 5249 3009 5320 faecipit
3054 5247 3340 5310 Eusebius,
3378 5261 3439 5298 ac
3476 5244 3521 5297 si
3552 5244 3613 5297 τὸ

2026 5325 2165 5382 εἶναι
2193 5327 2286 5381 τοῦ
2316 5319 2740 5396 ui06,néga55t?_l.
2783 5319 2854 5396 Μ.
2927 5388 2970 5396 __
3094 5388 3106 5396 _
3146 5387 3157 5396 _
3275 5386 3302 5396 η
3401 5394 3407 5396 Α
3471 5384 3506 5396 η
3576 5383 3601 5393 -

2098 5399 2211 5470 (ιο)
2244 5384 2891 5470 Υιιιεοήᾶνηγορειξεσοαι.
2906 5388 3046 5470 .Mox
3077 5387 3194 5442 dele
3211 5386 3304 5440 τοῦ
3322 5394 3447 5439 ante
3467 5384 3604 5438 Θεοῦ

2025 5480 2079 5524 et
2105 5459 2248 5523 infra
2275 5459 2377 5536 Μρῖ
2419 5468 2489 5520 ἵσ.
2514 5459 2576 5518 τό
2602 5459 2675 5536 τε
2703 5466 2822 5516 loco
2850 5459 3003 5536 ποτε.

2098 5538 2210 5610 (50)
2263 5529 2531 5591 Ὑπέθετο
2565 5529 3319 5610 ypdrou.”immortalitatem
3360 5537 3426 5610 et.
3456 5536 3613 5581 teter-

2025 5598 2251 5665 nit‘ate'm
2305 5598 2939 5677 ιιιιθιιιίδειῗῦιιιιςειμιιιι
2996 5599 3302 5677 υοιᾜίιιο,
3348 5598 3520 5677 etiam
3581 5613 3610 5648 a

2030 5687 2182 5748 parte
2209 5688 2329 5748 post
2361 5696 2375 5732 :
2411 5693 2572 5742 quam
2605 5686 2658 5729 et
2691 5672 2916 5748 angelis,
2956 5669 3612 5748 ct__aniniabusjustoruet
3642 5699 3646 5720 ι

2029 5738 2381 5804 concedebat.
2416 5738 2588 5813 Quam
2614 5738 2847 5813 verefin
2879 5743 2986 5796 line
3013 5739 3134 5796 libri
3164 5738 3363 5809 quinti,
3388 5739 3474 5792 ubi
3511 5738 3614 5792 isza

2033 5820 2405 5891 exagitantur,
2444 5812 2749 5888 apparebit.
2785 5812 2834 5867 Μ
