4008 6512
279 461 390 515 T19
1422 458 1699 518 CONTRA
1737 453 2168 512 MARCELLUM
2207 454 2334 511 LIB.
2381 454 2418 511 Ι.
3436 449 3534 505 75C

280 567 528 631 πλείους,
547 567 750 630 ὡσανεὶ
775 569 1035 641 περιττὰς
1055 572 1148 624 καὶ
1179 571 1268 626 διὰ
1293 539 1401 626 τῶν
1451 569 1630 624 αὐτῶν
1657 566 1866 640 χωρού-

1996 581 2068 621 ter
2093 582 2152 621 se
2183 581 2289 621 non
2326 566 2626 621 subsistens
2675 580 2839 620 unum
2889 573 3047 634 alque
3076 564 3218 619 idem
3265 578 3387 617 cum
3432 562 3537 618 Dec

281 675 408 723 σας,
433 657 896 730 ὑπερθησόμενος.
923 663 1037 732 Πρὸ
1063 663 1119 716 δὲ
1138 664 1236 735 τῆς
1267 663 1374 717 τῶν
1402 661 1704 734 εἰρημένων
1735 660 1868 720 ἀπο-

1996 658 2275 720 :xsistens;
2308 671 2482 726 neque
2509 657 2652 710 enim
2683 657 2786 712 hoc
2824 665 2984 725 pacto
3022 654 3289 708 mediator
3331 653 3538 720 aliquo-

280 745 506 814 δείξεως
538 744 692 820 οἶμαι
721 749 830 804 δεῖν
858 751 915 804 ὲν
951 750 1185 824 πρώτοις
1223 754 1569 825 παραστῆσαι
1616 753 1728 814 τοῖς
1777 751 1867 802 έν·

1996 765 2091 802 λυῐη
2121 764 2242 803 esse
2283 756 2510 816 poterat.
2545 747 2676 801 Erat
2715 755 2891 803 autem
2913 787 2929 813 ,
2960 755 3014 801 et
3054 746 3204 814 prius
3233 752 3382 810 erat,
3419 752 3537 796 tan-

281 837 650 907 τυγχάνουσιν
679 841 784 905 ὅτι,
823 843 956 913 μηδὲ
1006 845 1104 908 τὰς
1163 845 1482 917 προχείρους
1526 844 1698 909 λέξεις
1755 843 1864 896 τῶν

1996 855 2133 910 |uam
2163 840 2368 895 scilicet
2394 837 2567 891 Filius
2593 838 2911 908 unigenitus,
2937 838 3121 907 plenus
3159 836 3332 905 gratia
3360 843 3408 888 et
3449 849 3538 888 ve-

281 925 449 981 θείων
475 928 768 1003 ὲξηκρίὸου
803 933 1266 1004 ἀναγνωσμάτων,
1305 935 1382 998 ὡς
1397 935 1462 988 ἂν
1497 935 1712 1005 γνωσθῇ
1759 937 1868 997 τοῖς

1996 932 2222 985 ·ἰιαιε²⁰.
2259 929 2613 985 lntermedias
2661 938 2837 984 autem
2891 938 3070 1000 partes
3123 926 3405 997 supplebat
3443 941 3539 979 suo

281 1013 370 1068 ἔτι
401 1017 566 1070 αὑτὸν
595 1019 899 1088 ἀγνοοῦσιν,
931 1023 1109 1084 ὁποῖός
1140 1041 1226 1087 τις
1245 1023 1340 1090 ὣν,
1364 1025 1455 1078 ἐπὶ
1478 1023 1574 1094 τὴν
1596 1023 1702 1077 τῶν
1722 1025 1872 1095 είρη-

1996 1022 2148 1088 Patri,
2182 1037 2306 1077 cum
2341 1021 2643 1076 ministerio
2673 1021 3004 1089 angelorum,
3036 1020 3208 1088 legem
3236 1018 3540 1073 hominibus

283 1105 471 1179 μένων
506 1111 754 1182 προήχθη
779 1111 1002 1184 τόλμαν.

1996 1111 2366 1181 iromulgaret.
2391 1111 2492 1176 Qui
2525 1111 2754 1166 docebat
2791 1111 3106 1178 ignorantes
3134 1119 3188 1163 et
3224 1108 3542 1170 ineruditos,

283 1203 630 1274 theologicas
673 1208 740 1262 de
787 1208 878 1264 Dei
927 1208 1062 1263 Filio
1135 1211 1386 1277 rationes,
1440 1211 1724 1281 Apostolus
1796 1210 1936 1264 idem
1978 1207 2316 1278 consignavit
2359 1211 2425 1262 ad
2478 1209 2638 1262 istum
2687 1208 2902 1262 modum
2955 1206 3237 1277 inquiens,
3285 1205 3540 1260 Mediam

284 1305 470 1348 autem
513 1312 616 1351 non
661 1307 739 1352 est
775 1301 928 1354 unius
971 1303 1245 1355 mediator.
1278 1302 1464 1371 Neque
1504 1313 1649 1358 certe
1686 1310 1876 1355 natura
1918 1299 1993 1352 rei
2044 1300 2242 1368 patitur
2314 1300 2666 1354 mediatorem
2732 1300 2799 1354 de
2842 1314 2951 1353 uno
2995 1313 3262 1367 quoquam
3311 1296 3540 1351 deliniri.

284 1383 416 1437 Ideo
471 1402 576 1440 non
615 1399 696 1442 est
739 1391 901 1446 unius
955 1391 1179 1460 alicujus
1221 1395 1343 1458 iste,
1372 1394 1465 1448 sed
1532 1386 1741 1448 medius
1803 1393 2114 1447 necessario
2162 1391 2302 1444 inter
2331 1390 2482 1457 duos,
2511 1391 2578 1445 ab
2611 1403 2840 1462 utroque
2887 1392 3148 1453 diversus,
3177 1405 3404 1459 quorum
3433 1399 3542 1444 sta-

285 1476 465 1530 tuitur
497 1478 784 1533 mediator.
812 1479 927 1535 Non
955 1491 1038 1536 est
1064 1498 1192 1554 ergo
1219 1483 1638 1557 existimandum
1669 1522 1684 1548 ,
1717 1484 1862 1537 hunc
1897 1497 2016 1537 esse
2047 1482 2211 1535 Deum
2261 1481 2445 1548 illum,
2511 1482 2602 1552 qui
2671 1491 2756 1538 est
2804 1499 2963 1553 supra
3009 1484 3187 1536 omnia
3223 1483 3365 1536 Deus
3402 1499 3416 1535 :
3450 1496 3544 1534 ne-

284 1571 419 1622 dum
450 1571 527 1638 de
575 1587 800 1627 numero
839 1574 1148 1644 angelorum
1191 1575 1464 1645 aliquem:
1495 1576 1589 1632 sed
1634 1575 1865 1630 medium
1906 1584 2260 1644 utrorumque
2297 1584 2350 1628 et
2416 1575 2802 1638 mediatorem,
2847 1575 3042 1644 quippe
3086 1589 3206 1629 cum
3263 1575 3403 1628 inter
3446 1572 3545 1626 Pa-

284 1672 432 1716 trem
466 1678 621 1716 suum
650 1675 702 1718 et
731 1666 947 1736 angelos
992 1669 1290 1724 intercedat
1329 1669 1554 1723 medius.
1593 1669 1675 1722 Ad
1708 1672 1953 1724 eumdem
1994 1669 2206 1722 modum
2236 1669 2452 1733 iterum,
2502 1668 2593 1723 ubi
2625 1669 2716 1723 Dei
2758 1679 2919 1738 atque
2973 1668 3248 1723 hominum
3283 1667 3547 1722 mediator

285 1754 349 1808 lit
407 1756 550 1808 inter
599 1757 844 1812 ordinem
895 1766 1186 1827 utrumque
1247 1759 1622 1824 iutermedins,
1650 1759 1848 1814 nullius
1906 1761 2094 1814 horum
2135 1770 2236 1825 est,
2268 1762 2534 1816 exsistens
2569 1762 2849 1816 mediator.
2887 1760 3000 1815 Non
3041 1771 3124 1815 est
3187 1761 3276 1814 ille
3315 1775 3454 1814 unus
3492 1769 3545 1814 et

287 1846 446 1900 solus
503 1847 643 1902 Deus
690 1865 706 1903 :
756 1865 866 1904 non
899 1850 1095 1918 homo,
1142 1866 1247 1920 quo
1301 1853 1460 1908 modo
1505 1852 1686 1908 caeteri
1732 1852 1978 1907 homines
2030 1861 2179 1906 sunt.
2220 1852 2357 1919 Quid
2412 1853 2662 1917 tandem,
2719 1853 2762 1910 si
2825 1853 2958 1907 nihil
3015 1853 3244 1917 horum,
3301 1851 3546 1906 exsistit?

286 1938 458 1994 Certe
517 1939 607 1994 Dei
669 1939 835 1996 Filius
881 1943 1208 2011 unigenitus,
1243 1941 1352 2010 jam
1406 1947 1730 2002 constitutus
1792 1944 1887 2000 Dei
1934 1953 1985 1999 et
2045 1945 2320 2000 hominum
2379 1944 2644 2000 mediator
2695 1965 2708 2000 :
2769 1945 2894 1999 olim
2935 1959 3065 2000 vero
3127 1950 3185 2007 ἧς
3246 1944 3346 1997 sub
3409 1954 3546 1998 tem-

287 2032 521 2104 poribus
567 2029 835 2101 Mosaicis,
885 2035 975 2088 Dei
1020 2037 1284 2091 mediator
1327 2050 1380 2092 et
1424 2039 1759 2107 angelorum.
1836 2038 1961 2093 Huic
2018 2047 2146 2092 sunt
2207 2038 2295 2091 illa
2335 2052 2458 2108 qua:
2500 2053 2728 2108 magnus
2784 2037 3069 2107 Apostolus
3105 2037 3194 2090 ille
3233 2036 3296 2088 ad
3331 2034 3547 2090 Galatas

289 2124 582 2192 scripturae
638 2125 876 2192 tradidit,
936 2124 1044 2180 Lex
1096 2143 1187 2194 per
1235 2127 1446 2196 angelos
1507 2130 1774 2195 ordinata,
1843 2130 1897 2182 in
1961 2143 2122 2181 manu
2195 2129 2525 2191 mediatoris,
2591 2129 2839 2198 inquiens
2898 2127 3220 2181 :Medtalor
3259 2128 3415 2180 unius
3449 2124 3547 2177 ali-

290 2215 452 2285 cujus
494 2232 599 2270 non
630 2226 704 2271 est
745 2231 764 2269 :
796 2216 931 2272 Deus
989 2230 1162 2273 autem
1213 2235 1346 2274 unus
1391 2233 1490 2276 est.
1522 2220 1672 2277 Unus
1708 2222 1889 2291 itaque
1927 2220 2070 2275 Deus
2097 2228 2202 2284 est,
2225 2232 2279 2275 et
2321 2237 2458 2276 unus
2507 2223 2777 2277 mediator
2811 2223 2903 2277 Dei
2972 2230 3134 2290 atque
3161 2221 3464 2282 hominum,
3497 2225 3547 2270 et

290 2309 542 2364 omnium
594 2310 817 2381 insuper
859 2326 1286 2383 generatorum:
1328 2316 1417 2386 qui
1455 2331 1560 2368 non
1601 2332 1748 2370 nunc
1773 2317 2004 2385 primum
2068 2318 2456 2372 exordiebatur
2509 2315 2892 2371 mediationem
2931 2330 3084 2370 suam
3149 2314 3214 2367 ad
3293 2310 3548 2375 salutem,

292 2399 394 2452 sed
426 2398 556 2453 olim
587 2402 842 2454 exstabat
867 2403 1154 2469 mediator,
1187 2421 1308 2458 cum
1349 2406 1584 2460 nondum
1618 2407 1758 2461 inter
1789 2407 2036 2463 homines
2064 2416 2228 2463 natus
2253 2417 2603 2464 versaretur:
2631 2409 2773 2477 quod
2810 2406 2923 2476 jam
2987 2407 3160 2476 prius,
3225 2406 3278 2459 in
3344 2417 3549 2458 sermo-

294 2503 370 2542 ne
401 2490 833 2546 demonstratuin
881 2505 983 2550 est.
1029 2495 1155 2551 liam
1185 2507 1312 2551 sunt
1354 2497 1445 2552 illa
1496 2513 1616 2568 quae
1650 2499 1889 2554 breviter
1926 2512 1980 2556 et
2008 2517 2105 2573 per
2131 2501 2509 2571 compendium
2537 2500 2748 2555 Galatis
2787 2501 3140 2570 proponimus
3200 2496 3548 2554 consideran-

295 2581 392 2646 da,
437 2597 506 2635 ex
531 2582 618 2637 illa
653 2584 768 2652 ipsa
803 2588 866 2641 ad
893 2587 1115 2644 Galatas
1153 2591 1379 2660 epistola
1411 2590 1589 2657 Pauli,
1618 2592 1669 2644 in
1701 2607 1805 2661 qua
1869 2593 1990 2649 ﬁdei
2035 2595 2292 2650 salutaris
2327 2592 2414 2648 illa
2462 2578 2687 2663 mystica
2721 2593 3034 2646 continetur
3074 2588 3436 2660 regeneratio,
3498 2587 3550 2640 in

299 2675 515 2730 nomine
543 2673 746 2746 Patris,
773 2691 821 2734 et
847 2680 977 2735 Filii
1005 2695 1051 2736 et
1091 2683 1319 2753 Spiritus
1342 2687 1537 2739 sancti.
1567 2685 1718 2752 Quae,
1751 2697 2110 2758 praeterquam
2154 2689 2297 2759 quod
2359 2689 2469 2743 sint
2537 2687 2730 2742 litteris
2773 2688 2969 2742 divinis
3043 2686 3382 2755 consignata,
3430 2692 3552 2737 sunt

297 2768 469 2822 etiam
501 2773 676 2826 adhuc
711 2775 969 2843 majorem
994 2778 1045 2831 in
1069 2780 1284 2832 modum
1313 2779 1632 2834 conﬁrmata
1699 2796 1794 2849 per
1852 2783 2199 2838 traditionem
2246 2782 2527 2838 catholicae
2581 2781 2856 2846 Ecclesiaz,
2922 2797 3042 2852 quae
3077 2799 3105 2834 a
3154 2782 3258 2835 line
3295 2780 3360 2834 ad
3393 2778 3552 2832 linem

301 2869 582 2916 terrarum
620 2865 960 2932 diffunditur,
1030 2884 1151 2938 qua;
1221 2886 1318 2942 per
1379 2883 1485 2926 non
1524 2875 1784 2943 scriptam
1825 2875 2171 2930 traditionem
2217 2891 2498 2930 sacrarum
2541 2875 2948 2944 Scripturarum
3003 2873 3314 2928 testimonia
3347 2868 3550 2924 confit-

301 2960 422 3004 mat
466 2961 524 3006 et
564 2955 838 3026 obsignat.
871 2957 990 3012 .lam
1027 2975 1160 3016 vero
1191 2976 1401 3032 tempus
1427 2973 1509 3017 est
1539 2972 1599 3017 ut
1638 2965 1892 3034 deinceps
1914 2965 2150 3022 Marcelli
2185 2967 2349 3021 verba
2377 2969 2429 3022 in
2471 2969 2703 3022 medium
2729 2967 3066 3038 proferamus
3098 2973 3152 3019 et
3178 2979 3300 3034 qua:
3330 2961 3553 3034 polliciti

299 3055 518 3108 sumus,
564 3046 1045 3114 demonstratione,
1099 3067 1464 3121 proponamus
1525 3057 1722 3124 quibus
1774 3057 1861 3110 illa
1903 3059 2206 3114 clarissime
2257 3072 2648 3131 pr0ponnntur,
2678 3078 2800 3132 qua:
2825 3069 2952 3117 sunt
3008 3077 3034 3114 a
3097 3059 3250 3114 nobis
3291 3060 3553 3114 hactenus

300 3137 708 3205 disputata;ne
737 3142 860 3209 quis
881 3152 1028 3211 putet
1054 3160 1147 3213 per
1173 3145 1536 3200 calumniandi
1607 3148 1901 3215 libidinem,
1941 3165 2065 3206 esse
2122 3153 2238 3208 btec
2289 3154 2342 3208 in
2403 3154 2551 3207 illum
2589 3163 2863 3223 congesta.
2910 3151 3354 3221 Quandoquidem
3425 3163 3554 3205 vero

299 3230 440 3285 mihi
491 3237 826 3302 propositum
883 3236 954 3290 sit
1004 3238 1242 3292 breviter
1307 3239 1396 3292 illa
1440 3241 1771 3307 describere,
1826 3259 1944 3312 qua:
1983 3257 2108 3300 sunt
2141 3249 2208 3300 ab
2238 3263 2302 3302 co
2334 3249 2498 3314 dicta,
2525 3265 2628 3301 non
2665 3259 2840 3303 tamen
2869 3247 2987 3301 ideo
3013 3247 3287 3316 sigillatim
3316 3257 3369 3300 et
3393 3246 3555 3300 verbo

307 3329 468 3377 tenus
493 3323 581 3377 illa
608 3325 844 3380 arbitror
867 3327 919 3381 in
945 3331 1193 3398 praesenti
1224 3345 1344 3384 esse
1377 3333 1731 3388 recensenda.
1754 3332 1984 3390 Tantum
2022 3337 2108 3390 illa
2139 3354 2258 3407 quzc
2301 3342 2569 3410 praecipua
2638 3350 2783 3405 sunt,
2843 3352 2897 3394 et
2946 3354 3163 3393 causam
3234 3339 3552 3405 continent,

301 3417 604 3482 advocabo,
641 3421 1019 3485 praztermissis
1062 3424 1509 3492 quamplurimis,
1548 3441 1648 3481 nec
1697 3430 2041 3495 necessariis,
2066 3439 2121 3487 et
2149 3432 2200 3486 in
2232 3433 2374 3487 idem
2406 3433 2578 3502 ipsum
2652 3431 3083 3488 recurrentibus.
3143 3428 3303 3484 Prius
3377 3438 3554 3484 tamen

301 3524 468 3579 quam
508 3512 574 3564 ad
611 3526 724 3564 rem
767 3513 1073 3583 aggrediar,
1103 3529 1199 3584 per
1238 3515 1751 3573 demonstrationem
1785 3535 2006 3577 necesse
2031 3532 2115 3576 est
2144 3523 2330 3579 lectori
2369 3525 2558 3580 faciam
2615 3522 2985 3588 manifestum,
3039 3536 3142 3575 non
3197 3519 3363 3575 fuisse
3415 3521 3557 3574 hunc

299 3603 583 3660 hominem
619 3615 926 3659 assecutum
985 3607 1289 3660 divinarum
1336 3607 1639 3664 litterarum
1706 3623 1942 3668 mentem
1982 3623 2036 3669 et
2083 3619 2448 3685 sententiam,
2492 3617 2689 3671 nedum
2719 3632 2840 3671 cum
2889 3625 3064 3669 essent
3113 3613 3421 3684 cuicunque
3457 3614 3556 3668 oh-

301 3697 406 3752 via:
433 3712 449 3750 :
480 3704 539 3748 ut
571 3692 646 3748 illi
680 3696 769 3763 qui
805 3697 1074 3765 ignorant,
1105 3698 1226 3768 quis
1258 3709 1314 3753 et
1343 3699 1518 3768 qualis
1550 3699 1621 3753 sit
1670 3700 1866 3770 adhuc,
1906 3704 2209 3777 intelligant
2249 3708 2484 3773 tandem,
2514 3718 2714 3777 quanta
2756 3721 2878 3762 cum
2917 3705 3139 3760 audacia
3179 3705 3245 3758 ad
3291 3706 3402 3776 ipsa
3442 3704 3559 3760 haec

299 3785 521 3854 scriptis
551 3788 860 3855 proruperit
890 3790 1336 3845 commendanda.

953 3881 1112 3934 ΚΕΦ.
1156 3881 1232 3934 B'.

2633 3885 2784 3941 CAP.
2834 3885 2898 3940 ll.

400 3975 523 4028 Ὅτι
556 3973 698 4028 οὐδὲ
722 3975 830 4039 τὰς
863 3975 1026 4038 θείας
1045 3974 1359 4041 ἐξηκρίϐου
1385 3977 1627 4046 Γραφάς
1653 3979 1782 4048 (66).

371 4067 581 4120 Αὐτίκα
613 4066 657 4118 δ’
686 4061 802 4127 οὖν,
833 4065 927 4118 τοῦ
952 4067 1233 4136 προφήτου
1270 4069 1538 4139 Ζαχαρίου
1573 4070 1714 4123 κατὰ
1758 4071 1884 4136 τοὺς

297 4158 402 4228 τῆς
432 4157 692 4212 ἐπανόδου
727 4158 949 4228 χρόνους
971 4157 1071 4226 τῆς
1098 4158 1204 4210 ἀπὸ
1231 4158 1545 4223 Βαϐυλῶνος
1569 4161 1878 4231 γενομένου,

310 4251 490 4321 Ἰησοῦ
523 4267 582 4302 τε
621 4251 1090 4321 μνημονεύσαντος
1120 4249 1214 4302 τοῦ
1245 4250 1434 4320 ἱερέως
1479 4250 1574 4304 τοῦ
1622 4252 1877 4322 μεγάλου,

296 4339 500 4413 δηλαδὴ
530 4341 623 4394 τοῦ
656 4341 772 4394 υἱοῦ
841 4341 1106 4405 Ἰωσεδὲκ,
1141 4341 1200 4404 ὃς
1258 4341 1372 4412 ἅμα
1430 4342 1733 4412 Ζοροϐάϐελ
1775 4342 1881 4397 τῶν

297 4432 409 4487 ἀπὸ
432 4432 752 4496 Βαϐυλῶνος
804 4431 1207 4486 ἐπανελθόντων
1257 4434 1520 4504 ἡγήσατο,
1557 4435 1586 4486 ὁ
1636 4438 1880 4503 γενναῖος

297 4518 457 4588 οὗτος
493 4525 587 4578 καὶ
646 4524 956 4594 Θαυμαστὸς
1006 4525 1357 4595 ὑπογραφεὺς
1401 4524 1553 4578 ταῦτ’
1587 4527 1880 4596 ἀγνοήσας,

296 4615 480 4686 τίθησι
514 4616 612 4686 μὲν
637 4616 729 4668 τοῦ
755 4615 1023 4688 Ζαχαρίου
1073 4615 1169 4686 τὴν
1200 4615 1365 4683 λέξιν,
1396 4617 1461 4670 δι’
1492 4612 1558 4688 ἧς
1615 4617 1884 4689 μέμνηται

297 4705 396 4760 τοῦ
431 4707 630 4779 Ἰησοῦ,
669 4707 884 4778 μακρὰν
915 4707 971 4760 δὲ
993 4709 1091 4777 τῆς
1129 4709 1368 4778 ἱστορίας
1408 4707 1762 4771 ἀκοντισθεὶς,
1797 4707 1885 4760 λέ-

298 4815 418 4867 γειν
449 4799 610 4853 αὑτὸν
642 4800 908 4869 ὑπείληφε
941 4799 1052 4869 (67)
1089 4800 1216 4871 περὶ
1261 4799 1435 4870 Ἰησοῦ
1461 4799 1740 4862 Μωῡσέως
1769 4798 1884 4854 δια·-

378 4899 436 4954 ›Ῑ‹
465 4893 562 4946 Ed.
601 4893 798 4956 Paris.,
835 4909 951 4962 pag.
989 4894 1042 4948 9.

381 4970 438 5026 ἧς
483 4965 576 5016 ΕΛ.
619 4961 971 5032 Ρπίαίρίις.
1007 4961 1092 5018 10.

372 5057 418 5088 ὀ
453 5050 614 5107 Joan.
641 5068 680 5117 ι,
710 5049 798 5106 l4.
851 5055 893 5085 ²¹
922 5052 1088 5106 Zach.
1121 5052 1285 5118 "1,1.

2023 3979 2177 4044 Quod
2220 3994 2311 4032 nec
2352 3994 2531 4031 sacras
2575 3976 2883 4046 Scriptura:
2921 3977 3050 4030 satis
3095 3985 3273 4029 exacte
3309 3975 3522 4029 cal/eat.

2058 4067 2193 4122 Cum
2225 4066 2484 4136 propheta
2516 4066 2825 4132 Zacharias,
2862 4067 2906 4120 is
2940 4066 3196 4120 nimirum
3226 4065 3320 4134 qui
3354 4076 3558 4134 tempo-

1989 4175 2047 4212 re
2084 4159 2288 4212 reditus
2314 4173 2344 4212 e
2376 4157 2642 4228 Babylone
2674 4156 2795 4218 fuit,
2825 4158 3152 4212 mentionem
3184 4156 3381 4211 alicubi
3405 4156 3450 4186 ¹¹
3479 4155 3558 4209 fa-

1988 4251 2097 4304 ciat
2139 4248 2264 4304 Jesu
2296 4250 2573 4319 pontiﬁcis
2620 4250 2766 4304 illius
2803 4250 3019 4318 magni,
3057 4249 3261 4303 scilicet
3291 4246 3556 4304 Josedeco

1987 4343 2287 4412 geniti,qui
2325 4358 2428 4397 una
2469 4357 2590 4396 cum
2638 4340 2990 4405 Zorobabele,
3020 4341 3325 4410 principatu
3368 4340 3560 4410 linige-

1987 4435 2148 4488 batur
2200 4436 2342 4490 inter
2370 4434 2604 4500 Judaaos,
2638 4435 2727 4504 qui
2769 4436 2835 4488 de
2882 4434 3152 4506 Babylone
3216 4433 3561 4488 reverteban-

1993 4538 2101 4593 tur,
2131 4527 2428 4597 prmclarus
2460 4527 2562 4581 iSte
2592 4537 2644 4581 et
2673 4526 2932 4582 mirilicus
2959 4540 3089 4580 sane
3108 4525 3341 4594 scriptor
3362 4530 3419 4588 >2
3457 4525 3558 4578 ho-

1992 4634 2110 4671 rum
2151 4619 2390 4673 omnium
2442 4619 2681 4688 ignarus,
2713 4615 2993 4672 Zachariae
3029 4616 3192 4672 verba
3221 4616 3434 4684 quidem
3469 4614 3555 4668 illa

1993 4711 2143 4774 citat,
2177 4725 2297 4779 qua:
2341 4708 2467 4764 Jesu
2521 4709 2665 4763 illius
2709 4709 3092 4772 meminerunt,
3123 4707 3216 4761 sed
3248 4722 3277 4760 a
3310 4720 3471 4760 sensu
3504 4713 3558 4757 et

1992 4801 2263 4854 sententia
2305 4800 2634 4854 narrationis
2682 4798 2829 4854 illius
2868 4799 3071 4855 recedit
3110 4813 3272 4867 quam
3305 4795 3556 4865 longissi-

373 5166 492 5234 (66)
527 5163 783 5235 Continet
810 5163 1130 5235 bocycaput
1169 5163 1538 5219 velitationem
1585 5166 1876 5233 quamdam

1996 5163 2227 5235 ἐνόησεν.
2270 5162 2444 5229 Male;
2507 5172 2761 5217 caeterum
2815 5163 2971 5216 codd.
3012 5158 3233 5213 ἐλάθετο
3276 5157 3394 5212 loco
3440 5157 3561 5212 ἐλαι·

299 5233 446 5293 inter
472 5234 785 5290 Marcellum
815 5245 868 5287 et
913 5233 1225 5296 Eusebium,
1269 5235 1332 5288 de
1379 5235 1508 5288 locis
1554 5235 1875 5303 quihusdam

302 5310 355 5364 in
380 5306 681 5373 Scripturis
710 5304 1075 5358 sacrosanctis
1106 5318 1389 5372 perperam
1435 5306 1741 5366 intellectis,
1771 5306 1878 5358 sal-

304 5389 412 5432 tem
445 5388 502 5428 ut
552 5384 742 5427 nostro
772 5374 1056 5426 videbatur
1106 5373 1356 5436 Eusebio,
1411 5392 1440 5428 a
1492 5375 1765 5428 Marcello.
1816 5375 1872 5427 in

303 5450 504 5517 quibus
539 5444 856 5517 plerumque
887 5442 1200 5517 λεπτολογεῖ
1245 5446 1272 5496 ὁ
1321 5443 1884 5517 ξυγγραφεύςηθιλάο

302 5513 430 5572 lana
459 5515 680 5584 caprina
710 5513 902 5584 litigat.
940 5513 1222 5566 Concludit
1248 5513 1423 5568 autem
1445 5513 1590 5578 eum,
1620 5515 1711 5583 qni
1740 5513 1873 5567 adeo

309 5583 594 5656 pueriliter
629 5583 1009 5656 halluciuetnr,
1056 5584 1275 5656 minime
1311 5585 1635 5656 audiendum
1664 5599 1785 5656 esse
1834 5585 1888 5656 in

301 5652 355 5708 et
391 5656 457 5709 de
498 5655 659 5707 rebus
696 5652 1012 5721 theologicis
1049 5653 1422 5707 disserentem.
1459 5655 1664 5707 Textns
1710 5655 1780 5707 illi
1826 5653 1891 5705 de

302 5725 601 5793 Scripturis
647 5722 785 5793 male
814 5722 1015 5793 accepti
1054 5733 1367 5793 sequuntur.
1406 5723 1552 5774 M.—-
1581 5723 1700 5776 Mox
1732 5724 1890 5793 vulgo

297 5812 411 5865 γιν.
430 5789 507 5865 ὀι
539 5792 841 5864 ἀρχιερέως
875 5791 993 5845 loco
1019 5789 1168 5865 τοῦ-ἰ.
1195 5801 1249 5845 et
1293 5790 1544 5865 ςΙωσηδεκ
1571 5805 1621 5847 et
1651 5791 1888 5865 Ζοροεά-

201 5874 225 5893 ι
301 5864 424 5935 ϐηλ.
484 5861 749 5918 Porro-iu
799 5877 939 5916 corr.
981 5865 1066 5916 ed.
1121 5861 1177 5914 l’.
1220 5880 1237 5912 ι
1293 5861 1349 5916 Ι..
1387 5861 1660 5932 ἐννόησεν.
1703 5861 1733 5915 ι’
1761 5864 1876 5916 loco

1990 5234 2098 5287 θεν.

2057 5302 2170 5376 (67)
2199 5302 2337 5370 Περὶ
2367 5302 2560 5376 ’Ῑῃσομῦ
2581 5298 2874 5376 Μωῢσέως
2903 5298 3205 5376 διαδόχου.
3229 5297 3316 5376 Ait
3337 5295 3560 5376 Marcel-

1986 5368 2118 5435 luiii,
2141 5368 2313 5426 locum
2335 5389 2364 5427 e
2409 5373 2684 5425 Zachariae
2703 5371 2862 5423 tertio
2888 5370 3072 5436 capit.,
3095 5383 3239 5420 vers.
3263 5369 3312 5431 i,
3334 5368 3420 5419 uhi
3443 5369 3560 5436 agi-

1992 5444 2163 5497 tnrde
2195 5442 2319 5496 Jesu
2351 5442 2614 5500 Josedeci,
2654 5439 2904 5508 puntilice
2943 5435 3202 5508 inlsrael,
3234 5439 3286 5490 in
3313 5435 3497 5490 reditu
3530 5453 3562 5492 e

1991 5513 2284 5582 Babylone,
2317 5514 2384 5565 ah
2427 5527 2490 5564 eo
2518 5512 2585 5582 de
2607 5505 2753 5562 .lésu.
2793 5505 2925 5582 Nam
2960 5507 3156 5582 Moysis
3175 5520 3559 5582 successorem

1995 5576 2296 5651 acceptum.
2329 5584 2486 5636 Certe
2511 5580 2659 5632 valde
2696 5588 2814 5651 erat
2852 5579 3134 5651 Marcellus
3167 5576 3373 5646 ἠλίθιος
3396 5577 3559 5651 etin-

1997 5647 2356 5715 lautissimus,
2389 5653 2433 5705 si
2465 5651 2513 5703 id
2540 5651 2611 5701 ita
2648 5647 2835 5702 volunt
2865 5648 3028 5702 verba
3065 5647 3180 5714 ejus
3206 5663 3324 5715 qua:
3367 5648 3562 5700 recitat

2000 5724 2113 5790 ipse
2139 5722 2420 5784 Eusebius,
2450 5735 2553 5772 non
2589 5720 2688 5790 hoc
2719 5719 2971 5790 evincunt
3007 5736 3019 5771 :
3051 5716 3395 5790 ueque_eni_ni
3441 5725 3556 5790 sta-

2000 5785 2115 5854 tim,
2142 5793 2228 5844 uhi
2261 5798 2445 5854 egerat
2479 5790 2542 5841 de
2588 5787 2711 5842 Jcsu
2744 5787 2999 5857 pontiﬁce
3051 5785 3191 5856 apud
3231 5785 3550 5857 Zachariam

1999 5863 2086 5916 illa
2116 5861 2400 5926 subinl’crt,
2434 5875 2552 5927 qua:
2581 5854 2939 5915 calumniatur
2972 5854 3256 5915 Eusebius.
3290 5857 3370 5910 ὅτι
3391 5854 3553 5914 αὐτὸς
