4008 6566
417 481 514 535 751

1098 478 1366 534 EUSEBlI
1408 479 1888 535 CZESARIENSlS
1928 479 2082 534 OPP.
2123 480 2307 537 PARS
2346 482 2436 537 IV.
2476 512 2545 526 -
2587 480 3006 538 DOCMATICA.

3578 487 3693 541 733

415 618 519 655 tne.
551 597 686 653 Nam
718 596 901 653 Jesum
938 597 1085 652 illum
1116 599 1285 653 voluit
1321 599 1409 654 hic
1436 599 1789 669 intelligi,qui
1830 598 1997 668 Moysi

2123 599 2278 667 ἱόχου.
2309 598 2419 650 Καὶ
2472 597 2632 651 πάλιν
2660 598 2753 649 τοῦ
2784 594 3449 667 Ἀποστὸλουγράψαντος
3509 602 3565 652 ὲν
3611 601 3691 668 τῇ

414 691 736 747 succedebat
779 688 1107 745 immediate.
1154 690 1400 752 Deinde,
1440 706 1561 743 cum
1600 691 1905 761 Apostolus.
1944 691 1995 743 in

416 785 503 839 itia
530 798 650 853 qua:
677 792 761 837 est
813 784 876 836 ad
907 782 1126 837 Galatas
1160 782 1394 850 Epistola
1440 782 1666 846 scribat,
1703 780 1998 835 Jerusalem

413 891 533 943 qua:
583 889 790 927 sursum
835 885 942 936 est,
975 874 1138 925 libera
1187 885 1298 937 est,
1339 889 1456 943 qua:
1504 884 1737 926 nostrum
1788 873 1997 942 quidem

417 966 650 1016 omnium
683 974 849 1016 mater
882 974 954 1016 est
981 965 1064 1027 ²²;
1104 963 1194 1017 hic
1228 964 1389 1025 idem,
1429 979 1524 1031 per
1562 963 1997 1031 imprudentiam,

420 1066 514 1110 aut
548 1057 688 1126 quod
719 1058 950 1121 ignoret,
991 1056 1075 1111 vel
1104 1068 1253 1113 certe
1294 1057 1475 1112 sciens
1513 1055 1805 1124 volensque
1836 1054 1999 1109 verba

420 1149 509 1203 illa
534 1148 814 1216 depravat,
845 1148 969 1201 dum
1005 1148 1072 1200 ad
1108 1148 1264 1201 istum
1299 1149 1516 1201 modum
1550 1146 1779 1201 scribit:
1806 1143 2001 1199 Nostra

418 1251 596 1294 au‘cm
617 1238 919 1291 Jerusalem
958 1254 1168 1291 sursum
1204 1249 1298 1292 est.
1333 1236 1458 1306 Ipsa
1496 1239 1631 1291 enim
1662 1237 1716 1289 in
1758 1237 2003 1289 servitute

422 1344 495 1386 est
520 1349 635 1385 cum
664 1332 791 1399 ﬁliis
818 1332 950 1383 suis.
989 1331 1175 1384 Tertio
1204 1332 1291 1384 ubi
1316 1330 1531 1384 Petrum
1557 1330 1635 1385 sic
1662 1328 1857 1383 affatur
1879 1328 2003 1382 Ser-

421 1436 577 1479 vator
606 1424 679 1477 ²³ε
705 1423 799 1475 Abi
822 1422 885 1475 de
907 1432 1017 1489 post
1045 1438 1143 1487 me,
1179 1422 1387 1485 Satan;
1419 1421 1669 1475 scandala
1704 1422 1841 1474 enim
1875 1418 2003 1471 mihi

421 1530 630 1579 es,cum
650 1530 751 1566 non
776 1514 948 1580 sapias
981 1529 1040 1565 ea
1064 1527 1180 1580 qua,
1212 1512 1305 1564 Dei
1328 1522 1472 1575 sunt,
1498 1511 1587 1564 sed
1617 1527 1733 1579 quae
1755 1519 1874 1563 sunt
1906 1509 2003 1561 Ito-

424 1608 650 1668 minum,
679 1605 900 1658 ntinime
953 1604 1253 1672 intelligens
1291 1604 1561 1671 quomodo
1604 1605 1718 1656 hinc
1757 1602 2006 1655 dicantur

424 1698 491 1750 ad
530 1696 867 1764 Apostolnm,
905 1705 998 1749 aut
1026 1708 1313 1764 quorsum,
1360 1694 1589 1748 aﬂirmat
1624 1694 1689 1746 ad
1732 1692 2003 1747 diabolum

425 1801 547 1840 esse
569 1786 733 1840 dicta.
756 1785 1073 1856 Hujusmodi
1106 1785 1192 1839 ille
1218 1785 1663 1843 liallueinationes
1694 1783 1854 1839 simul
1877 1798 2006 1837 con-

428 1888 607 1948 gestas
656 1894 759 1931 una
815 1879 973 1933 modo
1030 1877 1254 1947 periodo
1296 1877 1739 1947 comprehendit.
1782 1876 2004 1930 totidem

426 1973 571 2027 enim
599 1974 776 2028 verbis
799 1972 1041 2026 disertim
1067 1971 1258 2025 scribit
1295 1989 1307 2023 :
1340 1989 1357 2022 ι
1384 1968 1598 2023 Nullum
1625 1984 1786 2039 porro
1811 1983 2004 2023 nomen
2037 1964 2080 2018 B

433 2084 453 2116 ι
505 2065 595 2137 [Β.
628 2064 670 2137 ι]
708 2064 1060 2120 excellentius
1099 2075 1336 2127 exSIare,
1352 2077 1510 2131 quam
1536 2071 1619 2116 est
1643 2076 1833 2116 nomen
1856 2058 2005 2128 Iesu,

432 2180 451 2210 ι
502 2160 643 2213 inter
675 2160 859 2213 omnia
893 2172 1013 2227 qua:
1058 2157 1109 2210 in
1161 2157 1320 2210 terris
1364 2155 1745 2219 nominantur,
1782 2162 2010 2207 testatur

434 2269 453 2299 ι
497 2267 561 2304 eo
616 2250 735 2303 loco
770 2248 1143 2319 Evangelium,
1184 2247 1272 2301 ubi
1326 2246 1548 2300 Mariam
1602 2247 1668 2299 ad
1706 2247 1849 2300 hunc
1894 2260 2008 2299 mo-

435 2359 454 2391 s
504 2342 629 2393 dum
660 2340 884 2409 angelus
924 2340 1220 2409 alloquitur
1249 2355 1263 2391 :
1292 2336 1375 2391 Ne
1401 2338 1584 2390 timeas
1615 2346 1787 2390 autem
1812 2334 2007 2398 Maria,

434 2451 455 2485 ‹
500 2432 740 2485 inrenisti
778 2433 917 2485 enim
962 2431 1186 2500 gratiam
1217 2429 1355 2497 apud
1390 2427 1723 2483 Deum.Ecce
1755 2428 2010 2495 concipies

435 2543 457 2579 ι
504 2526 557 2577 in
596 2534 774 2587 utero,
803 2534 847 2576 et
886 2524 1059 2593 paries
1092 2521 1285 2590 ﬁlium,
1320 2529 1369 2574 et
1412 2520 1618 2575 vocabis
1661 2535 1845 2573 nomen
1897 2518 2010 2587 ejus

410 2608 458 2670 ⁷(
507 2615 714 2671 Jesum.
754 2613 803 2666 11
813 2617 858 2668 ic
881 2618 976 2668 erit
1000 2629 1245 2682 magnus,
1272 2623 1317 2666 et
1351 2613 1493 2680 [ilius
1518 2610 1778 2665 Altissimi
1808 2610 2011 2664 vocabi-

437 2724 457 2759 ‹
500 2718 586 2759 tur
612 2705 679 2759 “.
710 2704 829 2771 Quo
867 2705 917 2758 in
952 2704 1091 2766 loco,
1128 2704 1271 2773 quod
1310 2702 1622 2774 pronuntiat
1662 2701 1905 2771 angelus,
1935 2712 2015 2755 te—

437 2815 458 2848 (
509 2807 682 2850 statur
710 2806 762 2850 et
793 2794 1075 2864 prophetia
1112 2795 1406 2856 Zacltarim,
1442 2792 1529 2862 qui
1566 2793 1632 2847 de
1664 2794 1765 2847 hoc
1796 2794 2015 2847 nomine

441 2907 460 2937 ι
509 2889 579 2940 ita
612 2886 737 2940 olim
756 2885 1082 2940 vaticinatus
1105 2893 1187 2938 est
1211 2903 1223 2939 :
1248 2884 1311 2936 Et
1334 2884 1560 2937 Ostendit
1583 2882 1709 2936 mihi
1735 2881 2013 2945 Dominus,

440 2998 459 3030 ι
509 2980 716 3048 inquit,
748 2977 932 3031 Jesum
976 2977 1296 3032 sacerdotem
1343 2991 1591 3044 magnum
1636 2983 1859 3029 stantem
1896 2984 2016 3028 ante

438 3089 462 3124 ‹
510 3071 696 3139 facient
743 3070 915 3138 angeli
972 3068 1203 3121 Domini.
1252 3064 1436 3120 Stabat
1491 3082 1646 3136 porro
1694 3066 1936 3119 diabolus
1984 3083 2016 3119 a

443 3183 461 3214 ι
509 3166 707 3217 dextris
753 3163 918 3226 illius,
969 3171 1023 3214 ut
1085 3160 1164 3213 illi
1213 3160 1597 3212 adversaretur.
1650 3158 1794 3213 Dixit
1842 3168 2016 3213 autem

443 3275 461 3305 ι
513 3255 765 3308 Dominus
789 3256 855 3305 ad
888 3252 1187 3313 Diabolum,
1220 3250 1478 3303 Dominus
1509 3250 1598 3318 qui
1621 3249 1772 3318 elegit
1793 3249 2014 3305 Jerusa-

444 3365 463 3397 ς
513 3346 612 3398 lem
644 3346 869 3411 increpet
904 3354 949 3396 te
966 3342 1032 3396 “.
1052 3341 1275 3408 Quando
1298 3349 1473 3394 autem
1499 3339 1644 3393 illum
1671 3339 2017 3411 increpabat?

442 3454 464 3487 α
511 3433 665 3487 'l'unc
710 3434 963 3487 nimirum
1001 3448 1124 3487 cum
1168 3430 1424 3486 dilecutm
1473 3431 1543 3484 ab
1586 3430 1702 3498 ipso
1744 3432 2015 3486 hominem

443 3545 465 3581 ι
514 3525 689 3579 Verbo
720 3541 818 3579 suo
859 3525 1170 3579 coadunivit
1202 3524 1282 3588 is,
1317 3524 1410 3592 qui
1454 3522 1785 3583 Jerusalem,
1823 3522 2018 3590 inquit,

442 3633 466 3669 ‹
511 3616 683 3685 elegit.
711 3615 859 3670 Patet
881 3624 1057 3669 autem
1086 3615 1233 3669 illum
1281 3617 1420 3669 banc
1448 3624 1687 3669 nostram
1715 3614 2012 3670 Jerusalem

448 3728 467 3761 ι
518 3709 837 3775 intelligere,
871 3709 934 3762 de
956 3724 1061 3778 qua
1091 3708 1379 3776 Apostolus
1406 3708 1665 3779 loquitur,
1694 3708 1894 3763 Nostra
1924 3726 2022 3761 au-

448 3818 467 3850 ι
516 3809 614 3851 tem
654 3798 972 3863 Jerusalem,
1003 3814 1212 3852 sursum
1242 3808 1315 3851 est
1344 3814 1361 3850 :
1393 3798 1480 3852 illa
1509 3809 1689 3853 autem
1733 3813 1856 3852 cum
1892 3797 2023 3851 libe-

450 3911 470 3943 ‹
519 3892 592 3946 ris
618 3892 729 3946 suis
758 3900 840 3945 est
868 3891 919 3944 in
946 3891 1227 3945 servitute.
1260 3889 1411 3944 Tunc
1447 3889 1623 3955 enim,
1652 3905 1773 3944 cum
1821 3891 1871 3943 in
1910 3906 2025 3943 mas

452 4001 469 4032 ι
520 3998 625 4053 gna
679 3982 765 4036 illa
799 3981 1098 4036 Jerusalem
1150 3990 1317 4046 esset,
1354 3982 1455 4035 hoc
1488 3990 1592 4045 est,
1622 3993 1931 4036 versaretur
1970 3983 2023 4036 itt

530 4119 578 4151 ²²
607 4117 726 4171 Gal.
764 4134 836 4182 tv,
864 4117 954 4171 9.6.

451 4251 654 4323 ἡξιώοη
688 4253 1001 4320 εἰσαγαγεῖν
1037 4250 1130 4303 τὸν
1168 4250 1296 4305 λαὸν
1323 4252 1539 4323 εξςίτὴν
1571 4252 1732 4321 ἁγίαν
1772 4252 1897 4323 γῆν,
1930 4252 2024 4307 sed

452 4321 571 4376 aliis
593 4321 924 4389 interpositis
950 4337 963 4373 :
995 4331 1049 4376 et
1077 4325 1289 4375 tandem
1329 4324 1395 4377 de
1416 4321 1599 4393 Moyse
1623 4326 1719 4386 ait,
1753 4321 1850 4377 nec
1871 4323 2022 4376 illum

454 4395 656 4446 dictum
688 4407 806 4446 esse
845 4393 1018 4461 μέγαν
1055 4393 1186 4460 :qni
1222 4403 1399 4445 tamen
1449 4393 1522 4445 ita
1557 4408 1786 4461 magnus
1809 4403 1864 4445 et
1902 4393 2025 4445 illu-

454 4464 587 4517 stris
612 4472 749 4523 erat,
783 4473 841 4513 nt
893 4464 985 4515 Dei
1042 4476 1233 4515 servus
1275 4463 1570 4523 diceretur,
1612 4472 1726 4515 ttun
1779 4462 1844 4516 de
1891 4462 2015 4515 Jesu

456 4532 640 4595 Nave;
671 4546 769 4583 nec
793 4532 945 4583 illum
973 4534 1147 4601 μέγαν
1187 4531 1312 4584 licet
1345 4533 1597 4601 populum
1644 4531 1933 4601 induxerat
1961 4534 2014 4585 in

456 4611 659 4654 terram
719 4600 1118 4667 promissiOnis,
1174 4610 1227 4653 et
1274 4601 1375 4653 alia
1419 4600 1687 4655 ’miracnla
1739 4600 2012 4654 etl'ecerat.

1031 4117 1078 4148 ”
1112 4115 1300 4171 Matth.
1347 4133 1456 4181 XVI,
1485 4116 1577 4171 25.
1653 4117 1699 4148 ³⁵
1722 4116 1853 4172 an.
1876 4134 1913 4182 ι,
1947 4119 2041 4172 50-

2101 689 2237 760 πρὸς
2286 688 2530 751 Γαλάτας
2589 687 2842 757 ἐπιστολῇ
2898 686 3086 740 τοῦτον
3126 687 3218 739 τὸν
3264 688 3495 756 τρόπον·
3533 690 3697 742 Ἡδὲ·

2101 780 2223 833 ἄνω
2257 778 2645 848 Ἰερουσαλὴμ
2686 778 2973 845 ἐλευθέρα
3009 777 3214 840 ἐστὶν,
3249 779 3381 844 ἥτις
3402 779 3532 832 ἐστὶ
3565 781 3652 847 μή
3688 814 3695 818 ι

2100 888 2211 938 τηρ
2230 867 2399 940 ἡμῶν
2422 870 2734 925 ἁπάντων·
2778 869 3046 940 ἔλαθεν,ἢ
3107 870 3207 923 οὐκ
3239 870 3478 940 ἐνόησεν,
3520 870 3553 941 ἢ
3592 875 3694 924 καί

2102 961 2243 1015 ἑκὼν
2275 961 2585 1031 διαστρέφει
2619 958 2711 1013 τὸν
2734 961 2890 1029 λόγον
2916 961 3139 1030 γράφων
3159 979 3172 990 ·
3223 962 3284 1014 Ἠ
3330 960 3398 1014 δὲ
3429 962 3695 1030 ήμετέμι

2113 1056 2518 1126 Ἰερουσαλὴμ,
2546 1056 2667 1109 ἄνω
2695 1056 2862 1109 ἐστί·
2901 1055 3010 1125 (68)
3059 1055 3209 1121 αὕτη
3235 1055 3348 1123 γὰρ
3408 1055 3695 1108 δουλεύει

2032 1204 2041 1211 ,
2098 1151 2249 1220 μετὰ
2275 1150 2392 1203 τῶν
2436 1148 2661 1202 τέκνων
2709 1147 2917 1216 αὐτῆς.
2953 1149 3062 1201 Καὶ
3115 1143 3270 1210 αὖθις
3300 1147 3395 1201 τοῦ
3434 1148 3693 1218 Σωτῆρος

2105 1241 2261 1314 ἡμῶν
2286 1242 2366 1311 τῷ
2389 1241 2581 1312 Πέτρῳ
2612 1240 2920 1311 εἰρηκότος·
2942 1239 3051 1309 (69)
3083 1240 3297 1309 Ὕπαγε
3326 1241 3517 1293 ὀπίσω
3540 1258 3691 1309 μου,

2104 1329 2371 1387 Σατανᾶ·
2433 1328 2784 1383 σκάνδαλον
2843 1324 2902 1382 εἷ
2950 1329 3097 1398 ἐμοὶ,
3127 1328 3216 1383 ὅτι
3257 1332 3327 1383 οὺ
3350 1329 3590 1398 φρονεῖς
3614 1331 3697 1383 τὰ

2104 1422 2212 1476 τοῦ
2250 1420 2417 1484 Θεοῦ,
2440 1421 2600 1475 ἀλλὰ
2618 1422 2689 1475 τὰ
2719 1420 2835 1473 τῶν
2855 1419 3200 1487 ἀνθρώπων,
3234 1420 3293 1472 οὐ
3329 1420 3508 1483 συνεὶς
3536 1421 3696 1483 ὅπως

2105 1515 2134 1566 6
2163 1514 2318 1582 λόγος
2346 1513 2529 1585 εἴρητο
2563 1513 2698 1582 πρὸς
2728 1514 2817 1565 τὸν
2863 1511 3197 1577 Ἀπόστολον,
3231 1512 3325 1564 καὶ
3383 1511 3471 1564 διὰ
3526 1510 3696 1566 ποίαν

2108 1606 2307 1668 αἰτίαν,
2344 1604 2481 1675 πρὸς
2534 1605 2624 1657 τὸν
2682 1603 2925 1657 διάϐολον
2979 1602 3149 1657 ταῦτα
3190 1602 3436 1673 λελέχθαι
3496 1602 3692 1672 φησὶν,

2107 1696 2240 1767 ὁμοῦ
2280 1697 2344 1767 δὴ
2387 1695 2613 1749 τοιαῦτα.
2665 1695 2960 1766 σφάλματα
2991 1695 3095 1748 ὑπὸ
3152 1694 3279 1765 μίαν
3310 1695 3490 1765 τίθησι
3532 1710 3698 1764 περι-

2110 1789 2301 1860 κοπὴν,
2325 1788 2599 1853 αὐτολεξεὶ
2627 1788 2812 1841 τοῦτον
2843 1788 3068 1856 γράφων
3090 1787 3180 1839 τὸν
3200 1786 3397 1857 τρόπον
3420 1803 3432 1815 ·
3500 1804 3519 1837 ι
3564 1786 3697 1839 Ὅτι

2117 1899 2134 1932 ι
2165 1881 2222 1933 δὲ
2255 1879 2407 1933 οὐδὲν
2451 1880 2622 1950 ὄνομα
2654 1878 2836 1949 μεῖζον
2878 1877 3051 1949 Ἰησοῦ
3104 1877 3211 1930 τῶν
3278 1879 3369 1930 ἐπὶ
3430 1875 3530 1947 τῆς
3586 1876 3700 1947 γῆς

2116 1992 2134 2025 ι
2176 1972 2582 2044 ὀνομασθέντων
2613 1971 2824 2041 γέγονε,
2854 1972 3118 2043 μαρτυρεί
3138 1969 3235 2040 μὲν
3257 1969 3318 2022 τὸ
3335 1969 3697 2038 Εὑαγγέλιον,

2117 2083 2136 2117 ι
2171 2064 2301 2118 ἔνθα
2337 2066 2365 2117 6
2403 2064 2711 2135 ἄγγελος-τῇ
2731 2064 2965 2135 Μαριάμ
2986 2079 2999 2093 ·
3023 2061 3120 2128 Μὴ
3138 2061 3347 2132 φοϐοῦ,
3376 2061 3497 2131 ἔφη.
3519 2057 3703 2130 εὗρες

2115 2175 2133 2208 ι
2176 2155 2285 2226 γὰρ
2317 2156 2493 2225 χάριν
2527 2156 2684 2224 παρὰ
2717 2154 2822 2209 τοῦ
2854 2153 3033 2209 Θεοῦ·
3061 2154 3160 2207 καὶ
3211 2153 3340 2207 ἰδοὺ
3393 2154 3702 2222 mundum

2116 2268 2133 2299 ι
2168 2250 2239 2302 ἐν
2277 2249 2509 2319 γαστρὶ,
2540 2248 2636 2301 καὶ
2666 2246 2807 2315 τέξῃ
2842 2246 2994 2310 υἱὸν,
3026 2246 3125 2300 καὶ
3146 2245 3427 2311 καλέσεις
3462 2244 3530 2297 τὸ
3569 2244 3707 2297 ὄνοσ-

2116 2361 2135 2393 ι
2169 2359 2255 2410 μα
2268 2341 2453 2395 αὐτοῦ
2479 2341 2733 2409 Ἰησοῦν.
2752 2336 2939 2406 Οὗτος
2967 2340 3137 2393 ἔσται
3184 2338 3393 2408 μέγας,
3427 2337 3523 2390 καὶ
3564 2335 3706 2402 υἱὸς

2118 2454 2136 2484 ‹
2186 2434 2477 2501 Ὑψίστου
2511 2432 2898 2501 κληθήσεται.
2930 2432 3100 2501 Δῆλον
3123 2430 3180 2484 δέ
3203 2432 3317 2482 ἐστι
3352 2430 3442 2482 καὶ
3468 2428 3575 2482 ἀπὸ
3595 2428 3707 2497 τῆς

2121 2545 2137 2575 ι
2177 2523 2268 2578 τοῦ
2299 2524 2566 2595 Ζαχαρίου
2603 2522 2959 2594 προφητείας,
2993 2522 3157 2576 πάλαι
3191 2521 3319 2591 περὶ
3357 2519 3450 2572 τοῦ
3492 2518 3706 2589 ὀνόμα-

2119 2634 2136 2665 ‹
2167 2632 2256 2678 τος
2276 2614 2467 2668 τούτου
2504 2614 2981 2686 προφητευσάσης·
3027 2610 3251 2676 Ἕδειξε
3291 2609 3401 2681 γάρ
3422 2628 3544 2680 μοι,
3591 2626 3706 2680 φη·-

2120 2726 2138 2759 ι
2179 2709 2231 2761 σὶ
2249 2748 2263 2770 ,
2294 2709 2507 2775 Κύριος
2549 2707 2782 2775 Ἰησοῦν
2796 2707 2902 2760 τὸν
2921 2704 3075 2773 ἱερέα
3101 2704 3207 2756 τὸν
3226 2704 3436 2773 μέγαν,
3465 2702 3707 2756 ἑστῶτα

2120 2818 2140 2850 ι
2170 2799 2284 2868 πρὸ
2315 2799 2641 2867 προσώπου
2662 2798 2918 2868 ἀγγέλου
2945 2799 3184 2865 Κυρίου.
3211 2796 3319 2849 Καὶ
3347 2799 3379 2848 ό
3419 2793 3707 2860 διάϐολος

2121 2909 2140 2941 ι
2173 2891 2437 2957 εἱστήκει
2463 2891 2533 2943 ἐκ
2561 2890 2775 2955 δεξιῶν
2811 2890 3019 2951 αὐτοῦ,
3048 2889 3155 2943 τοῦ
3179 2887 3545 2943 ἀντικεῖσθαι
3589 2888 3704 2938 ai)-

2124 3002 2141 3032 ι
2177 2981 2275 3047 τῷ.
2309 2982 2418 3037 Kal
2449 2977 2580 3035 εἷπε
2601 2982 2816 3050 Κύριος
2871 2979 3018 3047 πρὸς
3056 2977 3163 3031 τὸν
3182 2976 3496 3031 διάϐολον·
3543 2975 3702 3026 Ἐπιο

2124 3093 2142 3125 ι
2175 3072 2417 3141 τιμήσαι
2469 3074 2686 3140 Κύριος
2730 3072 2801 3125 ἐν
2855 3071 2988 3133 σοὶ,
3042 3072 3075 3124 ό
3120 3067 3523 3137 ἐκλεξάμενος
3583 3064 3705 3131 τὴν

2125 3184 2141 3214 ι
2190 3165 2596 3234 Ἰερουσαλήμ.
2642 3164 2781 3217 Πότε
2823 3164 2931 3235 γὰρ
2976 3161 3123 3232 αὐτῷ
3157 3160 3522 3231 initium-sv;
3568 3159 3703 3207 Ὅτε

2124 3274 2143 3306 ι
2184 3256 2275 3308 τὸν
2315 3255 2665 3325 ἀγαπηθέντα
2694 3255 2787 3306 ὑπ’
2833 3252 2996 3306 αὐτοῦ
3043 3252 3345 3323 ἄνθρωπον,
3378 3249 3455 3319 τῷ
3505 3246 3704 3300 ἑαυτοῦ
3754 3250 3757 3251 ⁷

2126 3367 2141 3398 ι
2190 3347 2392 3417 συνῆψε
2422 3348 2577 3416 Λόγῳ
2611 3349 2638 3399 6
2666 3345 3045 3417 ἐκλεξάμενος,
3077 3346 3231 3417 φησὶ,
3286 3344 3385 3414 τὴν
3429 3342 3704 3412 Ἰερουσα-

2129 3457 2146 3488 ι
2182 3437 2325 3507 λὴμ,
2381 3435 2538 3507 δῆλον
2569 3437 2650 3489 ὅτι
2681 3436 2887 3508 ταύτην
2921 3436 3017 3507 τὴν
3054 3435 3327 3507 ἡμετέραν
3365 3433 3490 3502 περὶ
3545 3427 3613 3502 ἧς
3673 3429 3706 3481 6

2130 3545 2147 3575 ι
2193 3526 2510 3589 Ἀπόστολος
2538 3526 2702 3595 λέγει·
2741 3527 2803 3579 Ἦ
2842 3527 2898 3580 δὲ
2937 3527 3179 3598 ἡμετέρα
3214 3522 3565 3595 Ἰερουσαλὴμ
3592 3520 3707 3574 ἄνω

2134 3639 2151 3669 ι
2191 3618 2373 3671 ἐστίν·
2413 3618 2549 3691 αὕτη
2594 3620 2704 3692 γὰρ
2738 3619 2976 3673 δουλεύει
3016 3618 3153 3689 μετὰ
3202 3618 3311 3670 τῶν
3364 3616 3566 3669 τέκνων
3604 3613 3705 3666 αὑ-

2136 3731 2153 3763 t
2189 3711 2306 3781 τῆς.
2365 3710 2678 3782 Τηνικαῦτα
2725 3710 2933 3782 γὰρ,ὲν
2979 3713 3043 3780 τῇ
3082 3708 3289 3780 μεγάλῃ
3330 3708 3464 3776 αὐτῇ
3510 3706 3694 3774 Ἰερου-

2136 3820 2154 3853 ‹
2199 3801 2399 3873 σαλὴμ,
2436 3801 2712 3855 τουτέστιν
2744 3802 2801 3853 ἐν
2831 3804 2896 3872 τῇ
2930 3800 3175 3871 ἡμετέρᾳ.
3217 3797 3509 3868 Ἐκκλησία
3553 3792 3706 3863 γενό-

2137 3914 2155 3943 ‹
2201 3911 2381 3963 μενος,
2413 3894 2713 3963 ἐπετίμησε
2748 3892 2823 3962 τῷ
2853 3892 3101 3962 διαϐόλῳ,
3153 3891 3292 3945 κατὰ
3330 3890 3428 3960 τὴν
3495 3902 3700 3958 προφη-

2138 4002 2156 4033 ι
2193 3983 2343 4035 τεὶαν
2388 3981 2555 4035 εἰπών
2582 4000 2594 4014 ·
2635 3984 2881 4035 Ἅπελθε
2923 3983 3114 4036 ὀπίσω
3137 4000 3278 4051 μου,
3315 3976 3583 4033 Σατανᾶ·
3616 3975 3703 4028 ὅτι

2046 4116 2135 4172 ὗῖ.
2213 4118 2256 4149 ’⁸
2286 4118 2514 4171 Zaehar.
2543 4133 2628 4180 Ill,
2666 4117 2717 4182 1,
2738 4116 2791 4170 Ξ.

2141 4252 2354 4323 quidem
2388 4251 2793 4323 cohonestatur.
2832 4248 3007 4323 Quod,
3039 4258 3095 4323 ut
3120 4257 3172 4301 et
3199 4248 3304 4323 alia
3338 4246 3402 4323 de
3432 4243 3704 4323 JBSlllilli-

2130 4314 2251 4377 d'em
2281 4324 2446 4383 dicta,
2474 4320 2543 4373 τὰ
2595 4320 2766 4392 μικρὰ
2800 4314 2894 4392 διαὶ
2923 4319 3243 4392 Δφαινόμενοι
3282 4316 3403 4392 ἀντὶ
3454 4314 3705 4392 μεγάλων

2132 4393 2305 4463 καὶμὴ
2329 4384 2765 4463 βλεπομένων,’ἱιι
2793 4384 3119 4463 Jesuiblarize
3143 4384 3597 4463 :ulimplebanttur.
3622 4384 3697 4463 ill.

2126 4495 2195 4503 -—
2221 4455 2388 4518 Codd.
2438 4455 2534 4515 τοῦ
2577 4463 2764 4525 Μωσ.,
2806 4463 2927 4515 dein
2957 4461 3111 4530 vulgo
3140 4458 3230 4510 τὸν
3257 4474 3343 4528 τρ.
3372 4455 3580 4521 τοῦτον,
3612 4455 3705 4524 qui

2123 4534 2378 4587 ἁπάντων
2402 4549 2512 4587 oin.

2194 4606 2305 4675 (σε)
2328 4604 2488 4670 Αὕτη
2520 4603 2629 4675 γὰρ
2648 4600 2950 4675 δουλεύει.
2998 4598 3124 4653 llaec
3158 4607 3241 4675 est
3273 4596 3448 4675 altera
3477 4610 3705 4675 accusa-

456 4670 617 4724 (Ῑθτιθ
655 4666 956 4736 οὓέειιτίιιεν
1009 4679 1063 4723 ει
1118 4669 1445 4733 ἀσυνδέτωςν
1496 4674 1612 4725 [nec
1666 4679 1941 4739 poﬂlllllul‘
1993 4687 2021 4721 τι
2056 4680 2099 4733 D
2131 4666 2221 4728 tio‘.
2250 4666 2422 4727 Locus
2452 4666 2538 4727 est
2563 4666 2679 4727 Gal.
2712 4688 2783 4733 tv,
2812 4672 2906 4734 '26,
2946 4686 3103 4740 quem
3144 4668 3331 4740 alludit
3376 4668 3474 4719 hoc
3510 4666 3701 4740 "mdo:

459 4740 739 4801 Marcello,
788 4748 846 4792 ut
887 4740 1086 4794 exinde
1133 4742 1417 4794 calumniae
1462 4742 1573 4794 sint
1622 4742 1891 4808 exposita,
1924 4741 2018 4795 sed

459 4826 565 4863 non
599 4808 830 4862 infertur
883 4810 1215 4873 necessario,
1261 4808 1402 4878 quod
1457 4812 1856 4864 accusationem
1890 4828 2019 4865 con-

458 4880 636 4933 stituit
668 4878 1048 4949 Eusebian‘am.
1103 4881 1375 4945 Secundo,
1406 4890 1467 4933 ttt
1493 4882 1583 4934 ille
1605 4880 1784 4944 Jesns,
1818 4881 1885 4935 de
1917 4896 2023 4949 quo

461 4949 726 5018 meminit,
750 4959 869 5017 post
901 4947 1135 5017 Moysent
1159 4949 1340 5015 fuerit,
1361 4966 1425 5003 ex
1460 4952 1624 5005 animi
1665 4952 1783 5018 ejus
1805 4947 2025 5005 senten—

463 5020 535 5072 tia
577 5017 670 5071 τοῦ
700 5018 985 5073 Josedeci:
1024 5029 1200 5071 latum
1235 5034 1338 5072 non
1395 5021 1576 5073 statim
1622 5017 1893 5075 evincitur
1937 5021 2027 5073 ille

460 5104 636 5143 error.
667 5087 797 5141 Nam
836 5104 1022 5141 verum
1049 5099 1153 5149 est,
1186 5092 1327 5143 lnmc
1359 5087 1566 5153 Jesum,
1604 5106 1706 5143 una
1751 5106 1873 5145 cum
1927 5090 2028 5142 Zo-

461 5157 716 5231 robabele
746 5160 998 5231 populum
1037 5159 1406 5231 introdusisse
1441 5161 1492 5212 in
1540 5170 1736 5213 terram
1791 5162 2026 5231 promis-

462 5229 632 5283 sionis
661 5245 676 5283 :
711 5226 905 5299 nonde
934 5226 1170 5299 Egypt"
1196 5229 1583 5291 reducem,aut
1604 5226 1823 5285 deserto
1850 5246 2030 5299 egres-

467 5315 609 5362 sum,
644 5299 738 5353 sed
780 5296 1054 5369 Babylone
1091 5313 1367 5369 reversum
1415 5313 1446 5352 e
1476 5299 1813 5369 captivitate.
1869 5296 2030 5367 quue

467 5371 645 5423 fassus
672 5380 756 5423 est
784 5367 1032 5436 ipsemet,
1063 5370 1090 5420 6
1117 5367 1211 5419 τοῦ
1252 5368 1573 5437 Παμφίλου;
1612 5368 1687 5421 ait
1709 5371 1853 5423 enim
1890 5388 1901 5421 :
1936 5372 2032 5431 Ὃς

467 5441 586 5509 ἅμα
630 5438 934 5510 Ζοροϐᾴϐελ
962 5438 1071 5492 τῶν
1111 5438 1222 5510 ἀπὸ
1268 5439 1585 5502 Βαϐυλῶνος
1634 5439 2034 5492 ἐπανελθόντων

465 5508 737 5579 ἡγήσατο.
797 5508 911 5563 Hoc
952 5511 1067 5563 vult
1116 5508 1424 5574 Marcellus,
1456 5511 1659 5563 nullutn
1710 5524 1904 5564 nomen
1935 5511 2035 5579 ali-

469 5577 687 5647 quando
722 5579 983 5633 illustrius
1016 5581 1068 5632 in
1102 5580 1262 5634 terris
1289 5579 1479 5642 fuisse,
1510 5594 1671 5647 quam
1705 5596 1897 5634 nomen
1940 5577 2035 5633 Je-

472 5663 567 5700 sus
597 5658 736 5712 erat,
767 5650 891 5716 quia
923 5651 1070 5703 solus
1102 5650 1168 5713 is,
1197 5652 1285 5716 qui
1315 5665 1381 5704 eo
1413 5652 1631 5704 nomine
1658 5652 1975 5711 vocabatur,
2009 5651 2037 5702 6

466 5716 560 5770 τοῦ
603 5717 869 5789 Ἰωσεδὲκ,
901 5722 1151 5772 sacerdos
1178 5736 1403 5789 magnus
1429 5722 1759 5783 nominatur,
1805 5720 2037 5788 prophe-

474 5789 579 5841 tice
614 5788 665 5839 in
696 5802 761 5841 eo
788 5789 1070 5856 designato
1101 5791 1213 5853 illo,
1246 5788 1337 5859 qui
1371 5806 1492 5844 cum
1526 5791 1778 5844 indueret
1813 5804 2038 5843 carnem

473 5867 739 5929 nostrain,
774 5873 997 5927 magnus
1027 5860 1239 5914 futurus
1282 5861 1420 5927 apud
1464 5861 1651 5923 Deum,
1699 5860 1894 5929 angelo
1927 5861 2037 5913 Ga-

469 5927 637 5983 briele
668 5928 997 5983 internuntio
1043 5930 1375 5997 designatur.
1400 5930 1517 5995 Quo
1558 5934 1710 5987 titulo
1745 5927 1811 5986 ne
1832 5930 2042 5999 Moyses

2133 4745 2388 4796 Dominus
2422 4745 2645 4807 increpet
2678 4754 2745 4803 te,
2775 4732 3002 4798 smmi,
3034 4738 3136 4810 (ai_t_
3178 4737 3401 4810 angelus
3426 4732 3701 4810 apuiLZa-

2125 4814 2390 4877 chal‘inttt)
2421 4816 2509 4871 aui
2542 4803 2692 4880 elegit
2728 4803 3494 4880 JerusalemiZaclr:nt,__2),
3546 4803 3709 4874 δῆλον

2125 4885 2208 4937 ὅτι
2258 4875 2462 4953 ταύτην
2515 4875 2959 4953 τὴν⁷ήμετέρανλ
2985 4875 3157 4953 inquit
3204 4875 3703 4953 Illarcellusn,_quatn

2128 4944 2518 5007 commemorat
2550 4944 2840 5018 Apostolus
2894 4944 3094 5018 (Galui.
3156 4963 3231 5018 Iv.
3287 4946 3378 5018 25,
3431 4944 3569 5018 26.),
3605 4944 3701 5018 μοι

2128 5024 2229 5087 ait,
2264 5023 2325 5076 Ἠ
2351 5021 2419 5074 δὲ
2455 5014 2710 5091 ἡμετέρα
2744 5014 3133 5086 Ἰερουσαλὴμ
3168 5014 3509 5091 ἅνω-εστὶν,
3554 5014 3705 5078 αὕτη

2129 5086 2239 5162 γὰρ
2265 5086 2561 5146 δουλεύει.
2597 5086 2727 5162 Hice
2769 5107 2817 5142 Ill
2869 5093 3132 5143 servitute
3160 5097 3264 5162 est.
3301 5086 3426 5162 litae
3448 5099 3482 5162 ﬁ:
3515 5099 3705 5162 nempe

2134 5154 2440 5225 {errestrisg
2472 5163 2560 5215 illa
2606 5164 2657 5213 in
2703 5160 2988 5214 Palaestina
3016 5175 3032 5225 ;
3064 5157 3411 5228 apertissime
3444 5154 3704 5207 Eusebius

2131 5235 2431 5289 Cavillatur.
2474 5231 2517 5282 Μ

2206 5302 2318 5371 (69)
2351 5302 2569 5371 Ὕπαγε
2589 5300 2781 5353 ὀπίσω
2797 5317 2941 5371 μου,
2973 5295 3228 5351 Σατανᾶ.
3258 5295 3463 5371 Dict_tnn
3502 5290 3705 5371 Domini

2135 5362 2443 5426 Sel-vallaris
2470 5362 2692 5426 Petrum
2740 5362 3040 5437 apostolum
3068 5362 3538 5437 προσφωνοῦντος.
3572 5362 3693 5414 Mar-

2134 5444 2302 5497 cellus
2353 5444 2424 5496 ita
2482 5433 2893 5508 interpretatur,
2929 5449 2985 5490 ιιι
3029 5433 3153 5499 vos,
3212 5438 3590 5508 ὃςιιειιιοηιιοιι
3643 5433 3705 5483 ad

2135 5514 2377 5575 Petrum,
2401 5506 2664 5572 ultimate,
2696 5519 2789 5562 aut
2813 5508 3188 5577 personaliter,
3210 5506 3302 5559 sed
3334 5506 3398 5555 ad
3431 5506 3705 5577 Satanam,

2136 5585 2228 5653 qni
2267 5583 2315 5636 ei
2364 5572 2654 5635 consilium
2706 5572 2838 5632 illud
2864 5586 3253 5653 suggesserat,
3284 5579 3571 5653 referatur.
3606 5572 3705 5637 Qui

2139 5646 2185 5707 si
2217 5653 2443 5717 erravit,
2474 5662 2623 5704 certe
2648 5666 2754 5703 non
2797 5648 2964 5712 solus,
3003 5648 3096 5701 sed
3128 5662 3248 5699 cum
3283 5646 3466 5717 inultis
3506 5652 3559 5717 et
3596 5659 3695 5717 mat

2140 5726 2259 5794 guis
2290 5714 2605 5794 doctoribus
2634 5721 2723 5774 hic
2749 5720 2971 5794 erravit.
2999 5718 3219 5794 Antiqui
3244 5716 3388 5768 enim
3423 5714 3707 5794 ominator

2144 5788 2295 5847 t'nttlti
2326 5796 2376 5844 in
2402 5792 2592 5844 eodem
2630 5806 2752 5843 cmn
2786 5790 2879 5842 illo
2912 5802 3123 5848 errore,
3152 5788 3194 5839 si
3239 5798 3392 5837 error
3417 5790 3556 5844 erat,
3594 5795 3687 5832 ver

2144 5868 2425 5917 sabantnr.
2467 5859 2701 5913 llilarius
2733 5859 3014 5925 distinguit
3042 5856 3141 5910 Itoc
3174 5856 3332 5908 modo
3365 5870 3377 5904 :
3428 5851 3573 5925 Vnde
3604 5865 3711 5916 post

2148 5950 2245 5998 me,
2290 5934 2496 5997 Saluti;
2550 5932 2675 5983 milii
2706 5921 2958 5985 scandala
2991 5943 3042 5983 es
3077 5926 3287 5995 (.ilattlt.
3339 5938 3449 5991 xvi,
3492 5921 3603 5990 ‘25),
3639 5930 3697 5973 ut
