4008 6510
447 433 584 495 ⁵’1ὖὸ

1159 431 1426 489 EUSEBH
1469 432 1942 487 CAESARIENSIS
1983 433 2134 488 OPP.
2176 432 2354 487 PARS
2391 431 2480 487 lV.
2519 463 2589 475 —
2627 425 3070 489 DOGMATICA."

3634 428 3742 482 73-3

483 548 590 600 ruit
636 547 928 614 miraculis,
962 555 1080 602 erat
1127 549 1267 604 [ilius
1315 549 1481 614 Nave,
1509 551 1575 605 de
1602 550 1743 604 tribu
1773 550 2050 619 Ephraim,

2171 549 2293 620 πρὸς
2327 550 2675 604 διδασκαλίαν
2707 553 2808 622 τῆς
2847 550 3104 605 ἀνωτάτω
3153 547 3463 616 θεολογῖαςς
3501 546 3612 599 Καὶ
3650 532 3746 598 ιἐπἱ

485 652 604 704 qua:
639 637 810 692 tribus
840 654 960 693 cum
1017 641 1319 695 sacerdotio
1357 642 1490 694 nihil
1531 641 1719 696 habuit
1751 655 2054 696 commune.

485 727 775 791 Quocirca,
813 729 904 795 qui
959 728 1009 782 in
1063 743 1195 784 voce
1229 738 1335 783 tam
1365 729 1536 782 cuivis
1569 731 1726 785 obvia
1762 731 2054 792 aberravit,

484 827 540 872 et
567 819 764 875 nudam
796 819 1064 888 ignoravit
1102 820 1355 876 Historia:
1399 822 1621 887 seriem,
1669 839 1774 876 non
1816 832 1987 892 potest
2009 823 2057 875 ei

485 915 602 962 tuto
646 911 780 963 satis
819 910 950 964 fides
985 910 1232 966 adhiberi
1272 911 1323 964 in
1352 912 1509 966 rebus
1539 912 1877 982 theologicis,
1906 922 1958 966 et
1980 911 2062 966 di-

484 998 664 1052 vinam
689 1000 1117 1070 pertingentibus
1141 1003 1526 1070 cognitionem.
1572 1003 1839 1058 Debemus
1879 1013 2058 1057 autem

485 1100 541 1145 et
570 1091 620 1144 in
654 1091 815 1146 Petro
859 1093 1108 1148 insistere
1133 1134 1147 1158 ,
1185 1095 1636 1163 quemadmodum
1687 1096 1752 1149 ad
1788 1095 1934 1149 illum
1979 1095 2062 1149 di-

487 1191 634 1236 ctum
660 1182 752 1248 sit,
786 1182 1060 1250 Vadepost
1086 1202 1195 1251 me,
1229 1201 1456 1254 quaeque
1484 1187 1720 1242 nominis
1749 1187 1914 1252 illius,
1952 1163 2091 1242 Sa-.

490 1283 652 1337 tame,
697 1275 770 1329 sit
801 1276 1196 1344 interpretatio.
1243 1277 1469 1345 Propter
1517 1279 1646 1346 quid
1684 1279 1849 1332 etiam
1881 1279 1948 1333 de
1973 1278 2064 1333 illo

491 1365 690 1418 dictum
717 1365 806 1431 sit,
836 1366 1083 1420 scandala
1116 1367 1245 1421 mihi
1281 1385 1334 1421 es
1362 1376 1411 1421 et
1439 1369 1733 1437 offensioni.
1758 1368 1823 1422 Et
1847 1379 2064 1439 propter

492 1470 656 1524 quam
701 1456 910 1511 tandem
945 1458 1204 1512 rationem
1253 1458 1364 1524 tiat,
1401 1469 1458 1512 ut
1495 1458 1596 1512 sub
1624 1475 1729 1514 uno
1766 1468 1819 1514 et
1876 1457 2061 1512 eodem

494 1552 733 1614 tempore
763 1549 851 1601 uni
897 1557 950 1600 et
977 1548 1149 1600 eidem
1188 1547 1420 1612 dicatur,
1444 1547 1636 1602 Beatus
1669 1565 1721 1601 es
1763 1559 1842 1612 tu,
1879 1547 2063 1603 Simon

492 1633 764 1705 Barjona;
794 1647 869 1704 et,
899 1638 1036 1692 Vade
1065 1650 1181 1710 post
1213 1657 1316 1704 me,
1337 1639 1536 1694 Satana
1560 1641 1624 1694 ".
1648 1640 1783 1708 Quid
1798 1641 2067 1711 signiﬁcet

493 1726 646 1792 illud,
684 1727 827 1784 Vade
860 1740 972 1800 post
1003 1747 1106 1798 me,
1154 1740 1210 1786 et
1242 1733 1384 1801 quod
1430 1733 1611 1786 statim
1655 1733 1931 1803 subjunxit
1956 1744 2009 1788 et
2033 1749 2064 1788 e

494 1821 722 1892 vestigio
755 1822 1032 1891 Servator,
1071 1823 1133 1878 Si
1165 1825 1282 1894 quis
1331 1825 1448 1877 velit
1479 1836 1593 1893 post
1626 1841 1705 1878 me
1745 1825 1938 1889 venire,
1968 1826 2063 1878 ab-

2157 640 2250 693 τοῦ
2291 640 2498 711 Πέτρου
2547 642 2604 695 δὲ
2635 642 2897 706 ὡσαύτως
2954 640 3244 710 ἐπιστῆσαι
3297 638 3415 692 δέον
3457 638 3539 700 τὸ,
3593 637 3750 699 ὅπως

2158 731 2348 803 ἐλέχθη
2384 733 2516 804 πρὸς
2548 733 2708 787 αὑτὸν
2739 733 2820 795 τὸ,
2862 735 3093 802 "ructre
3125 732 3317 785 ὀπίσω
3341 745 3489 798 μου’
3527 728 3623 781 καὶ
3657 726 3747 788 τίς

2159 825 2192 893 ἡ
2232 822 2323 876 τοῦ
2373 823 2607 879 Σατανᾶ
2652 824 2914 895 ὀνόματος
2961 823 3254 894 ἑρμηνεία·
3286 822 3374 874 διὰ
3415 820 3468 873 τί
3510 819 3597 882 δὲ,
3647 825 3748 870 καὶ

2162 915 2453 968 σκάνδαλον
2487 917 2647 970 αὑτὸν
2681 913 2864 970 εἶπεν·
2902 917 3020 979 πῶς
3062 916 3119 968 δὲ
3161 915 3343 984 σχεδὸν
3394 913 3484 981 ὑφ’
3518 912 3616 964 ἕνα
3647 910 3746 963 καὶ⁸

2160 1005 2250 1058 τὸν
2300 1007 2460 1061 αὐτὸν
2519 1008 2708 1079 καιρὸν
2758 1009 2853 1062 καὶ
2909 1007 3004 1072 τὸ,
3065 1005 3364 1074 Μακάριος
3413 1005 3486 1067 εἴ,
3543 1003 3748 1072 Σίμων

2159 1099 2448 1166 Βαριωνᾶ,
2493 1102 2628 1172 πρὸς
2697 1101 2857 1154 αὑτὸν
2921 1101 3137 1169 ἐλέγετο
3205 1099 3299 1152 καὶ
3359 1098 3447 1150 τόο
3509 1098 3746 1164 Ὕπαγε

2162 1189 2353 1243 ὀπίσω
2377 1208 2518 1259 μου,
2547 1191 2802 1256 Σατανᾶ,
2839 1191 2932 1244 καὶ
2967 1192 3050 1254 τίς
3095 1192 3128 1260 ἡ
3169 1190 3373 1242 διάνοια
3412 1187 3518 1240 τοῦ
3549 1188 3748 1238 ὀπίσω

2163 1280 2516 1346 πορεύεσθαι
2550 1282 2686 1351 (75),
2729 1280 2824 1334 τοῦ
2864 1281 3112 1352 Σωτῆρος
3143 1281 3210 1351 ἢν
3241 1279 3390 1350 παρὰ
3433 1277 3602 1340 πόδας
3649 1278 3748 1330 αὑ-

2161 1370 2252 1433 τὸς
2281 1371 2572 1442 διεσάφησε
2609 1374 2845 1443 συνάψας
2874 1373 2999 1443 ἑξῆς
3025 1373 3109 1434 τὸ,
3145 1373 3218 1425 El
3255 1389 3344 1436 τις
3369 1369 3525 1423 θέλει
3549 1369 3748 1420 ὀπίσω

2157 1482 2276 1533 μου
2305 1465 2504 1518 ἐλθεῖν
2531 1465 2980 1534 ἀπαρνησάσθω
3002 1464 3218 1518 ἑαυτὸν
3236 1502 3251 1526 ,
3285 1461 3385 1515 καὶ
3415 1461 3610 1529 ἀράτω
3635 1459 3751 1512 τὸν

2163 1555 2430 1624 σταυρὸν
2465 1557 2671 1619 αὑτοῦ,
2723 1557 2820 1610 καὶ
2868 1555 3265 1610 ἀκολουθείτω
3296 1570 3424 1622 μοι·
3473 1552 3502 1604 ὃ
3550 1551 3615 1621 δὴ
3651 1551 3750 1602 καὶ

2164 1646 2310 1718 ἔργῳ
2344 1647 2672 1719 διεπράξατο
2718 1649 2912 1720 μικρὸν
2947 1647 3174 1716 ὕστερον
3223 1645 3382 1707 αὐτὸς
3429 1645 3456 1695 ὁ
3500 1642 3748 1712 Πέτρος,

2169 1740 2447 1810 μαρτυρίῳ
2495 1739 2818 1805 τελειωθείς.
2882 1738 3042 1792 Ἀλλὰ
3093 1739 3186 1792 κα)⁸
3223 1735 3549 1806 ἐπιζητῆσαι
3600 1733 3748 1796 δέον,

2165 1831 2258 1882 ἐπὶ
2310 1832 2482 1894 ποίοις
2533 1833 2630 1902 μὲν
2685 1832 2846 1886 αὑτὸν
2896 1830 3250 1902 ἐμακάρισεν,
3312 1830 3402 1882 ἐπὶ
3461 1827 3638 1889 ποίοις
3687 1825 3750 1878 δὲ

493 1922 638 1981 neget
676 1925 830 1967 semet
863 1916 1054 1982 ipsum,
1093 1915 1302 1969 attollat
1332 1933 1480 1968 suam
1516 1933 1740 1978 crucem,
1775 1925 1820 1969 et
1871 1918 1945 1970 sic
1982 1933 2065 1970 se-

2171 1923 2316 1994 αὑτῷ
2365 1901 2698 1993 ἐπέπληξενς
2741 1924 2797 1976 Ὁ
2838 1922 2916 1986 δὲ,
2967 1901 3152 1992 μηδενὶ
3201 1920 3405 1974 τούτων
3437 1934 3750 1990 προσεσχη-

491 2013 686 2070 quatur
715 2021 795 2056 me
816 2003 883 2056 ’⁸.
917 2004 1069 2071 Quod
1113 2006 1287 2074 reipsa
1326 2004 1636 2074 adimplevit
1667 2005 1808 2060 idem
1842 2005 1930 2059 ille
1969 2005 2066 2060 Pe-

491 2100 630 2158 trus,
662 2109 782 2148 cum
837 2096 1092 2166 deinceps
1134 2095 1397 2167 martyrio
1438 2105 1932 2153 consummaretur.
1960 2096 2066 2150 Sed

491 2181 903 2249 disquirendum
956 2195 1038 2240 est
1080 2187 1324 2250 omnino,
1367 2204 1480 2245 cur.
1518 2202 1637 2240 cum
1664 2188 1800 2242 adeo
1846 2187 2063 2247 beatum

494 2274 642 2330 hunc
704 2277 1196 2346 deprmdicaverat,
1245 2291 1419 2336 tamen
1466 2281 1646 2335 statim
1701 2278 2071 2333 vehementius

493 2363 857 2434 objurgaverit
880 2370 902 2422 ?
925 2369 1125 2424 Horum
1158 2381 1404 2426 neutrum
1439 2387 1557 2425 cum
1584 2367 1862 2422 Marcellus
1893 2367 2071 2422 consi-

497 2454 734 2520 deraret,
765 2460 830 2511 ad
873 2461 1143 2515 diabolum
1199 2462 1484 2517 referenda
1516 2461 1602 2515 illa
1647 2461 1791 2515 dicta
1839 2474 2092 2527 pronuny

499 2544 672 2612 tiavit,
692 2559 880 2602 contra
908 2549 1200 2621 Scriptura:
1228 2553 1566 2606 manifestam
1587 2552 1890 2605 veritatem.
1926 2547 2062 2601 Num

496 2649 676 2693 autem
731 2643 832 2698 hoc
889 2647 1107 2700 unicum
1167 2647 1431 2720 ignoravit
1471 2647 1496 2698 ?
1542 2645 1652 2700 Imo
1686 2644 2066 2715 progrediente

570 2800 614 2831 "’
654 2801 839 2857 Matth.
866 2821 977 2872 xvr,
1015 2807 1106 2874 17,
1133 2807 1222 2864 25.
1302 2807 1346 2838 ’⁸
1378 2808 1508 2867 ibib.
1565 2814 1635 2870 2-1

572 2975 682 3046 (75)
723 2976 831 3028 Kal
859 2977 966 3030 τοῦ
999 2975 1287 3047 Σωτῆρος.
1328 2977 1448 3033 Haec
1479 2995 1581 3033 non
1611 2979 1900 3034 cohaerent.
1929 2979 2070 3047 Quid

503 3047 847 3120 si_legan_1u_s,
885 3048 979 3120 καὶ
1020 3047 1103 3112 τίς
1147 3052 1179 3119 ἡ
1224 3049 1584 3120 διάνοιαίτοῦ,
1627 3048 1805 3102 ὀπίσω
1852 3047 2075 3120 πορεύε-

504 3117 624 3169 σθαι
651 3114 752 3168 τοῦ
781 3117 1053 3189 Σωτῆρος,
1084 3114 1335 3189 ἦν’παρὰ
1363 3119 1548 3185 πόδας,
1575 3130 1706 3184 etc.,
1732 3114 2070 3189 nempe'atd;

503 3203 654 3238 νοιαν
683 3194 796 3248 aut,
845 3188 986 3252 quod
1037 3187 1410 3241 secutus—sum
1454 3190 1506 3242 in
1537 3189 1802 3253 versione,
1830 3189 1925 3241 ml.
1953 3187 2068 3248 τοῦ.

501 3255 545 3328 δέ
572 3254 720 3328 παρὰ
764 3240 1177 3328 τέόδέιεᾼαῦτὸςνὸ
1221 3257 1410 3328 Σωτὴρ
1457 3240 1769 3326 διεσάφησε,
1789 3240 1910 3312 ἐκέ,
1939 3240 2078 3311 MV:-
2105 3240 2146 3296 Ο

503 3326 632 3395 Καὶ,
652 3325 777 3395 ante
802 3325 894 3378 τοῦ
918 3326 975 3380 Σ.
1010 3329 1178 3381 delevi
1211 3344 1332 3380 cum
1361 3325 1514 3383 codd.
1544 3325 1713 3394 Supra
1741 3327 1896 3395 vulgo
1930 3329 2080 3394 ἀξιο-

541 3394 697 3466 ρεὼς.
737 3393 876 3448 lnira
905 3396 1059 3463 vulgo
1087 3396 1430 3468 ἀκολουθήτω
1455 3407 1508 3451 et
1534 3396 1562 3450 ὃ
1590 3393 1649 3451 δέ
1670 3407 1723 3452 et
1749 3393 1857 3468 ἄρᾶ
1892 3393 2076 3467 (codd.

545 3465 633 3531 ρα)
669 3463 733 3516 ἂν
755 3474 806 3516 et
839 3467 1098 3531 ὲγεγερμ.

580 3474 633 3531 α)
669 3474 733 3516 ἂν
755 3474 806 3516 et
839 3474 1098 3533 εγεγερμ.

545 3483 633 3538 pa)
669 3483 733 3516 αν
755 3483 806 3516 Cl.
839 3483 1098 3537 εγεγερμ.

575 3533 685 3603 (74)
751 3534 872 3601 Πρὸ
928 3535 1044 3588 τῶν
1101 3538 1302 3604 λόγων
1356 3535 1715 3591 Ἐλισσαῖον.
1773 3535 1951 3604 Pergit
2013 3538 2078 3592 ad

507 3605 671 3678 aliam
715 3605 1123 3678 accusationem
1174 3607 1478 3678 Eusebius:
1516 3609 1566 3678 in
1617 3623 1718 3678 qua
1765 3606 2080 3678 λευκρτερον

505 3675 682 3728 adhuc
728 3674 1114 3741 sycophantam
1145 3677 1272 3742 agit.
1313 3675 1426 3729 Non
1462 3677 1606 3730 enim
1647 3676 1693 3730 is
1729 3678 1817 3744 qui
1845 3674 2077 3732 aﬂirmat

506 3744 756 3798 Elisteum
786 3744 1083 3798 suseitasse
1123 3754 1417 3808 mortuum,
1450 3755 1573 3800 ante
1621 3747 2076 3802 resurrectionem

505 3813 728 3876 Christi,
765 3821 856 3864 aut
876 3827 1011 3885 eum
1041 3815 1283 3868 omnium
1332 3815 1560 3884 primum
1591 3824 1752 3883 atque
1781 3817 2075 3885 principem

513 3893 805 3957 mortuum
825 3883 890 3936 ad
940 3884 1104 3957 vitam
1156 3883 1442 3957 revocasse
1473 3901 1486 3937 :
1517 3895 1610 3938 aut
1648 3886 1712 3957 de
1746 3886 1858 3939 Elia
1896 3883 2074 3957 negat,

513 3967 616 4025 non
649 3953 722 4025 ait
754 3951 900 4025 illum
949 3951 1164 4025 πρωτον
1209 3953 1424 4008 πάντων
1481 3955 1883 4025 resuscitatum,
1915 3951 2074 4025 quem

508 4023 715 4096 reduxit
758 4023 809 4075 in
840 4023 1000 4074 vitam
1027 4023 1276 4096 Elissaans
1299 4067 1312 4089 ,
1344 4026 1437 4096 sed
1474 4023 1766 4096 πρότερον;
1812 4027 1876 4078 ad
1913 4023 2075 4080 istum

511 4092 726 4164 modum
775 4100 983 4160 poterat
1022 4103 1077 4145 et
1113 4093 1262 4164 litem
1297 4097 1361 4148 de
1398 4092 1603 4148 Lazaro
1646 4092 1947 4158 intendere,
1978 4098 2072 4164 qui

507 4171 634 4216 ante
681 4162 955 4215 Christum
1005 4172 1057 4216 et
1093 4179 1188 4230 per
1230 4162 1500 4218 Christum
1539 4166 1874 4229 resurrexit;
1903 4162 2077 4218 corri-

505 4233 690 4305 genda
721 4242 802 4284 est
846 4242 1024 4305 autem
1079 4233 1240 4305 lectio
1285 4235 1488 4305 codicis
1514 4233 1746 4305 πρώτων
1783 4233 1977 4305 λόγων,
2013 4244 2070 4291 et

505 4303 808 4370 legendum,
846 4301 1072 4375 ’πρῶτον
1123 4303 1296 4375 λέγων
1357 4302 1460 4375 [sic
1519 4301 1646 4357 Mss.
1708 4321 1832 4375 cum
1893 4304 1966 4369 ῖς.
2024 4312 2077 4359 et

507 4385 694 4442 margo
762 4371 942 4442 eodm,
984 4373 1137 4442 Aquod
1217 4371 1438 4440 recepi;
1502 4388 1663 4442 porro
1730 4373 1888 4441 vulgo
1961 4389 2072 4428 om.

502 4439 1038 4513 τὸν-ᾑοει-Ἑλισσλξ
1071 4452 1126 4495 ut
1157 4439 1440 4513 sequentia
1459 4439 1671 4496 docent.
1695 4439 1918 4496 Dissérit
1936 4443 2076 4496 Mar-

504 4509 692 4574 cellus,
723 4509 998 4563 Christuni
1060 4526 1163 4563 non
1215 4513 1335 4564 ideo
1394 4512 1597 4565 dictum
1647 4513 2065 4580 primogenitum

2158 2012 2307 2078 κὼς,
2344 2013 2492 2067 ταῦτ’
2527 2015 2778 2086 εἰρῆσθαι
2822 2013 2955 2086 πρὸς
2993 2012 3085 2066 τὸν
3133 2012 3378 2066 διάϐολον
3423 2011 3750 2081 ἀπεφήνατο

2165 2102 2264 2172 τῆς
2294 2103 2518 2173 Γραφῆς
2551 2103 2824 2165 ἐναντίως.
2857 2097 3007 2170 ’Δρα
3045 2095 3136 2155 οὖν
3181 2101 3339 2153 τοῦτο
3385 2099 3544 2170 μόνον
3581 2097 3752 2167 ἠγνό-

2168 2208 2330 2262 ησεν;
2372 2193 2504 2261 Οὐχὶ
2547 2192 2602 2244 δὲ
2655 2191 2750 2244 καὶ
2799 2189 3002 2259 προῖὼν
3047 2187 3220 2252 αὖθις,
3254 2190 3354 2258 τῆς
3395 2187 3752 2247 ἀναστάσεως

2167 2279 2260 2332 τοῦ
2309 2280 2558 2352 Σωτῆρος
2586 2281 2740 2351 ἡμῶν
2784 2279 3181 2350 μνημονεύσας,
3229 2278 3417 2332 ἔπειτα
3462 2276 3750 2346 βουληθεὶς

2166 2369 2356 2434 δεῖξαι,
2390 2371 2482 2423 ὃτι.
2513 2371 2608 2424 καὶ
2645 2371 2752 2443 πρὸ
2797 2371 2959 2446 αῷτοῦ
3009 2370 3150 2424 κατὰ
3194 2370 3320 2433 τοὺς
3353 2368 3576 2440 χρόνους
3618 2368 3751 2430 τοὺς

2167 2463 2536 2533 προφητικοὺς
2585 2462 2806 2534 φέρεταί
2851 2481 2936 2527 τις
2986 2465 3050 2517 ὲκ
3093 2461 3298 2533 νεκρῶν
3349 2459 3747 2530 ἐγηγερμένος,

2152 2530 2345 2608 ’πάλιν
2375 2530 2668 2608 κάνταῦθα⁷
2701 2555 3013 2624 σφάλλεται,
3050 2554 3160 2626 (74)
3195 2530 3410 2625 πρῶτον
3447 2552 3621 2620 λέγων
3653 2550 3748 2603 τὸν

2185 2645 2482 2701 Ἐλισσαῖον
2525 2647 2615 2700 τὸν
2659 2649 2940 2720 προφήτην
2967 2650 3030 2702 ὲκ
3068 2646 3275 2719 νεκρῶν
3307 2646 3514 2716 ἐγεῖραι
3536 2662 3553 2673 ο
3582 2644 3748 2713 ἁγνο-

2181 2977 2274 3032 sed
2328 2975 2529 3029 factum
2569 2985 2777 3039 tamen;
2821 2977 2962 3028 unde
3003 2973 3390 3044 primogenitus
3418 2972 3524 3044 _sit
3567 2972 3749 3028 dictus

2179 3045 2383 3114 πάσης
2411 3048 2681 3112 κτίσεως.
2726 3047 2855 3110 lmo,
2889 3047 3060 3113 inquit
3084 3042 3387 3107 Marcellus,
3405 3042 3650 3114 Christus
3676 3059 3746 3096 eo

2183 3113 2342 3171 modo
2399 3117 2787 3185 primogenitus
2835 3126 3096 3170 creaturae
3145 3115 3324 3168 omnis
3373 3113 3611 3173 dicitur,
3683 3123 3748 3166 ut

2183 3186 2364 3238 statim
2412 3186 2804 3254 primogenitus
2856 3194 3232 3248 mortuorum;
3279 3197 3384 3254 non
3431 3190 3513 3254 est
3557 3191 3743 3234 autem

2181 3256 2355 3309 dictus
2404 3251 2736 3310 mortuorum
2787 3255 3194 3323 primogenitns,
3227 3252 3369 3319 quod
3415 3251 3622 3323 primus
3654 3267 3744 3304 re-

2183 3324 2347 3380 dierit
2393 3340 2421 3377 a
2460 3334 2636 3380 morte
2666 3326 2731 3377 ad
2764 3322 2949 3386 vitam,
2973 3322 3113 3376 cum
3151 3323 3300 3377 multi
3346 3335 3412 3375 eo
3441 3322 3742 3376 anteriores

2183 3394 2486 3448 redierint:
2527 3403 2711 3462 utpote
2758 3392 3030 3456 Lazarus,
3081 3405 3137 3447 et
3177 3393 3249 3456 is,
3302 3393 3388 3445 vel
3429 3391 3524 3456 illi,
3552 3393 3642 3459 qui
3672 3389 3744 3444 ab

2184 3464 2404 3517 Elissaeo
2421 3464 2842 3524 suscitabantur,
2862 3463 2932 3516 ita
2954 3479 3051 3516 nec
3063 3463 3454 3530 primogenitus
3467 3471 3745 3515 creatura-

2184 3549 2298 3586 rum
2330 3534 2551 3596 dicitur,
2587 3535 2728 3602 quod
2766 3543 2980 3586 creatus
3019 3533 3235 3602 quidem
3269 3531 3451 3594 fuerit,
3479 3532 3572 3584 sed
3608 3539 3744 3602 ante

2181 3603 2326 3679 alias
2343 3599 2638 3679 creaturas.
2655 3602 2798 3679 _Hinc
2813 3599 3388 3679 cavillatur_l_'3_usebius
3409 3601 3560 3668 quasi
3576 3599 3744 3679 .dixe-

2180 3673 2251 3727 rit
2280 3673 2559 3728 Marcellus
2589 3673 2816 3740 primum
2835 3673 3071 3725 omnium
3092 3671 3370 3726 Elissaaum
3389 3671 3742 3723 resuscitasse

2181 3753 2450 3797 mortuum
2480 3761 2492 3796 :
2521 3741 2879 3810 λεπτολογῶν,
2907 3752 2962 3795 et
3005 3741 3331 3811 syllabarum
3373 3749 3620 3807 captator
3651 3753 3741 3807 sy-

2183 3813 2566 3881 cophanticus;
2593 3814 2792 3866 omisso
2825 3813 2966 3878 quod
3005 3821 3122 3864 erat
3153 3821 3316 3878 caput
3347 3823 3363 3864 :
3399 3823 3588 3881 nempe
3616 3823 3740 3881 sen-

2179 3876 2285 3957 su,
2312 3892 2366 3937 et
2410 3876 2688 3957 sententia
2733 3876 3010 3957 apostolici
3057 3882 3186 3957 dicti
3219 3876 3235 3934 ξ
3264 3881 3406 3957 quod
3458 3876 3741 3957 Marcellus

2181 3952 2381 4008 dicitur
2423 3968 2548 4006 cum
2603 3948 2898 4006 Athanasio
2930 3948 3291 4018 exposuisse,
3328 3950 3400 4002 ita
3453 3957 3512 4002 ut
3562 3948 3741 4001 dictus

2180 4020 2345 4075 fuerit
2395 4022 2822 4090 primogenitus,
2875 4021 3194 4088 utrobique,
3234 4020 3376 4085 quod
3424 4021 3475 4072 in
3519 4032 3605 4090 eo,
3647 4031 3743 4086 per

2179 4106 2321 4155 eum,
2357 4087 2502 4144 illius
2532 4087 2603 4151 vi',
2637 4090 2896 4160 potentia,
2923 4090 3206 4156 majestate
3243 4101 3298 4143 et
3323 4087 3574 4160 ἐνεργείᾳ
3595 4103 3739 4140 utor-

2183 4161 2256 4214 tui
2297 4158 2734 4223 resurrexerant,
2766 4159 2891 4213 licet
2941 4175 3007 4214 eo
3040 4160 3268 4227 priores.
3307 4158 3582 4214 Creatura:
3609 4171 3736 4209 eon-

2179 4231 2454 4297 stiterant,
2494 4231 2587 4285 illo
2627 4230 2946 4293 anteriores,
2988 4231 3201 4285 scilicet
3232 4231 3408 4299 quoad
3440 4229 3736 4299 hominem,

2178 4299 2328 4367 cujus
2361 4296 2628 4371 respectu,
2658 4310 2713 4354 et
2742 4313 2867 4371 non,
2899 4301 3054 4353 aliter
3087 4300 3191 4352 diei
3225 4296 3416 4371 debeat
3463 4296 3738 4371 πρωτότοτ

2177 4384 2295 4439 κος,
2334 4368 2536 4424 ιιοιιύι
2590 4369 2776 4424 Ariani
2822 4369 3302 4439 blaSphemabant,
3345 4368 3522 4439 etiamf
3563 4368 3736 4434 quoad

2176 4437 2456 4493 deitatem.
2495 4440 2630 4496 Vide
2668 4437 2954 4506 Albanas,
2978 4437 3129 4493 Orat.
3168 4455 3246 4503 Ill,
3277 4448 3462 4492 contra
3488 4437 3734 4497 Arianae,

2177 4523 2297 4578 pag.
2348 4509 2476 4574 234,
2506 4510 2633 4565 253.
2678 4511 2999 4578 Quanquam
3030 4518 3085 4562 et
3136 4509 3241 4562 alia
3285 4509 3492 4562 ratione
3525 4522 3739 4578 quoque

507 4589 861 4643 mortuorum,
888 4581 1028 4647 quod
1070 4581 1280 4649 primus
1325 4584 1562 4633 omnium
1590 4576 1662 4633 de
1688 4576 1856 4636 morte
1890 4583 1955 4635 ad
1984 4583 2063 4636 vi-
2099 4577 2143 4631 D
2176 4577 2427 4634 Christus
2451 4622 2465 4646 ,
2513 4576 2865 4634 mortuorqu
2888 4580 3097 4634 dicatur
3143 4579 3550 4649 primogenitus.
3582 4576 3733 4638 Quod

508 4654 617 4717 tam
669 4651 964 4701 resurrexit
1019 4665 1031 4700 :
1072 4665 1196 4702 nam
1253 4661 1376 4702 ante
1409 4667 1553 4707 eum,
1584 4651 1775 4717 inquit,
1814 4651 2068 4706 Elissaaus

507 4716 775 4788 πρότερον
817 4718 1160 4778 resuscitavit
1205 4730 1476 4773 mmtuum
1503 4737 1515 4772 :
1545 4716 1784 4774 Lazai'ns
1829 4724 2070 4776 surrexit

509 4787 850 4858 anteipsins
887 4789 1338 4858 resurrectionem
1369 4806 1384 4844 :
1423 4801 1478 4842 et
1511 4799 1751 4856 tempore
1800 4794 2069 4858 passionis

507 4855 678 4930 πολλὰ
709 4853 934 4930 σώματα
967 4856 1074 4930 τῶν
1109 4859 1521 4930 κεκοιμημένων
1543 4853 1862 4930 ἀνέστησαν.
1895 4863 2070 4929 Atque

510 4923 582 4977 ita
617 4934 764 4995 patet
796 4923 1072 4995 calumnia
1106 4923 1409 4981 Eusebiana
1445 4931 1511 4984 de
1545 4923 1789 4985 Elissaeo.
1827 4932 1917 4984 Ait
1949 4923 2069 4984 tan-

510 4994 628 5047 tum
680 4994 990 5058 Marcellus,
1041 5011 1163 5048 eum
1218 5008 1490 5052 mortuum
1541 5002 1895 5054 resuscitasse
1940 5010 2067 5055 ante

507 5064 819 5130 Christum;
882 5080 988 5117 non
1024 5066 1118 5129 ait,
1167 5065 1314 5119 illum
1360 5067 1596 5121 omnium
1659 5069 1911 5134 primum,
1960 5085 2066 5123 non

509 5133 622 5187 Elia
650 5137 881 5204 priorem
918 5142 1270 5190 resnscitasse
1317 5147 1604 5190 mortuum.
1642 5137 1794 5203 Quod
1829 5138 1895 5192 ad
1925 5155 2068 5193 mor-

511 5213 633 5257 tuos
666 5207 876 5267 attinet,
909 5205 960 5276 in
999 5205 1312 5274 Evangelio,
1347 5215 1494 5260 certe
1524 5207 1652 5260 illud
1699 5223 1804 5261 non
1848 5209 2069 5276 perinde

507 5284 835 5329 excusatur:
873 5275 1088 5326 etiamsi
1144 5276 1354 5328 loeutus
1401 5279 1470 5328 sit
1511 5275 1797 5330 Marcellus
1849 5275 2068 5340 laxe,‘sv

506 5343 583 5416 τῷ
613 5343 787 5416 καιρῷ
808 5342 898 5397 τοῦ
921 5344 1142 5407 πάθους.
1177 5345 1399 5416 Constat
1428 5347 1572 5399 enim
1599 5362 1713 5411 eos,
1744 5349 1887 5416 quod
1921 5359 2068 5402 notat

507 5413 793 5477 Eusebius,
831 5428 936 5467 non
972 5416 1070 5467 nisi
1107 5431 1227 5467 cum
1265 5415 1480 5468 Christo
1513 5415 1699 5469 saltetn
1738 5413 2068 5470 resurrexis-

507 5499 586 5537 εις.
628 5481 801 5535 Locus
832 5487 1072 5551 Apostoli
1109 5495 1211 5547 est,
1245 5484 1454 5539 Coloss.
1487 5501 1529 5546 ι,
1568 5487 1654 5550 15,
1691 5487 1778 5538 ubi
1821 5486 2068 5541 Christus

507 5561 728 5622 vocatur
754 5555 1126 5620 πρωτότοκος
1161 5554 1363 5622 πάσης
1404 5555 1674 5621 κτίσεως.
1713 5554 1778 5608 Et
1809 5570 1949 5608 vers.
1980 5558 2064 5621 l8,

505 5621 877 5694 πρωτότοκος
903 5623 970 5674 ἐκ
994 5623 1110 5676 τῶν
1130 5621 1376 5691 νεκρῶν.
1400 5624 1453 5677 In
1485 5627 1582 5679 loci
1617 5626 1771 5680 istius
1799 5625 2069 5694 interpre-

507 5693 742 5764 tatione,
786 5695 998 5764 videtur
1049 5694 1329 5748 Marcellus
1376 5697 1608 5748 Arianos
1638 5693 1956 5764 pupugisse.
1990 5696 2066 5750 Illi

505 5762 647 5814 enim
687 5761 959 5814 Christum
993 5763 1114 5816 hine
1154 5775 1457 5818 erealuram
1499 5761 1749 5818 volebant
1789 5761 1950 5818 {statui
2001 5768 2068 5819 ab

505 5829 784 5908 apostolo,
817 5840 938 5886 ante
982 5833 1084 5887 alia
1127 5835 1330 5899 omnia,
1368 5836 1530 5891 etiam
1562 5835 1780 5905 angelos
1810 5835 2007 5891 factum
2046 5855 2057 5891 :

2174 4649 2379 4714 primus
2438 4653 2505 4703 ad
2573 4660 2832 4704 :cternam
2901 4651 3064 4702 vitam
3117 4651 3437 4703 resurrexit.
3499 4648 3741 4715 Surgens

2169 4718 2312 4770 enim
2339 4721 2404 4772 de
2431 4722 2680 4784 mortuis,
2722 4736 2826 4774 non
2851 4719 3049 4773 iterum
3081 4722 3328 4774 moritur.
3361 4719 3435 4772 Illi
3467 4723 3645 4771 autem
3684 4718 3733 4768 in

2169 4787 2418 4854 pulveres
2463 4806 2590 4844 suos
2635 4790 2836 4844 reversi
2864 4798 3111 4844 suntzet
3155 4791 3206 4843 in
3252 4790 3515 4856 sepulcris
3545 4801 3737 4855 exspe-

2169 4865 2319 4911 ctant
2365 4860 2567 4912 tubam.
2617 4860 2681 4913 Et
2731 4861 2854 4913 licet
2908 4859 3020 4922 illi,
3073 4861 3164 4927 qui
3222 4871 3340 4927 post
3389 4859 3737 4927 resurrectio-

2171 4940 2293 4978 nem
2323 4939 2700 4993 surrexerunt,
2731 4945 2839 4983 non
2873 4930 2984 4983 sint
3014 4926 3228 4984 reversi
3247 4930 3299 4982 in
3321 4926 3570 4996 pulveres
3588 4940 3732 4989 suos,

2170 5003 2352 5069 tamen
2388 5001 2550 5069 etiam
2582 5009 2823 5068 tempore
2863 4999 3196 5069 posteriores
3235 5009 3359 5053 sunt
3392 4998 3464 5050 illi
3496 5012 3734 5069 resurre-

2169 5065 2350 5136 ctione
2379 5068 2582 5123 Christi
2616 5085 2628 5119 :
2668 5065 2811 5136 quod
2850 5065 3096 5123 disertim
3150 5077 3368 5124 notatur
3401 5069 3454 5120 in
3496 5068 3735 5134 Evange-

2171 5131 2265 5188 lio.
2318 5139 2390 5190 lta
2440 5139 2645 5206 primus
2687 5131 2931 5206 iempore
2967 5140 3204 5194 surrexit
3239 5139 3306 5192 ad
3357 5147 3616 5190 a-ternam
3649 5131 3734 5190 ιι-

2172 5212 2300 5259 tam.
2333 5211 2446 5262 Non
2500 5210 2738 5262 surrexit
2786 5211 2991 5276 primus
3034 5219 3275 5276 tempore
3322 5206 3734 5269 ἀπο).ύτως,εοο

2167 5283 2346 5340 cundo
2372 5281 2628 5342 surrexit,
2659 5281 2772 5348 ipse
2800 5295 2896 5332 sua
2927 5288 3214 5346 potestate,
3246 5295 3351 5333 non
3382 5278 3575 5332 aliena.
3600 5277 3734 5348 'lfer-

2169 5357 2264 5417 tio,
2297 5351 2350 5404 in
2387 5362 2474 5411 eo,
2500 5360 2553 5401 et
2585 5347 2691 5418 per
2717 5349 3176 5418 cumresuseitati
3204 5361 3332 5402 sunt
3379 5348 3491 5408 alii,
3525 5347 3731 5400 excita—

2167 5424 2368 5478 buntur
2394 5417 2608 5482 omnes,
2635 5428 2691 5470 ut
2735 5417 2929 5472 merito
2974 5419 3364 5487 primogenitus
3399 5428 3731 5472 mortuorum

2168 5495 2500 5547 dicaturzet
2553 5487 2734 5542 Jacobi
2784 5487 2912 5541 illud
2964 5488 3182 5542 ell'atum
3235 5489 3304 5542 de
3359 5489 3586 5542 liubene
3634 5499 3731 5539 suo

2169 5561 2322 5629 (Gen.
2351 5557 2597 5626 xux.5),
2634 5559 2951 5629 humanitati
3004 5559 3209 5612 Christi
3263 5559 3342 5613 sic
3385 5559 3731 5629 applicerntts,

2180 5623 2428 5696 Ῥουϐίμ,
2473 5623 2842 5695 πρωτότοκος
2873 5645 3014 5696 μου,
3050 5629 3229 5694 ἰσχύς
3255 5645 3389 5694 μου,
3419 5623 3542 5681 ἀἰαὶ
3578 5623 3730 5695 ἀρχὴ

2167 5702 2392 5756 τέκνων
2423 5714 2563 5766 μου.
2597 5698 2756 5752 Certe
2797 5704 2889 5766 qui
2941 5707 3060 5766 post
3093 5700 3388 5761 (brtsmm,
3421 5709 3478 5751 ut
3508 5699 3733 5759 comites

2169 5773 2317 5826 illius
2347 5767 2692 5830 ἀναστάσεως
2731 5779 3170 5832 resurrcxerunt,
3217 5771 3448 5832 iterum,
3499 5777 3557 5821 nt
3603 5766 3730 5819 mihi

2177 5843 2412 5904 videtur,
2449 5841 2644 5893 mortui
2677 5852 2783 5893 non
2815 5849 2961 5895 sunt.
3005 5837 3125 5895 llaec
3159 5849 3242 5894 est
3272 5840 3573 5894 communis
3606 5838 3724 5902 Opi-
