4008 6516
278 409 376 463 757

1401 404 1679 459 CONTRA
1717 402 2138 458 MARCELLUM
2180 401 2310 458 LIB.
2352 404 2397 459 l.

3421 409 3526 465 738

280 527 433 598 ἐίσας,
465 525 539 586 ὼς
566 523 662 576 καὶ
688 522 792 594 πρὸ
829 522 1130 576 Ἐλισσαίου
1169 521 1351 585 Ἠλίας
1378 524 1407 575 6
1436 522 1608 593 μέγας
1633 521 1725 576 τὸν
1747 521 1848 592 τῆς

1981 532 2203 576 ontextu
2241 523 2506 578 orationis
2546 537 2678 588 suae,
2724 527 2998 580 mentione
3034 527 3099 581 de
3125 525 3423 582 Salvatoris
3448 545 3535 583 re-

276 618 448 689 χήρας
497 615 611 666 υἱὸν
645 612 982 666 ἀποθανόντα
1021 611 1335 682 ἀνέστησεν,
1385 611 1460 675 ὼς
1495 611 1615 663 ἔστι
1663 609 1856 682 μαθεῖν

276 712 337 763 ἐκ
363 709 466 780 τῆς
492 706 680 777 τρίτης
705 703 812 757 τῶν
838 703 1150 756 Βασιλειῶν·
1172 705 1200 755 6
1224 703 1281 755 δέ
1306 703 1398 755 καὶ
1421 703 1564 755 τοῦτ’
1587 703 1860 771 ἀγνοήσας

277 800 549 871 ῳαίνεται,
576 797 642 849 δι’
678 793 751 848 ῶν
779 795 929 848 ταῦθ’
962 793 1102 848 οὕτω
1134 794 1366 865 γράφει·
1405 815 1422 844 ι
1467 795 1541 846 Οὐ
1573 793 1729 863 μόνον
1749 791 1861 845 τοί-

281 911 298 942 ι
341 905 442 942 νυν
475 889 576 957 τῆς
604 885 796 955 καινῆς
824 885 1054 947 κτίσεως
1086 884 1429 956 πρωτότοκον
1455 883 1613 934 αὑτὸν
1646 884 1674 935 6
1701 880 1859 934 Ἀπό-

283 1000 303 1032 ι
348 977 535 1041 στολος
575 972 713 1029 εἷναί
752 990 934 1045 φησιν,
989 972 1124 1026 ἀλλά
1176 971 1270 1025 καὶ
1302 970 1641 1040 πρωτότοκον
1673 969 1738 1020 ἐκ
1771 984 1859 1019 νε-

283 1091 300 1121 ι
345 1070 534 1142 κρῶν,
566 1069 633 1121 δι’
669 1066 820 1120 οὐδὲν
861 1065 1048 1135 ἕτερον
1081 1063 1205 1132 ἐμοὶ
1243 1063 1440 1124 δοκεῖν,
1476 1061 1590 1114 ἀλλ’
1640 1061 1726 1113 ἵνα
1772 1058 1858 1112 διά

284 1185 302 1215 ι
333 1162 441 1224 106
481 1159 826 1232 πρωτοτόκου
862 1156 972 1210 τῶν
1002 1153 1210 1226 νεκρῶν
1243 1154 1374 1223 (74),
1403 1155 1550 1215 ὅπως
1590 1152 1683 1205 καὶ
1716 1167 1861 1221 πρω-

286 1268 306 1298 ι
347 1249 568 1310 τότοκος
611 1246 826 1316 ἀπάσης
865 1245 1095 1304 κτίσεως
1143 1242 1378 1313 εἴρηται,
1425 1239 1731 1311 γνωσθῆναι
1771 1239 1859 1292 δυ-

289 1357 308 1388 ι
350 1337 510 1408 νηθῇ.
540 1337 614 1388 06
647 1335 755 1405 γὰρ
782 1335 845 1386 ἐκ
867 1332 1073 1404 νεκρῶν
1098 1331 1294 1401 ἀνέστη
1319 1330 1528 1401 πρῶτος
1551 1331 1580 1382 6
1601 1329 1862 1398 δεσπότης

287 1451 306 1480 ι
347 1428 509 1500 ήμῶν
551 1425 759 1498 Ἰησοῦς
799 1425 1067 1496 Χριστὸς,
1101 1422 1213 1476 ἀλλ’
1257 1423 1284 1474 6
1321 1421 1387 1474 6:‘
1434 1420 1730 1473 Ἐλισσαίου
1768 1419 1860 1472 τοῦ

289 1541 308 1574 ι
349 1520 634 1590 προφήτου
665 1515 924 1579 ἀναστὰς,
953 1515 1150 1586 ἀνέστη
1181 1514 1464 1586 πρότερος.
1484 1515 1592 1566 Καὶ
1613 1512 1862 1583 Λάζαρος

292 1634 308 1665 ι
350 1613 457 1685 πρὸ
503 1611 603 1680 τῆς
656 1608 820 1664 αὐτοῦ
865 1609 1213 1667 ἀναστάσεως
1248 1608 1485 1676 ἀνέστη,
1533 1607 1625 1658 καὶ
1676 1607 1733 1657 ἐν
1785 1603 1863 1673 τῷ

292 1727 309 1756 ι
353 1705 534 1776 καιρῷ
549 1703 642 1756 τοῦ
666 1701 866 1764 πάθους
890 1699 1056 1752 πολλά
1078 1698 1301 1769 σώματα
1317 1699 1423 1750 τῶν
1450 1696 1863 1768 κεκοιμημένων

291 1818 308 1850 ι
350 1798 672 1866 ἀνέστησαν.
719 1813 736 1844 ι
781 1791 889 1845 Καὶ
929 1791 1086 1844 τοῦτο
1129 1791 1186 1844 δὲ
1230 1789 1555 1860 ἀθεωρήτως
1585 1787 1731 1841 δοκεῖ
1775 1803 1864 1858 μοι

284 1858 588 1944 τεθεικέναι
614 1887 642 1938 ό
671 1884 985 1954 Μάρκελλος
1003 1900 1015 1912 ·
1052 1882 1193 1950 λέγω
1218 1881 1275 1934 δέ
1300 1880 1360 1934 16
1379 1858 1408 1931 γι
1434 1858 1610 1936 πολλὰ
1639 1879 1862 1948 σώματα
1899 1858 1936 1914 θ

285 1982 396 2036 τῶν
451 1977 864 2049 κεκοιμημένων
896 1976 1066 2044 ἁγίων
1114 1974 1220 2044 πρὸ
1261 1971 1425 2029 αὑτοῦ
1480 1970 1795 2041 ἐγηγέρθαι.
1839 1989 1855 2020 ι

287 2074 364 2128 Οὐ
397 2072 508 2144 γάρ
540 2068 962 2143 προσέσχεν-ὅλῃ
996 2069 1059 2137 τῇ
1094 2064 1186 2118 τοῦ
1221 2063 1550 2132 Εὐαγγελίου
1581 2066 1764 2135 γραφῇ
1790 2063 1865 2115 δι-

286 2163 583 2235 δασκούσῃ,
622 2162 702 2214 ὅτι
751 2161 888 2231 μετά
930 2158 1026 2229 τὴν
1061 2157 1244 2219 αὑτοῦ,
1290 2155 1359 2209 τά
1391 2154 1496 2208 τῶν
1535 2155 1703 2223 ἁγίων
1733 2156 1862 2226 ἐγή-

288 2273 482 2328 γερται
518 2254 764 2324 σώματα.
801 2251 994 2322 Εὖροις
1025 2250 1068 2303 δ’
1099 2249 1164 2302 ἂν
1195 2249 1354 2302 αὑτὸν
1380 2247 1744 2317 σφαλλόμενον
1774 2249 1865 2300 καὶ

287 2351 348 2403 ἐν
381 2351 447 2420 τῇ
493 2346 586 2400 τοῦ
617 2344 971 2400 ἀποστολικοῦ
1016 2342 1178 2414 ῥητοῦ
1228 2341 1460 2394 ὲκθέσει.
1525 2341 1582 2392 '0
1629 2339 1726 2410 μὲν
1758 2340 1866 2410 γὰρ

289 2440 433 2502 θεῖος
476 2435 825 2501 Ἀπόστολος,
873 2434 1158 2503 Ῥωμαίοις
1200 2431 1458 2501 γράφων,
1494 2429 1620 2482 τάδε
1668 2429 1862 2499 φησίνο

299 2528 734 2600 Ἆφωρισμένος
775 2529 861 2591 είς
890 2525 1244 2594 εὐαγγέλιον
1289 2520 1457 2583 Θεοῦ.
1505 2520 1536 2573 ὂ
1570 2535 1863 2589 προεπηγ-

285 2623 532 2691 ⁴ιεείλατο
586 2618 684 2672 διὰ
732 2616 850 2670 τῶν
902 2615 1220 2682 προφητῶν
1272 2613 1459 2666 αὑτοῦ
1499 2613 1568 2665 ἐν
1602 2611 1869 2680 Γραφαῖς

285 2715 490 2783 ἁγίαις
531 2710 663 2779 περὶ
704 2709 810 2762 τοῦ
849 2707 982 2762 υἱοῦ
1026 2705 1211 2760 αὐτοῦ
1242 2705 1347 2758 τοῦ
1386 2704 1752 2774 μονογενοῦς
1803 2705 1868 2757 ἐκ

287 2799 636 2868 σπέρματος
682 2796 860 2850 Δαόὶδ
914 2795 1063 2848 κατὰ
1105 2793 1330 2862 σάρκα,
1376 2793 1480 2847 τοῦ
1529 2793 1871 2861 ὁρισθέντος

288 2889 431 2943 υἱοῦ
481 2889 628 2943 Θεοῦ
667 2887 736 2940 ἐν
767 2886 1015 2956 δυνάμει
1057 2886 1206 2939 κατὰ
1241 2885 1480 2954 Πνεῦμα
1513 2887 1868 2955 ἁγιωσύνης.

304 2981 368 3033 '0
395 2980 471 3042 δὲ,
505 2980 606 3033 οὐκ
640 2975 775 3043 οἶδα,
810 2979 939 3049 ποίᾳ
969 2977 1204 3048 διανοίᾳ,
1258 2976 1534 3030 κάνταῦθα
1565 2977 1872 3048 διαστρέφει

292 3073 397 3144 τὴν
441 3072 798 3143 ἀποστολικὴν
839 3070 1013 3136 λέξινο
1069 3071 1189 3122 ἀντὶ
1229 3067 1322 3122 τοῦ
1373 3068 1714 3137 ὁρισθέντος
1759 3069 1872 3138 (75)

294 3163 532 3233 ποιήσας
564 3159 1039 3230 προορισθέντος,
1071 3160 1136 3210 ἵν’
1225 3158 1423 3229 ὁμοίως
1451 3161 1562 3222 τοῖς
1592 3159 1728 3212 κατὰ
1746 3160 1876 3231 πρό-

294 3270 502 3322 γνωσιν
542 3252 966 3324 προορισθείσιν.
997 3252 1157 3319 Λέγει
1201 3247 1293 3305 οὖν
1337 3249 1477 3304 κατά
1509 3250 1654 3315 λέξιν
1702 3250 1873 3304 οὕτω·

302 3365 323 3397 ι
369 3346 585 3416 Ὥσπερ
623 3339 715 3397 οῦν
762 3343 861 3412 τὴν
911 3341 1237 3412 Ἐκκλησίαν
1273 3341 1437 3394 πάλαι
1478 3341 1822 3413 προωρίσατο
1851 3343 1880 3394 6

304 3457 325 3486 ι
373 3435 766 3506 παντοκράτωρ
794 3433 946 3496 Θεὸς,
973 3431 1114 3486 οὕτω
1149 3434 1242 3485 καὶ
1267 3433 1365 3503 τὴν
1393 3432 1534 3486 κατὰ
1578 3432 1754 3502 σάρκα
1784 3430 1878 3484 τοῦ

306 3549 326 3582 ι
367 3527 608 3599 Χριστοῦ
634 3525 944 3597 οἰκονομίαν
966 3542 979 3555 ⁸
1012 3525 1076 3577 δι’
1108 3519 1168 3578 οὗ
1191 3524 1251 3576 τό
1281 3526 1386 3577 τῶν
1413 3523 1676 3578 θεοσεὸῶν
1701 3524 1876 3592 γένος,

307 3640 326 3672 ι
376 3622 456 3683 είς
484 3618 750 3672 υἱοθεσίαν
781 3617 1008 3670 καλέσαι
1037 3616 1397 3687 προωρίσατο,
1429 3616 1691 3688 πρότερον
1722 3615 1882 3687 θεμε-

311 3731 330 3764 ι
368 3710 566 3773 λιώσας
577 3713 635 3763 ὲν
649 3711 713 3779 τῇ
734 3707 895 3760 αὐτοῦ
907 3707 1131 3776 διανοίᾳ.
1147 3705 1246 3758 Διά
1259 3705 1413 3758 τοῦτο
1432 3707 1460 3757 6
1475 3704 1788 3768 Ἀπόστολος
1805 3703 1882 3774 τῷ

311 3825 328 3856 ι
371 3804 512 3873 ἀγίῳ
529 3802 805 3871 Πνεῦματι
828 3798 1012 3868 σαφῶς
1029 3797 1407 3870 προαγορεύει,
1423 3795 1515 3849 τοῦ
1540 3796 1882 3867 προορισθέν-

309 3915 329 3948 ι
371 3913 464 3958 τος
483 3894 611 3947 Υίοῦ
634 3893 790 3954 Θεοῦ,
813 3891 1021 3959 λέγων.·
1039 3910 1056 3941 ι
1078 3891 1186 3944 Καὶ
1214 3885 1366 3952 αὖθίς
1386 3902 1547 3958 φησιν
1571 3889 1626 3940 ἐν
1653 3888 1875 3958 ἑτέροις·

310 4009 329 4040 ι
375 3981 547 4048 Οὗτός
571 3987 683 4038 ἐστι
705 3985 831 4053 περὶ
852 3976 912 4036 06
944 3982 1126 4036 61106‘
1138 3999 1196 4045 ος
1227 3980 1329 4050 ἔφη
1355 3978 1445 4032 τοῦ
1471 3979 1880 4050 πρωρισθέντος

312 4099 330 4128 ι
375 4076 507 4130 Υίοῦ
526 4075 683 4128 Θεοῦ.
700 4095 717 4127 ι
745 4077 852 4128 Καὶ
878 4073 1111 4127 ἐνταῦθα
1136 4073 1199 4143 δὴ
1221 4073 1282 4125 οὐ
1303 4074 1399 4143 τὴν
1425 4071 1569 4136 λέξιν
1597 4071 1762 4141 μόνην
1788 4069 1886 4140 τὴν

309 4165 674 4236 ἀποστολικὴν
693 4163 1076 4236 παρέφθειρεν,
1095 4163 1229 4215 ἀλλά
1246 4163 1338 4216 καὶ
1354 4161 1454 4232 τήν
1469 4161 1702 4214 διάνοιαν
1719 4159 1886 4230 αὐτὴν

311 4260 404 4312 διά
439 4259 540 4329 τῆς
585 4257 900 4328 προσθήκης
942 4255 1053 4325 ('76)
1098 4256 1196 4323 τῆς
1231 4254 1324 4307 τοῦ
1362 4254 1520 4321 λόγου
1557 4252 1886 4322 προθέσεως.

325 4349 557 4419 Ἀδελφὰ
595 4349 649 4401 δὲ
678 4349 887 4410 τούτοις
914 4346 1190 4418 πράττων.
1227 4345 1328 4406 τῖες
1367 4343 1696 4406 Ψαλιιωδίας
1732 4359 1884 4411 περι-

390 4447 451 4504 )Ῑ4
489 4442 588 4497 Ed.
622 4440 818 4504 Paris.,
848 4455 966 4507 pag.
1002 4438 1088 4490 12.

383 4573 803 4644 "lllReg.xt'tt,
833 4571 922 4626 22.
1014 4571 1058 4602 ³⁸
1083 4570 1295 4626 Coloss.
1325 4585 1361 4635 I,
1393 4569 1481 4625 15.

1958 612 2293 667 surrectione
2321 612 2537 679 injecta,
2559 613 2752 668 docere
2781 629 3069 686 aggressus
3091 626 3196 680 est,
3223 626 3351 670 ante
3383 618 3531 673 illum

1959 701 2318 764 incarnatum,
2350 700 2448 754 sub
2500 703 2829 770 temporibus
2865 705 3274 773 prophetarum,
3327 707 3533 762 dictum

1958 803 2096 852 esse,
2129 803 2157 841 a
2206 789 2430 842 mortuis
2464 790 2748 858 quemdam
2783 793 3120 846 suscitatum.
3172 795 3226 847 In
3266 795 3367 848 hoc
3415 796 3534 862 qui-

1960 880 2079 932 dem
2114 880 2230 948 ipso
2259 880 2474 949 egregie
2512 881 2895 936 hallucinatur.
2929 884 3017 936 Ait
3046 885 3188 937 enim
3219 887 3530 954 prophetam
3568 903 3572 907 '

1960 971 2231 1034 Elisaaum,
2251 981 2519 1025 mortuum
2550 975 2782 1042 primum
2804 977 3069 1028 excitasse
3101 992 3115 1028 :
3149 977 3399 1045 ignorans
3429 979 3536 1032 sci-

1959 1062 2106 1128 licet,
2135 1069 2193 1126 ›Ξ‹
2230 1065 2395 1118 Eliam
2422 1063 2565 1118 illum
2601 1066 2931 1131 maximum,
2958 1066 3148 1121 Elisaeo
3192 1066 3356 1122 fuisse
3390 1068 3537 1136 prio-

1962 1168 2099 1218 rem,
2136 1165 2188 1206 οι
2218 1155 2389 1210 vidum
2420 1156 2586 1210 [ilium
2614 1158 2680 1211 de
2711 1158 2936 1211 mortuis
2970 1159 3298 1212 suscitasse:
3333 1163 3477 1228 quod
3504 1174 3537 1214 e

1964 1246 2120 1299 tertio
2140 1245 2280 1299 libro
2312 1247 2618 1317 Regnorum
2647 1264 2978 1319 cognoscere
3010 1251 3298 1316 poterat".
3321 1251 3538 1318 Ignora-

1962 1337 2054 1391 bat
2087 1347 2266 1392 autem
2303 1339 2405 1393 hoc
2435 1340 2630 1408 ipsum,
2660 1350 2719 1391 ιιι
2747 1351 2988 1409 apparet,
3017 1357 3139 1395 cum
3173 1341 3390 1396 disertis
3419 1355 3539 1394 ver-

1960 1423 2043 1480 bis
2085 1426 2154 1479 ita
2203 1428 2402 1481 scribat
2445 1447 2464 1480 ι
2503 1429 2614 1482 Νοιι
2650 1429 2777 1499 :[R.
2811 1429 2897 1500 ιι]
2943 1429 3278 1484 solummodo
3319 1427 3519 1482 Primo-

1969 1534 1988 1567 ι
2034 1518 2268 1585 genitum
2323 1530 2583 1574 creatura:
2624 1537 2770 1574 nova:
2794 1521 2838 1552 ⁸⁸
2880 1521 3028 1575 illum
3058 1521 3194 1574 dixit
3227 1518 3536 1588 Apostolus,

1969 1627 1988 1659 ι
2033 1623 2220 1663 verum
2237 1611 2400 1664 etiam
2424 1621 2477 1664 et
2500 1612 2561 1664 de
2586 1613 2804 1665 mortuis
2821 1612 3227 1681 primogenitum
3245 1611 3286 1642 ³¹
3310 1629 3322 1664 :
3344 1626 3445 1665 non
3469 1611 3540 1666 ob

1969 1718 1988 1750 ι
2037 1700 2193 1754 aliam
2227 1713 2375 1756 certe
2404 1719 2644 1769 causam,
2677 1713 2736 1757 ut
2764 1704 2974 1757 videtur
3003 1704 3156 1766 mihi,
3190 1718 3348 1772 quam
3383 1713 3440 1756 ut
3472 1704 3538 1766 is.

1971 1809 1988 1840 ι
2037 1792 2126 1858 qui
2156 1793 2333 1846 omnis
2371 1803 2633 1849 creatura:
2677 1794 3068 1864 primogenitus
3097 1795 3314 1857 dicitur,
3347 1793 3542 1847 intelli-

1975 1901 1992 1932 ι
2039 1893 2197 1952 gatur
2217 1893 2270 1937 et
2287 1884 2351 1938 de
2377 1886 2605 1940 mortuis
2630 1901 2748 1940 esse
2773 1886 3181 1954 priinogenitns.
3203 1886 3314 1939 Non
3341 1886 3539 1938 etenim

1974 1993 1991 2024 ι
2039 1975 2103 2028 de
2159 1977 2380 2030 mortuis
2429 1987 2552 2031 ante
2615 1977 2748 2031 alios
2795 1992 2980 2031 omnes
3037 1979 3240 2046 primus
3305 1976 3544 2030 surrexit

1976 2083 1991 2114 ι
2035 2064 2282 2120 Christus
2333 2067 2611 2131 Dominus,
2638 2084 2823 2122 verum
2867 2069 3012 2137 prior
3057 2077 3371 2122 surrexerat
3417 2074 3543 2120 ante

1977 2175 1994 2206 ι
2039 2172 2160 2210 eum
2212 2159 2256 2212 is
2289 2175 2449 2228 quem
2505 2159 2764 2230 propheta
2817 2160 3041 2215 Elisreus
3075 2159 3390 2215 suscitabat.
3437 2157 3544 2212 Sed

1976 2267 1994 2298 ι
2044 2258 2098 2301 et
2128 2257 2251 2302 ante
2303 2252 2755 2306 resurrectionem
2803 2252 2920 2321 ejus
2957 2261 3074 2306 erat
3106 2251 3342 2305 Lazarus
3369 2249 3541 2303 susci-

1978 2359 1994 2390 ι
2043 2350 2204 2396 tatns.
2257 2341 2322 2394 Et
2367 2359 2473 2410 quo
2513 2352 2752 2412 tempore
2807 2343 2857 2396 in
2895 2358 3056 2398 cruce
3102 2357 3293 2411 passus
3349 2342 3545 2405 fuerat,

1978 2450 1995 2482 ι
2048 2433 2339 2486 multorum
2390 2445 2700 2488 sanctorum
2753 2451 3016 2504 corpora,
3051 2437 3142 2503 qni
3178 2435 3549 2488 obdormisce-

1981 2542 1997 2573 ι
2045 2523 2215 2586 bant,
2267 2526 2639 2595 resurgebant.
2694 2545 2712 2577 ι
2768 2526 2920 2593 Qnod
2982 2527 3282 2581 inconsulto
3337 2525 3550 2580 videtur

1975 2614 2260 2669 Marcellus
2305 2618 2549 2684 posuisse
2587 2636 2600 2671 :
2636 2633 2861 2685 corpora
2898 2618 2984 2670 illa
3038 2632 3230 2688 nempe
3277 2617 3549 2672 dormien-

1977 2707 2106 2760 tinm
2147 2718 2454 2760 sanctorum
2506 2717 2631 2761 ante
2686 2709 2961 2763 Christum
3013 2709 3396 2764 resurrexisse.
3441 2707 3551 2762 Nec

1977 2798 2272 2866 Scriptura:
2301 2799 2623 2852 sententiam
2647 2800 2906 2870 integram
2931 2800 3386 2867 attendebat,qna
3418 2815 3547 2852 con-

1978 2898 2082 2943 stat
2117 2891 2228 2944 hinc
2277 2904 2503 2958 corpora
2563 2874 2969 2956 resurrexisse,
3005 2902 3288 2959 postquam
3327 2889 3440 2958 ipse
3486 2892 3552 2943 de

1980 2981 2201 3034 mortuis
2235 2983 2589 3036 resuscitatus
2615 2983 2931 3036 exstitisset.
2967 2981 3204 3036 Ulterius
3234 2991 3286 3034 et
3319 2982 3370 3033 in
3405 2981 3551 3034 dicto

1980 3071 2209 3140 quodam
2245 3073 2560 3141 apostolico,
2605 3073 2879 3128 invenitur
2920 3075 3062 3127 idem
3095 3088 3220 3127 esse
3250 3072 3552 3126 hallucina-

1985 3173 2088 3216 tus.
2130 3161 2655 3230 DirinusApostolns
2695 3163 2747 3217 in
2779 3165 2863 3215 illa
2906 3165 2972 3218 ad
3014 3164 3281 3218 Romanos
3309 3163 3379 3216 ita
3419 3163 3554 3216 scri-

1983 3254 2064 3308 bit
2103 3269 2116 3304 :
2151 3253 2436 3322 Separatus
2481 3257 2535 3310 in
2579 3255 2924 3326 Evangelium
2964 3257 3076 3322 Dei,
3111 3257 3252 3325 quod
3287 3255 3404 3322 jam
3435 3267 3558 3308 ante

1983 3345 2292 3412 promiserat
2335 3363 2427 3414 per
2471 3348 2748 3416 prophetas
2797 3364 2923 3400 suos
2965 3348 3019 3400 in
3053 3345 3348 3406 Scripturis
3387 3361 3561 3399 sacru-

1983 3437 2199 3502 sanctis,
2239 3438 2303 3488 de
2351 3435 2494 3490 Filio
2540 3438 2700 3507 ipsius
2739 3439 3004 3505 unigenito
3037 3453 3062 3490 e
3092 3438 3286 3490 semine
3343 3435 3558 3488 Davidis

1983 3528 2267 3580 secundum
2316 3544 2546 3592 carnem,
2587 3530 2678 3598 qui
2732 3529 3102 3598 designabatur
3145 3525 3319 3579 Filius
3366 3527 3458 3578 Dei
3504 3528 3556 3576 in

1987 3618 2172 3671 virtute
2217 3621 2498 3672 secundum
2548 3622 2792 3687 spiritum
2835 3618 3354 3686 sanctiﬁcationis".
3386 3615 3558 3682 Quam

1988 3709 2074 3762 ille
2135 3710 2494 3772 sententiam,
2527 3726 2632 3778 qua
2683 3718 2860 3764 mente
2911 3708 3113 3771 nescio,
3161 3708 3257 3762 sed
3303 3704 3564 3774 pervertit

1985 3815 2138 3854 sane.
2168 3799 2320 3870 Legit
2344 3801 2485 3855 enim
2527 3801 2577 3855 in
2614 3811 2757 3855 textu
2791 3802 3117 3870 apostolico,
3149 3798 3563 3871 προορισθέντος

1992 3910 2009 3942 ι
2047 3891 2384 3960 ριύυνίεοιθι
2420 3912 2437 3941 ι
2460 3892 2895 3962 prazdesignato;
2938 3911 2956 3943 ι
2993 3891 3080 3959 qui
3116 3891 3392 3951 debuerat,
3443 3888 3562 3955 69:-

1988 3983 2223 4046 σθέντος,
2255 3985 2569 4046 constituto,
2611 3993 2664 4038 et
2692 3984 3078 4045 deterrninalo;
3125 4000 3144 4032 ι
3179 3981 3231 4033 in
3263 3995 3383 4034 eum
3413 3992 3563 4032 nem-

1986 4090 2050 4143 pe
2077 4076 2260 4140 linem,
2299 4085 2357 4128 ut
2393 4075 2721 4143 intelligatur
2756 4074 2924 4128 Filius
2965 4089 3117 4137 esse,
3161 4088 3227 4126 eo
3263 4070 3420 4124 modo
3458 4083 3564 4136 quo

1987 4173 2114 4216 snnt
2146 4163 2218 4217 illi
2257 4165 2345 4232 qui
2391 4179 2488 4232 per
2516 4164 2911 4233 praes-cientium
2943 4163 3312 4230 designantur.
3342 4157 3421 4209 Ad
3447 4169 3565 4208 ver-

1990 4255 2116 4307 lium
2177 4256 2397 4319 idcirco,
2451 4257 2522 4308 ita
2557 4255 2747 4310 scribit
2781 4274 2793 4308 :
2835 4274 2851 4305 ι
2891 4253 3348 4320 Quemadmodum
3403 4248 3566 4316 igitur

1997 4362 2014 4393 ι
2062 4344 2357 4398 Ecclesiatn
2396 4359 2547 4399 suam
2577 4344 2854 4412 prmvisam
2879 4342 3218 4410 omnipotens
3241 4340 3566 4410 designavit,

1559 4568 1600 4599 ιι
1631 4568 1761 4622 ibid.
1798 4566 1893 4635 18;
1929 4565 2099 4635 Apoc.
2130 4578 2167 4627 ι,
2209 4562 2261 4616 5.
2338 4562 2382 4593 ⁸³
2417 4559 2573 4615 Rom.
2601 4561 2716 4626 1,1.

305 4741 412 4796 'nio
440 4746 706 4800 veterum,
732 4743 957 4804 excepto
987 4732 1416 4806 Theophylacto,
1447 4740 1501 4784 et
1535 4731 1874 4806 interpretun

1996 4725 2263 4806 φαίνεται.
2298 4723 2913 4806 Μοκμνιιιὶεοπρότερον
2939 4732 2994 4777 et
3030 4721 3168 4776 infra
3198 4719 3298 4792 τὴν
3334 4719 3430 4774 τοῦ
3469 4719 3570 4774 αὖ·

320 4810 712 4872 recentiornm,
744 4816 800 4859 ut
831 4802 1174 4858 doctissimus
1215 4802 1552 4872 Maldonatus
1585 4802 1764 4872 docet,
1797 4815 1886 4872 co-

317 4882 481 4935 mites
507 4868 720 4931 scilicet
754 4876 1020 4930 rcservari
1065 4875 1332 4940 triumpho
1358 4871 1433 4923 illi
1487 4871 1542 4923 in
1587 4868 1741 4923 caelis
1770 4869 1887 4940 glo-

316 4951 488 5007 rioso,
521 4948 774 5015 quando,
816 4953 872 4996 nt
917 4944 1150 5015 loquitur
1194 4935 1892 5015 Nazianzenus,_1:0901_9é-

317 5009 681 5090 xov1s;,:x0l.
730 5009 1250 5090 παραπεμπόμενοι,
1310 5011 1545 5090 ᾄσμασιν
1602 5009 1891 5088 ἐπινικίοις

319 5079 737 5158 ῖπανηγῦριζον,
798 5079 978 5158 (ξοηιιζ
1029 5079 1231 5158 κατέϐη
1285 5079 1480 5158 μόνος-ζ.
1506 5079 1740 5158 lgnatius
1790 5079 1886 5158 ait,

317 5147 585 5227 ἀνὲὂηδξ
609 5147 746 5227 μειιά
785 5153 1065 5206 πλειόνων.
1098 5147 1398 5218 Utrumque
1439 5147 1804 5202 Tertullianus
1833 5147 1887 5200 in

321 5226 663 5282 Carminibus
689 5226 760 5277 ait
794 5239 807 5276 :

463 5317 618 5377 Illos,
647 5331 750 5367 non
781 5310 1010 5366 tumulos
1046 5322 1247 5365 certum
1271 5319 1344 5364 est
1375 5307 1618 5376 repetisse
1647 5306 1854 5358 silentes

463 5387 728 5453 Amplius,
755 5394 844 5437 aut
869 5395 1021 5436 teme
1055 5382 1270 5434 retineri
1299 5381 1491 5432 viscere
1527 5377 1760 5429 clausos.

323 5499 433 5556 Sed
468 5511 776 5554 mensuram
834 5495 1146 5549 excedimns
1200 5492 1642 5546 Adnotationnm.
1672 5486 1894 5540 Videtur

291 5619 293 5621 ,
321 5569 535 5640 legend.
557 5571 609 5620 in
632 5568 824 5640 Euseb.
943 5564 1100 5640 μόνον
1115 5562 1294 5640 τοίνυν
1311 5561 1408 5632 τῆς
1428 5559 1611 5640 κοινῆς
1641 5557 1891 5640 κτίσεως,

323 5626 458 5702 etii,
487 5648 545 5691 nt
572 5638 803 5706 explicet
849 5626 974 5706 illud
1001 5634 1198 5706 πάσης.
1231 5632 1297 5684 Ει
1327 5626 1445 5706 nios
1475 5647 1488 5682 :
1520 5626 1654 5699 ὅπερ
1688 5626 1894 5706 καὶδιά

321 5707 420 5762 τοῦ
446 5697 790 5777 πρωτότοκος
825 5705 1003 5774 πάσης
1060 5697 1284 5764 κτίσεως
1322 5701 1553 5771 εἴρηται,
1589 5697 1894 5767 γνωσθῆναι

324 5776 550 5848 δυνηθῇ.
578 5776 632 5848 Μ

401 5836 529 5916 (Ἠῖ
551 5847 714 5916 Vulgo
737 5846 876 5914 ὅπερ
899 5853 951 5900 et
985 5842 1164 5913 πάσης
1197 5841 1316 5896 loco
1350 5841 1446 5894 ἀπ.
1483 5839 1602 5895 dein
1650 5836 1754 5908 Mp.
1798 5851 1888 5906 γρ.

1993 4794 2086 4850 τοῦ
2121 4805 2173 4848 et
2207 4795 2365 4861 ἀφορ.
2401 4795 2480 4857 είς
2505 4794 2566 4845 16
2598 4794 2755 4863 εὐαγ.

2061 4865 2182 4937 (75)»
2209 4859 2476 4932 Ποιήσας
2521 4859 3001 4937 προορισθέντος.
3036 4862 3297 4937 Accusat
3333 4859 3565 4937 Marcel-

1989 4928 2120 4998 lum,
2154 4928 2462 5003 depravatai
2505 4928 2787 5002 scripturae
2837 4928 3564 5003 apostoliczezlalso.blant

1989 5010 2039 5062 in
2056 4999 2353 5062 varianlem
2370 5004 2516 5056 iliam
2534 4999 3073 5073 Scripttiramprocnl
3089 4999 3561 5073 dubioinciderat.

1986 5077 2062 5132 Ita
2108 5079 2252 5131 enim
2307 5074 2360 5126 in
2394 5073 2619 5126 diversis
2657 5069 3062 5142 exemplar-ilius
3110 5070 3236 5142 olim
3264 5069 3564 5142 legebatur.

1988 5149 2062 5202 Ita
2101 5149 2152 5200 in
2185 5146 2297 5198 suis
2347 5143 2548 5196 invenit
2604 5136 2948 5198 lidelissiinns
2989 5140 3250 5199 omnium,
3285 5147 3338 5188 et
3365 5136 3570 5188 doctis-

1989 5220 2159 5270 simus
2209 5225 2362 5267 vatus
2407 5214 2678 5281 lnterpres
2741 5223 2954 5269 noster,
2997 5209 3087 5277 qui
3147 5202 3566 5281 gertitPrtede-

1989 5290 2238 5349 stinatus,
2273 5286 2344 5336 ita
2394 5283 2520 5349 legit
2556 5275 2897 5352 Epiphanius
2925 5275 3569 5352 contra___Theodotian_os,

1991 5357 2062 5410 ita
2091 5357 2204 5416 alii,
2227 5344 2295 5407 vet
2339 5353 2426 5406 hic
2445 5344 2637 5406 Veliam
2669 5344 2952 5404 'Ensebins
3003 5347 3318 5400 cavillatnr.
3345 5374 3415 5385 —-
3446 5344 3571 5398 Mox

1989 5427 2146 5494 vulgo
2196 5439 2413 5543 119009.,
2471 5422 2594 5473 dein
2651 5422 2844 5474 ἀποστ.
2879 5421 2934 5471 ὲν
2980 5417 3058 5488 τῷ
3097 5419 3186 5496 lt,
3219 5429 3385 5484 porro
3410 5416 3571 5485 vulgo

1991 5496 2098 5543 ὲντ.
2126 5493 2180 5543 δέ
2207 5508 2258 5543 et
2293 5511 2330 5543 ιι.
2363 5509 2460 5543 νην
2492 5492 2587 5543 ἀπ.
2619 5501 2673 5543 et
2705 5491 3008 5542 ἐπάκουσον
3031 5503 3178 5543 γουν.

1991 5486 2109 5547 ὲντῖ
2126 5493 2180 5546 δέ
2207 5486 2258 5545 ei
2293 5486 2460 5562 μόνην
2492 5492 2587 5543 ἀπ.
2619 5501 2673 5543 et
2705 5491 3008 5562 ἐπάκουσον
3031 5486 3178 5556 γοῦν.

2067 5565 2174 5635 (76)
2218 5553 2332 5630 Τῆς
2387 5553 2492 5635 τοῦ
2541 5562 2726 5628 λόγου
2769 5553 3127 5635 προθέσεως.
3170 5558 3237 5609 At
3279 5553 3576 5635 ηερ-λόγον

1995 5625 2192 5702 adjecit
2218 5625 2501 5686 marcellus
2521 5669 2534 5693 ,
2561 5625 2659 5702 nec
2687 5642 2771 5702 est
2795 5625 2950 5696 λόγος
2965 5627 3246 5702 ,πρόθεσιςέ
3268 5627 3359 5679 sed
3379 5625 3572 5702 630100:

1995 5693 2300 5826 Le'ggt‘nlum
2345 5703 2509 5824 iRglitut‘
2555 5699 2642 5753 διὰ
2684 5701 2782 5771 τῆς
2817 5693 3153 5770 προσθήκης,
3181 5696 3281 5766 τῆς
3323 5694 3418 5749 τοῦ
3467 5693 3576 5767 πρὸ

1997 5791 2103 5826 ποο
2172 5789 2324 5826 σεως.
2383 5795 2386 5798 ·

1997 5773 2324 5845 προθέσεως.
2359 5773 2386 5824 b-
