4008 6514
456 398 559 456 7'89

1133 386 1406 447 EUSEBII
1440 387 1923 444 CASSABIENSIS
1959 385 2113 444 OPP.
2153 387 2334 444 PARS
2372 387 2462 444 IV.
2505 419 2568 431 --
2611 387 3034 446 DOGMATICA.

3617 392 3716 447 τις

460 533 481 566 ι
527 513 596 569 ad
628 511 878 569 eumdem
925 511 1142 566 modum
1193 519 1248 565 et
1280 507 1483 565 Christi
1532 507 1695 562 etiam
1733 508 2024 562 secundum

2139 507 2389 578 εχούσης·
2432 509 2526 563 Ἐκ
2550 509 2811 578 γαστρὸς
2836 508 2949 576 πρὸ
2967 509 3278 577 ἑωσφόρον
3299 507 3608 578 ἐγέννησὰ
3623 527 3718 566 σε.

463 627 481 658 ι
529 621 747 662 carnem
784 603 1168 667 mconomiam,
1201 615 1297 671 per
1331 615 1492 671 quem
1539 613 1710 669 genus
1750 598 1881 653 illud
1913 599 2033 669 pio-

465 714 480 745 i
532 711 648 748 rimi
679 705 732 746 et
759 692 1050 746 colentium
1087 694 1275 755 Deum,
1316 691 1383 744 ad
1423 691 1769 759 adoptionem
1801 689 2035 744 ﬁliorum

463 802 482 831 ι
531 782 976 851 piieoriliiiarit”
997 822 1012 846 ,
1045 781 1219 850 posito
1264 779 1355 834 illo
1382 780 1535 849 prius
1563 777 1937 844 fundamento,
1962 779 2036 834 ita

463 895 482 925 ε
528 881 665 945 apud
697 892 853 929 suum
896 877 1148 929 animum
1177 873 1458 929 statuisse.
1495 871 1648 927 Hauc
1684 872 1754 927 ob
1787 887 2035 937 causam,

464 984 482 1017 ι
531 965 817 1034 Apostolus
843 980 937 1034 per
975 965 1234 1033 Spiritum
1269 973 1545 1026 sanctum,
1575 961 1858 1016 manifeste
1889 962 2036 1015 illum

465 1081 482 1111 ι
529 1073 680 1113 vocat
713 1061 906 1115 Filium
934 1059 1024 1111 Dei
1049 1058 1334 1126 praivisum
1367 1065 1422 1109 et
1447 1055 2031 1125 praedeterminatum.»

464 1153 526 1207 Et
563 1155 668 1207 alio
699 1153 815 1206 loco
844 1170 857 1205 :
897 1169 915 1201 ι
955 1150 1051 1206 llic
1085 1159 1169 1204 est
1218 1147 1305 1202 ille
1337 1147 1402 1200 de
1431 1163 1538 1216 quo
1571 1147 1786 1201 dicebat
1818 1145 2035 1210 Paulus,

465 1264 484 1295 ι
534 1245 928 1314 ιιιεεοταὶιιιιιιιε
960 1242 1127 1296 Filius
1157 1243 1271 1296 Dei.
1303 1261 1322 1294 ι
1351 1240 1536 1309 Neque
1575 1257 1759 1296 vocem
1801 1249 2040 1295 tantum-

463 1335 620 1388 modo
651 1335 963 1403 depravavit
990 1333 1162 1386 hocin
1201 1334 1320 1388 loco
1342 1333 1681 1402 abApostolo
1705 1343 2037 1401 usurpatam,

460 1428 555 1480 sed
595 1435 646 1480 et
679 1425 849 1494 ipsam
880 1425 997 1494 ejus
1041 1435 1273 1480 montem
1325 1441 1422 1496 per
1459 1427 1600 1479 illius
1636 1422 2039 1495 praepositionis

459 1533 555 1588 pro
614 1518 1025 1588 appositionem.
1089 1516 1213 1572 Istis
1249 1532 1430 1573 autent
1487 1527 1613 1574 sunt
1676 1533 1930 1588 germana
1987 1525 2037 1570 et

461 1611 696 1682 genuina
748 1627 866 1679 qua:
921 1620 976 1664 ct
1030 1611 1082 1664 in
1135 1609 1364 1666 Psalmis
1417 1615 1722 1666 attentavit.
1766 1610 1897 1665 Nam
1949 1610 2038 1664 ubi

460 1703 699 1765 dicitur,
738 1702 814 1756 De
858 1713 1001 1756 utero
1045 1713 1170 1757 ante
1208 1703 1509 1772 Luciferum
1553 1705 1709 1774 genui
1750 1714 1819 1769 te,
1847 1710 1905 1768 >14
1939 1705 2037 1756 ad-

461 1796 816 1851 ditamentuui
848 1797 1088 1864 adhibet,
1119 1799 1262 1868 quod
1314 1813 1578 1867 nusquam
1627 1797 1678 1850 in
1712 1795 1926 1852 Psalmo
1957 1814 2040 1851 re-

461 1890 705 1957 peritur,
736 1903 794 1944 ut
824 1889 926 1945 illis
966 1892 1036 1944 ita
1084 1899 1263 1960 posset
1314 1891 1655 1954 obtrectare,
1688 1891 1779 1959 qui
1812 1906 1915 1944 non
1947 1907 2040 1959 pa-

463 1984 540 2036 rio
596 1998 720 2037 cum
774 1983 889 2052 ipso
941 1983 1271 2037 setttiebanl.
1317 1981 1550 2036 Attende
1611 1997 1739 2036 vero
1793 1998 2036 2052 quamam

460 2075 568 2130 sint
600 2091 720 2146 qua:
770 2075 976 2130 scribit.
1029 2073 1118 2147 [Β.
1152 2072 1382 2146 ΧΧ111.]
1437 2093 1455 2126 ι
1517 2071 1668 2128 llanc
1706 2073 1776 2129 ob
1820 2090 2038 2128 causam

467 2187 485 2221 ι
527 2168 667 2234 ideo,
702 2169 915 2222 videtur
948 2167 1077 2221 mihi
1109 2167 1314 2236 aliquid
1353 2167 1578 2220 omnino
1607 2166 1891 2221 dicendum
1919 2183 2040 2222 esse

466 2279 484 2312 ι
526 2262 592 2316 de
617 2274 682 2316 eo
709 2261 851 2330 quod
890 2275 1154 2328 nusquam
1200 2261 1378 2314 adhuc
1425 2258 1547 2314 alibi
1583 2259 1816 2328 positum
1851 2269 1954 2314 est.
2013 2281 2032 2312 ο

464 2350 654 2422 Magna
689 2366 816 2420 pars
846 2351 1042 2404 etenim
1073 2351 1141 2404 ab
1175 2351 1266 2405 illo
1301 2350 1598 2419 positorum
1631 2390 1646 2414 ,
1693 2364 1758 2404 ex
1790 2358 1917 2404 ante
1947 2365 2041 2404 no-

463 2446 546 2498 bis
570 2443 728 2498 dictis
764 2441 1044 2498 manifesta
1071 2452 1217 2498 sunt.
1267 2442 1342 2498 De
1367 2443 1645 2508 utero,ait,
1675 2453 1793 2498 ante
1828 2441 2042 2513 Lucife-

465 2551 578 2588 ram
611 2536 767 2604 genui
793 2544 844 2588 te
875 2533 941 2586 ”.
993 2531 1260 2603 Opinatus
1293 2545 1378 2589 est
1421 2545 1602 2590 autem
1636 2534 1778 2589 hanc
1819 2546 2040 2590 senten-

465 2628 618 2690 tiam,
654 2626 1039 2696 praepositione
1093 2626 1182 2681 illa
1233 2625 1316 2691 ἐξ,
1369 2626 1511 2681 clam
1575 2626 1719 2680 l'urto
1745 2626 2036 2690 subducta,

461 2735 583 2773 cum
609 2718 861 2774 haeretica
897 2719 1066 2789 ipsius
1103 2720 1358 2788 opinione
1403 2721 1860 2789 conspiraturam.
1895 2718 2040 2786 Quo-

459 2811 605 2865 circa
625 2810 714 2865 ubi
756 2810 1014 2881 syllabam
1050 2810 1192 2865 illam
1224 2810 1798 2881 congruentissimam,
1819 2809 1886 2865 de
1908 2823 2040 2864 voce

457 2913 736 2958 exemerat
764 2903 1234 2973 regenerationem
1274 2904 1392 2973 ejus
1423 2903 1727 2972 antiquam,
1763 2917 1863 2958 nec
1892 2901 2039 2958 aliud

458 2994 795 3065 quidquam,
849 2995 953 3050 hoc
1002 2994 1216 3050 volebat
1249 2995 1369 3049 loco
1418 2995 1736 3050 indicatam.
1777 2995 2038 3062 Quando-

457 3086 675 3153 quidem
726 3100 855 3141 vero
886 3086 1348 3142 vehementiorem
1413 3087 1466 3140 in
1521 3087 1740 3141 modum
1796 3103 1894 3156 pro
1938 3103 2038 3142 suo

2136 600 2165 650 ὁ
2224 598 2280 650 δὲ
2339 599 2618 653 κάνταῦθα
2687 599 2972 671 προσθήκῃ
3009 599 3284 672 ’κέχρηται
3337 603 3402 670 τῇ
3458 599 3720 671 μηδαμῶς

2137 691 2506 764 ἐμφερομένῃ,
2547 692 2684 765 πρὸς
2717 692 2778 744 τὸ
2821 691 3278 762 καταμέμφεσθαι
3304 691 3382 762 τῷ
3415 691 3489 764 μὴ
3523 692 3720 763 ὁμοίως

2137 783 2286 854 αὐτῷ
2318 784 2601 852 φάσκοντιο
2647 784 2982 836 Ἐπάκουσον
3005 779 3096 836 οὖν
3123 784 3270 846 ὅπως
3298 782 3503 853 γράφει
3525 782 3702 851 λέγων

2145 895 2163 925 ι
2204 875 2302 928 Διά
2334 874 2491 928 τοῦτο
2532 875 2733 937 τοίνυν,
2775 874 2922 928 δοκεί
2957 893 3047 946 μοι
3081 874 3261 938 καλῶς
3301 875 3446 946 ἔχειν
3476 891 3554 939 τι,
3595 876 3721 946 περδ

2144 985 2162 1018 ι
2201 961 2275 1020 ὧν
2306 967 2439 1038 μηδέ
2465 985 2550 1019 πω
2576 968 2839 1039 πρότερον
2865 968 2974 1037 ('77)
3007 967 3210 1038 διῆλθε,
3243 969 3360 1020 νυνὶ
3417 966 3664 1020 διελθεῖν.
3701 987 3722 1018 ι

2139 1059 2222 1113 Τὰ
2266 1060 2375 1132 γάρ
2409 1065 2635 1114 πλεῖστα
2675 1061 2783 1114 τῶν
2815 1061 2904 1113 ὑπ’
2939 1061 3106 1114 αὑτοῦ
3141 1061 3481 1132 γραφέντων,
3521 1061 3587 1113 ὲκ
3615 1059 3725 1113 τῶν

2138 1153 2236 1224 ἤδη
2264 1155 2678 1224 προειρημένων
2717 1155 2847 1224 ἡμῖν
2886 1141 3260 1224 γέγονεδῆλα.
3311 1154 3404 1206 Ἐκ
3440 1151 3723 1222 γαστρὸς,

2140 1246 2294 1316 φησὶ,
2322 1246 2434 1315 πρὸ
2463 1247 2772 1315 ἑωσφόρου
2795 1247 2904 1317 (78)
2924 1245 3293 1315 ἐξετέννησὰ
3319 1262 3409 1299 σε.
3435 1247 3596 1316 ’ῼετο
3614 1245 3725 1316 γάρ

2139 1341 2357 1401 πάντως
2385 1356 2484 1391 που
2511 1339 2634 1410 τὴν,
2664 1340 2742 1405 ἐξ,
2775 1337 3032 1409 πρόθεσιν
3061 1337 3358 1391 κλαπεῖσαν
3394 1338 3710 1409 συνδραμεῖ-

2142 1431 2262 1483 σθαι
2299 1433 2366 1501 τῇ
2415 1430 2515 1500 τῆς
2553 1430 2821 1502 αἱρέσεως
2865 1428 3081 1500 γνώμῃ.
3132 1429 3240 1490 Διὸ,
3280 1429 3341 1483 τὸ
3384 1427 3725 1501 κυριώτατον

2138 1523 2237 1593 τῆς
2262 1523 2528 1593 συλλαεὶῆς
2545 1520 2762 1586 ἐξελὼν,
2788 1521 2887 1592 τὴν
2907 1520 3141 1592 ἀρχαίαν
3170 1518 3335 1573 αὑτοῦ
3362 1519 3726 1590 ἀναγέννησιν

2142 1615 2384 1686 σημῆναι
2424 1615 2711 1687 ὲὸονλήθη.
2750 1615 2862 1669 Καὶ
2894 1614 3194 1683 ἐπειδήπερ
3233 1614 3291 1666 ὲν
3326 1611 3535 1674 τούτοις
3568 1613 3725 1680 ἰσχυ-

2144 1704 2252 1775 ρῶς
2302 1703 2590 1757 διετείνετο
2639 1704 2768 1775 περί
2824 1703 2914 1757 τοῦ
2971 1704 3170 1756 οἰκείου
3232 1702 3568 1772 σφάλματος,
3630 1702 3728 1754 τὸν

2140 1796 2315 1868 ὀρθῶς
2331 1795 2617 1868 γράψαντα
2646 1795 3020 1866 μεμψάμενος,
3043 1795 3192 1847 οὐδὲν
3215 1794 3375 1858 αὐτὸς
3400 1794 3569 1846 εἰπὼν
3608 1795 3728 1857 τοῖς

2141 1888 2546 1958 ἐντυγχάνουσι,
2568 1888 2668 1960 τὴν
2693 1886 2863 1958 αὐτὴν
2890 1888 2988 1958 τῆς
3008 1885 3364 1956 ἀναγνώσεως
3387 1885 3730 1956 παραδίδωσι

2144 1980 2469 2052 μαρτυρίαν.
2522 1978 2735 2051 Προϊὼν
2781 1979 2826 2032 δ’
2875 1975 3031 2043 αὖθις
3072 1981 3100 2032 ὁ
3146 1979 3326 2042 αὐτὸς,
3377 1978 3587 2046 εἰσάγει
3631 1977 3731 2031 τὸν

2141 2073 2369 2143 Σωτῆρα
2399 2072 2655 2140 λέγονταο
2715 2070 2855 2140 Ἐγώ
2887 2073 3003 2141 εἰμι
3048 2072 3086 2138 ἠ
3124 2069 3333 2138 ἡμέρα·
3367 2063 3467 2122 ὧδέ
3501 2086 3575 2140 πη
3621 2070 3733 2138 φά·

2141 2181 2318 2217 σκωνο
2362 2183 2379 2216 ι
2420 2164 2652 2226 Σκότους
2689 2162 2796 2234 γάρ
2827 2163 2980 2226 ὄντος
3020 2163 3305 2233 πρότερον,
3347 2160 3435 2214 διὰ
3475 2161 3574 2232 τὴν
3626 2159 3734 2230 τῆς

2144 2276 2162 2308 ι
2202 2255 2512 2318 θεοσεϐείας
2540 2255 2782 2323 ἄγνοιαν,
2817 2254 2917 2323 τῆς
2943 2253 2999 2305 δὲ
3025 2253 3238 2324 ἡμέρας
3276 2251 3564 2322 φαίνεσθαι
3593 2252 3733 2322 μελ-

2138 2347 2354 2420 λούσης,
2409 2345 2557 2416 Ἐγὼ
2591 2345 2700 2416 γάρ
2727 2347 2865 2415 εἰμι,
2901 2345 3086 2416 φησὶν,
3128 2344 3166 2412 ἢ
3203 2343 3389 2414 ἡμέρα
3415 2344 3544 2413 (79).
3576 2364 3594 2394 ι
3633 2345 3735 2396 Εἰ-

2139 2443 2310 2505 κότως
2339 2441 2429 2494 τὸν
2460 2440 2663 2512 ἀστέρα
2703 2439 2976 2510 ἑωσφόρον
3014 2439 3289 2511 ὀνομάζει.
3321 2439 3432 2492 Καὶ
3464 2440 3522 2491 ὲν
3552 2439 3734 2512 ἑτέρῳ

2137 2539 2289 2605 τόπῳ
2322 2533 2482 2605 φησίν
2503 2551 2514 2563 ·
2543 2555 2560 2584 ι
2586 2533 2800 2604 Ἐπειδὴ
2821 2532 2958 2604 μετά
2973 2532 3068 2604 τὴν
3091 2534 3189 2604 τῆς
3212 2532 3410 2604 σαρκὸς
3433 2532 3733 2604 ἀνάληψιν,

2146 2646 2162 2676 ι
2205 2625 2438 2697 Χριστός
2479 2641 2536 2678 τε
2571 2624 2664 2677 καὶ
2723 2622 2931 2694 Ἰησοῦς
2970 2623 3320 2695 κηρύττεται,
3358 2622 3470 2695 ζωή
3525 2641 3584 2676 τε
3625 2622 3733 2677 καὶ

2137 2719 2256 2783 ὁδὸς
2292 2719 2387 2772 καὶ
2419 2718 2620 2789 ἡμέρα.
2663 2739 2682 2770 ι
2731 2717 2841 2769 Καὶ
2875 2712 3031 2779 αὖθις
3060 2714 3266 2787 προῖὼν
3297 2714 3389 2768 τοῦ
3425 2715 3732 2768 ἀποστόλου

2137 2811 2320 2880 τίθησι
2350 2809 2427 2874 τὸ,
2469 2809 2534 2862 Ἡ
2560 2807 2629 2860 δὲ
2660 2808 2917 2877 ἡμετέρα
2955 2806 3346 2876 Ἰερουσαλὴμ
3373 2806 3494 2860 ἄνω
3525 2807 3731 2861 ἐστίν.

2140 2904 2250 2957 Καὶ
2282 2904 2334 2955 τί
2366 2919 2432 2974 με
2461 2902 2542 2954 δεῖ
2578 2885 2866 2972 μηκύνειν,
2901 2900 3076 2972 παρὸν
3103 2899 3181 2970 τῷ
3200 2899 3587 2970 βουλομένῳὲκ
3612 2901 3732 2954 τῶν

2142 2993 2554 3067 προειρημένων
2599 2993 2668 3046 τὰ
2714 2991 3072 3064 παραπλήσια
3105 2991 3171 3045 ὲκ
3214 2990 3308 3044 τοῦ
3349 2991 3548 3054 παντὸς
3594 3008 3764 3059 συγ-ς

2141 3087 2466 3158 γράμματος
2496 3083 2874 3153 ἀναλέγεσθαι,
2917 3085 3011 3136 καὶ
3052 3083 3113 3136 τὸ
3146 3083 3368 3154 εὐχερὲς
3395 3082 3489 3135 τοῦ
3533 3083 3734 3154 ἀνδρὸς

459 3180 547 3234 hic
571 3193 759 3233 errore
792 3178 1191 3233 concertaverit
1219 3219 1235 3246 ,
1268 3178 1361 3233 illo
1395 3179 1590 3248 repreh
1614 3193 1729 3234 90:0
1765 3178 1856 3249 qui
1893 3189 2024 3234 recte

2143 3176 2485 3233 ἐποπτεύειν.
2533 3177 2623 3244 Ἐξ
2645 3173 2714 3250 ἦς
2740 3177 3024 3248 εὐχερείας
3055 3175 3276 3230 ἀκούσει
3297 3175 3462 3229 αὐτοῦ
3493 3175 3602 3246 (80)
3632 3176 3736 3230 τὸν

532 3297 592 3356 vis
627 3293 723 3348 Ed.
754 3292 950 3354 Paris..
985 3308 1104 3363 pag.
1138 3291 1222 3346 15.

526 3388 571 3417 ³³
597 3385 739 3442 Psal.
761 3400 849 3449 cx,
885 3385 937 3440 9.
1034 3382 1082 3415 “
1109 3381 1247 3438 Psal.
1279 3398 1362 3438 cu
1383 3422 1398 3450 ,
1430 3383 1482 3436 5.

530 3571 642 3637 (Π)
677 3569 949 3641 Διῆλθεν.
981 3568 1127 3637 Lege
1159 3567 1372 3641 διῆλθον
1418 3567 1494 3641 [et
1526 3567 1619 3641 sic
1665 3566 1718 3641 in
1759 3584 1902 3641 corr.
1931 3568 2018 3621 eil.

459 3641 550 3714 9.]
585 3651 639 3696 et
681 3640 935 3714 transfer,
978 3641 1158 3690 videor
1188 3638 1343 3714 nti/ii,
1378 3638 1469 3691 néc
1517 3638 1739 3708 injuria,
1782 3639 2020 3714 dicturus

457 3707 632 3771 ἀίω,
667 3711 804 3779 quod
832 3725 1089 3777 nusquam
1145 3711 1274 3761 alibi
1322 3718 1623 3776 persecutus
1668 3725 1801 3762 sum.
1849 3707 1920 3760 De
1961 3723 2020 3761 se

457 3779 743 3834 Marcellus
794 3780 937 3832 enim
996 3779 1274 3844 loquitur:
1311 3780 1357 3832 is
1405 3788 1585 3832 autem
1635 3793 1795 3846 quem
1837 3789 1892 3831 et
1931 3779 2016 3831 hic

457 3849 883 3928 designat_ipse,
941 3857 1000 3928 et
1048 3863 1209 3928 quem
1267 3846 1530 3928 Eusebius
1565 3846 1922 3928 intelligebat,
1962 3849 2014 3900 iu

454 3919 535 3990 τῷ
680 3917 905 3990 ίὸμοίως
941 3917 1090 3987 αὐτῷ
1118 3918 1400 3990 φάσκοντι,
1432 3919 1678 3972 Asterius
1705 3927 1810 3978 est,
1839 3932 2020 3986 quem,

456 3989 797 4057 cumprimis
835 3990 1094 4042 Arianam
1149 3989 1396 4042 haeresim
1432 3995 1885 4058 propugnantem,
1921 3990 2022 4040 hoc

456 4075 558 4114 suo
599 4060 818 4129 scripto,
856 4058 996 4127 quod
1034 4058 1271 4112 traducit
1311 4059 1603 4129 Eusebius,»
1637 4058 2019 4129 exagitandam

458 4132 559 4184 sibi
593 4127 878 4198 Marcellus
922 4131 1178 4197 suscepit.
1200 4130 1274 4183 Μ.
1294 4129 1550 4198 —Supra
1581 4127 1724 4198 ἔχειν
1747 4127 1945 4191 small.

525 4201 635 4272 (78)
658 4197 1117 4272 _'E§eréri~qca,
1142 4198 1350 4272 Fa__teor_
1375 4197 1465 4272 me
1490 4197 1723 4272 senSuut
1754 4199 1854 4253 loci
1907 4216 2010 4272 non

455 4269 695 4340 assumi.
736 4271 922 4323 Dicere
962 4270 1151 4340 debuit
1198 4269 1482 4328 Eusebius.
1514 4269 1820 4340 Marcellum
1863 4271 2014 4340 addi?

455 4337 1062 4409 disse'prtepositimiem
1095 4339 1174 4402 ἐξ.
1212 4341 1278 4392 ad
1311 4337 1757 4410 ἐγέννησαηΝιιιιι
1787 4350 1848 4410 et
1873 4338 2014 4391 LXX

454 4421 509 4464 et
550 4407 762 4473 omnes,
816 4410 1012 4478 legunt,
1054 4411 1136 4462 vel
1177 4407 1499 4478 ἐγέννησα,
1542 4408 1620 4460 vel
1664 4407 2014 4478 γεγέννηκα,

455 4481 642 4534 ntillibi
685 4483 885 4533 mentio
925 4480 1321 4547 praepositionis
1373 4481 1533 4542 illius,
1563 4494 1724 4545 quam
1763 4480 1872 4531 vult
1917 4481 2009 4530 ad-

454 4551 624 4602 dilam
655 4564 684 4602 a
721 4549 1001 4612 Marcello;
1038 4549 1132 4601 sed
1180 4560 1540 4618 praeterquam
1572 4550 1715 4614 quod
1745 4565 1846 4602 vox
1880 4547 2014 4600 κλα-

2135 3568 2337 3640 tionem
2368 3569 2640 3640 improbet
2663 3585 2679 3623 :
2702 3568 3038 3639 Augustinus
3063 3575 3242 3640 tamen
3265 3575 3320 3621 et
3343 3565 3432 3619 alii
3461 3570 3719 3636 probant.

2130 3637 2328 3709 Quidni
2353 3640 2378 3693 ‘l
2404 3637 2525 3693 cum
2543 3641 2702 3694 unius
2718 3637 3068 3709 ejusdemque
3091 3637 3216 3698 loci,
3236 3646 3424 3691 contra
3446 3653 3604 3706 quam
3626 3655 3726 3691 ιο-

2129 3707 2247 3762 lunt
2265 3709 2563 3765 Novatores
2583 3707 2774 3773 nostri,
2789 3709 2969 3778 plures
2990 3710 3268 3778 iidemque
3303 3711 3593 3778 secundum
3632 3710 3726 3760 lit-

2127 3788 2299 3858 teram
2345 3795 2537 3836 sensus
2577 3780 2726 3834 reddi
2782 3775 3010 3849 possint.
3037 3778 3110 3832 M.
3135 3775 3202 3816 ὲ
3222 3775 3340 3831 Mox
3373 3777 3528 3848 vulgo
3553 3795 3724 3848 σεμν-

2125 3867 2271 3906 υναι.

2205 3920 2318 3989 (79)
2347 3919 2624 3985 Εἰκότως,
2660 3919 2773 3973 τὸν
2820 3919 3065 3985 ἀστέρα.
3099 3915 3221 3971 llzec
3254 3927 3378 3989 sunt
3408 3916 3712 3982 ἀσύστατα,

2133 3987 2492 4050 Ῑοτιειίθοει,
2550 3991 2762 4054 ἑαυτόν,
2817 3999 2874 4042 ιιι
2929 3991 3190 4058 legamus,
3248 3987 3471 4050 εἰκότως
3520 3990 3718 4042 ἑαυτὸν

2131 4059 2336 4131 ἀστέρα
2368 4059 2643 4130 ἑωσφόρον
2681 4059 2960 4131 ὀνομάζει.
3015 4059 3145 4131 Ome
3207 4073 3331 4131 mox
3381 4070 3710 4131 sequuntur,

2132 4126 2458 4198 transposua
2508 4126 2656 4184 sunt.
2718 4126 3045 4198 Legeiidum,
3075 4126 3280 4250 ἐπειδιλ
3304 4129 3442 4196 μετά
3480 4128 3578 4199 τὴν
3611 4129 3714 4198 τῆς

2132 4198 2315 4250 ΙνιιΙιιο
2342 4200 2388 4250 ὲ.
2417 4197 2514 4250 τὴν
2549 4199 2685 4250 μετά
2728 4199 2847 4250 τῆς]
2902 4197 3104 4250 σαρκὸς
3147 4198 3250 4250 ἀνά
3284 4197 3432 4250 ττιιιν.
3483 4199 3714 4250 Χριστός

2132 4197 2388 4282 uulgo}.
2417 4197 2514 4278 τὴν
2549 4199 2700 4282 μετά.
2728 4197 2848 4270 τῆς]
2902 4197 3104 4282 σαρκος
3147 4197 3432 4282 ἀνάληψιν,
3483 4197 3720 4282 Χριστᾶς

2115 4285 2174 4321 τε
2199 4272 2291 4323 καὶ
2327 4269 2534 4340 Ἰησοῦς
2552 4269 3077 4341 κηρύττεταιςειιιιι
3095 4270 3238 4321 enim
3267 4269 3363 4336 τῆς
3380 4269 3714 4336 οἰκονομίας,

2115 4349 2171 4392 et
2202 4337 2663 4408 συγκαταὸάσεως
2702 4341 2841 4408 tituli
2898 4337 2965 4408 Μ.

2192 4405 2306 4480 (8U)
2330 4411 2439 4464 Τὸν
2455 4409 2811 4479 Σολομῶντα
2834 4405 3145 4480 [Σολομῶνα
3171 4405 3353 4479 codd.]
3377 4408 3714 4478 προφήτην.

2123 4479 2299 4534 Grave
2333 4483 2540 4535 crimen
2591 4479 3211 4544 scilicet{Salomoni-m
3259 4485 3575 4548 prophetam
3611 4496 3711 4530 nu-

2129 4550 2562 4621 minasseiqnasi
2613 4566 2750 4611 non,
2784 4550 2874 4616 qui
2929 4550 3219 4603 character
3254 4557 3338 4602 est
3393 4550 3711 4621 prOphetia»,

451 4621 668 4680 πεῖσαν,
703 4618 830 4689 furti
869 4617 1289 4672 ειὼιιιιοιιοιιθιιι
1347 4619 1546 4688 potius.
1583 4634 1744 4686 quam
1785 4619 2019 4689 ailititio-
2055 4617 2100 4674 υ
2128 4620 2341 4675 locutus
2372 4617 2550 4675 fuerat
2606 4621 2662 4674 in
2716 4621 2918 4689 Spiritu
2966 4632 3177 4679 saneto,
3224 4627 3316 4689 aut
3350 4619 3541 4672 saltem
3561 4618 3710 4689 gan-

453 4705 576 4743 nem
606 4690 744 4742 clam
779 4688 972 4739 factam
1005 4689 1304 4756 signilicet:
1329 4687 1453 4750 quid
1487 4689 1614 4741 illud
1650 4697 1732 4742 est
1763 4707 1775 4742 :
1806 4687 1867 4740 τὸ
1894 4705 2017 4740 και.

455 4756 718 4829 ριώτατον
747 4758 864 4828 (sir)
885 4757 982 4826 τῆς
1017 4756 1283 4829 συλλαϐῆς
1311 4757 1540 4825 ὲξελώνῖ
1578 4758 1808 4811 Sensum
1834 4761 2020 4829 videor

453 4826 972 4882 assecutus.Ariaui
1007 4829 1179 4880 locum
1219 4826 1382 4893 hunc,
1418 4845 1523 4883 nott
1567 4831 1631 4882 de
1655 4839 1856 4881 a‘tcrna
1896 4826 2014 4882 Filii

451 4900 825 4965 generatione,
863 4899 956 4951 sed
981 4899 1046 4950 de
1084 4901 1366 4964 temporali
1420 4899 1794 4953 incarnatione
1837 4914 1936 4965 cap
1959 4917 2016 4951 e-

451 4972 601 5032 bant,
635 4979 695 5022 tit
717 4969 782 5022 de
813 4980 969 5021 noctu
998 4977 1156 5021 natus
1179 4969 1392 5022 dicatur
1416 4982 1540 5022 ante
1569 4980 1817 5022 exortum
1847 4972 2015 5022 stella:

451 5040 762 5102 iiiatiitime;
819 5042 1030 5091 videtur
1068 5039 1208 5091 hunc
1256 5053 1495 5100 sensum.
1526 5048 1580 5092 et
1615 5040 1752 5093 hanc
1793 5050 2006 5093 senten-

453 5111 580 5162 tiam
612 5125 922 5178 Oppugnare
958 5109 1243 5162 Marcellus
1270 5127 1283 5160 :
1309 5121 1364 5164 et
1403 5109 1468 5161 ad
1491 5118 1747 5178 aeternam
1784 5125 2011 5178 genera-

453 5182 650 5233 tionem
689 5177 829 5232 Filii
893 5180 981 5232 Dei
1042 5181 1107 5232 de
1163 5181 1463 5233 substantia
1509 5177 1688 5233 Patris
1743 5177 2010 5242 retulisse,

449 5267 609 5315 quatit
645 5250 729 5303 hic
759 5259 913 5303 vocat
957 5249 1499 5321 ᾼΕιιειιῑιιιιελάρχαίαν
1524 5248 1904 5319 ἀναγέννησιν,
1933 5251 2011 5302 vel

447 5322 561 5374 ἀνω
597 5321 833 5388 γένεσιν,
863 5331 938 5390 et;
955 5319 1168 5388 legisse,
1205 5319 1550 5390 ἐξεγέννησα,
1607 5331 1789 5386 utpote
1821 5322 1872 5372 ιιι
1904 5334 2009 5388 qua

450 5407 580 5444 voce
627 5397 798 5458 Iltagts
858 5388 1154 5443 ellicaeiter
1201 5388 1467 5452 resultet,
1515 5391 1566 5442 id
1610 5391 1751 5457 quod
1795 5391 2011 5444 Volebat

446 5461 710 5514 stabilire.
747 5462 821 5514 De
849 5459 1010 5513 Patre
1039 5475 1158 5526 suo,
1192 5458 1314 5513 Filii
1344 5459 1744 5529 generationem
1779 5461 2006 5523 si-ilicet,

449 5531 734 5594 Eusebius.
777 5531 890 5584 Arii
945 5529 1145 5593 fautor,
1187 5547 1373 5584 ansam
1418 5529 1611 5597 arripit
1644 5529 2006 5585 Caluinnianili

448 5599 778 5654 Marcellum.
836 5601 1013 5655 Posita
1064 5612 1241 5653 autem
1298 5601 1386 5653 illa
1444 5601 1909 5668 interpretatione,
1945 5605 2008 5655 ile

347 5732 351 5736 _
447 5682 647 5724 aeterna
675 5669 797 5724 Filii
833 5670 1367 5740 generatione,.nihil
1404 5682 1553 5724 certe
1587 5670 1832 5736 impedit,
1863 5687 2006 5739 quo-

448 5742 625 5793 minus
652 5741 719 5793 ad
762 5741 993 5795 litteram
1037 5749 1336 5807 exponatur
1372 5740 1542 5803 locus,
1576 5741 1642 5794 de
1675 5740 1880 5793 carnali
1917 5757 2002 5808 ge-

447 5809 726 5864 neratione
761 5810 882 5864 Filii
919 5809 1149 5862 hominis
1181 5824 1194 5859 :
1222 5811 1314 5878 qui
1355 5812 1420 5864 de
1453 5822 1612 5864 nocte
1659 5811 2000 5864 nascebatur.

445 5882 620 5951 Quam
655 5881 781 5935 licet
811 5879 1226 5942 Chrysostomus
1257 5883 1310 5934 in
1361 5879 1504 5936 Paul.
1534 5895 1644 5946 eis,
1679 5883 2003 5948 interpreta-

2131 4690 2296 4766 ticum
2349 4685 2838 4766 caiiticorttm_li_on
2892 4689 3030 4766 foret
3081 4685 3709 4766 vpacpi}_7tpgcpqtdi§qg.

2129 4759 2304 4813 Locus
2334 4775 2492 4826 quem
2522 4762 2658 4822 vult,
2696 4758 2927 4814 habetur
2975 4758 3027 4812 in
3074 4759 3340 4827 principio
3393 4758 3715 4811 Proverbia-

2123 4846 2264 4884 rutn.
2309 4829 2448 4895 Quae
2493 4832 2712 4899 quidem
2763 4829 3050 4899 Proverbia
3095 4829 3440 4899 sanctissime
3469 4838 3711 4899 sumpta,

2120 4917 2226 4953 non
2258 4911 2383 4954 sunt
2413 4897 2767 4971 προφητεῖαι.
2813 4898 2918 4952 Sed
2962 4898 3262 4971 prophetae.
3296 4897 3535 4971 generali
3576 4913 3713 4971 qua-

2119 4971 2241 5023 darn
2273 4965 2817 5035 n0tion'e,'vocautur
2847 4965 3036 5020 omnes
3072 4967 3169 5019 viri
3221 4969 3416 5020 sancti.
3469 4965 3708 5033 Protulie-

2122 5041 2210 5094 tiae
2237 5049 2389 5103 sunt,
2413 5042 2578 5094 etiam
2607 5042 2672 5110 ile
2699 5038 2998 5110 praiteritis
3026 5039 3295 5110 notiones,
3329 5037 3492 5090 etiam
3524 5037 3711 5089 νουθε-

2123 5110 2258 5174 σίαι,
2306 5120 2365 5162 ut
2399 5112 2514 5164 ista:
2557 5107 2709 5172 sunt,
2761 5107 3130 5169 θεόπνευστοι,
3173 5107 3552 5172 characteres;
3581 5119 3712 5162 sunt

2115 5191 2268 5234 certe
2297 5180 2510 5234 diversa
2539 5177 2892 5250 χαρισμάτων
2925 5192 3158 5246 genera,
3183 5178 3276 5232 sed
3319 5191 3596 5250 nunquam
3631 5178 3707 5232 ita

2115 5251 2217 5303 fuit
2241 5248 2814 5318 coarctatus’Spiritus
2834 5260 3080 5311 sanctus,
3107 5250 3238 5318 quin
3265 5249 3356 5314 qui
3387 5263 3493 5300 uno
3523 5248 3707 5316 aliquo

2114 5336 2315 5390 genere
2341 5320 2608 5389 pnecipue
2637 5321 2997 5390 excoleretur,
3027 5319 3072 5370 is
3103 5327 3158 5370 et
3185 5317 3332 5390 aliud
3381 5319 3624 5380 haberet,
3658 5321 3702 5370 si

2115 5388 2168 5444 in
2221 5388 2519 5445 reiuissiori
2561 5392 2752 5458 gradu.
2803 5389 2934 5442 Nam
2991 5398 3046 5441 et
3103 5388 3334 5456 apostoli
3397 5391 3704 5456 pr0plietati

2112 5471 2262 5525 sunt,
2292 5471 2346 5516 et
2387 5460 2735 5527 evangelista:
2765 5460 3047 5528 prophetia
3097 5458 3370 5511 adornati.
3403 5460 3536 5511 lllud
3570 5473 3703 5528 vero

2114 5531 2396 5586 ridiculum
2416 5539 2522 5592 est,
2547 5531 2688 5598 quod
2715 5547 2819 5583 non
2850 5527 3136 5601 περιῆλθεν
3154 5531 3210 5582 ὲν
3246 5528 3540 5599 μηλωταῖς.
3567 5527 3704 5581 Nam

2112 5616 2234 5665 nec,
2260 5602 2351 5670 qui
2387 5601 2465 5654 sic
2513 5601 2696 5653 amicti
2747 5602 3193 5663 obambulabant,
3227 5607 3506 5670 propheta;
3547 5611 3704 5652 erant

2109 5668 2302 5726 omnes
2331 5691 2345 5723 :
2373 5685 2477 5740 nec
2521 5671 2800 5740 prop‘hetce
2861 5672 2950 5739 qui
2986 5668 3437 5733 l'uerant,omnes
3461 5668 3541 5721 sic
3566 5670 3702 5720 ami-

2108 5745 2180 5794 cti
2207 5739 2650 5794 obambulabant.
2695 5741 2888 5809 lneptit
2921 5755 3050 5806 ergo
3078 5742 3184 5805 hic,
3218 5756 3324 5793 non
3361 5750 3571 5809 tantum
3610 5753 3703 5792 ca-

2111 5809 2458 5862 lumnialttt'é
2493 5809 2587 5862 τοῦ
2650 5807 2934 5880 Παμφίλου
2998 5810 3300 5864 .‘il.-Mox
3359 5807 3521 5862 αὐτοῦ
3581 5814 3701 5879 [lc-2!

2108 5879 2444 5950 προρηπξάς
2477 5897 2585 5939 (vn.
2624 5879 2783 5938 codd.
