4008 6538
506 375 610 429 7.53
1175 366 1448 425 EUSEBll
1485 367 1964 424 CIESARIENSIS
2001 369 2150 425 OPP.
2190 369 2372 427 PARS
2409 369 2498 427 Ν.
2649 371 3068 429 DOGMATICA.
3215 404 3238 434 ο,
3634 378 3738 434 'M-s

501 491 694 559 phetas
723 484 1056 542 circumiisse
1087 483 1300 541 melotis
1354 485 1583 541 amictos
1611 494 1664 541 et
1693 487 1918 541 haedinis
1953 488 2068 556 pel-

2180 505 2353 542 νεται.
2387 491 2497 543 Καὶ
2527 489 2698 544 ταῦτα
2730 492 2788 546 δὲ
2817 493 3085 564 ἀγνοήσας
3116 494 3145 546 ὁ
3178 493 3442 560 γενναῖος,
3481 495 3739 549 πειρᾶται

503 580 642 634 libus
667 618 682 642 ,
725 592 943 647 egenos,
978 591 1285 647 oppressos,
1327 579 1744 648 angustiatos“.
1779 578 2065 635 Proverbia

2180 579 2302 648 ἡμῖν
2341 577 2400 642 ἐξ
2448 579 2775 649 Ἑλληνικῶν
2815 581 3256 651 ἀναγνωσμάτων
3296 580 3394 652 τὴν
3433 579 3543 634 τῶν
3587 582 3742 639 θείων

502 669 907 740 prophetiarum
939 669 1158 724 nomine
1201 669 1465 738 designat,
1501 683 1623 724 cum
1663 685 1930 738 nusquam
1966 671 2067 726 hoc

2180 669 2486 740 Παροιμιῶν
2513 671 2750 726 διάνοιαν
2782 673 3148 744 προστιθέναι,
3181 672 3367 727 τοῦτον
3395 674 3622 746 γράφων
3644 677 3743 729 αὺ-

503 761 750 814 docuerit
778 759 1056 828 Scriptura
1107 773 1263 814 sacra
1293 799 1308 822 ,
1357 761 1450 814 sed
1483 769 1672 814 auctor
1716 759 1829 828 ipse
1855 760 2068 827 sapien-

2180 762 2281 823 τοῖς
2312 761 2516 831 ῥήμασι
2543 762 2634 814 τὸν
2661 763 2880 834 τρόπον.

452 845 453 848 “
504 854 750 909 tissimus
820 863 875 906 ct
931 851 1137 921 Spiritu
1175 853 1398 921 insuper
1448 861 1634 905 sancto
1705 852 2001 920 prmditus,
2064 849 2350 906 Proverbia
2401 854 2762 910 nominaverit
2793 872 2807 909 :
2837 866 2896 909 ut
2943 855 3174 911 alterum
3231 857 3426 912 librum
3475 855 3747 912 Ecclesia-

503 956 615 1000 sten
648 957 667 996 :
705 944 918 997 tertium
968 943 1246 997 Canticum
1292 943 1612 997 canticorum
1643 958 1662 996 :
1689 957 1824 1010 quos
1851 943 2070 1012 scriptis
2108 943 2257 998 hisce
2321 945 2505 1001 titulos
2568 963 2673 1000 non
2702 946 2940 1001 humana
2977 947 3186 1001 ratione
3213 947 3412 1016 aliqua,
3439 948 3534 1002 sed
3571 947 3749 1002 nuini-

502 1056 573 1095 ne
618 1039 811 1094 ductus
839 1081 853 1104 ,
883 1039 1154 1108 apposuit.
1227 1036 1380 1094 Hanc
1423 1038 1592 1105 ipsam
1645 1053 1804 1107 porro
1869 1038 2133 1093 divinitus
2172 1038 2488 1108 inspiratam
2527 1041 2852 1109 scripturam
2885 1041 3118 1096 ethnicis
3157 1041 3433 1095 illustrare
3478 1030 3748 1111 exemplis

503 1131 621 1185 vult
649 1130 889 1201 neglecta
913 1130 1154 1200 Apostoli
1194 1128 1349 1183 Pauli
1392 1143 1523 1185 voce
1548 1129 1661 1196 illa,
1690 1128 1800 1183 Nos
1823 1130 2064 1198 spiritum
2101 1130 2262 1199 hujus
2332 1132 2516 1184 mundi
2587 1148 2687 1185 non
2740 1132 3032 1198 accepimus
3058 1171 3074 1197 ,
3112 1133 3202 1185 sed
3257 1132 3501 1200 spiritum
3549 1135 3640 1201 qui
3682 1150 3748 1186 es;

509 1226 613 1281 Deo
637 1236 732 1290 est,
766 1237 844 1291 ut,
867 1243 982 1296 qua:
1016 1237 1134 1279 sunt
1171 1244 1202 1279 a
1241 1226 1346 1279 Deo
1388 1226 1532 1279 nobis
1575 1226 1772 1279 donata
1801 1226 2168 1294 dignoscamus
2193 1242 2212 1278 :
2236 1235 2283 1279 et
2345 1243 2460 1294 qua:
2505 1227 2788 1296 loquimur,
2856 1243 2958 1280 non
3021 1237 3139 1280 sunt
3184 1225 3238 1278 in
3269 1226 3526 1278 doc-ilibus
3567 1227 3751 1278 huma-

506 1332 586 1370 na:
609 1318 879 1385 sapientite
905 1318 1094 1384 verbis,
1121 1320 1209 1371 sed
1241 1317 1473 1380 Spiritus
1501 1317 1668 1370 sancti
1691 1315 1780 1386 qui
1817 1316 2067 1371 discernit
2105 1318 2427 1385 spiritualia.
2463 1316 2722 1370 Animalis
2754 1318 2906 1370 homo
2951 1333 3054 1370 non
3136 1319 3352 1387 percipit
3387 1334 3506 1387 quia
3571 1333 3604 1368 α
3640 1315 3752 1368 Deo

503 1409 1114 1480 sunt,stultitia‘quippe
1141 1410 1497 1479 ridenturipsi
1531 1426 1550 1464 :
1581 1426 1740 1478 neque
1777 1419 1942 1477 potest
1986 1410 2273 1479 intelligere
2316 1426 2399 1475 ea,
2465 1410 2603 1479 quod
2667 1410 3013 1478 spiritualiter
3075 1411 3444 1465 discernuntur
3493 1408 3566 1462 δ’.
3624 1407 3752 1462 Haec

503 1504 589 1556 vir
639 1503 888 1572 egregius
922 1521 1043 1559 cum
1078 1506 1306 1575 ignoret,
1351 1503 1752 1558 Proverbiorum
1784 1507 2112 1561 sententiam
2153 1514 2206 1559 et
2247 1504 2658 1574 intelligentiam
2713 1512 2944 1558 conatur
3003 1517 3335 1572 paganorum
3369 1503 3590 1572 scriptis
3629 1486 3754 1558 illit-

507 1605 702 1650 strare.
739 1592 820 1648 Ita
850 1596 996 1649 enim
1041 1597 1260 1652 disertis
1298 1597 1475 1652 verbis
1498 1599 1592 1653 ait.

1143 1691 1296 1747 CAP.
1335 1691 1419 1746 lll.

739 1782 980 1838 Marcelli
1013 1782 1076 1835 de
1108 1781 1394 1850 proverbiis
1422 1785 1562 1848 apud
1592 1778 1822 1836 Crrccos.

580 1895 598 1929 ι
633 1875 749 1929 Νοιι
794 1884 878 1928 est
911 1890 936 1926 a
970 1872 1246 1942 proposito
1271 1911 1285 1934 ,
1321 1879 1380 1922 ut
1414 1871 1674 1934 arbitror,
1706 1871 1939 1926 alienum
1967 1912 1982 1936 ,
2027 1871 2074 1926 sl

511 1989 529 2022 ι
569 1984 737 2037 pauca
768 1965 1136 2022 rccensuerim
1188 1964 1238 2016 iu
1281 1963 1566 2031 praesenti,
1593 1978 1710 2030 qum
1739 1973 1863 2017 sunt
1893 1963 1944 2018 in
1977 1977 2074 2018 usu

511 2078 529 2111 ι
568 2059 710 2129 apud
748 2057 987 2119 Graecos,
1044 2052 1348 2120 proverbia.
1396 2051 1533 2106 Sane
1572 2053 1646 2106 vel
1682 2063 1914 2106 mortuus
1965 2064 2072 2121 est,

510 2169 530 2203 ι
576 2149 653 2204 vel
685 2149 886 2202 litteras
923 2150 1088 2199 docet.
1143 2145 1321 2197 Prima
1363 2145 1577 2213 quidem
1630 2144 1766 2198 facie
1810 2149 2075 2214 putaverit

511 2263 527 2286 ι
569 2239 836 2308 quispiam
867 2239 970 2290 hoc
1003 2236 1364 2304 proverbium,
1407 2241 1465 2298 >14
1517 2235 1566 2288 in
1600 2234 1898 2289 litterarum
1948 2252 2075 2306 pro-

514 2351 532 2384 ι
568 2331 804 2386 fessores
852 2318 1202 2395 usurpatum,
1254 2327 1408 2394 quasi
1449 2341 1550 2379 non
1607 2325 1760 2380 aliter
1807 2328 1946 2398 apud
1979 2343 2073 2384 eos

512 2442 531 2474 ι
566 2424 762 2477 littera:
791 2422 1136 2476 docerentur.
1173 2417 1284 2488 Ego
1311 2429 1512 2482 autem,
1563 2418 1752 2488 inquit,
1786 2419 1948 2474 didici
1973 2421 2075 2475 hoc

512 2533 531 2566 ι
568 2529 670 2566 non
703 2514 775 2566 ita
807 2526 865 2565 se
900 2510 1120 2563 habere.
1154 2509 1258 2563 Sed
1290 2519 1574 2579 propterea
1594 2512 1758 2579 quod,
1783 2526 1901 2564 cum
1934 2525 2073 2580 pra:-

512 2624 530 2656 ι
577 2607 647 2660 lio
677 2604 1035 2658 Athenienses
1065 2601 1233 2656 Siculi
1278 2602 1540 2666 vicerant,
1593 2601 1734 2656 solos
1791 2601 1910 2656 illos
1965 2603 2072 2657 vita

513 2713 530 2745 ι
568 2697 796 2749 donatos
819 2703 1132 2754 servarent,
1160 2692 1250 2761 qui
1287 2691 1481 2745 litteris
1526 2701 1682 2744 erant
1717 2693 1984 2758 instructi,
2016 2703 2076 2748 ut

513 2803 531 2836 ι
569 2785 754 2839 liberis
782 2786 895 2838 suis
943 2792 1304 2853 praeceptores
1356 2781 1476 2836 illos
1528 2783 1814 2849 haberent,
1844 2793 2072 2840 caeteros

511 2894 529 2927 ι
571 2889 696 2929 vero
727 2889 916 2928 omnes
957 2883 1130 2926 morte
1186 2873 1509 2926 multabant.
1552 2873 1684 2926 Cum
1715 2888 1843 2927 vero
1882 2888 1912 2927 e
1938 2889 2073 2944 prae-

513 2982 532 3016 ι
569 2963 643 3018 lio
670 2963 886 3033 quidam
917 2961 1259 3032 aufugientcs
1292 2961 1508 3024 domum
1555 2971 1966 3026 remeaverant,
2002 2963 2070 3017 ab

513 3075 532 3107 ι
572 3055 997 3110 Atheniensibus
1049 3055 1370 3123 interrogati
1411 3055 1476 3107 de
1529 3053 1720 3107 amicis
1749 3055 2071 3122 quibusdam
2100 3037 2140 3092 (ἶ

512 3166 531 3198 ι
569 3149 682 3202 suis
710 3157 799 3200 aut
834 3145 1090 3199 alliiiitate
1133 3145 1455 3215 conjunctis,
1507 3145 1782 3210 dicebant,
1827 3145 1970 3201 Sane
2000 3151 2074 3200 vet

513 3259 532 3290 ε
567 3251 802 3292 mortuus
838 3248 932 3301 est,
979 3236 1058 3291 vel
1091 3239 1292 3291 litteras
1321 3239 1488 3291 docet.
1541 3238 1676 3303 Quid
1709 3238 1834 3292 illud
1867 3248 2073 3305 autem,

512 3354 529 3384 c
566 3333 740 3400 Capra
765 3332 996 3402 gladium
1021 3372 1036 3395 ,
1066 3331 1167 3385 sibi
1197 3330 1369 3384 velit?
1403 3329 1591 3384 Nonne
1621 3331 1963 3399 proverbium
1994 3332 2076 3386 di—

511 3442 529 3474 ι
571 3425 712 3477 citur
741 3423 808 3476 de
834 3436 923 3486 eo,
957 3420 1048 3489 qui
1084 3435 1204 3487 qua:
1229 3419 1295 3473 de
1331 3419 1445 3488 ipso
1467 3421 1740 3484 dicuntur,
1765 3431 1918 3475 antea
1943 3409 2076 3491 prai-

511 3531 528 3562 ι
573 3511 745 3566 vidit?
782 3519 1066 3580 propterea
1113 3509 1254 3577 quod
1287 3524 1448 3578 capra
1485 3510 1839 3575 immolanda,
1875 3513 2070 3565 intueri

511 3623 528 3654 ι
571 3603 706 3656 solet
731 3602 983 3671 gladium.
1027 3599 1138 3654 Hoc
1165 3601 1409 3669 profecto
1433 3616 1496 3656 ex
1526 3603 1764 3670 antiquis
1801 3603 1924 3655 nulli
1949 3619 2075 3672 pro-

510 3714 528 3745 ι
572 3695 776 3748 didere.
840 3692 1022 3760 Neque
1083 3692 1225 3745 enim
1281 3693 1383 3746 hoc
1435 3706 1598 3746 sensu
1657 3695 2072 3761 proverbialiter

513 3805 529 3834 ι
573 3792 945 3852 usurparctur.
977 3785 1105 3838 Erat
1135 3785 1278 3838 enim
1328 3781 1485 3836 facile
1525 3793 1578 3838 et
1627 3785 1801 3838 cuivis
1854 3784 2070 3839 obvium

511 3895 530 3927 ι
573 3877 675 3929 hoc
710 3889 738 3929 ο
765 3891 823 3929 re
853 3883 1037 3928 natum
1080 3874 1532 3929 animadvertere.
1587 3873 1895 3942 Usurpatur
1941 3889 2072 3929 vero

510 3987 527 4018 ι
565 3969 630 4021 de
655 3967 822 4036 iisqui
849 3967 1044 4020 malum
1066 3967 1410 4034 sibimetipsis
1443 3975 1755 4036 procurant.
1791 3965 1926 4020 Nam
1955 3967 2070 4021 Me-

510 4082 528 4115 r
565 4063 664 4118 dea
717 4062 958 4117 Corinthi
992 4071 1274 4133 postquam
1333 4061 1531 4116 liberos
1584 4074 1710 4114 Suos
1755 4075 1851 4115 sua
1905 4075 2066 4113 manu

512 4173 531 4206 ι
571 4157 944 4219 interemerat,
977 4154 1175 4208 dicitur
1217 4167 1284 4206 eo
1309 4152 1426 4208 loco
1455 4152 1758 4207 occultasse
1787 4152 2017 4206 cultrum
2051 4169 2065 4205 :

512 4263 530 4296 ι
571 4246 772 4299 secutis
799 4261 927 4299 vero
956 4244 1286 4314 temporibus
1306 4242 1527 4308 factum,
1562 4252 1622 4296 ut
1650 4242 1914 4297 Corinthii
1945 4257 2066 4296 ora-

510 4354 528 4385 t
566 4338 686 4390 culo
712 4339 921 4400 moniti,
960 4353 1174 4406 capram
1213 4339 1417 4405 nigrant
1475 4335 1753 4389 immolare
1788 4335 2066 4398 deberent,

510 4449 530 4484 ι
566 4429 677 4494 ubi,
715 4445 834 4483 cum
867 4429 1040 4483 cultro
1064 4431 1502 4490 destituereutur,
1517 4441 1678 4496 capra
1706 4428 1932 4495 pedibus
1956 4429 2070 4482 suis

577 4563 637 4618 »ῃ
660 4545 772 4604 Ed.
811 4545 984 4608 Paris,
1017 4559 1139 4614 pag.
1166 4543 1254 4598 15.

577 4643 622 4673 δ’
665 4641 827 4695 llebr.
856 4655 931 4704 xu,
962 4637 1051 4692 '57.
1127 4635 1170 4666 “
1202 4633 1224 4687 l
1260 4633 1387 4689 Cor.
1416 4650 1476 4697 tl,
1509 4634 1596 4690 l2.

574 4753 686 4826 (βξ)
723 4750 898 4826 Falso
915 4749 1144 4826 ρλίιφιο

722 4821 872 4874 Ἀλλ’
977 4820 1285 4896 τέθνηκεν,
1429 4817 1697 4896 διδάσκει
1735 4819 2062 4889 γράμματα.

505 4889 763 4948 Νοίιιίὀε
813 4905 877 4944 ex
939 4891 1183 4955 historia,
1229 4901 1284 4943 et
1341 4889 1627 4944 Plutarcho
1658 4906 1671 4941 :
1702 4906 1860 4956 quam
1922 4901 2068 4946 recte

503 4963 788 5019 Marcellus
853 4961 1176 5028 Explicabat.
1250 4957 2001 5030 Videuditapatptoypézpm,
2038 4975 2068 5012 a

503 5035 801 5090 reverendo
853 5030 1137 5084 admodum
1192 5038 1246 5083 et
1295 5029 1598 5083 clarissimo
1632 5029 1689 5083 l’.
1738 5029 2066 5084 A.SChotto

500 5106 663 5167 editi;
702 5102 795 5156 sed
852 5100 1002 5154 locus
1051 5099 1105 5150 in
1160 5099 1344 5153 codice
1377 5114 1478 5152 non
1508 5109 1743 5153 constat.
1780 5100 1911 5153 Nam
1939 5102 2064 5168 quid

503 5177 588 5228 illa
628 5173 728 5228 sibi
763 5171 966 5232 volunt,
999 5168 1122 5221 ἐπεὶ
1153 5169 1247 5222 καὶ
1275 5169 1460 5238 ἕτερός
1495 5185 1598 5231 τις,
1629 5169 1788 5231 forte,
1822 5171 1943 5222 ἐπεὶ
1972 5170 2065 5222 καὶ

503 5245 576 5316 μὴ
601 5243 905 5316 ἑτέρως-τις
926 5239 1033 5316 τῶν
1062 5240 1187 5316 παρ’
1217 5237 1429 5316 αὐτοῖς’
1448 5237 1575 5316 ’ἐγω
1613 5238 1656 5316 δῖ
1690 5238 1909 5316 ξμαθον,
1939 5239 2064 5309 ἔφη,

501 5308 656 5369 τοῧτο
695 5308 740 5364 δ’
764 5312 862 5380 οὐχ
893 5309 1066 5371 οὓτως
1098 5309 1259 5380 ἔχειν,
1290 5308 1402 5380 ἀλλ’
1433 5309 1506 5372 ὡς
1525 5310 1575 5360 οἱ
1604 5309 1671 5361 τὰ
1698 5308 2066 5380 ὑπομντῇματα

461 5385 808 5455 ’γράψαντες
855 5379 1089 5455 ἔφασαν.
1152 5379 1407 5455 ⁷Ἐπειδή.
1465 5383 1643 5442 Certe,
1704 5382 1755 5455 in
1810 5379 2064 5455 miseram

502 5449 831 5507 eruditorum
859 5452 1135 5504 hominum
1163 5453 1547 5511 conditionem,
1580 5466 1683 5503 non
1716 5449 1896 5516 inepte
1931 5451 2058 5501 ada-

503 5527 645 5592 gium
685 5533 994 5592 usurpatur,
1030 5522 1119 5588 qui
1172 5519 1486 5588 plerumque
1515 5519 1689 5572 ἄσιτοι
1725 5518 2060 5592 ἀναδὼρῃτοι

503 5589 826 5664 ᾲορμίζουσι
881 5589 1060 5664 μέλος,
1095 5600 1151 5642 ut
1181 5595 1246 5643 de
1282 5601 1653 5664 sehlnemorat
1691 5603 1888 5664 auctor
1932 5590 2062 5657 Ety-

506 5659 790 5730 rnotOgici;
820 5659 972 5714 et'de
1001 5659 1283 5715 Lactantio
1315 5659 1446 5730 olim
1474 5660 1909 5730 CrispiCmsaris
1951 5677 2064 5712 lua-

505 5729 677 5802 gistru
706 5747 934 5792 mermn,
961 5740 1278 5802 usurpatum
1315 5729 1848 5802 fui't_bucis,lungis.
1883 5731 2062 5802 fatuis,

506 5799 670 5856 asinis
689 5800 1139 5871 μυστηριοφόροις
1170 5799 1539 5869 grassantibus
1572 5799 1636 5851 ad
1671 5800 1920 5865 honores,
1951 5800 2068 5854 aliis

2831 1684 2986 1737 ΚΕΦ.
3026 1684 3100 1736 Γ’.

2173 1779 2533 1848 Μαρκέλλου
2572 1778 2702 1846 περὶ
2749 1776 2868 1829 τῶν
2912 1777 3051 1844 παρ’
3099 1775 3359 1842 Ἕλλησι
3398 1774 3748 1844 παροιμιῶν.

2251 1891 2268 1922 ι
2305 1870 2467 1923 Οὐδὲν
2504 1869 2613 1941 γὰρ
2638 1869 2834 1922 ἄτοπον
2867 1863 3020 1938 οἶμαι
3052 1868 3109 1919 ὲν
3138 1866 3216 1936 τῷ
3245 1867 3470 1937 παρόντι
3500 1866 3609 1937 (84)
3637 1867 3752 1918 ὀλί-

2182 1984 2198 2014 ‹
2239 1980 2332 2031 γον
2357 1961 2464 2014 τῶν
2492 1961 2686 2027 ἔξωθεν
2703 1959 3011 2030 ὑπομνῆσαι
3029 1958 3331 2029 παροιμιῶν
3360 1957 3492 2025 (85).
3528 1958 3690 2011 Ἀλλ’
3709 1958 3750 2026 ἡ

2182 2074 2200 2105 ι
2245 2054 2528 2121 τέθνηκεν
2542 2054 2578 2120 ἢ
2596 2051 2859 2105 διδάσκει
2885 2049 3426 2120 γράμματαταύτην
3441 2050 3538 2120 τὴν
3557 2067 3754 2120 napo:—

2181 2163 2199 2195 ι
2232 2145 2359 2215 μίαν
2381 2144 2515 2213 πρὸς
2530 2143 2627 2214 μὲν
2650 2144 2708 2196 τὸ
2728 2143 3046 2214 φαινόμενον
3064 2141 3156 2195 τοῦ
3179 2142 3523 2213 γράμματος,
3541 2141 3751 2194 {imii-

2183 2255 2200 2287 ι
2230 2237 2312 2288 6οι
2333 2237 2396 2290 ἄν
2414 2253 2495 2298 τις
2515 2233 2656 2286 κατὰ
2672 2233 2778 2286 τῶν
2793 2234 3091 2305 γράμματα
3104 2233 3454 2287 διδασκόντων
3473 2233 3749 2305 εἰρῆσθαι·

2182 2347 2200 2377 ι
2242 2329 2360 2380 ἐπεὶ
2387 2328 2480 2380 καὶ
2513 2329 2696 2399 ἕτερός
2733 2345 2817 2390 τις
2849 2327 2954 2379 τῶν
3003 2332 3135 2398 παρ’
3176 2331 3355 2391 αὐτοῖς
3404 2329 3645 2380 ἐδίδασκε
3677 2330 3755 2382 τὰ

2181 2438 2198 2469 ι
2231 2422 2552 2490 γράμματα.
2605 2420 2744 2489 Ἐγὼ
2771 2423 2814 2475 δ’
2854 2423 3099 2492 ἐφοίτων,
3123 2421 3245 2493 ἔφη,
3283 2421 3342 2474 τὺ
3379 2420 3539 2491 δὀὐχ
3571 2421 3755 2484 οὕτως

2181 2529 2198 2557 ι
2242 2509 2402 2580 ἔχειν,
2438 2511 2486 2562 οἱ
2527 2510 2594 2562 τὰ
2623 2512 2990 2582 ὑπομνήματα
3019 2511 3325 2582 γράψαντες
3359 2511 3584 2580 ἔφασαν.
3607 2511 3753 2563 Ἀλλ’

2179 2617 2200 2652 ι
2234 2603 2418 2674 ἐπειδὴ
2463 2602 2771 2675 Ἀθηναίους
2803 2602 3118 2656 Σικελιῶταί
3152 2619 3312 2672 φασιν
3352 2603 3572 2673 πολέμῳ
3597 2606 3756 2676 νική-

2181 2713 2198 2745 ι
2241 2711 2455 2757 σαντες,
2507 2695 2697 2764 μόνους
2739 2694 2938 2757 ἔσωζον
2976 2695 3102 2757 τοὺς
3147 2693 3390 2746 παιδείαν
3437 2695 3755 2764 σκηπτομέ-

2183 2804 2200 2835 ‹
2235 2802 2377 2850 νους,
2425 2785 2772 2849 διδασκάλους
2825 2787 3017 2849 αὐτοὺς
3064 2789 3178 2848 τοῖς
3232 2787 3417 2838 παισὶν
3480 2787 3708 2852 ἄγοντες
3734 2827 3750 2852 ,

2181 2896 2200 2928 ι
2235 2878 2360 2940 τοὺς
2381 2877 2436 2930 δὲ
2469 2876 2659 2940 ἄλλους
2690 2879 2894 2940 πάντας
2917 2879 3165 2946 ἐφόνευον
3189 2895 3202 2909 ’
3237 2877 3292 2944 ἐξ
3319 2877 3494 2931 αὐτῶν
3515 2877 3570 2929 δέ
3593 2894 3753 2941 τινας

2182 2984 2200 3017 ι
2244 2966 2532 3036 φυγόντας,
2568 2969 2660 3020 καὶ
2693 2968 3099 3033 ἐπανελθόντας,
3133 2969 3514 3040 ἐρωτωμένους
3555 2986 3610 3020 τε
3651 2969 3754 3021 ὑπ’

2181 3076 2200 3108 r
2252 3059 2550 3129 Ἀθηναίων
2583 3059 2709 3131 περί
2735 3078 2892 3113 τινων
2920 3061 3279 3133 διαφερόντων
3312 3065 3512 3129 αὐτοῖς,
3540 3065 3753 3135 ἔφασαν

2182 3169 2200 3200 ι
2249 3150 2548 3222 εἰρηκέναι,
2580 3152 2745 3205 ἈΛ-λ’
2784 3153 2821 3219 ἢ
2853 3152 3154 3221 τέθνηκεν,
3185 3155 3222 3222 ἣ
3245 3154 3513 3209 διδάσκει
3563 3157 3754 3227 τράμ-

2182 3280 2199 3312 ι
2233 3262 2480 3332 ματα.Τί
2496 3263 2551 3316 δὲ
2569 3264 2660 3316 καὶ
2677 3262 2735 3315 τὸ
2751 3263 2880 3334 (86),
2898 3264 3006 3329 Αἲξ
3022 3265 3133 3333 τὴν
3142 3265 3457 3336 μάχαιραν,
3477 3269 3756 3339 νομέσειεν

2183 3373 2200 3404 ι
2246 3353 2308 3405 ἄν
2349 3371 2432 3417 τις
2479 3354 2562 3405 ἵνα
2603 3351 2680 3405 Θῶ
2712 3353 2974 3424 πρότερον
3007 3354 3072 3406 τὰ
3106 3356 3232 3426 περὶ
3274 3357 3441 3426 αὐτῆς
3477 3357 3755 3426 λεγόμενα

2183 3463 2200 3492 ι
2246 3443 2462 3506 πάντως
2496 3460 2620 3505 που,
2655 3443 2741 3496 διὰ
2790 3442 2891 3513 (τὸ)
2940 3445 3038 3514 τὴν
3079 3444 3342 3516 θυομένην
3374 3443 3502 3514 αἶγα
3537 3449 3616 3512 εἰς

2181 3553 2199 3585 ι
2243 3537 2512 3606 μάχαιραν
2544 3536 2770 3608 ἀφορᾷν,
2816 3537 3063 3608 εἰρῆσθαι
3115 3538 3212 3608 τὴν
3259 3539 3570 3608 παροιμίαν.
3607 3541 3652 3580 ’⁸-

2181 3647 2197 3678 ι
2240 3629 2301 3680 οὐ
2334 3628 2476 3691 τινὲς
2507 3627 2652 3680 τοῦτ’
2685 3629 2890 3697 ἔφασαν
2918 3632 2966 3682 oi
3002 3629 3250 3682 παλαιοί·
3271 3631 3390 3682 οὐδὲ
3415 3631 3520 3699 γὰρ

2180 3738 2198 3769 ι
2239 3719 2334 3789 μία
2363 3713 2431 3789 ἦν
2460 3719 2525 3772 ἂν
2551 3721 2584 3789 ἡ
2617 3719 2880 3790 λεχθεῖσα,
2906 3721 3019 3788 εἴγε
3041 3721 3187 3772 τοῦθ’
3210 3721 3379 3784 οὕτως
3404 3718 3476 3772 rt"

2180 3829 2197 3861 ι
2232 3810 2341 3880 γὰρ
2392 3810 2680 3863 ἀκόλουθον
2728 3808 2793 3882 ἦν
2844 3814 2906 3865 ὲκ
2950 3813 3054 3865 τῶν
3112 3813 3337 3882 (paon

2180 3922 2196 3950 ι
2238 3901 2352 3954 ἀλλ’
2383 3903 2474 3954 ἐπὶ
2512 3903 2618 3955 τῶν
2650 3904 2858 3968 ἑαυτοῖς
2893 3905 3034 3958 κακὰ
3069 3905 3225 3978 προΞ’
3303 3929 3305 3932 ·

2179 4025 2197 4056 ι
2240 4007 2394 4060 τοῦτό
2445 4025 2595 4076 φασι.
2643 4009 2777 4060 Φασὶ
2835 4010 2942 4081 γὰρ
2984 4011 3129 4080 Μηδς
3608 4043 3637 4081 κ
3684 4013 3754 4066 τὰ

2179 4133 2195 4163 ι
2235 4112 2401 4166 τέκνα
2447 4113 2880 4178 ἀποκτείνασαν,
2938 4132 3074 4168 κατα
3479 4133 3755 4186 μαχαιραν

2181 4235 2199 4266 ι
2239 4217 2443 4270 αὐτόθι.
2493 4219 2629 4281 Τοὺς
2660 4219 2716 4270 δὲ
2753 4219 3064 4290 Κορινθίοι.
3193 4259 3198 4262 .
3274 4219 3283 4228 ³
3394 4220 3542 4289 ισμὸν
3575 4222 3755 4286 αὐτοῖς

2181 4341 2199 4374 ι
2237 4323 2478 4388 δοθέντα,
2514 4321 2646 4393 αἶγα
2687 4326 2940 4396 μέλαιναν
2977 4328 3084 4379 ὲνιμ
3139 4335 3150 4388 .f
3283 4365 3316 4374 --
3415 4330 3612 4398 πορεῖν
3644 4345 3754 4397 μα-

2184 4450 2202 4481 ι
2241 4432 2451 4504 χαίρας.
2498 4433 2607 4504 Τὴν
2649 4433 2707 4486 δὲ
2751 4428 2902 4502 αἶγα,
2953 4441 3050 4486 axe:
3203 4449 3214 4454 “
3465 4432 3584 4486 ποδὶ
3615 4433 3753 4502 (87),

2171 4764 2279 4804 non
2312 4747 2411 4801 sibi
2433 4746 2664 4800 debitos.
2685 4746 2816 4801 Nam
2843 4746 2925 4801 vel
2952 4762 3016 4812 pu
3272 4767 3274 4770 -
3401 4742 3506 4808 3dis
3524 4758 3748 4811 vacare,

2173 4820 2255 4873 vel
2294 4818 2652 4884 inediaperire
2678 4827 2922 4887 oportet.
2948 4815 2995 4868 Μ
3385 4833 3411 4887 ai
3438 4813 3750 4887 ὲδιδᾴσκετο

2175 4901 2228 4944 et
2253 4890 2371 4942 Σικ.
2397 4889 2577 4957 νικήσ.
2601 4884 2802 4957 πολζνοι
2829 4886 3018 4954 φεύγου
3073 4910 3080 4932 ς
3110 4931 3112 4933 .
3379 4884 3674 4951 signarint.

2245 4959 2356 5028 (86)
2390 4957 2498 5021 Αἲξ
2513 4956 2636 5025 τὴν
2663 4956 2983 5025 μάχαιραν.

2177 5044 2284 5082 non
2326 5030 2572 5090 restituo,
2608 5029 2744 5080 verti
2792 5039 2847 5080 ut
2888 5037 2992 5093 poti

2175 5098 2370 5151 tisl'eci.
2412 5097 2640 5160 Nedum,
2679 5097 2812 5160 scio,
2863 5099 2999 5148 aliis,

2173 5168 2410 5233 aliunde,
2439 5176 2492 5220 et
2532 5167 2622 5219 hic
2656 5168 2816 5218 etiam
2868 5166 2996 5219 satia

2173 5253 2266 5299 κα,
2299 5253 2398 5289 non
2430 5250 2749 5304 magnopere
2775 5236 2840 5287 ad
2869 5251 2972 5288 rem

2172 5307 2422 5376 εἰρῆσθαι
2450 5306 2556 5375 μὴν
2580 5304 2616 5356 ἃ
2641 5304 2759 5376 Θεῴ
2798 5315 2851 5358 et
2881 5305 2965 5376 πά·

2244 5375 2354 5443 (87)
2383 5375 2643 5442 Μηδείας
2671 5375 2949 5442 ἀνευρεῖν

2172 5447 2321 5500 τεινῖ
2345 5450 2483 5514 apud
2502 5444 2720 5498 Suidam
2754 5448 2945 5514 legitur

2169 5519 2325 5578 male,
2367 5513 2484 5568 dele
2536 5514 2698 5568 δοῦσα
2755 5513 2830 5578 ὼς
2868 5513 2940 5584 {po
2979 5560 2988 5562 __

2167 5599 2292 5640 sunt
2322 5587 2406 5639 hic
2446 5589 2775 5638 necessaria.
2817 5585 2932 5650 Qua

2168 5656 2308 5709 forte
2365 5655 2920 5733 legettduitt,_s_ipr,_pé~.

2172 5725 2562 5797 μνημονεῦσαι,
2581 5725 2668 5778 ἵνα
2682 5725 2913 5797 Ἀστὲριι

2173 5795 2626 5862 κατασκευάζειν,
2657 5799 2733 5850 ait
2762 5795 2888 5850 Astu

3363 4989 3366 4994 -
3413 4968 3613 5014 sanus;
3646 4970 3745 5023 ego

3377 5033 3479 5074 incl
3523 5039 3626 5076 non
3659 5040 3743 5076 sa-

3367 5093 3650 5155 .verbium,
3691 5105 3743 5147 et

3346 5163 3372 5214 -l
3417 5162 3504 5234 illa
3538 5164 3742 5234 προὸδι·

3297 5243 3299 5246 ·
3359 5259 3392 5268 -—
3430 5231 3557 5305 Dein
3583 5231 3742 5305 vulgo

3239 5333 3242 5338 ι
3325 5311 3384 5352 -ξιι
3412 5301 3492 5354 τό.

3327 5387 3496 5443 ..ιιιιιιε
3525 5372 3738 5443 ἀνορύτ-

3309 5458 3383 5511 ·;;ν
3422 5442 3697 5514 μάχαιραν
3720 5458 3733 5470 ⁸

3274 5521 3416 5564 -.ιιιι
3468 5515 3591 5573 ista,
3643 5529 3735 5566 uec

3311 5627 3316 5634 .
3349 5582 3539 5635 vitiOSa
3570 5593 3729 5646 sunt;

3325 5669 3384 5703 π.
3418 5668 3471 5704 α.
3497 5668 3574 5730 γι,
3607 5664 3732 5715 etc.,

3311 5737 3663 5789 ροσποιουντα
3682 5731 3734 5774 οι

3294 5792 3474 5846 aribus
3537 5791 3730 5847 litteris
