4008 6516
304 426 407 482 ’1.ιό

1433 426 1720 483 CONTRA
1759 426 2187 485 MARCELLUM
2230 430 2359 488 LIB.
2403 433 2441 487 ι.

3449 451 3556 505 ’Μϐ

312 570 328 599 1
369 566 467 608 την
522 547 767 620 Μηδείας
807 548 1055 623 ἀνευρεῖν
1096 552 1404 623 μάχαιραν,
1458 552 1553 606 καὶ⁸
1602 553 1737 623 αὐτῇ
1790 571 1873 607 τυ-

1995 572 2015 604 1
2058 564 2261 608 terram
2287 570 2485 610 eruens
2508 596 2523 621 ,
2558 557 2706 613 i‘ilum
2738 559 3054 617 Mcdeanum
3079 564 3391 637 detegebat,
3451 587 3561 642 quo

309 648 333 691 <
375 640 556 693 Cant.

386 649 398 691 ζ
442 655 556 693 ναι.

386 649 504 784 ιητί
553 732 609 785 δὲ
640 731 720 794 τὸ,
750 732 921 798 ’Ἅλις
965 731 1165 802 δρυὸς,
1200 733 1485 804 σημαίνει;
1515 734 1646 804 φησί
1684 750 1789 798 τις·
1824 735 1883 787 ού

314 839 334 871 1
372 821 486 893 γὰρ
518 824 743 877 δυνατὸν
775 826 840 878 ὲκ
860 823 954 878 τοῦ
978 825 1266 897 προχείρου
1285 824 1610 895 γιγνώσκειν
1624 826 1724 898 τὴν
1746 843 1883 895 παρ-

313 930 334 963 1
371 913 579 983 οιμίαν.
609 917 674 970 Οί
709 917 948 983 παλαιοὶ,
977 918 1054 982 ὼς
1080 918 1309 987 ἔφασαν,
1346 918 1453 991 πρὸ
1483 917 1582 988 τῆς
1616 918 1711 971 τοῦ
1739 918 1883 971 σίτου

313 1024 333 1055 ‹
372 1006 674 1076 γεωργίας,
726 1007 1253 1080 βαλανηφαγοῦντες,
1288 1010 1498 1081 ἐπειδὴ.
1526 1010 1604 1074 ὡς
1633 1010 1822 1081 ᾤοντο,
1855 1013 1885 1063 ὁ

308 1116 332 1147 1
374 1099 590 1168 καρπὸς
615 1092 771 1165 οὗτος
800 1100 1025 1175 ὕστερον
1055 1103 1275 1176 εὑρέθη,
1310 1104 1503 1174 ὲκείνῳ
1529 1103 1883 1175 προσέχοντες

313 1207 331 1239 1
370 1189 463 1242 τὸν
511 1191 635 1244 νοῦν
676 1193 769 1246 καὶ
807 1196 873 1266 τῇ
923 1195 1192 1267 μεταϐολῇ
1235 1195 1686 1267 προσχαίροντες,
1723 1195 1885 1259 Ἅλις

312 1297 332 1329 1
373 1280 579 1348 δρυὸς,
616 1282 824 1353 ἔλεγον.
870 1286 978 1340 Καὶ
1009 1285 1167 1339 τοῦτο
1206 1286 1304 1358 τὴν
1350 1285 1649 1358 παροιμίαν
1681 1285 1884 1354 ἔφασαν

308 1389 332 1421 1
368 1367 529 1427 εἶναι.
570 1370 734 1439 Αὖθίς
778 1393 839 1428 τε
882 1376 1075 1449 ἐτέρας
1113 1377 1443 1448 παροιμίας,
1488 1376 1593 1431 ὑπὸ
1621 1376 1885 1430 πλείστων

308 1481 331 1515 1
370 1465 481 1518 τῶν
510 1468 640 1540 παρ’
669 1470 855 1534 αὐτοῖς
883 1469 1061 1540 σοφῶν
1093 1473 1152 1525 ὲν
1181 1470 1453 1535 πλείστοις
1483 1470 1580 1524 καὶ
1609 1471 1885 1543 διαφόροις

307 1572 331 1606 1
368 1555 597 1626 βιϐλίοις
637 1558 952 1632 εἰρημένης,
989 1562 1110 1615 τίνα
1161 1562 1289 1634 περὶ
1326 1561 1495 1632 αὐτῆς
1524 1562 1881 1634 γεγράφασιν,

309 1664 330 1698 1
366 1649 417 1700 oi
459 1648 562 1714 τὰς
592 1653 895 1723 παροιμίας
939 1652 1269 1725 ἑρμηνεῦσαι
1312 1653 1682 1726 προελόμενοι,
1719 1655 1885 1723 ἀναγ-

304 1757 328 1791 ‹
369 1742 525 1795 καῖον
567 1742 682 1815 (88)
727 1745 786 1798 ὲν
828 1744 908 1816 τῷ
950 1746 1172 1818 παρόντι
1207 1747 1593 1819 μνημονεῦσαι.
1635 1746 1772 1800 Ἀλλ’
1818 1749 1882 1801 ἶν’

301 1849 327 1883 1
361 1833 674 1906 ὲλέγξωμεν
710 1837 1008 1909 Ἀστέριον,
1056 1838 1152 1892 καὶ
1181 1839 1289 1892 ἀπὸ
1330 1839 1441 1894 τῶν
1485 1839 1683 1905 ἔξωθεν
1722 1841 1884 1895 αὐτὸν

303 1943 324 1975 1
370 1926 713 1998 μαθημάτων
745 1930 922 1984 είδότα
960 1932 1058 2001 μὲν
1096 1932 1342 2005 ἀκριϐῶς
1368 1933 1430 1987 τὸ
1459 1935 1559 2006 τῆς
1586 1935 1883 2007 παροιμίας

302 2034 323 2068 1
362 2019 660 2091 ἐξαίρετον,
681 2023 739 2077 ἐν
761 2022 816 2077 δὲ
836 2022 914 2094 τῷ
936 2024 1162 2095 παρόντι
1188 2024 1411 2095 ἄγνοιαν
1428 2028 1882 2100 προσποιηθέντα,

298 2126 325 2162 1
365 2109 456 2165 ἴνα
492 2111 555 2165 τὸ
599 2112 793 2167 ἑαυτοῦ
830 2113 1077 2185 βούλημα
1111 2114 1200 2169 διὰ
1226 2116 1325 2186 τῆς
1356 2114 1450 2170 τοῦ
1483 2116 1884 2190 παροιμιὼδους

298 2220 322 2254 1
364 2203 531 2275 ῥητοῦ
570 2207 817 2277 χρήσεως
845 2207 1083 2271 πιθανῶς
1105 2206 1535 2272 κατασκευάζειν
1557 2208 1704 2284 δόξῃ.
1728 2211 1882 2264 Ἔστι

300 2305 321 2340 1
361 2288 443 2355 δὲ,
477 2289 764 2346 Γλαύκου
795 2292 999 2363 τέχνηο
1022 2293 1226 2367 ταύτης
1261 2297 1310 2349 oi
1342 2295 1541 2361 ἔξωθεν
1584 2299 1739 2368 σοφοὶ
1781 2299 1882 2370 τῆς

296 2400 321 2435 1
362 2384 663 2455 παροιμίας
693 2386 1167 2457 μνημονεύσαντες
1190 2389 1463 2461 διαφόρως
1493 2390 1661 2462 αὐτὴν
1686 2389 1883 2463 ἐξηγή-

297 2493 320 2526 ‹
362 2492 543 2531 σαντο.
591 2478 650 2532 '0
686 2478 787 2549 μὲν
829 2477 938 2551 γὰρ
975 2480 1153 2533 αὐτῶν
1192 2498 1276 2545 τις
1310 2481 1412 2552 ἔφη
1434 2522 1448 2545 ,
1492 2481 1732 2536 Γλαῦκόν
1760 2500 1880 2537 τινα

297 2586 321 2618 1
362 2569 705 2639 ἐπιστήμονα
736 2570 932 2641 τέχνης
961 2570 1104 2635 τινος
1146 2571 1425 2641 γεγονότα,
1468 2572 1678 2627 πολλῶν
1712 2571 1879 2628 οὖσαν

298 2678 320 2710 1
360 2660 842 2734 θαυμασιωτάτην,
876 2663 1168 2719 ἀπολέσθαι
1205 2666 1321 2736 ἅμα
1343 2664 1479 2736 (88‘)
1509 2666 1703 2738 ἐκείνῳ
1741 2669 1880 2721 κατὰ

299 2772 319 2803 1
363 2753 656 2820 θάλατταν,
689 2755 913 2827 μηδενός
943 2774 1028 2810 πω
1051 2757 1402 2831 διακηκοότος
1434 2759 1623 2829 αὐτῆς.
1656 2761 1878 2831 Ἕτερος

295 2863 321 2896 1
359 2846 440 2908 δὲ,
471 2846 570 2918 τὴν
594 2848 681 2900 ἐπ’
707 2849 875 2921 ἄκρον
910 2849 1178 2921 μουσικῆς
1208 2851 1497 2922 ἐμπειρίαν
1521 2853 1877 2924 μαρτυρήσας

295 2953 319 2986 1
358 2934 438 3005 τῷ
487 2937 742 3008 Γλαύκῳ,
796 2939 923 3003 τοὺς
978 2939 1520 3004 κατασκευασθέντας
1567 2941 1660 2994 ὑπ’
1708 2941 1874 2995 αὑτοῦ

294 3044 319 3076 1
364 3026 582 3091 δίσκους
626 3026 858 3098 χαλκοῦς
901 3045 1032 3098 φησι
1077 3028 1368 3101 τέσσαρας,
1399 3029 1532 3102 πρὸς
1554 3030 1615 3082 τὸ
1661 3030 1873 3100 ἐμμελῆ

294 3134 318 3167 1
361 3134 485 3171 τινα
516 3119 615 3189 τῆς
661 3119 937 3191 κρούσεως
979 3119 1078 3192 τὴν
1115 3121 1433 3192 συμφωνίαν
1474 3121 1582 3175 τῶν
1623 3122 1875 3191 φθόγγων

1990 666 2011 696 ‹
2049 646 2452 702 immolabatur.

2061 756 2080 789 1
2116 738 2185 791 At
2221 738 2349 806 quid
2374 738 2476 793 hoc
2505 739 2607 794 sibi
2640 741 2773 805 vult,
2798 743 3004 814 inquiet
3026 747 3244 818 aliquis,
3271 748 3344 806 De
3363 768 3559 822 quercu

1993 848 2011 877 1
2050 829 2352 884 1n!is?Nou
2379 841 2465 885 est
2496 830 2653 887 facile
2676 835 2846 889 cuivis
2866 839 3059 894 obvius
3087 840 3312 908 hujusce
3336 859 3558 913 prover-

1992 940 2009 969 1
2054 921 2124 975 bii
2174 937 2385 978 sensus.
2421 921 2594 979 Prisci
2636 924 2711 979 illi
2758 930 3051 995 quondam,
3101 943 3227 988 ante
3258 936 3555 1006 agricultu-

1996 1030 2012 1059 1
2061 1026 2174 1064 ram
2228 1012 2599 1080 adinventam,
2631 1014 2917 1085 glandibus
2964 1024 3341 1082 vescebantur.
3394 1028 3556 1086 Post-

1990 1122 2008 1152 1
2051 1119 2211 1172 quam
2265 1120 2394 1160 vero
2442 1104 2625 1178 fruges
2698 1110 2947 1181 deinceps
3012 1116 3282 1185 prodiere,
3317 1123 3556 1180 animum

1994 1214 2010 1244 1
2061 1194 2208 1250 hisce
2266 1197 2599 1266 applicantes
2653 1200 2904 1256 dixerunt
2955 1204 3239 1273 oblectati,
3280 1210 3353 1265 De
3400 1230 3558 1283 quer-

1992 1310 2008 1336 1
2053 1290 2294 1341 citantis.
2349 1291 2524 1360 Atque
2586 1293 2725 1347 hanc
2777 1311 2897 1349 esse
2950 1307 3186 1353 mentem
3234 1314 3290 1357 et
3340 1319 3554 1363 senten-

1992 1395 2009 1425 1
2053 1378 2181 1430 tiam
2246 1383 2518 1449 proverbii
2588 1385 2893 1452 prodidere.
2968 1388 3200 1447 Necesse
3266 1409 3444 1454 autem
3503 1404 3557 1458 in

1992 1486 2011 1518 1
2050 1473 2296 1538 praesenti
2352 1473 2652 1539 habemus,
2722 1477 2949 1534 alterius
3006 1482 3282 1550 cujusdam
3338 1505 3560 1559 prover-

1992 1581 2009 1611 1
2051 1563 2120 1618 bii
2176 1566 2500 1620 mentionem
2545 1567 2725 1623 facere
2756 1610 2771 1634 ,
2819 1574 2962 1641 quod
3020 1575 3072 1629 in
3137 1579 3322 1636 multis
3380 1594 3435 1637 et
3484 1585 3562 1639 di-

1994 1673 2013 1704 1
2053 1657 2224 1711 versis
2251 1660 2570 1715 auctoribus
2613 1662 2820 1717 Grzccis
2875 1667 3210 1727 babetur:et
3237 1676 3366 1743 quid
3393 1679 3559 1735 etiam

1990 1766 2011 1796 1
2051 1748 2116 1800 de
2177 1749 2367 1804 eodem
2442 1753 2516 1807 illi
2586 1759 2864 1812 memoritc
2924 1763 3233 1829 prodidere.
3301 1768 3417 1824 Non
3488 1774 3561 1831 ob

1992 1857 2009 1888 1
2050 1839 2209 1894 aliam
2236 1857 2475 1905 causam,
2511 1861 2672 1915 quam
2723 1859 2780 1901 ut
2829 1850 3103 1908 Asterium
3135 1860 3444 1916 convictum
3477 1874 3561 1920 tea

1990 1948 2011 1981 1
2050 1947 2274 1987 ueamus
2302 1952 2318 1988 :
2346 1936 2458 2006 qui,
2491 1952 2636 2003 cum,
2684 1954 2791 2009 qua
2822 1951 2905 1996 est
2947 1947 3256 2003 eruditione
3297 1954 3561 2020 [traditus

1992 2043 2011 2074 1
2046 2026 2316 2093 saeculari,
2343 2030 2697 2097 proverbialis
2718 2037 3001 2093 sententia:
3027 2045 3393 2107 praestantiam
3429 2063 3555 2108 cum

1992 2134 2009 2164 1
2045 2117 2239 2185 primis
2267 2119 2554 2191 intelligat,
2586 2123 2637 2176 in
2676 2128 2927 2194 prasenti
2962 2139 3143 2186 tamen
3179 2134 3321 2192 illius
3356 2154 3466 2209 prae
3495 2158 3556 2198 se

1990 2222 2009 2255 1
2050 2205 2155 2260 fert
2187 2208 2582 2279 ignorantiam,
2631 2223 2688 2268 ut
2718 2230 2816 2285 per
2846 2216 2971 2273 dicti
3012 2220 3153 2278 illius
3193 2205 3556 2294 proverbialis

1990 2315 2007 2347 1
2046 2312 2202 2352 usum
2228 2315 2383 2355 suam
2417 2300 2591 2372 ipsius
2613 2305 2948 2363 voluntatem
2987 2321 3044 2366 et
3066 2318 3391 2373 sententiam
3429 2336 3553 2390 pro.

1984 2409 2006 2441 1
2049 2390 2299 2447 babiliter
2324 2403 2573 2451 astruere
2592 2397 2863 2455 videatur.
2890 2399 2990 2459 Est
3013 2416 3192 2462 autem
3218 2408 3367 2477 illud,
3384 2410 3554 2469 Glau-

1989 2500 2006 2532 1
2043 2483 2091 2535 ci
2113 2500 2204 2537 ars
2228 2524 2245 2549 ,
2274 2485 2427 2554 cujus
2454 2501 2579 2541 cum
2608 2492 2954 2549 meminerint
2987 2498 3186 2554 eruditi
3234 2504 3374 2572 apud
3404 2505 3553 2563 Gra-

1987 2593 2005 2623 1
2040 2588 2135 2628 cos
2178 2576 2332 2631 qulti
2357 2616 2374 2641 ,
2416 2579 2662 2636 diversas
2694 2584 2998 2642 retulerunt
3049 2589 3546 2662 interpmtatioues.

1987 2683 2006 2715 1
2047 2671 2106 2730 >11
2136 2666 2235 2722 Est
2270 2670 2417 2724 enim
2441 2672 2532 2739 qui
2581 2673 2759 2739 docet,
2787 2675 3054 2735 Glaucum
3088 2683 3367 2742 exstitisse
3408 2693 3547 2747 artis

1984 2774 2005 2806 1
2042 2755 2321 2825 cujusdam
2351 2761 2590 2816 maxime
2621 2766 2863 2820 omnium
2908 2769 3243 2830 admirandae
3279 2780 3548 2847 peritissi-

1985 2867 2003 2898 1
2043 2864 2209 2917 mum,
2237 2865 2340 2905 una
2364 2866 2483 2907 cum
2511 2862 2631 2909 arte
2667 2872 2763 2912 sua
2794 2858 3103 2926 interiisse,
3134 2866 3270 2922 mari
3299 2869 3551 2928 submer-

1983 2959 2003 2992 1
2039 2956 2155 2995 sum
2181 2981 2197 3006 ,
2224 2942 2356 2998 nulli
2384 2959 2610 3014 prorsus
2640 2948 2913 3019 impertita
2940 2952 3184 3022 ejusdem
3216 2962 3545 3031 cognitione.

1983 3053 2002 3084 1
2036 3033 2187 3091 Alius
2209 3036 2597 3104 peritissimum
2629 3041 2863 3097 musices
2894 3046 3169 3102 exstitisse
3199 3049 3384 3116 docet,
3406 3059 3549 3112 etab

1984 3146 2001 3177 1
2041 3140 2106 3182 eo
2144 3128 2326 3184 discos
2377 3144 2547 3187 azreos
2576 3142 2811 3201 quatuor
2836 3134 3043 3193 aﬂ'abre
3074 3145 3431 3213 compositus,
3492 3160 3552 3203 ut

293 3228 318 3260 1
360 3210 673 3264 ἀποτελεῖν·
712 3211 862 3265 ἐνθεν
894 3229 953 3266 τε
988 3212 1235 3284 εἰρῆσθαι
1262 3213 1363 3287 τὴν
1395 3214 1716 3285 παροιμίαν.
1745 3214 1873 3267 Ἀλ-

1981 3238 2001 3270 1
2041 3220 2234 3290 pulsati
2287 3222 2579 3291 quamdam
2632 3226 3008 3297 symphoniam
3064 3210 3217 3289 sono'
3261 3210 3552 3297 numeroso

296 3319 317 3351 1
356 3301 450 3366 λος
495 3302 553 3355 δέ
596 3320 680 3367 τις
732 3305 1096 3359 Ἀλυαττικῶν
1144 3306 1501 3377 ἁναθεμάτων
1539 3307 1703 3377 φησὶν
1743 3309 1873 3361 ἀναο

292 3413 317 3445 1
357 3394 570 3448 κεῖσθαι
619 3396 872 3468 κρατῆρα
920 3399 1014 3452 καὶ
1072 3398 1476 3472 ὑποκρατήριον
1530 3397 1829 3470 θαυμάσιον
1853 3442 1869 3467 ,

296 3505 316 3538 1
361 3485 604 3540 Γλαύκου
638 3486 771 3540 Χίου
802 3487 1032 3559 ποίημα.
1078 3490 1304 3561 ’Έτερος
1328 3489 1407 3554 δὲ,
1442 3489 1680 3543 Γλαῦκον
1708 3490 1871 3545 αὑτὸν

288 3596 316 3630 1
355 3579 633 3634 ἀναθεῖναι
659 3582 738 3645 εἰς
779 3580 1015 3651 Δελφοὺς
1039 3583 1269 3653 τρίποδα
1308 3582 1563 3653 χαλκοῦν,
1597 3581 1741 3637 οὕτω
1770 3584 1867 3655 δη-

293 3692 314 3724 1
356 3676 763 3746 μιουργήσαντα
805 3676 919 3736 τοῖς
960 3675 1179 3746 παχέως
1223 3692 1282 3728 τε
1349 3676 1709 3747 κρουομένου,
1745 3678 1871 3741 τούς

292 3785 314 3817 1
351 3783 413 3818 τε
443 3766 629 3830 πόδας,
676 3765 761 3836 ἐφ’
809 3758 886 3819 ὧν
920 3765 1141 3838 βέϐηκε,
1200 3769 1294 3820 καὶ
1338 3769 1431 3821 τὸν
1473 3768 1587 3821 ἄνω
1627 3769 1871 3840 περικεί-

292 3877 312 3907 1
353 3875 535 3929 μενον,
569 3859 662 3912 καὶ
693 3860 793 3931 τὴν
822 3859 1090 3930 στεφάνην
1128 3859 1225 3931 τὴν
1253 3861 1346 3914 ἐπὶ
1380 3861 1475 3914 τοῦ
1501 3861 1743 3934 λέϐητος,
1772 3865 1869 3917 καὶ

290 3970 311 4001 1
348 3952 449 4013 τὰς
503 3951 727 4022 ῥάϐδους
762 3951 855 4005 διὰ
903 3952 1067 4022 μέσου
1112 3952 1480 4022 τεταγμένας,
1534 3952 1865 4022 φθέγγεσθαι

290 4060 311 4092 1
349 4042 519 4113 λύρας
552 4045 721 4114 φωνῇ.
756 4043 866 4095 Καὶ⁸
894 4038 1050 4106 αὖθις
1078 4043 1285 4115 ἔτερος,
1315 4043 1423 4097 ἀπὸ
1452 4043 1692 4097 Γλαύκου
1722 4046 1865 4110 τινος

220 4130 225 4138 ’
288 4154 311 4185 1
353 4134 603 4202 δόξαντός
645 4154 697 4189 τι
732 4135 891 4188 πλέον
923 4137 1277 4208 πεποιηκέναι
1300 4137 1552 4209 εἰρῆσθαι
1593 4138 1692 4210 τὴν
1724 4156 1865 4210 παρ-

288 4246 311 4277 1
350 4228 559 4298 otptiav.

362 4544 382 4577 1
427 4527 589 4597 Ὁρᾷς
611 4526 742 4597 (89),
774 4528 921 4591 ὅπως
948 4528 1010 4582 τὸ
1035 4528 1292 4601 δυσχερὲς
1319 4529 1419 4601 τῆς
1444 4534 1738 4602 παροιμίας
1769 4534 1862 4587 καλ⁸

1982 3331 2000 3360 1
2037 3313 2302 3373 ederent;
2364 3324 2529 3384 atque
2597 3317 2724 3372 hinc
2796 3323 3139 3389 proverbium
3204 3341 3543 3399 usurpatum.

1980 3422 1999 3455 1
2039 3401 2299 3469 Tertius,
2357 3408 2498 3460 inter
2570 3407 2714 3464 dona
2775 3409 3047 3484 Halyattis
3121 3417 3256 3489 Lydi
3324 3422 3549 3494 Delphis

1977 3515 1997 3545 1
2034 3496 2279 3551 oblatum
2306 3538 2321 3561 ,
2368 3505 2423 3552 et
2462 3498 2698 3556 mirandi
2741 3506 2923 3573 operis
2979 3508 3298 3567 subcratera
3354 3530 3545 3584 quem—

1979 3606 1998 3639 1
2036 3590 2180 3653 dam,
2247 3588 2437 3645 Glauci
2505 3592 2625 3647 Cbii
2710 3610 2868 3665 opus.
2930 3598 3214 3669 Quartus,
3275 3604 3539 3664 Glaucum

1980 3698 1998 3730 1
2036 3681 2208 3749 ipsum
2252 3682 2469 3754 Delphis
2500 3687 2767 3744 obtulisse
2793 3702 2984 3746 narrat
3008 3708 3214 3751 teneam
3248 3699 3539 3769 tripodem,

1977 3789 1995 3822 1
2036 3772 2110 3825 ita
2134 3772 2487 3835 fabrefactam
2511 3818 2528 3843 ,
2568 3789 2626 3834 ut
2667 3781 2841 3852 siquis
2880 3787 3205 3845 crassiorem
3237 3791 3288 3846 in
3323 3795 3541 3850 modum

1975 3882 1992 3912 1
2028 3866 2273 3920 eamdem
2322 3867 2583 3936 pulsaret,
2627 3872 2709 3926 vel
2764 3876 2929 3943 pedes
2963 3879 3015 3933 in
3069 3882 3266 3949 quibus
3319 3889 3540 3957 stabat,

1973 3975 1993 4007 1
2017 3959 2108 4023 vel
2132 3961 2275 4028 quod
2318 3977 2531 4017 sursum
2583 3977 2703 4020 erat
2741 3970 3144 4037 redimiculum,
3174 3978 3257 4031 vel
3285 3995 3540 4038 coronam

1972 4068 1992 4100 1
2027 4049 2183 4105 lebeti
2220 4053 2646 4111 circuinductam
2675 4096 2691 4122 ,
2745 4070 2839 4114 aut
2888 4063 3130 4134 virgulas
3181 4084 3279 4138 per
3304 4074 3539 4131 medium

1972 4158 1992 4192 1
2027 4157 2148 4198 sese
2193 4144 2588 4214 dislendentcs,
2645 4149 2773 4221 lyra:
2849 4169 3040 4210 sonum
3098 4173 3538 4230 repraesentant.

1969 4250 1991 4282 1
2028 4234 2180 4288 Alius
2208 4247 2486 4304 postremo
2517 4243 2867 4308 proverbium
2894 4247 3174 4304 existimat
3212 4257 3485 4325 usurpari,
3509 4274 3540 4312 a

1968 4341 1987 4370 1
2022 4322 2230 4378 Glauco
2274 4326 2508 4394 quodam
2548 4328 2877 4397 deductum,
2910 4333 3002 4401 qui
3053 4335 3281 4392 scientia
3313 4322 3540 4400 caeteros

1968 4433 1985 4463 1
2023 4416 2403 4471 antecellebat.

2040 4549 2058 4580 1
2104 4529 2307 4586 Videtis
2333 4543 2511 4586 autem
2547 4536 2958 4603 proverbiorum
2987 4539 3359 4601 difﬁcultatem
3381 4548 3537 4604 exin-

282 4637 307 4669 1
338 4618 429 4671 διὰ
461 4619 651 4673 τούτου
694 4619 995 4684 δείκνυται,
1026 4620 1113 4674 διὰ
1140 4620 1235 4675 τοῦ
1275 4622 1407 4692 μηδὲ
1450 4623 1543 4677 ἐπὶ
1569 4624 1667 4694 τῆς
1694 4624 1862 4697 αὐτῆς

1981 4637 1990 4669 ι
2028 4621 2094 4673 de
2128 4619 2263 4675 satis
2293 4622 2543 4689 patefieri
2574 4664 2588 4685 ,
2633 4627 2777 4694 quod
2824 4643 3166 4700 nequaquam
3214 4635 3540 4707 interpretes

284 4731 305 4765 1
348 4712 644 4783 ἑρμηνείας
669 4712 859 4782 στῆναι
901 4713 1027 4776 τοὺς
1063 4712 1159 4783 τὴν
1207 4714 1504 4784 παροιμίαν
1540 4716 1740 4787 ταύτην
1776 4719 1861 4786 ἐξ·

1981 4731 1989 4762 l
2034 4712 2193 4780 hujus
2221 4716 2379 4769 unius
2404 4719 2677 4785 proverbii
2716 4719 2857 4773 inter
2899 4737 2958 4777 se
3002 4724 3053 4777 in
3084 4727 3271 4781 eadem
3320 4733 3540 4800 erposi-

277 4822 304 4856 1
327 4802 636 4875 ηγήσασθαι
658 4802 1031 4874 βουληθέντας.
1046 4802 1199 4856 Οῦτω
1217 4802 1543 4874 δυσεύρητόν
1558 4821 1609 4857 τι
1630 4807 1860 4876 πρᾶγμα

1981 4823 1989 4855 ι
2030 4806 2183 4859 tione
2217 4810 2581 4862 consentiant.
2614 4809 2766 4866 Adeo
2804 4827 2888 4866 res
2918 4828 3033 4868 erat
3060 4817 3146 4871 illa
3184 4818 3540 4877 inextricabi-

278 4914 302 4948 1
342 4895 406 4947 τὸ
431 4895 529 4963 τῆς
554 4893 850 4965 παροιμίας
874 4892 967 4945 καί⁵
992 4892 1139 4965 παρὰ
1167 4895 1278 4953 τοῖς
1311 4890 1506 4956 ἔξωθεν
1529 4888 1667 4948 εἶναι
1690 4895 1853 4949 δοκεῖ.

1981 4920 1988 4952 l
2026 4900 2093 4954 lis
2124 4901 2306 4955 habita
2334 4904 2477 4972 apud
2508 4916 2747 4960 exteros.
2777 4905 3044 4973 Quocirca
3084 4914 3223 4967 inter
3261 4931 3356 4969 eos
3397 4934 3537 4971 unus

278 5008 301 5039 1
346 4986 436 5039 Διὸ
463 4987 555 5039 καί
579 5004 661 5049 τις
688 4984 794 5038 τῶν
824 4984 956 5055 παρ’
981 4985 1163 5047 αὐτοῖς
1192 4984 1390 5053 σοφῶν,
1420 4986 1737 5055 συναγαγὼν
1763 4988 1861 5052 τὰς

1981 5013 1990 5045 ι
2031 4995 2295 5065 sapientia
2333 5010 2386 5051 et
2409 4998 2715 5055 eruditione
2742 5014 3033 5069 praestans,
3077 5008 3128 5057 iu
3175 5023 3339 5059 unum
3368 5009 3536 5061 colle-

353 5166 413 5224 ἧς
447 5154 545 5212 Ed.
581 5151 777 5216 Paris.,
810 5166 930 5221 pag.
956 5150 1039 5204 16.

265 5314 584 5382 eruditum;
629 5321 778 5366 recte
808 5319 961 5365 :erat
1007 5312 1153 5365 enim
1199 5313 1441 5382 sophista
1485 5313 1843 5382 professione,

268 5397 328 5443 et
360 5393 491 5439 ante
514 5381 1024 5453 _Ghristianismuui,
1053 5384 1231 5436 ludum
1270 5381 1319 5436 iu
1341 5382 1674 5452 Cappadocia
1715 5399 1846 5453 ape-

270 5463 481 5512 ruerat.
514 5451 673 5506 M.—-—
693 5452 891 5525 Addidi
916 5467 978 5506 ex
1011 5454 1166 5525 codd.
1205 5451 1499 5525 μάχαιραν,
1524 5456 1662 5525 unde
1687 5451 1847 5522 supra

269 5526 391 5596 λέγ.
409 5525 518 5598 γάρ
535 5525 652 5579 loco
672 5522 806 5594 φασὶ
826 5522 936 5595 γάρ
951 5524 1163 5595 scripsi,
1181 5522 1235 5578 et
1250 5524 1319 5576 τά
1338 5522 1459 5579 ante
1483 5524 1647 5578 τέκνα
1664 5540 1848 5579 arces-

269 5615 401 5652 SIVI.

346 5665 668 5739 (S8)7Vulgo
718 5664 1034 5739 ἀναγκαίως
1088 5675 1143 5719 ct
1192 5680 1317 5721 mox
1362 5684 1603 5739 παρασκ.
1659 5678 1845 5722 contra

269 5741 431 5792 codd.
470 5738 741 5791 Posterius
764 5740 868 5791 iam
898 5738 1003 5805 Mp.
1045 5752 1188 5790 curr.

345 5809 483 5878 (88')
518 5808 626 5876 Mp.
675 5824 767 5878 γρ.
814 5808 1022 5878 ἐκείνῃ.
1070 5805 1192 5878 Mox
1221 5805 1381 5877 vulgo
1405 5825 1508 5861 που
1536 5808 1846 5863 διαδεδωκό-

270 5868 365 5941 τος
415 5868 601 5931 contra
657 5868 815 5932 codd.
872 5868 1083 5946 ψιΓπω
1111 5868 1435 5932 διακηίὶιιῑ.
1488 5880 1654 5933 Porro
1710 5884 1845 5932 male

274 5950 434 6021 vulgo
456 5948 666 6019 ἁκρῶν,
687 5950 829 6017 quod
847 5962 915 6002 ex
946 5950 1067 6003 cod.
1098 5948 1337 6015 correxi,
1361 5964 1425 6005 ex
1449 5964 1554 6018 quo
1576 5950 1695 6004 dein
1716 5950 1847 6020 χαλ-

562 6069 831 6124 ΡΛῖξλιη..
864 6068 982 6125 Uti.
1021 6065 1251 6125 XXIV.

1954 5312 2082 5391 κοῦς
2116 5328 2211 5380 pro
2241 5312 2438 5383 χαλκοῦ
2467 5324 2519 5368 et
2552 5315 2688 5386 πρός
2734 5333 2829 5385 pro
2864 5317 2969 5386 πρὸ
2998 5326 3051 5371 et
3089 5333 3140 5368 τι
3173 5332 3271 5387 pro
3304 5336 3388 5384 τις
3416 5331 3531 5391 pos;

2028 5452 2140 5524 (89)
2177 5454 2360 5523 Ὁρᾷς,
2382 5456 2543 5521 ὅπως
2561 5456 2626 5509 τὸ
2648 5456 2961 5525 δυσχερές.
2995 5457 3116 5512 Haec
3134 5458 3201 5514 de
3218 5460 3532 5524 difﬁcultate

1958 5524 2374 5579 Proverbiorum
2405 5544 2435 5580 a
2464 5542 2547 5579 me
2574 5527 2702 5580 olim
2762 5524 2982 5596 aCCepta
3015 5531 3096 5581 vir
3137 5531 3320 5588 multis
3357 5539 3534 5593 uomi-

1958 5597 2117 5649 nibus
2163 5596 2519 5659 clarissimus,
2550 5597 2795 5651 Andreas
2846 5598 3128 5665 Scbortus,
3162 5601 3390 5660 inseruit
3419 5623 3533 5664 sua:

1953 5666 2289 5744 praefationi,
2324 5677 2450 5720 ante
2497 5665 2792 5744 Proverbia
2822 5667 3067 5744 Zenobii,
3108 5671 3447 5744 Diogeniani,
3476 5692 3531 5736 ει

1952 5737 2203 5809 aliorum.
2236 5738 2388 5809 Sunt
2424 5747 2601 5791 autem
2662 5738 2761 5791 ista
2791 5742 2996 5802 omnia,
3028 5758 3133 5794 non
3163 5737 3401 5809 Eusebii,
3434 5737 3530 5805 sed

1952 5807 2192 5860 Marcelli
2244 5809 2312 5862 ab
2350 5807 2582 5862 Eusebio
2627 5810 2842 5878 quidem
2874 5811 3037 5863 relata
3067 5828 3078 5862 :
3106 5826 3344 5869 erratum
3386 5807 3463 5873 est
3496 5838 3526 5875 a

1954 5892 2057 5938 me,
2080 5880 2167 5946 qni
2195 5879 2267 5930 illi
2290 5879 2495 5943 optimo
2527 5881 2643 5933 viro
2672 5880 2909 5935 miserim
2947 5892 3001 5935 ut
3034 5883 3357 5940 Eusebiaua.
3380 5887 3429 5943 M
3458 5915 3527 5930 ~-

1954 5948 2083 6001 Deiu
2121 5949 2277 6017 vulgo
2302 5947 2388 6001 διὰ
2420 5949 2498 6007 τό.

3170 6065 3249 6127 2'4
