  <div class='ocr_page' id='page_1' title='image "/cluster/home/n/w/nwhite01/storage/ocr_20150623/24/hvd.32044019207729/389.png"; bbox 0 0 4008 6514; ppageno 0'>
   <div class='ocr_carea' id='block_1_1' title="bbox 507 442 607 501">
    <p class='ocr_par' dir='ltr' id='par_1_1' title="bbox 507 442 607 501">
     <span class='ocr_line' id='line_1_1' title="bbox 507 442 607 501; baseline 0.02 -2"><span class='ocrx_word' id='word_1_1' title='bbox 507 442 607 501; x_wconf 73' lang='grc'><strong>747</strong></span> 
     </span>
    </p>
   </div>
   <div class='ocr_carea' id='block_1_2' title="bbox 1211 426 3058 490">
    <p class='ocr_par' dir='ltr' id='par_1_2' title="bbox 1211 426 3058 490">
     <span class='ocr_line' id='line_1_2' title="bbox 1211 426 3058 490; baseline -0.004 -2"><span class='ocrx_word' id='word_1_2' title='bbox 1211 431 1479 490; x_wconf 84' lang='lat' dir='ltr'><strong>EUSEBll</strong></span> <span class='ocrx_word' id='word_1_3' title='bbox 1516 428 1994 487; x_wconf 60' lang='lat' dir='ltr'><strong>CJESARIENSlS</strong></span> <span class='ocrx_word' id='word_1_4' title='bbox 2022 427 2170 483; x_wconf 81' lang='lat' dir='ltr'><strong>OPP.</strong></span> <span class='ocrx_word' id='word_1_5' title='bbox 2212 428 2391 484; x_wconf 79' lang='lat' dir='ltr'><strong>PARS</strong></span> <span class='ocrx_word' id='word_1_6' title='bbox 2419 428 2507 482; x_wconf 75' lang='lat' dir='ltr'><strong>IV.</strong></span> <span class='ocrx_word' id='word_1_7' title='bbox 2539 458 2610 469; x_wconf 89' lang='lat'>—</span> <span class='ocrx_word' id='word_1_8' title='bbox 2635 426 3058 483; x_wconf 73' lang='lat' dir='ltr'><strong>DOGMATICA.</strong></span> 
     </span>
    </p>
   </div>
   <div class='ocr_carea' id='block_1_3' title="bbox 3646 430 3751 483">
    <p class='ocr_par' dir='ltr' id='par_1_3' title="bbox 3646 430 3751 483">
     <span class='ocr_line' id='line_1_3' title="bbox 3646 430 3751 483; baseline 0 0"><span class='ocrx_word' id='word_1_9' title='bbox 3646 430 3751 483; x_wconf 64' lang='grc' dir='ltr'>ἠδ</span> 
     </span>
    </p>
   </div>
   <div class='ocr_carea' id='block_1_4' title="bbox 513 540 2079 617">
    <p class='ocr_par' dir='ltr' id='par_1_4' title="bbox 513 547 2079 617">
     <span class='ocr_line' id='line_1_4' title="bbox 513 547 2079 617; baseline -0.007 -9"><span class='ocrx_word' id='word_1_10' title='bbox 513 575 530 608; x_wconf 83' lang='grc' dir='ltr'><strong>ι</strong></span> <span class='ocrx_word' id='word_1_11' title='bbox 565 555 668 611; x_wconf 86' lang='lat' dir='ltr'><strong>etis</strong></span> <span class='ocrx_word' id='word_1_12' title='bbox 704 551 889 609; x_wconf 87' lang='lat' dir='ltr'><strong>multis</strong></span> <span class='ocrx_word' id='word_1_13' title='bbox 934 549 1207 617; x_wconf 88' lang='lat' dir='ltr'><strong>variisque</strong></span> <span class='ocrx_word' id='word_1_14' title='bbox 1246 547 1583 616; x_wconf 84' lang='lat' dir='ltr'><strong>proverbiis.</strong></span> <span class='ocrx_word' id='word_1_15' title='bbox 1617 547 1670 601; x_wconf 90' lang='lat' dir='ltr'><strong>in</strong></span> <span class='ocrx_word' id='word_1_16' title='bbox 1700 548 1889 602; x_wconf 90' lang='lat' dir='ltr'><strong>eadem</strong></span> <span class='ocrx_word' id='word_1_17' title='bbox 1919 560 2079 599; x_wconf 88' lang='lat' dir='ltr'><strong>com-</strong></span> 
     </span>
    </p>
   </div>
   <div class='ocr_carea' id='block_1_5' title="bbox 2189 540 3752 617">
    <p class='ocr_par' dir='ltr' id='par_1_5' title="bbox 2189 540 3752 612">
     <span class='ocr_line' id='line_1_5' title="bbox 2189 540 3752 612; baseline -0.001 -18"><span class='ocrx_word' id='word_1_18' title='bbox 2189 563 2203 593; x_wconf 86' lang='grc' dir='ltr'><strong>ι</strong></span> <span class='ocrx_word' id='word_1_19' title='bbox 2244 544 2345 596; x_wconf 73' lang='grc' dir='ltr'><strong>ὑπὸ</strong></span> <span class='ocrx_word' id='word_1_20' title='bbox 2365 543 2572 596; x_wconf 80' lang='grc' dir='ltr'>πολλῶν</span> <span class='ocrx_word' id='word_1_21' title='bbox 2594 542 2687 597; x_wconf 74' lang='grc' dir='ltr'>καὶ</span> <span class='ocrx_word' id='word_1_22' title='bbox 2708 541 2979 612; x_wconf 74' lang='grc' dir='ltr'><strong>διαφόρως</strong></span> <span class='ocrx_word' id='word_1_23' title='bbox 3001 540 3282 611; x_wconf 78' lang='grc' dir='ltr'>λεχθείσας</span> <span class='ocrx_word' id='word_1_24' title='bbox 3316 540 3635 611; x_wconf 84' lang='grc' dir='ltr'>παροιμίας,</span> <span class='ocrx_word' id='word_1_25' title='bbox 3672 544 3752 604; x_wconf 80' lang='grc' dir='ltr'>εἰς</span> 
     </span>
    </p>
   </div>
   <div class='ocr_carea' id='block_1_6' title="bbox 511 637 2076 707">
    <p class='ocr_par' dir='ltr' id='par_1_6' title="bbox 511 637 2076 707">
     <span class='ocr_line' id='line_1_6' title="bbox 511 637 2076 707; baseline -0.006 -9"><span class='ocrx_word' id='word_1_26' title='bbox 511 664 530 697; x_wconf 84' lang='grc' dir='ltr'><strong>ι</strong></span> <span class='ocrx_word' id='word_1_27' title='bbox 568 651 841 698; x_wconf 84' lang='lat' dir='ltr'><strong>mentatus</strong></span> <span class='ocrx_word' id='word_1_28' title='bbox 889 649 1012 706; x_wconf 89' lang='lat' dir='ltr'><strong>est;</strong></span> <span class='ocrx_word' id='word_1_29' title='bbox 1056 639 1266 693; x_wconf 88' lang='lat' dir='ltr'><strong>duobus</strong></span> <span class='ocrx_word' id='word_1_30' title='bbox 1316 637 1472 691; x_wconf 84' lang='lat' dir='ltr'><strong>libris</strong></span> <span class='ocrx_word' id='word_1_31' title='bbox 1533 638 1783 702; x_wconf 86' lang='lat' dir='ltr'><strong>metrica,</strong></span> <span class='ocrx_word' id='word_1_32' title='bbox 1841 648 2076 707; x_wconf 88' lang='lat' dir='ltr'><strong>quatuor</strong></span> 
     </span>
    </p>
   </div>
   <div class='ocr_carea' id='block_1_7' title="bbox 510 729 2078 802">
    <p class='ocr_par' dir='ltr' id='par_1_7' title="bbox 510 729 2078 802">
     <span class='ocr_line' id='line_1_7' title="bbox 510 729 2078 802; baseline -0.004 -13"><span class='ocrx_word' id='word_1_33' title='bbox 510 756 530 789; x_wconf 76' lang='grc' dir='ltr'><strong>ι</strong></span> <span class='ocrx_word' id='word_1_34' title='bbox 562 752 692 791; x_wconf 85' lang='lat' dir='ltr'><strong>vero</strong></span> <span class='ocrx_word' id='word_1_35' title='bbox 708 733 947 789; x_wconf 89' lang='lat' dir='ltr'><strong>numeris</strong></span> <span class='ocrx_word' id='word_1_36' title='bbox 965 732 1139 786; x_wconf 84' lang='lat' dir='ltr'><strong>soluta</strong></span> <span class='ocrx_word' id='word_1_37' title='bbox 1168 730 1451 802; x_wconf 87' lang='lat' dir='ltr'><strong>proverbia</strong></span> <span class='ocrx_word' id='word_1_38' title='bbox 1476 731 1769 801; x_wconf 80' lang='lat' dir='ltr'><strong>explicans.</strong></span> <span class='ocrx_word' id='word_1_39' title='bbox 1785 729 2078 785; x_wconf 76' lang='lat' dir='ltr'><strong>Partentias</strong></span> 
     </span>
    </p>
   </div>
   <div class='ocr_carea' id='block_1_8' title="bbox 509 821 2076 894">
    <p class='ocr_par' dir='ltr' id='par_1_8' title="bbox 509 821 2076 894">
     <span class='ocr_line' id='line_1_8' title="bbox 509 821 2076 894; baseline -0.003 -16"><span class='ocrx_word' id='word_1_40' title='bbox 509 846 528 878; x_wconf 79' lang='grc' dir='ltr'><strong>ι</strong></span> <span class='ocrx_word' id='word_1_41' title='bbox 563 838 743 880; x_wconf 87' lang='lat' dir='ltr'><strong>autem</strong></span> <span class='ocrx_word' id='word_1_42' title='bbox 787 823 1018 894; x_wconf 77' lang='lat' dir='ltr'><strong>gentiles</strong></span> <span class='ocrx_word' id='word_1_43' title='bbox 1043 864 1057 887; x_wconf 93' lang='lat'><strong>.</strong></span> <span class='ocrx_word' id='word_1_44' title='bbox 1096 823 1360 878; x_wconf 91' lang='lat' dir='ltr'><strong>sententia</strong></span> <span class='ocrx_word' id='word_1_45' title='bbox 1402 821 1622 892; x_wconf 85' lang='lat' dir='ltr'><strong>quidem</strong></span> <span class='ocrx_word' id='word_1_46' title='bbox 1650 837 1788 886; x_wconf 86' lang='lat' dir='ltr'><strong>mea,</strong></span> <span class='ocrx_word' id='word_1_47' title='bbox 1843 822 1913 876; x_wconf 90' lang='lat' dir='ltr'><strong>ob</strong></span> <span class='ocrx_word' id='word_1_48' title='bbox 1957 835 2076 874; x_wconf 85' lang='lat' dir='ltr'><strong>eam</strong></span> 
     </span>
    </p>
   </div>
   <div class='ocr_carea' id='block_1_9' title="bbox 509 913 2074 984">
    <p class='ocr_par' dir='ltr' id='par_1_9' title="bbox 509 913 2074 984">
     <span class='ocr_line' id='line_1_9' title="bbox 509 913 2074 984; baseline -0.003 -15"><span class='ocrx_word' id='word_1_49' title='bbox 509 937 528 969; x_wconf 78' lang='grc' dir='ltr'><strong>ι</strong></span> <span class='ocrx_word' id='word_1_50' title='bbox 566 930 787 972; x_wconf 81' lang='lat' dir='ltr'><strong>causam</strong></span> <span class='ocrx_word' id='word_1_51' title='bbox 811 918 925 969; x_wconf 68' lang='lat' dir='ltr'><strong>hau:</strong></span> <span class='ocrx_word' id='word_1_52' title='bbox 952 916 1065 983; x_wconf 84' lang='lat' dir='ltr'><strong>ipsa</strong></span> <span class='ocrx_word' id='word_1_53' title='bbox 1098 915 1477 980; x_wconf 85' lang='lat' dir='ltr'><strong>nominarunt,</strong></span> <span class='ocrx_word' id='word_1_54' title='bbox 1505 914 1649 984; x_wconf 88' lang='lat' dir='ltr'><strong>quod</strong></span> <span class='ocrx_word' id='word_1_55' title='bbox 1684 913 2074 983; x_wconf 83' lang='lat' dir='ltr'><strong>sapientissimi</strong></span> 
     </span>
    </p>
   </div>
   <div class='ocr_carea' id='block_1_10' title="bbox 509 1004 2075 1075">
    <p class='ocr_par' dir='ltr' id='par_1_10' title="bbox 509 1004 2075 1075">
     <span class='ocr_line' id='line_1_10' title="bbox 509 1004 2075 1075; baseline -0.004 -14"><span class='ocrx_word' id='word_1_56' title='bbox 509 1027 530 1061; x_wconf 80' lang='grc' dir='ltr'><strong>ι</strong></span> <span class='ocrx_word' id='word_1_57' title='bbox 572 1007 883 1064; x_wconf 84' lang='lat' dir='ltr'><strong>Salomonis</strong></span> <span class='ocrx_word' id='word_1_58' title='bbox 931 1006 1224 1061; x_wconf 80' lang='lat' dir='ltr'><strong>Proverbia</strong></span> <span class='ocrx_word' id='word_1_59' title='bbox 1276 1005 1519 1075; x_wconf 79' lang='lat' dir='ltr'><strong>legerant</strong></span> <span class='ocrx_word' id='word_1_60' title='bbox 1561 1015 1618 1060; x_wconf 89' lang='lat' dir='ltr'><strong>et</strong></span> <span class='ocrx_word' id='word_1_61' title='bbox 1678 1004 2075 1067; x_wconf 80' lang='lat' dir='ltr'><strong>intellexerant,</strong></span> 
     </span>
    </p>
   </div>
   <div class='ocr_carea' id='block_1_11' title="bbox 511 1094 2069 1164">
    <p class='ocr_par' dir='ltr' id='par_1_11' title="bbox 511 1094 2069 1164">
     <span class='ocr_line' id='line_1_11' title="bbox 511 1094 2069 1164; baseline -0.002 -15"><span class='ocrx_word' id='word_1_62' title='bbox 511 1117 529 1149; x_wconf 79' lang='grc' dir='ltr'><strong>ι</strong></span> <span class='ocrx_word' id='word_1_63' title='bbox 570 1114 677 1152; x_wconf 88' lang='lat' dir='ltr'><strong>non</strong></span> <span class='ocrx_word' id='word_1_64' title='bbox 710 1111 833 1154; x_wconf 84' lang='lat' dir='ltr'><strong>esse</strong></span> <span class='ocrx_word' id='word_1_65' title='bbox 867 1111 978 1150; x_wconf 90' lang='lat' dir='ltr'><strong>rem</strong></span> <span class='ocrx_word' id='word_1_66' title='bbox 1009 1095 1180 1150; x_wconf 88' lang='lat' dir='ltr'><strong>cuivis</strong></span> <span class='ocrx_word' id='word_1_67' title='bbox 1210 1095 1428 1150; x_wconf 82' lang='lat' dir='ltr'><strong>obviam</strong></span> <span class='ocrx_word' id='word_1_68' title='bbox 1457 1098 1523 1149; x_wconf 91' lang='lat' dir='ltr'><strong>de</strong></span> <span class='ocrx_word' id='word_1_69' title='bbox 1552 1095 1726 1164; x_wconf 87' lang='lat' dir='ltr'><strong>prima</strong></span> <span class='ocrx_word' id='word_1_70' title='bbox 1757 1094 1897 1150; x_wconf 78' lang='lat' dir='ltr'><strong>facie</strong></span> <span class='ocrx_word' id='word_1_71' title='bbox 1924 1111 2069 1149; x_wconf 86' lang='lat' dir='ltr'><strong>com-</strong></span> 
     </span>
    </p>
   </div>
   <div class='ocr_carea' id='block_1_12' title="bbox 512 1187 2073 1259">
    <p class='ocr_par' dir='ltr' id='par_1_12' title="bbox 512 1187 2073 1259">
     <span class='ocr_line' id='line_1_12' title="bbox 512 1187 2073 1259; baseline -0.001 -17"><span class='ocrx_word' id='word_1_72' title='bbox 512 1210 530 1242; x_wconf 84' lang='grc' dir='ltr'><strong>ι</strong></span> <span class='ocrx_word' id='word_1_73' title='bbox 570 1190 907 1259; x_wconf 82' lang='lat' dir='ltr'><strong>prehendere</strong></span> <span class='ocrx_word' id='word_1_74' title='bbox 924 1188 1137 1241; x_wconf 90' lang='lat' dir='ltr'><strong>illorum</strong></span> <span class='ocrx_word' id='word_1_75' title='bbox 1161 1202 1377 1241; x_wconf 87' lang='lat' dir='ltr'><strong>sensum</strong></span> <span class='ocrx_word' id='word_1_76' title='bbox 1398 1201 1413 1240; x_wconf 89' lang='lat'><strong>:</strong></span> <span class='ocrx_word' id='word_1_77' title='bbox 1435 1187 1632 1241; x_wconf 84' lang='lat' dir='ltr'><strong>vellent</strong></span> <span class='ocrx_word' id='word_1_78' title='bbox 1650 1198 1831 1241; x_wconf 89' lang='lat' dir='ltr'><strong>autem</strong></span> <span class='ocrx_word' id='word_1_79' title='bbox 1851 1188 2073 1254; x_wconf 85' lang='lat' dir='ltr'><strong>imitari.</strong></span> 
     </span>
    </p>
   </div>
   <div class='ocr_carea' id='block_1_13' title="bbox 510 1281 2076 1352">
    <p class='ocr_par' dir='ltr' id='par_1_13' title="bbox 510 1281 2076 1352">
     <span class='ocr_line' id='line_1_13' title="bbox 510 1281 2076 1352; baseline 0.001 -19"><span class='ocrx_word' id='word_1_80' title='bbox 510 1304 529 1333; x_wconf 76' lang='grc' dir='ltr'><strong>ι</strong></span> <span class='ocrx_word' id='word_1_81' title='bbox 568 1293 733 1352; x_wconf 89' lang='lat' dir='ltr'><strong>atque</strong></span> <span class='ocrx_word' id='word_1_82' title='bbox 777 1282 848 1335; x_wconf 88' lang='lat' dir='ltr'><strong>ita</strong></span> <span class='ocrx_word' id='word_1_83' title='bbox 903 1281 1117 1335; x_wconf 81' lang='lat' dir='ltr'><strong>fuerant</strong></span> <span class='ocrx_word' id='word_1_84' title='bbox 1161 1281 1353 1334; x_wconf 82' lang='lat' dir='ltr'><strong>imitati</strong></span> <span class='ocrx_word' id='word_1_85' title='bbox 1399 1281 1768 1351; x_wconf 87' lang='lat' dir='ltr'><strong>propheticam</strong></span> <span class='ocrx_word' id='word_1_86' title='bbox 1806 1282 2076 1336; x_wconf 80' lang='lat' dir='ltr'><strong>scribendi</strong></span> 
     </span>
    </p>
   </div>
   <div class='ocr_carea' id='block_1_14' title="bbox 514 1370 2079 1441">
    <p class='ocr_par' dir='ltr' id='par_1_14' title="bbox 514 1370 2079 1441">
     <span class='ocr_line' id='line_1_14' title="bbox 514 1370 2079 1441; baseline 0 -16"><span class='ocrx_word' id='word_1_87' title='bbox 514 1392 532 1425; x_wconf 81' lang='grc' dir='ltr'><strong>ι</strong></span> <span class='ocrx_word' id='word_1_88' title='bbox 572 1372 1045 1428; x_wconf 89' lang='lat' dir='ltr'><strong>consuetudinem.</strong></span> <span class='ocrx_word' id='word_1_89' title='bbox 1075 1371 1320 1439; x_wconf 89' lang='lat' dir='ltr'><strong>Cumque</strong></span> <span class='ocrx_word' id='word_1_90' title='bbox 1367 1386 1561 1426; x_wconf 85' lang='lat' dir='ltr'><strong>nomen</strong></span> <span class='ocrx_word' id='word_1_91' title='bbox 1606 1370 1811 1426; x_wconf 89' lang='lat' dir='ltr'><strong>nullum</strong></span> <span class='ocrx_word' id='word_1_92' title='bbox 1860 1381 2079 1441; x_wconf 88' lang='lat' dir='ltr'><strong>possent</strong></span> 
     </span>
    </p>
   </div>
   <div class='ocr_carea' id='block_1_15' title="bbox 513 1464 2077 1536">
    <p class='ocr_par' dir='ltr' id='par_1_15' title="bbox 513 1464 2077 1536">
     <span class='ocr_line' id='line_1_15' title="bbox 513 1464 2077 1536; baseline 0.001 -19"><span class='ocrx_word' id='word_1_93' title='bbox 513 1485 531 1517; x_wconf 80' lang='grc' dir='ltr'><strong>ι</strong></span> <span class='ocrx_word' id='word_1_94' title='bbox 570 1466 750 1536; x_wconf 80' lang='lat' dir='ltr'><strong>aptius</strong></span> <span class='ocrx_word' id='word_1_95' title='bbox 807 1473 903 1519; x_wconf 79' lang='lat' dir='ltr'><strong>aut</strong></span> <span class='ocrx_word' id='word_1_96' title='bbox 963 1464 1375 1519; x_wconf 88' lang='lat' dir='ltr'><strong>convenientius</strong></span> <span class='ocrx_word' id='word_1_97' title='bbox 1438 1464 1718 1532; x_wconf 80' lang='lat' dir='ltr'><strong>invenire,</strong></span> <span class='ocrx_word' id='word_1_98' title='bbox 1783 1464 2077 1521; x_wconf 88' lang='lat' dir='ltr'><strong>Proverbia</strong></span> 
     </span>
    </p>
   </div>
   <div class='ocr_carea' id='block_1_16' title="bbox 514 1556 1407 1627">
    <p class='ocr_par' dir='ltr' id='par_1_16' title="bbox 514 1556 1407 1627">
     <span class='ocr_line' id='line_1_16' title="bbox 514 1556 1407 1627; baseline 0 -18"><span class='ocrx_word' id='word_1_99' title='bbox 514 1578 532 1609; x_wconf 80' lang='grc' dir='ltr'><strong>ι</strong></span> <span class='ocrx_word' id='word_1_100' title='bbox 569 1572 728 1613; x_wconf 85' lang='lat' dir='ltr'><strong>suum</strong></span> <span class='ocrx_word' id='word_1_101' title='bbox 763 1572 900 1627; x_wconf 84' lang='lat' dir='ltr'><strong>opus</strong></span> <span class='ocrx_word' id='word_1_102' title='bbox 953 1556 1331 1627; x_wconf 76' lang='lat' dir='ltr'><strong>indigitarunt.</strong></span> <span class='ocrx_word' id='word_1_103' title='bbox 1389 1578 1407 1609; x_wconf 74' lang='grc' dir='ltr'><strong>ι</strong></span> 
     </span>
    </p>
   </div>
   <div class='ocr_carea' id='block_1_17' title="bbox 576 1646 2080 1718">
    <p class='ocr_par' dir='ltr' id='par_1_17' title="bbox 576 1646 2080 1718">
     <span class='ocr_line' id='line_1_17' title="bbox 576 1646 2080 1718; baseline 0.001 -15"><span class='ocrx_word' id='word_1_104' title='bbox 576 1651 755 1718; x_wconf 84' lang='lat' dir='ltr'><strong>Atque</strong></span> <span class='ocrx_word' id='word_1_105' title='bbox 792 1650 863 1702; x_wconf 88' lang='lat' dir='ltr'><strong>ita</strong></span> <span class='ocrx_word' id='word_1_106' title='bbox 898 1648 963 1702; x_wconf 88' lang='lat' dir='ltr'><strong>ad</strong></span> <span class='ocrx_word' id='word_1_107' title='bbox 990 1648 1132 1705; x_wconf 90' lang='lat' dir='ltr'><strong>hunc</strong></span> <span class='ocrx_word' id='word_1_108' title='bbox 1161 1651 1378 1704; x_wconf 88' lang='lat' dir='ltr'><strong>modum</strong></span> <span class='ocrx_word' id='word_1_109' title='bbox 1415 1646 1701 1704; x_wconf 81' lang='lat' dir='ltr'><strong>Marcellus</strong></span> <span class='ocrx_word' id='word_1_110' title='bbox 1720 1658 1953 1705; x_wconf 83' lang='lat' dir='ltr'><strong>conatur</strong></span> <span class='ocrx_word' id='word_1_111' title='bbox 1981 1649 2080 1704; x_wconf 86' lang='lat' dir='ltr'><strong>Ec-</strong></span> 
     </span>
    </p>
   </div>
   <div class='ocr_carea' id='block_1_18' title="bbox 505 1739 2082 1811">
    <p class='ocr_par' dir='ltr' id='par_1_18' title="bbox 505 1739 2082 1811">
     <span class='ocr_line' id='line_1_18' title="bbox 505 1739 2082 1811; baseline 0 -16"><span class='ocrx_word' id='word_1_112' title='bbox 505 1741 729 1797; x_wconf 87' lang='lat' dir='ltr'><strong>clesiam</strong></span> <span class='ocrx_word' id='word_1_113' title='bbox 748 1739 843 1794; x_wconf 88' lang='lat' dir='ltr'><strong>Dei</strong></span> <span class='ocrx_word' id='word_1_114' title='bbox 859 1739 1260 1810; x_wconf 86' lang='lat' dir='ltr'><strong>Scripturarum</strong></span> <span class='ocrx_word' id='word_1_115' title='bbox 1289 1740 1699 1811; x_wconf 77' lang='lat' dir='ltr'><strong>intelligentiam</strong></span> <span class='ocrx_word' id='word_1_116' title='bbox 1724 1744 1948 1797; x_wconf 87' lang='lat' dir='ltr'><strong>docere:</strong></span> <span class='ocrx_word' id='word_1_117' title='bbox 1966 1741 2082 1795; x_wconf 86' lang='lat' dir='ltr'><strong>lon-</strong></span> 
     </span>
    </p>
   </div>
   <div class='ocr_carea' id='block_1_19' title="bbox 504 1831 2079 1903">
    <p class='ocr_par' dir='ltr' id='par_1_19' title="bbox 504 1831 2079 1903">
     <span class='ocr_line' id='line_1_19' title="bbox 504 1831 2079 1903; baseline 0.001 -17"><span class='ocrx_word' id='word_1_118' title='bbox 504 1848 631 1902; x_wconf 78' lang='lat' dir='ltr'><strong>gam</strong></span> <span class='ocrx_word' id='word_1_119' title='bbox 672 1846 805 1886; x_wconf 90' lang='lat' dir='ltr'><strong>vero</strong></span> <span class='ocrx_word' id='word_1_120' title='bbox 835 1831 991 1885; x_wconf 89' lang='lat' dir='ltr'><strong>istam</strong></span> <span class='ocrx_word' id='word_1_121' title='bbox 1013 1842 1069 1887; x_wconf 89' lang='lat' dir='ltr'><strong>et</strong></span> <span class='ocrx_word' id='word_1_122' title='bbox 1113 1833 1348 1902; x_wconf 88' lang='lat' dir='ltr'><strong>ineptam</strong></span> <span class='ocrx_word' id='word_1_123' title='bbox 1388 1833 1523 1887; x_wconf 89' lang='lat' dir='ltr'><strong>adeo</strong></span> <span class='ocrx_word' id='word_1_124' title='bbox 1559 1847 1871 1887; x_wconf 88' lang='lat' dir='ltr'><strong>sermonum</strong></span> <span class='ocrx_word' id='word_1_125' title='bbox 1908 1834 2079 1903; x_wconf 86' lang='lat' dir='ltr'><strong>ipsius</strong></span> 
     </span>
    </p>
   </div>
   <div class='ocr_carea' id='block_1_20' title="bbox 505 1922 2075 1995">
    <p class='ocr_par' dir='ltr' id='par_1_20' title="bbox 505 1922 2075 1995">
     <span class='ocr_line' id='line_1_20' title="bbox 505 1922 2075 1995; baseline 0 -15"><span class='ocrx_word' id='word_1_126' title='bbox 505 1936 562 1980; x_wconf 90' lang='lat' dir='ltr'><strong>et</strong></span> <span class='ocrx_word' id='word_1_127' title='bbox 594 1922 921 1995; x_wconf 83' lang='lat' dir='ltr'><strong>superﬂuam</strong></span> <span class='ocrx_word' id='word_1_128' title='bbox 946 1925 1140 1979; x_wconf 85' lang='lat' dir='ltr'><strong>seriem</strong></span> <span class='ocrx_word' id='word_1_129' title='bbox 1175 1925 1312 1992; x_wconf 60' lang='grc' dir='ltr'>ἰαυοῖ</span> <span class='ocrx_word' id='word_1_130' title='bbox 1334 1923 1510 1977; x_wconf 76' lang='lat' dir='ltr'><strong>visum</strong></span> <span class='ocrx_word' id='word_1_131' title='bbox 1545 1932 1626 1979; x_wconf 88' lang='lat' dir='ltr'><strong>est</strong></span> <span class='ocrx_word' id='word_1_132' title='bbox 1677 1934 1991 1987; x_wconf 80' lang='lat' dir='ltr'><strong>contexere.</strong></span> <span class='ocrx_word' id='word_1_133' title='bbox 2019 1937 2075 1980; x_wconf 91' lang='lat' dir='ltr'><strong>nt</strong></span> 
     </span>
    </p>
   </div>
   <div class='ocr_carea' id='block_1_21' title="bbox 505 2014 2074 2085">
    <p class='ocr_par' dir='ltr' id='par_1_21' title="bbox 505 2014 2074 2085">
     <span class='ocr_line' id='line_1_21' title="bbox 505 2014 2074 2085; baseline -0.001 -14"><span class='ocrx_word' id='word_1_134' title='bbox 505 2016 801 2071; x_wconf 82' lang='lat' dir='ltr'><strong>amentiam</strong></span> <span class='ocrx_word' id='word_1_135' title='bbox 828 2016 1066 2070; x_wconf 88' lang='lat' dir='ltr'><strong>hominis</strong></span> <span class='ocrx_word' id='word_1_136' title='bbox 1080 2014 1422 2070; x_wconf 81' lang='lat' dir='ltr'><strong>manifestam</strong></span> <span class='ocrx_word' id='word_1_137' title='bbox 1451 2015 1696 2079; x_wconf 89' lang='lat' dir='ltr'><strong>reddere.</strong></span> <span class='ocrx_word' id='word_1_138' title='bbox 1722 2016 2074 2085; x_wconf 87' lang='lat' dir='ltr'><strong>multiplicem</strong></span> 
     </span>
    </p>
   </div>
   <div class='ocr_carea' id='block_1_22' title="bbox 505 2108 2076 2179">
    <p class='ocr_par' dir='ltr' id='par_1_22' title="bbox 505 2108 2076 2179">
     <span class='ocr_line' id='line_1_22' title="bbox 505 2108 2076 2179; baseline 0 -17"><span class='ocrx_word' id='word_1_139' title='bbox 505 2124 724 2179; x_wconf 86' lang='lat' dir='ltr'><strong>quoque</strong></span> <span class='ocrx_word' id='word_1_140' title='bbox 748 2118 806 2163; x_wconf 93' lang='lat' dir='ltr'><strong>et</strong></span> <span class='ocrx_word' id='word_1_141' title='bbox 844 2108 1277 2176; x_wconf 84' lang='lat' dir='ltr'><strong>intempestivam</strong></span> <span class='ocrx_word' id='word_1_142' title='bbox 1317 2109 1612 2163; x_wconf 78' lang='lat' dir='ltr'><strong>vanitatem</strong></span> <span class='ocrx_word' id='word_1_143' title='bbox 1658 2123 1869 2178; x_wconf 89' lang='lat' dir='ltr'><strong>possem</strong></span> <span class='ocrx_word' id='word_1_144' title='bbox 1897 2149 1913 2174; x_wconf 91' lang='lat'><strong>.</strong></span> <span class='ocrx_word' id='word_1_145' title='bbox 1969 2126 2076 2177; x_wconf 88' lang='lat' dir='ltr'><strong>qna</strong></span> 
     </span>
    </p>
   </div>
   <div class='ocr_carea' id='block_1_23' title="bbox 508 2200 2076 2271">
    <p class='ocr_par' dir='ltr' id='par_1_23' title="bbox 508 2200 2076 2271">
     <span class='ocr_line' id='line_1_23' title="bbox 508 2200 2076 2271; baseline 0 -18"><span class='ocrx_word' id='word_1_146' title='bbox 508 2204 700 2264; x_wconf 91' lang='lat' dir='ltr'><strong>utitur.</strong></span> <span class='ocrx_word' id='word_1_147' title='bbox 728 2200 863 2255; x_wconf 87' lang='lat' dir='ltr'><strong>satis</strong></span> <span class='ocrx_word' id='word_1_148' title='bbox 882 2200 1101 2267; x_wconf 87' lang='lat' dir='ltr'><strong>quidem</strong></span> <span class='ocrx_word' id='word_1_149' title='bbox 1133 2214 1257 2252; x_wconf 86' lang='lat' dir='ltr'><strong>cum</strong></span> <span class='ocrx_word' id='word_1_150' title='bbox 1296 2215 1488 2269; x_wconf 89' lang='lat' dir='ltr'><strong>pompa</strong></span> <span class='ocrx_word' id='word_1_151' title='bbox 1517 2240 1531 2263; x_wconf 88' lang='lat'><strong>.</strong></span> <span class='ocrx_word' id='word_1_152' title='bbox 1566 2200 1706 2271; x_wconf 89' lang='lat' dir='ltr'><strong>quod</strong></span> <span class='ocrx_word' id='word_1_153' title='bbox 1760 2201 2076 2255; x_wconf 66' lang='lat' dir='ltr'><strong>saacularem</strong></span> 
     </span>
    </p>
   </div>
   <div class='ocr_carea' id='block_1_24' title="bbox 507 2292 2078 2361">
    <p class='ocr_par' dir='ltr' id='par_1_24' title="bbox 507 2292 2078 2361">
     <span class='ocr_line' id='line_1_24' title="bbox 507 2292 2078 2361; baseline -0.001 -14"><span class='ocrx_word' id='word_1_154' title='bbox 507 2294 705 2347; x_wconf 87' lang='lat' dir='ltr'><strong>attinet</strong></span> <span class='ocrx_word' id='word_1_155' title='bbox 737 2292 1142 2356; x_wconf 89' lang='lat' dir='ltr'><strong>eruditionem;</strong></span> <span class='ocrx_word' id='word_1_156' title='bbox 1174 2292 1319 2359; x_wconf 91' lang='lat' dir='ltr'><strong>quod</strong></span> <span class='ocrx_word' id='word_1_157' title='bbox 1348 2292 1658 2361; x_wconf 87' lang='lat' dir='ltr'><strong>Scripturas</strong></span> <span class='ocrx_word' id='word_1_158' title='bbox 1687 2303 1865 2347; x_wconf 88' lang='lat' dir='ltr'><strong>autem</strong></span> <span class='ocrx_word' id='word_1_159' title='bbox 1894 2307 2078 2347; x_wconf 83' lang='lat' dir='ltr'><strong>sacras</strong></span> 
     </span>
    </p>
   </div>
   <div class='ocr_carea' id='block_1_25' title="bbox 506 2382 2079 2456">
    <p class='ocr_par' dir='ltr' id='par_1_25' title="bbox 506 2382 2079 2456">
     <span class='ocr_line' id='line_1_25' title="bbox 506 2382 2079 2456; baseline -0.001 -17"><span class='ocrx_word' id='word_1_160' title='bbox 506 2382 1034 2453; x_wconf 83' lang='lat' dir='ltr'><strong>concernit,jejune.</strong></span> <span class='ocrx_word' id='word_1_161' title='bbox 1056 2383 1208 2448; x_wconf 84' lang='lat' dir='ltr'><strong>Quod</strong></span> <span class='ocrx_word' id='word_1_162' title='bbox 1236 2384 1280 2438; x_wconf 90' lang='lat' dir='ltr'><strong>si</strong></span> <span class='ocrx_word' id='word_1_163' title='bbox 1315 2399 1526 2439; x_wconf 90' lang='lat' dir='ltr'><strong>memor</strong></span> <span class='ocrx_word' id='word_1_164' title='bbox 1550 2384 1743 2440; x_wconf 81' lang='lat' dir='ltr'><strong>fuisset</strong></span> <span class='ocrx_word' id='word_1_165' title='bbox 1772 2384 2079 2456; x_wconf 72' lang='lat' dir='ltr'><strong>apostolicae</strong></span> 
     </span>
    </p>
   </div>
   <div class='ocr_carea' id='block_1_26' title="bbox 505 2474 2079 2546">
    <p class='ocr_par' dir='ltr' id='par_1_26' title="bbox 505 2474 2079 2546">
     <span class='ocr_line' id='line_1_26' title="bbox 505 2474 2079 2546; baseline -0.001 -16"><span class='ocrx_word' id='word_1_166' title='bbox 505 2475 939 2541; x_wconf 83' lang='lat' dir='ltr'><strong>admonitionis,</strong></span> <span class='ocrx_word' id='word_1_167' title='bbox 992 2475 1058 2529; x_wconf 89' lang='lat' dir='ltr'><strong>ad</strong></span> <span class='ocrx_word' id='word_1_168' title='bbox 1090 2474 1232 2529; x_wconf 86' lang='lat' dir='ltr'><strong>hanc</strong></span> <span class='ocrx_word' id='word_1_169' title='bbox 1283 2484 1489 2530; x_wconf 86' lang='lat' dir='ltr'><strong>tantum</strong></span> <span class='ocrx_word' id='word_1_170' title='bbox 1539 2476 1812 2546; x_wconf 79' lang='lat' dir='ltr'><strong>proiectus</strong></span> <span class='ocrx_word' id='word_1_171' title='bbox 1868 2479 2079 2530; x_wconf 86' lang='lat' dir='ltr'><strong>vanita-</strong></span> 
     </span>
    </p>
   </div>
   <div class='ocr_carea' id='block_1_27' title="bbox 510 2568 2078 2638">
    <p class='ocr_par' dir='ltr' id='par_1_27' title="bbox 510 2568 2078 2638">
     <span class='ocr_line' id='line_1_27' title="bbox 510 2568 2078 2638; baseline -0.002 -15"><span class='ocrx_word' id='word_1_172' title='bbox 510 2578 617 2625; x_wconf 89' lang='lat' dir='ltr'><strong>tem</strong></span> <span class='ocrx_word' id='word_1_173' title='bbox 651 2605 668 2630; x_wconf 86' lang='lat'><strong>,</strong></span> <span class='ocrx_word' id='word_1_174' title='bbox 725 2581 1069 2638; x_wconf 87' lang='lat' dir='ltr'><strong>nequaquam</strong></span> <span class='ocrx_word' id='word_1_175' title='bbox 1137 2568 1461 2635; x_wconf 86' lang='lat' dir='ltr'><strong>procidisset</strong></span> <span class='ocrx_word' id='word_1_176' title='bbox 1509 2584 1524 2622; x_wconf 90' lang='lat'><strong>:</strong></span> <span class='ocrx_word' id='word_1_177' title='bbox 1582 2569 1773 2624; x_wconf 87' lang='lat' dir='ltr'><strong>suadet</strong></span> <span class='ocrx_word' id='word_1_178' title='bbox 1831 2579 2013 2623; x_wconf 84' lang='lat' dir='ltr'><strong>autent</strong></span> <span class='ocrx_word' id='word_1_179' title='bbox 2062 2609 2078 2632; x_wconf 93' lang='lat'><strong>,</strong></span> 
     </span>
    </p>
   </div>
   <div class='ocr_carea' id='block_1_28' title="bbox 509 2653 2077 2728">
    <p class='ocr_par' dir='ltr' id='par_1_28' title="bbox 509 2653 2077 2728">
     <span class='ocr_line' id='line_1_28' title="bbox 509 2653 2077 2728; baseline -0.001 -15"><span class='ocrx_word' id='word_1_180' title='bbox 509 2653 569 2713; x_wconf 83' lang='lat' dir='ltr'><strong>ut</strong></span> <span class='ocrx_word' id='word_1_181' title='bbox 622 2658 767 2728; x_wconf 90' lang='lat' dir='ltr'><strong>loqui</strong></span> <span class='ocrx_word' id='word_1_182' title='bbox 819 2658 1044 2712; x_wconf 86' lang='lat' dir='ltr'><strong>velimus</strong></span> <span class='ocrx_word' id='word_1_183' title='bbox 1069 2700 1083 2722; x_wconf 96' lang='lat'><strong>.</strong></span> <span class='ocrx_word' id='word_1_184' title='bbox 1125 2674 1245 2727; x_wconf 72' lang='lat' dir='ltr'><strong>qua:</strong></span> <span class='ocrx_word' id='word_1_185' title='bbox 1283 2669 1408 2713; x_wconf 86' lang='lat' dir='ltr'><strong>sunt</strong></span> <span class='ocrx_word' id='word_1_186' title='bbox 1448 2661 1602 2715; x_wconf 90' lang='lat' dir='ltr'><strong>nobis</strong></span> <span class='ocrx_word' id='word_1_187' title='bbox 1639 2659 2038 2713; x_wconf 87' lang='lat' dir='ltr'><strong>communicata</strong></span> <span class='ocrx_word' id='word_1_188' title='bbox 2063 2700 2077 2722; x_wconf 90' lang='lat'><strong>.</strong></span> 
     </span>
    </p>
   </div>
   <div class='ocr_carea' id='block_1_29' title="bbox 511 2749 2078 2819">
    <p class='ocr_par' dir='ltr' id='par_1_29' title="bbox 511 2749 2078 2819">
     <span class='ocr_line' id='line_1_29' title="bbox 511 2749 2078 2819; baseline -0.002 -14"><span class='ocrx_word' id='word_1_189' title='bbox 511 2757 571 2815; x_wconf 61' lang='grc' dir='ltr'><strong>ᾖ(</strong></span> <span class='ocrx_word' id='word_1_190' title='bbox 617 2766 720 2805; x_wconf 80' lang='lat' dir='ltr'><strong>non</strong></span> <span class='ocrx_word' id='word_1_191' title='bbox 773 2751 830 2804; x_wconf 83' lang='lat' dir='ltr'><strong>in</strong></span> <span class='ocrx_word' id='word_1_192' title='bbox 872 2750 1192 2804; x_wconf 79' lang='lat' dir='ltr'><strong>docibilibus</strong></span> <span class='ocrx_word' id='word_1_193' title='bbox 1253 2751 1499 2805; x_wconf 64' lang='lat' dir='ltr'><strong>humana!</strong></span> <span class='ocrx_word' id='word_1_194' title='bbox 1555 2752 1831 2819; x_wconf 84' lang='lat' dir='ltr'><strong>sapientia:</strong></span> <span class='ocrx_word' id='word_1_195' title='bbox 1880 2749 2078 2812; x_wconf 73' lang='lat' dir='ltr'><strong>verbis.</strong></span> 
     </span>
    </p>
   </div>
   <div class='ocr_carea' id='block_1_30' title="bbox 505 2840 2081 2912">
    <p class='ocr_par' dir='ltr' id='par_1_30' title="bbox 505 2840 2081 2912">
     <span class='ocr_line' id='line_1_30' title="bbox 505 2840 2081 2912; baseline -0.003 -14"><span class='ocrx_word' id='word_1_196' title='bbox 505 2844 597 2898; x_wconf 77' lang='lat' dir='ltr'><strong>sed</strong></span> <span class='ocrx_word' id='word_1_197' title='bbox 635 2844 690 2897; x_wconf 88' lang='lat' dir='ltr'><strong>iu</strong></span> <span class='ocrx_word' id='word_1_198' title='bbox 728 2843 797 2898; x_wconf 86' lang='lat' dir='ltr'><strong>iis</strong></span> <span class='ocrx_word' id='word_1_199' title='bbox 828 2858 947 2912; x_wconf 82' lang='lat' dir='ltr'><strong>qua:</strong></span> <span class='ocrx_word' id='word_1_200' title='bbox 979 2860 1011 2896; x_wconf 90' lang='lat' dir='ltr'><strong>a</strong></span> <span class='ocrx_word' id='word_1_201' title='bbox 1045 2840 1253 2912; x_wconf 78' lang='lat' dir='ltr'><strong>Spiritu</strong></span> <span class='ocrx_word' id='word_1_202' title='bbox 1281 2841 1457 2896; x_wconf 81' lang='lat' dir='ltr'><strong>doceri</strong></span> <span class='ocrx_word' id='word_1_203' title='bbox 1484 2842 1674 2904; x_wconf 80' lang='lat' dir='ltr'><strong>solent,</strong></span> <span class='ocrx_word' id='word_1_204' title='bbox 1711 2842 1764 2894; x_wconf 83' lang='lat' dir='ltr'><strong>in</strong></span> <span class='ocrx_word' id='word_1_205' title='bbox 1795 2840 1998 2911; x_wconf 81' lang='lat' dir='ltr'><strong>Spiritu</strong></span> <span class='ocrx_word' id='word_1_206' title='bbox 2030 2852 2081 2895; x_wconf 83' lang='lat' dir='ltr'><strong>et</strong></span> 
     </span>
    </p>
   </div>
   <div class='ocr_carea' id='block_1_31' title="bbox 507 2931 2084 3004">
    <p class='ocr_par' dir='ltr' id='par_1_31' title="bbox 507 2931 2084 3004">
     <span class='ocr_line' id='line_1_31' title="bbox 507 2931 2084 3004; baseline -0.003 -14"><span class='ocrx_word' id='word_1_207' title='bbox 507 2952 630 2990; x_wconf 80' lang='lat' dir='ltr'><strong>cum</strong></span> <span class='ocrx_word' id='word_1_208' title='bbox 661 2934 1026 3004; x_wconf 84' lang='lat' dir='ltr'><strong>spiritualibus</strong></span> <span class='ocrx_word' id='word_1_209' title='bbox 1051 2931 1929 3001; x_wconf 72' lang='lat' dir='ltr'><strong>discernenda&quot;.Minimequoque</strong></span> <span class='ocrx_word' id='word_1_210' title='bbox 1945 2932 2084 3000; x_wconf 79' lang='lat' dir='ltr'><strong>cepit</strong></span> 
     </span>
    </p>
   </div>
   <div class='ocr_carea' id='block_1_32' title="bbox 506 3026 2084 3099">
    <p class='ocr_par' dir='ltr' id='par_1_32' title="bbox 506 3026 2084 3099">
     <span class='ocr_line' id='line_1_32' title="bbox 506 3026 2084 3099; baseline -0.003 -16"><span class='ocrx_word' id='word_1_211' title='bbox 506 3031 650 3099; x_wconf 87' lang='lat' dir='ltr'><strong>quod</strong></span> <span class='ocrx_word' id='word_1_212' title='bbox 677 3030 940 3099; x_wconf 86' lang='lat' dir='ltr'><strong>scriptum</strong></span> <span class='ocrx_word' id='word_1_213' title='bbox 969 3039 1053 3083; x_wconf 89' lang='lat' dir='ltr'><strong>est</strong></span> <span class='ocrx_word' id='word_1_214' title='bbox 1081 3047 1094 3081; x_wconf 89' lang='lat'><strong>:</strong></span> <span class='ocrx_word' id='word_1_215' title='bbox 1124 3026 1383 3081; x_wconf 81' lang='lat' dir='ltr'><strong>Animalis</strong></span> <span class='ocrx_word' id='word_1_216' title='bbox 1405 3029 1557 3081; x_wconf 83' lang='lat' dir='ltr'><strong>homo</strong></span> <span class='ocrx_word' id='word_1_217' title='bbox 1587 3043 1691 3080; x_wconf 80' lang='lat' dir='ltr'><strong>non</strong></span> <span class='ocrx_word' id='word_1_218' title='bbox 1722 3028 1940 3094; x_wconf 78' lang='lat' dir='ltr'><strong>percipit</strong></span> <span class='ocrx_word' id='word_1_219' title='bbox 1967 3040 2084 3094; x_wconf 80' lang='lat' dir='ltr'><strong>qua:</strong></span> 
     </span>
    </p>
   </div>
   <div class='ocr_carea' id='block_1_33' title="bbox 2186 633 3737 708">
    <p class='ocr_par' dir='ltr' id='par_1_33' title="bbox 2186 633 3737 708">
     <span class='ocr_line' id='line_1_33' title="bbox 2186 633 3737 708; baseline -0.001 -22"><span class='ocrx_word' id='word_1_220' title='bbox 2186 656 2203 686; x_wconf 81' lang='grc' dir='ltr'><strong>ι</strong></span> <span class='ocrx_word' id='word_1_221' title='bbox 2246 638 2413 702; x_wconf 73' lang='grc' dir='ltr'>αὐτάς</span> <span class='ocrx_word' id='word_1_222' title='bbox 2442 637 2714 708; x_wconf 75' lang='grc' dir='ltr'><strong>γέγραφεν</strong></span> <span class='ocrx_word' id='word_1_223' title='bbox 2740 636 2799 702; x_wconf 76' lang='grc' dir='ltr'><strong>ἒξ</strong></span> <span class='ocrx_word' id='word_1_224' title='bbox 2823 635 2933 705; x_wconf 80' lang='grc'><strong>(90)</strong></span> <span class='ocrx_word' id='word_1_225' title='bbox 2954 634 3152 704; x_wconf 73' lang='grc' dir='ltr'>βιϐλίαο</span> <span class='ocrx_word' id='word_1_226' title='bbox 3188 633 3281 686; x_wconf 81' lang='grc' dir='ltr'>δύο</span> <span class='ocrx_word' id='word_1_227' title='bbox 3312 634 3410 703; x_wconf 78' lang='grc' dir='ltr'><strong>μὲν</strong></span> <span class='ocrx_word' id='word_1_228' title='bbox 3442 634 3549 686; x_wconf 80' lang='grc' dir='ltr'><strong>τῶν</strong></span> <span class='ocrx_word' id='word_1_229' title='bbox 3580 633 3737 703; x_wconf 75' lang='grc' dir='ltr'>ὲμμέ·</span> 
     </span>
    </p>
   </div>
   <div class='ocr_carea' id='block_1_34' title="bbox 2186 724 3742 799">
    <p class='ocr_par' dir='ltr' id='par_1_34' title="bbox 2186 724 3742 799">
     <span class='ocr_line' id='line_1_34' title="bbox 2186 724 3742 799; baseline -0.001 -20"><span class='ocrx_word' id='word_1_230' title='bbox 2186 748 2205 779; x_wconf 72' lang='grc' dir='ltr'><strong>ι</strong></span> <span class='ocrx_word' id='word_1_231' title='bbox 2245 746 2409 799; x_wconf 88' lang='grc' dir='ltr'>τρων,</span> <span class='ocrx_word' id='word_1_232' title='bbox 2436 729 2544 782; x_wconf 86' lang='grc' dir='ltr'><strong>τῶν</strong></span> <span class='ocrx_word' id='word_1_233' title='bbox 2573 729 2629 781; x_wconf 86' lang='grc' dir='ltr'>δὲ</span> <span class='ocrx_word' id='word_1_234' title='bbox 2657 728 2912 799; x_wconf 81' lang='grc' dir='ltr'><strong>ἀμέτρων</strong></span> <span class='ocrx_word' id='word_1_235' title='bbox 2937 728 3199 798; x_wconf 84' lang='grc' dir='ltr'>τέσσαρα.</span> <span class='ocrx_word' id='word_1_236' title='bbox 3230 724 3445 789; x_wconf 71' lang='grc' dir='ltr'>Ταύτας</span> <span class='ocrx_word' id='word_1_237' title='bbox 3470 726 3528 779; x_wconf 75' lang='grc' dir='ltr'>δὲ</span> <span class='ocrx_word' id='word_1_238' title='bbox 3560 744 3742 797; x_wconf 87' lang='grc' dir='ltr'>παροι-</span> 
     </span>
    </p>
   </div>
   <div class='ocr_carea' id='block_1_35' title="bbox 2186 819 3751 894">
    <p class='ocr_par' dir='ltr' id='par_1_35' title="bbox 2186 819 3751 894">
     <span class='ocr_line' id='line_1_35' title="bbox 2186 819 3751 894; baseline -0.004 -18"><span class='ocrx_word' id='word_1_239' title='bbox 2186 843 2203 872; x_wconf 82' lang='grc' dir='ltr'><strong>ι</strong></span> <span class='ocrx_word' id='word_1_240' title='bbox 2249 824 2377 894; x_wconf 87' lang='grc' dir='ltr'>μίας</span> <span class='ocrx_word' id='word_1_241' title='bbox 2416 822 2707 893; x_wconf 79' lang='grc' dir='ltr'><strong>ὠνόμασαν</strong></span> <span class='ocrx_word' id='word_1_242' title='bbox 2747 823 2797 875; x_wconf 80' lang='grc' dir='ltr'>οἱ</span> <span class='ocrx_word' id='word_1_243' title='bbox 2842 820 3039 888; x_wconf 77' lang='grc' dir='ltr'>ἔξωθεν</span> <span class='ocrx_word' id='word_1_244' title='bbox 3074 820 3141 873; x_wconf 82' lang='grc' dir='ltr'>δι’</span> <span class='ocrx_word' id='word_1_245' title='bbox 3179 820 3331 873; x_wconf 80' lang='grc' dir='ltr'>οὐδὲν</span> <span class='ocrx_word' id='word_1_246' title='bbox 3372 819 3581 891; x_wconf 70' lang='grc' dir='ltr'>ἕτερον,</span> <span class='ocrx_word' id='word_1_247' title='bbox 3630 820 3751 889; x_wconf 66' lang='grc' dir='ltr'>ἐμοὶ</span> 
     </span>
    </p>
   </div>
   <div class='ocr_carea' id='block_1_36' title="bbox 2185 910 3752 986">
    <p class='ocr_par' dir='ltr' id='par_1_36' title="bbox 2185 910 3752 986">
     <span class='ocr_line' id='line_1_36' title="bbox 2185 910 3752 986; baseline -0.001 -21"><span class='ocrx_word' id='word_1_248' title='bbox 2185 934 2202 965; x_wconf 77' lang='grc' dir='ltr'><strong>ι</strong></span> <span class='ocrx_word' id='word_1_249' title='bbox 2238 916 2434 979; x_wconf 79' lang='grc' dir='ltr'>δοκεῖν,</span> <span class='ocrx_word' id='word_1_250' title='bbox 2469 915 2581 968; x_wconf 76' lang='grc' dir='ltr'>ἀλλ’</span> <span class='ocrx_word' id='word_1_251' title='bbox 2625 914 2812 986; x_wconf 76' lang='grc' dir='ltr'>ἐπειδὴ</span> <span class='ocrx_word' id='word_1_252' title='bbox 2837 916 2957 977; x_wconf 86' lang='grc' dir='ltr'>ταῖς</span> <span class='ocrx_word' id='word_1_253' title='bbox 2983 911 3076 966; x_wconf 80' lang='grc' dir='ltr'>τοῦ</span> <span class='ocrx_word' id='word_1_254' title='bbox 3105 912 3415 981; x_wconf 79' lang='grc' dir='ltr'><strong>σοφωτάτου</strong></span> <span class='ocrx_word' id='word_1_255' title='bbox 3442 910 3752 980; x_wconf 83' lang='grc' dir='ltr'>Σολομῶνος</span> 
     </span>
    </p>
   </div>
   <div class='ocr_carea' id='block_1_37' title="bbox 2187 1001 3754 1077">
    <p class='ocr_par' dir='ltr' id='par_1_37' title="bbox 2187 1001 3754 1077">
     <span class='ocr_line' id='line_1_37' title="bbox 2187 1001 3754 1077; baseline -0.003 -20"><span class='ocrx_word' id='word_1_256' title='bbox 2187 1028 2201 1057; x_wconf 79' lang='grc' dir='ltr'><strong>ι</strong></span> <span class='ocrx_word' id='word_1_257' title='bbox 2245 1007 2571 1077; x_wconf 88' lang='grc' dir='ltr'>Παροιμίαις</span> <span class='ocrx_word' id='word_1_258' title='bbox 2601 1008 2930 1077; x_wconf 74' lang='grc' dir='ltr'>ἐντυχόντες.</span> <span class='ocrx_word' id='word_1_259' title='bbox 2962 1004 3055 1058; x_wconf 77' lang='grc' dir='ltr'>καὶ</span> <span class='ocrx_word' id='word_1_260' title='bbox 3084 1003 3303 1073; x_wconf 81' lang='grc' dir='ltr'>γνόντες</span> <span class='ocrx_word' id='word_1_261' title='bbox 3348 1002 3415 1055; x_wconf 86' lang='grc' dir='ltr'>δι’</span> <span class='ocrx_word' id='word_1_262' title='bbox 3444 1001 3645 1065; x_wconf 77' lang='grc' dir='ltr'>αὐτῶν,</span> <span class='ocrx_word' id='word_1_263' title='bbox 3670 1002 3754 1054; x_wconf 81' lang='grc' dir='ltr'>ὅτι</span> 
     </span>
    </p>
   </div>
   <div class='ocr_carea' id='block_1_38' title="bbox 2188 1096 3755 1170">
    <p class='ocr_par' dir='ltr' id='par_1_38' title="bbox 2188 1096 3755 1170">
     <span class='ocr_line' id='line_1_38' title="bbox 2188 1096 3755 1170; baseline -0.001 -20"><span class='ocrx_word' id='word_1_264' title='bbox 2188 1120 2204 1150; x_wconf 82' lang='grc' dir='ltr'><strong>ι</strong></span> <span class='ocrx_word' id='word_1_265' title='bbox 2240 1099 2394 1152; x_wconf 78' lang='grc' dir='ltr'>οὐδέν</span> <span class='ocrx_word' id='word_1_266' title='bbox 2424 1101 2571 1152; x_wconf 72' lang='grc' dir='ltr'>ἐστιν</span> <span class='ocrx_word' id='word_1_267' title='bbox 2596 1101 2660 1151; x_wconf 79' lang='grc' dir='ltr'>ἐκ</span> <span class='ocrx_word' id='word_1_268' title='bbox 2686 1099 2780 1152; x_wconf 75' lang='grc' dir='ltr'>τοῦ</span> <span class='ocrx_word' id='word_1_269' title='bbox 2809 1099 3099 1170; x_wconf 78' lang='grc' dir='ltr'>προχείρου</span> <span class='ocrx_word' id='word_1_270' title='bbox 3130 1097 3317 1165; x_wconf 80' lang='grc' dir='ltr'>σαφῶς</span> <span class='ocrx_word' id='word_1_271' title='bbox 3338 1096 3451 1150; x_wconf 87' lang='grc' dir='ltr'><strong>τῶν</strong></span> <span class='ocrx_word' id='word_1_272' title='bbox 3475 1099 3535 1149; x_wconf 77' lang='grc' dir='ltr'>ἐν</span> <span class='ocrx_word' id='word_1_273' title='bbox 3562 1097 3755 1160; x_wconf 82' lang='grc' dir='ltr'>αὑταῖς</span> 
     </span>
    </p>
   </div>
   <div class='ocr_carea' id='block_1_39' title="bbox 2187 1188 3755 1263">
    <p class='ocr_par' dir='ltr' id='par_1_39' title="bbox 2187 1188 3755 1263">
     <span class='ocr_line' id='line_1_39' title="bbox 2187 1188 3755 1263; baseline -0.001 -21"><span class='ocrx_word' id='word_1_274' title='bbox 2187 1212 2202 1241; x_wconf 87' lang='grc' dir='ltr'><strong>ι</strong></span> <span class='ocrx_word' id='word_1_275' title='bbox 2241 1192 2545 1263; x_wconf 81' lang='grc' dir='ltr'>εἰρημένων</span> <span class='ocrx_word' id='word_1_276' title='bbox 2579 1191 2788 1263; x_wconf 86' lang='grc' dir='ltr'>μαθεῖν,</span> <span class='ocrx_word' id='word_1_277' title='bbox 2821 1192 2914 1245; x_wconf 78' lang='grc' dir='ltr'><strong>καὶ</strong></span> <span class='ocrx_word' id='word_1_278' title='bbox 2941 1190 3095 1244; x_wconf 74' lang='grc' dir='ltr'>αὐτοὶ</span> <span class='ocrx_word' id='word_1_279' title='bbox 3121 1189 3355 1259; x_wconf 76' lang='grc' dir='ltr'>ζηλῶσαι</span> <span class='ocrx_word' id='word_1_280' title='bbox 3399 1188 3460 1241; x_wconf 79' lang='grc' dir='ltr'>τὸ</span> <span class='ocrx_word' id='word_1_281' title='bbox 3491 1205 3755 1259; x_wconf 77' lang='grc' dir='ltr'>προφητι-</span> 
     </span>
    </p>
   </div>
   <div class='ocr_carea' id='block_1_40' title="bbox 2187 1281 3756 1355">
    <p class='ocr_par' dir='ltr' id='par_1_40' title="bbox 2187 1281 3756 1355">
     <span class='ocr_line' id='line_1_40' title="bbox 2187 1281 3756 1355; baseline -0.002 -18"><span class='ocrx_word' id='word_1_282' title='bbox 2187 1306 2203 1336; x_wconf 84' lang='grc' dir='ltr'><strong>ι</strong></span> <span class='ocrx_word' id='word_1_283' title='bbox 2245 1285 2339 1337; x_wconf 78' lang='grc' dir='ltr'>κὸν</span> <span class='ocrx_word' id='word_1_284' title='bbox 2365 1282 2713 1355; x_wconf 72' lang='grc' dir='ltr'><strong>βουληθέντες</strong></span> <span class='ocrx_word' id='word_1_285' title='bbox 2741 1283 2995 1354; x_wconf 83' lang='grc' dir='ltr'>γράμμα,</span> <span class='ocrx_word' id='word_1_286' title='bbox 3030 1281 3120 1335; x_wconf 80' lang='grc' dir='ltr'><strong>τὸν</strong></span> <span class='ocrx_word' id='word_1_287' title='bbox 3149 1281 3310 1334; x_wconf 78' lang='grc' dir='ltr'>αὐτὸν</span> <span class='ocrx_word' id='word_1_288' title='bbox 3336 1282 3527 1351; x_wconf 81' lang='grc' dir='ltr'>ἐκείνῳ</span> <span class='ocrx_word' id='word_1_289' title='bbox 3553 1282 3756 1349; x_wconf 79' lang='grc' dir='ltr'>γεγρά-</span> 
     </span>
    </p>
   </div>
   <div class='ocr_carea' id='block_1_41' title="bbox 2187 1372 3754 1447">
    <p class='ocr_par' dir='ltr' id='par_1_41' title="bbox 2187 1372 3754 1447">
     <span class='ocr_line' id='line_1_41' title="bbox 2187 1372 3754 1447; baseline -0.003 -19"><span class='ocrx_word' id='word_1_290' title='bbox 2187 1396 2204 1428; x_wconf 84' lang='grc' dir='ltr'><strong>ι</strong></span> <span class='ocrx_word' id='word_1_291' title='bbox 2242 1393 2374 1446; x_wconf 86' lang='grc' dir='ltr'>φασι</span> <span class='ocrx_word' id='word_1_292' title='bbox 2398 1376 2616 1447; x_wconf 89' lang='grc' dir='ltr'>τρόπον.</span> <span class='ocrx_word' id='word_1_293' title='bbox 2652 1373 2802 1440; x_wconf 78' lang='grc' dir='ltr'>Εἶτα,</span> <span class='ocrx_word' id='word_1_294' title='bbox 2836 1375 2912 1438; x_wconf 80' lang='grc' dir='ltr'><strong>ὡς</strong></span> <span class='ocrx_word' id='word_1_295' title='bbox 2943 1374 3110 1447; x_wconf 86' lang='grc' dir='ltr'>μηδὲν</span> <span class='ocrx_word' id='word_1_296' title='bbox 3140 1373 3326 1446; x_wconf 75' lang='grc' dir='ltr'>ἕτερον</span> <span class='ocrx_word' id='word_1_297' title='bbox 3357 1372 3530 1441; x_wconf 77' lang='grc' dir='ltr'>ὄνομα</span> <span class='ocrx_word' id='word_1_298' title='bbox 3550 1372 3754 1443; x_wconf 77' lang='grc' dir='ltr'>κυριώ-</span> 
     </span>
    </p>
   </div>
   <div class='ocr_carea' id='block_1_42' title="bbox 2186 1463 3754 1542">
    <p class='ocr_par' dir='ltr' id='par_1_42' title="bbox 2186 1463 3754 1542">
     <span class='ocr_line' id='line_1_42' title="bbox 2186 1463 3754 1542; baseline -0.003 -22"><span class='ocrx_word' id='word_1_299' title='bbox 2186 1489 2203 1520; x_wconf 79' lang='grc' dir='ltr'><strong>ι</strong></span> <span class='ocrx_word' id='word_1_300' title='bbox 2241 1486 2398 1542; x_wconf 86' lang='grc' dir='ltr'>τερον</span> <span class='ocrx_word' id='word_1_301' title='bbox 2445 1468 2653 1522; x_wconf 73' lang='grc' dir='ltr'>ἐκείνου</span> <span class='ocrx_word' id='word_1_302' title='bbox 2701 1466 2987 1537; x_wconf 79' lang='grc' dir='ltr'><strong>ἐπινοῆσαι</strong></span> <span class='ocrx_word' id='word_1_303' title='bbox 3033 1465 3367 1537; x_wconf 79' lang='grc' dir='ltr'><strong>δυνηθέντες,</strong></span> <span class='ocrx_word' id='word_1_304' title='bbox 3410 1466 3505 1518; x_wconf 80' lang='grc' dir='ltr'><strong>καὶ</strong></span> <span class='ocrx_word' id='word_1_305' title='bbox 3545 1463 3754 1526; x_wconf 82' lang='grc' dir='ltr'>ταύτας</span> 
     </span>
    </p>
   </div>
   <div class='ocr_carea' id='block_1_43' title="bbox 2187 1559 2939 1633">
    <p class='ocr_par' dir='ltr' id='par_1_43' title="bbox 2187 1559 2939 1633">
     <span class='ocr_line' id='line_1_43' title="bbox 2187 1559 2939 1633; baseline -0.005 -20"><span class='ocrx_word' id='word_1_306' title='bbox 2187 1581 2204 1613; x_wconf 83' lang='grc' dir='ltr'><strong>ι</strong></span> <span class='ocrx_word' id='word_1_307' title='bbox 2247 1561 2552 1633; x_wconf 87' lang='grc' dir='ltr'>Παροιμίας</span> <span class='ocrx_word' id='word_1_308' title='bbox 2584 1559 2889 1630; x_wconf 82' lang='grc' dir='ltr'>ὠνόμασαν.</span> <span class='ocrx_word' id='word_1_309' title='bbox 2920 1578 2939 1609; x_wconf 74' lang='grc' dir='ltr'><strong>ι</strong></span> 
     </span>
    </p>
   </div>
   <div class='ocr_carea' id='block_1_44' title="bbox 2250 1646 3757 1722">
    <p class='ocr_par' dir='ltr' id='par_1_44' title="bbox 2250 1646 3757 1722">
     <span class='ocr_line' id='line_1_44' title="bbox 2250 1646 3757 1722; baseline -0.006 -14"><span class='ocrx_word' id='word_1_310' title='bbox 2250 1654 2350 1708; x_wconf 84' lang='grc' dir='ltr'><strong>Διὰ</strong></span> <span class='ocrx_word' id='word_1_311' title='bbox 2380 1653 2635 1707; x_wconf 81' lang='grc' dir='ltr'><strong>τοιούτων</strong></span> <span class='ocrx_word' id='word_1_312' title='bbox 2662 1650 2978 1722; x_wconf 87' lang='grc' dir='ltr'>Μάρκελλος</span> <span class='ocrx_word' id='word_1_313' title='bbox 3010 1648 3364 1722; x_wconf 88' lang='grc' dir='ltr'>παραθέσεων</span> <span class='ocrx_word' id='word_1_314' title='bbox 3389 1647 3488 1721; x_wconf 81' lang='grc' dir='ltr'>τὴν</span> <span class='ocrx_word' id='word_1_315' title='bbox 3530 1646 3757 1718; x_wconf 77' lang='grc' dir='ltr'>Ἐκκλη-</span> 
     </span>
    </p>
   </div>
   <div class='ocr_carea' id='block_1_45' title="bbox 2184 1740 3755 1806">
    <p class='ocr_par' dir='ltr' id='par_1_45' title="bbox 2184 1740 3755 1806">
     <span class='ocr_line' id='line_1_45' title="bbox 2184 1740 3755 1806; baseline -0.006 -5"><span class='ocrx_word' id='word_1_316' title='bbox 2184 1749 2304 1801; x_wconf 89' lang='grc' dir='ltr'>σίαν</span> <span class='ocrx_word' id='word_1_317' title='bbox 2329 1746 2425 1800; x_wconf 74' lang='grc' dir='ltr'>τοῦ</span> <span class='ocrx_word' id='word_1_318' title='bbox 2459 1744 2593 1798; x_wconf 83' lang='grc' dir='ltr'>Θεοῦ</span> <span class='ocrx_word' id='word_1_319' title='bbox 2623 1744 2894 1798; x_wconf 74' lang='grc' dir='ltr'>διδάσκειν</span> <span class='ocrx_word' id='word_1_320' title='bbox 2921 1741 3020 1806; x_wconf 83' lang='grc' dir='ltr'>τὰς</span> <span class='ocrx_word' id='word_1_321' title='bbox 3048 1740 3434 1804; x_wconf 83' lang='grc' dir='ltr'>θεοπνεύστους</span> <span class='ocrx_word' id='word_1_322' title='bbox 3458 1743 3599 1793; x_wconf 86' lang='grc' dir='ltr'>νοεῖν</span> <span class='ocrx_word' id='word_1_323' title='bbox 3632 1757 3755 1793; x_wconf 81' lang='grc' dir='ltr'>πει-</span> 
     </span>
    </p>
   </div>
   <div class='ocr_carea' id='block_1_46' title="bbox 2184 1831 3759 1912">
    <p class='ocr_par' dir='ltr' id='par_1_46' title="bbox 2184 1831 3759 1912">
     <span class='ocr_line' id='line_1_46' title="bbox 2184 1831 3759 1912; baseline -0.008 -18"><span class='ocrx_word' id='word_1_324' title='bbox 2184 1841 2342 1912; x_wconf 66' lang='lat' dir='ltr'><strong>pata:</strong></span> <span class='ocrx_word' id='word_1_325' title='bbox 2370 1838 2609 1909; x_wconf 84' lang='grc' dir='ltr'>Γραφάς.</span> <span class='ocrx_word' id='word_1_326' title='bbox 2648 1836 2817 1907; x_wconf 80' lang='grc' dir='ltr'>Ὅλην</span> <span class='ocrx_word' id='word_1_327' title='bbox 2862 1834 2921 1889; x_wconf 81' lang='grc' dir='ltr'><strong>δὲ</strong></span> <span class='ocrx_word' id='word_1_328' title='bbox 2955 1834 3159 1903; x_wconf 79' lang='grc' dir='ltr'>ταύτην</span> <span class='ocrx_word' id='word_1_329' title='bbox 3189 1831 3504 1905; x_wconf 81' lang='grc' dir='ltr'>παρεθέμην</span> <span class='ocrx_word' id='word_1_330' title='bbox 3535 1831 3635 1903; x_wconf 76' lang='grc' dir='ltr'><strong>τὴν</strong></span> <span class='ocrx_word' id='word_1_331' title='bbox 3663 1848 3759 1901; x_wconf 70' lang='grc' dir='ltr'>μαι</span> 
     </span>
    </p>
   </div>
   <div class='ocr_carea' id='block_1_47' title="bbox 2180 1916 3756 2002">
    <p class='ocr_par' dir='ltr' id='par_1_47' title="bbox 2180 1916 3756 2002">
     <span class='ocr_line' id='line_1_47' title="bbox 2180 1916 3756 2002; baseline -0.006 -18"><span class='ocrx_word' id='word_1_332' title='bbox 2180 1930 2319 2002; x_wconf 82' lang='grc' dir='ltr'>κράν</span> <span class='ocrx_word' id='word_1_333' title='bbox 2346 1931 2441 1984; x_wconf 72' lang='grc' dir='ltr'>καὶ</span> <span class='ocrx_word' id='word_1_334' title='bbox 2470 1916 2756 1999; x_wconf 73' lang='grc' dir='ltr'>ἀδόλεσχον</span> <span class='ocrx_word' id='word_1_335' title='bbox 2789 1925 3215 1999; x_wconf 86' lang='grc' dir='ltr'>περιττολογίαν,</span> <span class='ocrx_word' id='word_1_336' title='bbox 3239 1924 3406 1991; x_wconf 78' lang='grc' dir='ltr'>δεῖξαι</span> <span class='ocrx_word' id='word_1_337' title='bbox 3434 1923 3756 1994; x_wconf 80' lang='grc' dir='ltr'>βυυ).όμενο;</span> 
     </span>
    </p>
   </div>
   <div class='ocr_carea' id='block_1_48' title="bbox 2178 2014 3752 2088">
    <p class='ocr_par' dir='ltr' id='par_1_48' title="bbox 2178 2014 3752 2088">
     <span class='ocr_line' id='line_1_48' title="bbox 2178 2014 3752 2088; baseline -0.002 -16"><span class='ocrx_word' id='word_1_338' title='bbox 2178 2017 2341 2073; x_wconf 77' lang='grc' dir='ltr'>αὑτοῦ</span> <span class='ocrx_word' id='word_1_339' title='bbox 2368 2018 2466 2088; x_wconf 80' lang='grc' dir='ltr'>τὴν</span> <span class='ocrx_word' id='word_1_340' title='bbox 2493 2016 2677 2070; x_wconf 80' lang='grc' dir='ltr'>ἄνοιαν</span> <span class='ocrx_word' id='word_1_341' title='bbox 2698 2017 2797 2087; x_wconf 84' lang='grc' dir='ltr'>τῆς</span> <span class='ocrx_word' id='word_1_342' title='bbox 2824 2015 3024 2086; x_wconf 82' lang='grc' dir='ltr'>πολλῆς</span> <span class='ocrx_word' id='word_1_343' title='bbox 3048 2016 3142 2068; x_wconf 78' lang='grc' dir='ltr'>καὶ</span> <span class='ocrx_word' id='word_1_344' title='bbox 3167 2014 3396 2085; x_wconf 81' lang='grc' dir='ltr'>ἀκαίρου</span> <span class='ocrx_word' id='word_1_345' title='bbox 3418 2014 3752 2085; x_wconf 76' lang='grc' dir='ltr'>φιλοτιμίας,</span> 
     </span>
    </p>
   </div>
   <div class='ocr_carea' id='block_1_49' title="bbox 2179 2106 3758 2185">
    <p class='ocr_par' dir='ltr' id='par_1_49' title="bbox 2179 2106 3758 2185">
     <span class='ocr_line' id='line_1_49' title="bbox 2179 2106 3758 2185; baseline -0.004 -21"><span class='ocrx_word' id='word_1_346' title='bbox 2179 2107 2212 2185; x_wconf 80' lang='grc' dir='ltr'>ᾖ</span> <span class='ocrx_word' id='word_1_347' title='bbox 2239 2111 2500 2182; x_wconf 83' lang='grc' dir='ltr'>κέχρηται</span> <span class='ocrx_word' id='word_1_348' title='bbox 2533 2112 2561 2161; x_wconf 86' lang='grc' dir='ltr'>ὁ</span> <span class='ocrx_word' id='word_1_349' title='bbox 2592 2109 2755 2181; x_wconf 83' lang='grc' dir='ltr'>ἀνὴρ,</span> <span class='ocrx_word' id='word_1_350' title='bbox 2788 2107 2898 2161; x_wconf 88' lang='grc' dir='ltr'><strong>τῶν</strong></span> <span class='ocrx_word' id='word_1_351' title='bbox 2935 2108 3034 2178; x_wconf 84' lang='grc' dir='ltr'><strong>μὲν</strong></span> <span class='ocrx_word' id='word_1_352' title='bbox 3074 2106 3400 2177; x_wconf 73' lang='grc' dir='ltr'>Ἑλληνικῶν</span> <span class='ocrx_word' id='word_1_353' title='bbox 3439 2106 3612 2175; x_wconf 88' lang='grc' dir='ltr'>λόγων</span> <span class='ocrx_word' id='word_1_354' title='bbox 3637 2108 3758 2159; x_wconf 72' lang='grc' dir='ltr'>ἑπι-</span> 
     </span>
    </p>
   </div>
   <div class='ocr_carea' id='block_1_50' title="bbox 2178 2195 3757 2269">
    <p class='ocr_par' dir='ltr' id='par_1_50' title="bbox 2178 2195 3757 2269">
     <span class='ocr_line' id='line_1_50' title="bbox 2178 2195 3757 2269; baseline -0.002 -15"><span class='ocrx_word' id='word_1_355' title='bbox 2178 2201 2480 2264; x_wconf 73' lang='grc' dir='ltr'>δεικτικῶς,</span> <span class='ocrx_word' id='word_1_356' title='bbox 2510 2200 2617 2253; x_wconf 89' lang='grc' dir='ltr'><strong>τῶν</strong></span> <span class='ocrx_word' id='word_1_357' title='bbox 2642 2200 2701 2252; x_wconf 84' lang='grc' dir='ltr'>δὲ</span> <span class='ocrx_word' id='word_1_358' title='bbox 2730 2199 2890 2252; x_wconf 88' lang='grc' dir='ltr'>θείων</span> <span class='ocrx_word' id='word_1_359' title='bbox 2919 2198 3264 2269; x_wconf 83' lang='grc' dir='ltr'>ἀμνημόνως.</span> <span class='ocrx_word' id='word_1_360' title='bbox 3293 2198 3366 2251; x_wconf 77' lang='lat' dir='ltr'><strong>Ub</strong></span> <span class='ocrx_word' id='word_1_361' title='bbox 3388 2195 3499 2267; x_wconf 80' lang='grc' dir='ltr'>γὰρ</span> <span class='ocrx_word' id='word_1_362' title='bbox 3530 2199 3597 2251; x_wconf 81' lang='grc' dir='ltr'>ἄν</span> <span class='ocrx_word' id='word_1_363' title='bbox 3629 2215 3757 2251; x_wconf 80' lang='grc' dir='ltr'>ποτε</span> 
     </span>
    </p>
   </div>
   <div class='ocr_carea' id='block_1_51' title="bbox 2180 2286 3758 2361">
    <p class='ocr_par' dir='ltr' id='par_1_51' title="bbox 2180 2286 3758 2361">
     <span class='ocr_line' id='line_1_51' title="bbox 2180 2286 3758 2361; baseline -0.001 -20"><span class='ocrx_word' id='word_1_364' title='bbox 2180 2290 2259 2351; x_wconf 73' lang='grc' dir='ltr'><strong>εἰς</strong></span> <span class='ocrx_word' id='word_1_365' title='bbox 2285 2287 2552 2359; x_wconf 76' lang='grc' dir='ltr'>τοσαύτην</span> <span class='ocrx_word' id='word_1_366' title='bbox 2582 2287 2840 2352; x_wconf 74' lang='grc' dir='ltr'>ἐξέπιπτε</span> <span class='ocrx_word' id='word_1_367' title='bbox 2864 2287 3152 2361; x_wconf 83' lang='grc' dir='ltr'>φλυαρίαν,</span> <span class='ocrx_word' id='word_1_368' title='bbox 3180 2289 3229 2340; x_wconf 84' lang='grc' dir='ltr'><strong>εί</strong></span> <span class='ocrx_word' id='word_1_369' title='bbox 3251 2286 3359 2340; x_wconf 86' lang='grc' dir='ltr'><strong>τῶν</strong></span> <span class='ocrx_word' id='word_1_370' title='bbox 3384 2287 3758 2340; x_wconf 81' lang='grc' dir='ltr'>άποστολικῶν</span> 
     </span>
    </p>
   </div>
   <div class='ocr_carea' id='block_1_52' title="bbox 2182 2372 3759 2452">
    <p class='ocr_par' dir='ltr' id='par_1_52' title="bbox 2182 2372 3759 2452">
     <span class='ocr_line' id='line_1_52' title="bbox 2182 2372 3759 2452; baseline -0.003 -19"><span class='ocrx_word' id='word_1_371' title='bbox 2182 2380 2457 2452; x_wconf 77' lang='grc' dir='ltr'>ἐμέμνητο</span> <span class='ocrx_word' id='word_1_372' title='bbox 2506 2378 3003 2451; x_wconf 83' lang='grc' dir='ltr'>παραγγελμάτων,</span> <span class='ocrx_word' id='word_1_373' title='bbox 3062 2378 3128 2432; x_wconf 88' lang='grc' dir='ltr'>δι’</span> <span class='ocrx_word' id='word_1_374' title='bbox 3177 2372 3252 2431; x_wconf 83' lang='grc' dir='ltr'>ὧν</span> <span class='ocrx_word' id='word_1_375' title='bbox 3310 2381 3567 2449; x_wconf 88' lang='grc' dir='ltr'>παραινεῖ</span> <span class='ocrx_word' id='word_1_376' title='bbox 3622 2378 3759 2449; x_wconf 82' lang='grc' dir='ltr'>χρῆ-</span> 
     </span>
    </p>
   </div>
   <div class='ocr_carea' id='block_1_53' title="bbox 2180 2470 3755 2542">
    <p class='ocr_par' dir='ltr' id='par_1_53' title="bbox 2180 2470 3755 2542">
     <span class='ocr_line' id='line_1_53' title="bbox 2180 2470 3755 2542; baseline -0.003 -15"><span class='ocrx_word' id='word_1_377' title='bbox 2180 2492 2287 2538; x_wconf 80' lang='grc' dir='ltr'>ναι,</span> <span class='ocrx_word' id='word_1_378' title='bbox 2339 2472 2409 2526; x_wconf 75' lang='grc' dir='ltr'>τὰ</span> <span class='ocrx_word' id='word_1_379' title='bbox 2463 2472 2568 2526; x_wconf 83' lang='grc' dir='ltr'>ὑπὸ</span> <span class='ocrx_word' id='word_1_380' title='bbox 2621 2472 2714 2525; x_wconf 80' lang='grc' dir='ltr'>τοῦ</span> <span class='ocrx_word' id='word_1_381' title='bbox 2770 2470 2905 2525; x_wconf 77' lang='grc' dir='ltr'>θεοῦ</span> <span class='ocrx_word' id='word_1_382' title='bbox 2965 2471 3292 2542; x_wconf 72' lang='grc' dir='ltr'>χαρισθέντα</span> <span class='ocrx_word' id='word_1_383' title='bbox 3348 2472 3478 2541; x_wconf 75' lang='grc' dir='ltr'>ἡμῖν</span> <span class='ocrx_word' id='word_1_384' title='bbox 3531 2470 3712 2523; x_wconf 81' lang='grc' dir='ltr'>λαλεῖν</span> <span class='ocrx_word' id='word_1_385' title='bbox 3740 2509 3755 2531; x_wconf 91' lang='grc'><strong>,</strong></span> 
     </span>
    </p>
   </div>
   <div class='ocr_carea' id='block_1_54' title="bbox 2179 2561 3756 2632">
    <p class='ocr_par' dir='ltr' id='par_1_54' title="bbox 2179 2561 3756 2632">
     <span class='ocr_line' id='line_1_54' title="bbox 2179 2561 3756 2632; baseline -0.004 -12"><span class='ocrx_word' id='word_1_386' title='bbox 2179 2569 2289 2620; x_wconf 78' lang='grc' dir='ltr'>οὐκ</span> <span class='ocrx_word' id='word_1_387' title='bbox 2308 2566 2378 2619; x_wconf 80' lang='grc' dir='ltr'>ἐν</span> <span class='ocrx_word' id='word_1_388' title='bbox 2403 2564 2704 2631; x_wconf 72' lang='grc' dir='ltr'>διδακτοῖς</span> <span class='ocrx_word' id='word_1_389' title='bbox 2724 2564 3103 2632; x_wconf 77' lang='grc' dir='ltr'>ἀνθρωπίνης</span> <span class='ocrx_word' id='word_1_390' title='bbox 3132 2564 3350 2632; x_wconf 64' lang='grc' dir='ltr'>σοφίας</span> <span class='ocrx_word' id='word_1_391' title='bbox 3368 2562 3595 2630; x_wconf 71' lang='grc' dir='ltr'>λόγοις,</span> <span class='ocrx_word' id='word_1_392' title='bbox 3620 2561 3756 2615; x_wconf 68' lang='grc' dir='ltr'><strong>ἀλλ’</strong></span> 
     </span>
    </p>
   </div>
   <div class='ocr_carea' id='block_1_55' title="bbox 2179 2651 3759 2725">
    <p class='ocr_par' dir='ltr' id='par_1_55' title="bbox 2179 2651 3759 2725">
     <span class='ocr_line' id='line_1_55' title="bbox 2179 2651 3759 2725; baseline -0.006 -15"><span class='ocrx_word' id='word_1_393' title='bbox 2179 2658 2248 2710; x_wconf 83' lang='grc' dir='ltr'>ἐν</span> <span class='ocrx_word' id='word_1_394' title='bbox 2262 2655 2560 2721; x_wconf 79' lang='grc' dir='ltr'>διδακτοῖς</span> <span class='ocrx_word' id='word_1_395' title='bbox 2576 2658 2943 2725; x_wconf 86' lang='grc' dir='ltr'>Πνεύματος,</span> <span class='ocrx_word' id='word_1_396' title='bbox 2960 2653 3328 2723; x_wconf 83' lang='grc' dir='ltr'>πνευματικὰ</span> <span class='ocrx_word' id='word_1_397' title='bbox 3343 2651 3759 2721; x_wconf 78' lang='grc' dir='ltr'>πνευματικοῖς</span> 
     </span>
    </p>
   </div>
   <div class='ocr_carea' id='block_1_56' title="bbox 2180 2745 3758 2818">
    <p class='ocr_par' dir='ltr' id='par_1_56' title="bbox 2180 2745 3758 2818">
     <span class='ocr_line' id='line_1_56' title="bbox 2180 2745 3758 2818; baseline -0.005 -15"><span class='ocrx_word' id='word_1_398' title='bbox 2180 2748 2638 2818; x_wconf 61' lang='grc' dir='ltr'>συγκρίνοντας.</span> <span class='ocrx_word' id='word_1_399' title='bbox 2661 2747 2797 2800; x_wconf 80' lang='grc' dir='ltr'>Οὐδὲ</span> <span class='ocrx_word' id='word_1_400' title='bbox 2827 2750 3026 2818; x_wconf 82' lang='grc' dir='ltr'>νοήσας</span> <span class='ocrx_word' id='word_1_401' title='bbox 3048 2746 3196 2809; x_wconf 84' lang='grc' dir='ltr'>ὅπως</span> <span class='ocrx_word' id='word_1_402' title='bbox 3225 2745 3416 2817; x_wconf 70' lang='grc' dir='ltr'>ἐλέχθη</span> <span class='ocrx_word' id='word_1_403' title='bbox 3453 2745 3536 2807; x_wconf 81' lang='grc' dir='ltr'><strong>τὸ,</strong></span> <span class='ocrx_word' id='word_1_404' title='bbox 3573 2747 3758 2814; x_wconf 77' lang='grc' dir='ltr'>Ψυχι-</span> 
     </span>
    </p>
   </div>
   <div class='ocr_carea' id='block_1_57' title="bbox 2182 2834 3760 2906">
    <p class='ocr_par' dir='ltr' id='par_1_57' title="bbox 2182 2834 3760 2906">
     <span class='ocr_line' id='line_1_57' title="bbox 2182 2834 3760 2906; baseline -0.001 -17"><span class='ocrx_word' id='word_1_405' title='bbox 2182 2836 2290 2902; x_wconf 74' lang='grc' dir='ltr'>κὸς</span> <span class='ocrx_word' id='word_1_406' title='bbox 2322 2834 2629 2904; x_wconf 77' lang='grc' dir='ltr'>ᾶνθρωπος</span> <span class='ocrx_word' id='word_1_407' title='bbox 2677 2837 2747 2889; x_wconf 87' lang='grc' dir='ltr'>οὐ</span> <span class='ocrx_word' id='word_1_408' title='bbox 2788 2835 3021 2906; x_wconf 86' lang='grc' dir='ltr'>δέχεται</span> <span class='ocrx_word' id='word_1_409' title='bbox 3051 2834 3123 2889; x_wconf 88' lang='grc' dir='ltr'>τὰ</span> <span class='ocrx_word' id='word_1_410' title='bbox 3152 2834 3258 2888; x_wconf 88' lang='grc' dir='ltr'>τοῦ</span> <span class='ocrx_word' id='word_1_411' title='bbox 3281 2835 3625 2905; x_wconf 84' lang='grc' dir='ltr'>Πνεύματος</span> <span class='ocrx_word' id='word_1_412' title='bbox 3653 2834 3760 2888; x_wconf 81' lang='grc' dir='ltr'>τοῦ</span> 
     </span>
    </p>
   </div>
   <div class='ocr_carea' id='block_1_58' title="bbox 2185 2926 3760 2999">
    <p class='ocr_par' dir='ltr' id='par_1_58' title="bbox 2185 2926 3760 2999">
     <span class='ocr_line' id='line_1_58' title="bbox 2185 2926 3760 2999; baseline -0.003 -15"><span class='ocrx_word' id='word_1_413' title='bbox 2185 2929 2353 2984; x_wconf 83' lang='grc' dir='ltr'>Θεοῦ.</span> <span class='ocrx_word' id='word_1_414' title='bbox 2386 2929 2590 2998; x_wconf 82' lang='grc' dir='ltr'>ΜωρΙα</span> <span class='ocrx_word' id='word_1_415' title='bbox 2610 2928 2720 2999; x_wconf 78' lang='grc' dir='ltr'>γὰρ</span> <span class='ocrx_word' id='word_1_416' title='bbox 2742 2928 2901 2993; x_wconf 85' lang='grc' dir='ltr'>αὐτῷ</span> <span class='ocrx_word' id='word_1_417' title='bbox 2918 2929 3071 2982; x_wconf 72' lang='grc' dir='ltr'>ἐστι·</span> <span class='ocrx_word' id='word_1_418' title='bbox 3101 2927 3196 2980; x_wconf 72' lang='grc' dir='ltr'>καὶ</span> <span class='ocrx_word' id='word_1_419' title='bbox 3226 2926 3297 2981; x_wconf 86' lang='grc' dir='ltr'>οὐ</span> <span class='ocrx_word' id='word_1_420' title='bbox 3334 2926 3580 2983; x_wconf 84' lang='grc' dir='ltr'>δύναται</span> <span class='ocrx_word' id='word_1_421' title='bbox 3611 2926 3760 2997; x_wconf 84' lang='grc' dir='ltr'>τνῶ-</span> 
     </span>
    </p>
   </div>
   <div class='ocr_carea' id='block_1_59' title="bbox 2182 3018 3762 3090">
    <p class='ocr_par' dir='ltr' id='par_1_59' title="bbox 2182 3018 3762 3090">
     <span class='ocr_line' id='line_1_59' title="bbox 2182 3018 3762 3090; baseline -0.002 -16"><span class='ocrx_word' id='word_1_422' title='bbox 2182 3038 2280 3075; x_wconf 85' lang='grc' dir='ltr'><strong>ναι</strong></span> <span class='ocrx_word' id='word_1_423' title='bbox 2302 3062 2316 3085; x_wconf 91' lang='grc'><strong>,</strong></span> <span class='ocrx_word' id='word_1_424' title='bbox 2365 3021 2454 3073; x_wconf 85' lang='grc' dir='ltr'>ὅτι</span> <span class='ocrx_word' id='word_1_425' title='bbox 2512 3018 2919 3090; x_wconf 78' lang='grc' dir='ltr'>πνευματικῶς</span> <span class='ocrx_word' id='word_1_426' title='bbox 2983 3020 3383 3089; x_wconf 77' lang='grc' dir='ltr'>ἀνακρίνεται.</span> <span class='ocrx_word' id='word_1_427' title='bbox 3462 3018 3646 3073; x_wconf 82' lang='grc' dir='ltr'>Ταῦτα</span> <span class='ocrx_word' id='word_1_428' title='bbox 3704 3018 3762 3071; x_wconf 80' lang='grc' dir='ltr'>δὲ</span> 
     </span>
    </p>
   </div>
   <div class='ocr_carea' id='block_1_60' title="bbox 506 3109 2079 3189">
    <p class='ocr_par' dir='ltr' id='par_1_60' title="bbox 506 3116 2079 3189">
     <span class='ocr_line' id='line_1_60' title="bbox 506 3116 2079 3189; baseline -0.006 -12"><span class='ocrx_word' id='word_1_429' title='bbox 506 3136 627 3177; x_wconf 84' lang='lat' dir='ltr'><strong>sunt</strong></span> <span class='ocrx_word' id='word_1_430' title='bbox 657 3120 887 3189; x_wconf 80' lang='lat' dir='ltr'><strong>Spiritus</strong></span> <span class='ocrx_word' id='word_1_431' title='bbox 907 3120 1022 3176; x_wconf 80' lang='lat' dir='ltr'><strong>Dei.</strong></span> <span class='ocrx_word' id='word_1_432' title='bbox 1050 3120 1293 3176; x_wconf 82' lang='lat' dir='ltr'><strong>Stultitia</strong></span> <span class='ocrx_word' id='word_1_433' title='bbox 1323 3119 1514 3188; x_wconf 82' lang='lat' dir='ltr'><strong>quippe</strong></span> <span class='ocrx_word' id='word_1_434' title='bbox 1539 3119 1643 3185; x_wconf 87' lang='lat' dir='ltr'><strong>ipsi</strong></span> <span class='ocrx_word' id='word_1_435' title='bbox 1666 3127 1784 3171; x_wconf 77' lang='lat' dir='ltr'><strong>sunt</strong></span> <span class='ocrx_word' id='word_1_436' title='bbox 1806 3130 1823 3167; x_wconf 91' lang='lat'><strong><em>:</em></strong></span> <span class='ocrx_word' id='word_1_437' title='bbox 1845 3125 1892 3170; x_wconf 85' lang='lat' dir='ltr'><strong>et</strong></span> <span class='ocrx_word' id='word_1_438' title='bbox 1911 3116 2079 3184; x_wconf 73' lang='lat' dir='ltr'><strong>nequit</strong></span> 
     </span>
    </p>
   </div>
   <div class='ocr_carea' id='block_1_61' title="bbox 2189 3109 3763 3189">
    <p class='ocr_par' dir='ltr' id='par_1_61' title="bbox 2189 3109 3763 3182">
     <span class='ocr_line' id='line_1_61' title="bbox 2189 3109 3763 3182; baseline -0.003 -16"><span class='ocrx_word' id='word_1_439' title='bbox 2189 3113 2477 3182; x_wconf 65' lang='grc' dir='ltr'>άγνοήσαῖ,</span> <span class='ocrx_word' id='word_1_440' title='bbox 2535 3113 2661 3175; x_wconf 78' lang='grc' dir='ltr'>τοὺς</span> <span class='ocrx_word' id='word_1_441' title='bbox 2724 3109 2986 3180; x_wconf 81' lang='grc' dir='ltr'>Ἑλλήνων</span> <span class='ocrx_word' id='word_1_442' title='bbox 3040 3110 3238 3179; x_wconf 83' lang='grc' dir='ltr'>σοφοὺς</span> <span class='ocrx_word' id='word_1_443' title='bbox 3286 3110 3520 3164; x_wconf 79' lang='grc' dir='ltr'>ὑπέλαϐε</span> <span class='ocrx_word' id='word_1_444' title='bbox 3563 3109 3763 3179; x_wconf 85' lang='grc' dir='ltr'>γνῶσιν</span> 
     </span>
    </p>
   </div>
   <div class='ocr_carea' id='block_1_62' title="bbox 507 3203 2079 3301">
    <p class='ocr_par' dir='ltr' id='par_1_62' title="bbox 507 3209 2077 3281">
     <span class='ocr_line' id='line_1_62' title="bbox 507 3209 2077 3281; baseline -0.004 -15"><span class='ocrx_word' id='word_1_445' title='bbox 507 3216 604 3267; x_wconf 86' lang='lat' dir='ltr'><strong>illa</strong></span> <span class='ocrx_word' id='word_1_446' title='bbox 638 3212 945 3281; x_wconf 81' lang='lat' dir='ltr'><strong>intelligere.</strong></span> <span class='ocrx_word' id='word_1_447' title='bbox 991 3223 1264 3281; x_wconf 86' lang='lat' dir='ltr'><strong>propterea</strong></span> <span class='ocrx_word' id='word_1_448' title='bbox 1306 3209 1448 3278; x_wconf 78' lang='lat' dir='ltr'><strong>quod</strong></span> <span class='ocrx_word' id='word_1_449' title='bbox 1502 3210 1879 3263; x_wconf 83' lang='lat' dir='ltr'><strong>discernuntur</strong></span> <span class='ocrx_word' id='word_1_450' title='bbox 1927 3212 2077 3275; x_wconf 56' lang='grc' dir='ltr'><strong>⁸ρὶτὶ-</strong></span> 
     </span>
    </p>
   </div>
   <div class='ocr_carea' id='block_1_63' title="bbox 2189 3203 3764 3301">
    <p class='ocr_par' dir='ltr' id='par_1_63' title="bbox 2189 3203 3764 3277">
     <span class='ocr_line' id='line_1_63' title="bbox 2189 3203 3764 3277; baseline -0.002 -19"><span class='ocrx_word' id='word_1_451' title='bbox 2189 3206 2476 3277; x_wconf 84' lang='grc' dir='ltr'>ὲσχηκέναι</span> <span class='ocrx_word' id='word_1_452' title='bbox 2514 3206 2612 3277; x_wconf 83' lang='grc' dir='ltr'>τῆς</span> <span class='ocrx_word' id='word_1_453' title='bbox 2646 3205 2751 3259; x_wconf 82' lang='grc' dir='ltr'><strong>ὑπὸ</strong></span> <span class='ocrx_word' id='word_1_454' title='bbox 2772 3203 2865 3257; x_wconf 80' lang='grc' dir='ltr'>τοῦ</span> <span class='ocrx_word' id='word_1_455' title='bbox 2900 3203 3033 3256; x_wconf 77' lang='grc' dir='ltr'>Θεοῦ</span> <span class='ocrx_word' id='word_1_456' title='bbox 3066 3204 3143 3273; x_wconf 80' lang='grc' dir='ltr'>τῷ</span> <span class='ocrx_word' id='word_1_457' title='bbox 3184 3204 3457 3275; x_wconf 87' lang='grc' dir='ltr'>Σολομῶνι</span> <span class='ocrx_word' id='word_1_458' title='bbox 3487 3204 3764 3275; x_wconf 79' lang='grc' dir='ltr'>χαρισθεί-</span> 
     </span>
    </p>
   </div>
   <div class='ocr_carea' id='block_1_64' title="bbox 507 3291 2079 3368">
    <p class='ocr_par' dir='ltr' id='par_1_64' title="bbox 507 3300 2079 3368">
     <span class='ocr_line' id='line_1_64' title="bbox 507 3300 2079 3368; baseline -0.002 -11"><span class='ocrx_word' id='word_1_459' title='bbox 507 3306 725 3358; x_wconf 87' lang='lat' dir='ltr'><strong>tualiter</strong></span> <span class='ocrx_word' id='word_1_460' title='bbox 745 3303 833 3356; x_wconf 65' lang='grc' dir='ltr'>δί’.</span> <span class='ocrx_word' id='word_1_461' title='bbox 884 3303 1008 3358; x_wconf 66' lang='lat' dir='ltr'><strong>Ilaec</strong></span> <span class='ocrx_word' id='word_1_462' title='bbox 1037 3317 1158 3355; x_wconf 83' lang='lat' dir='ltr'><strong>cum</strong></span> <span class='ocrx_word' id='word_1_463' title='bbox 1219 3304 1496 3368; x_wconf 85' lang='lat' dir='ltr'><strong>ignoraret</strong></span> <span class='ocrx_word' id='word_1_464' title='bbox 1536 3300 1645 3363; x_wconf 90' lang='lat' dir='ltr'><strong>ille.</strong></span> <span class='ocrx_word' id='word_1_465' title='bbox 1677 3300 1887 3368; x_wconf 89' lang='lat' dir='ltr'><strong>putavit</strong></span> <span class='ocrx_word' id='word_1_466' title='bbox 1936 3312 2079 3354; x_wconf 76' lang='lat' dir='ltr'><strong>certe</strong></span> 
     </span>
    </p>
   </div>
   <div class='ocr_carea' id='block_1_65' title="bbox 2189 3291 3764 3368">
    <p class='ocr_par' dir='ltr' id='par_1_65' title="bbox 2189 3291 3764 3366">
     <span class='ocr_line' id='line_1_65' title="bbox 2189 3291 3764 3366; baseline 0.001 -21"><span class='ocrx_word' id='word_1_467' title='bbox 2189 3311 2288 3363; x_wconf 74' lang='grc' dir='ltr'><strong>σης</strong></span> <span class='ocrx_word' id='word_1_468' title='bbox 2314 3292 2504 3362; x_wconf 83' lang='grc' dir='ltr'>σοφίας</span> <span class='ocrx_word' id='word_1_469' title='bbox 2528 3333 2543 3355; x_wconf 85' lang='grc'><strong>,</strong></span> <span class='ocrx_word' id='word_1_470' title='bbox 2576 3293 2668 3346; x_wconf 69' lang='grc' dir='ltr'><strong>καὶ</strong></span> <span class='ocrx_word' id='word_1_471' title='bbox 2695 3292 2919 3361; x_wconf 83' lang='grc' dir='ltr'>γνόντας</span> <span class='ocrx_word' id='word_1_472' title='bbox 2951 3291 3190 3362; x_wconf 77' lang='grc' dir='ltr'>ζηλῶσαι</span> <span class='ocrx_word' id='word_1_473' title='bbox 3225 3293 3285 3347; x_wconf 83' lang='grc' dir='ltr'>τὸ</span> <span class='ocrx_word' id='word_1_474' title='bbox 3311 3295 3662 3366; x_wconf 74' lang='grc' dir='ltr'>προφητικὸν,</span> <span class='ocrx_word' id='word_1_475' title='bbox 3690 3295 3764 3358; x_wconf 82' lang='grc' dir='ltr'>ὡς</span> 
     </span>
    </p>
   </div>
   <div class='ocr_carea' id='block_1_66' title="bbox 506 3386 2079 3463">
    <p class='ocr_par' dir='ltr' id='par_1_66' title="bbox 506 3391 2079 3463">
     <span class='ocr_line' id='line_1_66' title="bbox 506 3391 2079 3463; baseline -0.004 -14"><span class='ocrx_word' id='word_1_476' title='bbox 506 3394 819 3451; x_wconf 65' lang='lat' dir='ltr'><strong>Graecorum</strong></span> <span class='ocrx_word' id='word_1_477' title='bbox 853 3396 1127 3463; x_wconf 79' lang='lat' dir='ltr'><strong>sapientes</strong></span> <span class='ocrx_word' id='word_1_478' title='bbox 1166 3393 1439 3463; x_wconf 77' lang='lat' dir='ltr'><strong>cognitam</strong></span> <span class='ocrx_word' id='word_1_479' title='bbox 1474 3391 1730 3446; x_wconf 85' lang='lat' dir='ltr'><strong>habuisse</strong></span> <span class='ocrx_word' id='word_1_480' title='bbox 1760 3391 2079 3461; x_wconf 80' lang='lat' dir='ltr'><strong>sapientiam</strong></span> 
     </span>
    </p>
   </div>
   <div class='ocr_carea' id='block_1_67' title="bbox 2189 3386 3766 3463">
    <p class='ocr_par' dir='ltr' id='par_1_67' title="bbox 2189 3386 3766 3463">
     <span class='ocr_line' id='line_1_67' title="bbox 2189 3386 3766 3463; baseline 0.002 -21"><span class='ocrx_word' id='word_1_481' title='bbox 2189 3390 2347 3453; x_wconf 72' lang='grc' dir='ltr'>αὑτός</span> <span class='ocrx_word' id='word_1_482' title='bbox 2375 3407 2527 3459; x_wconf 87' lang='grc' dir='ltr'>φησι,</span> <span class='ocrx_word' id='word_1_483' title='bbox 2553 3391 2806 3461; x_wconf 84' lang='grc' dir='ltr'>γράμμα.</span> <span class='ocrx_word' id='word_1_484' title='bbox 2834 3391 2945 3444; x_wconf 72' lang='grc' dir='ltr'>Καὶ</span> <span class='ocrx_word' id='word_1_485' title='bbox 2979 3391 3095 3455; x_wconf 90' lang='grc' dir='ltr'><strong>πῶς</strong></span> <span class='ocrx_word' id='word_1_486' title='bbox 3116 3386 3216 3444; x_wconf 72' lang='grc' dir='ltr'>οἷοί</span> <span class='ocrx_word' id='word_1_487' title='bbox 3238 3393 3284 3445; x_wconf 85' lang='grc' dir='ltr'>τ’</span> <span class='ocrx_word' id='word_1_488' title='bbox 3302 3388 3438 3463; x_wconf 81' lang='grc' dir='ltr'>ἦσαν</span> <span class='ocrx_word' id='word_1_489' title='bbox 3465 3392 3673 3460; x_wconf 72' lang='grc' dir='ltr'>γνῶναι</span> <span class='ocrx_word' id='word_1_490' title='bbox 3699 3392 3766 3445; x_wconf 73' lang='grc' dir='ltr'><strong>τά</strong></span> 
     </span>
    </p>
   </div>
   <div class='ocr_carea' id='block_1_68' title="bbox 509 3482 2079 3554">
    <p class='ocr_par' dir='ltr' id='par_1_68' title="bbox 509 3482 2079 3553">
     <span class='ocr_line' id='line_1_68' title="bbox 509 3482 2079 3553; baseline 0.001 -18"><span class='ocrx_word' id='word_1_491' title='bbox 509 3483 678 3549; x_wconf 82' lang='lat' dir='ltr'><strong>illaut,</strong></span> <span class='ocrx_word' id='word_1_492' title='bbox 711 3501 870 3553; x_wconf 85' lang='lat' dir='ltr'><strong>quam</strong></span> <span class='ocrx_word' id='word_1_493' title='bbox 902 3486 1039 3538; x_wconf 87' lang='lat' dir='ltr'><strong>Dens</strong></span> <span class='ocrx_word' id='word_1_494' title='bbox 1073 3484 1354 3538; x_wconf 86' lang='lat' dir='ltr'><strong>Salomoui</strong></span> <span class='ocrx_word' id='word_1_495' title='bbox 1401 3483 1772 3552; x_wconf 83' lang='lat' dir='ltr'><strong>impcrtiverat</strong></span> <span class='ocrx_word' id='word_1_496' title='bbox 1805 3501 1816 3533; x_wconf 90' lang='lat'><strong>:</strong></span> <span class='ocrx_word' id='word_1_497' title='bbox 1855 3491 1907 3535; x_wconf 89' lang='lat' dir='ltr'><strong>et</strong></span> <span class='ocrx_word' id='word_1_498' title='bbox 1937 3482 2079 3549; x_wconf 80' lang='lat' dir='ltr'><strong>quod</strong></span> 
     </span>
    </p>
   </div>
   <div class='ocr_carea' id='block_1_69' title="bbox 2189 3482 3765 3554">
    <p class='ocr_par' dir='ltr' id='par_1_69' title="bbox 2190 3482 3765 3554">
     <span class='ocr_line' id='line_1_69' title="bbox 2190 3482 3765 3554; baseline 0.003 -20"><span class='ocrx_word' id='word_1_499' title='bbox 2190 3483 2305 3535; x_wconf 84' lang='grc' dir='ltr'>θεῖα</span> <span class='ocrx_word' id='word_1_500' title='bbox 2343 3484 2437 3535; x_wconf 77' lang='grc' dir='ltr'>καὶ</span> <span class='ocrx_word' id='word_1_501' title='bbox 2472 3482 2711 3554; x_wconf 74' lang='grc' dir='ltr'>ζηλῶσαι</span> <span class='ocrx_word' id='word_1_502' title='bbox 2743 3485 2792 3536; x_wconf 85' lang='grc' dir='ltr'>οἱ</span> <span class='ocrx_word' id='word_1_503' title='bbox 2821 3482 3066 3554; x_wconf 75' lang='grc' dir='ltr'>ψυχικοὶ,</span> <span class='ocrx_word' id='word_1_504' title='bbox 3114 3484 3209 3538; x_wconf 73' lang='grc' dir='ltr'><strong>καὶ</strong></span> <span class='ocrx_word' id='word_1_505' title='bbox 3236 3485 3336 3538; x_wconf 83' lang='grc' dir='ltr'><strong>οὐκ</strong></span> <span class='ocrx_word' id='word_1_506' title='bbox 3368 3484 3568 3549; x_wconf 77' lang='grc' dir='ltr'>εἰδότες</span> <span class='ocrx_word' id='word_1_507' title='bbox 3599 3502 3765 3539; x_wconf 66' lang='grc' dir='ltr'>πνευ-</span> 
     </span>
    </p>
   </div>
   <div class='ocr_carea' id='block_1_70' title="bbox 507 3572 2081 3644">
    <p class='ocr_par' dir='ltr' id='par_1_70' title="bbox 507 3572 2081 3644">
     <span class='ocr_line' id='line_1_70' title="bbox 507 3572 2081 3644; baseline -0.002 -16"><span class='ocrx_word' id='word_1_508' title='bbox 507 3576 779 3644; x_wconf 70' lang='grc' dir='ltr'>ιοεηὶιιιιιι</span> <span class='ocrx_word' id='word_1_509' title='bbox 826 3575 1090 3628; x_wconf 88' lang='lat' dir='ltr'><strong>baberent</strong></span> <span class='ocrx_word' id='word_1_510' title='bbox 1122 3574 1291 3634; x_wconf 83' lang='lat' dir='ltr'><strong>illam.</strong></span> <span class='ocrx_word' id='word_1_511' title='bbox 1323 3572 1696 3642; x_wconf 68' lang='lat' dir='ltr'><strong>propheticum</strong></span> <span class='ocrx_word' id='word_1_512' title='bbox 1736 3573 2081 3641; x_wconf 80' lang='lat' dir='ltr'><strong>scripturam,</strong></span> 
     </span>
    </p>
   </div>
   <div class='ocr_carea' id='block_1_71' title="bbox 510 3664 2080 3735">
    <p class='ocr_par' dir='ltr' id='par_1_71' title="bbox 510 3664 2080 3735">
     <span class='ocr_line' id='line_1_71' title="bbox 510 3664 2080 3735; baseline 0 -18"><span class='ocrx_word' id='word_1_513' title='bbox 510 3676 568 3718; x_wconf 88' lang='lat' dir='ltr'><strong>ut</strong></span> <span class='ocrx_word' id='word_1_514' title='bbox 605 3666 780 3735; x_wconf 87' lang='lat' dir='ltr'><strong>inquit</strong></span> <span class='ocrx_word' id='word_1_515' title='bbox 817 3666 927 3728; x_wconf 90' lang='lat' dir='ltr'><strong>ille.</strong></span> <span class='ocrx_word' id='word_1_516' title='bbox 963 3666 1222 3720; x_wconf 88' lang='lat' dir='ltr'><strong>imitatos.</strong></span> <span class='ocrx_word' id='word_1_517' title='bbox 1246 3664 1365 3731; x_wconf 82' lang='lat' dir='ltr'><strong>Quo</strong></span> <span class='ocrx_word' id='word_1_518' title='bbox 1395 3680 1525 3720; x_wconf 87' lang='lat' dir='ltr'><strong>vero</strong></span> <span class='ocrx_word' id='word_1_519' title='bbox 1549 3673 1708 3735; x_wconf 85' lang='lat' dir='ltr'><strong>pacto</strong></span> <span class='ocrx_word' id='word_1_520' title='bbox 1744 3665 1858 3719; x_wconf 85' lang='lat' dir='ltr'><strong>ﬁeri</strong></span> <span class='ocrx_word' id='word_1_521' title='bbox 1887 3667 2080 3734; x_wconf 86' lang='lat' dir='ltr'><strong>potuit.</strong></span> 
     </span>
    </p>
   </div>
   <div class='ocr_carea' id='block_1_72' title="bbox 509 3756 2084 3827">
    <p class='ocr_par' dir='ltr' id='par_1_72' title="bbox 509 3756 2084 3827">
     <span class='ocr_line' id='line_1_72' title="bbox 509 3756 2084 3827; baseline 0 -16"><span class='ocrx_word' id='word_1_522' title='bbox 509 3767 569 3811; x_wconf 92' lang='lat' dir='ltr'><strong>ut</strong></span> <span class='ocrx_word' id='word_1_523' title='bbox 604 3757 866 3811; x_wconf 88' lang='lat' dir='ltr'><strong>animales</strong></span> <span class='ocrx_word' id='word_1_524' title='bbox 934 3757 1179 3811; x_wconf 84' lang='lat' dir='ltr'><strong>homines</strong></span> <span class='ocrx_word' id='word_1_525' title='bbox 1224 3756 1299 3810; x_wconf 89' lang='lat' dir='ltr'><strong>illi</strong></span> <span class='ocrx_word' id='word_1_526' title='bbox 1354 3756 1534 3811; x_wconf 89' lang='lat' dir='ltr'><strong>divina</strong></span> <span class='ocrx_word' id='word_1_527' title='bbox 1586 3768 1979 3827; x_wconf 77' lang='lat' dir='ltr'><strong>cognoscerent</strong></span> <span class='ocrx_word' id='word_1_528' title='bbox 2029 3766 2084 3811; x_wconf 90' lang='lat' dir='ltr'><strong>ct</strong></span> 
     </span>
    </p>
   </div>
   <div class='ocr_carea' id='block_1_73' title="bbox 508 3846 2084 3915">
    <p class='ocr_par' dir='ltr' id='par_1_73' title="bbox 508 3846 2084 3915">
     <span class='ocr_line' id='line_1_73' title="bbox 508 3846 2084 3915; baseline -0.001 -14"><span class='ocrx_word' id='word_1_529' title='bbox 508 3846 746 3901; x_wconf 72' lang='lat' dir='ltr'><strong>tumulati</strong></span> <span class='ocrx_word' id='word_1_530' title='bbox 773 3855 980 3911; x_wconf 83' lang='lat' dir='ltr'><strong>essent.</strong></span> <span class='ocrx_word' id='word_1_531' title='bbox 1008 3862 1131 3899; x_wconf 92' lang='lat' dir='ltr'><strong>cum</strong></span> <span class='ocrx_word' id='word_1_532' title='bbox 1163 3846 1464 3915; x_wconf 86' lang='lat' dir='ltr'><strong>spiritualia</strong></span> <span class='ocrx_word' id='word_1_533' title='bbox 1492 3847 1849 3915; x_wconf 79' lang='lat' dir='ltr'><strong>Spiritualiter</strong></span> <span class='ocrx_word' id='word_1_534' title='bbox 1882 3848 2084 3902; x_wconf 77' lang='lat' dir='ltr'><strong>discer-</strong></span> 
     </span>
    </p>
   </div>
   <div class='ocr_carea' id='block_1_74' title="bbox 509 3939 2081 4008">
    <p class='ocr_par' dir='ltr' id='par_1_74' title="bbox 509 3939 2081 4008">
     <span class='ocr_line' id='line_1_74' title="bbox 509 3939 2081 4008; baseline 0.001 -15"><span class='ocrx_word' id='word_1_535' title='bbox 509 3952 642 3994; x_wconf 89' lang='lat' dir='ltr'><strong>nere</strong></span> <span class='ocrx_word' id='word_1_536' title='bbox 693 3939 1001 4008; x_wconf 85' lang='lat' dir='ltr'><strong>nequirent.</strong></span> <span class='ocrx_word' id='word_1_537' title='bbox 1049 3948 1102 3992; x_wconf 90' lang='lat' dir='ltr'><strong>et</strong></span> <span class='ocrx_word' id='word_1_538' title='bbox 1152 3940 1219 3994; x_wconf 89' lang='lat' dir='ltr'><strong>ab</strong></span> <span class='ocrx_word' id='word_1_539' title='bbox 1254 3939 1516 4008; x_wconf 81' lang='lat' dir='ltr'><strong>Apostolo</strong></span> <span class='ocrx_word' id='word_1_540' title='bbox 1584 3941 1853 3994; x_wconf 89' lang='lat' dir='ltr'><strong>sancitum</strong></span> <span class='ocrx_word' id='word_1_541' title='bbox 1918 3954 2081 4006; x_wconf 87' lang='lat' dir='ltr'><strong>esset.</strong></span> 
     </span>
    </p>
   </div>
   <div class='ocr_carea' id='block_1_75' title="bbox 502 4029 2084 4103">
    <p class='ocr_par' dir='ltr' id='par_1_75' title="bbox 502 4029 2084 4103">
     <span class='ocr_line' id='line_1_75' title="bbox 502 4029 2084 4103; baseline 0.002 -18"><span class='ocrx_word' id='word_1_542' title='bbox 502 4029 804 4085; x_wconf 74' lang='lat' dir='ltr'><strong>Animalem</strong></span> <span class='ocrx_word' id='word_1_543' title='bbox 857 4030 1118 4084; x_wconf 79' lang='lat' dir='ltr'><strong>hominem</strong></span> <span class='ocrx_word' id='word_1_544' title='bbox 1148 4046 1251 4083; x_wconf 85' lang='lat' dir='ltr'><strong>nou</strong></span> <span class='ocrx_word' id='word_1_545' title='bbox 1294 4047 1481 4099; x_wconf 82' lang='lat' dir='ltr'><strong>capere</strong></span> <span class='ocrx_word' id='word_1_546' title='bbox 1534 4047 1651 4101; x_wconf 75' lang='lat' dir='ltr'><strong>qua:</strong></span> <span class='ocrx_word' id='word_1_547' title='bbox 1693 4044 1813 4086; x_wconf 84' lang='lat' dir='ltr'><strong>sunt</strong></span> <span class='ocrx_word' id='word_1_548' title='bbox 1854 4033 2084 4103; x_wconf 86' lang='lat' dir='ltr'><strong>Spiritus</strong></span> 
     </span>
    </p>
   </div>
   <div class='ocr_carea' id='block_1_76' title="bbox 508 4120 2083 4189">
    <p class='ocr_par' dir='ltr' id='par_1_76' title="bbox 508 4120 2083 4189">
     <span class='ocr_line' id='line_1_76' title="bbox 508 4120 2083 4189; baseline 0.001 -13"><span class='ocrx_word' id='word_1_549' title='bbox 508 4122 648 4188; x_wconf 86' lang='lat' dir='ltr'><strong>Dei;</strong></span> <span class='ocrx_word' id='word_1_550' title='bbox 700 4132 755 4179; x_wconf 91' lang='lat' dir='ltr'><strong>et</strong></span> <span class='ocrx_word' id='word_1_551' title='bbox 781 4123 957 4177; x_wconf 89' lang='lat' dir='ltr'><strong>adhuc</strong></span> <span class='ocrx_word' id='word_1_552' title='bbox 988 4120 1055 4175; x_wconf 86' lang='lat' dir='ltr'><strong>ab</strong></span> <span class='ocrx_word' id='word_1_553' title='bbox 1089 4122 1278 4189; x_wconf 85' lang='lat' dir='ltr'><strong>eodem</strong></span> <span class='ocrx_word' id='word_1_554' title='bbox 1306 4131 1595 4188; x_wconf 85' lang='lat' dir='ltr'><strong>statuatur,</strong></span> <span class='ocrx_word' id='word_1_555' title='bbox 1656 4123 1950 4178; x_wconf 83' lang='lat' dir='ltr'><strong>Animalem</strong></span> <span class='ocrx_word' id='word_1_556' title='bbox 1978 4142 2083 4178; x_wconf 86' lang='lat' dir='ltr'><strong>non</strong></span> 
     </span>
    </p>
   </div>
   <div class='ocr_carea' id='block_1_77' title="bbox 494 4214 2084 4285">
    <p class='ocr_par' dir='ltr' id='par_1_77' title="bbox 494 4214 2084 4285">
     <span class='ocr_line' id='line_1_77' title="bbox 494 4214 2084 4285; baseline -0.001 -16"><span class='ocrx_word' id='word_1_557' title='bbox 494 4231 659 4284; x_wconf 66' lang='lat' dir='ltr'><strong>,posse</strong></span> <span class='ocrx_word' id='word_1_558' title='bbox 708 4214 1012 4282; x_wconf 84' lang='lat' dir='ltr'><strong>spiritualia</strong></span> <span class='ocrx_word' id='word_1_559' title='bbox 1053 4214 1368 4283; x_wconf 79' lang='lat' dir='ltr'><strong>intelligere.</strong></span> <span class='ocrx_word' id='word_1_560' title='bbox 1422 4230 1483 4267; x_wconf 81' lang='lat' dir='ltr'><strong>eo</strong></span> <span class='ocrx_word' id='word_1_561' title='bbox 1538 4215 1679 4284; x_wconf 83' lang='lat' dir='ltr'><strong>quod</strong></span> <span class='ocrx_word' id='word_1_562' title='bbox 1733 4216 2084 4285; x_wconf 78' lang='lat' dir='ltr'><strong>spiritualiter</strong></span> 
     </span>
    </p>
   </div>
   <div class='ocr_carea' id='block_1_78' title="bbox 508 4307 2084 4378">
    <p class='ocr_par' dir='ltr' id='par_1_78' title="bbox 508 4307 2084 4378">
     <span class='ocr_line' id='line_1_78' title="bbox 508 4307 2084 4378; baseline -0.001 -17"><span class='ocrx_word' id='word_1_563' title='bbox 508 4308 916 4367; x_wconf 79' lang='lat' dir='ltr'><strong>discernantur?</strong></span> <span class='ocrx_word' id='word_1_564' title='bbox 939 4307 1021 4360; x_wconf 84' lang='lat' dir='ltr'><strong>Ad</strong></span> <span class='ocrx_word' id='word_1_565' title='bbox 1047 4308 1361 4377; x_wconf 82' lang='lat' dir='ltr'><strong>Oppositum</strong></span> <span class='ocrx_word' id='word_1_566' title='bbox 1413 4322 1541 4362; x_wconf 85' lang='lat' dir='ltr'><strong>vero</strong></span> <span class='ocrx_word' id='word_1_567' title='bbox 1582 4308 1841 4378; x_wconf 86' lang='lat' dir='ltr'><strong>Apostolo</strong></span> <span class='ocrx_word' id='word_1_568' title='bbox 1880 4309 1966 4363; x_wconf 90' lang='lat' dir='ltr'><strong>hic</strong></span> <span class='ocrx_word' id='word_1_569' title='bbox 2001 4309 2084 4361; x_wconf 92' lang='lat' dir='ltr'><strong>vir</strong></span> 
     </span>
    </p>
   </div>
   <div class='ocr_carea' id='block_1_79' title="bbox 508 4397 2080 4469">
    <p class='ocr_par' dir='ltr' id='par_1_79' title="bbox 508 4397 2080 4469">
     <span class='ocr_line' id='line_1_79' title="bbox 508 4397 2080 4469; baseline 0.001 -18"><span class='ocrx_word' id='word_1_570' title='bbox 508 4400 759 4469; x_wconf 78' lang='lat' dir='ltr'><strong>egregius</strong></span> <span class='ocrx_word' id='word_1_571' title='bbox 800 4399 877 4452; x_wconf 86' lang='lat' dir='ltr'><strong>ait</strong></span> <span class='ocrx_word' id='word_1_572' title='bbox 907 4397 1262 4454; x_wconf 66' lang='lat' dir='ltr'><strong>:ercormn</strong></span> <span class='ocrx_word' id='word_1_573' title='bbox 1308 4398 1633 4454; x_wconf 88' lang='lat' dir='ltr'><strong>collectores</strong></span> <span class='ocrx_word' id='word_1_574' title='bbox 1672 4401 2080 4468; x_wconf 88' lang='lat' dir='ltr'><strong>proverbiorum</strong></span> 
     </span>
    </p>
   </div>
   <div class='ocr_carea' id='block_1_80' title="bbox 509 4488 2081 4558">
    <p class='ocr_par' dir='ltr' id='par_1_80' title="bbox 509 4488 2081 4558">
     <span class='ocr_line' id='line_1_80' title="bbox 509 4488 2081 4558; baseline 0.004 -19"><span class='ocrx_word' id='word_1_575' title='bbox 509 4488 576 4539; x_wconf 89' lang='lat' dir='ltr'><strong>ad</strong></span> <span class='ocrx_word' id='word_1_576' title='bbox 601 4489 852 4541; x_wconf 87' lang='lat' dir='ltr'><strong>eumdem</strong></span> <span class='ocrx_word' id='word_1_577' title='bbox 902 4489 1118 4543; x_wconf 88' lang='lat' dir='ltr'><strong>modum</strong></span> <span class='ocrx_word' id='word_1_578' title='bbox 1155 4490 1460 4557; x_wconf 83' lang='lat' dir='ltr'><strong>scripsisse.</strong></span> <span class='ocrx_word' id='word_1_579' title='bbox 1492 4505 1599 4558; x_wconf 90' lang='lat' dir='ltr'><strong>quo</strong></span> <span class='ocrx_word' id='word_1_580' title='bbox 1635 4490 1911 4545; x_wconf 85' lang='lat' dir='ltr'><strong>Salomon.</strong></span> <span class='ocrx_word' id='word_1_581' title='bbox 1947 4490 2081 4546; x_wconf 82' lang='lat' dir='ltr'><strong>Ver-</strong></span> 
     </span>
    </p>
   </div>
   <div class='ocr_carea' id='block_1_81' title="bbox 2193 3573 3765 3649">
    <p class='ocr_par' dir='ltr' id='par_1_81' title="bbox 2193 3573 3765 3649">
     <span class='ocr_line' id='line_1_81' title="bbox 2193 3573 3765 3649; baseline 0.001 -23"><span class='ocrx_word' id='word_1_582' title='bbox 2193 3573 2397 3645; x_wconf 77' lang='grc' dir='ltr'>ματικά</span> <span class='ocrx_word' id='word_1_583' title='bbox 2440 3573 2551 3645; x_wconf 78' lang='grc'><strong>(91)</strong></span> <span class='ocrx_word' id='word_1_584' title='bbox 2583 3579 2971 3646; x_wconf 84' lang='grc' dir='ltr'>πνευματικοῖς</span> <span class='ocrx_word' id='word_1_585' title='bbox 3051 3574 3381 3649; x_wconf 87' lang='grc' dir='ltr'>συγκρίνειν,</span> <span class='ocrx_word' id='word_1_586' title='bbox 3443 3576 3537 3629; x_wconf 86' lang='grc' dir='ltr'>τοῦ</span> <span class='ocrx_word' id='word_1_587' title='bbox 3619 3575 3765 3628; x_wconf 84' lang='grc' dir='ltr'>θείου</span> 
     </span>
    </p>
   </div>
   <div class='ocr_carea' id='block_1_82' title="bbox 2201 3666 3765 3739">
    <p class='ocr_par' dir='ltr' id='par_1_82' title="bbox 2201 3666 3765 3739">
     <span class='ocr_line' id='line_1_82' title="bbox 2201 3666 3765 3739; baseline 0.003 -21"><span class='ocrx_word' id='word_1_588' title='bbox 2201 3666 2522 3719; x_wconf 81' lang='grc' dir='ltr'>Ἀποστόλου</span> <span class='ocrx_word' id='word_1_589' title='bbox 2553 3668 2994 3738; x_wconf 66' lang='grc' dir='ltr'>ἀποφηναμένου,</span> <span class='ocrx_word' id='word_1_590' title='bbox 3031 3668 3302 3738; x_wconf 83' lang='grc' dir='ltr'>Ψυχικὸν</span> <span class='ocrx_word' id='word_1_591' title='bbox 3338 3668 3651 3736; x_wconf 80' lang='grc' dir='ltr'>ἄνθρωπον</span> <span class='ocrx_word' id='word_1_592' title='bbox 3680 3669 3765 3739; x_wconf 76' lang='grc' dir='ltr'>μὴ</span> 
     </span>
    </p>
   </div>
   <div class='ocr_carea' id='block_1_83' title="bbox 2188 3756 3765 3829">
    <p class='ocr_par' dir='ltr' id='par_1_83' title="bbox 2188 3756 3765 3829">
     <span class='ocr_line' id='line_1_83' title="bbox 2188 3756 3765 3829; baseline 0.003 -19"><span class='ocrx_word' id='word_1_593' title='bbox 2188 3756 2463 3825; x_wconf 83' lang='grc' dir='ltr'>δέχεσθαι</span> <span class='ocrx_word' id='word_1_594' title='bbox 2489 3761 2560 3812; x_wconf 86' lang='grc' dir='ltr'>τὰ</span> <span class='ocrx_word' id='word_1_595' title='bbox 2583 3758 2691 3811; x_wconf 89' lang='grc' dir='ltr'>τοῦ</span> <span class='ocrx_word' id='word_1_596' title='bbox 2713 3762 3055 3829; x_wconf 84' lang='grc' dir='ltr'>Πνεύματος</span> <span class='ocrx_word' id='word_1_597' title='bbox 3078 3760 3183 3815; x_wconf 84' lang='grc' dir='ltr'>τοῦ</span> <span class='ocrx_word' id='word_1_598' title='bbox 3207 3759 3353 3814; x_wconf 83' lang='grc' dir='ltr'>Θεοῦ</span> <span class='ocrx_word' id='word_1_599' title='bbox 3373 3776 3387 3789; x_wconf 89' lang='grc'><strong>·</strong></span> <span class='ocrx_word' id='word_1_600' title='bbox 3421 3760 3514 3813; x_wconf 82' lang='grc' dir='ltr'>τοῦ</span> <span class='ocrx_word' id='word_1_601' title='bbox 3533 3760 3578 3813; x_wconf 81' lang='grc' dir='ltr'>δ’</span> <span class='ocrx_word' id='word_1_602' title='bbox 3604 3761 3765 3814; x_wconf 79' lang='grc' dir='ltr'>αὐτοῦ</span> 
     </span>
    </p>
   </div>
   <div class='ocr_carea' id='block_1_84' title="bbox 2190 3850 3768 3922">
    <p class='ocr_par' dir='ltr' id='par_1_84' title="bbox 2190 3850 3768 3922">
     <span class='ocr_line' id='line_1_84' title="bbox 2190 3850 3768 3922; baseline 0.003 -21"><span class='ocrx_word' id='word_1_603' title='bbox 2190 3852 2478 3920; x_wconf 80' lang='grc' dir='ltr'>φήσαντος,</span> <span class='ocrx_word' id='word_1_604' title='bbox 2520 3850 2615 3918; x_wconf 84' lang='grc' dir='ltr'><strong>Μὴ</strong></span> <span class='ocrx_word' id='word_1_605' title='bbox 2646 3850 2939 3905; x_wconf 81' lang='grc' dir='ltr'>δύνασθαι</span> <span class='ocrx_word' id='word_1_606' title='bbox 2978 3850 3197 3922; x_wconf 69' lang='grc' dir='ltr'>γνῶναι</span> <span class='ocrx_word' id='word_1_607' title='bbox 3243 3851 3350 3906; x_wconf 86' lang='grc' dir='ltr'>τὸν</span> <span class='ocrx_word' id='word_1_608' title='bbox 3396 3852 3662 3922; x_wconf 67' lang='grc' dir='ltr'>ψυχικὸν</span> <span class='ocrx_word' id='word_1_609' title='bbox 3697 3855 3768 3907; x_wconf 72' lang='grc' dir='ltr'>τὰ</span> 
     </span>
    </p>
   </div>
   <div class='ocr_carea' id='block_1_85' title="bbox 2189 3940 3769 4012">
    <p class='ocr_par' dir='ltr' id='par_1_85' title="bbox 2189 3940 3769 4012">
     <span class='ocr_line' id='line_1_85' title="bbox 2189 3940 3769 4012; baseline 0.002 -20"><span class='ocrx_word' id='word_1_610' title='bbox 2189 3940 2574 4008; x_wconf 75' lang='grc' dir='ltr'>πνευματικὰ,</span> <span class='ocrx_word' id='word_1_611' title='bbox 2602 3940 2691 3993; x_wconf 84' lang='grc' dir='ltr'>ὅτι</span> <span class='ocrx_word' id='word_1_612' title='bbox 2725 3942 3137 4012; x_wconf 80' lang='grc' dir='ltr'>πνευματικῶς</span> <span class='ocrx_word' id='word_1_613' title='bbox 3172 3943 3552 4011; x_wconf 74' lang='grc' dir='ltr'>ἀνακρίνεται</span> <span class='ocrx_word' id='word_1_614' title='bbox 3574 3960 3587 3973; x_wconf 90' lang='grc'><strong>·</strong></span> <span class='ocrx_word' id='word_1_615' title='bbox 3623 3944 3769 3996; x_wconf 74' lang='grc' dir='ltr'>άνιι-</span> 
     </span>
    </p>
   </div>
   <div class='ocr_carea' id='block_1_86' title="bbox 2187 4031 3767 4106">
    <p class='ocr_par' dir='ltr' id='par_1_86' title="bbox 2187 4031 3767 4106">
     <span class='ocr_line' id='line_1_86' title="bbox 2187 4031 3767 4106; baseline 0.002 -20"><span class='ocrx_word' id='word_1_616' title='bbox 2187 4031 2422 4098; x_wconf 78' lang='grc' dir='ltr'>δοξάζων</span> <span class='ocrx_word' id='word_1_617' title='bbox 2447 4035 2476 4085; x_wconf 82' lang='grc' dir='ltr'>ὁ</span> <span class='ocrx_word' id='word_1_618' title='bbox 2495 4035 2736 4101; x_wconf 82' lang='grc' dir='ltr'>γενναῖος</span> <span class='ocrx_word' id='word_1_619' title='bbox 2773 4033 2851 4105; x_wconf 82' lang='grc' dir='ltr'><strong>τῷ</strong></span> <span class='ocrx_word' id='word_1_620' title='bbox 2894 4035 3201 4106; x_wconf 81' lang='grc' dir='ltr'>Ἀποστόλῳ</span> <span class='ocrx_word' id='word_1_621' title='bbox 3234 4037 3455 4106; x_wconf 83' lang='grc' dir='ltr'>φάσκει,</span> <span class='ocrx_word' id='word_1_622' title='bbox 3488 4036 3581 4089; x_wconf 84' lang='grc' dir='ltr'><strong>τὸν</strong></span> <span class='ocrx_word' id='word_1_623' title='bbox 3608 4037 3767 4089; x_wconf 75' lang='grc' dir='ltr'>αὐτὸν</span> 
     </span>
    </p>
   </div>
   <div class='ocr_carea' id='block_1_87' title="bbox 2188 4123 3768 4199">
    <p class='ocr_par' dir='ltr' id='par_1_87' title="bbox 2188 4123 3768 4199">
     <span class='ocr_line' id='line_1_87' title="bbox 2188 4123 3768 4199; baseline 0.001 -20"><span class='ocrx_word' id='word_1_624' title='bbox 2188 4127 2389 4196; x_wconf 87' lang='grc' dir='ltr'>τρόπον</span> <span class='ocrx_word' id='word_1_625' title='bbox 2425 4123 2503 4195; x_wconf 83' lang='grc' dir='ltr'><strong>τῷ</strong></span> <span class='ocrx_word' id='word_1_626' title='bbox 2528 4125 2797 4195; x_wconf 88' lang='grc' dir='ltr'>Σολομῶνι</span> <span class='ocrx_word' id='word_1_627' title='bbox 2819 4129 3152 4199; x_wconf 75' lang='grc' dir='ltr'>γεγραφέναι</span> <span class='ocrx_word' id='word_1_628' title='bbox 3178 4129 3304 4192; x_wconf 79' lang='grc' dir='ltr'>τοὺς</span> <span class='ocrx_word' id='word_1_629' title='bbox 3322 4128 3423 4193; x_wconf 85' lang='grc' dir='ltr'><strong>τάς</strong></span> <span class='ocrx_word' id='word_1_630' title='bbox 3452 4129 3768 4192; x_wconf 71' lang='grc' dir='ltr'>Ἑλληνικάς</span> 
     </span>
    </p>
   </div>
   <div class='ocr_carea' id='block_1_88' title="bbox 2190 4218 3762 4290">
    <p class='ocr_par' dir='ltr' id='par_1_88' title="bbox 2190 4218 3762 4290">
     <span class='ocr_line' id='line_1_88' title="bbox 2190 4218 3762 4290; baseline 0.004 -21"><span class='ocrx_word' id='word_1_631' title='bbox 2190 4218 2489 4288; x_wconf 82' lang='grc' dir='ltr'>παροιμίας</span> <span class='ocrx_word' id='word_1_632' title='bbox 2519 4219 2942 4289; x_wconf 81' lang='grc' dir='ltr'>πεποιημένους.</span> <span class='ocrx_word' id='word_1_633' title='bbox 2988 4221 3149 4289; x_wconf 89' lang='grc' dir='ltr'>Λέγει</span> <span class='ocrx_word' id='word_1_634' title='bbox 3180 4220 3237 4274; x_wconf 83' lang='grc' dir='ltr'>δὲ</span> <span class='ocrx_word' id='word_1_635' title='bbox 3276 4218 3370 4276; x_wconf 77' lang='grc' dir='ltr'><strong>οὖν</strong></span> <span class='ocrx_word' id='word_1_636' title='bbox 3415 4221 3507 4274; x_wconf 73' lang='grc' dir='ltr'>ἐπὶ</span> <span class='ocrx_word' id='word_1_637' title='bbox 3534 4221 3762 4290; x_wconf 58' lang='lat' dir='ltr'><strong>teget»;-</strong></span> 
     </span>
    </p>
   </div>
   <div class='ocr_carea' id='block_1_89' title="bbox 2195 4307 3766 4382">
    <p class='ocr_par' dir='ltr' id='par_1_89' title="bbox 2195 4307 3766 4382">
     <span class='ocr_line' id='line_1_89' title="bbox 2195 4307 3766 4382; baseline 0.003 -22"><span class='ocrx_word' id='word_1_638' title='bbox 2195 4328 2213 4359; x_wconf 85' lang='grc' dir='ltr'><strong>ι</strong></span> <span class='ocrx_word' id='word_1_639' title='bbox 2262 4307 2478 4379; x_wconf 81' lang='grc' dir='ltr'>Ἐπειδὴ</span> <span class='ocrx_word' id='word_1_640' title='bbox 2504 4310 2625 4371; x_wconf 88' lang='grc' dir='ltr'>ταῖς</span> <span class='ocrx_word' id='word_1_641' title='bbox 2654 4307 2742 4360; x_wconf 79' lang='grc' dir='ltr'>τοῦ</span> <span class='ocrx_word' id='word_1_642' title='bbox 2768 4310 3077 4378; x_wconf 85' lang='grc' dir='ltr'>σοφωτάτου</span> <span class='ocrx_word' id='word_1_643' title='bbox 3105 4310 3416 4381; x_wconf 85' lang='grc' dir='ltr'>Σολομῶνος</span> <span class='ocrx_word' id='word_1_644' title='bbox 3442 4310 3766 4382; x_wconf 84' lang='grc' dir='ltr'>Παροιμίαις</span> 
     </span>
    </p>
   </div>
   <div class='ocr_carea' id='block_1_90' title="bbox 2196 4400 3768 4469">
    <p class='ocr_par' dir='ltr' id='par_1_90' title="bbox 2196 4400 3768 4469">
     <span class='ocr_line' id='line_1_90' title="bbox 2196 4400 3768 4469; baseline 0.003 -19"><span class='ocrx_word' id='word_1_645' title='bbox 2196 4420 2214 4450; x_wconf 79' lang='grc' dir='ltr'><strong>ι</strong></span> <span class='ocrx_word' id='word_1_646' title='bbox 2256 4400 2586 4469; x_wconf 75' lang='grc' dir='ltr'>ἐντυχόντες,</span> <span class='ocrx_word' id='word_1_647' title='bbox 2623 4400 2717 4451; x_wconf 74' lang='grc' dir='ltr'>καὶ</span> <span class='ocrx_word' id='word_1_648' title='bbox 2759 4401 2978 4468; x_wconf 85' lang='grc' dir='ltr'>γνόντες</span> <span class='ocrx_word' id='word_1_649' title='bbox 3027 4402 3090 4455; x_wconf 86' lang='grc' dir='ltr'>δι’</span> <span class='ocrx_word' id='word_1_650' title='bbox 3116 4402 3293 4457; x_wconf 79' lang='grc' dir='ltr'>αὐτῶν</span> <span class='ocrx_word' id='word_1_651' title='bbox 3338 4404 3420 4457; x_wconf 85' lang='grc' dir='ltr'>ὅτι</span> <span class='ocrx_word' id='word_1_652' title='bbox 3445 4403 3597 4457; x_wconf 78' lang='grc' dir='ltr'>οὐδέν</span> <span class='ocrx_word' id='word_1_653' title='bbox 3619 4405 3768 4457; x_wconf 72' lang='grc' dir='ltr'>ἐστιν</span> 
     </span>
    </p>
   </div>
   <div class='ocr_carea' id='block_1_91' title="bbox 2195 4492 3767 4568">
    <p class='ocr_par' dir='ltr' id='par_1_91' title="bbox 2195 4492 3767 4568">
     <span class='ocr_line' id='line_1_91' title="bbox 2195 4492 3767 4568; baseline 0.001 -22"><span class='ocrx_word' id='word_1_654' title='bbox 2195 4513 2213 4545; x_wconf 84' lang='grc' dir='ltr'><strong>ι</strong></span> <span class='ocrx_word' id='word_1_655' title='bbox 2254 4496 2318 4546; x_wconf 82' lang='grc' dir='ltr'><strong>ἐκ</strong></span> <span class='ocrx_word' id='word_1_656' title='bbox 2346 4493 2439 4546; x_wconf 77' lang='grc' dir='ltr'>τοῦ</span> <span class='ocrx_word' id='word_1_657' title='bbox 2464 4492 2753 4564; x_wconf 84' lang='grc' dir='ltr'>προχείρου</span> <span class='ocrx_word' id='word_1_658' title='bbox 2780 4492 2894 4562; x_wconf 75' lang='grc'>(92)</span> <span class='ocrx_word' id='word_1_659' title='bbox 2918 4493 3102 4562; x_wconf 82' lang='grc' dir='ltr'>σαφῶς</span> <span class='ocrx_word' id='word_1_660' title='bbox 3117 4494 3225 4548; x_wconf 90' lang='grc' dir='ltr'><strong>τῶν</strong></span> <span class='ocrx_word' id='word_1_661' title='bbox 3247 4497 3305 4548; x_wconf 83' lang='grc' dir='ltr'>ὲν</span> <span class='ocrx_word' id='word_1_662' title='bbox 3326 4497 3516 4560; x_wconf 80' lang='grc' dir='ltr'>αὑταῖς</span> <span class='ocrx_word' id='word_1_663' title='bbox 3539 4496 3767 4568; x_wconf 77' lang='grc' dir='ltr'>εἰρημέ-</span> 
     </span>
    </p>
   </div>
   <div class='ocr_carea' id='block_1_92' title="bbox 511 4579 2079 4660">
    <p class='ocr_par' dir='ltr' id='par_1_92' title="bbox 511 4579 2079 4652">
     <span class='ocr_line' id='line_1_92' title="bbox 511 4579 2079 4652; baseline 0.002 -20"><span class='ocrx_word' id='word_1_664' title='bbox 511 4580 674 4632; x_wconf 83' lang='lat' dir='ltr'><strong>hatim</strong></span> <span class='ocrx_word' id='word_1_665' title='bbox 724 4579 964 4648; x_wconf 87' lang='lat' dir='ltr'><strong>loquitur</strong></span> <span class='ocrx_word' id='word_1_666' title='bbox 999 4581 1066 4633; x_wconf 89' lang='lat' dir='ltr'><strong>ad</strong></span> <span class='ocrx_word' id='word_1_667' title='bbox 1112 4580 1257 4634; x_wconf 88' lang='lat' dir='ltr'><strong>hunc</strong></span> <span class='ocrx_word' id='word_1_668' title='bbox 1292 4581 1508 4634; x_wconf 90' lang='lat' dir='ltr'><strong>modum</strong></span> <span class='ocrx_word' id='word_1_669' title='bbox 1540 4600 1553 4634; x_wconf 92' lang='lat'><strong>:</strong></span> <span class='ocrx_word' id='word_1_670' title='bbox 1592 4599 1611 4632; x_wconf 75' lang='grc' dir='ltr'><strong>ι</strong></span> <span class='ocrx_word' id='word_1_671' title='bbox 1638 4583 2079 4652; x_wconf 85' lang='lat' dir='ltr'><strong>Quandoquidem</strong></span> 
     </span>
    </p>
   </div>
   <div class='ocr_carea' id='block_1_93' title="bbox 2189 4579 3768 4660">
    <p class='ocr_par' dir='ltr' id='par_1_93' title="bbox 2193 4583 3768 4660">
     <span class='ocr_line' id='line_1_93' title="bbox 2193 4583 3768 4660; baseline 0.003 -23"><span class='ocrx_word' id='word_1_672' title='bbox 2193 4607 2210 4637; x_wconf 77' lang='grc' dir='ltr'><strong>ι</strong></span> <span class='ocrx_word' id='word_1_673' title='bbox 2252 4603 2357 4639; x_wconf 89' lang='grc' dir='ltr'><strong>νων</strong></span> <span class='ocrx_word' id='word_1_674' title='bbox 2382 4583 2593 4655; x_wconf 87' lang='grc' dir='ltr'>μαθεῖν,</span> <span class='ocrx_word' id='word_1_675' title='bbox 2619 4587 2712 4637; x_wconf 73' lang='grc' dir='ltr'><strong>καὶ</strong></span> <span class='ocrx_word' id='word_1_676' title='bbox 2740 4585 2892 4637; x_wconf 72' lang='grc' dir='ltr'>αὐτοὶ</span> <span class='ocrx_word' id='word_1_677' title='bbox 2916 4584 3157 4657; x_wconf 76' lang='grc' dir='ltr'>ζηλῶσαι</span> <span class='ocrx_word' id='word_1_678' title='bbox 3184 4587 3245 4640; x_wconf 81' lang='grc' dir='ltr'>τὸ</span> <span class='ocrx_word' id='word_1_679' title='bbox 3276 4590 3613 4660; x_wconf 80' lang='grc' dir='ltr'>προφητικὸν</span> <span class='ocrx_word' id='word_1_680' title='bbox 3650 4589 3768 4659; x_wconf 70' lang='grc' dir='ltr'>βουσ</span> 
     </span>
    </p>
   </div>
   <div class='ocr_carea' id='block_1_94' title="bbox 516 4670 2079 4743">
    <p class='ocr_par' dir='ltr' id='par_1_94' title="bbox 516 4670 2079 4743">
     <span class='ocr_line' id='line_1_94' title="bbox 516 4670 2079 4743; baseline 0.003 -20"><span class='ocrx_word' id='word_1_681' title='bbox 516 4689 534 4723; x_wconf 86' lang='grc' dir='ltr'><strong>ι</strong></span> <span class='ocrx_word' id='word_1_682' title='bbox 581 4671 634 4725; x_wconf 90' lang='lat' dir='ltr'><strong>iu</strong></span> <span class='ocrx_word' id='word_1_683' title='bbox 671 4670 963 4726; x_wconf 84' lang='lat' dir='ltr'><strong>Proverbia</strong></span> <span class='ocrx_word' id='word_1_684' title='bbox 998 4671 1306 4726; x_wconf 86' lang='lat' dir='ltr'><strong>Salomonis</strong></span> <span class='ocrx_word' id='word_1_685' title='bbox 1333 4672 1722 4742; x_wconf 80' lang='lat' dir='ltr'><strong>sapientissimi</strong></span> <span class='ocrx_word' id='word_1_686' title='bbox 1752 4674 2079 4743; x_wconf 71' lang='lat' dir='ltr'><strong>inciderant,</strong></span> 
     </span>
    </p>
   </div>
   <div class='ocr_carea' id='block_1_95' title="bbox 514 4763 2082 4833">
    <p class='ocr_par' dir='ltr' id='par_1_95' title="bbox 514 4763 2082 4833">
     <span class='ocr_line' id='line_1_95' title="bbox 514 4763 2082 4833; baseline 0.003 -18"><span class='ocrx_word' id='word_1_687' title='bbox 514 4782 533 4815; x_wconf 81' lang='grc' dir='ltr'><strong>ι</strong></span> <span class='ocrx_word' id='word_1_688' title='bbox 580 4774 634 4818; x_wconf 88' lang='lat' dir='ltr'><strong>et</strong></span> <span class='ocrx_word' id='word_1_689' title='bbox 686 4779 750 4819; x_wconf 77' lang='lat' dir='ltr'><strong>ex</strong></span> <span class='ocrx_word' id='word_1_690' title='bbox 806 4764 1018 4818; x_wconf 88' lang='lat' dir='ltr'><strong>illorum</strong></span> <span class='ocrx_word' id='word_1_691' title='bbox 1075 4774 1443 4833; x_wconf 75' lang='lat' dir='ltr'><strong>cognoverant</strong></span> <span class='ocrx_word' id='word_1_692' title='bbox 1497 4763 1752 4831; x_wconf 81' lang='lat' dir='ltr'><strong>lectione,</strong></span> <span class='ocrx_word' id='word_1_693' title='bbox 1793 4764 2082 4821; x_wconf 87' lang='lat' dir='ltr'><strong>dilliculter</strong></span> 
     </span>
    </p>
   </div>
   <div class='ocr_carea' id='block_1_96' title="bbox 515 4855 2082 4927">
    <p class='ocr_par' dir='ltr' id='par_1_96' title="bbox 515 4855 2082 4927">
     <span class='ocr_line' id='line_1_96' title="bbox 515 4855 2082 4927; baseline 0.003 -18"><span class='ocrx_word' id='word_1_694' title='bbox 515 4875 535 4909; x_wconf 83' lang='grc' dir='ltr'><strong>ι</strong></span> <span class='ocrx_word' id='word_1_695' title='bbox 582 4856 874 4911; x_wconf 87' lang='lat' dir='ltr'><strong>admodum</strong></span> <span class='ocrx_word' id='word_1_696' title='bbox 930 4857 997 4911; x_wconf 91' lang='lat' dir='ltr'><strong>de</strong></span> <span class='ocrx_word' id='word_1_697' title='bbox 1040 4858 1213 4927; x_wconf 84' lang='lat' dir='ltr'><strong>prima</strong></span> <span class='ocrx_word' id='word_1_698' title='bbox 1264 4855 1401 4911; x_wconf 83' lang='lat' dir='ltr'><strong>facie</strong></span> <span class='ocrx_word' id='word_1_699' title='bbox 1433 4855 1646 4911; x_wconf 89' lang='lat' dir='ltr'><strong>illorum</strong></span> <span class='ocrx_word' id='word_1_700' title='bbox 1678 4873 1900 4913; x_wconf 88' lang='lat' dir='ltr'><strong>sensum</strong></span> <span class='ocrx_word' id='word_1_701' title='bbox 1934 4874 2082 4914; x_wconf 90' lang='lat' dir='ltr'><strong>com-</strong></span> 
     </span>
    </p>
   </div>
   <div class='ocr_carea' id='block_1_97' title="bbox 516 4948 2077 5019">
    <p class='ocr_par' dir='ltr' id='par_1_97' title="bbox 516 4948 2077 5019">
     <span class='ocr_line' id='line_1_97' title="bbox 516 4948 2077 5019; baseline 0.002 -19"><span class='ocrx_word' id='word_1_702' title='bbox 516 4966 534 5000; x_wconf 85' lang='grc' dir='ltr'><strong>ι</strong></span> <span class='ocrx_word' id='word_1_703' title='bbox 582 4948 842 5019; x_wconf 83' lang='lat' dir='ltr'><strong>prehendi</strong></span> <span class='ocrx_word' id='word_1_704' title='bbox 869 4962 1047 5017; x_wconf 86' lang='lat' dir='ltr'><strong>posse,</strong></span> <span class='ocrx_word' id='word_1_705' title='bbox 1082 4948 1282 5004; x_wconf 90' lang='lat' dir='ltr'><strong>vellent</strong></span> <span class='ocrx_word' id='word_1_706' title='bbox 1316 4959 1495 5002; x_wconf 89' lang='lat' dir='ltr'><strong>autem</strong></span> <span class='ocrx_word' id='word_1_707' title='bbox 1537 4951 1908 5019; x_wconf 87' lang='lat' dir='ltr'><strong>propheticam</strong></span> <span class='ocrx_word' id='word_1_708' title='bbox 1939 4953 2077 5006; x_wconf 84' lang='lat' dir='ltr'><strong>scri-</strong></span> 
     </span>
    </p>
   </div>
   <div class='ocr_carea' id='block_1_98' title="bbox 514 5040 2074 5106">
    <p class='ocr_par' dir='ltr' id='par_1_98' title="bbox 514 5040 2074 5106">
     <span class='ocr_line' id='line_1_98' title="bbox 514 5040 2074 5106; baseline 0.003 -14"><span class='ocrx_word' id='word_1_709' title='bbox 514 5059 534 5092; x_wconf 83' lang='grc' dir='ltr'><strong>ι</strong></span> <span class='ocrx_word' id='word_1_710' title='bbox 581 5042 738 5095; x_wconf 78' lang='lat' dir='ltr'><strong>bendi</strong></span> <span class='ocrx_word' id='word_1_711' title='bbox 790 5040 1053 5095; x_wconf 85' lang='lat' dir='ltr'><strong>rationem</strong></span> <span class='ocrx_word' id='word_1_712' title='bbox 1105 5040 1248 5094; x_wconf 91' lang='lat' dir='ltr'><strong>illam</strong></span> <span class='ocrx_word' id='word_1_713' title='bbox 1282 5043 1546 5106; x_wconf 68' lang='lat' dir='ltr'><strong>temulari,</strong></span> <span class='ocrx_word' id='word_1_714' title='bbox 1581 5042 1645 5095; x_wconf 86' lang='lat' dir='ltr'><strong>ad</strong></span> <span class='ocrx_word' id='word_1_715' title='bbox 1676 5041 1923 5097; x_wconf 90' lang='lat' dir='ltr'><strong>eumdem</strong></span> <span class='ocrx_word' id='word_1_716' title='bbox 1957 5060 2074 5097; x_wconf 87' lang='lat' dir='ltr'><strong>mo-</strong></span> 
     </span>
    </p>
   </div>
   <div class='ocr_carea' id='block_1_99' title="bbox 581 5224 1281 5295">
    <p class='ocr_par' dir='ltr' id='par_1_99' title="bbox 581 5224 1281 5295">
     <span class='ocr_line' id='line_1_99' title="bbox 581 5224 1281 5295; baseline -0.003 -14"><span class='ocrx_word' id='word_1_717' title='bbox 581 5231 639 5289; x_wconf 60' lang='grc' dir='ltr'><strong>ᾖ(</strong></span> <span class='ocrx_word' id='word_1_718' title='bbox 682 5225 781 5282; x_wconf 83' lang='lat' dir='ltr'><strong>Ed.</strong></span> <span class='ocrx_word' id='word_1_719' title='bbox 811 5224 1009 5290; x_wconf 82' lang='lat' dir='ltr'><strong>Paris.,</strong></span> <span class='ocrx_word' id='word_1_720' title='bbox 1038 5241 1162 5295; x_wconf 79' lang='lat' dir='ltr'><strong>pag.</strong></span> <span class='ocrx_word' id='word_1_721' title='bbox 1196 5224 1281 5279; x_wconf 81' lang='grc'><strong>17.</strong></span> 
     </span>
    </p>
   </div>
   <div class='ocr_carea' id='block_1_100' title="bbox 578 5401 2079 5475">
    <p class='ocr_par' dir='ltr' id='par_1_100' title="bbox 578 5401 2079 5475">
     <span class='ocr_line' id='line_1_100' title="bbox 578 5401 2079 5475; baseline -0.001 -17"><span class='ocrx_word' id='word_1_722' title='bbox 578 5405 691 5475; x_wconf 82' lang='grc'><strong>(90)</strong></span> <span class='ocrx_word' id='word_1_723' title='bbox 731 5407 833 5471; x_wconf 80' lang='grc' dir='ltr'><strong>εις</strong></span> <span class='ocrx_word' id='word_1_724' title='bbox 865 5406 1053 5471; x_wconf 83' lang='grc' dir='ltr'>αὑτὰς</span> <span class='ocrx_word' id='word_1_725' title='bbox 1081 5404 1454 5474; x_wconf 61' lang='grc' dir='ltr'>γεγραφέναι.</span> <span class='ocrx_word' id='word_1_726' title='bbox 1499 5402 1656 5475; x_wconf 77' lang='lat' dir='ltr'><strong>Deest</strong></span> <span class='ocrx_word' id='word_1_727' title='bbox 1692 5401 1942 5475; x_wconf 66' lang='grc' dir='ltr'>λέγεται,</span> <span class='ocrx_word' id='word_1_728' title='bbox 1997 5402 2079 5475; x_wconf 75' lang='lat' dir='ltr'><strong>vel</strong></span> 
     </span>
    </p>
   </div>
   <div class='ocr_carea' id='block_1_101' title="bbox 508 5471 2079 5548">
    <p class='ocr_par' dir='ltr' id='par_1_101' title="bbox 508 5471 2079 5548">
     <span class='ocr_line' id='line_1_101' title="bbox 508 5471 2079 5548; baseline -0.004 -17"><span class='ocrx_word' id='word_1_729' title='bbox 508 5471 635 5548; x_wconf 73' lang='lat' dir='ltr'><strong>quid</strong></span> <span class='ocrx_word' id='word_1_730' title='bbox 660 5471 854 5548; x_wconf 76' lang='lat' dir='ltr'><strong>simile.</strong></span> <span class='ocrx_word' id='word_1_731' title='bbox 890 5475 961 5548; x_wconf 83' lang='lat' dir='ltr'><strong>De</strong></span> <span class='ocrx_word' id='word_1_732' title='bbox 993 5471 1095 5548; x_wconf 74' lang='lat' dir='ltr'><strong>hoc</strong></span> <span class='ocrx_word' id='word_1_733' title='bbox 1127 5471 1393 5548; x_wconf 23' lang='lat' dir='ltr'><strong>locojvide</strong></span> <span class='ocrx_word' id='word_1_734' title='bbox 1418 5476 1482 5528; x_wconf 73' lang='grc' dir='ltr'>Β.</span> <span class='ocrx_word' id='word_1_735' title='bbox 1518 5473 1571 5548; x_wconf 84' lang='lat' dir='ltr'><strong>l_’.</strong></span> <span class='ocrx_word' id='word_1_736' title='bbox 1598 5475 1661 5524; x_wconf 84' lang='lat' dir='ltr'><strong>A.</strong></span> <span class='ocrx_word' id='word_1_737' title='bbox 1689 5471 1995 5548; x_wconf 72' lang='lat' dir='ltr'><strong>Schuttntn,</strong></span> <span class='ocrx_word' id='word_1_738' title='bbox 2027 5474 2079 5525; x_wconf 83' lang='lat' dir='ltr'><strong>in</strong></span> 
     </span>
    </p>
   </div>
   <div class='ocr_carea' id='block_1_102' title="bbox 508 5541 2083 5625">
    <p class='ocr_par' dir='ltr' id='par_1_102' title="bbox 508 5541 2083 5625">
     <span class='ocr_line' id='line_1_102' title="bbox 508 5541 2083 5625; baseline -0.003 -26"><span class='ocrx_word' id='word_1_739' title='bbox 508 5541 825 5625; x_wconf 62' lang='lat' dir='ltr'><strong>prmlatione</strong></span> <span class='ocrx_word' id='word_1_740' title='bbox 858 5547 923 5625; x_wconf 77' lang='lat' dir='ltr'><strong>ad</strong></span> <span class='ocrx_word' id='word_1_741' title='bbox 958 5547 1186 5613; x_wconf 81' lang='lat' dir='ltr'><strong>Adagia.</strong></span> <span class='ocrx_word' id='word_1_742' title='bbox 1208 5544 1412 5625; x_wconf 58' lang='lat' dir='ltr'><strong>hl.——|n</strong></span> <span class='ocrx_word' id='word_1_743' title='bbox 1438 5545 1557 5597; x_wconf 87' lang='lat' dir='ltr'><strong>cod.</strong></span> <span class='ocrx_word' id='word_1_744' title='bbox 1589 5558 1617 5595; x_wconf 86' lang='lat' dir='ltr'><strong>a</strong></span> <span class='ocrx_word' id='word_1_745' title='bbox 1645 5558 1858 5625; x_wconf 57' lang='lat' dir='ltr'><strong>seum.</strong></span> <span class='ocrx_word' id='word_1_746' title='bbox 1879 5541 2083 5625; x_wconf 59' lang='grc' dir='ltr'>γέγρατ</span> 
     </span>
    </p>
   </div>
   <div class='ocr_carea' id='block_1_103' title="bbox 507 5611 2083 5689">
    <p class='ocr_par' dir='ltr' id='par_1_103' title="bbox 507 5611 2083 5689">
     <span class='ocr_line' id='line_1_103' title="bbox 507 5611 2083 5689; baseline -0.004 -18"><span class='ocrx_word' id='word_1_747' title='bbox 507 5611 604 5689; x_wconf 73' lang='grc' dir='ltr'><strong>φεν</strong></span> <span class='ocrx_word' id='word_1_748' title='bbox 639 5614 699 5677; x_wconf 78' lang='grc' dir='ltr'><strong>ἒξ</strong></span> <span class='ocrx_word' id='word_1_749' title='bbox 737 5615 1006 5689; x_wconf 63' lang='lat' dir='ltr'><strong>quodpro</strong></span> <span class='ocrx_word' id='word_1_750' title='bbox 1034 5611 1367 5689; x_wconf 67' lang='grc' dir='ltr'>γεγραφέναι</span> <span class='ocrx_word' id='word_1_751' title='bbox 1383 5624 1447 5689; x_wconf 83' lang='lat' dir='ltr'><strong>_ct</strong></span> <span class='ocrx_word' id='word_1_752' title='bbox 1471 5628 1634 5689; x_wconf 70' lang='lat' dir='ltr'><strong>supra</strong></span> <span class='ocrx_word' id='word_1_753' title='bbox 1679 5611 1787 5689; x_wconf 82' lang='grc' dir='ltr'><strong>ὑπό</strong></span> <span class='ocrx_word' id='word_1_754' title='bbox 1825 5613 1942 5689; x_wconf 85' lang='lat' dir='ltr'><strong>loc_o</strong></span> <span class='ocrx_word' id='word_1_755' title='bbox 1976 5611 2083 5665; x_wconf 83' lang='grc' dir='ltr'><strong>ἀπό</strong></span> 
     </span>
    </p>
   </div>
   <div class='ocr_carea' id='block_1_104' title="bbox 504 5682 2083 5753">
    <p class='ocr_par' dir='ltr' id='par_1_104' title="bbox 504 5682 2083 5753">
     <span class='ocr_line' id='line_1_104' title="bbox 504 5682 2083 5753; baseline -0.004 -10"><span class='ocrx_word' id='word_1_756' title='bbox 504 5682 624 5743; x_wconf 82' lang='lat' dir='ltr'><strong>dedi</strong></span> <span class='ocrx_word' id='word_1_757' title='bbox 648 5689 813 5753; x_wconf 10' lang='lat' dir='ltr'><strong>;rdetn</strong></span> <span class='ocrx_word' id='word_1_758' title='bbox 856 5684 899 5735; x_wconf 75' lang='grc' dir='ltr'>δ’</span> <span class='ocrx_word' id='word_1_759' title='bbox 928 5682 1053 5738; x_wconf 84' lang='lat' dir='ltr'><strong>ante</strong></span> <span class='ocrx_word' id='word_1_760' title='bbox 1084 5682 1279 5749; x_wconf 77' lang='grc' dir='ltr'>ἔξωθεν</span> <span class='ocrx_word' id='word_1_761' title='bbox 1315 5684 1508 5736; x_wconf 79' lang='lat' dir='ltr'><strong>delevi.</strong></span> <span class='ocrx_word' id='word_1_762' title='bbox 1540 5683 1670 5753; x_wconf 84' lang='lat' dir='ltr'><strong>Dein</strong></span> <span class='ocrx_word' id='word_1_763' title='bbox 1706 5682 1916 5753; x_wconf 65' lang='grc' dir='ltr'>ναιεοῇ</span> <span class='ocrx_word' id='word_1_764' title='bbox 1958 5693 2083 5736; x_wconf 86' lang='lat' dir='ltr'><strong>ante</strong></span> 
     </span>
    </p>
   </div>
   <div class='ocr_carea' id='block_1_105' title="bbox 505 5751 2084 5823">
    <p class='ocr_par' dir='ltr' id='par_1_105' title="bbox 505 5751 2084 5823">
     <span class='ocr_line' id='line_1_105' title="bbox 505 5751 2084 5823; baseline -0.003 -12"><span class='ocrx_word' id='word_1_765' title='bbox 505 5752 691 5823; x_wconf 76' lang='grc' dir='ltr'>ἐπειδὴ</span> <span class='ocrx_word' id='word_1_766' title='bbox 732 5763 786 5806; x_wconf 82' lang='lat' dir='ltr'><strong>et</strong></span> <span class='ocrx_word' id='word_1_767' title='bbox 836 5753 1198 5823; x_wconf 87' lang='grc' dir='ltr'>Σολομῶντος.</span> <span class='ocrx_word' id='word_1_768' title='bbox 1247 5756 1427 5823; x_wconf 8' lang='lat' dir='ltr'><strong>Porro,</strong></span> <span class='ocrx_word' id='word_1_769' title='bbox 1466 5752 1622 5823; x_wconf 64' lang='lat' dir='ltr'><strong>vulgo</strong></span> <span class='ocrx_word' id='word_1_770' title='bbox 1672 5751 2084 5823; x_wconf 78' lang='grc' dir='ltr'>ἐντυγχάνοντες</span> 
     </span>
    </p>
   </div>
   <div class='ocr_carea' id='block_1_106' title="bbox 503 5821 2083 5892">
    <p class='ocr_par' dir='ltr' id='par_1_106' title="bbox 503 5821 2083 5892">
     <span class='ocr_line' id='line_1_106' title="bbox 503 5821 2083 5892; baseline -0.003 -10"><span class='ocrx_word' id='word_1_771' title='bbox 503 5828 597 5882; x_wconf 72' lang='grc' dir='ltr'><strong>καὶ</strong></span> <span class='ocrx_word' id='word_1_772' title='bbox 625 5821 691 5877; x_wconf 80' lang='grc' dir='ltr'><strong>δι⁸</strong></span> <span class='ocrx_word' id='word_1_773' title='bbox 722 5823 901 5878; x_wconf 80' lang='grc' dir='ltr'>αὐτῶν</span> <span class='ocrx_word' id='word_1_774' title='bbox 931 5821 1283 5892; x_wconf 74' lang='grc' dir='ltr'>γινώσκοντες</span> <span class='ocrx_word' id='word_1_775' title='bbox 1317 5832 1369 5877; x_wconf 90' lang='lat' dir='ltr'><strong>et</strong></span> <span class='ocrx_word' id='word_1_776' title='bbox 1403 5822 1477 5886; x_wconf 81' lang='grc' dir='ltr'><strong>ὡς</strong></span> <span class='ocrx_word' id='word_1_777' title='bbox 1504 5821 1654 5875; x_wconf 71' lang='grc' dir='ltr'>οὐδέν</span> <span class='ocrx_word' id='word_1_778' title='bbox 1684 5833 1737 5878; x_wconf 86' lang='lat' dir='ltr'><strong>et</strong></span> <span class='ocrx_word' id='word_1_779' title='bbox 1761 5821 2083 5887; x_wconf 83' lang='grc' dir='ltr'>διδακτικοῖς</span> 
     </span>
    </p>
   </div>
   <div class='ocr_carea' id='block_1_107' title="bbox 503 5894 1038 5963">
    <p class='ocr_par' dir='ltr' id='par_1_107' title="bbox 503 5894 1038 5963">
     <span class='ocr_line' id='line_1_107' title="bbox 503 5894 1038 5963; baseline -0.009 -11"><span class='ocrx_word' id='word_1_780' title='bbox 503 5915 595 5951; x_wconf 85' lang='grc' dir='ltr'><strong>πν.</strong></span> <span class='ocrx_word' id='word_1_781' title='bbox 623 5894 894 5963; x_wconf 81' lang='grc' dir='ltr'>πνεύματι</span> <span class='ocrx_word' id='word_1_782' title='bbox 926 5894 1038 5947; x_wconf 83' lang='grc' dir='ltr'>καί.</span> 
     </span>
    </p>
   </div>
   <div class='ocr_carea' id='block_1_108' title="bbox 2192 4675 3768 4753">
    <p class='ocr_par' dir='ltr' id='par_1_108' title="bbox 2192 4675 3768 4753">
     <span class='ocr_line' id='line_1_108' title="bbox 2192 4675 3768 4753; baseline 0.003 -25"><span class='ocrx_word' id='word_1_783' title='bbox 2192 4697 2209 4728; x_wconf 77' lang='grc' dir='ltr'><strong>ι</strong></span> <span class='ocrx_word' id='word_1_784' title='bbox 2250 4676 2502 4747; x_wconf 83' lang='grc' dir='ltr'>ληθέντες</span> <span class='ocrx_word' id='word_1_785' title='bbox 2557 4675 2811 4745; x_wconf 84' lang='grc' dir='ltr'>γράμμα,</span> <span class='ocrx_word' id='word_1_786' title='bbox 2866 4676 2956 4730; x_wconf 90' lang='grc' dir='ltr'><strong>τὸν</strong></span> <span class='ocrx_word' id='word_1_787' title='bbox 3017 4677 3178 4731; x_wconf 79' lang='grc' dir='ltr'>αὑτὸν</span> <span class='ocrx_word' id='word_1_788' title='bbox 3228 4679 3423 4750; x_wconf 77' lang='grc' dir='ltr'>ἐκείνῳ</span> <span class='ocrx_word' id='word_1_789' title='bbox 3460 4680 3768 4753; x_wconf 74' lang='grc' dir='ltr'>γεγράφασι</span> 
     </span>
    </p>
   </div>
   <div class='ocr_carea' id='block_1_109' title="bbox 2192 4764 3769 4837">
    <p class='ocr_par' dir='ltr' id='par_1_109' title="bbox 2192 4764 3769 4837">
     <span class='ocr_line' id='line_1_109' title="bbox 2192 4764 3769 4837; baseline 0.004 -21"><span class='ocrx_word' id='word_1_790' title='bbox 2192 4784 2211 4816; x_wconf 79' lang='grc' dir='ltr'><strong>ι</strong></span> <span class='ocrx_word' id='word_1_791' title='bbox 2249 4764 2470 4837; x_wconf 88' lang='grc' dir='ltr'>τρόπον.</span> <span class='ocrx_word' id='word_1_792' title='bbox 2505 4784 2523 4814; x_wconf 77' lang='grc' dir='ltr'><strong>ι</strong></span> <span class='ocrx_word' id='word_1_793' title='bbox 2564 4764 2767 4834; x_wconf 71' lang='grc' dir='ltr'>Σκέψαι</span> <span class='ocrx_word' id='word_1_794' title='bbox 2800 4765 2857 4818; x_wconf 78' lang='grc' dir='ltr'>δὲ</span> <span class='ocrx_word' id='word_1_795' title='bbox 2896 4767 2988 4818; x_wconf 74' lang='grc' dir='ltr'><strong>καὶ</strong></span> <span class='ocrx_word' id='word_1_796' title='bbox 3015 4766 3187 4831; x_wconf 81' lang='grc' dir='ltr'>ἄλλως</span> <span class='ocrx_word' id='word_1_797' title='bbox 3223 4768 3282 4834; x_wconf 80' lang='grc' dir='ltr'>ὲξ</span> <span class='ocrx_word' id='word_1_798' title='bbox 3318 4768 3497 4823; x_wconf 87' lang='grc' dir='ltr'>αὐτῶν</span> <span class='ocrx_word' id='word_1_799' title='bbox 3529 4770 3638 4823; x_wconf 89' lang='grc' dir='ltr'><strong>τῶν</strong></span> <span class='ocrx_word' id='word_1_800' title='bbox 3667 4787 3769 4823; x_wconf 86' lang='grc' dir='ltr'>πα-</span> 
     </span>
    </p>
   </div>
   <div class='ocr_carea' id='block_1_110' title="bbox 2191 4858 3767 4931">
    <p class='ocr_par' dir='ltr' id='par_1_110' title="bbox 2191 4858 3767 4931">
     <span class='ocr_line' id='line_1_110' title="bbox 2191 4858 3767 4931; baseline 0.003 -21"><span class='ocrx_word' id='word_1_801' title='bbox 2191 4858 2482 4931; x_wconf 77' lang='grc' dir='ltr'>ραθέσεων,</span> <span class='ocrx_word' id='word_1_802' title='bbox 2517 4859 2639 4911; x_wconf 81' lang='grc' dir='ltr'>ὅσον</span> <span class='ocrx_word' id='word_1_803' title='bbox 2673 4859 2771 4928; x_wconf 78' lang='grc' dir='ltr'>τῆς</span> <span class='ocrx_word' id='word_1_804' title='bbox 2812 4859 3069 4929; x_wconf 86' lang='grc' dir='ltr'>ἀληθείας</span> <span class='ocrx_word' id='word_1_805' title='bbox 3096 4860 3418 4930; x_wconf 77' lang='grc' dir='ltr'>διήμαρτεν,</span> <span class='ocrx_word' id='word_1_806' title='bbox 3445 4862 3618 4923; x_wconf 73' lang='grc' dir='ltr'>εἰπὼν</span> <span class='ocrx_word' id='word_1_807' title='bbox 3644 4865 3767 4925; x_wconf 74' lang='grc' dir='ltr'>τοὺς</span> 
     </span>
    </p>
   </div>
   <div class='ocr_carea' id='block_1_111' title="bbox 2187 4949 3767 5026">
    <p class='ocr_par' dir='ltr' id='par_1_111' title="bbox 2187 4949 3767 5026">
     <span class='ocr_line' id='line_1_111' title="bbox 2187 4949 3767 5026; baseline 0.001 -22"><span class='ocrx_word' id='word_1_808' title='bbox 2187 4952 2316 5021; x_wconf 79' lang='grc' dir='ltr'>παρ’</span> <span class='ocrx_word' id='word_1_809' title='bbox 2359 4949 2603 5021; x_wconf 84' lang='grc' dir='ltr'>Ἕλλησι,</span> <span class='ocrx_word' id='word_1_810' title='bbox 2646 4950 2738 5003; x_wconf 88' lang='grc' dir='ltr'><strong>τὸν</strong></span> <span class='ocrx_word' id='word_1_811' title='bbox 2784 4950 2945 5003; x_wconf 79' lang='grc' dir='ltr'>αὐτὸν</span> <span class='ocrx_word' id='word_1_812' title='bbox 2997 4950 3073 5022; x_wconf 83' lang='grc' dir='ltr'>τῷ</span> <span class='ocrx_word' id='word_1_813' title='bbox 3114 4952 3388 5024; x_wconf 87' lang='grc' dir='ltr'>Σολομῶνι</span> <span class='ocrx_word' id='word_1_814' title='bbox 3435 4955 3767 5026; x_wconf 84' lang='grc' dir='ltr'>γεγραφέναι</span> 
     </span>
    </p>
   </div>
   <div class='ocr_carea' id='block_1_112' title="bbox 2182 5042 3768 5118">
    <p class='ocr_par' dir='ltr' id='par_1_112' title="bbox 2182 5042 3768 5118">
     <span class='ocr_line' id='line_1_112' title="bbox 2182 5042 3768 5118; baseline 0.001 -21"><span class='ocrx_word' id='word_1_815' title='bbox 2182 5043 2403 5115; x_wconf 89' lang='grc' dir='ltr'>τρόπον.</span> <span class='ocrx_word' id='word_1_816' title='bbox 2444 5044 2501 5096; x_wconf 88' lang='lat'><strong>&#39;0</strong></span> <span class='ocrx_word' id='word_1_817' title='bbox 2538 5043 2635 5113; x_wconf 82' lang='grc' dir='ltr'><strong>μὲν</strong></span> <span class='ocrx_word' id='word_1_818' title='bbox 2661 5043 2770 5113; x_wconf 82' lang='grc' dir='ltr'><strong>γάρ</strong></span> <span class='ocrx_word' id='word_1_819' title='bbox 2810 5042 3080 5114; x_wconf 87' lang='grc' dir='ltr'>Σολομὼν,</span> <span class='ocrx_word' id='word_1_820' title='bbox 3127 5042 3446 5118; x_wconf 78' lang='grc' dir='ltr'>θεοδωρήτῳ</span> <span class='ocrx_word' id='word_1_821' title='bbox 3490 5047 3651 5118; x_wconf 76' lang='grc' dir='ltr'>σοφία</span> <span class='ocrx_word' id='word_1_822' title='bbox 3688 5064 3768 5099; x_wconf 82' lang='grc' dir='ltr'>κι-</span> 
     </span>
    </p>
   </div>
   <div class='ocr_carea' id='block_1_113' title="bbox 2168 5220 3053 5289">
    <p class='ocr_par' dir='ltr' id='par_1_113' title="bbox 2168 5220 3053 5289">
     <span class='ocr_line' id='line_1_113' title="bbox 2168 5220 3053 5289; baseline 0.002 -13"><span class='ocrx_word' id='word_1_823' title='bbox 2168 5223 2212 5254; x_wconf 64' lang='lat'><strong>&quot;</strong></span> <span class='ocrx_word' id='word_1_824' title='bbox 2250 5222 2265 5276; x_wconf 94' lang='lat' dir='ltr'><strong>l</strong></span> <span class='ocrx_word' id='word_1_825' title='bbox 2299 5221 2425 5278; x_wconf 88' lang='lat' dir='ltr'><strong>Cor.</strong></span> <span class='ocrx_word' id='word_1_826' title='bbox 2450 5236 2513 5289; x_wconf 84' lang='grc' dir='ltr'><strong>ιι,</strong></span> <span class='ocrx_word' id='word_1_827' title='bbox 2544 5222 2629 5274; x_wconf 72' lang='lat' dir='ltr'><strong>ta.</strong></span> <span class='ocrx_word' id='word_1_828' title='bbox 2706 5220 2771 5250; x_wconf 72' lang='grc' dir='ltr'>ιι·</span> <span class='ocrx_word' id='word_1_829' title='bbox 2802 5221 2933 5276; x_wconf 87' lang='lat' dir='ltr'><strong>ibid.</strong></span> <span class='ocrx_word' id='word_1_830' title='bbox 2966 5224 3053 5278; x_wconf 79' lang='lat' dir='ltr'><strong>tt.</strong></span> 
     </span>
    </p>
   </div>
   <div class='ocr_carea' id='block_1_114' title="bbox 2260 5402 3763 5474">
    <p class='ocr_par' dir='ltr' id='par_1_114' title="bbox 2260 5402 3763 5474">
     <span class='ocr_line' id='line_1_114' title="bbox 2260 5402 3763 5474; baseline -0.003 -16"><span class='ocrx_word' id='word_1_831' title='bbox 2260 5402 2373 5474; x_wconf 80' lang='lat' dir='ltr'><strong>(9i)</strong></span> <span class='ocrx_word' id='word_1_832' title='bbox 2428 5403 2723 5470; x_wconf 80' lang='grc' dir='ltr'>Πνεύματι</span> <span class='ocrx_word' id='word_1_833' title='bbox 2796 5404 3239 5473; x_wconf 78' lang='grc' dir='ltr'>πνευματικοῖς.</span> <span class='ocrx_word' id='word_1_834' title='bbox 3308 5402 3650 5471; x_wconf 66' lang='lat' dir='ltr'><strong>Lugendum.</strong></span> <span class='ocrx_word' id='word_1_835' title='bbox 3710 5412 3763 5454; x_wconf 83' lang='lat' dir='ltr'><strong>nt</strong></span> 
     </span>
    </p>
   </div>
   <div class='ocr_carea' id='block_1_115' title="bbox 2189 5474 3736 5544">
    <p class='ocr_par' dir='ltr' id='par_1_115' title="bbox 2189 5474 3736 5544">
     <span class='ocr_line' id='line_1_115' title="bbox 2189 5474 3736 5544; baseline -0.002 -17"><span class='ocrx_word' id='word_1_836' title='bbox 2189 5476 2676 5544; x_wconf 29' lang='lat' dir='ltr'><strong>statimhrecitatur</strong></span> <span class='ocrx_word' id='word_1_837' title='bbox 2701 5489 2765 5526; x_wconf 77' lang='lat' dir='ltr'><strong>ex</strong></span> <span class='ocrx_word' id='word_1_838' title='bbox 2798 5476 3077 5540; x_wconf 65' lang='lat' dir='ltr'><strong>Apostolo.</strong></span> <span class='ocrx_word' id='word_1_839' title='bbox 3098 5474 3440 5544; x_wconf 80' lang='grc' dir='ltr'>πνευματικά</span> <span class='ocrx_word' id='word_1_840' title='bbox 3472 5489 3736 5543; x_wconf 81' lang='grc' dir='ltr'>πνευματι</span> 
     </span>
    </p>
   </div>
   <div class='ocr_carea' id='block_1_116' title="bbox 2192 5541 3759 5613">
    <p class='ocr_par' dir='ltr' id='par_1_116' title="bbox 2192 5541 3759 5613">
     <span class='ocr_line' id='line_1_116' title="bbox 2192 5541 3759 5613; baseline -0.005 -16"><span class='ocrx_word' id='word_1_841' title='bbox 2192 5544 2321 5607; x_wconf 89' lang='grc' dir='ltr'>κῶς.</span> <span class='ocrx_word' id='word_1_842' title='bbox 2374 5541 2497 5597; x_wconf 71' lang='lat' dir='ltr'><strong>Haec</strong></span> <span class='ocrx_word' id='word_1_843' title='bbox 2532 5555 2711 5595; x_wconf 83' lang='lat' dir='ltr'><strong>autent</strong></span> <span class='ocrx_word' id='word_1_844' title='bbox 2765 5554 3067 5613; x_wconf 78' lang='lat' dir='ltr'><strong>importune</strong></span> <span class='ocrx_word' id='word_1_845' title='bbox 3112 5541 3367 5598; x_wconf 82' lang='lat' dir='ltr'><strong>dicuntur</strong></span> <span class='ocrx_word' id='word_1_846' title='bbox 3408 5545 3476 5595; x_wconf 84' lang='lat' dir='ltr'><strong>ah</strong></span> <span class='ocrx_word' id='word_1_847' title='bbox 3513 5541 3759 5602; x_wconf 63' lang='lat' dir='ltr'><strong>Ells&#39;t‘lttti,</strong></span> 
     </span>
    </p>
   </div>
   <div class='ocr_carea' id='block_1_117' title="bbox 2189 5613 3760 5695">
    <p class='ocr_par' dir='ltr' id='par_1_117' title="bbox 2189 5613 3760 5695">
     <span class='ocr_line' id='line_1_117' title="bbox 2189 5613 3760 5695; baseline 0 -30"><span class='ocrx_word' id='word_1_848' title='bbox 2189 5618 2312 5682; x_wconf 76' lang='lat' dir='ltr'><strong>quia</strong></span> <span class='ocrx_word' id='word_1_849' title='bbox 2342 5613 2631 5695; x_wconf 54' lang='grc' dir='ltr'>ἔρωτι-κῶς</span> <span class='ocrx_word' id='word_1_850' title='bbox 2656 5620 2902 5695; x_wconf 48' lang='grc' dir='ltr'>ἰςιιιιιιιι,</span> <span class='ocrx_word' id='word_1_851' title='bbox 2927 5630 3020 5681; x_wconf 73' lang='grc' dir='ltr'>ιιι-ιι</span> <span class='ocrx_word' id='word_1_852' title='bbox 3043 5615 3451 5695; x_wconf 68' lang='grc' dir='ltr'>πνευματικοῖς,</span> <span class='ocrx_word' id='word_1_853' title='bbox 3475 5615 3590 5682; x_wconf 70' lang='lat' dir='ltr'><strong>lege</strong></span> <span class='ocrx_word' id='word_1_854' title='bbox 3605 5630 3760 5667; x_wconf 84' lang='grc' dir='ltr'>πνευ-</span> 
     </span>
    </p>
   </div>
   <div class='ocr_carea' id='block_1_118' title="bbox 2193 5683 3554 5754">
    <p class='ocr_par' dir='ltr' id='par_1_118' title="bbox 2193 5683 3554 5754">
     <span class='ocr_line' id='line_1_118' title="bbox 2193 5683 3554 5754; baseline -0.001 -17"><span class='ocrx_word' id='word_1_855' title='bbox 2193 5683 2461 5754; x_wconf 88' lang='grc' dir='ltr'>ματικῶς.</span> <span class='ocrx_word' id='word_1_856' title='bbox 2482 5683 2555 5741; x_wconf 82' lang='grc' dir='ltr'>Μ.</span> <span class='ocrx_word' id='word_1_857' title='bbox 2576 5714 2639 5725; x_wconf 83' lang='grc'><strong>-</strong></span> <span class='ocrx_word' id='word_1_858' title='bbox 2667 5683 2795 5737; x_wconf 83' lang='lat' dir='ltr'><strong>[tein</strong></span> <span class='ocrx_word' id='word_1_859' title='bbox 2826 5688 2982 5752; x_wconf 73' lang='lat' dir='ltr'><strong>vulgo</strong></span> <span class='ocrx_word' id='word_1_860' title='bbox 3004 5687 3116 5747; x_wconf 82' lang='grc' dir='ltr'>τοῖς</span> <span class='ocrx_word' id='word_1_861' title='bbox 3148 5683 3554 5754; x_wconf 82' lang='grc' dir='ltr'>πεποιημένοις.</span> 
     </span>
    </p>
   </div>
   <div class='ocr_carea' id='block_1_119' title="bbox 2263 5754 3671 5825">
    <p class='ocr_par' dir='ltr' id='par_1_119' title="bbox 2263 5754 3671 5825">
     <span class='ocr_line' id='line_1_119' title="bbox 2263 5754 3671 5825; baseline -0.001 -18"><span class='ocrx_word' id='word_1_862' title='bbox 2263 5754 2374 5824; x_wconf 74' lang='grc'><strong>(92)</strong></span> <span class='ocrx_word' id='word_1_863' title='bbox 2416 5754 2519 5824; x_wconf 82' lang='lat' dir='ltr'><strong>Mp.</strong></span> <span class='ocrx_word' id='word_1_864' title='bbox 2559 5754 2627 5806; x_wconf 82' lang='grc' dir='ltr'><strong>ίσ.</strong></span> <span class='ocrx_word' id='word_1_865' title='bbox 2655 5754 2749 5808; x_wconf 76' lang='grc' dir='ltr'><strong>καὶ</strong></span> <span class='ocrx_word' id='word_1_866' title='bbox 2780 5754 2984 5822; x_wconf 80' lang='grc' dir='ltr'>σαφῶς.</span> <span class='ocrx_word' id='word_1_867' title='bbox 3010 5757 3149 5825; x_wconf 73' lang='lat' dir='ltr'><strong>Iu&#39;ra</strong></span> <span class='ocrx_word' id='word_1_868' title='bbox 3182 5757 3349 5825; x_wconf 80' lang='lat' dir='ltr'><strong>vulgo</strong></span> <span class='ocrx_word' id='word_1_869' title='bbox 3368 5754 3530 5825; x_wconf 72' lang='grc' dir='ltr'>ἕνεκα</span> <span class='ocrx_word' id='word_1_870' title='bbox 3559 5762 3671 5807; x_wconf 68' lang='lat' dir='ltr'><strong>ett:</strong></span> 
     </span>
    </p>
   </div>
   <div class='ocr_carea' id='block_1_120' title="bbox 2190 5823 3755 5903">
    <p class='ocr_par' dir='ltr' id='par_1_120' title="bbox 2190 5823 3755 5903">
     <span class='ocr_line' id='line_1_120' title="bbox 2190 5823 3755 5903; baseline -0.001 -28"><span class='ocrx_word' id='word_1_871' title='bbox 2190 5825 2589 5903; x_wconf 80' lang='grc' dir='ltr'>ενηνεγμένοις,</span> <span class='ocrx_word' id='word_1_872' title='bbox 2614 5836 2667 5880; x_wconf 88' lang='lat' dir='ltr'><strong>et</strong></span> <span class='ocrx_word' id='word_1_873' title='bbox 2690 5824 2846 5878; x_wconf 74' lang='grc' dir='ltr'>τοῦτό</span> <span class='ocrx_word' id='word_1_874' title='bbox 2869 5824 2918 5894; x_wconf 83' lang='grc' dir='ltr'>γ’</span> <span class='ocrx_word' id='word_1_875' title='bbox 2950 5836 3006 5879; x_wconf 86' lang='lat' dir='ltr'><strong>et</strong></span> <span class='ocrx_word' id='word_1_876' title='bbox 3047 5824 3081 5877; x_wconf 81' lang='grc' dir='ltr'>ἂ</span> <span class='ocrx_word' id='word_1_877' title='bbox 3107 5824 3185 5887; x_wconf 84' lang='grc' dir='ltr'>δέ,</span> <span class='ocrx_word' id='word_1_878' title='bbox 3225 5823 3419 5881; x_wconf 60' lang='grc' dir='ltr'>εἷάλλ*</span> <span class='ocrx_word' id='word_1_879' title='bbox 3448 5824 3549 5889; x_wconf 84' lang='grc' dir='ltr'>ὡς,</span> <span class='ocrx_word' id='word_1_880' title='bbox 3579 5834 3628 5879; x_wconf 87' lang='lat' dir='ltr'><strong>et</strong></span> <span class='ocrx_word' id='word_1_881' title='bbox 3670 5823 3755 5875; x_wconf 76' lang='grc' dir='ltr'><strong>ἐπὶ</strong></span> 
     </span>
    </p>
   </div>
   <div class='ocr_carea' id='block_1_121' title="bbox 2189 5910 2302 5950">
    <p class='ocr_par' dir='ltr' id='par_1_121' title="bbox 2189 5910 2302 5950">
     <span class='ocr_line' id='line_1_121' title="bbox 2189 5910 2302 5950; baseline 0.027 -3"><span class='ocrx_word' id='word_1_882' title='bbox 2189 5910 2302 5950; x_wconf 77' lang='grc' dir='ltr'>του.</span> 
     </span>
    </p>
   </div>
  </div>
