4008 6552
453 493 554 547 751

1148 486 1409 542 EUSEBII
1446 482 1920 539 CASSARIENSlS
1958 478 2107 535 OPP.
2152 478 2326 533 PARS
2364 477 2452 530 IV.
2492 477 2983 533 —-DOGMATICA.

3589 478 3689 533 752

452 609 552 663 bus
597 622 661 662 ea
685 611 981 676 oppugnat,
1014 618 1133 673 quae
1169 611 1314 656 recte
1342 611 1397 655 et
1429 598 1725 654 secundum
1763 596 2009 651 Ecclesia!

2120 595 2316 658 στικῶς
2377 598 2661 667 γραφεῖσιν
2720 593 3017 661 ἀντιλέγειν
3080 594 3363 665 πειρᾶται,
3394 593 3692 650 διαϐάλλων

452 701 610 755 fidem
644 699 844 766 scripta
896 704 1043 751 sunt.
1077 694 1132 749 ln
1169 693 1369 764 quibus
1422 700 1477 743 et
1522 690 1819 756 scriptores
1878 689 2019 754 ipsos

451 794 712 850 conviciis
741 791 992 859 impetit:
1022 798 1076 843 et
1114 796 1319 842 tantum
1364 800 1479 855 non
1517 793 1791 837 certamen
1846 780 2015 851 quod—

450 891 573 944 dam
632 883 884 952 generale
949 890 1135 935 contra
1187 877 1470 931 universos
1519 874 1767 937 instituit,
1803 872 2018 926 Asterie

451 980 777 1049 quandoque
808 971 1186 1043 repugnantia,
1219 968 1545 1039 quandoque
1578 980 1770 1035 magno
1806 963 1877 1016 illi
1910 963 2018 1016 Eu-

450 1074 603 1127 sebio
634 1070 900 1126 scribens.
934 1071 991 1128 »Β
1024 1062 1302 1117 Convertit
1324 1060 1450 1114 hinc
1466 1074 1526 1113 se
1556 1058 1809 1125 deinceps
1828 1066 2013 1108 contra

448 1165 757 1224 Paulinum,
788 1162 963 1213 virum
1003 1157 1153 1210 illum
1208 1154 1297 1207 Dei
1330 1150 1725 1212 beatissimum,
1756 1148 2016 1214 dignitate

448 1257 731 1327 pneditum
782 1248 1165 1304 Antiochensis
1209 1245 1485 1305 Ecclesiae,
1513 1258 1634 1296 cum
1667 1241 1815 1310 prius
1840 1239 2016 1309 Tyriae

447 1368 508 1404 ea
562 1347 818 1414 dignitate
856 1343 1142 1411 episcopus
1176 1336 1499 1409 prazfuisset.
1555 1333 1608 1386 lu
1664 1349 1770 1403 qua
1799 1334 2013 1401 quidem

446 1436 801 1494 Antiochensi
833 1432 1222 1503 gubernatione
1272 1442 1330 1483 se
1379 1428 1451 1480 ita
1484 1427 1670 1497 gessit,
1709 1436 1767 1477 ut
1802 1440 1905 1479 non
1930 1441 2013 1479 se-

446 1549 543 1587 cus
569 1546 729 1600 quam
759 1528 1025 1597 privatum
1059 1536 1214 1577 suum
1246 1520 1466 1582 bonum,
1510 1518 1656 1571 illum
1690 1517 2015 1572 Antiochen-

446 1642 532 1682 ses
561 1622 1032 1690 amplecterentur.
1070 1614 1225 1669 Hunc
1273 1611 1412 1667 felici
1462 1613 1692 1665 decursu
1725 1611 1901 1665 artatis
1947 1612 2013 1664 ad

447 1724 643 1767 metam
676 1712 888 1765 beatam
938 1705 1129 1760 mortis
1176 1703 1576 1767 devenientem,
1626 1700 1848 1771 jamque
1884 1702 2011 1756 olim

445 1805 755 1861 defunctum
785 1802 916 1863 vita,
950 1812 1125 1868 neque
1149 1796 1254 1852 ulla
1281 1797 1383 1867 ipsi
1430 1794 1675 1852 molestia
1714 1796 2013 1866 cognitum,

446 1894 777 1952 admirabilis
812 1894 903 1948 hic
948 1891 1182 1961 scriptor
1216 1889 1427 1945 irridet.
1460 1887 1595 1943 Hinc
1623 1888 1901 1957 prolectus
1931 1887 2014 1941 in.

2120 690 2244 752 τοὺς
2277 688 2610 759 γράψαντας,
2660 689 2752 741 καὶ
2797 687 3078 758 μονονουχὶ
3104 687 3405 757 πάμμαχον
3439 690 3692 744 συνιστά-

2122 798 2279 851 μενος
2337 781 2522 849 ἀγῶνα
2574 782 2709 852 πρὸς
2768 781 2995 843 πάντας.
3062 780 3219 851 Ἀρτι
3257 779 3358 849 μὲν
3415 779 3523 851 γὰρ
3558 781 3692 853 πρὸς

2132 873 2404 944 Ἀστέριον
2427 873 2525 943 τὴν
2554 873 2872 944 ἀντίρρησιν
2897 874 3156 925 ποιεῖταιο
3186 870 3309 942 ἀρτι
3335 871 3391 923 δὲ
3429 871 3564 942 πρὸς
3591 874 3697 925 Εὐ-

2121 964 2297 1017 σέϐιον
2324 965 2415 1017 τὸν
2443 964 2614 1035 μέγαν
2632 964 2766 1035 (96),
2786 964 2879 1017 καὶ
2906 962 3095 1017 ἔπειτα
3118 962 3209 1014 ἐπὶ
3226 962 3315 1014 τὸν
3336 960 3427 1015 τοῦ
3454 961 3588 1015 Θεοῦ
3613 962 3696 1014 άν-

2119 1056 2333 1126 θρωπον
2356 1056 2446 1109 τὸν
2477 1056 2552 1119 ὡς
2584 1054 2795 1126 ἀληθῶς
2827 1056 3243 1127 τρισμακάριον,
3266 1055 3526 1126 τρέπεται
3549 1054 3694 1107 Παυ-

2116 1146 2258 1199 λῖνον
2276 1147 2409 1215 (97),
2431 1146 2597 1217 ἄνδρα
2628 1146 2925 1216 τιμηθέντα
2964 1148 3058 1217 μὲν
3098 1145 3196 1215 τῆς
3230 1144 3542 1214 Ἀντιοχέων
3579 1145 3695 1197 Ἐκ-

2119 1234 2385 1321 κλησίαςί
2397 1240 2669 1312 πρεσϐείῳ
2691 1240 3003 1311 διαπρεπῶς
3034 1240 3080 1292 τ’
3104 1238 3573 1293 ἐπισκοπεύσαντα
3598 1237 3697 1306 τῆς

2117 1335 2350 1406 Τυρίων,
2388 1333 2530 1387 οὓτω
2566 1351 2626 1386 τε
2670 1335 2727 1386 ἐν
2761 1336 2825 1404 τῇ
2864 1336 3134 1403 ἐπισκοπῇ
3166 1330 3576 1402 διαλάμψαντα,
3621 1329 3696 1392 ὡς

2118 1428 2213 1499 τὴν
2258 1426 2570 1496 Ἀντιοχέων
2613 1425 2957 1496 Ἐκκλησίαν,
2992 1426 3066 1488 ὡς
3102 1425 3302 1478 οἰκείου
3337 1422 3564 1491 ἀγαθοῦ,
3602 1440 3698 1492 με-

2115 1518 2474 1590 ταποιηθῆναι
2503 1518 2689 1572 αὐτοῦ.
2739 1516 2899 1571 Ἀλλά
2937 1518 3030 1571 καὶ
3056 1516 3244 1570 τοῦτον
3280 1514 3563 1587 μακαρίως
3596 1514 3697 1583 μὲν

2118 1614 2437 1685 βεϐιωκότα,
2498 1614 2782 1686 μακαρίως
2814 1611 2869 1664 δὲ
2905 1609 3381 1679 ἀναπεπαυμένον,
3420 1606 3588 1660 πάλαι
3636 1623 3697 1659 τε

2115 1705 2534 1776 κεκοιμημένον,
2577 1706 2671 1758 καὶ
2712 1703 2876 1775 μηδὲν
2901 1700 3050 1772 αὐτῷ
3080 1699 3469 1770 διενοχλοῦντα,
3510 1701 3538 1751 ὁ
3566 1697 3699 1751 θαυ-

2118 1796 2319 1866 μαστὸς
2338 1789 2490 1860 οὗτος
2509 1779 2855 1866 συγγραφεὺς
2866 1792 3241 1846 σκώπτει.Καὶ
3258 1790 3519 1843 ἐκτούτου
3540 1806 3701 1860 μετα-

2116 1887 2233 1951 ϐἀς,
2252 1887 2767 1959 Ὠριγένειπολεμεῖ,
2787 1884 3063 1957 πρόπαλαι
3078 1884 3169 1938 καὶ
3188 1883 3336 1955 αὐτῷ
3357 1880 3699 1952 πεπαυμένῳ

447 1989 579 2045 dicit
622 1987 840 2055 Origeni
897 1985 1118 2049 bellum,
1184 1981 1278 2052 qui
1331 1990 1456 2035 ante
1493 1995 1666 2035 annos
1703 1982 2007 2050 complures

2116 1978 2201 2031 τοῦ
2256 1978 2391 2050 βίου.
2426 1980 2655 2032 Ἔπειτα
2702 1976 2998 2048 Ναρκίσσῳ
3054 1973 3505 2044 ἐπιστρατεύεται
3539 1970 3647 2038 (98)
3676 1987 3694 2000 ο

444 2078 681 2137 excessit
709 2092 740 2133 e
771 2077 903 2131 vita.
932 2074 1191 2128 Armatur
1221 2073 1480 2141 deinceps
1532 2071 1585 2125 in
1640 2068 1952 2126 Narcissum
1992 2090 2007 2127 :

444 2176 677 2230 alterum
733 2170 912 2225 adhuc
968 2168 1259 2223 Eusebium
1312 2164 1678 2234 persequitur,
1741 2175 1797 2219 ut
1845 2167 2010 2219 verbo

443 2268 643 2330 dicam,
696 2263 953 2319 Ecclesiae
1006 2259 1195 2314 Patres
1249 2273 1440 2312 omnes
1491 2259 1641 2312 nihili
1695 2257 2011 2313 facitzsolo

443 2360 621 2430 seipse
648 2365 955 2417 contentus,
986 2352 1087 2407 sibi
1128 2350 1324 2421 placet.
1362 2348 1565 2405 Scribit
1620 2350 1805 2419 itaque
1841 2362 1896 2404 et
1944 2351 2010 2405 de

446 2447 779 2507 nominibus,
808 2445 875 2499 ad
925 2442 1069 2497 hunc
1116 2442 1333 2494 modum
1365 2439 1695 2510 singulorum
1726 2456 1849 2495 cum
1884 2457 2014 2496 eon-

440 2541 597 2597 viciis
629 2538 955 2592 mentionem
999 2533 1148 2588 facit.
1186 2532 1477 2587 Exordium
1510 2546 1670 2601 porro
1699 2548 1909 2586 sumam
1944 2536 2012 2589 ab

442 2631 666 2702 epistola
698 2630 784 2683 illa
814 2642 974 2697 quam
1010 2626 1252 2694 scripsit,
1282 2624 1334 2678 in
1382 2640 1487 2694 qua
1520 2626 1782 2695 scriptum
1816 2637 1921 2691 est,
1952 2642 2011 2681 se

517 2795 575 2853 ὦ
612 2789 709 2844 Ed.
750 2788 953 2853 Paris.,
992 2788 1233 2858 pag.19.

443 2964 616 3008 seres.
646 2948 876 3013 Origene
922 2955 1147 3011 excepto
1182 2947 1271 3016 qui
1316 2946 1476 3001 veluti
1508 2952 2010 3016 superuunierarius

440 3030 541 3075 est.
599 3019 672 3073 De
713 3018 926 3070 Asterie
974 3033 1104 3069 sane
1152 3018 1316 3071 semel
1367 3029 1529 3087 atque
1570 3020 1760 3073 iterum
1808 3022 2010 3075 dictum

440 3102 543 3143 est.
575 3090 703 3143 Erat
732 3089 931 3161 passim
959 3088 1045 3139 ille
1077 3087 1276 3161 ρέμϐος
1302 3099 1353 3142 et
1369 3092 1778 3161 περιφοιτητής,
1802 3092 2011 3160 episeo-

442 3173 624 3229 patum
662 3157 924 3212 anhelans
950 3167 1003 3209 et
1042 3157 1383 3223 adhinniens,
1410 3157 1567 3227 quem
1600 3157 1813 3214 tandem
1836 3157 2007 3230 'opera

443 3232 765 3299 Arianorum
810 3236 1113 3299 assecutum
1170 3242 1313 3299 eum,
1356 3240 1481 3283 sunt
1520 3230 1609 3299 qui
1643 3239 1833 3297 putant
1866 3247 1881 3294 ;
1914 3234 2008 3285 sed

446 3316 632 3354 vereor
667 3298 822 3353 falso.
864 3297 992 3351 Erat
1029 3296 1173 3350 enim
1214 3297 1349 3353 alius
1393 3301 1462 3354 ab
1494 3296 1558 3353 eo
1586 3296 1852 3363 Asterius,
1885 3317 2007 3356 cum

439 3374 771 3439 episenpatu,
801 3369 890 3436 qui
922 3369 989 3439 ab
1013 3367 1226 3439 Arianis
1271 3370 1484 3422 tandem
1517 3372 1582 3423 ad
1617 3381 1794 3437 partes
1823 3374 2009 3425 ortho-

441 3438 699 3493 duxerunt
735 3438 1003 3497 transivit,
1034 3446 1095 3490 ut
1144 3438 1372 3491 relatum
1406 3441 1473 3493 ab
1512 3440 1839 3503 Athanasio;
1889 3451 2009 3495 erat

442 3512 613 3565 Petrm
636 3512 686 3563 in
723 3508 919 3561 Arabia
944 3509 1355 3579 episcopus,qni
1387 3509 1590 3562 detexit
1622 3510 1819 3579 ﬂagitia
1850 3512 2009 3564 Aria-

442 3598 637 3634 nornin
674 3588 875 3645 :atque
902 3579 1024 3643 ideo
1061 3578 1132 3631 ab
1166 3579 1271 3631 illis
1316 3580 1366 3631 in
1410 3581 1656 3633 exsilium
1692 3578 1876 3648 pulsus
1909 3586 2009 3636 sub

439 3649 786 3711 Constantio;
823 3648 963 3701 hunc
1008 3663 1134 3701 vero
1181 3649 1574 3715 Cappadocem,
1612 3651 1805 3703 καππά
1846 3653 2007 3705 κάκι-

442 3737 587 3783 στον,
626 3734 728 3770 ιιοιι
756 3718 994 3783 potuisse
1020 3733 1047 3770 a
1080 3717 1189 3771 suis
1216 3722 1527 3787 episcopum
1568 3722 1837 3787 designari
1862 3725 1999 3775 scri-

440 3795 547 3854 psit
603 3789 964 3861 Athanasius,
1004 3804 1069 3841 eo
1117 3792 1421 3861 quoderat
1480 3789 1664 3861 θυτής.
1712 3790 1868 3861 ldulis
1904 3795 2006 3845 sub

441 3860 767 3930 Maximiano
791 3858 1192 3930 thurilicaverat
1216 3877 1228 3912 :
1248 3860 1520 3930 Ἀστέριος
1542 3858 1697 3923 δέ’τις
1714 3860 1821 3914 ἀπὸ
1847 3864 2009 3915 Καπ-

438 3929 723 4003 παδοκίας,
742 3927 1108 4003 πολυκέφαλος
1146 3926 1421 4003 σοφιστὴς,
1441 3926 1627 4003 εἷςῗῶν
1646 3932 1752 4003 τῶν
1776 3933 1901 4003 περὶ
1919 3935 2014 3985 Εὔ-

441 4000 639 4072 σέϐιον,
665 3998 850 4067 ἐπειδὴ
881 3999 1045 4060 θύσας
1071 4002 1127 4051 ἐν
1153 4000 1228 4072 τῷ
1254 3998 1501 4072 προτέρῳ
1515 4002 1748 4072 ,διωγμῷ
1770 3998 1859 4072 τῷ
1873 4006 2015 4057 κατά

436 4072 529 4124 τὸν
569 4070 808 4143 πάππων
840 4054 1253 4143 ’Κωνσταντίοῦ,
1282 4054 1381 4123 όύκ
1426 4054 2013 4143 ἦδύνατοδπαρθαύτῶν

440 4144 519 4215 είς
548 4140 748 4215 κλῆρον
777 4141 1135 4215 προαχθῆναι,
1162 4144 1306 4194 ποιεῖ
1333 4140 1727 4215 μετάλγνώμης
1754 4140 1861 4196 τῶν
1884 4146 2013 4215 περὶ

436 4212 695 4266 Εὑσέὸιον
728 4212 1144 4281 συνταγμάτιον,
1174 4214 1353 4266 ὁποῖον
1380 4214 1443 4265 ἂν
1472 4212 1652 4266 ἔθελον
1678 4212 1855 4277 αὐτοὶ,
1902 4212 2012 4269 ίσον

437 4282 493 4336 δὲ
530 4281 607 4351 τῷ
648 4282 745 4353 τῆς
786 4282 975 4343 θυσίας
997 4281 1187 4353 ῌαύτοῦ
1237 4283 1568 4353 τολμήματι.
1622 4288 1882 4338 Athanas.
1936 4286 2012 4339 De

438 4358 625 4426 sgnod.
656 4352 879 4426 Arionin.
914 4351 1257 4426 et_§eleucim,
1285 4351 1542 4408 hoc—erat
1574 4354 1702 4408 illud
1725 4356 2007 4426 scriptum,

437 4421 505 4477 de
531 4438 638 4489 quo
662 4422 943 4475 Eusebius.
964 4421 1034 4475 Μ.

508 4493 621 4562 (96)
660 4491 950 4545 Εὐσέϐιον
998 4492 1107 4544 τὸν
1154 4491 1366 4563 μέγαν.
1405 4492 1643 4559 Scelere,
1677 4492 1922 4561 audacia,
1955 4504 2011 4549 et

440 4562 716 4629 impietate
748 4563 1024 4633 nimirum.
1059 4563 1155 4616 Hic
1180 4573 1264 4617 est
1289 4566 1430 4616 enim
1462 4564 1574 4623 ille.
1602 4565 1767 4633 pestis
1802 4578 1855 4618 et
1887 4581 2010 4633 per-
2054 4570 2059 4575 ’

441 4634 611 4686 uicies
662 4632 811 4685 orbis
865 4644 919 4686 et
968 4632 1089 4685 fidei
1141 4632 1499 4696 Christianas,
1537 4632 2003 4701 NicomedienSis,

439 4704 761 4755 Arianorum
794 4704 927 4756 deus
977 4703 1244 4773 tutelaris,
1279 4715 1335 4754 ut
1377 4718 1475 4757 suo
1507 4720 1565 4758 se
1602 4707 1796 4760 iudicio
1819 4707 2011 4773 prodat

439 4773 749 4844 sorex,qui
792 4773 933 4825 hanc
983 4772 1175 4826 furiam
1225 4784 1331 4826 tam
1374 4776 1664 4841 compellat
1691 4772 2006 4844 honoriﬁce,

439 4843 750 4914 catholicis,
791 4858 888 4914 nec
918 4844 1207 4914 immerito,
1251 4845 1478 4897 invisum
1508 4858 1686 4914 caput.
1724 4844 1793 4898 M.

511 4912 623 4983 (97)
664 4911 984 4985 Παυλῖνον.
1017 4912 1128 4985 Cur
1154 4916 1287 4985 adeo
1328 4917 1468 4968 hunc
1518 4911 1802 4985 magnilice
1828 4915 1972 4973 dilati
2001 4948 2007 4953 -

438 4983 546 5044 det,
582 4986 791 5049 ignoro,
822 4983 925 5055 nisi
955 4984 1098 5055 quod
1151 4984 1290 5037 inter
1324 4989 1526 5049 primos
1570 4983 1635 5038 ad
1677 4988 1789 5040 Arii
1827 4998 2007 5055 partes

440 5056 693 5113 tuendas,
726 5068 848 5106 cum
888 5052 1119 5106 Eusebio
1175 5055 1525 5118 Ciesariensi,
1554 5052 1839 5111 Theodoto
1872 5056 2009 5110 Lao-

438 5124 626 5203 dicea‘,
663 5123 973 5203 Patrophilo
997 5123 1468 5203 ScytliOpolitano,
1492 5128 1724 5203 Eusebio
1754 5127 2001 5203 Nicome-

2116 2074 2211 2125 καὶ
2235 2072 2326 2124 τὸν
2350 2071 2534 2144 ἕτερον
2555 2071 2811 2125 Εὐσέϐιον
2842 2070 2952 2139 (99)
2985 2070 3187 2123 διώκει·
3219 2067 3353 2138 ὁμοῦ
3388 2084 3449 2119 τε
3487 2064 3697 2127 πάντας

2115 2163 2241 2227 τοὺς
2267 2163 2748 2234 ἐκκλησιαστικοὺς
2765 2161 3015 2232 Πατέρας
3043 2158 3224 2213 ἀθετεῖ
3248 2156 3407 2228 (99'),
3434 2155 3611 2209 οὐδενὶ
3633 2154 3698 2207 τὸ

2116 2256 2377 2327 παράπαν
2409 2255 2772 2327 ἀρεσκόμενος
2803 2254 2836 2325 ἢ
2871 2254 3015 2325 μόνῳ
3047 2252 3244 2322 ἐαυτῷ.
3289 2251 3493 2321 Γράφει
3523 2248 3567 2301 δ’
3600 2244 3697 2301 οὖν

2115 2348 2393 2418 ὀνομαστὶ,
2433 2347 2619 2411 κακῶς
2665 2346 3018 2419 μνημονεύων
3063 2345 3340 2408 ἁπάντων,
3376 2341 3561 2395 τοῦτον
3602 2339 3697 2394 τὸν

2117 2440 2335 2512 τρόπον.
2368 2439 2635 2511 ’Δρξομαι
2693 2440 2872 2495 τοίνυν
2904 2439 2998 2493 ἀπ’
3028 2440 3195 2509 αὐτῆς
3235 2437 3325 2490 ὑπ’
3357 2434 3520 2489 αὑτοῦ
3554 2450 3696 2505 γρα-

2118 2534 2309 2605 φείσης
2325 2534 2629 2605 ἐπιπολῆς·
2648 2534 2784 2605 πρὸς
2803 2534 3029 2587 ἕκαστον
3052 2531 3158 2585 τῶν
3176 2531 3249 2602 μὴ
3271 2529 3444 2601 ὀρθῶς
3459 2524 3700 2597 γραφένο

2119 2645 2226 2682 των
2260 2629 2560 2699 ἀντιλέγειν
2598 2629 2840 2701 γέγραφε
2868 2627 2964 2699 (1)·
3009 2646 3027 2678 ι
3057 2626 3338 2679 Πιστεύειν
3365 2622 3444 2685 εἰς
3478 2620 3698 2691 Πατέρα

2120 2952 2209 3005 dat
2245 2949 2505 3003 Eusebius
2535 2946 2629 3001 lih.
2663 2961 2717 3008 ιι,
2768 2958 2884 3014 cap.
2910 2945 2967 3008 4,
3000 2943 3091 2999 ubi
3132 2952 3278 3016 totus
3305 2954 3409 3016 est
3453 2960 3695 3016 panegy-

2121 3022 2300 3076 ristes.
2347 3019 2528 3073 Disces
2589 3026 2765 3069 autem
2823 3016 2967 3078 inde,
3004 3030 3103 3069 cur
3141 3015 3231 3070 hic
3268 3014 3336 3068 ah
3379 3030 3444 3070 eo
3473 3014 3695 3071 dicatur

2115 3088 2571 3162 ﬁgznpznd'igujcﬁc
2606 3086 2714 3139 τῶν
2763 3085 2974 3162 Τυρίων
3013 3084 3338 3162 Ἐκκλησίας
3390 3086 3694 3162 prazfuisse.

2115 3156 2305 3215 Exstat
2330 3160 2395 3213 ad
2427 3156 2963 3227 illuin_contribulem
2986 3168 3040 3210 et
3068 3156 3358 3227 σύμψηφον
3380 3172 3558 3227 suum,
3576 3158 3693 3225 epi—

2117 3234 2252 3286 stola
2296 3228 2510 3283 Eusebii
2551 3225 2985 3281 Nicomediensis
3018 3225 3293 3292 :ilastoris,
3337 3226 3475 3295 apud
3514 3227 3693 3281 Theo-

2114 3305 2291 3357 doret.
2326 3301 2419 3354 lib.
2454 3315 2494 3360 t,
2528 3313 2644 3365 cap.
2679 3296 2733 3357 6,
2775 3306 2850 3360 ct,
2883 3298 2933 3349 ni
2984 3295 3163 3357 fallor,
3204 3298 3344 3350 idem
3378 3306 3461 3348 est
3504 3298 3591 3350 cui
3620 3298 3691 3350 li-

2115 3373 2267 3427 brum
2300 3371 2428 3441 περὶ
2452 3366 2689 3422 τοπικῶν
2711 3368 2991 3437 ὀνομάτων
3024 3367 3123 3437 τῆς
3140 3366 3289 3441 θείας
3310 3366 3534 3441 ραφῆς
3561 3369 3693 3441 11ης-

2115 3455 2270 3497 tenus
2325 3438 2583 3495 inedituin
2647 3442 2902 3507 scripsit,
2951 3446 3004 3491 et
3058 3438 3245 3491 eodem
3300 3438 3476 3507 elogio
3526 3438 3690 3492 isthic

2110 3529 2326 3589 quoque
2352 3521 2599 3589 exornat.
2625 3504 3121 3589 hi.—:'S.upr:ivulgo
3141 3504 3606 3589 τρισμακάριστοχ
3634 3520 3691 3562 et

2154 3584 2212 3635 ἐν
2242 3578 2438 3652 τιμηθ.
2492 3590 2546 3633 et
2590 3578 2890 3652 7:935:62qu
2928 3578 3258 3652 διαπρεπῶς-
3288 3579 3372 3652 δὲ⁸
3399 3578 3499 3647 τῆς
3535 3579 3691 3652 -Ἰρρ,

2154 3602 2212 3635 εν
2250 3602 2438 3652 τιμηῠ.
2492 3602 2546 3633 ει
2590 3602 2861 3650 πρεσυειῳ
2928 3602 3243 3648 οιαπρεπως
3288 3602 3343 3631 οε
3399 3602 3499 3647 της
3566 3602 3691 3648 ιυρ.

2110 3602 2292 3707 gmw.
2313 3665 2365 3706 et
2386 3650 2816 3723 μεταποιηθῆναι
2834 3649 3001 3723 αύτῷ.
3024 3651 3154 3705 Dein
3174 3649 3331 3718 vulgo
3350 3648 3695 3721 διηνοχλοῖιιν⁴

2109 3742 2199 3787 τα,
2235 3727 2263 3777 ὁ
2299 3718 2601 3792 θαυμάσιος
2634 3718 2687 3775 et
2714 3722 2803 3792 τὸν
2839 3718 2970 3788 βίονζ

2182 3795 2293 3862 (98)
2333 3787 2659 3860 Νάρκίσσῳ
2714 3787 3215 3862 ἐπιστρατεύεται,
3260 3787 3409 3842 Alius
3455 3790 3691 3842 Ariano-

2118 3859 2233 3918 rum
2265 3859 2508 3933 signifer.
2539 3862 2668 3933 Erat
2696 3862 2982 3933 episcopus
3017 3859 3358 3933 Neroniadis,
3388 3869 3691 3933 qnagpost.

2114 3950 2175 3987 ea
2236 3929 2519 3987 dicebatur
2568 3929 2886 3997 lrenopolis,
2929 3932 3081 3985 urbis
3128 3932 3181 3983 in
3232 3929 3426 3983 minori
3474 3929 3684 3983 Cilicia.

2115 4005 2361 4057 Meminit
2395 4003 2539 4057 illius
2589 4002 2919 4054 Athanasius
2973 4001 3274 4069 aliquoties.
3330 3998 3461 4054 Vide
3508 3999 3685 4053 Theo-

2114 4077 2233 4129 dor.
2274 4090 2312 4135 i,
2338 4074 2410 4140 7;
2443 4076 2508 4126 tle
2544 4071 2701 4139 hujus
2746 4072 2974 4133 epistola
3013 4075 3078 4123 ad
3112 4071 3421 4131 Chrestum,
3460 4070 3688 4124 inferius

2114 4149 2315 4213 agitur,
2338 4146 2388 4197 in
2429 4145 2529 4195 hoc
2554 4142 2959 4213 capite;_atlliuc
2993 4142 3333 4195 ortltodoxus
3364 4141 3689 4195 interfuerat

2114 4211 2347 4270 cuiicilio
2379 4215 2687 4282 Ancyrauo.
2724 4211 2793 4282 Μ,

2185 4286 2297 4353 (99)
2339 4280 2589 4350 Ἕτερον
2637 4281 2947 4335 Εὑσέϐιον.
3001 4283 3367 4353 ίδιξιιιθιῑιιειιιιι
3439 4280 3682 4343 scilicet,

2112 4368 2363 4424 quaerunt
2423 4353 2852 4425 hypera‘spistein
2902 4352 3034 4425 Arii,
3080 4362 3159 4425 ut_
3187 4366 3369 4425 revera
3418 4361 3558 4413 erat,
3586 4353 3687 4425 sed

2114 4422 2274 4508 clam,
2303 4422 2545 4547 εχξιςίἰῇ
2588 4422 2913 4484 Marcellus;
2945 4424 3101 4477 docet
3146 4422 3249 4475 hoc
3274 4422 3547 4490 deinceps,
3584 4423 3687 4475 hoc

2116 4511 2235 4547 IDSO
2264 4507 2464 4547 eaoite.
2556 4533 2569 4546 .

2115 4495 2235 4549 inso
2264 4497 2464 4549 eauite.
2499 4495 2569 4547 Μ.

2136 4511 2235 4565 pso
2264 4511 2464 4564 capite.
2499 4511 2569 4547 ιιι.

2184 4566 2323 4634 (99‘)
2366 4564 2577 4618 Οὑδενὶ
2621 4563 2687 4617 τὸ
2721 4562 3019 4631 παράπαν.
3058 4560 3292 4634 0.n_ui_no
3328 4560 3517 4634 falsum
3566 4571 3684 4625 est;

2114 4630 2267 4689 multi
2298 4630 2441 4689 enim
2477 4635 2722 4688 Marcello
2753 4630 3118 4687 adiuesernnt.
3151 4630 3321 4684 Julius
3360 4632 3512 4683 Rom.
3553 4650 3689 4698 pou-

2114 4708 2267 4770 tifex,
2298 4707 2364 4759 ad
2397 4708 2834 4759 communionem
2890 4703 3128 4764 admisit,
3165 4703 3459 4754 concilium
3494 4702 3684 4755 Sardi-

2110 4792 2294 4837 cense.
2329 4777 2630 4828 absolutum
2669 4775 2921 4826 laudavit.
2964 4771 3275 4833 Ἀθανάσιος
3300 4772 3356 4825 δὲ
3401 4773 3493 4823 καὶ
3526 4774 3686 4843 Μάρ-

2110 4846 2297 4910 κελλος
2334 4845 2627 4907 ἐπίσκοπος
2655 4844 2907 4906 πλείονας
2950 4843 3129 4911 έχουσι
3164 4842 3292 4906 τοὺς
3341 4843 3480 4912 ὑπὲρ
3512 4842 3687 4895 αὐτῶν

2108 4917 2364 4984 λέγοντας
2413 4917 2505 4969 καί
2552 4916 2897 4986 γράφοντας,
2935 4912 3108 4986 Julius
3160 4916 3229 4986 in_
3267 4916 3492 4986 epistola
3548 4917 3685 4981 apud

2110 4989 2313 5041 Athan.
2344 4987 2398 5051 2,
2433 4984 2647 5055 Apoldg.
2675 4991 2757 5036 cui
2792 4985 2967 5055 potior
3003 4985 3132 5036 fides
3166 4984 3493 5055 adhibenda,
3520 4998 3681 5052 quam

2111 5060 2388 5111 sexcentis
2421 5052 2772 5108 Arioin'anitis
2794 5052 2885 5107 vel
2910 5054 3175 5108 Euseliiis.
3207 5052 3278 5109 M.
3706 5100 3709 5107 ,

2182 5128 2258 5197 (l)
2313 5125 2671 5205 Ἀντί-λέγειν
2722 5125 2993 5205 γέγραφε.
3035 5125 3284 5205 ¹Ιὶιῖειιιιιιξ
3335 5123 3511 5205 locum
3556 5139 3681 5179 cor-

438 5194 612 5268 diensi
638 5189 917 5268 episcopis
950 5189 1225 5268 accessit,
1257 5197 1397 5261 quod
1439 5199 1594 5268 docet
1630 5198 1997 5268 Athanasius:

2116 5189 2347 5268 ruptum,
2385 5198 2522 5268 πρὸς
2552 5189 2936 5268 ἕκαστοντῶν
2989 5194 3062 5268 μὴ
3102 5193 3277 5265 ὀρθῶς
3301 5194 3678 5268 γγραφέντων,

437 5272 493 5315 et
518 5263 778 5333 gloriatur
800 5266 912 5331 ipse
936 5263 1097 5318 Arius
1126 5265 1177 5316 in
1207 5268 1365 5332 epist.
1401 5267 1466 5318 ad
1498 5266 1784 5319 Eusebium
1807 5306 1822 5328 ,
1859 5268 1999 5333 apud

437 5332 765 5389 Theodoret.
796 5332 887 5387 lib.
916 5348 957 5394 ι.
980 5349 1099 5403 cap.
1125 5335 1178 5387 5.
1207 5333 1318 5388 Non
1362 5348 1443 5390 est
1477 5346 1653 5390 autem
1698 5337 1783 5390 ille
1815 5337 1995 5390 Pauli-

437 5420 539 5457 nus
568 5405 632 5457 de
669 5420 775 5473 quo
825 5404 1162 5473 frequentior
1199 5408 1340 5473 apud
1378 5406 1733 5459 Athanasium
1780 5407 2002 5469 mentio,

436 5475 527 5539 qui
581 5490 609 5527 a
644 5473 893 5529 Lucifero
944 5476 1257 5529 Calaritano
1299 5478 1617 5536 ordinatus,
1653 5487 1833 5541 partes
1878 5491 2002 5529 suas

435 5544 627 5597 habuit
654 5546 705 5597 in
736 5546 1026 5599 schismate
1060 5546 1149 5599 illo
1194 5546 1541 5600 Antiochensi
1588 5546 1951 5599 famosissima
1984 5563 1998 5599 :

437 5630 747 5683 quanquam
789 5618 953 5668 etiam
990 5617 1275 5684 episcopus
1320 5617 1735 5678 Antiochensis;
1770 5615 1871 5669 fuit
1910 5634 2005 5667 au-

440 5697 547 5737 tem
588 5688 702 5739 haec
734 5687 1033 5739 antistitum
1067 5688 1511 5740 Antiochensium
1544 5689 1818 5740 successio
1846 5707 1856 5739 :
1897 5685 2002 5754 Ty-

438 5772 660 5818 rannus,
700 5753 945 5816 Vitalius,
975 5756 1338 5818 Phil0gonius,
1371 5755 1623 5809 Paulinus
1660 5756 1778 5819 iste,
1809 5753 1999 5810 Eusta-

439 5828 605 5887 tliins,
633 5826 769 5877 alter
800 5825 1071 5877 Paulinus.
1102 5826 1480 5893 Quinquennio
1505 5824 1716 5892 przefnit
1745 5828 2001 5882 Ecdesim

437 5893 814 5957 Antiochcnm,
846 5896 987 5962 'l‘yru
1027 5897 1341 5949 translatus.
1386 5894 1605 5949 Obierat
1639 5908 1765 5949 ante
1811 5899 1996 5951 couri-

439 5968 568 6019 linm
599 5965 892 6019 Nicarnuni.
914 5964 1061 6019 llunc
1093 5963 1460 6033 profusissime
1484 5969 1534 6021 iu
1563 5966 1796 6022 Historia
1826 5970 1999 6022 dilati-

2103 5267 2396 5333 ἀντιλέγων
2420 5264 2442 5297 ’⁷
2463 5267 2706 5337 γέγραφε
2748 5265 2804 5318 δὲ
2835 5264 3143 5337 πιστεύειν,
3181 5268 3262 5337 εις
3298 5264 3537 5337 Πατέρα,
3576 5277 3678 5318 etc.

2106 5338 2182 5391 De
2216 5338 2431 5391 Asterie
2478 5336 2802 5407 loqueliitur
2846 5336 3139 5407 Marcellus
3183 5336 3291 5398 hic,
3322 5336 3413 5403 qui
3464 5338 3681 5389 fraudes

2104 5416 2158 5460 et
2188 5409 2517 5475 iinposturas
2552 5406 2711 5461 illius
2744 5406 2997 5475 sophista:
3030 5408 3345 5469 detexerat;
3381 5416 3508 5459 sunt
3539 5408 3678 5458 enim

2108 5478 2207 5532 ista
2239 5479 2418 5531 omnia
2443 5477 2812 5531 Marcelliana.
2844 5476 3064 5530 Dixerat
3098 5477 3345 5531 Asterius
3371 5492 3428 5530 se
3450 5479 3679 5530 conlite-

2108 5550 2150 5600 ri
2180 5549 2396 5601 Patrem
2435 5563 2561 5601 vere
2597 5547 2828 5608 Patrem,
2856 5558 2911 5599 et
2940 5545 3131 5600 Filium
3160 5561 3288 5601 vere
3312 5545 3503 5599 Filium
3533 5564 3548 5610 ;
3580 5548 3677 5599 hoc

2106 5618 2294 5670 laudat
2342 5626 2396 5671 et
2442 5618 2788 5685 amplectitur
2822 5616 3149 5682 Marcellus;
3180 5618 3272 5669 sed
3325 5628 3573 5683 suspecta
3620 5630 3677 5668 se

2110 5689 2310 5742 habere
2348 5688 2444 5742 ait.
2491 5686 2642 5752 Quod
2700 5690 2797 5751 ait,
2843 5686 3002 5741 Pater
3035 5697 3121 5740 est
3182 5687 3358 5745 Pater.
3394 5688 3562 5741 Filius
3598 5697 3679 5739 est

2107 5758 2296 5811 Filius.
2322 5757 2387 5810 Et
2417 5760 2630 5811 merito.
2662 5757 2793 5811 Nam
2823 5760 2978 5826 quasi
3030 5759 3339 5811 ditl'erentes
3374 5769 3486 5812 toto
3519 5774 3675 5826 gene-

2109 5844 2185 5891 re,
2221 5828 2510 5891 ούσιωδῶς,
2542 5828 2751 5882 Patrem
2786 5840 2836 5881 et
2875 5828 3067 5881 Filium
3098 5829 3499 5897 distiuguebant
3529 5830 3677 5880 Aria-

2106 5900 2180 5960 ui,
2219 5910 2275 5950 ut
2326 5911 2470 5954 esset
2520 5899 2700 5960 Pater,
2750 5899 2942 5961 Pater;
2976 5900 3079 5951 hoc
3120 5908 3197 5951 est
3246 5900 3385 5951 Deus
3418 5910 3673 5955 :eteruus,

2107 5971 2395 6035 increatus,
2430 5982 2532 6027 etc.
2568 5969 2756 6035 Filius,
2790 5969 2979 6035 Filius,
3017 5972 3120 6023 hoc
3148 5979 3252 6033 est,
3283 5972 3332 6022 iu
3358 5986 3455 6022 suo
3487 5985 3677 6036 gt‘llelc
