4008 6514
270 419 379 473 75ἰῷ
1391 415 1665 470 CONTRA
1710 413 1853 466 MAlt

1919 408 2136 468 ELLUM
2174 412 2297 466 LIB.
2343 413 2381 466 1.
3401 409 3502 463 754

271 556 289 588 ι
332 535 456 589 Θεὸκ
520 535 945 607 παντοκράτορα,
998 537 1090 588 καὶ
1130 537 1206 598 είς
1248 537 1339 590 τὸν
1391 537 1518 589 Υίὸν
1548 536 1709 590 αὐτοῦ
1750 536 1840 589 τὸν

1944 535 2079 591 velle
2136 536 2503 590 contradicere
2554 536 2777 605 singulis
2823 536 3087 605 partibus,
3130 551 3249 605 qua}
3310 537 3361 590 in
3400 535 3503 589 fide

270 647 289 679 ε
336 626 601 697 μονογενῆ
626 626 777 690 Θεὸν,
809 627 900 679 τὸν
931 628 1131 699 Κύριον
1165 626 1320 698 ἡμῶν
1355 628 1558 697 Ἰησοῦν
1584 626 1835 699 Χριστὸν,

1944 629 2119 681 minus
2151 639 2293 681 recte
2326 626 2535 680 fuerant
2570 628 2790 681 sancita:
2820 643 2835 681 :
2870 646 2888 679 ι
2935 627 3164 681 Credere
3186 627 3327 680 enim
3354 642 3413 681 se
3450 627 3502 681 in

268 736 291 771 τ
331 720 427 773 καὶ
455 720 535 782 είς
565 719 624 771 τὸ
658 718 879 789 Πνεῦμα
912 719 971 771 τὸ
1001 719 1152 787 ἆγιον
1176 737 1188 749 ·
1229 738 1247 771 ι
1284 719 1375 773 καί
1422 737 1603 791 φησιν,
1646 722 1711 772 ὲκ
1732 720 1838 772 τῶν

1946 739 1964 771 ι
2014 722 2176 775 Deum
2210 718 2420 773 Patrem
2451 720 2891 788 omnipotentem,
2924 730 2978 775 et
3020 720 3071 773 in
3102 718 3296 773 Filium
3333 718 3503 789 ipsius

264 812 429 867 Θεὶων
471 813 705 884 Γραφῶν
762 811 1131 883 μεμαθηκέναι
1174 812 1361 867 τοῦτον
1407 813 1497 865 τὸν
1530 814 1626 883 τῆς
1660 812 1840 866 Θεοσευ

1946 832 1963 865 ι
2011 810 2347 881 unigenitum
2411 809 2602 875 Deum,
2663 809 2949 865 Dominum
3013 820 3260 865 nostrum
3320 810 3502 866 Jesum

263 904 420 969 σείας
440 906 660 977 τρόπον.
702 902 841 973 Ἐγὼ
873 906 947 968 δὲ,
981 906 1107 957 ὅταν
1141 906 1237 975 μὲν
1266 905 1419 957 τοῦτο
1446 904 1598 978 λέγῃ,
1649 904 1805 958 ἀποδέ

1944 923 1963 956 ι
2008 902 2307 965 Christum,
2340 911 2395 956 et
2448 901 2504 957 in
2556 902 2815 972 Spiritum
2864 914 3151 958 sanctum:
3187 922 3205 955 ι
3235 905 3417 973 aitque
3446 917 3505 957 se

263 1015 433 1070 χομαι
456 998 659 1068 σφόδρα
677 996 744 1049 τὰ
764 996 1046 1066 λεγόμενα.
1072 997 1262 1060 Κοινὸς
1285 997 1392 1067 γὰρ
1414 990 1568 1059 οὗτος
1587 996 1839 1049 ἁπάντων

1940 998 2184 1051 edoctum
2218 1011 2249 1050 e
2278 996 2447 1051 sacris
2488 995 2680 1050 litteris
2707 995 2849 1050 hanc
2883 995 3097 1063 pietatis
3124 996 3504 1051 formamdidi-

264 1090 422 1162 ἡμῶν
480 1094 580 1160 τῆς
645 1089 951 1151 Θεοσεϐείας
1003 1089 1032 1140 6
1092 1088 1307 1156 τρόπος·
1380 1089 1692 1141 Πιστεύειν
1753 1089 1839 1152 εις

1940 1084 2094 1139 cisse.
2120 1083 2248 1151 Quae
2278 1086 2356 1139 sic
2392 1087 2457 1139 ah
2495 1085 2586 1139 illo
2611 1084 2777 1151 dicta,
2811 1085 3183 1140 lubentissimo
3207 1085 3504 1154 amplector

263 1182 518 1250 Πατέρα,
560 1181 655 1233 καὶ
701 1179 853 1243 Υιὸν,
901 1182 997 1235 καὶ
1042 1180 1211 1249 ἅγιον
1248 1180 1504 1249 Πνεῦμα.
1548 1179 1711 1232 Ὅταν
1757 1178 1834 1243 δὲ,

1940 1176 2140 1230 animo.
2178 1177 2269 1231 Est
2296 1177 2438 1231 enim
2467 1177 2772 1232 communis
2801 1178 2917 1230 haec
2948 1178 3191 1231 omnium
3243 1177 3364 1232 fidei
3394 1178 3505 1231 for-

264 1274 340 1343 μὴ
366 1274 467 1342 τῆς
491 1272 641 1335 Θείας
674 1272 1066 1343 ἐστοχασμένος
1097 1272 1394 1341 δυνάμεως,
1425 1270 1839 1342 ἀνθρωπικώτε-

1942 1265 2081 1320 mula
2101 1283 2113 1318 :
2136 1264 2358 1321 Credere
2377 1268 2431 1321 in
2452 1267 2684 1336 Patrem,
2711 1278 2759 1322 et
2778 1266 3004 1336 Filium,
3032 1279 3079 1324 et
3099 1268 3359 1337 Spiritum
3375 1287 3502 1323 san-

262 1382 356 1434 ρον
386 1366 518 1435 ἡμῖν
551 1365 639 1417 διά
673 1380 815 1427 τινος
843 1364 1086 1434 έντέχνου
1123 1363 1370 1435 Θεωρίας,
1404 1363 1492 1416 τόν
1527 1380 1584 1415 τε
1618 1363 1837 1434 Πατέρα

1940 1368 2097 1411 ctum.
2130 1357 2199 1410 At
2235 1373 2355 1411 cum
2383 1358 2547 1422 idem,
2575 1359 2872 1427 potentiam
2904 1367 2956 1413 et
2994 1360 3102 1413 vim
3136 1360 3372 1413 divinam
3406 1360 3505 1414 mi-

263 1457 484 1526 Πατέρα
512 1455 664 1527 λέγῃ,
694 1456 788 1508 καὶ
820 1456 909 1508 τὸν
937 1456 1062 1508 Υἱὸν
1085 1456 1231 1517 Υἱὸν,
1259 1456 1358 1507 οὐκ
1380 1454 1453 1507 ἐτ’
1475 1457 1716 1509 ἐπαινεῖν
1740 1456 1838 1527 τὴν

1941 1449 2084 1503 nime
2123 1449 2433 1514 advertens,
2466 1450 2707 1505 humano
2740 1465 2891 1505 more
2934 1464 3031 1520 per
3083 1451 3504 1521 speculationem

265 1547 517 1618 τοιαύτην
552 1546 782 1619 Θεωρίαν
814 1548 1110 1601 ἀκίνδυνον.
1163 1548 1261 1601 Διὰ
1316 1548 1422 1620 γὰρ
1458 1549 1555 1618 τῆς
1587 1546 1838 1617 τοιαύτης

1938 1542 2224 1611 quamdam
2249 1540 2465 1597 Patrem
2488 1542 2619 1597 dicit
2642 1542 2898 1609 Patrem;
2926 1543 3120 1598 Filium
3146 1542 3369 1610 Filium,
3399 1560 3505 1599 non

260 1638 497 1710 Θεωρίας
525 1638 622 1709 τὴν
657 1638 749 1690 νῦν
783 1639 963 1701 αὐτοῖς
1006 1638 1391 1708 ἐπινοουμένην
1442 1638 1651 1707 αἵρεσιν
1682 1636 1838 1702 αὐξά-

1939 1633 2162 1704 perinde
2192 1642 2307 1689 tuto
2329 1634 2551 1689 laudare
2575 1634 2705 1688 mihi
2734 1650 2835 1705 par
2869 1643 2973 1699 est,
3006 1636 3144 1691 hanc
3174 1638 3292 1704 ejus
3318 1635 3505 1705 hujus-

264 1730 447 1783 θέσθαι
479 1730 760 1799 συμϐαίνει
784 1746 797 1759 ·
826 1730 1014 1799 ῶσπερ
1049 1730 1232 1798 σαφῶς
1259 1728 1518 1795 ἐπιδεῖξαι
1550 1729 1729 1800 ῥᾴδιον
1755 1723 1835 1781 οἷ-

1940 1724 2147 1778 cemodi
2194 1723 2731 1793 contemplationem.
2763 1724 2865 1779 Per
2896 1724 3035 1779 hanc
3064 1726 3262 1780 etenim
3296 1725 3509 1781 contin-

262 1840 359 1891 μαι
385 1822 453 1874 ἐκ
479 1821 588 1875 τῶν
619 1819 781 1875 αὑτοῦ
812 1820 1004 1889 λόγων.
1035 1821 1176 1893 Ἔφη
1212 1820 1318 1891 γὰρ
1352 1820 1585 1889 τὸνμὲν
1608 1818 1838 1887 Πατέρα

1944 1815 2041 1883 git,
2077 1814 2326 1869 haeresim
2358 1815 2428 1869 ab
2460 1815 2566 1871 illis
2608 1815 2955 1871 adinventam
2989 1816 3380 1872 incrementum
3414 1832 3505 1872 su-

260 1878 386 1967 δεῖν
410 1912 647 1981 άληθῶς
682 1878 913 1979 Πατέρα
954 1878 1405 1981 εἷναιινὸιίίξειν,
1436 1878 1530 1964 καὶ
1560 1910 1666 1965 τὸν
1703 1878 1835 1965 Υἱὸν

1941 1919 2122 1972 mere;
2152 1906 2293 1975 quod
2329 1905 2490 1961 facile
2517 1921 2603 1961 me
2630 1922 2789 1977 posse
2835 1908 3214 1963 demonstrare
3253 1910 3504 1973 arbitror,

258 2004 499 2071 dlnﬂdu;
553 2007 718 2059 Υιόνο
767 2006 863 2059 καὶ
913 2004 980 2059 τὸ
1032 2004 1200 2073 ἅγιον
1244 2004 1483 2073 Πνεῦμα
1532 2004 1833 2068 ὡσαύτως.

1940 1998 2215 2066 productis
2241 2012 2359 2067 quae
2385 1997 2564 2052 abillo
2596 1999 2737 2054 dicta
2770 2008 2916 2053 sunt.
2950 1999 3039 2072 [Β.
3075 1999 3235 2072 LIX.]
3263 2000 3505 2055 Aliirmat

258 2097 445 2150 Ταῦτα
465 2098 493 2150 6
519 2096 837 2169 Μάρκελλος
868 2097 998 2168 πρὸς
1035 2095 1325 2166 Ἀστέριον,
1343 2096 1441 2147 οὐκ
1471 2095 1833 2165 ἀρεσκόμενος

1940 2089 2082 2144 enim
2119 2093 2262 2159 quod
2296 2092 2505 2145 omnino
2535 2092 2603 2145 sit
2644 2108 2849 2146 necesse
2893 2090 3110 2147 Patrem
3143 2093 3383 2161 conﬁteri
3420 2110 3507 2148 ve-

258 2188 335 2256 τῷ
376 2188 470 2240 τὸν
504 2188 721 2258 Πατέρα
762 2187 870 2240 δεῖν
900 2186 1113 2258 ἀληθῶς
1147 2188 1363 2259 Πατέρα
1397 2186 1696 2257 ὁμολογεῖν,
1741 2187 1835 2239 καὶ

1940 2183 2137 2235 raciter
2187 2200 2297 2237 esse
2330 2182 2543 2238 Patrem
2570 2194 2656 2239 :et
2690 2182 2741 2237 F
2743 2184 2894 2240 ilium
2929 2187 2997 2240 ad
3028 2188 3265 2240 eumdem
3294 2190 3507 2240 modum

258 2280 345 2333 τὸν
378 2280 509 2332 Υίὸν
537 2279 753 2350 ἀληθῶς
801 2278 947 2344 Υἱὸν,
998 2280 1090 2332 καὶ
1120 2280 1179 2332 τὸ
1218 2280 1369 2347 ἆγιον
1399 2278 1620 2349 Πνεῦμα
1657 2278 1834 2333 ὡσαύ-

1940 2289 2050 2327 eue
2080 2270 2279 2327 Filiam
2307 2290 2442 2343 vere,
2478 2291 2569 2329 nec
2606 2292 2710 2329 non
2735 2287 2783 2329 et
2820 2274 3074 2344 Spiritum
3104 2289 3365 2332 sanctum.
3387 2278 3508 2333 Haec

258 2389 383 2435 τως.
414 2370 576 2425 Ὅθεν
610 2370 737 2443 ἑξῆς
779 2371 865 2426 διὰ
917 2370 1266 2441 μακροτέρων
1310 2370 1697 2435 ἁνασκευάζειν
1745 2372 1834 2423 τὸν

1940 2376 2128 2419 contra
2156 2368 2429 2420 A5terium
2463 2367 2745 2423 Marcellus
2785 2367 3038 2435 aiIirmat,
3078 2386 3182 2425 non
3222 2379 3508 2425 contentus

260 2464 387 2534 περὶ
422 2462 625 2515 τούτων
674 2464 924 2534 πειρᾶται
954 2461 1128 2531 λόγον.
1166 2460 1332 2515 Ψιλὸν
1356 2462 1465 2534 γὰρ
1514 2463 1607 2515 καὶ
1638 2462 1716 2533 τῷ
1744 2464 1836 2516 ἁν-

1940 2458 2184 2527 posuisse
2240 2459 2291 2513 iu
2340 2460 2614 2526 confesso,
2676 2460 2889 2517 Patrem
2942 2464 3338 2532 agnoscendum
3387 2478 3509 2519 esse

259 2552 513 2623 Θρωπείῳ
540 2552 683 2621 λόγῳ
702 2553 906 2622 ὅμοιον,
931 2552 1050 2621 οὑχὶ
1072 2551 1127 2604 δὲ
1156 2552 1281 2605 Υίὸν
1301 2550 1513 2622 ἀληθῶς
1535 2551 1710 2617 ζῶντα
1744 2552 1836 2605 καὶ

1939 2551 2156 2606 Patrem
2188 2552 2478 2616 veraciter,
2505 2552 2700 2607 Filium
2732 2569 2853 2609 esse
2886 2553 3113 2620 Filium,
3161 2564 3215 2610 et
3247 2555 3507 2626 Spiritum

258 2643 563 2712 ὑφεστῶτα,
615 2644 705 2696 τὸν
744 2644 975 2714 Χριστὸν
1009 2638 1145 2695 εἶναι
1181 2643 1459 2714 ὁμολογεῖν
1486 2642 1677 2698 ἐθέλει.
1727 2644 1835 2696 Καὶ

1942 2655 2187 2701 sanctum
2216 2645 2282 2698 ad
2314 2644 2561 2700 eumdem
2592 2646 2832 2700 modum.
2858 2645 2995 2701 Hinc
3030 2646 3230 2701 factum
3262 2658 3321 2700 ut
3350 2648 3506 2702 dein-

256 2735 445 2807 ἐπειδὴ
467 2734 667 2805 ταύτην
692 2722 811 2787 εἷπε
841 2734 1169 2787 ἐπινοεῖσθαι
1203 2732 1297 2788 νῦν
1324 2733 1553 2805 αἵρεσιν,
1575 2733 1832 2797 δεικτέον,

1940 2752 2066 2806 ceps
2104 2737 2156 2790 in
2193 2738 2654 2807 consequentibus
2684 2736 2931 2792 refellere
2968 2747 3192 2793 conetur
3242 2740 3383 2793 bane
3412 2753 3511 2806 po-

256 2828 329 2891 ὼς
360 2827 589 2899 προῖὼν,
606 2827 908 2899 Ὠριγένους
925 2827 1019 2880 τοῦ
1048 2826 1212 2879 πάλαι
1229 2827 1303 2895 (9.)
1318 2826 1606 2897 γενομένου
1629 2828 1836 2898 μέμνη-

1941 2829 2210 2884 sitionem.
2244 2828 2370 2884 Vult
2406 2829 2550 2885 enim
2606 2828 2884 2884 Christum
2937 2832 3337 2900 agnoscendum
3387 2845 3508 2885 esse

254 2935 344 2973 ται
386 2920 465 2983 ὡς
499 2919 877 2990 ὁμοδοξοῦντος
906 2922 1017 2984 τοῖς
1051 2921 1167 2975 νυνὶ
1196 2920 1334 2991 πρὸς
1361 2917 1523 2972 αὑτοῦ
1552 2918 1833 2973 διαϐαλλο-

1942 2923 2141 2975 nudum
2173 2923 2397 2977 verbum
2432 2930 2487 2978 et
2521 2922 2757 2977 humano
2778 2922 3249 2989 consimillimum,
3276 2937 3382 2976 non
3416 2938 3511 2975 au-

258 3012 461 3083 μένοις.
503 3010 642 3081 Ἐγὼ
668 3012 724 3066 δὲ
751 3013 844 3066 καὶ
882 3013 1185 3084 Ὠριγένους
1216 3010 1601 3083 παλαιωτέρων
1629 3010 1836 3081 ἀνδρῶν

1946 3023 2049 3067 tem
2095 3012 2287 3068 Filium
2330 3029 2449 3069 esse
2485 3014 2579 3070 Dei
2623 3014 2801 3068 vivum
2841 3023 2898 3070 et
2934 3014 3342 3071 subsistentem.
3373 3013 3506 3070 Cum

254 3105 531 3169 πλείστοις
555 3105 699 3170 ὅσοις
726 3106 1196 3177 ὲκκλησιαστικοῖς
1229 3104 1656 3177 συγγράμμασιν
1687 3106 1835 3158 ἐντε-

1942 3119 2073 3159 vero
2099 3105 2166 3159 ab
2196 3106 2284 3159 illo
2313 3106 2517 3161 dictum
2566 3107 2657 3173 sit,
2696 3107 3008 3176 nuperrime
3062 3107 3204 3161 hanc
3258 3108 3505 3163 haeresim

158 3218 163 3225 ·
252 3197 492 3268 τύχηκα,
518 3198 831 3252 ἐπισκόπων
864 3215 923 3251 τε
947 3198 1040 3251 καὶ
1063 3198 1293 3252 συνόδων
1319 3197 1625 3261 ἐπιστολαῖς
1654 3198 1740 3251 δια

1942 3198 2300 3265 excogitatam
2325 3197 2513 3265 fuisse,
2551 3204 2609 3263 >3
2641 3200 3032 3254 ostendendum
3072 3209 3174 3267 est,
3198 3198 3504 3269 Origenem.

257 3308 393 3361 ροις,
430 3291 704 3362 πρόπαλαι
738 3291 1084 3361 γραφείσαις,
1117 3290 1184 3343 δι’
1213 3283 1287 3345 ὧν
1320 3286 1400 3354 εἷς
1437 3291 1528 3343 καὶ
1559 3292 1588 3343 6
1619 3291 1779 3354 αὐτὸς
1807 3292 1835 3344 6

1943 3289 2091 3344 illum
2125 3289 2297 3359 ipsum
2321 3291 2413 3361 qui
2437 3290 2571 3347 vixit
2593 3306 2719 3347 cum
2746 3291 3044 3361 majoribus
3070 3293 3288 3358 nostris,
3312 3294 3378 3346 ab
3408 3292 3510 3346 hoc

251 3380 355 3449 τῆς
385 3380 619 3444 πίστεως
648 3381 934 3452 χαρακτὴρ
966 3381 1371 3436 ἀποδείκνυται.
1398 3380 1512 3434 Οὐκ
1533 3380 1706 3453 ὀρθῶς
1728 3381 1834 3453 ἄρα

1941 3382 2061 3453 ipso
2108 3380 2383 3450 Marcello,
2414 3384 2467 3438 in
2502 3399 2759 3455 processu
2810 3384 3080 3440 sermonis
3125 3385 3418 3449 introduci,
3453 3393 3508 3437 ut

252 3472 609 3543 διαδέϐληκεν
643 3472 813 3527 εἰπὼν
868 3473 1196 3527 ἐπινοεῖσθαι
1230 3474 1328 3545 τὴν
1356 3473 1449 3529 νῦν
1484 3474 1694 3544 αἵρεσιν
1731 3475 1835 3527 ὑπὸ

1940 3475 2184 3529 eamdem
2228 3474 2498 3531 foventem
2549 3478 2824 3545 opinionis
2868 3477 3214 3544 sententiam,
3251 3493 3371 3532 cum
3417 3478 3505 3533 iis.

252 3563 365 3618 τῶν
389 3564 841 3635 διαϐαλλομένων.
860 3565 1015 3620 Μετὰ
1034 3565 1205 3620 ταῦτα
1235 3566 1428 3638 μικρὸν
1455 3566 1751 3639 προελθὼν,
1772 3568 1832 3621 οὐ

1938 3580 2075 3635 quos
2105 3577 2346 3623 accusat.
2382 3568 2495 3640 Ego
2531 3580 2713 3627 autem
2762 3571 3151 3644 scriptionibus
3176 3568 3508 3626 ecclesiasti—

250 3657 346 3710 τὸν
375 3658 649 3728 ’Δστέριον
677 3658 854 3728 μόνον,
878 3657 1012 3711 ἀλλὰ
1034 3658 1125 3710 καὶ⁵
1153 3657 1242 3710 τὸν
1263 3658 1435 3729 μέγαν
1450 3657 1706 3711 Εὑσέϐιον
1732 3658 1831 3728 ('5),

1938 3659 2018 3715 cis
2049 3661 2467 3732 quamplurimis
2497 3664 2770 3733 perlectis,
2808 3667 2876 3721 ab
2908 3665 3141 3737 Origene
3180 3662 3503 3732 antiquiori-

251 3744 316 3804 οὗ
375 3750 477 3820 τῆς
537 3750 841 3821 ἐπισκοπῆς
894 3749 1141 3803 πλεῖσται
1196 3750 1287 3802 καὶ
1343 3749 1618 3819 διαφανεῖς
1668 3751 1834 3821 ἐπαρ-

1939 3750 2040 3806 hus
2077 3750 2205 3806 olim
2253 3752 2589 3809 elaboratis:
2619 3764 2674 3810 et
2704 3756 2952 3826 epistolis
2991 3754 3225 3811 diversis
3271 3752 3509 3825 synodo-

251 3840 369 3912 χίαι
418 3858 477 3893 τε
525 3842 617 3893 καὶ
666 3841 849 3904 πόλεις
885 3840 1343 3912 μετεποιήθησαν,
1378 3840 1564 3904 κακῶς
1586 3840 1834 3911 ἀγορεύει

1938 3858 2057 3897 rum
2097 3853 2154 3899 et
2205 3844 2590 3915 episcoporum
2623 3849 2845 3904 nomine
2878 3846 3099 3917 scriptis
3126 3863 3140 3901 :
3166 3848 3218 3901 in
3254 3845 3361 3901 illis
3396 3844 3508 3898 sin-

250 3927 442 3983 τοῦτον
470 3930 560 3982 τὸν
592 3930 790 4001 τρόπον
811 3947 824 3961 ·
859 3947 877 3981 r
921 3931 1252 4002 ’Υπομνήσω
1277 3930 1333 3983 δέ
1360 3947 1441 3992 σε,
1465 3922 1541 3983 ὧν
1569 3930 1731 3993 αὐτὸς
1750 3930 1833 3999 γέ-

1936 3934 2077 4003 gulis
2128 3918 2378 3993 eumdem
2437 3940 2561 3995 ﬁdei
2613 3941 2927 3998 characters
2964 3955 3061 4010 per
3088 3940 3269 3995 omnia
3326 3937 3512 4007 depre-

256 4041 275 4074 ι
322 4040 504 4094 γραφε
533 4024 916 4094 συνιστάμενος
944 4026 1053 4086 τοῖς
1079 4022 1265 4087 κακῶς
1286 4022 1391 4076 ὑπὸ
1420 4022 1677 4076 Εὑσεόίου
1700 4040 1835 4095 γρα-

1942 4026 2126 4081 bendi.
2160 4026 2229 4083 Ut
2257 4044 2479 4087 necesse
2510 4031 2583 4086 sit
2619 4030 2770 4086 illum
2816 4048 3006 4102 parum
3038 4030 3333 4086 secundum
3368 4028 3510 4081 veri-

255 4134 276 4167 σ
324 4118 493 4184 φεῖσι,
511 4117 598 4170 ἵνα
612 4115 775 4187 γνῷς,
800 4117 881 4170 δτι
914 4116 1204 4185 ἀφίσταται
1231 4115 1416 4184 σαφῶς
1442 4115 1544 4185 τῆς
1563 4116 1834 4188 προτέρας

1943 4126 2111 4173 tatem
2166 4119 2309 4176 hanc
2368 4123 2771 4178 accusationem
2826 4125 3159 4187 instituisse,
3196 4120 3508 4192 nuperrime

256 4226 274 4259 ι
324 4208 687 4277 ἀπαγγελίας.
724 4208 974 4301 Γέγραφε
1005 4209 1113 4280 γὰρ
1146 4209 1338 4271 αὑταῖς
1387 4206 1594 4272 λέξεσιν
1631 4206 1830 4272 οὕτως·

1941 4209 2099 4266 istam
2120 4211 2368 4270 haeresim
2394 4214 2762 4272 adinventam.
2790 4215 3121 4271 Procedente
3142 4226 3302 4285 porro
3325 4211 3510 4283 paula-

327 4422 388 4480 ᾗ
425 4414 522 4471 Ed.
562 4416 758 4480 Paris.,
783 4432 900 4487 pag.
936 4415 1028 4470 ΞΟ.

252 4599 419 4671 Deus,
446 4612 613 4671 verus
631 4598 847 4671 quidem
882 4614 988 4671 non
1010 4598 1375 4671 7&i6tog,_sa_ne
1408 4597 1834 4671 aprul_AI_bar_ra-

1938 4598 2137 4671 ψηφον.
2171 4595 2308 4671 Quid
2339 4596 2405 4651 de
2444 4595 2537 4671 _i_llo
2580 4594 2923 4671 χαλκεντέρῳ
2953 4594 3245 4671 scripserat
3286 4594 3507 4650 Marcel-

253 4670 425 4732 sium,
468 4664 717 4737 inquiunt
744 4668 949 4733 Ariani,
976 4670 1022 4720 εἰ
1061 4668 1243 4722 δὲκαὶ
1282 4668 1414 4721 Θεὸν
1444 4664 1703 4737 ’ἀληθινὸν
1748 4668 1836 4721 λέ-

1938 4664 2045 4734 ius,
2076 4684 2177 4723 non
2214 4668 2401 4736 liquet.
2435 4664 2947 4737 Certe’Athanasins
2979 4664 3120 4737 illius
3150 4666 3376 4719 advocat
3417 4676 3506 4737 te-

252 4754 415 4807 γουσι
453 4736 544 4788 τὸν
568 4737 713 4799 Υίὸν,
743 4739 802 4789 οὐ
834 4737 991 4790 λυπεῖ
1016 4741 1179 4809 ἡμᾶς·
1207 4739 1494 4809 γενόμενος
1516 4736 1623 4810 γὰρ
1649 4738 1835 4810 ἀληθι-

252 4809 345 4860 νός
378 4810 513 4860 ἐστι.
539 4806 629 4860 Sic
652 4807 729 4860 illi
760 4808 1053 4860 nebulones
1079 4810 1332 4860 ludebant
1360 4808 1531 4860 vafre.
1549 4808 1835 4860 Marcellus

1935 4741 2271 4801 stimonium,
2335 4737 2386 4790 in
2418 4751 2526 4804 quo
2563 4736 2858 4860 Stapprlﬁ'qv
2892 4736 3018 4789 illud
3052 4736 3374 4789 Arianorum
3414 4736 3505 4806 νή-

1937 4829 2135 4860 ωισμα.
2164 4804 2231 4860 ἦν
2255 4809 2343 4860 ὅτε
2372 4807 2473 4859 οὐκ
2495 4803 2585 4860 ἦν.
2611 4807 2740 4860 reiel
2768 4808 2875 4860 itur
2902 4818 2955 4859 et
2977 4804 3236 4860 reiicitur.
3256 4753 3505 4859 Μ.--ζιι-

252 4803 345 4871 νός
378 4810 513 4861 ἐστι.
537 4806 629 4881 _S__ic
652 4807 729 4860 illi
760 4803 1835 4881 nebulonesludebantvafreilifarceilus

1937 4829 2135 4881 φισμα,
2164 4804 2231 4879 ἦν
2255 4809 2343 4861 ὅτε
2372 4803 2473 4881 οὐκ
2495 4803 2585 4876 ἦν,
2611 4803 2875 4881 refellitur
2902 4818 2955 4859 et
2977 4804 3236 4881 rejicitur.
3256 4803 3507 4881 M.-_—Sti—

253 4889 508 4950 assuetus
536 4878 746 4950 illorum
784 4879 994 4932 technis
1034 4880 1135 4932 hoc
1167 4879 1351 4950 tetigit
1388 4895 1403 4930 :
1444 4881 1669 4949 pupugit
1699 4894 1835 4950 ergo
1937 4876 2126 4950 prata,-
2150 4876 2275 4932 ante
2304 4876 2538 4950 προῖών;
2577 4878 2713 4950 infra
2740 4880 2767 4930 6
2794 4887 2918 4950 ante
2948 4878 3109 4940 αὐτός
3144 4876 3300 4950 vulgo
3330 4877 3503 4950 deest.

252 4948 349 5022 τὸν
375 4948 592 5022 σαπρόν
624 4947 931 5022 Eusebi_n_r_n,
961 4949 1183 5022 et‘biuc
1211 4946 1299 5001 illa
1343 4946 1831 5022 imma_n_i_s_'calutii-

1937 4946 1951 4950 “
2007 4952 2080 5022 (3)
2128 4950 2240 5022 Τὸν
2279 4946 2485 5022 μέγαν-
2515 4948 2828 5022 Εῠσέϐιον.
2888 4948 3117 5022 Semper
3160 4949 3260 5022 hoc
3302 4946 3505 5022 elogio,

255 5020 346 5073 nia
373 5020 428 5070 in
458 5014 772 5086 eum,quasi
803 5017 997 5072 Filium
1033 5018 1122 5073 Dei
1157 5034 1261 5073 non
1288 5033 1477 5071 revera
1496 5018 1691 5071 Filium
1718 5034 1835 5073 cre-
1940 5014 2081 5075 lnznc
2111 5014 2431 5079 alastdrenir;
2474 5018 2562 5072 hic
2596 5033 2725 5073 vero
2767 5028 2988 5087 apparet
3036 5018 3183 5071 illmn
3229 5014 3506 5087 tiesignari

255 5092 413 5142 deret
448 5089 555 5150 ille,
580 5084 671 5157 qui
726 5104 828 5141 non
864 5090 1229 5158 oppugnabat,
1260 5087 1510 5159 ἀληθινὸν
1538 5088 1666 5141 Υίόν
1699 5091 1830 5142 sim-
1936 5090 2428 5145 Nicomediensem.
2466 5088 2595 5141 Erat
2630 5089 2773 5143 enim
2802 5084 3208 5159 episcopatuum
3245 5084 3505 5159 desultor,

255 5159 497 5227 pliciter,
527 5154 617 5211 sed
636 5168 860 5229 _tantutn
892 5154 1187 5212 secundum
1217 5154 1449 5223 mentem
1476 5160 1828 5222 Arianorum,
1936 5161 2267 5229 Beryteusis,
2318 5158 2781 5223 Nicomediensis,
2818 5154 3450 5229 Constantinopolitanus
3492 5172 3504 5207 :

256 5224 349 5297 qui
407 5244 593 5281 verum
626 5227 818 5291 Deum,
851 5244 1036 5282 verum
1093 5229 1308 5293 Filium,
1334 5244 1517 5281 verum
1569 5229 1825 5291 Verbum,
1932 5242 1987 5285 et
2011 5224 2055 5285 si
2090 5238 2234 5285 recte
2266 5230 2508 5291 memini,
2532 5230 2765 5282 alnbitor
2798 5227 2924 5281 olim
2964 5227 3312 5297 Antiochena}
3341 5224 3506 5297 sedis.

255 5293 308 5351 et
340 5300 521 5351 omnia
555 5300 621 5351 de
665 5313 730 5352 eo
775 5312 900 5352 vera
949 5299 1276 5365 fatebantur,
1314 5301 1407 5354 sed
1447 5298 1715 5363 ὑπούλως,
1742 5310 1827 5351 ut-
1932 5302 2094 5368 Quasi
2129 5303 2229 5354 boc
2253 5302 2304 5352 in
2331 5314 2397 5355 eo
2423 5299 2580 5352 laude
2610 5298 2788 5351 fuerat
2820 5298 3062 5364 dignum,
3091 5298 3161 5348 ita
3193 5295 3261 5347 ab
3290 5293 3509 5368 bo_c_al-

258 5379 386 5435 pote
409 5383 514 5438 non
545 5381 807 5422 aeternum
852 5373 945 5422 sed
990 5364 1269 5424 creatum.
1294 5386 1401 5423 non
1439 5369 1692 5438 ὁμούσιον
1732 5372 1824 5423 sed
1936 5364 2050 5426 tero
2104 5371 2336 5425 Eusebio
2390 5380 2876 5433 commemoratur;
2908 5368 3177 5438 objectum
3212 5373 3294 5418 est
3320 5364 3369 5417 ei
3406 5364 3508 5417 hoc

256 5437 600 5510 έτερούσιον,
650 5439 717 5492 ad
766 5454 1033 5493 summum
1091 5441 1414 5510 ὁμοιούσιον.
1475 5436 1545 5494 Μ.
1597 5470 1669 5480 -
1711 5439 1833 5493 Mox

1939 5445 2138 5508 ipsum,
2168 5441 2479 5510 ambitionis
2507 5439 2747 5510 anitnali,
2776 5452 2870 5510 per
2899 5436 3335 5510 Constantinum,
3369 5448 3508 5510 non-

261 5503 370 5582 Μβζ
422 5503 593 5582 τύπον
620 5510 739 5582 loco
765 5510 986 5582 τρόπον,
1031 5503 1152 5563 dein
1184 5512 1342 5581 vulgo
1384 5514 1533 5566 deest
1576 5510 1673 5581 μέν
1713 5520 1839 5580 post

1939 5503 2063 5566 dum
2091 5503 2511 5582 apetavigowa”:
2558 5508 2603 5582 is
2631 5523 2755 5561 eum
2781 5503 3041 5582 depingit
3086 5505 3225 5575 apud
3239 5503 3510 5582 Iheodo-

256 5574 389 5633 ὅταν
413 5590 462 5632 ut
493 5580 627 5633 infra
661 5574 815 5648 vulgo
837 5582 932 5633 Πν.
962 5580 1132 5647 ἆγιον.
1276 5574 1303 5581 ⁷
1577 5574 1588 5581 ’
1713 5574 1730 5580 ⁷

1939 5594 2039 5635 ret.
2068 5574 2304 5636 nu'ndutn
2355 5582 2421 5633 ab
2448 5579 2537 5632 illo
2572 5579 2844 5632 inescatus
2873 5574 3048 5642 ltht,
3077 5574 3199 5645 cap.
3235 5574 3307 5648 20
3336 5591 3351 5639 ;
3388 5576 3509 5648 vide

333 5651 409 5720 (εὶ)
462 5644 796 5721 Ὠριγέζουξν
830 5651 934 5704 τοῦ
972 5644 1177 5703 adulat.
1228 5648 1345 5704 Jam
1396 5662 1523 5705 ante
1546 5650 1832 5717 Origenem

1938 5653 2217 5719 epistolam
2274 5650 2526 5704 Ecclesia:
2570 5649 2947 5721 Alexandrinae
2994 5644 3425 5721 apud'Atban-as.
3454 5644 3509 5721 in

262 5716 613 5791 reueusuerat
657 5719 920 5773 Eusebius
968 5722 1108 5773 inter
1136 5736 1231 5774 eos
1264 5737 1402 5789 quos
1431 5725 1546 5775 vult
1600 5716 1830 5774 Marcel-
1938 5716 2092 5791 A‘poj.
2129 5722 2409 5791 tt,decjus
2439 5719 2729 5791 desultoria
2764 5716 3076 5791 ambitione.
3098 5716 3374 5769 M.-—-l)ein
3396 5716 3513 5791 vul-

261 5790 375 5862 lum
420 5790 779 5862 proscidisse;
821 5791 909 5844 bic
959 5806 1089 5859 ergo
1123 5792 1188 5843 ad
1220 5785 1461 5845 eamdem
1509 5792 1831 5845 sententiam

1933 5785 2000 5862 gn
2031 5787 2105 5848 ὧν
2149 5785 2400 5859 αὑτὸς’γ.
2452 5789 2892 5862 συνεσταλμένος.
2946 5788 3059 5862 ΔΜμ.
3093 5806 3182 5862 γρ.
3224 5785 3510 5839 συνεσταλιι

265 5861 365 5929 ait,
399 5860 685 5930 Origezzem
710 5864 773 5916 ab
800 5878 863 5917 cu
908 5871 1219 5917 accusatum
1262 5864 1421 5917 veluti
1451 5863 1666 5919 Arianis
1696 5862 1835 5931 σύμ.-

1696 5862 1835 5931 σῦξι-
1940 5860 2134 5933 μένως,
2161 5865 2297 5918 idem
2329 5878 2449 5918 mox
2470 5878 2560 5931 γρ,
2588 5860 2914 5930 ἐπαγγελίας
2944 5860 3061 5917 loco
3090 5860 3259 5927 ἁπαγ.
