4008 6516
436 380 540 434 πῖσ

1072 378 1341 438 EUSEBll
1379 383 1848 441 CESARIENSIS
1883 382 2035 440 OPP.
2076 381 2259 438 PARS
2298 378 2392 436 IV.
2430 411 2502 422 —
2541 374 2962 435 DOGMATIC'A.

3580 367 3690 422 736.

434 491 530 544 tim
561 507 832 562 sermone,
862 497 930 552 ad
967 497 1111 554 illam
1135 513 1322 558 contra
1354 505 1624 560 Asterium
1661 505 2002 572 calumniam,

2180 504 2252 557 Τὸ
2285 503 2394 575 γάρ
2416 500 2706 572 κεφάλαιον
2730 495 2867 552 εἶναι
2894 496 2992 566 τῆς
3016 491 3304 561 ἐπιστολῆς
3328 488 3420 542 ἐπὶ
3445 489 3544 560 τὴν
3563 487 3690 558 βου-

437 582 655 639 Eusebii
704 603 922 658 quoque
961 593 1207 659 adjunxit
1238 599 1638 651 accusationem
1676 614 1691 653 :
1724 597 1871 651 illius
1904 597 2011 652 Eu-

434 676 594 739 senii,
623 691 782 744 quem
808 680 912 734 sibi
945 685 1296 760 quamplures
1329 688 1580 742 civitates
1613 697 1666 742 et
1696 689 2007 757 provinciae.

435 769 743 836 Heilm-tque
784 770 1120 840 clarissititw,
1153 777 1464 847 episcopum
1512 779 1877 846 postularunt.
1919 777 2008 848 [Κ.

437 854 632 928 XXIa]
666 877 684 910 ι
713 859 998 918 Revocabo
1026 875 1098 930 te,
1128 867 1320 935 inquit,
1355 869 1406 922 in
1435 869 1748 924 memoriam
1803 885 2007 923 eornmv

437 967 456 998 ι
507 965 628 1015 una:
655 954 898 1022 scripsit,
940 956 1066 1012 licet
1091 959 1277 1013 timide
1302 963 1646 1017 consentiens
1671 962 1869 1016 cumiis
1895 977 2016 1030 quae

440 1058 458 1089 ο
505 1042 706 1112 scripta
759 1059 914 1101 erant
969 1049 1214 1119 improbe
1254 1054 1323 1107 ab
1353 1053 1600 1120 Eusebio,
1633 1065 1688 1106 ut
1721 1068 2015 1124 cegnoscas

349 1149 357 1167 ι
438 1148 457 1181 ι
503 1147 626 1186 eum
661 1137 950 1194 manifeSto
983 1155 1012 1192 a
1044 1141 1211 1208 priori
1261 1159 1358 1198 suo
1407 1147 1676 1214 promisso
1731 1147 2012 1203 resiliisse.

442 1240 459 1272 ι
507 1223 754 1282 Totidem
775 1231 916 1283 enim
952 1234 1132 1288 verbis
1163 1234 1378 1305 reliquit
1407 1238 1662 1308 scriptum
1691 1256 1703 1290 :
1736 1238 1906 1308 Caput
1932 1249 2014 1293 et-

441 1336 459 1366 ι
505 1319 650 1370 enim
683 1321 927 1388 epistola:
949 1335 1029 1379 est
1053 1326 1209 1392 illud,
1241 1329 1307 1382 ad
1334 1329 1511 1384 Patris
1543 1329 1826 1385 consilium
1855 1341 1909 1386 et
1932 1345 2017 1386 vo-

442 1427 460 1458 c
509 1409 767 1466 lnntatem
839 1413 962 1470 Filii
1015 1419 1414 1487 generationem
1472 1421 1809 1477 referendam
1854 1437 2011 1478 esse:

444 1519 461 1549 σ
511 1504 656 1558 ιιιιΙΙο
686 1515 864 1560 autem
895 1519 1051 1578 pacto
1091 1509 1180 1565 Dei
1225 1512 1525 1582 genituram
1571 1514 1808 1583 passioni
1849 1515 2017 1569 ascri-~

444 1597 760 1653 c'bendam.
787 1601 962 1669 Atque
997 1603 1098 1658 hoc
1125 1612 1208 1658 est
1244 1605 1372 1660 illud
1403 1607 1543 1674 quod
1576 1607 1628 1661 in
1663 1608 1878 1676 scriptis
1906 1609 2019 1664 suis

444 1705 462 1737 ι
511 1689 916 1758 prudentissimi
947 1695 1111 1748 nostri
1149 1694 1336 1752 Patres
1363 1699 1710 1753 sanciverunt
1737 1700 1897 1754 :dum
1927 1702 2020 1755 de-

447 1797 465 1830 ι
510 1780 714 1836 clinaut
735 1783 1106 1839 haereticorum
1139 1787 1461 1856 impietates,
1479 1791 1570 1858 qui
1597 1788 1829 1844 ﬁliorum
1858 1793 2023 1861 passi-

2117 614 2136 645 ι
2179 593 2278 666 λὴν
2309 592 2386 664 (4)
2407 592 2500 646 τοῦ
2541 590 2752 662 Πατρὸς
2781 589 3090 656 ἀνενεγκεῖν
3128 582 3220 637 τοῦ
3250 581 3377 634 Υίοῦ
3405 581 3504 650 τὴν
3534 580 3689 648 γένε-

2118 705 2138 738 ι
2185 703 2290 750 σιν,
2324 685 2419 738 καὶ
2453 683 2529 755 μὴ
2563 681 2733 745 πάθος
2759 679 3033 749 ἀποφῆναι
3072 675 3166 730 τοῦ
3202 673 3336 728 Θεοῦ
3369 673 3468 742 τὴν
3500 677 3690 740 γονήν.

2119 801 2136 831 ι
2183 781 2358 850 Ὅπερ
2373 779 2427 831 οἰ.
2441 777 2740 846 σοφώτατοι
2757 774 2834 846 (5)
2858 773 2963 826 τῶν
2981 770 3257 840 Πατέρων,
3276 770 3333 820 ὲν
3349 767 3459 828 τοῖς
3471 763 3692 824 οἰκείοις

2119 893 2138 926 ο
2187 874 2558 943 συντάγμασιν
2603 868 2963 939 ἀπεφήναντο,
2999 861 3360 932 φυλαξάμενοι
3400 857 3506 910 τῶν
3541 857 3694 925 αἱρε-

2121 987 2140 1020 ι
2185 966 2352 1020 τικῶν
2380 965 2476 1036 τὴν
2500 962 2774 1025 ἀσέϐειαν,
2799 959 2848 1012 οἳ
2869 955 3184 1028 σωματικήν
3205 970 3326 1006 τινα
3345 952 3438 1004 καὶ
3464 949 3692 1019 παθητι-

2120 1080 2138 1110 ε
2187 1059 2288 1131 κὴν
2325 1056 2726 1126 κατεψεύσαντο
2761 1051 2853 1106 τοῦ
2885 1049 3018 1105 Θεοῦ
3069 1049 3167 1120 τὴν
3199 1044 3564 1112 τεκνογονίαν,
3592 1040 3691 1104 τὰς

2121 1172 2139 1204 ι
2185 1149 2454 1224 προϐολάς
2485 1144 2920 1219 δογματίζοντες.
2956 1162 2973 1194 ι
3003 1142 3109 1194 Καὶ
3140 1141 3276 1212 πρὸς
3294 1137 3496 1200 ταύτας
3513 1136 3569 1188 δὲ
3592 1135 3696 1197 τὰς.

2117 1221 2320 1312 φωνάς,
2346 1239 2544 1312 πολλὴν
2575 1237 2700 1308 ἑξῆς
2731 1236 2961 1288 ποιεῖται
2986 1231 3083 1301 τὴν
3109 1228 3444 1298 ἀντίρρησιν,
3484 1221 3600 1292 μεθ’
3624 1222 3691 1290 ἣν

2117 1333 2470 1388 ὲπισυνάπτει
2521 1330 2728 1398 λέγων·
2774 1345 2792 1379 ι
2838 1326 2997 1378 Ὥστε
3035 1318 3398 1392 συνηγορήσαι
3447 1314 3693 1383 Εὐσεόξῳ

2125 1444 2142 1478 ι
2191 1423 2376 1488 κακῶς
2402 1422 2669 1494 γράψαντι
2693 1418 3011 1490 βουλόμενος
3057 1413 3348 1484 Ἀστέριος,
3385 1407 3598 1479 φύσεώς
3629 1424 3691 1460 τε

2125 1538 2143 1570 ι
2190 1517 2424 1589 Πατρὸς,
2468 1515 2561 1568 καὶ
2603 1512 2814 1584 φύσεως
2839 1508 3133 1579 ἀγεννήτου
3166 1502 3561 1576 μνημονεύσας,
3594 1499 3693 1552 αὺ-

2125 1632 2142 1662 i
2187 1611 2279 1674 τὸς
2300 1585 2476 1678 έαυτῷ
2501 1607 2802 1677 κατήγορος
2833 1602 3042 1671 γέγονε.
3072 1597 3212 1650 Πολὺ
3245 1594 3354 1666 γάρ
3387 1591 3596 1663 βέλτιον
3625 1585 3694 1660 ἦν

2125 1722 2144 1756 ι
2187 1702 2249 1756 τὸ
2278 1700 2448 1764 πάθος
2477 1698 2571 1752 τοῦ
2602 1699 2866 1768 νοήματος
2894 1689 3174 1752 Εύσεϐίου,
3196 1688 3270 1752 ὡς
3299 1685 3460 1749 αύτδς
3488 1684 3690 1755 γέγραο

2127 1815 2144 1847 ι
2193 1811 2313 1864 φενη,
2351 1794 2408 1847 ὲν
2444 1787 2777 1863 βραχυλογίᾳ
2807 1785 3054 1856 κείμενον
3083 1780 3434 1845 ἀνεξέταστον
3475 1775 3698 1829 καταλι-

445 1894 464 1927 ι
509 1889 605 1930 vas
627 1886 683 1931 et
697 1880 1010 1948 corporales
1028 1883 1405 1950 generationes
1430 1885 1482 1936 in
1511 1881 1621 1937 Deo
1647 1897 1746 1952 per
1780 1883 2020 1938 emissio-

2132 1905 2144 1939 ι
2191 1889 2335 1950 πεῖν,
2369 1884 2402 1956 ἢ
2435 1881 2660 1954 τοιαύτῃ
2690 1878 2889 1951 θεωρίᾳ
2923 1876 3263 1948 χρησάμενον
3300 1872 3359 1924 τὸ
3390 1868 3704 1938 πανοῦργον

445 1982 466 2017 ι
512 1982 608 2024 nes
637 1971 1174 2027 comminiscuntur.»
1209 1974 1357 2041 Quas
1379 1989 1560 2039 voces,
1581 1975 1632 2029 in
1664 1975 2016 2045 sequentibus

450 2057 718 2116 latissime
746 2063 993 2118 confulat
1021 2081 1035 2117 :
1062 2065 1259 2134 quibus
1289 2066 1557 2120 subnectit
1585 2067 1638 2120 in
1664 2067 1779 2122 haec
1805 2067 1969 2122 verba
2001 2085 2014 2121 :

446 2168 466 2201 ι
519 2150 668 2208 Unde
709 2169 832 2209 cum
870 2156 1104 2211 Eusebio
1135 2157 1343 2211 erranti
1374 2165 1738 2212 consentanea
1768 2173 1866 2228 per
1893 2173 2014 2213 om-

448 2263 468 2295 ι
517 2246 605 2298 nia
635 2247 880 2302 Asterius
908 2251 1172 2316 posuerit,
1206 2249 1398 2318 injecta
1433 2251 1709 2305 mentione
1737 2253 1803 2306 de
1825 2260 2015 2305 natura

447 2355 466 2388 ι
514 2336 715 2404 Patris,
751 2349 802 2392 et
830 2340 1050 2408 ingeniti
1084 2352 1301 2407 natura,
1339 2341 1452 2412 ipse
1483 2342 1682 2396 suimet
1734 2351 2017 2397 accusator

447 2446 472 2478 ι
515 2428 760 2484 exsistit:
782 2431 1044 2498 siquidem
1074 2433 1295 2488 omnino
1327 2433 2019 2504 praestitisset,Ensebiante

449 2536 469 2567 ε
515 2520 800 2574 sententiae
830 2523 1158 2588 passionem,
1191 2522 1268 2578 uti
1307 2522 1530 2592 scripsit
1559 2524 1695 2591 ipse,
1725 2523 2018 2592 inexplica-

449 2626 467 2659 ι
516 2619 624 2664 tam
653 2620 708 2666 et
731 2613 993 2668 brevitate
1040 2615 1348 2669 conclusam
1386 2615 1825 2686 prmtermisisse,
1856 2630 2016 2684 quam

449 2719 468 2751 ι
517 2717 614 2771 per
646 2703 1020 2774 hujuscemodi
1079 2708 1590 2778 contemplationem
1649 2717 1920 2762 versutam
1954 2707 2019 2761 il-

450 2812 471 2845 ι
518 2795 623 2850 lam
657 2796 1006 2866 scriptionem
1029 2799 1082 2854 in
1107 2798 1278 2853 lucem
1315 2799 1625 2870 protulisse.
1659 2817 1678 2850 ι
1708 2801 1828 2854 Post
1849 2814 2017 2868 pauca

445 2889 756 2946 subnectit:
795 2891 901 2946 (.ln
961 2897 1215 2962 praesenti
1274 2893 1722 2948 examinabimus
1777 2908 1940 2945 unum
1991 2907 2021 2947 e

451 2997 475 3030 ι-
524 2981 708 3036 multis
732 2982 800 3036 ab
825 2983 1044 3039 Asterio
1074 2986 1392 3054 positorum.
1418 2986 1507 3038 Ait
1527 2986 1670 3041 enim
1702 3002 1718 3042 :
1745 2983 1892 3037 Alius
1915 2991 2019 3048 est,

452 3092 471 3124 ι
517 3075 683 3137 enim,
702 3075 792 3143 qui
819 3076 991 3146 gignit
1017 3075 1199 3142 Pater,
1223 3078 1288 3131 de
1314 3092 1392 3142 se,
1412 3077 1742 3146 unigenitum
1763 3075 2018 3138 Verbum,

453 3183 474 3216 ι
518 3178 572 3222 et
587 3167 766 3222 omnis
783 3179 1047 3222 creaturae
1062 3169 1503 3238 primogenitum.
1519 3167 1800 3238 Copulavit
1821 3177 2023 3222 utrum-

2126 1998 2144 2032 ι
2192 1977 2285 2032 τοῦ
2313 1977 2637 2048 γράμματος
2670 1973 2749 2035 εἰς
2772 1971 2885 2039 φῶς
2909 1969 3154 2036 ἀγαγεῖν.
3195 1984 3212 2016 ι
3250 1962 3360 2016 Καὶ
3389 1960 3505 2032 μεθ’
3532 1960 3704 2030 ἕτερα.

2120 2071 2389 2139 ἐπιλέγει·
2428 2087 2446 2120 ι
2478 2067 2615 2120 Νυνὶ
2643 2065 2699 2118 δὲ
2732 2062 3071 2131 ἐξετάσωμεν
3097 2058 3154 2111 ἓν
3179 2075 3231 2110 τι
3264 2055 3424 2127 ῥητόν
3451 2053 3560 2106 τῶν
3591 2053 3698 2105 ὑπὸ

2125 2183 2143 2215 ι
2201 2161 2475 2233 Ἀστερίου
2493 2157 2832 2230 γραφέντων.
2868 2155 3010 2224 Ἔφη
3043 2144 3346 2222 γάροῦτος·
3367 2146 3560 2208 ’Ἄλλος
3597 2144 3696 2214 μὲν

2125 2273 2143 2304 ‹
2190 2253 2334 2306 ἐστιν
2370 2254 2398 2304 ὁ
2424 2248 2638 2320 Πατὴρ,
2669 2247 2697 2299 ὁ
2725 2246 2984 2315 γεννήσας
3017 2243 3075 2308 eg
3107 2239 3270 2293 αὑτοῦ
3311 2238 3399 2291 τὸν
3436 2235 3704 2307 μονογενῆ

2125 2363 2143 2395 ι
2191 2344 2361 2411 Λόγον
2399 2341 2492 2394 καὶ
2523 2337 2862 2410 πρωτότοκον
2897 2336 3072 2404 πάσης
3098 2331 3344 2392 κτίσεως.
3387 2328 3702 2398 ’Λμφότερα

2123 2454 2141 2486 ι
2189 2433 2429 2502 συνάψας
2451 2431 2713 2500 γέγραφε,
2753 2424 3011 2498 μονογενῆ
3039 2423 3134 2476 καὶ
3162 2419 3502 2492 πρωτότοκον
3523 2435 3536 2448 ο
3563 2416 3697 2469 πολ-

2124 2548 2141 2578 ι
2186 2527 2286 2596 λῆς
2309 2525 2681 2594 ἐναντιότητος
2721 2523 2778 2574 ἐν
2804 2522 2916 2582 τοῖς
2955 2517 3212 2587 ὀνόμασιν
3258 2513 3424 2581 οῦσης
3464 2510 3699 2574 τούτοις,

2122 2637 2140 2669 ι
2187 2617 2262 2681 ὼς
2286 2616 2404 2670 ἔστι
2433 2615 2612 2688 ῥᾴδιον
2632 2613 2725 2666 καὶ
2750 2613 2862 2675 τοῖς
2897 2609 3100 2680 σφόδρα
3138 2604 3438 2676 δυ’σμαθέσι
3467 2604 3690 2672 γνῶναι.

2124 2729 2141 2764 t
2188 2710 2354 2782 Δῆλον
2375 2707 2484 2780 γὰρ
2504 2708 2584 2760 ὅτι
2601 2709 2628 2760 ό
2650 2702 2978 2773 Μονογενὴς,
3005 2702 3052 2752 εἰ
3075 2700 3241 2761 ὄντως
3271 2697 3563 2768 μονογενὴς
3588 2696 3696 2766 εἴη,

2125 2819 2143 2852 ι
2185 2801 2285 2854 οὐκ
2321 2799 2402 2852 ἔτι
2432 2796 2772 2869 πρωτότοκος
2801 2789 2937 2846 εἶναι
2963 2790 3204 2854 δύναται,
3235 2790 3327 2841 καὶ
3358 2789 3387 2840 ὁ
3422 2785 3702 2858 Πρωτότο-

2126 2912 2144 2945 ι
2192 2909 2308 2956 κος,
2396 2889 2758 2961 πρωτότοκος,
2797 2886 2855 2939 ού
2898 2883 3119 2938 δύναται
3151 2879 3440 2953 μονογενὴς
3468 2874 3627 2931 εἶναι.
3676 2897 3693 2927 ι

2120 2985 2231 3038 Καὶ
2255 2985 2311 3036 έν
2335 2981 2544 3045 τούτοις
2575 2981 2632 3033 δὲ
2667 2979 2756 3032 τὸν
2794 2978 3068 3048 Ἀστέριον
3103 2975 3339 3028 αἰτιᾶται
3375 2971 3572 3042 μάτην.
3623 2968 3699 3020 Ού

2121 3077 2230 3148 γάρ
2254 3075 2438 3138 αὑτοῦ,
2470 3073 2605 3128 ἀλλὰ
2631 3073 2728 3144 τῆς
2757 3071 2906 3134 θείας
2938 3069 3159 3142 Γραφῆς
3207 3067 3502 3135 ἐτύγχανον
3561 3058 3699 3115 εἶναι

2124 3168 2215 3223 τὸν
2240 3167 2364 3220 Υἱὺν
2387 3165 2478 3219 τοῦ
2499 3164 2634 3218 Θεοῦ
2661 3180 2790 3217 ποτε
2823 3163 2920 3234 μὲν
2941 3160 3193 3230 λέγουσαι
3215 3155 3513 3228 μονογενῆ
3542 3155 3699 3219 Υἱὸν,

451 3276 470 3308 ι
517 3273 624 3327 que
655 3260 987 3330 unigenitum
1029 3269 1082 3314 et
1112 3261 1530 3331 primogenitum
1565 3261 1616 3314 in
1644 3261 1857 3324 eodem,
1901 3275 2023 3315 cum

2132 3258 2261 3318 ποτὲ
2287 3257 2343 3312 δὲ
2371 3258 2751 3327 Πρωτότοκον
2784 3229 2986 3320 πάσης
3017 3229 3289 3316 κτίσεως,
3310 3247 3501 3319 φωναί.
3538 3242 3702 3308 Αὖθις

453 3367 472 3401 ι
519 3363 758 3419 pugnent
784 3367 814 3406 e
843 3353 1111 3408 diametro
1136 3354 1250 3408 btec
1280 3354 1422 3409 inter
1451 3367 1593 3418 sese,
1626 3353 1768 3422 quod
1798 3354 2026 3422 quisque

453 3460 473 3493 ε
519 3443 717 3512 poterit
741 3445 954 3513 negotio
984 3445 1148 3506 nullo,
1174 3445 1258 3500 vel
1291 3447 1694 3501 indoctissimus
1715 3446 2024 3500 observare.

451 3553 478 3587 ι.
520 3535 678 3591 Patet
703 3538 926 3601 etenim,
954 3537 1324 3606 Unigenitum,
1350 3540 1393 3593 si
1429 3553 1616 3593 revera
1651 3539 1812 3592 fuerit
1841 3537 2028 3609 unige-

457 3644 477 3676 ι
525 3628 691 3692 nitus,
731 3644 836 3682 non
869 3645 1024 3698 posse
1053 3640 1106 3683 et
1139 3630 1561 3699 primogenitum
1585 3627 2023 3693 esse,etPrimo—

457 3736 476 3769 ι
524 3721 762 3788 genitum
795 3736 1029 3790 quoque,
1058 3734 1325 3791 quatenus
1366 3721 1440 3776 sit
1474 3723 1882 3792 primogenitus,
1915 3737 2020 3777 non

458 3831 476 3862 ι
526 3827 686 3882 posse
715 3814 1046 3882 unigenitum
1070 3829 1211 3868 esse.
1239 3833 1256 3866 ι
1287 3813 1390 3868 Sed
1421 3812 1618 3868 frustra
1643 3813 1730 3866 hic
1751 3813 2022 3866 Asterium

452 3912 696 3960 ςιεοιιειιι.
742 3903 874 3958 Nam
924 3921 1026 3960 non
1067 3907 1153 3960 ille
1205 3923 1323 3972 sua,
1359 3907 1451 3960 sed
1502 3906 1804 3975 Scriptura:
1835 3903 2026 3958 divina:

453 3997 617 4051 verba
664 3999 982 4067 usurpabat.
1040 3997 1318 4060 Afﬁrmant
1351 4004 1408 4069 ᾧ
1441 3998 1639 4052 etenim
1690 3997 1781 4050 Dei
1831 3995 2025 4049 Filium

456 4104 618 4153 nunc,
662 4111 680 4140 ι
718 4090 1060 4158 unigenitum
1092 4111 1108 4142 ι
1143 4106 1262 4148 esse
1297 4108 1312 4146 :
1341 4090 1495 4150 alias,
1523 4108 1540 4138 ι
1566 4098 1830 4142 creatura:
1853 4088 2030 4140 omnis

455 4184 902 4254 primogenitum.
941 4205 959 4238 ι
996 4186 1161 4239 Infert
1184 4185 1445 4253 deinceps
1463 4182 1554 4254 [Β.
1575 4180 1809 4252 LXXVI]
1837 4199 1850 4234 :
1883 4197 1901 4231 ι
1923 4178 2030 4234 Sed

459 4294 478 4323 ι
524 4276 744 4348 insuper
767 4278 881 4342 ille,
900 4279 1202 4346 posthabita
1220 4278 1522 4348 cognitione
1539 4289 1685 4338 vera,
1703 4273 2034 4342 speculatio-

458 4391 484 4429 ι
519 4381 640 4420 nem
672 4373 962 4438 quamdam
996 4370 1346 4425 artificiosam
1376 4364 1790 4422 demonstravit.
1811 4363 1876 4417 Et
1907 4378 2028 4417 cum

536 4602 593 4660 ᾖ(
635 4594 737 4652 Ed.
763 4585 958 4660 ἰδέη-ἶς’..
981 4608 1099 4663 pag.
1129 4595 1218 4648 2|.

531 4801 619 4867 (4)
661 4798 795 4852 Ἐπὶ
827 4796 942 4862 τὴν
960 4796 1223 4867 βουλήν.
1247 4793 1510 4867 Eusebius
1535 4808 1656 4849 cum
1674 4807 1772 4849 suo
1791 4793 1920 4848 Ario
1942 4793 2023 4848 hOl

2149 4809 2336 4867 τεχνον
2364 4789 2594 4867 _As_ler_ii_
2619 4787 2848 4867 hujusce
2897 4803 2910 4838 :

467 4865 686 4927 doerbat
721 4870 992 4923 Christum
1029 4883 1148 4920 esse
1183 4866 1273 4920 Dei
1306 4865 1518 4930 Filium,
1552 4880 1657 4918 non
1712 4873 1900 4918 natura
1948 4865 2041 4918 sed

469 4942 773 4998 voluntate;
806 4951 862 4991 at
896 4953 1000 4990 non
1025 4937 1330 4998 Marcellos,
1356 4936 1447 4990 sed
1478 4950 1578 4988 nec
1601 4934 1762 4988 Arius
1788 4934 1961 4996 πάθος
1986 4935 2041 4988 in

470 5016 576 5066 Deo
619 5009 998 5071 admittebant,
1049 5017 1102 5060 et
1136 5006 1580 5077 ιιιοχ,παθητικὴ
1627 5004 1939 5073 τεκνογονία
1986 5005 2040 5058 in

466 5083 574 5138 Deo
610 5082 680 5135 ab
730 5079 1000 5134 luereticis
1053 5077 1353 5132 introducta
1405 5073 1718 5140 damnatur;
1769 5073 2039 5146 προϐολάς

461 5155 660 5218 opinor
685 5150 955 5273 iit'telligit,
993 5148 1081 5201 illa
1105 5148 1415 5218 blaspliema
1435 5147 1789 5203 deliramenta
1816 5145 2038 5199 'Gnosti-

462 5239 672 5273 (torum.
763 5261 776 5272 .

462 5239 672 5279 cor-unt.
706 5239 776 5273 Μ.

531 5295 610 5363 (Si)
652 5293 838 5359 Ὅπερ
900 5289 1264 5359 σοφώτατος.
1314 5287 1620 5363 Legendum
1647 5325 1662 5350 ,
1695 5287 1744 5338 οἱ
1787 5283 2034 5363 σοφώτας-

462 5356 567 5428 τοι,
593 5356 658 5416 ἰιι
689 5363 739 5416 in
781 5356 1214 5430 prmcedenttbns
1244 5376 1259 5425 ;
1293 5359 1380 5411 ubi
1400 5356 1609 5430 eadem
1657 5365 1936 5424 usurpata,
1967 5356 2037 5411 ab

467 5423 699 5488 Eusebio
719 5423 1116 5485 Nicomediensi
1144 5423 1413 5482 dicuntur.
1439 5423 1729 5496 M.—lnfra
1754 5423 1913 5493 vulgo
1941 5442 2033 5496 γρ.

463 5502 649 5565 κακῶς
673 5515 729 5554 et
771 5503 800 5554 ὁ
837 5501 984 5552 Ἀστ.
1039 5499 1205 5552 Porro
1263 5497 1327 5550 Β.
1376 5494 1632 5566 γεννητοῦ
1689 5496 1808 5549 loco
1851 5494 2033 5564 ἀγενν.

462 5587 516 5629 et
548 5573 715 5628 αὐτοῦ
743 5571 860 5626 loco
889 5569 1071 5640 ἐαυτῷ
1099 5578 1152 5623 et
1177 5567 1350 5640 βάθος
1377 5569 1493 5620 loco
1528 5565 1704 5640 πάθος
1731 5581 1874 5640 corr.
1902 5567 2036 5620 Dein

464 5646 624 5715 volgo
671 5641 999 5715 ἐξετάσομεν
1032 5636 1304 5715 ὸιλμαθεζν
1341 5638 1482 5715 loco”
1503 5636 1706 5703 γνῶναι
1745 5655 1756 5689 :
1810 5637 2040 5704 denique

463 5707 625 5779 vulgo
655 5712 839 5782 ὲτύγχ.
889 5707 1025 5782 εἶναι
1052 5707 1160 5778 γὰρ
1195 5708 1322 5782 Υίὸν
1362 5724 1414 5758 τ.
1446 5707 1508 5760 Θ.
1540 5723 1602 5764 π.
1655 5726 1710 5778 μ.
1736 5725 1944 5777 ﬂora-7a
1979 5727 2038 5761 π.

460 5786 507 5842 6'.
543 5777 720 5853 πρωτ.
749 5777 927 5853 Jsz,
965 5777 1218 5848 λέγουσαι
1248 5777 1432 5853 φάνριι.

667 5847 1317 5916 Ἀπεδείξατοθεωρὲαν.
1349 5847 1668 5927 Perstringit
1703 5849 1929 5921 Θεωρίαν
1960 5852 2040 5906 ἔν..

2133 3351 2192 3406 δὲ
2240 3349 2497 3408 συνάπτει
2547 3346 2756 3411 τούτοις
2804 3346 2994 3413 λέγων’
3043 3362 3062 3395 ι
3124 3342 3262 3394 Ἀλλ’
3303 3341 3575 3409 ἀφέμενος
3607 3337 3704 3405 τῆς

2140 3466 2157 3498 ι
2199 3443 2432 3514 ἀληθοῦς
2459 3440 2733 3510 γνώσεως,
2761 3439 2861 3509 τὴν
2889 3437 3134 3506 ἔντεχνον
3159 3437 3290 3505 ἡμῖν
3344 3433 3438 3485 καὶ
3472 3430 3564 3482 νῦν
3599 3430 3704 3480 ἁπ-

2141 3557 2158 3588 t
2198 3534 2433 3599 εδείξατο
2463 3533 2694 3602 θεωρίαν
2735 3529 2834 3600 (6).
2873 3530 2986 3583 Ούκ
3015 3528 3152 3598 ἔχων
3181 3527 3287 3595 γὰρ
3313 3527 3376 3577 ὲκ
3406 3523 3512 3576 τῶν
3546 3521 3704 3573 θείων

2129 3649 2146 3681 ι
2180 3628 2408 3701 Γραφῶν
2435 3628 2494 3680 τὸ
2520 3624 2712 3680 ἑαυτοῦ
2736 3621 3142 3677 κατασκευάσαι
3175 3619 3437 3690 βούλημα,
3462 3617 3552 3668 ἐπὶ
3579 3615 3705 3675 τοὺς

2131 3740 2150 3773 ι
2188 3719 2545 3789 σοφωτάτους,
2589 3718 2662 3780 ὡς
2713 3717 2906 3778 οἴεται,
2951 3713 3236 3783 ἀνατρέχει
3286 3707 3556 3778 Πατέρας,
3601 3705 3706 3774 φά-

2136 3829 2153 3861 t
2193 3826 2336 3862 σκων
2395 3808 2531 3878 ὅπερ
2563 3808 2610 3860 οἱ
2649 3804 2945 3875 σοφώτατοι
2975 3802 3081 3855 τῶν
3109 3800 3364 3870 Πατέρων
3397 3799 3451 3849 ἐν
3485 3799 3594 3857 τοῖς
3631 3796 3708 3846 οἰ-

2138 3921 2155 3953 (
2196 3902 2361 3965 κείοις
2415 3900 2784 3970 συντάγμασιν
2822 3898 3185 3966 ἀπεφήναντο.
3241 3891 3536 3959 Ἀπόφασιν
3570 3889 3707 3940 ἀπο-

2141 4015 2158 4046 ι
2202 3991 2472 4062 πεφάνθαι
2497 3993 2620 4054 τοὺς
2642 3990 2832 4043 ἑαυτοῦ
2860 3987 3108 4057 Πατέρας
3137 3983 3408 4054 Ἀστέριος
3430 3998 3582 4051 φησι,
3615 3979 3710 4032 καὶ

2143 4107 2160 4139 ι
2206 4088 2380 4158 δόγμα
2427 4087 2556 4157 περὶ
2607 4083 2742 4137 Θεοῦ
2798 4081 3133 4154 γεγραφέναι¹
3189 4077 3295 4132 ἀπὸ
3357 4077 3454 4146 τῆς
3507 4074 3709 4134 οἰκείας

2145 4197 2162 4229 ι
2200 4177 2405 4232 ἑαυτῶν
2440 4175 2830 4248 προαιρέσεως.
2867 4174 2943 4225 Τὸ
2973 4171 3079 4242 γὰρ
3108 4169 3198 4224 τοῦ
3229 4169 3494 4239 δόγματος
3520 4166 3710 4234 δνομα.

2149 4288 2166 4321 ⁸
2205 4270 2304 4339 τῆς
2331 4267 2677 4339 ἀνθρωπίνης
2703 4267 2884 4336 έχεται
2909 4264 3100 4335 βουλῆς
3118 4281 3177 4316 τε
3202 4262 3294 4316 καὶ
3318 4261 3562 4330 γνώμης.
3592 4248 3710 4308 ’Ότι

2147 4381 2164 4413 ι
2201 4361 2260 4415 δὲ
2290 4360 2434 4415 τοῦθ’
2486 4359 2658 4424 οὕτως
2690 4358 2822 4430 ἔχει,
2857 4360 3124 4429 μαρτυρεῖ
3165 4356 3261 4427 μὲν
3288 4357 3417 4425 ἡμῖν
3450 4351 3645 4415 ἱκανῶς
3679 4351 3716 4420 ἠ,

2962 4781 3536 4856 utpote_sopltisticem
3587 4779 3716 4856 olim

2149 4850 2396 4932 professi.
2440 4859 2545 4914 Sed
2582 4861 2667 4913 hic
2694 4850 2849 4932 deest
2879 4873 2978 4932 νοτ
3009 4850 3182 4932 ,ἀύτοῦ
3209 4870 3221 4884 ο
3251 4850 3430 4906 Statim
3481 4850 3714 4918 corrige,

2150 4926 2423 5001 ἀπόφασιν
2458 4929 2859 4997 ἀποπειρᾶσθαι.
2891 4926 3146 5001 lntelligit
3182 4933 3392 5001 autetn,_
3419 4933 3476 4974 ut
3514 4930 3657 5001 patet
3688 4935 3718 5000 ε

2150 4989 2846 5071 sequentibus,Origenem,
2869 5012 3027 5071 quem
3061 4989 3230 5071 rideri
3259 4991 3505 5071 volebant
3528 4989 3716 5071 Ariani

2149 5059 2344 5137 secuti,
2380 5082 2440 5124 nt
2470 5059 2523 5124 et
2555 5059 2866 5137 Dionysium
2887 5059 3339 5137 'Alexand‘rinum.
3375 5060 3504 5137 Post
3524 5059 3720 5130 καλού-

2147 5127 2305 5215 μενα,
2330 5127 2644 5215 addendum
2658 5127 2920 5215 δόγματα.
2953 5134 3080 5189 Vult
3104 5133 3382 5215 Marcellus
3429 5127 3717 5215 humanam

2145 5202 2511 5268 tantummodo
2569 5202 2848 5264 scientiam
2886 5208 3115 5259 humana
3166 5202 3588 5269 scita,dogmata
3627 5215 3721 5252 no-

2144 5267 2336 5339 minari
2378 5301 2390 5336 :
2439 5282 2512 5335 ita
2562 5277 2974 5346 λεπτολογοῦσιν
3037 5267 3722 5346 υιιίηιιιιιιᾼιιίήέξηὲναν-

2144 5338 2291 5417 τίας.
2315 5352 2424 5407 Cur
2454 5351 2630 5406 locum
2679 5338 2921 5418 Apostoli
2961 5361 3026 5400 ex
3065 5362 3099 5399 ιι
3138 5338 3432 5418 ιιᾱἘριιεε.
3480 5338 3570 5404 l5,
3601 5355 3721 5418 pro-

2145 5411 2384 5486 duxerit,
2412 5438 2519 5476 non
2553 5411 2746 5489 capio;
2783 5417 3102 5489 intelligam,
3135 5431 3255 5489 cum
3281 5411 3538 5489 defectus
3570 5411 3721 5489 codi-

2146 5497 2226 5550 cis
2253 5511 2319 5548 ex
2350 5481 2590 5560 Apostoli
2617 5481 2872 5560 contextu
2896 5481 3174 5556 suppletus
3197 5483 3379 5560 fuerit,
3389 5481 3504 5560 τὸν
3536 5481 3721 5548 νόμον

2147 5566 2264 5619 τῶν
2277 5552 2539 5618 ἐντολῶν
2553 5560 2677 5626 τοῖς
2691 5559 2944 5628 δόγμασι
2963 5552 3361 5628 ὸιὶιταργήοίας.
3378 5552 3560 5628 Legem
3585 5567 3723 5628 male

2148 5639 2394 5690 dolorum
2429 5635 2483 5685 in
2516 5622 2849 5700 doqntalilit'u
2889 5622 3168 5700 evacuans.
3205 5625 3416 5700 Recitat
3468 5622 3720 5699 enitntut
3789 5653 3796 5690 ξ

2151 5689 2362 5766 doceat.
2405 5689 2741 5758 vocem'eam
2774 5715 2879 5754 non
2910 5713 3027 5752 esse
3080 5698 3324 5750 humanae
3375 5689 3718 5766 inyetttioais,
3785 5699 3787 5701 ‘

2152 5758 2248 5831 aut
2270 5758 2584 5831 scholarum
2624 5769 2995 5824 tantummodo
3022 5767 3379 5821 smcnlarinm.
3407 5761 3474 5815 Μ.
3504 5787 3573 5801 -ο
3600 5758 3716 5812 Mox

2148 5849 2302 5917 vulgo
2331 5841 2745 5916 ἁμνημονεύσας
2772 5848 2823 5895 et
2860 5840 2978 5896 (lein
3005 5841 3111 5899 τοῖς
3141 5836 3420 5902 δόγμασιν.
