4008 6590
291 435 398 495 72.7

1413 441 1690 498 CONTRA
1731 444 2151 500 MARCELLUM
2191 443 2315 499 LIB.
2360 450 2396 498 Ι.

3426 440 3527 494 758

292 569 313 604 1
353 549 661 622 δογματικὴ
695 550 802 603 τῶν
835 552 1033 623 ἰατρῶν
1067 552 1247 623 τέχνη·
1289 561 1556 627 μαρτυρεῖ
1581 559 1635 611 δὲ
1675 559 1768 610 καὶ
1793 559 1841 610 τὲ

1969 577 1985 607 1
2021 559 2084 611 dc
2117 556 2430 623 Scriptttris,
2458 555 2508 607 id
2532 555 2672 622 quod
2703 556 2880 618 vellet,
2920 566 3150 624 :tequeat
3178 554 3523 615 conﬁrmare.

292 661 314 695 1
345 644 459 697 τῶν
487 642 787 712 φιλοσόφων
826 645 1130 715 καλούμενα
1168 646 1470 718 (δόγματα).
1511 651 1629 704 Ὅτι
1680 651 1734 704 δὲ
1765 650 1857 704 καὶ

292 750 311 780 1
344 730 417 784 τὰ
451 731 738 802 συγκλήτῳ
758 732 999 798 δόξαντα,
1028 735 1106 787 ἔτι
1138 737 1230 790 καὶ
1252 737 1345 790 νῦν
1363 739 1606 810 δόγματα
1635 743 1860 813 συγκλή-

289 840 310 874 1
347 839 445 875 του
478 820 716 891 λέγεται,
749 823 937 876 οὐδένα
965 825 1177 891 ἀγνοεῖν
1203 823 1372 898 οἶμαι.
1418 849 1435 881 ι
1470 833 1580 884 Καὶ
1604 832 1774 886 ταῦτα
1801 833 1856 885 δὲ

282 915 671 988 δΜάρκελλοςν
692 916 1084 987 ἀμνημονήσας
1119 919 1217 989 τῆς
1251 921 1614 992 ἀποστολικῆς
1650 925 1852 994 φωνῆς,

281 1007 316 1077 η
351 1023 488 1078 φησι
518 1007 646 1078 περὶ⁸
675 1008 768 1060 τοῦ
803 1009 1071 1080 Σωτῆρος,
1111 1009 1216 1063 τὸν
1239 1012 1424 1081 νόμον
1451 1013 1568 1067 τῶν
1593 1015 1856 1070 ἐντολῶν

278 1096 408 1163 τοῖς
441 1097 695 1167 δόγμασι
732 1099 1131 1170 καταργήσας,
1184 1105 1427 1176 προήχθη
1462 1108 1652 1160 εἰπεῖν.
1697 1109 1854 1161 Ἀλλά

179 1209 188 1214 -
280 1188 375 1239 καὶ
401 1188 673 1258 μέμφεται
693 1188 772 1260 τῷ
789 1189 896 1243 δεῖν
914 1191 1138 1245 ἔπεσθαι
1164 1196 1272 1256 τοῖς
1287 1194 1551 1264 Πατράσι,
1577 1195 1674 1265 τῆς
1705 1197 1854 1262 Θείας

278 1277 600 1348 φασκούσης
628 1279 868 1349 Γραφῆςο
907 1280 1319 1348 Ἐπερώτησον
1340 1282 1447 1335 τὸν
1465 1284 1688 1352 πατέρα
1712 1299 1849 1349 σου,

277 1367 378 1420 καὶ
406 1367 725 1438 ἀναγγελεῖ
753 1377 870 1424 σόα
909 1371 1048 1438 τοὺς
1078 1373 1516 1442 πρεσϐυτέρους
1551 1389 1686 1438 σου,
1755 1378 1850 1429 καὶ

275 1457 492 1525 ἐροῦσι
527 1475 644 1512 σοι’
679 1461 793 1525 καὶ,
818 1462 912 1530 Μὴ
939 1463 1174 1532 μέταιρε
1195 1465 1323 1532 ὅρια
1342 1464 1564 1532 αἰώνια,
1587 1465 1624 1518 ἁ
1653 1466 1854 1522 ἔθεντο

276 1551 332 1602 οι
364 1549 631 1619 Πατέρες
663 1568 799 1607 σου.
829 1552 944 1607 Εἶτ’
969 1557 1294 1624 ἀγανακτῶν
1337 1559 1418 1611 ὅτι
1459 1558 1717 1613 Παυλῖνον
1753 1577 1854 1630 μα-

275 1643 470 1715 κάριον
503 1646 864 1712 ἀπεκάλεσεν,
913 1649 1047 1719 ὁμοῦ
1080 1665 1139 1703 τε
1172 1650 1354 1715 κακῶς
1399 1652 1656 1705 Εὐσεόίου
1693 1653 1852 1708 πάλιν

277 1737 656 1807 μνημονεύων,
694 1738 834 1793 οὕτω
863 1741 1092 1810 γράφει·
1137 1762 1155 1794 1
1192 1744 1559 1816 Συνηγορῆσαι
1587 1745 1696 1817 γὰρ
1726 1747 1850 1816 βου-

281 1842 300 1874 1
335 1824 525 1896 ληθεὶς
569 1826 646 1896 τῷ
691 1827 788 1898 τὴν
832 1829 1118 1900 ἐπιστολὴν
1163 1830 1347 1893 κακῶς
1375 1831 1643 1903 γράψαντι
1682 1832 1849 1885 Εὐσε-

280 1935 300 1969 1
337 1917 463 1988 ϐίῳ,
513 1919 728 1988 πρῶτον
758 1919 832 1989 (7)
871 1921 988 1991 μὲν,
1017 1921 1076 1973 οὐ
1111 1921 1502 1986 διδασκαλικῶς
1539 1923 1848 1991 ἀναπτύξας

281 2027 299 2058 ι
338 2010 427 2078 ἐφ’
545 2010 606 2065 τὸ
646 2012 819 2083 δόγμα
850 2013 946 2084 τήν
979 2015 1265 2087 ἐπιστολὴν
1299 2016 1614 2082 συνέταξεν,·
1650 2018 1710 2070 οὐ
1740 2019 1848 2090 γὰρ

278 2118 297 2150 1
333 2099 478 2170 πρὸς
513 2102 612 2172 τὴν
652 2103 998 2174 Ἐκκλησίαν,
1027 2106 1146 2158 οὐδὲ
1186 2107 1322 2178 πρὸς
1362 2108 1486 2171 τοὺς
1524 2108 1847 2176 ἀγνοοῦντας

277 2208 296 2241 ι
333 2191 548 2258 ἐγίνετο
571 2192 630 2244 τὸ
658 2193 909 2264 γράμμα,
934 2194 1067 2248 ἀλλά
1099 2196 1235 2267 πρὸς
1263 2198 1353 2250 τὸν
1417 2199 1683 2270 μακάριον
1709 2201 1850 2254 Παυ-

276 2299 295 2332 1
336 2281 504 2334 λῖνον⁶
545 2283 810 2355 μακάριον
861 2286 1023 2339 αὐτὸν
1067 2287 1154 2340 διά
1197 2287 1355 2342 τοῦτο
1393 2274 1582 2356 εἰπὼν,
1627 2292 1708 2344 ὅτι
1750 2293 1846 2364 τὴν

276 2391 296 2425 1
329 2375 505 2446 αὐτὴν
524 2371 669 2445 εἶχεν
690 2377 949 2449 Ἀστερίῳ
969 2379 1142 2444 δόξαν.
1167 2379 1377 2434 Οὐκοῦν
1401 2383 1697 2455 ἐπειδήπερ
1721 2387 1846 2448 τοὺς

275 2486 293 2518 ι
337 2469 686 2538 σοφωτάτους
713 2472 965 2543 Πατέρας
989 2474 1264 2543 Ἀστερίου
1287 2475 1703 2547 μεμαθήκαμεν,
1729 2480 1847 2532 ἀκό-

273 2577 293 2609 1
334 2559 528 2613 λουθον
573 2560 834 2633 ήγοῦμαι,
871 2562 1051 2632 λέγειν
1095 2565 1305 2618 καὶτὸν
1346 2567 1611 2621 Παυλίνου
1646 2586 1704 2621 τε
1752 2572 1845 2623 καὶ

274 2668 292 2700 1
333 2649 446 2702 τῶν
474 2650 650 2706 ἄλλων
694 2654 984 2724 γενόμενον
1027 2655 1365 2718 διδάσκαλον.
1424 2656 1555 2709 Ἀπὸ
1601 2641 1844 2729 γὰρ’τῆς

273 2759 292 2790 ι
333 2739 602 2794 Παυλίνου
638 2744 946 2813 ἐπιστολῆς,
989 2746 1018 2797 ὁ
1051 2746 1300 2800 κάκείνου
1333 2747 1647 2811 διδάσκαλος
1683 2766 1842 2817 γεγοι-

273 2851 292 2881 ι
328 2830 437 2896 νὼς
476 2831 697 2905 εὖδηλος
731 2835 925 2903 γένοιτ’
969 2835 1034 2889 ἂν
1078 2839 1227 2908 ἡμῖν.
1266 2857 1282 2887 ι
1333 2839 1440 2890 Καὶ
1478 2838 1680 2908 μεταξύ
1724 2857 1842 2894 τινα

266 2923 460 2990 εἰπὼν,
490 2924 582 2978 τὸν
611 2926 770 2980 αὑτὸν
798 2922 952 2991 αὖθις
977 2927 1270 2991 διαϐάλλει,
1295 2930 1370 2993 ὡς
1393 2931 1491 2983 οὐκ
1517 2931 1693 3002 ὀρθῶς
1717 2934 1844 2986 ἀπο-

231 3012 242 3028 ⁴
265 3015 559 3086 δεξάμενον
587 3018 678 3072 τὸν
704 3020 978 3091 Ὠριγένη,
1004 3021 1177 3090 λέγων
1213 3022 1382 3086 οὕτως
1408 3040 1421 3052 ο
1457 3043 1475 3074 1
1518 3024 1631 3078 Οὐκ
1667 3025 1844 3094 Εὐαγ-

271 3126 288 3157 1
329 3107 558 3180 γελικῆς
596 3112 1029 3184 ὑπομιμνήσκων
1070 3115 1412 3181 διδασκαλίας
1449 3117 1597 3172 ταῦτ’
1639 3119 1840 3191 ἔγραψε

272 3219 290 3249 1
333 3200 618 3291 Παυλῖνος,
640 3204 917 3273 ὁμολογῶν
942 3206 998 3258 δὲ
1025 3207 1199 3270 ὲνίους
1230 3208 1330 3278 μὲν
1353 3210 1444 3278 ἀφ’
1469 3210 1677 3284 ἑαυτῶν
1699 3210 1842 3265 οὔτω
1869 3233 1909 3291 c

271 3307 289 3338 1
333 3290 601 3344 κινεῖσθαι
626 3309 638 3322 ·
690 3293 865 3357 ἐνίους
905 3295 959 3348 δὲ
995 3299 1060 3349 ὲκ
1104 3297 1209 3350 τῶν
1252 3299 1693 3370 ἀναγνωσμάτων
1732 3302 1840 3356 τῶν

270 3400 288 3430 1
334 3383 751 3453 προειρημένων
788 3387 994 3456 ἀνδρῶν
1022 3388 1207 3442 τοῦτον
1245 3387 1409 3462 ἦχθαι
1441 3393 1532 3446 τὸν
1563 3395 1778 3464 τρόπον.
1815 3414 1832 3447 ι

263 3467 400 3525 Εἶτα
446 3474 617 3539 τέλος,
660 3476 848 3550 ὥσπερ
890 3480 1012 3532 τινά
1064 3483 1328 3553 κορωνίδα
1366 3485 1463 3554 τῆς
1513 3485 1838 3552 ἀποδείξεως

263 3563 488 3631 ἐπάγων
526 3567 591 3619 ὲκ
631 3568 739 3620 τῶν
784 3571 1089 3641 Ὠριγένους
1135 3574 1312 3643 ῥητῶν
1357 3575 1452 3644 (8),
1501 3577 1600 3647 τῆς
1641 3577 1834 3631 ἑαυτοῦ

263 3654 584 3726 ὑπέγραῐῖνεν
612 3661 920 3731 ἐπιστολῆς,
959 3663 1033 3726 ὡς
1068 3663 1264 3732 μᾶλλον
1300 3669 1483 3719 πεῖσαι
1514 3668 1831 3739 δυναμένου,

261 3747 416 3816 παρά
446 3749 572 3812 τοὺς
604 3751 994 3818 εὐαγγελιστάς
1027 3755 1118 3807 καὶ
1146 3757 1270 3819 τοὺς
1302 3756 1647 3821 ἀποστόλους.
1680 3761 1832 3813 Ἔστι

257 3834 318 3890 δὲ
345 3836 416 3890 τὰ
450 3838 592 3908 ρητά
623 3840 808 3894 ταῦτα’
854 3862 871 3893 1
917 3845 1056 3914 Ὥρα
1102 3846 1507 3901 ὲπαναλαϐόντα
1549 3852 1677 3920 περὶ
1725 3852 1836 3904 Πα-

265 3945 284 3978 1
330 3928 480 3999 τρδς,
516 3931 610 3983 καί¹
651 3932 804 3996 Υίοῦ,
841 3935 933 3988 καὶ
981 3936 1135 4004 ἁγίου
1170 3939 1505 4009 Πνεύματος,
1541 3941 1692 4008 ὀλίγα
1729 3943 1835 3995 τῶν

263 4035 284 4070 1
328 4020 449 4072 τότε
497 4022 1012 4095 παραλελειμμένων
1065 4028 1371 4094 διεξελθεῖν.
1431 4033 1565 4103 Περὶ
1599 4033 1830 4105 Πατρὸς,

263 4128 281 4161 1
321 4109 399 4174 ὡς
431 4110 734 4184 ἀδιαίρετος
765 4114 836 4167 ῶν
872 4116 966 4170 καὶ
994 4118 1284 4190 ἀμέριστος
1314 4121 1442 4173 Υίοῦ
1473 4122 1679 4190 γίνεται
1717 4124 1830 4176 Πα-

262 4221 280 4251 1
320 4203 447 4274 τήρ·
501 4204 561 4257 οὐ
602 4207 888 4276 προϐαλὼν
939 4210 1122 4278 αὑτὸν,
1168 4212 1264 4278 ὡς,
1292 4213 1492 4267 οἴονταί
1547 4231 1708 4278 τινες.
1770 4216 1832 4268 El

259 4311 280 4346 1
318 4294 428 4367 γάρ
464 4296 753 4368 πρόϐλημά
792 4299 868 4371 (9)
921 4303 1067 4356 ἐστιν
1116 4306 1144 4357 ὁ
1191 4305 1315 4369 Υἱὸς
1351 4305 1444 4359 τοῦ
1487 4307 1700 4378 Πατρὸς
1740 4307 1834 4361 καὶ

332 4485 414 4551 ξῙηί
435 4479 533 4534 Ed.
570 4479 767 4544 Paris.,
793 4497 916 4551 pag.
947 4481 1038 4535 29..

1881 1903 1922 1957 B

1962 666 1979 698 1
2021 648 2086 700 ad
2115 647 2567 715 sapientissimos,
2588 648 2662 700 uti
2692 657 2859 713 retur,
2877 646 3063 702 Patres
3084 647 3345 714 confugit,
3374 657 3429 700 et
3455 645 3526 699 in-

1961 755 1979 788 1
2012 737 2129 807 quit
2159 737 2299 806 quod
2327 736 2709 806 sapientissimi
2739 750 2768 790 e
2800 735 3050 791 Patribus
3081 736 3132 790 in
3163 736 3380 805 scriptis
3413 737 3526 790 suis

1961 846 1978 878 1
2015 828 2414 883 concluserunt.
2431 828 2770 883 Conclusisse
2786 843 2912 882 suos
2930 825 3120 883 Patres
3139 828 3384 883 Asterius
3406 843 3526 896 pro-

1960 939 1978 970 1
2014 920 2113 986 dit,
2151 931 2206 974 et
2235 920 2560 975 sententiam
2595 921 2660 975 de
2689 920 2800 974 Deo
2829 920 3115 986 protulisse
3153 934 3215 974 ex
3248 935 3347 975 suo
3375 920 3521 988 ipso—

1960 1035 1978 1066 1
2012 1031 2127 1070 rum
2144 1017 2328 1072 animo
2353 1015 2671 1072 derivatam.
2693 1014 2966 1085 Dogmatis
2983 1015 3128 1069 enim
3150 1030 3278 1078 vox,
3295 1029 3400 1084 qua
3426 1015 3525 1068 uti-

1959 1127 1976 1157 1
2013 1117 2100 1161 tur
2142 1107 2251 1171 ille,
2279 1108 2348 1162 ab
2370 1107 2606 1161 humana
2628 1104 2907 1160 voluntate
2941 1113 2995 1160 et
3021 1104 3271 1174 opinione
3301 1105 3520 1176 pendet.

1957 1218 1974 1249 1
2005 1199 2156 1266 Quod
2172 1201 2306 1254 satis
2322 1201 2597 1265 docetars,
2611 1213 2732 1268 quae
2744 1197 2945 1251 dicitur
2957 1197 3280 1267 dogmatica,
3294 1196 3523 1251 medico-

1959 1307 1976 1339 ι
2013 1303 2160 1354 rum;
2182 1288 2378 1344 docent
2395 1297 2573 1342 autem
2591 1296 2778 1356 etquae
2803 1287 3060 1341 dicuntur
3077 1285 3519 1355 philosophorum

1959 1399 1976 1428 1
2015 1380 2285 1450 dogmata.
2332 1377 2516 1447 Neque
2547 1378 2698 1442 latet,
2730 1377 2944 1446 opinor,
2976 1375 3233 1445 aliquem,
3268 1390 3297 1428 a
3329 1382 3518 1428 senatu

1959 1492 1977 1524 1
2017 1474 2181 1537 edita,
2199 1471 2494 1526 etiamnum
2520 1469 2768 1539 dogmata
2785 1478 3006 1523 senatus
3035 1467 3325 1520 nominari.
3354 1484 3372 1516 ι
3395 1464 3518 1519 Haec

1925 1580 1928 1583 ·
1954 1564 2263 1631 Marcellus,
2299 1577 2490 1634 parum
2524 1576 2730 1616 memor
2757 1559 3034 1630 apostolici
3064 1559 3190 1614 dicti
3231 1558 3296 1612 de
3322 1557 3520 1611 Serva-

1957 1667 2094 1722 tore,
2124 1655 2309 1725 Legem
2337 1654 2706 1707 mandatorum
2731 1653 2953 1707 decretis
2978 1667 3094 1705 cum
3123 1664 3416 1704 evacuasset
3450 1648 3514 1702 ⁸³.

1952 1748 2132 1819 Pergit
2157 1757 2354 1813 autem,
2377 1757 2432 1800 et
2460 1744 2754 1814 Scriptura:
2775 1745 2946 1798 dicam
2983 1743 3252 1806 inscribit,
3278 1757 3396 1811 qua:
3425 1742 3520 1795 do-

1953 1852 2039 1894 cet
2074 1838 2375 1909 sequendos
2406 1853 2526 1893 esse
2560 1838 2747 1890 Patres
2780 1855 2790 1890 :
2826 1834 3100 1904 Interroga
3124 1844 3322 1901 patrem
3346 1842 3513 1898 tuum,

1951 1941 1996 1984 et
2021 1931 2352 1984 annuntiabit
2381 1929 2513 1994 tibi;
2545 1931 2774 1984 seniores
2804 1936 2852 1982 et
2877 1927 3166 1981 narrabant
3201 1927 3292 1978 tibi
3326 1925 3402 1988 “;
3440 1934 3513 1989 ct,

1953 2018 2219 2072 Termino:
2249 2018 2489 2086 antiquos
2525 2034 2586 2071 ne
2615 2019 3016 2086 transgreditor,
3050 2032 3178 2085 quos
3227 2014 3403 2068 Patres
3437 2015 3515 2066 tui

1946 2125 2162 2176 posuere
2193 2108 2281 2162 δι’.
2303 2108 2502 2163 Audito
2535 2109 2726 2162 deinde
2758 2107 3038 2161 Paulinum
3090 2108 3291 2158 beatum
3333 2104 3514 2175 appel-

1948 2200 2067 2269 lari,
2101 2202 2451 2272 indignatur:
2482 2210 2536 2255 et
2570 2200 2785 2255 Eusebii
2840 2201 3032 2253 iterum
3099 2199 3344 2253 meminit
3389 2213 3510 2250 cum

1947 2295 2270 2349 contumelia
2303 2295 2547 2349 scribens
2573 2293 2662 2365 [Β.
2695 2291 2985 2364 LXXVII]:
3018 2311 3036 2342 1
3071 2290 3389 2345 Consentire
3419 2303 3514 2342 vo-

1954 2405 1970 2436 1
2011 2386 2128 2440 lens
2159 2401 2284 2440 cum
2312 2385 2567 2451 Eusebio,
2603 2386 2696 2454 qui
2756 2385 2899 2437 illam
2950 2384 3166 2453 impiam
3214 2381 3514 2449 scripserat

1951 2495 1968 2527 1
2009 2477 2291 2546 epistolam
2326 2498 2338 2532 :
2372 2475 2623 2546 inprimis
2679 2491 2865 2542 parum
2901 2472 3370 2544 magisterialiter,
3421 2479 3514 2525 aut

1950 2585 1968 2617 1
2008 2567 2073 2620 ad
2103 2566 2404 2633 docendum
2455 2574 2581 2633 apte
2613 2565 2870 2632 loquitur.
2904 2565 2994 2634 qui
3031 2564 3223 2631 dogma
3259 2577 3363 2615 non
3413 2576 3511 2613 no-

1951 2675 1968 2707 1
2005 2657 2175 2710 minat
2206 2656 2358 2724 cujus
2388 2657 2558 2726 gratia
2591 2656 2737 2709 illam
2766 2655 2986 2723 scripsit
3025 2654 3306 2723 epistolam
3339 2670 3354 2706 :
3386 2667 3507 2705 cum

1950 2767 1966 2796 1
2009 2762 2114 2800 non
2144 2747 2209 2802 ad
2238 2747 2531 2802 Ecclesiam
2569 2747 2699 2800 illud
2729 2747 3024 2815 scriptum,
3062 2759 3234 2816 neque
3260 2743 3331 2807 ad,
3356 2745 3508 2810 igno-

1949 2857 1966 2887 1
2004 2845 2190 2891 rantes
2243 2837 2564 2907 dirigeretur
2642 2837 2734 2892 sed
2790 2837 2858 2889 a.l
2916 2837 3132 2890 beatum
3189 2834 3503 2895 Paulinum,

1950 2949 1967 2980 1
2009 2944 2168 3000 quem
2219 2928 2435 2984 beatum
2495 2930 2697 2984 dixisse
2744 2931 2861 2983 ideo
2890 2938 3054 2998 patet,
3088 2928 3228 2996 quod
3263 2925 3504 2978 eamdem

1950 3040 1966 3072 1
2010 3037 2129 3077 cum
2161 3020 2378 3076 Asterio
2401 3022 2725 3076 sententiam
2768 3020 2972 3073 foveat.
3036 3019 3323 3086 Postquam
3377 3030 3506 3068 vero

1950 3133 1967 3164 1
2001 3113 2430 3182 sapientissimos
2472 3113 2669 3167 Asterii
2712 3112 2896 3166 Patres
2923 3111 3289 3174 didicerimus,
3318 3121 3507 3160 conse-

1950 3223 1967 3254 1
1998 3219 2170 3273 quens
2201 3218 2318 3258 esse
2342 3201 2599 3267 arbitror,
2626 3214 2683 3256 ut
2714 3219 2835 3258 cum
2875 3201 3111 3263 Paulini,
3143 3211 3250 3252 tum
3275 3198 3502 3251 aliorum

1949 3316 1967 3348 1
1997 3299 2246 3352 doctores
2289 3297 2648 3350 nominemus.
2702 3294 2830 3347 Nam
2860 3310 2956 3364 per
2982 3293 3261 3361 epistolam
3299 3291 3503 3344 Paulini

1947 3409 1964 3440 1
2000 3389 2171 3453 illam,
2201 3389 2407 3457 patebit
2442 3387 2567 3455 quis
2616 3397 2735 3440 erat
2788 3387 2932 3442 illius
2967 3386 3305 3439 informatur.
3347 3402 3363 3433 ι
3403 3382 3502 3437 Ubi

1943 3480 2148 3534 interea
2177 3479 2283 3532 alia
2315 3480 2556 3548 qumdam
2582 3493 2702 3532 cum
2743 3477 3163 3540 interseruisset,
3203 3484 3351 3528 taxat
3383 3491 3502 3524 eum

1942 3576 2140 3641 denuo,
2167 3574 2320 3644 quasi
2345 3576 2483 3628 male
2506 3575 2733 3642 cepisset
2751 3573 3004 3641 Origenis
3035 3581 3289 3626 mentem.
3307 3570 3506 3637 Loqui-

1942 3675 2031 3721 tur
2067 3677 2245 3721 autem
2277 3668 2353 3722 sic
2386 3668 2474 3740 [Β.
2508 3666 2725 3739 XXXII]
2761 3686 2775 3722 :
2814 3687 2832 3718 1
2859 3667 3223 3737 Scripsithtec
3255 3663 3505 3717 Paulinus

1946 3775 1963 3807 1
2000 3757 2194 3827 injecta
2212 3758 2426 3826 quidem
2448 3758 2783 3828 Evangelicre
2814 3758 3072 3812 doctrinae
3095 3755 3384 3819 mentione,
3410 3741 3504 3806 sed

1944 3867 1960 3897 1
1999 3849 2195 3902 fatetur
2225 3851 2482 3919 quosdam
2515 3861 2661 3904 motu
2717 3864 2815 3904 suo
2867 3849 3104 3918 proprio,
3148 3845 3405 3916 quosdam
3440 3844 3505 3896 de

1944 3959 1962 3992 1
2003 3941 2232 3996 lectione
2274 3944 2652 4010 praedictorum
2707 3943 2984 3998 hominum
3010 3943 3074 3994 ad
3103 3942 3243 3994 hanc
3276 3938 3503 3992 formam

1946 4050 1965 4083 1
2001 4033 2363 4088 descendisse.
2403 4054 2420 4084 ›
2453 4035 2532 4088 Ad
2561 4045 2862 4088 extremum
2888 4033 3032 4086 velut
3063 4033 3151 4100 qui
3189 4029 3500 4084 coronidem

1942 4139 2239 4196 apponeret
2285 4130 2754 4192 demonstrationi,
2811 4131 2874 4183 de
2911 4129 3069 4182 dictis
3116 4125 3456 4194 Origenianis
3487 4162 3499 4184 ,

1940 4218 2185 4286 quaedam
2219 4224 2276 4281 ἢῆ
2329 4219 2649 4287 subscripsit
2691 4233 2799 4272 sua:
2849 4218 3128 4288 cpistolzez
3181 4216 3333 4284 quasi
3384 4212 3502 4282 plus

1941 4307 2030 4362 illa
2069 4318 2309 4388 possent,
2341 4323 2501 4378 quam
2537 4309 2880 4376 evangelistze
2921 4317 2975 4361 et
3017 4305 3272 4375 apostoli.
3332 4301 3500 4357 Verba

326 4549 374 4584 ⁸³
397 4550 598 4620 Ephes.
630 4566 690 4616 tt,
723 4549 810 4607 15.
867 4549 932 4584 V“
951 4553 1103 4608 Deut.
1125 4569 1296 4620 xxxu,
1317 4551 1369 4606 7.
1439 4553 1503 4584 ""‘
1527 4551 1688 4610 Prov.
1723 4571 1862 4620 uti,
1894 4554 1982 4610 28.

325 4732 404 4804 (7)
442 4731 684 4804 Πρῶτον

325 4733 404 4805 (7)
442 4733 684 4800 Πρῶτον
729 4733 845 4802 μὲν
892 4735 963 4786 οὐ
1014 4733 1473 4799 διδασκαλικῶς.
1527 4734 1652 4790 Ilaec
1701 4743 1823 4788 sunt

253 4801 521 4866 Marcelli,
556 4803 622 4856 de
651 4803 864 4857 Asterio
905 4803 1329 4858 Ensebianorum
1377 4807 1638 4860 advocato
1673 4804 1823 4859 illum

251 4873 581 4938 incusantis,
612 4875 753 4939 quod
792 4873 1080 4928 Eusebium
1123 4890 1228 4928 non
1278 4877 1541 4929 laxaverit
1579 4877 1644 4930 de
1692 4889 1826 4928 voce

249 4945 514 5013 dogmatis
553 4953 831 5012 usurpata,
860 4959 1019 5013 quam
1045 4960 1074 4998 a
1109 4945 1280 5000 sacris
1308 4943 1395 4997 ille
1426 4943 1655 4999 alienam
1687 4944 1823 4998 ima-

250 5013 565 5082 ginabatur.
600 5013 930 5086 Legendum,
967 5013 1071 5085 ἔφη
1107 5014 1395 5086 τὺξδόγμα.
1425 5013 1516 5086 Illa
1544 5029 1826 5086 vero‘quze

248 5091 585 5152 sequuntur,
634 5099 738 5136 non
796 5084 1092 5148 cohaerent,
1135 5084 1347 5140 videtur
1398 5084 1591 5153 aliquis
1648 5084 1826 5138 hiatus

247 5169 416 5208 esse:
455 5167 580 5205 nam
626 5161 756 5206 sunt
787 5153 954 5220 ipsius
1000 5154 1211 5208 Eusebii
1266 5154 1352 5207 illa
1401 5157 1466 5207 ad
1506 5153 1816 5209 Marcellum

249 5223 630 5291 respondentis
667 5222 768 5275 hoc
801 5222 913 5277 fere
945 5238 1102 5278 sensu
1129 5243 1141 5278 :
1169 5223 1416 5284 Frustra,
1442 5225 1508 5278 de
1546 5239 1680 5278 voce
1717 5224 1815 5276 do-

244 5293 690 5365 gmatecavillari
724 5291 1058 5365 Marcellum,
1099 5309 1220 5365 cum
1271 5303 1502 5365 constet,
1541 5293 1687 5346 ῙΙΙιιιιι
1723 5293 1814 5365 qui

246 5361 538 5434 ἐπιστολήν
559 5361 864 5434 συνέταξεν,
881 5365 941 5416 οὐ
961 5364 1095 5434 πρὸς
1105 5361 1203 5434 τὴν
1219 5364 1670 5434 Ἐκκλησίανμξιο.
1691 5361 1820 5434 scri-

245 5431 441 5500 psisse,
462 5435 555 5486 sed
587 5434 652 5488 ad
686 5431 1201 5496 Paulinum,'virnm
1236 5431 1523 5488 eruditum.
1547 5433 1816 5488 M.—Mox

249 5503 407 5572 vulgo
424 5501 506 5572 τῷ
549 5516 674 5556 ante
697 5502 857 5572 ⁸ῗΑιττ.
902 5505 1024 5558 add.
1067 5503 1210 5558 Loco
1256 5504 1412 5568 δόξαν
1448 5503 1552 5572 Μρ.
1592 5505 1652 5556 τὸ
1690 5505 1822 5555 αὐτὸ

245 5569 446 5644 δόγμα..
475 5569 642 5627 Porro
668 5569 805 5626 εἶναι
837 5585 960 5626 ante
989 5573 1226 5643 ἡγοῦμαι
1259 5576 1428 5628 delevi
1461 5592 1476 5634 ;
1503 5569 1634 5628 dein
1666 5577 1821 5644 vulgo

245 5643 555 5714 γενομένων
581 5652 635 5698 et
662 5644 755 5696 τοῦ
780 5653 905 5697 ante
935 5644 1218 5696 Παυλίνου.

317 5732 398 5801 (8)
441 5726 782 5803 Ὠριγένους
803 5733 1022 5799 ῥητῶν.
1073 5731 1238 5787 Forte
1276 5734 1354 5789 sic
1399 5736 1651 5791 restitues
1700 5735 1819 5789 τινά

248 5804 311 5873 τῇ
347 5804 544 5874 ἑαυτοῦ
567 5803 876 5872 ἐπέγραψεν
895 5803 1174 5874 ἐπιστολῇ.
1203 5805 1268 5857 Ει
1285 5805 1442 5872 paulo
1465 5808 1610 5873 prius
1637 5824 1650 5861 :
1680 5806 1815 5866 ἔνια,

248 5888 347 5942 pro
372 5873 555 5940 ἐνίοις,
575 5885 628 5931 et
644 5874 756 5930 ἔνια
783 5875 857 5928 δέ.
893 5873 1147 5941 Quaedam
1178 5891 1206 5928 a
1238 5877 1552 5940 seinventa,
1571 5877 1815 5946 quaedam

729 4733 845 4802 μὲν
892 4735 963 4786 οὐ
1014 4732 1473 4799 διδασκαλικῶς.
1527 4734 1652 4790 Ilaec
1701 4743 1826 4788 sunt

1943 4732 1996 4787 ib
2025 4731 2249 4785 aliorum
2283 4731 2510 4785 lectione
2535 4737 2773 4802 mntuata
2798 4743 2808 4778 :
2837 4728 3015 4781 statim
3044 4725 3131 4802 ubi
3161 4726 3358 4802 iterum
3381 4727 3499 4802 O_ri-

1928 4803 2080 4871 genis
2113 4803 2316 4871 mentio
2334 4810 2385 4871 et
2419 4802 2705 4871 incusatio,
2739 4800 3017 4871 legendum
3060 4796 3132 4871 μὴ
3167 4795 3318 4871 παρὰ
3366 4797 3496 4871 τῶν,

1924 4866 2058 4935 διο..
2081 4870 2195 4924 ἀλλ’
2221 4870 2398 4940 ἑαυτῷ
2432 4868 2690 4940 δεδωκὼς
2709 4869 2767 4920 τὸ
2802 4866 3498 4940 πλεῖστονρδευτέρανᾲὺπό-

1927 4958 2114 4996 στασιν
2139 4938 2814 5012 διῃτήσασθαιτοῦγΛόγου,
2850 4939 2922 5009 μὴ
2956 4938 3161 5008 μαθὼν,
3190 4938 3395 5006 τολμᾷ;
3425 4939 3493 4988 ita

1923 5014 2066 5068 enim
2096 5010 2438 5066 scribendum
2481 5010 2564 5063 illa
2603 5011 2898 5070 insinuant,
2930 5024 3049 5076 qua:
3079 5015 3493 5076 prmcessernnt,

1927 5083 1991 5136 de
2015 5082 2266 5150 Origene,
2303 5096 2333 5135 e
2380 5096 2478 5134 suo
2526 5081 2753 5132 cerebro
2791 5079 3122 5150 scripsisse:
3155 5086 3209 5130 et
3227 5076 3324 5150 _vix
3369 5076 3496 5127 cdo-

1926 5161 2076 5205 ctnm
2101 5144 2411 5220 Scriptores
2451 5171 2464 5204 :
2497 5150 2792 5202 ὑπόστασιν
2825 5144 2954 5202 vero
2987 5144 3491 5220 scribenrlurmmqn

1924 5220 2176 5274 ὑπόθεσιν
2227 5213 2421 5275 docent
2475 5221 2560 5273 illa
2597 5236 2716 5286 qua:
2745 5233 2866 5271 mox
2914 5227 3242 5284 sequuntur,
3276 5213 3493 5286 μάλισθ’

1921 5293 2002 5344 ὅτι
2045 5291 2123 5362 τῷ
2152 5291 2265 5362 Υἱῷ
2305 5290 2537 5362 δέδωκεν
2586 5284 2900 5362 ὑπόστασιν.
2936 5287 3059 5362 Ilaec
3100 5284 3494 5362 e_ni_m_dicitur

1924 5352 2106 5414 fuisse'
2138 5352 2370 5415 Illarcelli
2419 5362 2666 5422 lueresis,
2700 5359 2893 5411 Filium
2921 5357 2993 5426 μὴ
3029 5358 3086 5408 ὲν
3124 5355 3228 5425 ἰδίᾳ
3253 5352 3486 5426 btrecta-

1925 5448 2004 5484 σει
2043 5432 2365 5485 substitisse.
2400 5429 2554 5484 Unde
2583 5429 2640 5481 S.
2677 5427 2902 5480 Basilius
2922 5422 2993 5478 'in'
3013 5422 3235 5491 epistola
3271 5422 3363 5483 5'2.
3393 5424 3489 5488 ait,

1923 5503 2070 5554 illum
2103 5502 2182 5564 είς
2216 5500 2448 5570 ὓπαρξιν
2470 5500 2584 5572 τῆς.
2606 5497 2697 5572 τοῦ
2720 5494 3074 5572 Μονογενοῦς.
3091 5493 3343 5572 θεότητος
3366 5493 3492 5572 ἀσε-

1923 5571 2068 5632 6εῖνς
2102 5563 2264 5640 quam
2295 5563 2547 5640 haeresim.
2569 5569 2765 5640 ubique
2805 5564 3103 5640 ﬂli'objecit
3127 5563 3486 5618 Eusebiusbl.

1920 5669 1991 5678 —-
2016 5634 2142 5695 Dein
2162 5643 2228 5710 τῇ
2249 5670 2317 5680 -
2339 5637 2593 5708 ἐπιστολῇ
2622 5634 2766 5691 coni.
2805 5634 2850 5688 Β

1993 5735 2070 5805 (9)
2116 5735 2284 5806 Vulgo
2308 5733 2621 5806 προϐολήσει
2649 5731 2771 5806 dein
2809 5729 3178 5806 προϐάλλοντα
3203 5737 3256 5781 et
3288 5727 3486 5806 γέγρα-

1923 5796 2009 5882 (is,
2046 5796 2194 5882 παρᾲ
2214 5796 2364 5882 ,"ubi'
2395 5805 2497 5882 λιι).
2532 5796 2648 5882 γρπ,
2680 5802 2756 5882 μή
2776 5796 2911 5862 πως.
2959 5808 3007 5882 et
3037 5796 3308 5882 δέδωκας.
3348 5796 3487 5855 Infra

1928 5870 1989 5932 Ii.
2020 5870 2208 5946 μαθεῖν
2234 5877 2359 5943 tlc|.,
2391 5870 2510 5930 (lc—in
2546 5870 2702 5944 vulgo
2742 5870 2890 5941 ἐπιφ.
2925 5870 3002 5942 τῷ
3037 5870 3304 5943 Ὠριγένη.
3475 5895 3477 5898 -
