4008 6516
466 373 574 429 759

1114 371 1383 427 EUSEBII
1426 370 1906 428 CAESARfENSlS
1944 372 2096 429 OPP.
2139 372 2319 427 PARS
2359 374 2442 429 iV.
2486 405 2555 414 —
2594 372 3011 430 DOGMATICA.

3611 372 3715 428 760

468 499 650 546 autem
675 504 735 545 se
761 496 838 545 ita
866 489 1100 544 habent:
1137 510 1153 541 ι
1184 490 1421 560 Tempus
1455 502 1631 547 autem
1667 502 1774 555 est,
1801 501 2041 560 utpauca

2152 512 2166 542 ι
2210 495 2371 563 γεννᾷ
2402 494 2498 563 μὲν
2520 492 2579 560 ἐξ
2600 492 2764 546 αὑτοῦ
2790 495 2948 547 ὁποῖα
2966 492 3035 546 τὰ
3064 509 3171 545 των
3203 489 3357 556 ζώων
3379 490 3720 561 γεννήματα,

476 602 493 633 ι
532 582 600 637 de
627 581 1009 652 praetermissis
1038 590 1368 646 attexamus,
1404 598 1523 651 quae
1573 585 1637 635 ad
1672 582 1886 637 Patrem
1922 597 2040 649 spe-

475 699 493 722 ο
529 684 694 737 ιιιοηι,
711 683 766 727 et
782 673 1001 737 Filium,
1017 682 1072 728 et
1088 674 1345 742 Spiritum
1359 684 1627 728 sanctum.
1644 674 1718 728 De
1737 675 1889 727 l’atre
1906 675 2039 739 haec,

477 788 495 813 ι
533 766 676 835 quod
730 766 1078 821 indivisibilis
1108 782 1229 819 cum
1262 767 1492 821 exsistat
1526 781 1625 820 nec
1682 767 2000 821 dividendus
2024 809 2040 834 ,

475 878 493 904 ι
538 857 659 912 Filii
720 867 897 913 tamen
934 859 1095 913 Pater
1152 859 1256 923 sit;
1311 874 1415 912 non
1465 860 1718 914 emittens
1776 859 1945 918 illum.
1985 869 2043 911 ut

475 971 493 999 ιι
538 967 641 1005 non
690 966 850 1006 nemo
901 952 1089 1006 voluit.
1143 951 1276 1005 Nam
1315 952 1359 1007 si
1408 951 1578 1006 Filius
1611 950 1788 1005 Patris
1842 950 1924 1005 sui
1971 952 2043 1005 sit

474 1063 490 1092 ι
530 1044 775 1110 emissio,
806 1054 857 1098 et
882 1043 929 1098 si
960 1043 1108 1097 illum
1146 1045 1210 1098 de
1244 1046 1421 1112 seipse
1454 1044 1661 1111 genuit,
1684 1044 1749 1096 ad
1778 1058 1900 1098 eum
1930 1058 2045 1097 mo-

475 1155 492 1187 ι
536 1139 661 1191 dum
697 1151 804 1205 quo
858 1138 924 1191 de
956 1150 1016 1191 se
1071 1136 1325 1190 animalia
1384 1138 1639 1206 gignunt,
1694 1149 1916 1191 necesse
1962 1142 2046 1190 est

475 1246 492 1277 ι
529 1236 588 1281 ut
644 1242 840 1298 corpus
896 1228 987 1283 ille
1053 1227 1125 1282 sit
1183 1228 1275 1297 qui
1328 1228 1548 1292 emittit,
1601 1236 1713 1281 tum
1776 1227 1940 1282 etiam
1989 1237 2045 1281 et

476 1341 494 1371 ι
535 1320 627 1375 ille
680 1324 770 1391 qui
828 1322 1113 1377 emittitur.
1171 1340 1189 1373 ι
1255 1320 1389 1375 Tum
1431 1330 1722 1391 postquam
1786 1321 1853 1377 de
1912 1318 2039 1376 Ori-

471 1413 716 1478 genianis
768 1415 868 1468 ista
943 1415 1185 1485 quadam
1238 1414 1627 1467 interseruerat
1662 1453 1680 1478 ,
1744 1412 1935 1467 infert.
1977 1412 2046 1465 ad

475 1507 619 1561 hunc
660 1508 876 1561 modum
927 1527 942 1561 :
992 1526 1011 1558 ι
1054 1505 1286 1576 Scripsit
1324 1505 1589 1577 Origenes
1632 1523 1737 1563 non
1779 1524 1808 1562 a
1845 1508 2046 1561 sanctis

475 1617 495 1649 ι
541 1599 818 1669 prophetis
849 1609 900 1653 ct
936 1599 1215 1669 apostolis,
1258 1600 1326 1655 de
1372 1600 1677 1655 aeternitate
1735 1599 1895 1655 Verbi
1946 1616 2046 1654 cu-

476 1706 497 1739 σ
529 1690 682 1755 piens
728 1688 980 1755 edoceri;
1021 1690 1115 1745 sed
1158 1705 1281 1745 eum
1325 1690 1430 1746 sibi
1478 1691 1581 1760 ipsi
1613 1690 1731 1761 plus
1768 1691 1933 1748 nimio
1964 1691 2046 1746 in-

478 1799 495 1830 c
532 1780 796 1850 dulgeret,
827 1795 995 1836 ausus
1021 1791 1105 1837 est
1132 1784 1426 1837 secundam
1468 1782 1757 1852 quamdam
1792 1783 2047 1853 byposta-

478 1891 497 1923 ι
536 1873 620 1926 sin
651 1872 813 1928 Verbi
856 1877 1209 1932 constituere.
1240 1897 1260 1930 ι
1288 1878 1364 1931 Ita
1387 1876 1561 1932 illisce
1592 1890 1711 1944 quas
1744 1874 2046 1929 rectissime

473 1964 541 2017 ab
564 1961 797 2035 Origene
821 1967 964 2023 dicta
986 1978 1136 2035 sunt,
1156 1984 1263 2023 non
1295 1969 1461 2023 licere
1476 1967 1684 2023 scilicet
1706 1965 2043 2037 corporalem

470 2058 761 2124 quamdam
780 2068 836 2113 et
864 2061 1135 2130 passivam
1164 2061 1572 2130 generationem
1596 2059 1895 2114 divinitatis
1922 2056 2043 2112 Filii

474 2147 565 2203 Dei
595 2150 957 2218 comminisci,
1008 2166 1105 2220 per
1154 2152 1255 2206 ista
1288 2151 1648 2217 contradicit,
1696 2161 1751 2205 et
1795 2150 2045 2217 inprimis

469 2242 615 2311 quod
656 2243 970 2314 bypostasin
996 2245 1328 2300 concesserit
1370 2244 1532 2300 Filio.
1563 2245 1726 2298 Addit
1755 2243 2043 2314 Origenem

473 2332 775 2388 maledictis
806 2334 1091 2403 impetens,
1119 2347 1174 2390 et
1204 2346 1349 2391 recte
1375 2336 1444 2391 ab
1474 2336 1568 2391 illo
1599 2338 1791 2406 positis
1822 2346 2044 2388 eontra-

472 2425 701 2481 uiccns:
741 2444 759 2477 ι
795 2427 1079 2497 Origenes,
1110 2429 1305 2498 inquit,
1345 2430 1473 2484 dum
1510 2430 1625 2484 bare
1669 2427 1888 2496 scriptis
1930 2426 2044 2481 suis

478 2533 497 2565 ε
534 2517 775 2583 mandat,
804 2519 1037 2589 propriis
1064 2520 1178 2575 suis
1217 2521 1388 2575 utitur
1420 2520 1817 2577 assertionibus
1846 2536 1859 2571 :
1896 2518 1945 2571 id
1980 2517 2045 2571 li-

475 2626 493 2657 c
535 2616 664 2675 quet
718 2620 927 2675 autem,
963 2615 1108 2680 quod
1144 2626 1250 2666 non
1304 2627 1407 2666 una
1455 2622 1663 2666 tantum
1719 2610 1875 2673 vice,
1913 2624 2044 2664 suas

473 2717 499 2751 ε
531 2701 701 2768 ipsius
716 2703 981 2759 subvertit
1007 2707 1341 2761 assertiones
1360 2721 1375 2769 ;
1397 2717 1735 2774 consequens
1752 2713 1931 2757 autem
1959 2711 2046 2757 est

476 2815 493 2844 ι
533 2795 619 2848 illa
673 2796 761 2851 hic
812 2797 933 2853 ideo
991 2812 1443 2866 commemorare,
1487 2814 1607 2867 qua}
1662 2798 1791 2853 alibi
1824 2798 1891 2852 de
1933 2798 2045 2853 Deo

474 2906 495 2937 ο
523 2888 673 2943 dicit.
706 2907 728 2941 ι
765 2889 844 2943 Ad
882 2890 996 2945 lure
1027 2892 1196 2945 verba
1222 2901 1404 2945 autem
1435 2890 1666 2946 scribit:
1698 2910 1716 2942 ι
1752 2888 1867 2943 Νοιι
1899 2890 2043 2945 enim

473 3000 490 3028 ι
530 2982 889 3051 inetepitesse
916 2982 1078 3039 Pater
1104 2984 1265 3050 Deus,
1284 2999 1349 3037 eo
1374 2983 1540 3054 quod,
1563 2993 1620 3037 ut
1642 2986 1782 3037 inter
1796 2985 2046 3039 homines

473 3090 491 3121 ι
540 3073 657 3127 fieri
694 3073 853 3136 solet,
894 3073 1055 3131 Pater
1094 3090 1215 3131 esse
1256 3076 1598 3145 nequiverat.
1647 3074 1781 3129 Nam
1829 3076 1872 3130 si
1906 3090 2049 3130 sem-

2151 604 2168 634 ι
2210 586 2419 657 ἀνάγκη
2453 586 2612 657 σῶμα
2654 583 2796 639 εἷναι
2832 586 2922 639 τὸν
2951 584 3289 657 προϐαλόντα
3323 583 3416 635 καὶ
3452 582 3543 636 τὸν
3588 598 3723 652 προ-

2150 700 2167 729 ς
2210 678 2559 749 ϐεϐλημένον.
2595 698 2613 730 ›
2644 675 2756 732 Εἶθ’
2785 679 2910 749 ἑξῆς
2942 678 3078 750 μετά
3097 678 3194 748 τὴν
3223 677 3334 730 τῶν
3378 675 3723 746 Ὧριγενειῶν

2145 771 2339 840 φωνῶν
2385 771 2702 844 παράθεσιν,
2741 773 2993 844 ἐπιφέρει
3033 770 3227 839 λέγων·
3286 786 3304 820 ι
3340 766 3525 820 Ταῦτα
3574 766 3722 837 Ὤρι-

2150 883 2169 915 ι
2205 865 2368 934 γένης
2397 865 2664 936 γέγραφε,
2697 864 2771 936 μὴ
2802 865 2951 937 παρά
2983 864 3090 918 τῶν
3129 861 3289 934 ἱερῶν
3326 860 3618 932 προφητῶν
3659 874 3724 911 τε

2153 974 2171 1006 ι
2206 957 2301 1009 καὶ
2332 956 2645 1010 ἀποστόλων
2674 958 2803 1028 περὶ
2828 958 2925 1027 τῆς
2947 957 3247 1026 ἀῖδιότητος
3272 953 3367 1007 τοῦ
3405 954 3581 1021 Λόγου
3620 970 3726 1022 μα-

2152 1068 2170 1097 ι
2213 1048 2324 1102 θεῖν
2368 1048 2648 1119 βουληθείς
2669 1066 2685 1080 ο
2712 1049 2826 1103 ἀλλ’
2860 1048 3036 1120 ἑαυτῷ
3073 1046 3320 1111 δεδωκὼς
3359 1046 3563 1108 πλεῖον,
3603 1044 3725 1097 δευο

2155 1158 2173 1190 ι
2209 1140 2373 1209 τέραν
2433 1140 2687 1194 ὑπόθεσιν
2757 1140 3121 1212 διηγήσασθαι
3150 1138 3247 1192 τοῦ
3299 1138 3475 1206 Λόγου
3529 1136 3728 1209 μαθεῖν

2153 1251 2170 1281 ι
2214 1232 2404 1304 τολμᾷ.
2439 1251 2459 1284 ι
2490 1233 2602 1286 Καὶ⁵
2625 1232 2835 1297 τούτοις
2856 1232 2913 1286 δὲ
2938 1235 3049 1296 τοῖς
3076 1231 3180 1285 ὑπὸ
3219 1230 3526 1301 Ὠριγένους
3549 1228 3726 1301 ὀρθῶς

2148 1322 2479 1393 εἰρημένοις,
2529 1324 2659 1394 περὶ
2693 1321 2789 1376 τοῦ
2837 1322 2911 1393 μὴ
2941 1323 3052 1375 δεῖν
3098 1323 3417 1393 σωματικήν
3460 1337 3585 1373 τινα
3631 1320 3733 1373 καὶ

2146 1415 2456 1487 παθητικὴν
2485 1414 2890 1485 ὑπολαμϐάνειν
2920 1415 3020 1485 τῆς
3048 1414 3299 1486 θεότητος
3323 1413 3416 1467 τοῦ
3442 1412 3573 1466 Υίοῧ
3604 1412 3733 1489 γένέ

2147 1524 2305 1577 νησιν
2367 1506 2671 1575 ἀντιλέγει,
2754 1505 2970 1576 μάλισθ’
3029 1506 3113 1561 ὅτι
3170 1505 3250 1577 τῷ
3326 1503 3441 1575 Υίῷ
3491 1504 3735 1558 δέδωκεν

2146 1599 2465 1665 ὑπόστασιν,
2493 1600 2587 1652 κα)⁸
2611 1598 2885 1670 ἐπιφέρει,
2926 1598 3021 1652 τὸν
3071 1597 3322 1670 Ὠριγένη
3352 1596 3514 1649 πάλιν
3543 1595 3733 1658 κακῶς

2146 1691 2340 1760 λέγων,
2365 1693 2478 1756 τοῖς
2505 1708 2565 1745 τε
2590 1693 2682 1745 ὑπ’
2709 1689 2873 1744 αὑτοῦ
2897 1689 3073 1761 ὀρθῶς
3091 1694 3383 1762 γραφεῖσιν
3408 1688 3732 1757 ἀντιλέγων,

2150 1784 2207 1834 ὲν
2256 1782 2487 1846 τούτοις·
2548 1801 2565 1834 ι
2608 1782 2732 1835 Ὀτι
2775 1781 2845 1835 τὰ
2893 1781 3117 1835 τοιαῦτα
3153 1782 3383 1853 γράφων
3447 1780 3736 1852 Ὧριγένης

2158 1894 2176 1925 ι
2219 1874 2370 1937 ἰδίοις
2396 1874 2596 1946 ἐχρῆτο
2632 1873 2885 1944 δόγμασι,
2908 1872 3068 1943 δῆλον
3096 1873 3190 1941 ἀφ’
3218 1866 3292 1926 ὧν
3322 1873 3418 1926 καὶ
3438 1870 3508 1925 τά
3534 1869 3738 1925 ἑαυτοῦ

2156 1989 2174 2019 ι
2211 1967 2507 2039 ἀνατρέπει
2540 1966 2820 2029 πολλάκις·
2856 1967 2914 2018 ὲν
2957 1966 3085 2034 γοῦν
3118 1965 3288 2039 ἑτέρῳ
3339 1965 3524 2036 χωρίῳ
3571 1965 3740 2019 ἆτινα

2158 2084 2176 2114 ι
2215 2064 2344 2133 περὶ
2385 2061 2521 2114 Θεοῦ
2566 2062 2733 2130 λέγει,
2784 2060 3076 2115 ἀκόλουθόν
3112 2060 3261 2113 ἐστιν
3310 2059 3644 2127 ὑπομνῆσαι.
3712 2074 3732 2107 ι

2151 2155 2357 2226 Γράφει
2385 2153 2442 2207 δὲ
2474 2152 2666 2216 οὕτως’
2712 2170 2732 2204 ι
2768 2153 2844 2206 Οὑ
2876 2152 2985 2223 γὰρ
3009 2154 3038 2206 ὁ
3081 2150 3214 2213 Θεὸς
3240 2148 3434 2219 Πατὴρ
3462 2144 3601 2200 εἶναι
3628 2146 3737 2218 ἦρα

2158 2264 2176 2297 ι
2212 2245 2361 2313 ξατο,
2389 2229 2753 2316 κωλυόμενος,
2782 2244 2857 2308 ὼς
2885 2246 2935 2297 οἱ
2958 2242 3232 2315 γινόμενοι
3260 2241 3493 2311 πατέρες
3517 2238 3737 2311 ἀνθρωο

2156 2359 2173 2388 ι
2211 2356 2323 2403 ποι,
2344 2337 2450 2391 ὑπὸ
2470 2337 2564 2391 τοῦ
2599 2337 2673 2409 μὴ
2693 2335 2955 2391 δύνασθαί
2979 2353 3064 2389 πω
3088 2334 3197 2406 (10)
3224 2335 3460 2404 πατέρες
3479 2328 3637 2386 εἶναι.
3668 2332 3743 2385 Et

2158 2450 2175 2481 ι
2211 2430 2320 2503 γάρ
2342 2431 2429 2485 ἀεὶ
2455 2430 2661 2494 τέλειος
2682 2433 2711 2485 ό
2737 2430 2890 2493 Θεὸς,
2919 2428 3015 2483 καὶ
3041 2428 3305 2499 πάρεστιν
3332 2426 3478 2497 αὐτῷ
3503 2425 3740 2496 δύναμις

2157 2546 2173 2575 ι
2211 2525 2306 2579 τοῦ
2345 2525 2567 2597 Πατέρα
2598 2525 2763 2579 αὑτὸν
2810 2518 2973 2589 εἶναι,
3016 2524 3110 2579 καὶ
3158 2522 3321 2576 καλὸν
3374 2520 3535 2574 αὑτὸν
3592 2513 3741 2571 εἶναι

2157 2637 2175 2669 ι
2213 2617 2434 2688 Πατέρα
2458 2615 2699 2670 τοιούτου
2720 2614 2876 2679 Υίοῦ,
2899 2615 3280 2679 ἀναϐάλλεται,
3315 2614 3410 2667 καὶ
3441 2610 3537 2665 τοῦ
3564 2609 3742 2663 καλοῦ

2157 2729 2175 2760 ι
2213 2710 2403 2763 ἑαυτὸν
2438 2709 2742 2779 στηρίσκει,
2792 2710 2887 2764 καὶ
2913 2708 2990 2773 ὡς
3017 2708 3161 2761 ἔστιν
3190 2709 3400 2768 τίπεῖν,
3447 2705 3508 2769 ἐξ
3538 2699 3599 2758 οὗ
3642 2702 3741 2756 δύ-

2158 2818 2175 2851 ι
2214 2816 2373 2854 ναται
2417 2798 2607 2871 Πατὴρ
2648 2795 2784 2853 εἶναι
2831 2796 2980 2853 Υίοῦ.
3045 2797 3120 2851 Τὸ
3162 2796 3294 2849 αὑτὸ
3341 2795 3589 2867 μέντοιγε
3630 2793 3741 2846 καὶ

2156 2909 2175 2941 ι
2216 2892 2345 2965 περὶ
2393 2892 2487 2946 τοῦ
2520 2892 2678 2961 ἁγίου
2721 2890 3037 2962 Πνεύματος
3084 2888 3325 2942 λεκτέον.
3368 2907 3385 2938 ι
3440 2886 3564 2949 Πῶς
3612 2880 3736 2947 οὖν,

2165 2984 2471 3056 Ὠριγένους
2515 2985 2607 3037 καὶ
2648 2982 2806 3037 τοῦτο
2851 2982 3183 3054 γράψαντος,
3214 2983 3243 3035 ὁ
3283 2980 3572 3052 μακάριος,
3608 2978 3737 3031 κατ’

2150 3076 2333 3142 αὑτὸν,
2363 3076 2626 3140 Παυλῖνος
2653 3074 2813 3129 τοῦτο
2848 3074 2945 3145 μὲν
2985 3072 3407 3145 ἀποκρύψασθαι
3442 3073 3541 3125 οὑκ
3578 3071 3739 3125 ἀκίν-

473 3183 491 3216 ι
528 3182 622 3231 per
659 3167 936 3237 perfectus
987 3168 1262 3223 exstiterit
1312 3167 1480 3236 Deus,
1518 3177 1575 3223 et
1611 3178 1878 3239 potestate
1915 3184 2043 3239 pm-

2152 3167 2305 3221 δυνον
2333 3166 2575 3237 ἐνόμισε,
2628 3164 2934 3238 χρήσασθαι
2981 3165 3039 3219 δὲ
3087 3166 3167 3229 εἰς
3217 3163 3561 3234 κατασκευὴν
3621 3163 3745 3217 τῶν

473 3276 495 3307 ι
534 3257 701 3323 ditus,
738 3267 798 3314 ut
840 3260 1138 3323 ﬂatPater,
1179 3271 1234 3315 et
1267 3261 1312 3314 si
1370 3268 1594 3329 praestet
1646 3270 1705 3315 ut
1762 3262 1834 3316 sit
1882 3260 2043 3317 Pater

2152 3259 2329 3331 ἐαυτῷ
2358 3260 2660 3314 δοκούντων
2709 3260 2821 3322 τοῖς
2858 3258 3121 3322 ἐναντίοις
3157 3257 3292 3329 (ll),
3322 3257 3397 3320 ὡς
3425 3256 3546 3310 οὑδὲ
3568 3255 3736 3309 αὑτὸν

474 3368 497 3399 ι
527 3349 895 3417 hujuscemodi
924 3349 1067 3416 Filii,
1096 3356 1225 3405 dum
1260 3366 1377 3405 rem
1400 3349 1601 3415 differt,
1627 3365 1687 3406 se
1714 3360 1867 3407 tanto
1904 3353 2044 3408 bono

475 3458 496 3491 ι
533 3443 732 3509 privat,
761 3450 821 3496 ut
849 3454 953 3495 non
983 3442 1054 3496 sit
1093 3440 1217 3495 Filii
1267 3439 1447 3496 Pater.
1482 3442 1635 3509 Quod
1687 3442 1825 3497 idem
1876 3452 1934 3498 et
1977 3443 2045 3498 de

472 3551 492 3585 ι
535 3533 740 3602 Spiritu
767 3542 965 3589 sancto
987 3531 1481 3603 poteritaﬂirmari.
1510 3552 1530 3585 ›
1551 3532 1652 3600 Qui
1687 3534 1884 3588 factum
1904 3534 2042 3600 ideo,

470 3638 531 3681 ut
562 3642 685 3682 cum
710 3627 977 3697 Origenes
1009 3627 1082 3681 ita
1114 3626 1421 3695 scripserit,
1451 3626 1663 3690 beatus,
1700 3626 1775 3681 illi
1800 3636 1860 3681 ut
1892 3627 2044 3683 vide-

472 3732 579 3783 tur,
606 3719 865 3775 Paulinus
895 3718 1293 3775 existimaverit
1320 3734 1426 3774 non
1452 3733 1575 3775 esse
1616 3719 1833 3790 quidem
1869 3720 1921 3774 in
1958 3729 2045 3775 tu-

468 3821 583 3866 tum
626 3811 730 3866 boc
750 3811 1025 3867 occultare
1056 3825 1073 3865 :
1101 3814 1168 3867 ad
1220 3827 1348 3867 suas
1378 3821 1558 3867 tamen
1597 3811 1883 3881 opiniones
1913 3826 2047 3868 eon-

470 3905 768 3959 f‘mnandas
804 3918 932 3959 usus
965 3903 1131 3960 fuerit
1161 3904 1486 3969 contrariis;
1508 3904 1574 3959 de
1603 3904 1802 3973 quibus
1835 3919 1902 3960 ne
1922 3902 2047 3959 Ori-

467 4011 632 4067 genes
661 4005 811 4052 certe
841 3996 961 4066 ipse
988 3997 1288 4052 reddiderit
1318 3996 1585 4051 rationem
1610 3995 1635 4050 2
1665 3996 1926 4050 Mentitus
1960 4006 2047 4052 est

468 4095 648 4140 autem
676 4085 730 4141 in
771 4087 893 4143 istis
913 4084 1222 4155 ﬂarcellus,
1251 4085 1562 4159 Origenetn,
1584 4087 1743 4155 quasi
1777 4087 1879 4142 sibi
1912 4102 2047 4142 con-

469 4179 633 4233 traria
665 4189 929 4246 tueretur,
958 4196 1081 4236 eum
1126 4198 1232 4236 non
1274 4180 1540 4251 intelligat
1596 4179 1745 4234 illmn
1778 4195 1875 4250 per
1900 4180 2047 4247 prio-

467 4286 581 4325 rem
619 4287 772 4327 suam
825 4274 1252 4344 propositionem
1309 4275 1603 4338 docuisse,
1663 4272 1882 4328 Patrem
1925 4274 2046 4328 sine

465 4378 693 4433 corpore
720 4376 775 4420 et
799 4369 945 4420 omni
973 4369 1228 4437 passione
1254 4376 1507 4429 exstare;
1540 4381 1637 4436 per
1663 4367 1902 4421 secundo
1921 4366 2044 4422 loco

468 4459 721 4525 positum,
761 4458 957 4514 Filium
987 4476 1167 4526 suum,
1199 4476 1307 4516 non
1343 4463 1396 4515 in
1421 4472 1664 4531 tempore
1681 4462 1923 4530 quidem,
1948 4461 2042 4515 sed

2149 3354 2215 3408 ἂν
2254 3350 2523 3426 Ὠριγένη,
2552 3352 2606 3407 εῐ
2638 3370 2692 3406 τι
2726 3352 2818 3406 τὸν
2846 3351 3004 3422 λόγον
3031 3350 3325 3407 ἀποδοῦναι
3357 3350 3583 3404 δυνατὸν
3627 3344 3735 3421 ἦνς

2164 3448 2251 3499 Ἐν
2288 3445 2497 3509 τούτοις
2532 3447 2561 3499 ὁ
2592 3442 2931 3516 Μάρκελλος,
2975 3441 3191 3497 ἐναντία
3240 3441 3405 3511 φάναι
3450 3438 3599 3510 αὑτῷ
3638 3437 3738 3491 τὸν

2163 3537 2413 3614 Ὠριγένη
2442 3535 2630 3602 εἰπὼν,
2662 3534 3052 3605 κατεψεύσατο,
3087 3534 3161 3606 μὴ
3188 3532 3434 3605 δυνηθεὶς
3468 3532 3734 3595 συνιέναι,

2149 3629 2225 3695 ὡς
2255 3630 2343 3684 διά
2378 3630 2477 3702 μὲν
2503 3632 2604 3700 τῆς
2633 3629 2906 3701 προτέρας
2954 3627 3312 3701 παραθέσεως
3344 3626 3408 3680 τὸ
3439 3624 3739 3695 ἀσώματον

2150 3723 2249 3778 καὶ
2273 3722 2482 3787 ἀπαθὲς
2512 3722 2606 3776 τοῦ
2636 3722 2849 3795 Πατρὸς
2889 3720 3103 3793 ἐδήλου,
3131 3719 3220 3774 διὰ
3250 3719 3308 3773 δὲ
3338 3717 3440 3789 τῆς
3471 3717 3737 3789 δευτέρας

2150 3814 2212 3868 τὸ
2244 3815 2319 3887 μὴ
2370 3815 2566 3886 χρόνῳ,
2599 3813 2705 3887 πρὸ
2744 3813 2961 3867 πάντων
3005 3811 3063 3866 δὲ
3098 3810 3311 3867 αἰώνων
3340 3810 3428 3864 τὸν
3476 3810 3603 3863 Υἱὸν
3634 3825 3735 3877 γε-

2150 3906 2492 3977 γεννηκέναι.
2520 3900 2685 3970 Αὖθις
2712 3905 2769 3959 δὲ
2801 3904 2919 3977 μεθ’
2949 3904 3111 3977 ἔτερα
3135 3903 3265 3975 περὶ
3292 3900 3386 3955 τοῦ
3424 3901 3736 3973 Ὠριγένους

2151 4002 2179 4054 ὁ
2208 3998 2370 4063 αὐτὸς
2397 3997 2572 4052 ταῦτα
2597 3997 2800 4069 γράφει
2826 4014 2841 4027 ⁸
2870 4015 2888 4048 ι
2922 3996 3137 4059 Καίτοι,
3164 3996 3212 4048 εί
3236 3994 3318 4047 δεῖ
3340 3992 3570 4064 τάληθὲς
3604 3991 3736 4063 περὶ

2158 4112 2179 4143 ι
2224 4090 2529 4163 Ὠριγένους
2554 4089 2749 4155 εἰπεῖν,
2784 4088 2943 4141 τοῦτο
2975 4087 3241 4159 προσήκει
3268 4084 3474 4155 λέγειν,
3498 4084 3580 4138 ὅτι
3605 4084 3734 4155 ἄρτι

2157 4201 2176 4234 ι
2212 4182 2322 4236 τῶν
2351 4180 2491 4235 κατά
2519 4180 2838 4251 φιλοσοφίαν
2859 4179 3100 4241 ἀποστάς
3133 4178 3490 4249 μαθημάτων,
3510 4176 3736 4238 καὶτοῖς

2157 4296 2175 4328 ι
2206 4275 2370 4339 θείοις
2381 4275 2639 4347 ὁμιλῆσαι
2652 4272 3009 4345 προελόμενος
3022 4271 3223 4339 λόγοις,
3242 4270 3348 4341 πρὸ
3359 4268 3457 4338 τῆς
3471 4266 3734 4340 ἀκριὸοὖς

2158 4389 2175 4420 ι
2215 4368 2322 4422 τῶν
2346 4367 2579 4440 Γραφῶν
2600 4364 2973 4436 καταλήψεως,
2998 4364 3085 4417 διὰ
3100 4363 3162 4416 τὸ
3185 4362 3318 4415 πολὺ
3339 4363 3435 4416 καὶ
3451 4360 3736 4431 φιλότιμον

2157 4480 2176 4512 ι
2216 4462 2314 4532 τῆς
2340 4459 2535 4525 ἔξωθεν
2559 4457 2915 4520 παιδεύσεως,
2931 4455 3124 4508 θᾶττον
3145 4454 3239 4507 τοῦ
3260 4453 3469 4517 δέοντος
3492 4451 3734 4524 ἀρξάμε-

467 4559 593 4602 ante
631 4550 827 4604 szecula
856 4553 1039 4606 omnia
1072 4552 1451 4620 progenuisse.
1506 4553 1635 4607 Post
1667 4554 1924 4619 deinceps
1977 4554 2043 4608 de

2156 4575 2172 4606 ι
2214 4572 2302 4619 νος
2313 4552 2670 4624 ὑπογράφειν,
2688 4550 2792 4603 ὑπὸ
2803 4548 2910 4601 τῶν
2925 4548 3026 4619 τῆς
3046 4545 3361 4617 φιλοσοφίας
3380 4543 3636 4616 παρήχθη
3652 4542 3735 4594 λό-

470 4638 704 4709 Origene
743 4648 801 4705 ἧς
849 4643 992 4698 idem
1030 4644 1227 4697 iterum
1286 4643 1479 4699 scribit
1532 4642 1648 4716 [Β.
1690 4642 1946 4698 LXXV“!
1977 4644 2037 4717 1:

471 4750 489 4782 ι
538 4730 691 4799 Quod
716 4735 760 4786 si
796 4748 982 4787 verum
1026 4735 1185 4790 fateri
1210 4736 1276 4789 de
1300 4734 1535 4807 Origene
1566 4736 1877 4801 debeamus,
1910 4737 2037 4793 illud

541 4877 600 4934 ὦ
632 4870 732 4925 Ed.
763 4871 962 4937 Paris.,
994 4888 1119 4943 pag.
1159 4873 1250 4928 ‘25.

536 5014 651 5084 (Ill)
690 5012 787 5087 Μὴ
833 5013 1133 5087 δύνασθαί
1165 5029 1256 5067 πω
1300 5017 1567 5085 πατέρες.
1605 5014 1703 5071 Vel
1736 5016 1926 5087 Πατὴρ
1957 5011 2035 5067 εί-

462 5104 549 5139 ναι
576 5096 633 5137 ιιι
659 5085 927 5154 ad'llenm
971 5084 1262 5148 referatur,
1294 5096 1386 5138 aut
1406 5084 1843 5153 distinguendum
1894 5084 2035 5154 post,

464 5174 570 5221 πω,
606 5165 731 5208 ante
754 5153 1138 5219 ἀναϐάλλεται,
1166 5156 1315 5209 deest
1342 5158 1409 5209 εἰ*
1430 5157 1545 5210 dele
1568 5156 1660 5209 καί
1684 5166 1807 5211 ante
1824 5153 2035 5216 ἑαυτόν.

462 5238 516 5279 et
554 5236 678 5280 ante
710 5227 784 5287 ὡς
831 5226 933 5279 Μ.-
956 5226 1097 5278 -Μηι
1122 5226 1275 5293 vulgo
1290 5226 1384 5278 τοῦ
1404 5245 1452 5283 τ.
1474 5226 1632 5293 Υἱοῦ;
1655 5228 1778 5281 dein
1803 5227 1855 5278 τί
1880 5226 2037 5280 ἀναὸ.

465 5301 554 5356 ιι..
577 5296 703 5349 dein
727 5297 887 5360 vulgo
908 5296 1101 5349 ἑαυτὸν
1124 5296 1217 5347 τοῦ
1242 5314 1319 5361 κ.,
1355 5313 1514 5366 porro
1538 5298 1601 5350 Β.
1628 5295 1767 5351 εἶναι
1798 5295 1951 5360 Υίοῦ,
1977 5297 2041 5349 οὑ

462 5368 670 5434 γίνεται
710 5367 901 5437 Πατήρ
931 5384 945 5431 ;
978 5368 1211 5433 denique
1261 5368 1419 5436 vulgo
1467 5368 1704 5437 ἐνόμιζε.
1751 5367 1922 5421 Porro
1974 5368 2041 5421 ad

476 5439 647 5507 Ὠριγ.
675 5436 750 5490 cf.
775 5436 929 5505 Orig.
958 5451 1047 5503 op.
1079 5437 1165 5489 ed.
1200 5444 1266 5492 de
1296 5439 1343 5490 la
1371 5440 1483 5492 Bue
1516 5436 1625 5500 t.’l,
1657 5455 1709 5507 p.
1736 5438 1826 5491 43.

559 5505 646 5577 ll)
690 5507 820 5572 Τοῖς
852 5507 1298 5573 ὲναντίοιςΝιιΙι
1329 5508 1608 5563 Paulinum
1632 5505 1693 5563 ea
1721 5511 1788 5562 ab
1810 5505 2047 5575 Origene

464 5578 788 5644 mutuatum,
830 5595 949 5646 quae
995 5581 1097 5633 sibi
1149 5582 1610 5639 contradicerent,
1654 5592 1709 5633 et
1755 5580 1875 5631 aliis
1911 5578 2039 5631 alibi

464 5650 807 5721 dogmatibus
858 5650 1230 5718 Origeuianis.
1265 5652 1401 5701 adeo
1456 5661 1512 5703 ut
1562 5666 1629 5703 ne
1664 5652 1777 5718 ipse
1819 5649 2038 5718 quidem

461 5723 723 5791 Origenes
772 5735 833 5791 ρει
890 5734 1103 5791 posset.
1135 5722 1406 5791 redivivus
1448 5722 2033 5791 reconciliareﬂegen-

460 5788 587 5842 dum
617 5788 896 5859 ergoz'tlv
922 5790 1041 5842 οὑδὲ
1065 5790 1138 5861 ἀν
1169 5789 1331 5843 αὑτὸν
1365 5791 1615 5861 Ὠριγένη
1645 5791 1864 5843 ἐπὶν-εον
1886 5790 2041 5857 λόγον

460 5856 774 5929 ἀποδοῦναι,
806 5861 1027 5914 δυνατὸν
1060 5856 1148 5931 ἦν.
1176 5862 1323 5915 Sane
1352 5856 1563 5916 tht’lur
1606 5856 1658 5918 ei
1712 5856 2044 5918 Athanasius

2153 4667 2171 4699 ι
2214 4664 2346 4716 γων,
2374 4646 2467 4701 καί
2494 4661 2615 4699 τινα
2637 4644 2705 4697 δι’
2729 4644 2927 4707 αὑτοὺς
2958 4642 3019 4695 οὑ
3055 4640 3233 4703 καλῶς
3263 4639 3526 4711 γέγραφε.
3563 4635 3731 4707 Δῆλον

2154 4759 2175 4790 ι
2212 4738 2268 4792 δέ
2304 4756 2318 4770 ·
2367 4737 2446 4791 ἔτι
2482 4735 2592 4807 γάρ
2640 4734 2749 4789 τῶν
2800 4732 2892 4789 τοῦ
2955 4732 3241 4794 Πλάτωνος
3288 4729 3401 4801 (ιῖ)
3448 4724 3735 4801 μεμνημέ-

2139 5012 2209 5067 de
2239 5009 2489 5081 Origene
2500 5006 2695 5081 eadem
2750 5007 3052 5081 censuisse,
3076 5017 3225 5081 eum
3252 5001 3305 5055 in
3345 4999 3487 5081 libro
3523 4998 3600 5081 υς
3642 5000 3731 5079 d_e-

2139 5081 2292 5136 cretis
2320 5069 2531 5133 c‘bncilii
2562 5075 2773 5149 Νίσιβιιί
2804 5076 3010 5149 scribat
3035 5092 3049 5126 :
3076 5074 3143 5149 ᾌ
3171 5072 3269 5149 μὲν
3297 5069 3408 5149 γάρ
3426 5070 3511 5149 ~ei);
3553 5070 3729 5149 Cr,th

2142 5153 2235 5206 καὶ
2260 5148 2552 5221 γυμνάζων
2591 5146 2796 5221 ἔγραψε
2816 5184 2831 5209 ,
2856 5144 3058 5221 ταῦτα,Δ
3074 5142 3151 5221 μη
3174 5140 3249 5205 ὡς
3289 5140 3453 5221 αὑτοῦ
3481 5140 3731 5221 φρονοῦν·

2142 5241 2232 5287 τος
2265 5209 2507 5289 λεγέσθω
2535 5209 2805 5289 τιςξίὰλλά
2833 5216 2941 5289 τῷν
2966 5209 3103 5289 πρὸς
3130 5209 3241 5289 ἔριν
3263 5209 3727 5289 φιλονεικούντων,

2147 5281 2315 5364 ἐν’τῷ
2341 5281 2533 5364 ’ζητεῖν
2570 5285 2762 5364 ᾁδέως,
2792 5286 2989 5364 όρίξων
3013 5281 3396 5364 ’ἀποφαίνοιτμ
3586 5285 3728 5364 Ρξιὶιιι

2144 5346 2443 5433 ιέεέιέιιεὶἑι
2464 5346 2855 5433 ἀίειὶιιιιιιιιὶίιιιιὶ⁸
2874 5346 3018 5433 sunt.
3150 5346 3221 5393 '—
3252 5354 3315 5433 R.
3336 5346 3417 5433 ᾦν
3433 5350 3542 5402 οὐδ’
3570 5350 3730 5433 αὑτὸν

2143 5421 2313 5488 ain.
2339 5432 2546 5494 εἴποιμι
2567 5447 2619 5481 τ.
2645 5428 2695 5481 λ.
2722 5428 2877 5482 ἀποδ.
2906 5425 3190 5489 δύνασθαι,
3220 5428 3309 5494 qui
3336 5421 3473 5475 infra
3498 5421 3730 5491 γράφειν

2144 5506 2267 5559 loco
2296 5506 2660 5574 ὑπογράφειν.
2710 5569 2733 5574 _
2891 5569 2915 5574 _
2999 5572 3042 5574 Α
3075 5566 3085 5574 _
3340 5564 3373 5574 ,,
3419 5562 3430 5574 ,
3575 5560 3628 5574 ..-

2214 5575 2324 5646 (12)
2366 5560 2487 5646 Ἕξι
2519 5560 2630 5646 γὰρ
2661 5569 2783 5646 τῶιί⁸
2813 5569 2933 5646 ζεῦ.
2960 5566 3298 5632 Πλάτωνος.
3335 5560 3729 5646 Ορίηοτνδῆλον

2142 5648 2197 5701 δέ
2220 5632 2357 5700 ἐστὶ·
2396 5644 2504 5696 τῶν
2527 5632 2646 5713 ’γάρ
2687 5642 2781 5695 τοῦ
2826 5639 3111 5713 Πλάτωνος
3144 5634 3509 5713 μεμνημένος,
3532 5632 3726 5713 Ver-um

2143 5730 2226 5771 est
2256 5717 2396 5781 quod
2424 5705 2635 5769 cens'ui't
2660 5712 2946 5768 Marcellus
2971 5712 3035 5785 de
3058 5705 3310 5779 Origene.
3329 5720 3450 5785 eum
3477 5706 3544 5785 de
3570 5705 3727 5785 scito-

2147 5790 2210 5843 Iis
2263 5775 2575 5850 f’latonicis,
2604 5801 2834 5855 quarum
2883 5780 3058 5855 sacris
3106 5775 3226 5834 erat
3255 5791 3361 5831 non
3404 5775 3597 5855 leviter
3626 5775 3727 5855 ini-

2148 5865 2329 5925 tiatus,
2348 5860 2443 5912 sed
2469 5870 2524 5913 ut
2552 5845 2601 5911 in
2623 5845 2878 5925 'margine
2900 5853 3147 5917 habetur,
3172 5845 3543 5921 μεμυημένος,
3560 5846 3724 5898 multa
