4008 6512
340 368 439 425 761

1461 375 1742 434 CONTRA
1780 377 2211 438 MARCELLUM
2251 386 2381 443 LIB.
2422 389 2461 446 1.

3486 401 3592 458 762

341 513 361 543 ι
402 508 491 554 νος
518 490 803 562 δογμάτων
836 492 930 547 καὶ
962 495 1059 566 τῆς
1085 494 1193 549 τῶν
1221 496 1405 568 ἀρχῶν
1434 499 1583 569 παρὰ
1617 497 1766 569 αὐτῷ
1802 499 1903 552 δια-

2029 520 2044 552 ι
2088 507 2377 560 tenendmn
2407 525 2421 573 ;
2451 523 2573 562 cum
2605 520 2856 567 recenter
2882 512 3016 569 adeo
3049 524 3163 570 tum
3194 529 3223 570 a
3249 514 3448 573 scholis
3473 519 3596 587 phi-

262 570 275 585 “
340 604 358 634 ι
397 584 593 655 φορᾶς,
626 584 766 651 Περὶ
803 583 1008 656 ἀρχῶν
1038 587 1287 659 γέγραφε
1318 588 1539 659 βιϐλίον,
1571 592 1665 643 κ).
1714 590 1917 662 ταύτην

343 695 361 726 ι
395 675 474 747 τῷ
508 677 901 747 συγγράμματι
942 678 1039 751 τὴν
1069 681 1382 753 ἐπιγραφὴν
1414 682 1585 736 ἔθετο.
1628 685 1836 754 Δεῖγμα
1862 685 1918 737 δὲ

336 789 355 820 ‹
398 768 560 821 τοῦτο
590 769 847 839 μέγιστον
876 770 937 824 τὸ
969 772 1101 842 μηδὲ
1140 772 1360 829 ἄλλοθέν
1408 774 1572 829 ποθεν
1604 776 1778 848 ἀρχὴν
1808 776 1919 830 τῶν

335 879 355 911 ι
394 858 596 926 λέξεων
635 860 798 914 αὑτὸν
834 860 866 932 ἦ
905 860 1003 933 τὴν
1044 864 1359 936 ἐπιγραφὴν
1389 864 1483 919 τοῦ
1518 865 1724 936 βιϐλίου
1762 868 1919 940 ποιή-

334 971 355 1003 ‹
398 952 619 1019 σασθαι,
651 953 765 1007 ἀλλ’
795 954 902 1007 ἀπὸ
934 955 1042 1009 τῶν
1062 956 1310 1012 Πλάτωνι
1340 960 1612 1031 ῥηθέντων
1630 962 1914 1033 ῥημάτων.

336 1062 355 1094 ‹
392 1044 649 1116 Γέγραφε
678 1046 787 1118 γάρ
832 1048 1131 1120 ἀρχόμενος
1160 1050 1350 1115 οὕτως’
1388 1054 1451 1105 (ιε
1495 1055 1916 1119 πεπιστευκότες

336 1155 358 1189 ι
399 1139 496 1192 καὶ¹
520 1140 963 1211 πεπιστευμένοι.
981 1142 1149 1195 Τοῦτο
1168 1142 1228 1196 τὸ
1250 1142 1409 1214 ῥητὸν
1435 1142 1607 1209 οὕτως
1628 1146 1916 1218 εἰρημένον

336 1250 356 1283 ι
393 1230 577 1304 εὕροις
604 1230 669 1285 ἂν
703 1234 761 1285 ὲν
790 1233 869 1304 τῷ
902 1234 1122 1303 Γοργίᾳ
1156 1234 1461 1299 Πλάτωνος.
1497 1254 1515 1288 ι
1555 1235 1681 1292 Οῠτ’
1710 1240 1758 1291 εί
1785 1238 1914 1307 ἐφέα

332 1340 480 1396 ρετο,
506 1325 740 1396 ἤνεγκεν
770 1324 836 1379 ἂν
871 1325 1124 1398 διαϐολὴν
1163 1328 1429 1398 Ὠριγένει
1454 1328 1634 1397 φάντι,
1670 1332 1719 1383 οἱ
1749 1347 1913 1383 πεπι-

331 1416 623 1479 στευκότες
655 1417 691 1487 ἢ
717 1417 811 1470 καὶ
838 1418 1279 1488 πεπιστευμένοι,
1314 1420 1409 1474 καὶ⁵
1436 1420 1731 1489 συνάψαντι
1764 1420 1910 1492 ἑξῆς,

337 1524 357 1558 ι
398 1508 501 1579 τὴν
525 1507 684 1579 χάριν
716 1507 812 1562 καὶ
836 1508 934 1579 τὴν
958 1508 1214 1580 ἀλήθειαν
1246 1508 1312 1562 δι’
1365 1509 1798 1582 ἸησοῦΧριστοῦ
1824 1527 1914 1579 γε-

334 1619 355 1652 (
391 1599 635 1669 γονέναι,
669 1616 690 1652 ι
741 1599 836 1653 καὶ
882 1600 1116 1672 Χριστὸν
1148 1595 1286 1654 εἶναι
1320 1600 1419 1672 τὴν
1454 1600 1731 1671 ἀλήθειαν,
1772 1602 1914 1655 κατὰ

326 1690 391 1744 es
430 1688 717 1762 εἰρημένον
756 1690 845 1743 ὑπ’
882 1690 1067 1744 αύτοῦο
1106 1710 1125 1745 ι
1184 1690 1325 1761 Ἐγώ
1366 1694 1481 1764 είμι
1513 1694 1547 1764 ὴ
1589 1692 1837 1765 ἀλήθεια.
1887 1712 1905 1746 ι

325 1782 469 1837 Ποία
501 1781 611 1855 γὰρ
641 1782 777 1855 πρὸς
801 1782 970 1838 ταῦτα
1000 1785 1251 1839 κοινωνία
1279 1786 1476 1855 γένοιτ’
1509 1786 1575 1841 άν
1612 1804 1743 1840 ποτε
1768 1786 1913 1841 Πλά-

325 1891 495 1941 τωνι;
543 1875 707 1930 υύδὲν
757 1875 1043 1941 Πλάτωνος
1082 1876 1229 1946 Περὶ
1265 1877 1467 1947 ἀρχῶν
1513 1878 1911 1951 μνημονεύεται

327 1967 559 2039 βιϐλίον.
602 1967 736 2022 Ούδὲ
780 1968 1059 2040 Ὠριγένης
1088 1970 1289 2042 ὁμοίως
1321 1972 1449 2043 περὶ
1479 1972 1662 2043 ἀρχῶν
1693 1971 1909 2040 ὲδόξασε

325 2059 602 2124 Πλάτωνι,
639 2061 669 2112 ὁ
720 2060 846 2132 μίαν
898 2061 1065 2133 μόνην
1094 2063 1194 2131 τὴν
1223 2063 1515 2134 ἀγέννητον
1555 2065 1648 2118 καὶ
1676 2065 1908 2137 ἄναρχον

323 2153 424 2206 καὶ
447 2152 707 2206 ἐπέκεινα
730 2152 841 2206 τῶν
863 2154 999 2208 ὅλων
1033 2154 1189 2220 εἰδὼς
1216 2157 1413 2229 ἀρχὴν,
1446 2157 1649 2229 ταύτην
1675 2175 1736 2211 τε
1768 2154 1908 2212 εἶναι

322 2245 549 2319 Πατέρα
565 2246 682 2309 ἑνὸς
706 2248 1025 2318 μονογενοῦς
1038 2248 1189 2310 Υίοῦ,
1207 2250 1275 2303 δι’
1294 2246 1355 2305 οὗ
1382 2250 1449 2305 τά
1471 2252 1646 2306 πάντα
1663 2252 1902 2322 γέγονεν.

324 2338 479 2403 Ὅδε,
522 2341 618 2393 καὶ
669 2343 727 2394 ὲν
772 2341 981 2405 τούτοις
1042 2342 1347 2414 Ὠριγένους
1402 2343 1904 2416 καταψευσάμενος,

326 2430 449 2503 μεθ’
494 2430 655 2504 ἕτερα
679 2433 1001 2506 προστίθησι
1027 2433 1223 2503 λέγων’
1259 2453 1277 2487 ι
1321 2435 1597 2507 Ἀστερίου
1624 2437 1733 2507 γάρ
1757 2439 1906 2508 είρη-

328 2546 348 2580 ι
383 2526 563 2592 κότος,
584 2527 689 2600 πρὸ
709 2528 818 2582 τῶν
837 2527 1047 2582 αἰώνων
1067 2528 1423 2601 γεγεννῆσθαι
1446 2529 1537 2582 τὸν
1552 2529 1745 2597 Λόγον,
1775 2531 1907 2585 αὐτὸ

326 2638 347 2670 ι
389 2620 452 2674 τὸ
486 2620 649 2692 ῥητὸν
678 2620 842 2675 αὐτὸν
879 2621 1095 2692 ἐλέγχει
1124 2619 1471 2693 ψευδόμενον
1510 2620 1652 2675 ὥστε
1682 2623 1758 2694 μὴ
1805 2624 1905 2695 μό-

327 2731 349 2764 ι
394 2730 486 2767 νον
518 2713 681 2767 αὐτὸν
715 2713 811 2768 τοῦ
849 2714 1194 2786 πράγματος,
1223 2714 1361 2769 ἀλλὰ
1391 2714 1487 2769 καὶ
1516 2713 1612 2769 τοῦ
1644 2715 1906 2787 γράμμα-

328 2822 348 2856 (
390 2821 485 2869 τος
505 2804 849 2877 διαμαρτεῖν.
877 2806 942 2859 Ei
966 2804 1097 2878 γὰρ,
1110 2805 1225 2875 πρὸ
1245 2806 1352 2861 τοῦ
1371 2804 1585 2874 αἰῶνος
1599 2807 1906 2876 ἐθεμελίω-

327 2917 347 2950 s
390 2896 507 2952 σέν
523 2914 622 2967 με,
649 2898 813 2969 φησὶν
835 2899 869 2970 η
894 2898 1193 2971 Παροιμία,
1217 2897 1334 2961 πῶς
1360 2898 1524 2962 αὐτὸς
1548 2898 1904 2971 γεγεννῆσθαι

328 3009 347 3042 ι
387 2988 552 3044 αὐτὸν
588 2989 696 3062 πρὸ
725 2990 835 3044 τῶν
864 2988 1077 3045 αἰώνων
1122 2990 1261 3061 Egon;
1305 2990 1492 3063 ἕτερον
1524 2991 1633 3063 γὰρ
1660 2992 1768 3063 πρὸ
1806 2991 1901 3046 τοῦ

326 3102 347 3136 ι
381 3083 581 3149 αίῶνος
608 3084 1035 3156 τεθεμελιιῖηθαι
1059 3085 1243 3150 αὐτὸν,
1276 3086 1369 3139 καὶ
1397 3084 1606 3158 ἕτερον.
1642 3087 1749 3159 πρὸ
1794 3084 1903 3140 τῶν

2026 613 2044 645 ι
2082 594 2372 666 losophicis
2401 598 2693 669 diverteris,
2734 604 2932 662 litteris
2979 621 3039 662 se
3071 607 3270 663 divinis
3302 607 3593 679 applicuis-

2025 704 2043 738 ι
2080 698 2186 755 set,
2244 690 2404 745 citius
2443 706 2604 760 quam
2657 711 2757 765 par
2811 697 2988 754 fuerat
3018 740 3036 767 ,
3094 700 3331 754 nomium
3369 702 3596 757 edoctus

2024 799 2042 832 ι
2079 781 2493 852 Scripturarum
2536 792 2871 845 exactiorem
2925 791 3235 857 scientiam,
3276 802 3464 861 utpote
3501 796 3593 863 qui

2024 894 2042 926 ι
2082 882 2138 931 et
2156 877 2511 934 saecularibus
2536 880 2837 949 disciplinis
2857 893 2978 939 erat
2996 886 3428 940 cumulatissime
3451 901 3597 941 com-

2023 987 2041 1019 ι
2079 976 2320 1038 paratus,
2353 972 2678 1028 accessitad
2716 974 3062 1030 scribendum
3095 995 3111 1032 :
3164 977 3310 1031 unde
3334 992 3432 1047 per
3469 977 3592 1044 phi-

2023 1080 2041 1113 ι
2070 1061 2370 1133 losophiam
2401 1064 2678 1133 seductus,
2721 1068 2964 1135 quaedam
2987 1070 3166 1123 minus
3191 1078 3338 1123 recte
3362 1069 3414 1123 in
3440 1068 3593 1123 litte-

2021 1170 2041 1204 ι
2083 1167 2173 1209 ras
2209 1153 2493 1210 referebat.
2527 1155 2773 1226 Exempli
2796 1157 3011 1226 gratia:
3044 1156 3449 1213 Platonicorum
3495 1158 3592 1212 du-

2020 1262 2039 1297 ι
2076 1253 2315 1317 gmatum
2338 1261 2546 1302 memor
2572 1257 2626 1303 et
2648 1249 3041 1319 principiorum
3072 1264 3192 1321 quae
3221 1250 3434 1305 diversa
3461 1260 3591 1306 sunt

2021 1356 2038 1388 ι
2070 1338 2210 1407 apud
2240 1338 2416 1405 illum,
2453 1338 2652 1396 librum
2677 1342 2965 1411 quemdam
2995 1341 3298 1414 inscripsit,
3334 1341 3413 1396 De
3435 1342 3588 1410 prin-

2020 1447 2038 1482 ι
2069 1430 2241 1500 cipiis.
2268 1430 2398 1499 Quae
2426 1432 2646 1503 quidem
2679 1434 2964 1504 inscriptio
2989 1443 3310 1505 argumento
3338 1449 3457 1490 esse
3489 1449 3589 1502 po-

2019 1541 2037 1573 ι
2072 1522 2200 1578 terit
2237 1539 2345 1580 non
2378 1524 2611 1598 vulgari,
2642 1540 2749 1581 non
2780 1526 2999 1581 aliunde
3022 1541 3150 1581 eum
3187 1540 3351 1595 quam
3387 1540 3416 1579 a
3462 1522 3587 1579 Pla-

2018 1635 2037 1668 ι
2072 1626 2196 1672 tone
2227 1631 2290 1673 ea
2309 1616 2490 1673 omnia
2522 1624 2849 1672 mutuatum.
2875 1616 3165 1672 Exorditur
3193 1626 3371 1671 autem
3394 1615 3588 1671 librum

2019 1727 2037 1759 ι
2077 1708 2143 1763 ad
2181 1709 2326 1766 hunc
2354 1711 2602 1765 modum:
2636 1708 2985 1776 Quicredunt
3011 1717 3066 1763 et
3093 1708 3293 1778 quibus
3314 1707 3579 1762 creditur.

2014 1818 2047 1865 εκ
2070 1800 2225 1868 Quod
2240 1802 2315 1858 ita
2333 1801 2535 1857 dictum
2558 1801 2611 1857 in
2627 1801 2822 1873 Gorgia
2842 1799 3168 1871 Platonis(p.
3184 1799 3290 1855 454
3304 1800 3369 1871 Ε)
3386 1800 3592 1868 reperi-

2024 1912 2042 1948 ι
2078 1901 2186 1949 tur.
2220 1912 2243 1948 ι
2271 1892 2328 1950 Id
2350 1894 2490 1965 quod
2518 1903 2578 1949 ut
2602 1894 2676 1949 ita
2707 1908 2831 1950 esse
2858 1894 3208 1957 concedatur,
3261 1892 3588 1948 calumniam

2015 1984 2238 2057 Origeni
2265 2001 2369 2042 non
2402 1983 2649 2050 inferret,
2674 2001 2795 2040 cum
2816 1986 3000 2042 statim
3023 1984 3383 2055 subiunxerit,
3409 2003 3427 2036 ι
3451 1983 3589 2039 Gra-

2021 2097 2041 2132 ι
2076 2080 2205 2135 tiam
2234 2087 2292 2133 et
2315 2078 2594 2134 veritatem
2621 2092 2716 2147 per
2729 2076 2911 2133 Jesum
2935 2077 3208 2133 Christum
3233 2077 3299 2131 ad
3310 2077 3537 2142 venisse,
3560 2094 3581 2128 ι

2014 2181 2070 2228 et
2089 2184 2207 2226 esse
2221 2169 2496 2226 Christum
2522 2169 2666 2223 illam
2696 2169 3000 2234 veritatem,
3036 2170 3328 2223 secundum
3353 2168 3495 2237 quod
3521 2167 3590 2221 ab

2015 2263 2135 2336 ipso
2166 2264 2368 2320 dictum
2397 2272 2578 2318 exstat
2603 2280 2618 2319 :
2646 2281 2664 2315 ι
2690 2262 2801 2332 Ego
2818 2277 2935 2317 sum
2965 2262 3168 2317 veritas
3182 2263 3248 2315 ⁸⁸.
3276 2281 3296 2314 ι
3332 2261 3585 2329 Quaenam

2013 2371 2143 2413 vero
2160 2356 2375 2411 tandem
2392 2354 2706 2411 communio
2723 2370 2844 2411 cum
2864 2356 2983 2411 istis
2998 2353 3211 2409 Platoni
3237 2353 3544 2409 intercessit
3565 2354 3589 2407 ?

2012 2448 2201 2505 Nullus
2225 2448 2367 2505 liber
2400 2464 2429 2503 a
2452 2447 2679 2505 Platone
2705 2449 2943 2518 scriptus
2977 2447 3081 2502 hoc
3120 2446 3301 2511 titulo,
3336 2446 3414 2500 De
3438 2447 3588 2515 prin-

2010 2542 2183 2610 cipiis,
2215 2550 2572 2597 memoratur.
2602 2538 2711 2595 Nec
2744 2550 2803 2595 ut
2855 2539 3009 2595 Plato
3041 2541 3106 2595 dc
3137 2540 3420 2610 principiis
3468 2538 3590 2595 Ori-

2011 2648 2176 2705 genes
2208 2632 2499 2695 sentiebat,
2544 2631 2635 2703 qui
2670 2631 3000 2701 principium
3048 2631 3268 2685 unicum
3300 2630 3590 2700 ingenera-

2011 2734 2150 2794 tum,
2180 2725 2300 2780 sine
2326 2723 2617 2795 principio,
2669 2738 2835 2793 super
2861 2723 3066 2789 omnia,
3112 2736 3235 2778 cum
3281 2730 3538 2790 agnoscat
3569 2763 3586 2788 ,

2008 2831 2133 2873 cum
2165 2818 2340 2887 ipsum
2367 2816 2557 2871 statuit
2582 2830 2702 2871 esse
2730 2814 2945 2871 Patrem
2971 2815 3132 2871 unius
3156 2814 3415 2885 unigeniti
3442 2812 3587 2878 Filii,

2008 2923 2108 2979 per
2133 2923 2297 2978 quem
2322 2908 2504 2963 omnia
2530 2906 2676 2963 facta
2710 2914 2856 2962 sunt.
2883 2905 2940 2960 in
2974 2906 3094 2960 istis
3129 2920 3250 2959 cum
3298 2903 3587 2972 Origenem

2008 3001 2323 3067 mentiatur,
2349 2999 2594 3070 adiungit
2615 3008 2738 3071 post
2759 3014 2928 3069 pauca
2965 2997 3055 3070 [Β.
3089 2995 3207 3069 XV]
3239 3014 3254 3053 :
3282 2994 3583 3059 Asterium,

2018 3108 2038 3144 ι
2079 3092 2172 3163 qui
2204 3091 2447 3148 afﬁrmat
2475 3099 2788 3164 generatum
2818 3090 2990 3146 fuisse
3015 3098 3141 3146 ante
3175 3089 3356 3144 omnia
3392 3091 3589 3143 saecula

326 3197 347 3229 ι
388 3173 604 3233 αἰώνων
636 3176 1016 3248 γεγεννῆσθαι.
1047 3196 1066 3229 ι
1098 3176 1282 3230 Ταῦτα
1310 3176 1501 3241 εἰπὼν,
1530 3177 1625 3231 καὶ¹
1644 3177 1903 3249 προσθεὶς

2017 3204 2036 3237 ι
2076 3185 2296 3251 Filium,
2336 3185 2421 3242 vel
2453 3186 2564 3255 ipsa
2589 3184 2808 3254 quidem
2832 3183 3014 3239 littera
3048 3182 3330 3238 mentitum
3366 3178 3588 3235 convin-

319 3263 488 3337 ἕτερα
524 3266 605 3329 είς
649 3265 963 3339 ἀνατροπὴν
997 3265 1091 3320 τοῦ
1130 3266 1237 3340 πρὸ
1272 3266 1381 3321 τῶν
1403 3266 1611 3323 αἰώνων
1653 3269 1905 3340 γεγεννῆ-

322 3356 450 3411 σθαι
484 3356 579 3411 τὸν
607 3358 756 3423 Υἱὸν,
793 3358 1033 3429 ἐπιλέγει
1062 3359 1245 3424 αὐτοῖς
1295 3360 1555 3432 ῥήμασιν’
1589 3380 1609 3414 ι
1654 3361 1817 3429 Ἀξιῶ
1844 3361 1903 3414 δὲ

324 3468 345 3501 ι
382 3450 513 3513 τοὺς
545 3447 972 3522 ἐντυγχάνοντας
1003 3451 1111 3507 τῶν
1151 3452 1320 3522 ἁγίων
1344 3453 1586 3527 ὡσπερεὶ
1612 3455 1905 3527 σπέρματα

323 3562 344 3596 ι
389 3543 484 3597 καὶ
546 3542 722 3616 ἀρχάς
786 3544 946 3616 τῆσδε
1014 3545 1116 3617 τῆς
1182 3544 1496 3619 ἐξηγήσεως
1551 3546 1769 3620 άληθῶς
1826 3549 1904 3602 εί-

325 3654 345 3689 ι
383 3635 644 3708 ληφότας,
679 3636 931 3703 πλείονας
973 3638 1275 3706 ἀποδείξεις
1306 3639 1623 3712 προσθεῖναι
1665 3643 1781 3706 τοῖς
1821 3644 1903 3696 ει-

323 3747 344 3782 ι
384 3728 663 3802 ρημένοις·
720 3728 861 3785 ὥστε
911 3714 1250 3802 ἐτίμᾶλλον,
1293 3732 1393 3796 τάς
1440 3731 1548 3785 τῶν
1584 3730 1759 3806 [περὶ]
1801 3732 1902 3804 τὴν

321 3840 343 3874 ι
378 3821 563 3874 πίστιν
584 3820 1019 3893 διαστρεφόντων
1040 3822 1357 3894 ἐλέγχεσθαι
1378 3823 1746 3894 προαιρέσεις.
1784 3825 1904 3878 ’⁷ον-

321 3931 344 3965 σ
376 3929 487 3977 τως
510 3911 620 3985 γάρ
644 3911 777 3967 Θεὸν
801 3913 891 3967 τὸν
923 3915 1263 3986 γεννήσαντα
1300 3916 1498 3979 αὐτοὺς
1522 3916 1899 3984 ἐγκατέλιπον,

320 4024 343 4058 ε
377 4004 473 4060 καὶ
519 4002 734 4076 ὤρυξαν
768 4006 981 4070 ἑαυτοῖς
1020 4006 1257 4072 λάκκους
1307 4009 1821 4081 συντετριμμένους.
1876 4030 1898 4064 ι

310 4095 560 4150 Τοιαῦτα
586 4096 681 4150 καὶ
701 4096 790 4151 διά
818 4096 1026 4152 τούτων
1048 4097 1526 4171 λοιδορησάμενος,
1560 4100 1685 4172 ἑξῆς
1710 4104 1904 4175 πειρᾶ-

308 4205 407 4243 ται
445 4188 753 4254 δεικνύναι,
788 4189 869 4243 ὅτι
920 4189 1055 4261 μηδὲ
1113 4208 1133 4242 ι
1168 4189 1333 4245 είκὼν
1374 4191 1469 4245 τοῦ
1512 4192 1647 4247 Θεοῦ
1694 4196 1840 4250 ἐστιν
1873 4198 1902 4250 ό

317 4299 339 4334 ι
380 4281 532 4347 Υἱὸς,
574 4300 593 4334 ι
638 4281 812 4351 λέγων
846 4281 1039 4347 οὕτως·
1075 4301 1096 4335 ι
1153 4284 1470 4339 Ἀκόλουθον
1500 4285 1740 4358 ἡγοῦμαι
1772 4287 1903 4361 βρα-

317 4391 338 4425 ι
376 4374 479 4444 χὲα
520 4373 616 4427 καὶ
658 4374 789 4446 περὶ
825 4374 927 4439 τῆς
974 4375 1182 4439 εἰκόνος
1230 4377 1425 4431 εἰπεῖν’
1473 4378 1722 4451 γέγραφε
1759 4381 1897 4453 γάρ·

316 4485 337 4519 σ
384 4465 579 4531 Ἀλλος
606 4467 663 4521 δέ
688 4469 836 4522 ἐστιν
867 4467 896 4519 ὁ
942 4467 1000 4535 ἐξ
1028 4467 1188 4522 αύτοῦ
1219 4470 1518 4541 γεννηθεὶς,
1557 4473 1616 4536 ὃς
1649 4474 1797 4527 ἐστιν
1821 4475 1901 4527 εί-

2016 3299 2035 3333 c
2074 3279 2168 3347 cit,
2197 3279 2333 3333 adeo
2359 3286 2419 3333 ut
2445 3291 2549 3332 non
2581 3276 2754 3333 solum
2789 3277 2840 3332 in
2868 3275 2947 3331 rei
2997 3275 3253 3339 veritate,
3280 3273 3374 3327 sed
3414 3272 3465 3325 in
3499 3286 3589 3325 vo-

2015 3392 2034 3425 (
2075 3371 2233 3428 cibus
2264 3370 2396 3442 ipsis
2422 3369 2784 3425 aberraverit.
2814 3366 2949 3423 Nam
2971 3367 3039 3432 si,
3074 3365 3211 3421 Ante
3243 3364 3442 3419 swcula
3463 3404 3478 3427 ,
3510 3362 3587 3415 uti

2015 3483 2034 3518 ι
2077 3464 2322 3534 loquitur
2352 3460 2774 3518 Proverbiorum
2810 3459 2984 3525 liber,
3016 3458 3263 3529 fundavit
3316 3472 3421 3519 me,
3461 3467 3587 3522 quo-

2014 3574 2034 3609 ι
2071 3554 2234 3610 modo
2264 3561 2390 3609 ante
2417 3551 2615 3608 secula
2644 3551 2885 3622 genitum
2917 3550 3085 3606 fuisse
3115 3549 3263 3603 illum
3310 3544 3586 3601 afﬁrmat?

2015 3666 2037 3700 σ
2065 3646 2227 3703 Aliud
2251 3653 2335 3701 est
2357 3644 2529 3713 enim,
2564 3654 2692 3700 ante
2712 3642 2968 3699 saeculum
2998 3641 3281 3697 fundatum
3311 3638 3500 3704 fuisse,
3532 3645 3589 3691 et

2013 3758 2032 3791 ι
2062 3740 2204 3794 aliud
2231 3739 2468 3810 genitum
2496 3738 2662 3807 [uisu
2691 3745 2814 3790 ante
2841 3734 3057 3789 swcula.
3089 3752 3108 3785 ι
3145 3731 3270 3787 Haec
3311 3732 3399 3786 ubi
3429 3729 3587 3790 dixit.

2007 3843 2062 3888 et
2081 3830 2277 3901 adjecit
2293 3827 2454 3884 simul
2475 3828 2579 3882 alia
2600 3827 2667 3882 ad
2687 3825 2815 3882 illud
2849 3824 3225 3887 refellendum,
3247 3824 3284 3876 Α
3294 3832 3378 3908 nte
3393 3820 3589 3874 swcula

2008 3927 2171 3993 fuisse
2205 3932 2509 3994 generatum
2534 3919 2757 3985 Filium,
2803 3917 3080 3989 subiungit
3121 3915 3211 3989 [Β.
3242 3910 3531 3984 LXXXIX]
3568 3929 3583 3966 :

2013 4038 2031 4071 ι
2059 4015 2315 4072 Obtestor
2330 4014 2481 4069 viros
2509 4022 2749 4077 sanctos,
2779 4010 2832 4065 in
2856 4023 3085 4080 quorum
3120 4021 3314 4061 manus
3337 4004 3442 4059 ista
3466 4019 3586 4059 mea

2014 4128 2034 4163 ι
2069 4117 2196 4165 sunt
2220 4113 2569 4179 perventura,
2601 4112 2663 4158 ut
2690 4103 2856 4158 veluti
2885 4101 2977 4172 qui
3005 4098 3214 4155 semina
3244 4104 3299 4151 et
3323 4094 3586 4165 principia

2013 4222 2032 4254 ι
2068 4202 2225 4257 istius
2262 4195 2725 4268 interpretationis
2747 4193 3019 4249 veraciter
3047 4207 3078 4244 a
3108 4205 3197 4245 me
3218 4196 3440 4256 accepta
3465 4201 3589 4254 per-

2013 4313 2032 4347 ι
2069 4292 2333 4363 ceperint,
2363 4289 2546 4361 plures
2574 4286 2752 4343 adhuc
2772 4282 3268 4340 demonstrationes
3293 4281 3589 4348 adiungere

2015 4407 2035 4440 ι
2078 4386 2245 4443 velint
2272 4385 2339 4440 ad
2368 4398 2432 4440 ea
2467 4397 2588 4454 quae
2612 4381 2760 4436 dicta
2790 4386 2917 4433 sunt
2946 4393 2975 4431 a
3010 4392 3117 4440 me,
3143 4390 3251 4446 quo
3272 4374 3446 4442 magis
3476 4384 3590 4425 ma-

2015 4498 2033 4531 ι
2068 4479 2258 4548 gisque
2288 4474 2460 4531 refelli
2515 4472 2728 4544 possint
2777 4483 2965 4525 eorum
3016 4466 3298 4522 hominum
3331 4464 3534 4518 intenta
3569 4499 3586 4521 ,

314 4578 335 4611 ι
378 4558 493 4613 κὼν
530 4559 623 4614 τοῦ
664 4559 800 4614 Θεοῦ
825 4560 919 4615 τοῦ
953 4562 1205 4634 ἀοράτου.
1235 4564 1455 4628 Εἰκόνος
1486 4564 1574 4619 διὰ
1601 4565 1758 4619 τοῦτο
1805 4566 1903 4638 μέ-

2015 4589 2033 4622 (
2068 4569 2265 4638 quibus
2297 4566 2454 4621 [idem
2488 4571 2800 4634 pervertere
2827 4561 3067 4616 solemne
3093 4568 3195 4616 est.
3214 4556 3422 4610 Revera
3445 4552 3587 4607 enim

313 4670 335 4703 ι
383 4668 584 4723 μνηται
603 4652 714 4725 (1³5)
728 4653 862 4708 Θεοῦ
889 4655 981 4709 τοῦ
1013 4657 1248 4728 ἀοράτου
1278 4657 1574 4729 Ἀστέριος,
1599 4658 1686 4712 ἵνα
1713 4658 1898 4713 τοσοῦο

384 4833 430 4865 ⁸⁸
464 4832 629 4889 Joan.
662 4851 776 4902 xw,
811 4836 866 4890 6.

310 5014 561 5091 intulisse
593 5016 647 5091 in
677 5019 1165 5091 commentationes
1196 5034 1345 5084 snas,
1380 5019 1449 5074 de
1472 5017 1751 5091 religione.
1782 5020 1898 5077 Un-

307 5086 377 5140 de
399 5086 599 5154 sagpius
627 5087 809 5156 lapsus
844 5100 947 5152 est,
976 5105 1076 5144 nec
1116 5090 1202 5144 illa
1226 5091 1499 5146 hominem
1529 5086 1631 5145 hac
1660 5091 1713 5145 in
1746 5102 1899 5159 parte

305 5165 575 5228 excusant
585 5173 735 5226 ,quaa
758 5159 808 5212 in
836 5161 1187 5228 responsione
1204 5160 1466 5217 Eusebius
1492 5160 1800 5216 cavillatur.
1821 5162 1892 5216 M.

303 5226 631 5315 έοοδῑῇξτι
658 5227 777 5315 loco
804 5226 940 5315 ἔστίζ
975 5230 1102 5315 Mox.
1127 5231 1235 5315 Μρἶ
1267 5249 1359 5304 γρ.
1395 5231 1745 5315 μεμυημένος
1764 5233 1895 5315 loco

308 5313 479 5368 μεμν.
510 5297 695 5381 Porro~
720 5297 1004 5381 R..‘tOt3‘tOU
1038 5297 1192 5425 gem,—
1222 5297 1343 5358 loco
1376 5297 1534 5355 τοῦτο
1567 5297 1707 5372 μέγ.
1762 5302 1893 5358 Dein

304 5369 600 5455 χιιιξορπὸ
628 5387 737 5455 των
757 5387 835 5455 τῳ
867 5372 932 5455 μ.
968 5374 1035 5455 ρη
1074 5372 1131 5455 ὲν
1160 5371 1267 5455 τῷν
1312 5376 1387 5445 ρ.,
1424 5372 1568 5455 ιξιιίῇ
1601 5373 1708 5452 ἀπό
1734 5388 1892 5429 conc.

306 5435 373 5490 Β.
391 5438 551 5521 μιῇ-ο
576 5441 735 5521 vuigo
756 5435 947 5521 ὁμοίαν
968 5435 1083 5521 loco
1107 5443 1135 5496 ὁ
1170 5443 1296 5521 μίαν
1312 5435 1377 5499 ἐι
1398 5435 1691 5521 absciso?)
1718 5460 1812 5515 πρ.
1838 5455 1893 5499 et

305 5508 425 5585 πρδ
438 5508 557 5585 τῷν
574 5508 1181 5585 αῃίώνωνὲθεμελίωσενί
1200 5514 1302 5585 ἐμέ
1322 5524 1376 5569 et
1410 5514 1509 5584 τῆς
1530 5514 1609 5568 δέ.

380 5579 493 5654 ([33)
534 5578 1245 5654 Μέμνηται...”Αστέριοςξ
1263 5578 1575 5639 νει-ιιιηέει
1616 5583 1758 5654 quod
1806 5585 1891 5639 hic

305 5649 381 5703 ait
418 5648 703 5725 Marcellus
732 5654 904 5725 :Mideo
936 5648 1130 5708 Filium
1166 5648 1342 5708 Patris
1372 5648 1662 5725 imaginem
1692 5654 1890 5723 ubique

306 5723 583 5794 urgebant
610 5722 870 5791 appellari
907 5726 976 5777 ab
1000 5726 1352 5792 Apostolo,et
1379 5727 1458 5781 sic
1478 5722 1882 5794 appellandum,

306 5790 460 5862 quod
496 5791 619 5845 inde
650 5790 881 5862 μείωσιν
923 5795 996 5848 illi
1037 5790 1327 5850 credebant
1371 5790 1584 5861 astru'i';
1613 5804 1668 5849 et
1701 5795 1888 5859 οὐσίας

305 5858 620 5930 ἀλλοίωσιν,
648 5858 702 5919 et
728 5864 1093 5933 άλλογένειαν,
1129 5867 1480 5935 creationem,
1508 5858 1875 5937 posterioritaé

2010 4677 2029 4709 ι
2069 4656 2237 4711 Deum
2265 4654 2357 4726 qui
2389 4654 2576 4723 genuit
2606 4652 2775 4723 ipsos,
2795 4649 3226 4719 dereliquerunt,
3255 4656 3312 4702 et
3341 4652 3589 4717 pertusos

2013 5029 2118 5075 tem
2151 5037 2164 5071 :
2193 5029 2248 5073 et
2270 5020 2538 5074 Eusebius
2569 5015 2997 5088 ipseanimitus,
3026 5009 3244 5088 et_clam
3279 5006 3587 5088 Arianistno

2006 5091 2339 5160 denigratns,
2370 5091 2481 5145 ἄνω
2512 5081 2605 5143 καί
2636 5087 2789 5141 κάτω
2823 5081 3431 5160 στρέφειψοηο-γοοεῃξ
3459 5093 3472 5128 :
3501 5081 3587 5160 in:

2008 5147 2166 5214 terim
2202 5147 2365 5214 etiam
2394 5176 2583 5213 verum
2616 5167 2698 5212 est
2730 5155 2871 5225 quod
2893 5147 3007 5225 'hic
3044 5148 3299 5204 Marcello
3342 5147 3588 5215 obiectat

2006 5231 2296 5294 Eusebius,
2326 5230 2603 5287 Christum
2651 5226 2947 5282 secundum
2992 5224 3285 5294 humanam
3331 5228 3584 5270 naturam

2004 5300 2199 5364 solum,
2233 5289 2585 5369 et'quatenus
2631 5299 2830 5369 homo,
2876 5303 2933 5369 et
2969 5293 3188 5369 quando
3243 5289 3439 5369 homo,
3477 5302 3584 5369 non

2004 5372 2155 5440 prius
2186 5358 2479 5439 imaginem
2502 5374 2568 5424 ab
2594 5358 2851 5441 irllo_dici:
2876 5364 2959 5441 ita
2977 5358 3584 5441 eludunt,‘et.la‘cerant,

2001 5426 2055 5495 et
2089 5426 2669 5511 detorqueuthaaretici
2694 5435 2870 5511 locum
2906 5433 3052 5487 illum
3083 5429 3341 5511 Apostoli,
3368 5426 3579 5511 Coloss.

1999 5513 2167 5579 1.15;
2202 5497 2296 5565 εθῖι
2320 5522 2377 5565 ιιι
2402 5526 2529 5565 vere.
2558 5507 2908 5579 Athanasius,
2936 5497 3338 5579 et_orthqdoxe,
3390 5497 3584 5579 ’ᾼῖδιός

1997 5568 2166 5636 ἐστιν’
2184 5582 2213 5633 ὁ
2246 5582 2458 5652 Πατὴρ,
2476 5580 2782 5652 ᾼὰθάνατος,
2827 5574 3088 5652 δυνατὸςη
3110 5571 3247 5640 φῶς,
3264 5642 3276 5652 ι
3297 5568 3579 5652 βασιλευς,

1997 5640 2418 5724 παντοκράτωρῖ
2444 5640 2612 5724 ’Θεὸςς
2659 5647 2847 5724 κῘῦρξος
2863 5686 2876 5709 ν
2893 5643 3142 5724 ,κτιῗῖἦὶ
3160 5640 3305 5724 ,καῖ
3332 5640 3579 5724 τῖθιηξῄέο·

1995 5724 2182 5778 Ταῦτα
2208 5708 2454 5776 εἶναι’δεῖ
2485 5723 2542 5773 ἐν
2662 5708 2851 5790 εἰκόνι,
2892 5718 2978 5769 ἵνα
2997 5708 3244 5790 άληθῶς
3263 5713 3291 5765 ὁ
3320 5712 3410 5790 τόν
3447 5708 3581 5790 raw

1998 5794 2141 5859 ἰδὼν,
2177 5793 2260 5867 ἴδῃ
2290 5793 2384 5846 καὶ
2408 5793 2498 5867 τὸν
2517 5780 2752 5862 Πατέρα.
2786 5788 2852 5841 Μ.
2886 5819 2954 5827 ——
2994 5780 3133 5842 Intra
3160 5784 3316 5855 vulgo
3346 5780 3587 5860 dopdsoo

1993 5865 2144 5928 ὄντος
2172 5862 2259 5921 om
2266 5866 2373 5920 issu
2402 5862 2488 5916 τοζ
2502 5902 2515 5915 .
