4008 6512
314 412 425 472 76Ῑῖ

1456 420 1733 477 CONTRA
1773 419 2198 477 MARCELLUM
2236 420 2363 478 LIB.
2405 409 2458 477 ι.’

3454 425 3561 481 766

312 530 631 598 τριάκοντα
670 530 769 585 καὶ
806 531 1082 588 διακόσια
1116 535 1241 601 ἐτη,
1275 535 1374 587 καὶ
1414 534 1705 604 ἐγέννησε
1745 536 1883 588 κατὰ

2003 552 2023 586 ι
2056 512 2226 604 guunt
2259 550 2422 605 quam
2452 536 2672 605 impiam
2706 544 2921 591 tueatur
2950 535 2997 592 is
3037 535 3327 593 de-deitate
3349 514 3577 606 opinio?

310 621 431 690 τὴν
461 623 627 676 ἰδέαν
664 625 852 679 αὑτοῦ
884 626 981 679 καὶ
1018 626 1167 680 κατά
1200 626 1313 693 τὴν
1332 606 1536 683 εἰκόνα
1562 627 1769 690 αὐτοῦ,
1794 626 1891 682 καὶ

306 713 665 784 ἐπωνόμασε
691 716 756 769 τὸ
774 716 959 787 ὄνομα
972 718 1156 772 αὐτοῦ
1172 719 1315 785 Σὴθ.
1334 718 1441 770 Kal.
1456 718 1583 789 περὶ
1600 719 1693 788 τῆς
1710 716 1894 786 Θεότη-

307 820 407 867 τος
434 804 491 857 δὲ
520 803 612 857 τοῦ
649 804 779 858 Υἱοῦ
819 808 849 859 ό
894 806 1210 870 Ἀπόστολος
1243 806 1500 870 διδάσκει,
1537 806 1741 875 λέγων·
1788 807 1893 871 Ὃς

306 895 383 947 ἐν
408 894 615 963 μορφῇ
651 896 799 949 Θεοῦ
823 896 1107 967 ὑπάρχων
1137 899 1250 967 οὐχ
1284 896 1597 967 ἁρπαγμὸν
1622 894 1891 965 ἡγήσατο

307 984 379 1038 τὸ
408 981 562 1039 εἶναι
589 986 696 1039 ἶσα
728 986 869 1052 Θεῷ,
905 989 1042 1041 ἀλλ’
1082 988 1297 1042 ἑαυτὸν
1320 987 1579 1041 ἐκένωσε
1599 1004 1611 1017 ·
1660 987 1755 1040 καὶ
1788 986 1890 1040 πά-

264 1146 273 1154 .
305 1078 393 1131 λιν
416 1096 429 1109 ·
472 1080 577 1144 Ὃς
603 1075 690 1132 ὢν
719 1080 1082 1150 ἀπαύγασμα
1114 1079 1221 1149 τῆς
1252 1080 1435 1148 δόξης
1461 1081 1559 1134 καὶ
1589 1080 1890 1150 χαρακτὴρ

266 1224 285 1231 ,
306 1171 420 1239 τῆς
445 1172 860 1239 ὑποστάσεως.
893 1175 1003 1227 Καὶ
1023 1176 1080 1228 ὲν
1104 1175 1309 1246 ἑτέροις
1336 1174 1391 1228 δὲ
1414 1174 1649 1245 εἴρηται·
1686 1174 1891 1231 Ἀπαύ-

266 1317 274 1324 _
304 1281 514 1333 γασμα
541 1264 651 1334 γάρ
676 1266 805 1320 ἐστι
825 1266 1022 1335 φωτὸς
1037 1267 1253 1331 ἀϊδίου,
1283 1268 1382 1321 καὶ
1400 1268 1721 1335 εισοπτρον
1744 1267 1889 1333 ἀκη-

256 3640 263 3651 1

300 1354 565 1409 ,λίδωτον
603 1355 710 1425 τῆς
748 1358 853 1412 τοῦ
907 1358 1052 1413 Θεοῦ
1087 1359 1405 1429 ἐνεργείας,
1434 1359 1533 1412 καὶ
1560 1358 1735 1412 εἰκὼν
1779 1356 1889 1425 τῆς

302 1448 678 1515 ἁγαθότητος
710 1449 914 1503 αὐτοῦ·
958 1446 1113 1513 αὖθις
1142 1449 1198 1503 δὲ
1238 1451 1266 1501 ὁ
1308 1449 1652 1512 Ἀπόστολοςυ
1700 1450 1889 1502 Ἀπεκ-

304 1538 637 1609 δυσάμενοι
666 1540 772 1594 τὸν
797 1541 1057 1596 παλαιόν
1082 1540 1412 1610 ἄνθρωπον,
1442 1540 1541 1595 καὶ
1566 1540 1887 1610 ἐνδυσάμε-

300 1648 403 1685 νοι
424 1634 533 1685 τὸν
566 1632 726 1698 νέον,
758 1633 867 1687 τὸν
891 1634 1403 1703 ἀνακαινούμενον
1428 1636 1514 1698 εἰς
1539 1633 1884 1702 ἐπίγνωσιν,

303 1725 439 1777 κατ’
466 1726 671 1778 εἰκόνα
698 1724 804 1778 τοῦ
835 1726 1174 1792 κτίσαντος,
1208 1726 1402 1795 λέγων,
1435 1724 1593 1794 δῆλός
1626 1726 1791 1788 ἐστιν,
1824 1724 1884 1777 οὐ

304 1814 407 1885 τὴν
453 1814 631 1885 σάρκα
667 1813 917 1886 εἰρῆσθαι
954 1815 1217 1869 διδάσκων
1260 1816 1358 1886 τὴν
1394 1814 1575 1867 εἰκόνα
1624 1809 1762 1867 εἶναι
1793 1812 1884 1865 τοῦ

2002 648 2021 680 ι
2058 644 2202 684 nem.
2228 630 2362 684 Nam
2394 630 2485 699 qui
2514 637 2691 700 potest
2731 628 2862 684 illud
2895 628 3037 697 ﬁeri,
3066 629 3246 698 utqui
3300 629 3561 684 Dominus

1999 739 2019 774 ι
2049 734 2105 777 et
2134 722 2275 779 Deus
2298 731 2459 776 natus
2493 732 2597 786 est,
2628 723 2769 791 quod
2794 731 2910 777 erat
2937 723 3004 777 ab
3037 722 3129 777 illo
3159 721 3212 775 in
3246 722 3558 790 praeceden-

1999 835 2018 866 ι
2064 815 2206 869 tibus
2263 814 2522 884 positum,
2575 812 2670 868 Dei
2732 814 2912 884 imago
2956 813 3263 869 diceretur?
3288 812 3446 865 Aliud
3479 820 3563 866 est

1998 920 2017 952 ι
2060 902 2258 971 quippe
2289 904 2426 956 Deus
2461 921 2473 955 :
2506 911 2559 955 et
2587 902 2762 969 imago
2791 901 2886 955 Dei
2918 901 3083 955 aliud.
3104 901 3243 970 Ergo
3265 902 3354 969 qui
3385 902 3563 970 imago

1997 1011 2016 1045 ι
2045 1002 2176 1057 est,
2211 1007 2317 1047 non
2362 1002 2444 1047 est
2474 993 2519 1047 is
2548 994 2732 1061 utique
2784 992 3043 1048 Dominus
3095 1001 3189 1046 aut
3235 993 3410 1047 Deus:
3467 994 3562 1047 sed

1997 1104 2017 1138 ι
2062 1085 2273 1139 Domini
2303 1084 2501 1153 imago,
2536 1094 2699 1154 atque
2734 1084 2851 1141 Dei.
2896 1082 3050 1150 Quod
3106 1083 3150 1137 si
3183 1083 3443 1138 Dominus
3475 1098 3563 1137 re-~

1996 1196 2013 1229 ι
2057 1192 2181 1232 vera
2217 1178 2284 1232 sit
2312 1188 2367 1232 et
2394 1176 2559 1241 Deus,
2586 1193 2690 1233 non
2716 1185 2895 1247 potest
2916 1189 3039 1230 esse
3067 1176 3246 1245 imago
3272 1175 3361 1231 Dei
3396 1184 3560 1245 alque

1996 1287 2015 1319 ι
2045 1268 2274 1324 Domini.
2316 1287 2335 1321 ι
2370 1267 2493 1323 Haec
2526 1267 3076 1324 inconsideratissime
3104 1267 3183 1323 sic
3226 1267 3293 1321 ab
3321 1267 3411 1322 illo
3441 1277 3557 1322 sta-

1991 1370 2244 1415 tuuntur:
2296 1362 2519 1417 minime
2565 1372 2747 1415 autem
2806 1359 3092 1425 intellexit,
3158 1372 3314 1428 posse
3362 1357 3558 1412 Filium

1994 1456 2051 1514 >14
2083 1451 2207 1516 dici,
2238 1451 2412 1505 vivam
2461 1451 2753 1520 imaginem
2796 1449 2978 1505 Patris
3024 1450 3106 1504 sui
3136 1489 3151 1515 ,
3203 1464 3323 1503 cum
3354 1449 3428 1502 sit
3463 1465 3561 1503 suo

1991 1539 2137 1594 Patri
2170 1555 2332 1610 quam
2367 1541 2699 1596 simillimus.
2749 1540 2861 1595 Hoc
2900 1552 2954 1596 et
2999 1540 3281 1609 Scriptura
3334 1549 3563 1595 testatur

1990 1632 2237 1702 inquiens
2271 1651 2284 1687 :
2330 1631 2467 1687 Vixit
2512 1644 2687 1688 autem
2721 1635 2887 1687 Adam
2910 1633 3163 1686 ducentos
3190 1649 3358 1685 annos
3394 1642 3441 1684 et
3475 1633 3564 1684 tri-

1986 1725 2151 1794 ginta,
2182 1737 2227 1780 et
2267 1729 2441 1796 genuit
2465 1728 2750 1781 secundum
2784 1727 3063 1795 imaginem
3086 1736 3132 1780 et
3160 1725 3562 1778 similitudinem

1988 1835 2137 1871 suam
2189 1819 2381 1887 ﬁlium,
2434 1836 2654 1890 eumque
2711 1821 2997 1873 nominavit
3049 1818 3173 1873 Selii
3214 1820 3279 1871 ⁸⁷.
3312 1820 3386 1871 De
3437 1817 3559 1871 Filii

303 1905 466 1960 Θεοῦ.
496 1906 753 1970 Μεταϐὰς
779 1885 839 1959 δὲ
870 1904 1024 1971 αὖθις
1048 1885 1362 1979 Μάρκελλος
1385 1908 1477 1960 ὲπὶ
1508 1908 1633 1969 τοὺς
1661 1905 1883 1959 ἐπισκό-

1990 1920 2166 1963 autem
2190 1885 2480 1966 divinitate
2507 1885 2795 1981 Apostolus
2832 1912 3010 1976 docet,
3053 1912 3275 1965 dicens:
3309 1910 3412 1973 Qui
3444 1925 3563 1962 cum

303 2014 464 2063 πους,
501 1991 605 2051 ὧδε
644 1998 874 2070 γράψει’
916 2019 933 2051 ι
1004 2000 1133 2054 Ἰδοὺ
1182 2000 1291 2072 γὰρ
1320 2001 1381 2053 τὸ
1426 1999 1568 2053 κατὰ
1612 1999 1885 2069 Ἀστέριον

309 2107 330 2141 ι
372 2091 524 2161 ἡμᾶς
557 2090 668 2161 (18)
708 2092 768 2143 οὐ
798 2090 1049 2144 τοσοῦτον
1088 2092 1267 2156 λυπεῖ,
1302 2093 1350 2144 εἰ
1379 2090 1602 2144 τοιαῦτα
1635 2088 1881 2161 προήχθη

309 2201 328 2233 ι
369 2182 629 2252 γράφειν,
656 2181 770 2234 ἀλλ’
795 2183 874 2235 ὅτι
901 2183 993 2235 καί
1023 2200 1165 2245 τινες
1191 2183 1298 2235 τῶν
1326 2182 1651 2253 προεστάναι
1670 2181 1883 2234 δοκούν-

307 2292 326 2325 ι
368 2291 480 2327 των
498 2274 597 2345 τῆς
634 2273 980 2344 Ἑκκλησίας,
998 2276 1107 2353 τῆς⁸
1123 2273 1220 2345 μὲν
1240 2272 1602 2342 ἁποστολικῆς
1630 2272 1883 2326 ἐπιλαθό-

306 2379 327 2413 ι
372 2378 526 2431 μενοι
546 2362 915 2434 παραδόσεως,
948 2363 1015 2416 τὰ
1037 2362 1093 2416 δὲ
1126 2362 1323 2429 ἔξωθεν
1356 2363 1461 2416 τῶν
1501 2363 1659 2417 Θείων
1692 2380 1881 2436 προτι-

308 2471 328 2504 ι
375 2454 670 2525 μήσαντες,
696 2454 916 2508 τοιαῦτά
940 2472 1058 2508 τινα
1086 2455 1293 2526 γράψαι
1316 2472 1373 2508 τε
1395 2455 1489 2510 καὶ
1509 2455 1714 2523 διδάξαι
1736 2456 1882 2510 ὲτόλ-

308 2562 329 2597 ι
374 2561 579 2616 μησαν,
630 2545 667 2598 ἃ
717 2546 866 2599 οὐδὲν
908 2546 1125 2599 ἔλαττον
1171 2547 1271 2617 τῆς
1314 2547 1423 2601 τῶν
1470 2549 1882 2621 προειρημένων

308 2656 329 2692 ι
368 2639 553 2710 ἔχεται
582 2640 808 2711 πλάνης.
850 2661 869 2693 ι
902 2643 1011 2695 Καὶ
1052 2642 1167 2713 μεθ’
1197 2643 1359 2715 ἕτερα
1386 2643 1649 2712 ἐπιλέγειο
1688 2662 1705 2696 ι
1768 2644 1882 2696 Ἐν-

307 2750 327 2783 ι
367 2731 549 2802 τυχὼν
573 2732 682 2804 γὰρ
710 2734 1023 2804 Ναρκίσσου
1055 2734 1148 2787 τοῦ
1180 2736 1513 2803 Νερωνιάὸος
1544 2737 1881 2809 προεστῶτος

307 2843 327 2875 ι
368 2826 649 2897 ἐπιστολῇ,
674 2828 739 2897 ἢν
762 2827 1003 2898 γέγραφε
1029 2828 1164 2899 πρὸς
1194 2830 1438 2900 Χρηστόν
1470 2830 1580 2900 (I9)
1609 2847 1747 2896 τινα,
1789 2831 1881 2884 καὶ

306 2937 327 2970 ι
370 2919 688 2989 Εὐφρόνιον,
714 2920 806 2973 καὶ
833 2920 1109 2985 Εὐσέϐιον,
1137 2921 1212 2984 ὡς
1250 2921 1426 2974 Ὀσίου
1451 2921 1549 2975 τοῦ
1581 2922 1879 2976 ἐπισκόπου

1987 2005 2041 2056 in
2077 2002 2249 2070 forma
2285 2001 2379 2056 Dei
2416 2004 2825 2066 exsisteret,uon
2861 2003 3037 2071 utique
3065 2004 3304 2069 rapinam
3336 2001 3565 2053 arbitra-

1988 2101 2070 2145 tu:
2102 2102 2210 2158 est,
2233 2108 2409 2146 essese
2434 2092 2685 2161 (aqualem
2718 2091 2865 2146 Deo:
2894 2091 2983 2145 sed
3018 2092 3349 2156 semetipsum
3383 2090 3565 2142 exinao

1987 2184 2113 2236 nivit
2148 2184 2228 2249 ⁸⁸;
2261 2194 2315 2237 ει
2351 2184 2544 2238 iterum
2580 2198 2593 2234 :
2620 2182 2752 2237 Cum
2775 2193 2901 2237 esset
2930 2183 3114 2252 gloria
3139 2184 3558 2249 resplendesceu-

1986 2276 2061 2327 tia
2112 2284 2160 2328 et
2187 2276 2475 2341 emanatio,
2505 2287 2551 2329 et
2580 2277 2855 2329 character
2895 2276 3191 2345 Iiypostasis
3220 2276 3287 2326 ⁵9.
3337 2274 3402 2327 Ει
3433 2273 3561 2326 alibi

1985 2367 2182 2422 dicitur
2216 2384 2231 2421 :
2264 2366 2419 2421 Lucis
2455 2370 2644 2422 etenim
2662 2377 2873 2421 wlerna:
2905 2379 2978 2421 est
3003 2367 3287 2431 emanatio,
3308 2377 3354 2419 et
3383 2380 3564 2433 specu-

1984 2458 2092 2512 lum
2140 2458 2534 2512 immaculatum
2570 2459 2667 2513 Dei
2699 2460 3036 2526 operationis,
3081 2467 3129 2510 et
3175 2458 3349 2525 imago
3398 2456 3565 2524 ipsius

1983 2551 2229 2605 bonitatis
2256 2553 2344 2617 5°;
2385 2560 2439 2606 et
2476 2552 2765 2621 Apostolus
2799 2551 2973 2605 adhuc
3008 2569 3019 2602 :
3064 2549 3310 2603 Devestiti
3349 2557 3566 2601 veterem

1982 2644 2261 2707 hominem,
2294 2654 2341 2697 et
2373 2660 2563 2697 novum
2589 2643 2760 2716 induti
2791 2646 2879 2711 qui
2912 2653 3200 2695 renovatur
3230 2641 3283 2694 in
3308 2640 3567 2708 cognitio-

1982 2750 2117 2798 nem,
2165 2734 2451 2788 secundum
2485 2735 2763 2803 imaginem
2793 2733 3098 2787 Conditoris
3128 2736 3194 2784 ιι.
3260 2732 3390 2799 Qua:
3440 2747 3565 2786 cum

1981 2825 2147 2893 dicat,
2215 2826 2347 2881 satis
2400 2834 2551 2895 patet
2610 2841 2715 2879 non
2782 2827 3013 2880 voluisse
3066 2826 3217 2879 illum
3266 2825 3569 2894 intelligere

1982 2932 2201 2973 carnem
2234 2931 2354 2971 esse
2388 2915 2682 2982 imaginem
2714 2917 2827 2972 Dei.
2863 2916 3156 2971 Trausicns
3192 2916 3317 2969 hinc
3346 2915 3568 2969 Marcel-

308 3026 329 3060 ι
369 3009 743 3081 ἐρωτήσαντος
776 3010 959 3075 αὐτὸν,
987 3012 1057 3076 εἰ,
1087 3011 1273 3084 ῶσπερ
1304 3011 1558 3077 Εὐσέϐιος
1582 3014 1611 3066 ὁ
1637 3014 1736 3084 τῆς
1768 3014 1881 3069 Πα-

1990 3009 2065 3063 lus
2087 3010 2152 3061 ad
2176 3006 2465 3077 episcopos
2492 3007 2563 3061 ita
2593 3006 2779 3061 scribit
2820 3005 2914 3076 [Β.
2948 3004 3263 3077 LXXXVII]
3300 3026 3313 3061 :
3358 3025 3375 3056 ι
3426 3005 3565 3059 Ecce

308 3122 328 3153 ι
373 3102 652 3173 λαιστίνης
678 3103 769 3157 δύο
797 3103 985 3167 οὐσίας
1020 3100 1158 3157 εἶναι
1205 3121 1386 3175 φησιν,
1419 3104 1561 3159 οὕτω
1601 3107 1694 3160 καὶ
1719 3107 1879 3170 αὐτὸς

1987 3120 2006 3154 ι
2044 3116 2194 3165 vero,
2228 3116 2331 3156 non
2366 3113 2473 3155 tam
2522 3101 2720 3155 Asterii
2754 3116 2915 3154 causa
2962 3116 3061 3154 nos
3095 3114 3328 3154 maerore
3377 3096 3561 3157 allicit,

306 3215 328 3248 ι
369 3196 543 3266 λέγοι.
571 3198 781 3265 Ἔγνων
806 3198 967 3252 αὐτὸν
988 3197 1097 3268 (20)
1115 3197 1223 3251 ἀπὸ
1255 3197 1360 3250 τῶν
1376 3198 1713 3270 γραφέντων,
1735 3201 1880 3271 τρεῖς

1990 3195 2090 3250 isi
2146 3194 2273 3249 talia
2314 3193 2511 3249 litteris
2544 3194 2853 3257 mandavit,
2905 3207 3067 3263 quam
3123 3192 3263 3261 quod
3318 3188 3562 3243 nonnulli

306 3309 326 3343 ι
370 3286 510 3344 εἶναι
540 3290 814 3344 πιστεύειν
842 3291 1029 3355 οὐσίας
1071 3291 1514 3363 ἀποκρινόμενον.
1553 3311 1572 3343 ι
1606 3290 1769 3346 Ταῦτ’
1801 3294 1879 3347 εἰ-

304 3382 446 3447 πὼν,
476 3382 585 3436 ἀπὸ
620 3382 711 3437 τοῦ
748 3383 1056 3456 Ναρκίσσου
1085 3385 1176 3438 ἐπὶ
1212 3384 1303 3437 τὸν
1338 3383 1597 3437 Εὐσέϐιον
1629 3385 1883 3455 μεταϐαί-

300 3493 405 3540 νει,
447 3475 789 3547 κατηγορῶν,
825 3476 906 3529 ὅτι
934 3474 1023 3527 τὸν
1052 3476 1222 3545 Λόγον
1254 3475 1349 3529 τοῦ
1383 3474 1549 3541 Θεοῦ,
1584 3476 1713 3529 Θεὸν
1744 3472 1879 3529 εἶναι

300 3567 575 3639 ὁμολογεῖ.
626 3567 833 3639 Γράφει
864 3567 920 3619 δὲ
953 3567 1046 3620 καὶ
1073 3566 1201 3638 περὶ
1234 3567 1397 3620 αὐτοῦ
1448 3566 1621 3620 ταῦτα
1646 3584 1659 3597 ο
1711 3587 1729 3619 ι
1767 3569 1879 3620 Διε-

246 3657 254 3687 ’
310 3680 329 3711 ι
371 3658 485 3711 λεῖν
511 3659 624 3729 γὰρ
645 3659 737 3711 τὸν
762 3658 932 3726 Λόγον
967 3657 1061 3711 τοῦ
1088 3657 1220 3710 Θεοῦ
1250 3657 1542 3729 τολμήσας,
1571 3657 1665 3711 καὶ
1695 3658 1882 3729 ἓτερον

230 3716 237 3791 1

224 3794 233 3887 ἐ

232 3904 241 3967 ὶ

244 4008 261 4059 \

308 3772 330 3805 ι
373 3753 506 3807 Θεὸν
540 3754 631 3805 τὸν
677 3752 847 3822 Λόγον
887 3750 1170 3820 ὀνομάσαι,
1220 3750 1377 3820 οὐσίᾳ
1418 3767 1477 3802 τε
1520 3751 1613 3803 καὶ
1656 3750 1880 3820 δυνάμει

308 3869 328 3900 ι
371 3845 638 3901 διεστῶτα
685 3845 779 3898 τοῦ
812 3844 1054 3915 Πατρὸς,
1089 3844 1167 3906 εἰς
1214 3844 1342 3913 ὅσην
1392 3842 1740 3914 βλασφημίαν
1787 3845 1881 3896 ὲκ-

238 3946 243 3995 l
310 3961 331 3993 ι
372 3940 681 4002 πέπτωκεν,
716 3938 889 3992 ἔνεστι
919 3938 1102 4007 σαφῶς
1132 3936 1223 3990 ἀπ’
1250 3936 1428 3989 αὐτῶν
1455 3936 1562 3988 τῶν
1591 3937 1679 3990 ὐπ’
1721 3936 1881 3990 αὐτοῦ

310 4050 331 4083 ι
374 4031 696 4102 γραφέντων
739 4029 917 4100 ῥητῶν
967 4029 1162 4100 ῥᾳδίως
1206 4027 1514 4099 μανθάνειν.
1572 4047 1589 4079 ι
1635 4028 1880 4099 Γέγραφε

302 4124 365 4177 δὲ
398 4124 587 4187 αὐταῖς
608 4123 814 4187 λέξεσιν
841 4120 1014 4184 οὕτως
1034 4138 1045 4151 ο
1080 4139 1098 4171 ι
1138 4120 1211 4172 Οὐ
1247 4121 1307 4189 δή
1335 4136 1436 4172 που
1461 4120 1517 4172 δὲ
1544 4121 1577 4190 ἡ
1605 4120 1767 4173 εἰκὼν
1790 4122 1882 4173 καὶ

307 4240 326 4270 ι
367 4218 430 4272 τὸ
466 4211 528 4271 οὗ
581 4218 727 4270 ἐστιν
777 4218 809 4287 ἡ
850 4215 1031 4277 εἰκὼν,
1067 4215 1123 4267 ἒν
1174 4216 1266 4267 καὶ
1308 4213 1504 4267 ταύτὸν
1548 4216 1839 4268 ἐπινοεῖται
1864 4231 1875 4243 °

308 4331 329 4363 ι
369 4309 507 4364 ἀλλὰ
534 4309 628 4363 δύο
659 4308 756 4380 μὲν
787 4308 985 4371 οὐσίαι,
1024 4307 1115 4360 καὶ
1153 4305 1244 4359 δύο
1280 4306 1613 4377 πράγματα,
1654 4307 1747 4359 καὶ
1792 4306 1884 4359 δύο

306 4422 327 4453 ι
367 4400 662 4471 δυνάμεις,
704 4391 779 4451 ὧν
819 4398 912 4450 καὶ
973 4394 1225 4448 τοσαῦται
1273 4393 1653 4465 προσηγορίαι.
1704 4412 1721 4443 ι
1773 4392 1883 4446 Καὶ

300 4490 481 4545 ταῦτα
541 4489 616 4553 ῶς
678 4488 855 4552 καλῶς
920 4486 1220 4541 διαϐάλλων
1290 4485 1612 4557 προστίθησι
1670 4484 1877 4553 λέγων’

1992 3310 2010 3344 ι
2055 3291 2143 3361 qui
2165 3304 2397 3361 praeesse
2415 3289 2666 3343 videntur
2683 3287 2963 3353 Ecclesiae,
2987 3286 3295 3356 apostolicae
3322 3284 3567 3338 traditio-

1990 3400 2008 3433 ι
2054 3381 2142 3434 nis
2173 3380 2349 3443 obliti,
2382 3389 2439 3433 et
2469 3378 2748 3434 saecularia
2779 3378 2976 3432 divinis
3004 3376 3376 3446 prteferentcs,
3413 3374 3563 3443 ejus-

1988 3491 2007 3523 ι
2047 3473 2253 3527 cemodi
2283 3472 2526 3542 quaedam
2561 3471 2803 3525 scribere
2834 3479 2888 3524 et
2917 3470 3113 3523 docere
3156 3467 3331 3537 palam
3365 3466 3565 3520 fuerint

1990 3582 2008 3615 ι
2055 3565 2194 3629 ausi,
2235 3580 2353 3633 quis
2376 3578 2483 3617 non
2514 3564 2695 3616 minus
2730 3577 2889 3630 quam
2915 3559 3274 3628 praecedentia
3321 3573 3563 3613 errorem

1988 3676 2005 3707 ι
2055 3657 2350 3726 implicant.
2381 3676 2398 3708 ι
2423 3655 2625 3710 Deinde
2645 3655 2922 3725 subjungit
2958 3663 3079 3723 post
3105 3651 3357 3706 nonnulla
3386 3650 3564 3703 inter-

1975 3750 2157 3818 jecta:
2199 3750 2405 3804 «Incidi
2446 3750 2735 3815 aliquando
2785 3748 2837 3802 in
2896 3746 3179 3816 epistolam
3227 3761 3256 3799 ιι
3311 3742 3565 3796 Narcisso

1988 3863 2006 3897 ι
2054 3844 2311 3913 scriptam
2343 3842 2663 3897 Neroniadis
2689 3842 2964 3910 episcopo,
2992 3854 3152 3909 quam
3176 3838 3240 3891 ad
3271 3836 3560 3891 Cbrestum

1988 3956 2006 3988 ι
2052 3938 2341 4008 quemdam
2380 3936 2577 3991 direxit
2604 3944 2659 3989 et
2689 3934 3057 4002 Euphronium
3084 3972 3099 3996 ,
3135 3940 3190 3985 et
3237 3929 3527 3983 Eusebium
3548 3966 3563 3989 ,

1989 4050 2007 4081 ι
2056 4030 2209 4100 quasi
2237 4029 2516 4098 proposita
2549 4028 2649 4096 ipsi
2677 4027 2745 4081 ab
2770 4024 2933 4080 Hosio
2963 4024 3216 4093 episcopo
3246 4017 3565 4086 qnmstione,

1989 4141 2006 4173 ι
2056 4132 2236 4175 utrum
2283 4122 2435 4190 ipse,
2490 4118 2650 4173 veluti
2708 4117 2973 4171 Eusebius
3036 4112 3380 4176 Palaestinus,
3434 4111 3567 4164 duas

1990 4232 2008 4264 ι
2055 4212 2387 4268 substantias
2415 4211 2699 4265 fateretur.
2722 4208 2870 4263 IIanc
2896 4207 2985 4260 ubi
3017 4206 3275 4275 legeram,
3316 4203 3563 4255 animad-

1990 4324 2008 4356 ι
2058 4305 2198 4359 verti
2268 4314 2322 4358 et
2357 4304 2531 4373 ipsum
2572 4302 2777 4371 scripto
2816 4300 2907 4354 illo
2940 4314 3039 4353 suo
3091 4308 3199 4351 tres
3231 4294 3566 4351 substantias

1990 4416 2008 4449 ι
2053 4395 2274 4451 omnino
2310 4394 2584 4449 confiteri.
2612 4413 2631 4445 ι
2673 4392 2797 4447 llaec
2826 4392 2915 4446 tibi
2954 4391 3107 4457 dixit,
3137 4405 3164 4443 a
3196 4388 3451 4442 Narcisso
3497 4386 3566 4439 ad

1986 4487 2274 4543 Eusebium
2329 4485 2678 4549 transcendit,
2725 4498 2955 4552 eumque
3008 4489 3229 4537 accuSat
3278 4493 3344 4533 eo
3391 4478 3568 4531 nomi-

308 4602 329 4635 ι
370 4583 499 4646 Πῶς
535 4576 627 4635 οὖν
656 4582 715 4633 οὐ
748 4579 844 4651 τὴν
874 4579 1043 4649 αὐτὴν
1074 4572 1215 4633 οὗτοι
1257 4581 1367 4641 τοῖς
1396 4577 1590 4642 ἔξωθεν
1617 4578 1878 4647 κακίστην

1990 4596 2070 4647 ne,
2134 4579 2274 4650 quod
2315 4578 2547 4635 Verbum
2603 4577 2696 4633 Dei
2756 4577 3077 4646 profiteatur
3122 4572 3309 4625 Deum.
3369 4568 3569 4623 Scribit

308 4692 329 4726 ι
368 4672 491 4726 ὁδὸν
538 4671 866 4743 τραπέντας,
904 4670 974 4723 τὰ
1014 4669 1150 4723 αὐτὰ
1191 4669 1395 4735 διδάξαι
1444 4687 1504 4722 τε
1539 4671 1631 4723 καὶ
1674 4670 1878 4741 γράψαι

1990 4680 2163 4727 autem
2199 4671 2263 4725 ad
2289 4670 2431 4725 hunc
2468 4669 2682 4725 modum
2719 4686 2732 4722 :
2782 4666 2873 4739 [Β.
2900 4663 3114 4737 LXXII]
3153 4681 3171 4715 ι
3197 4661 3434 4719 Verbum
3470 4653 3565 4711 Dei

375 4816 437 4874 >14
476 4810 575 4864 Ed.
607 4808 809 4875 Paria,
832 4825 952 4879 pag.
978 4811 1070 4864 ‘25.

377 4882 424 4913 ⁸⁷
459 4880 597 4936 Gen.
649 4894 702 4945 ν,
750 4880 803 4935 5.
879 4880 924 4911 ⁸⁸
952 4879 1146 4951 Philip.
1188 4897 1252 4947 ιι,
1289 4880 1343 4948 6,
1377 4881 1429 4936 7.
1505 4882 1548 4914 ⁸⁸
1580 4881 1745 4939 Hebr.
1772 4900 1809 4952 ι,
1853 4885 1907 4939 5.

380 5017 496 5091 (18)
529 5019 621 5091 κού
651 5017 944 5073 τοσοῦτον
992 5016 1150 5088 ἡμᾶς
1195 5017 1394 5091 λυπεῖ,
1450 5016 1709 5091 Scilicet,
1761 5019 1887 5087 quia

305 5089 429 5147 erat
468 5090 663 5155 laicus,
714 5104 853 5157 pene
888 5104 1130 5159 paganus
1164 5090 1250 5141 hic
1300 5090 1566 5143 Asterius.
1619 5089 1750 5142 Nam
1803 5090 1891 5143 hic

305 5161 603 5215 manifeste
659 5159 903 5223 docetur,
956 5174 1061 5213 non
1121 5159 1289 5213 fuisse
1340 5159 1489 5228 illum
1552 5160 1883 5228 episcopum.

303 5230 480 5285 Porro
511 5245 579 5283 ex
616 5230 700 5283 bis
749 5246 867 5296 quae
911 5240 1235 5299 sequuntur,
1272 5227 1672 5283 manifestarius
1722 5227 1889 5283 luere-

307 5302 449 5357 ticus
475 5300 897 5367 deprehenditur
922 5300 1230 5365 Marcellus,
1259 5301 1301 5354 si
1330 5314 1453 5353 vere
1480 5300 1721 5353 retulerit
1747 5300 1889 5354 illius

307 5371 450 5425 dicta
492 5370 800 5438 scriptaque
829 5372 1107 5425 Eusebius.
1128 5370 1198 5423 Μ.
1217 5402 1288 5412 ——
1309 5370 1442 5441 Dein
1468 5370 1625 5439 vulgo
1655 5370 1889 5441 γράφειν

307 5452 363 5496 et
389 5442 492 5511 τῆς
522 5441 719 5512 ἀποστ.
743 5450 797 5494 et
823 5457 932 5497 om.
959 5442 1068 5512 γάρ
1102 5439 1508 5512 postsvcuxibv.

384 5510 499 5581 (19)
541 5510 698 5578 Πρὸς
724 5512 1001 5579 Χρηστόν
1032 5510 1183 5565 τινα.
1221 5510 1352 5564 Erat
1380 5510 1732 5577 Euphronius
1770 5510 1882 5579 epi-

312 5597 511 5651 scopus
555 5584 945 5643 Antiochenus,
996 5596 1277 5636 successor
1315 5581 1551 5635 Flaccilli
1584 5602 1596 5636 :
1642 5581 1778 5647 ejus,
1810 5582 1878 5635 ad

312 5668 473 5719 quem
527 5661 639 5708 tres
690 5651 853 5706 hosce
904 5652 1229 5721 posteriores
1283 5668 1411 5705 suos
1461 5651 1626 5707 libros
1684 5660 1871 5705 contra

311 5722 659 5783 Marcellum.
716 5723 864 5776 misit
920 5723 1187 5776 Eusebius
1247 5722 1558 5786 dedicatos;
1612 5722 1873 5775 Cbrestus

311 5806 443 5848 Vero
470 5795 754 5863 episcopus
783 5793 1055 5863 Nysscnus
1086 5792 1138 5845 in
1172 5793 1344 5846 locum
1376 5792 1705 5859 Theognidis
1733 5792 1869 5859 pulsi

315 5876 347 5917 ιι
376 5866 759 5928 Constantino,
787 5874 839 5920 et
866 5864 992 5918 olim
1022 5863 1249 5933 depositi
1275 5880 1301 5915 a
1337 5863 1564 5918 concilio
1594 5884 1603 5917 :
1635 5863 1726 5919 sed
1754 5877 1874 5917 cum

1983 4883 2027 4921 ιο
2062 4880 2190 4951 sap.
2222 4896 2291 4936 vu
2316 4921 2330 4946 ,
2362 4880 2452 4935 ‘26.
2530 4881 2571 4911 ³¹
2603 4879 2717 4935 Col.
2758 4893 2838 4939 ιιι,
2864 4876 2917 4941 9,
2947 4876 3034 4931 10.

1995 5017 2244 5073 videatur
2292 5016 2379 5069 hic
2410 5014 2663 5085 Ariauus,
2709 5014 2858 5085 etde
2886 5027 2951 5066 co
2997 5020 3253 5085 tanquam
3299 5021 3410 5085 per_
3438 5019 3566 5085 con-
3620 5020 3635 5079 .i

1993 5096 2257 5156 temptum
2294 5087 2544 5155 loquatur
2579 5075 2885 5145 Marcellus,
2923 5075 3137 5149 opinor,
3168 5077 3329 5129 alium
3364 5075 3430 5128 ab
3460 5076 3565 5129 isto
3612 5132 3629 5156 η,

1990 5153 2124 5210 vult.
2161 5157 2230 5208 Μ.
2365 5153 2376 5155 ί

2061 5228 2175 5299 (20)
2220 5228 2445 5294 ’Έγνων
2477 5226 2679 5299 αὐτόν.
2731 5222 2992 5291 Loquitur
3027 5216 3324 5299 .lllarcellus
3344 5214 3567 5299 Eii-

1989 5285 2170 5363 sebio;
2187 5307 2239 5351 et
2278 5285 2461 5349 verum
2490 5306 2593 5359 est,
2622 5285 2960 5347 fatetur'tres
2988 5288 3196 5365 οὐσίας,
3225 5287 3317 5365 sed
3344 5285 3563 5365 Filium,
3620 5302 3623 5305 ί

1992 5378 2048 5423 et
2095 5354 2352 5437 spiritum
2404 5354 2675 5437 sanctum
2704 5373 2918 5417 creatas
2973 5358 3333 5437 substantias.
3370 5354 3565 5435 Filium

1992 5427 2153 5494 Patre
2192 5438 2479 5496 minorem,
2532 5434 2791 5502 Spiritum
2842 5440 3085 5505 sanctum
3118 5427 3270 5488 Filio,
3322 5429 3465 5478 hunc
3492 5427 3564 5505 .in

1990 5519 2253 5578 tempore,
2301 5506 2446 5578 illum
2482 5500 2606 5578 ante
2644 5514 2914 5578 tempora,
2938 5500 3341 5578 sed_c_reat_um;
3377 5500 3563 5578 statim

1990 5563 2208 5634 accusat
2234 5563 2355 5633 eum
2386 5574 2668 5628 Marcellus
2688 5563 2878 5626 de'lioc
2895 5563 3381 5640 vipsgblaspbemo,
3406 5563 3565 5640 οὐσίᾳ

1986 5650 2080 5702 καὶ
2099 5648 2324 5719 δυνάμει
2351 5644 2612 5719 διεστῶτα
2631 5641 2724 5696 τοῦ
2747 5638 3103 5719 [[ατρόςλΝρε
3129 5638 3377 5719 ιιιιιοΙίιιιι·
3397 5638 3550 5719 ‘Etise

1988 5720 2109 5773 hius
2141 5707 2277 5772 hanc
2306 5716 2725 5770 accusationem.
2757 5712 2828 5767 M.
2856 5707 2923 5751 ἐ-
2957 5712 3082 5764 Deiu
3118 5708 3278 5780 vulgo
3316 5707 3422 5761 ἀπὸ
3456 5707 3559 5759 τῶι

1988 5790 2077 5842 ὑπ’
2117 5787 2277 5841 αὐτοῦ
2304 5800 2353 5841 et
2376 5780 2447 5840 ὧν
2474 5786 2564 5838 καί
2592 5802 2703 5837 τος.
2726 5795 2777 5839 et
2805 5782 3126 5853 τραπόντας.
