4008 6516
507 432 603 486 ΠΙ
1174 420 1442 480 EUSEBII
1481 415 1947 475 CESARIENSIS
1981 411 2131 469 OPP.
2173 411 2349 468 PARS
2390 409 2474 464 IV.
2517 438 2584 447 -—
2623 406 3040 463 DOGMATICA.

3640 408 3740 462 7??

509 569 528 600 ι
575 549 874 602 arbitratus
910 553 992 598 est
1015 557 1156 597 esse.
1186 560 1204 593 ι
1235 541 1405 606 Quos,
1434 540 1594 592 veluti
1639 538 1705 591 de
1734 534 1836 589 diis
1869 531 2076 602 Opinio-

2191 551 2200 580 ι
2244 531 2472 600 γράψεν.
2501 527 2665 579 Οὐδὲν
2704 525 2812 596 γάρ
2846 523 3359 595 συγχωρεῐόλέγων’
3395 523 3739 594 Ποιήσωμεν

506 658 602 696 nes
641 640 1051 694 iutrodueeutes
1081 644 1320 695 accusat,
1351 647 1472 686 cum
1501 631 1618 684 Filii
1647 630 1898 683 deitatem
1921 633 2076 694 neget

507 736 640 798 ipse.
685 730 784 795 Qui
816 729 859 782 si
893 726 1056 780 verba
1114 725 1412 778 Eusebiana
1447 735 1745 791 proponere
1795 717 2072 778 voluisset,

507 820 861 875 intellexisset
893 815 1077 884 procul
1111 815 1273 866 dubio
1307 826 1409 866 non
1442 811 1531 863 illa
1553 822 1830 874 esse,qu:e
1860 807 2071 858 Patrem

505 911 677 963 solum
705 925 892 964 verum
907 908 1074 961 Deum
1096 907 1424 970 docuissent,
1447 918 1568 957 cum
1589 917 1616 954 a
1637 899 1925 954 Servatore
1949 912 2074 966 pro-

505 1003 672 1055 latum
693 1002 761 1055 sit
791 1000 945 1064 illud,
962 1009 1015 1051 ut
1040 1013 1087 1052 te
1111 1005 1422 1066 cognoscant
1442 993 1610 1047 solum
1635 1007 1808 1046 verum
1827 990 1989 1042 Deum
2007 987 2073 1041 ⁵⁸.

505 1095 637 1149 Post
683 1092 945 1147 nonnulla
998 1089 1269 1144 subnectit
1334 1087 1584 1155 inquiens
1645 1083 1735 1155 [R.
1794 1078 2004 1151 XXVII]
2059 1098 2071 1131 :

513 1207 530 1238 ι
580 1185 822 1255 Namque
868 1183 1010 1238 unde
1069 1181 1160 1236 ille
1201 1179 1359 1233 nobis
1394 1180 1764 1232 demonstrare
1813 1173 2010 1241 poterit
2047 1185 2077 1224 e

513 1298 531 1331 ι
580 1275 878 1346 Scriptnris
913 1275 1119 1335 sacris,
1157 1287 1325 1324 unum
1379 1283 1500 1323 esse
1544 1267 1837 1336 ingenitum
1863 1303 1879 1327 ,
1911 1280 2074 1317 unum

513 1390 531 1422 ι
579 1372 706 1424 item
735 1366 973 1438 genitum
1003 1369 1061 1427 ᾖ
1089 1363 1175 1434 (eo
1203 1361 1362 1415 modo
1393 1359 1647 1413 nimirum
1675 1371 1782 1426 quo
1810 1370 1932 1410 esse
1954 1370 2074 1410 eum

514 1485 532 1516 ι
579 1467 812 1535 genitura
842 1464 942 1534 ipsi
972 1462 1313 1526 autumant),
1337 1474 1458 1513 cum
1489 1457 1874 1526 prophetarum
1903 1455 2076 1508 nullus

515 1575 533 1606 ι
580 1567 673 1609 aut
709 1556 1185 1624 evangelistarum,
1217 1550 1396 1604 nullus
1426 1548 1791 1619 apostolorum
1839 1547 1890 1600 id
1935 1545 2080 1600 aﬂir-

515 1668 533 1698 ι
581 1649 751 1702 met?»
787 1649 1063 1714 Deinceps,
1108 1660 1213 1698 non
1239 1657 1399 1698 secus
1425 1656 1586 1710 quam
1617 1641 1706 1708 qui
1745 1640 1797 1692 in
1826 1637 2077 1692 certatni.

509 1741 667 1794 nibus
697 1737 1047 1800 describitur,
1086 1736 1152 1790 ad
1189 1749 1406 1789 manum
1449 1747 1570 1786 cum
1610 1731 1859 1784 erunibus
1883 1743 2076 1784 conse-

510 1834 752 1891 rendam,
790 1828 997 1882 confert
1023 1842 1080 1883 se
1107 1827 1170 1880 ad
1215 1825 1524 1879 Narcissum
1551 1832 1605 1877 et
1637 1820 1833 1892 ai'.[R.
1869 1817 2070 1889 LXX]:

514 1938 531 1969 ι
579 1918 711 1984 Quis
743 1929 919 1971 autem
972 1917 1104 1970 illud
1148 1915 1405 1978 aiIirmat,
1448 1915 1640 1967 nedum
1675 1913 1985 1973 contendit,
2029 1917 2084 1964 ut
2116 1893 2157 1950 η

514 2031 532 2063 ι
580 2011 865 2065 Narcissus
899 2010 1118 2064 disertis
1159 2008 1341 2063 verbis
1393 2007 1624 2071 asserit,
1684 2005 1917 2074 primum
1966 2018 2084 2057 esse

516 2121 534 2152 ι
585 2101 772 2166 Deum,
821 2109 874 2153 et
907 2101 1230 2154 secundum.
1280 2095 1395 2150 Non
1444 2105 1595 2150 certe
1637 2095 1923 2150 conﬁrmat
1981 2094 2084 2147 hoc

519 2212 538 2246 ι
585 2195 728 2262 quod
760 2193 983 2255 dicitur,
1012 2192 1165 2253 illud,
1213 2189 1498 2244 Faciamus
1545 2190 1804 2242 hominem
1842 2187 1908 2239 ad
1948 2188 2084 2238 ima-

521 2304 537 2335 ι
585 2301 753 2354 gmem
810 2291 1041 2335 nostram
1094 2291 1143 2334 et
1187 2282 1581 2335 similitudinem
1632 2279 1700 2310 ⁸⁶⁶
1753 2278 1894 2348 (ipse
1936 2278 2080 2330 enim

516 2375 775 2430 Dominus
826 2383 1076 2438 testatur,
1109 2383 1164 2426 et
1215 2374 1429 2442 partim‘
1454 2373 1755 2426 audivimus
1807 2386 1836 2423 a
1882 2372 2086 2425 sanctis

517 2467 830 2536 Scripturis,
858 2469 982 2537 quia
1029 2468 1144 2536 ipse
1180 2467 1450 2536 ipsiusque
1490 2465 1651 2518 Pater
1694 2465 1799 2516 duo
1847 2473 1991 2519 sunt.
2030 2463 2085 2515 Si

517 2577 650 2630 ergo
678 2560 963 2613 Narcissus
987 2559 1189 2611 idcirco
1219 2557 1346 2611 velit
1373 2557 1564 2610 Filium
1595 2571 1624 2608 a
1665 2553 1822 2606 Patre
1849 2552 2085 2620 potentia

517 2651 792 2713 dividere,
845 2650 1056 2703 noverit
1101 2649 1225 2716 quia
1283 2647 1369 2700 ille
1418 2646 1507 2715 qui
1559 2645 1778 2711 scripsit
1833 2643 2087 2711 propheta

522 2745 674 2812 quasi
711 2745 848 2797 Deus
889 2742 1084 2795 dixerit
1123 2759 1136 2794 :
1190 2739 1474 2793 Faciamus
1501 2740 1758 2791 hominem
1794 2738 1862 2788 ad
1905 2735 2091 2803 imagi-

523 2855 541 2887 ι
585 2852 697 2889 nem
749 2845 983 2889 nostram
1035 2845 1080 2888 et
1134 2832 1573 2899 similitudinem),
1639 2831 1752 2897 ipse
1784 2830 1907 2881 ait:
1952 2845 1970 2877 ι
2020 2825 2086 2879 Et

528 2947 546 2980 ι
590 2928 711 2999 fecit
784 2929 1048 2981 hominem
1109 2926 1266 2979 Deus.
1337 2945 1353 2975 ι
1414 2925 1620 2977 Relicto
1680 2921 1970 2984 Narcisso,
2036 2921 2089 2974 in

521 3022 788 3075 Asterium
825 3020 1016 3074 scribit
1049 3018 1141 3091 [Β.
1182 3015 1365 3088 LXIII]
1410 3033 1473 3070 ει
1517 3016 1694 3069 Unum
1744 3025 1906 3082 atque
1950 3014 2088 3066 idem

522 3130 540 3161 ι
580 3127 697 3165 esse
714 3114 1023 3179 pronuntiat
1047 3111 1312 3171 Asterius,
1333 3109 1546 3162 Patrem
1571 3107 1907 3160 solummodo
1933 3117 2091 3173 atque

524 3218 540 3248 ι
585 3198 775 3253 Filium
834 3200 885 3252 in
938 3215 1004 3253 eo
1051 3198 1193 3269 quod
1253 3214 1346 3268 per
1393 3198 1573 3249 mutua
1637 3197 1983 3249 consentiant
2035 3205 2089 3248 et

524 3308 541 3338 ι
589 3291 942 3358 conspirent;
1013 3291 1089 3343 ait
1129 3293 1275 3343 enim
1320 3307 1332 3342 :
1387 3287 1615 3356 PrOpler
1676 3288 2084 3341 exactissitnam

524 3398 541 3429 ι
595 3380 738 3433 illam
807 3381 1218 3435 consonantiam
1280 3384 1331 3431 in
1395 3379 1647 3432 omnibus
1705 3378 1865 3431 dictis
1927 3386 2087 3443 atque

527 3490 544 3521 ι
592 3472 766 3535 factis,
823 3472 1020 3524 dicitur
1048 3489 1063 3525 :
1094 3469 1202 3540 Ego
1235 3481 1281 3523 et
1327 3467 1487 3520 Pater
1533 3485 1692 3520 unum
1727 3483 1904 3519 sumus
1955 3467 2021 3519 ⁸⁷.
2065 3486 2081 3517 ι

520 3564 790 3618 Invehitnr
831 3565 1025 3619 deinde
1076 3564 1127 3616 in
1183 3561 1472 3616 Eusebium
1523 3563 1594 3614 ita
1625 3560 1713 3631 [Ιῖ.
1749 3557 2036 3630 LXXXIX]
2071 3575 2085 3611 :

526 3677 545 3708 ι
595 3658 941 3712 Servatorem
982 3657 1254 3710 hominem
1292 3656 1459 3709 fuisse
1495 3655 1692 3709 docet:
1728 3655 1886 3722 idque
1924 3653 2090 3721 liquet

525 3769 544 3802 ι
597 3751 648 3803 in
696 3765 762 3804 eo
808 3749 950 3817 quod
1002 3750 1296 3803 vaferrime
1350 3749 1674 3801 sententiam
1737 3746 2086 3814 apostolicam

525 3861 543 3894 ι
592 3843 828 3896 traducit
857 3841 1127 3896 Eusebius
1162 3842 1228 3895 ad
1256 3855 1406 3896 suam
1438 3840 1772 3894 voluntatem
1809 3837 2087 3891 constabi-

524 3951 545 3986 ι
592 3935 848 3989 liendam.
886 3934 1060 3989 Veluti
1085 3933 1229 3987 enim
1254 3933 1344 4000 qui
1369 3933 1480 4002 jam
1511 3932 1711 3984 dudum
1736 3931 2086 3999 parturierat,

526 4043 546 4079 ι
596 4038 652 4080 ιιι
697 4027 748 4080 in
792 4026 964 4081 lucem
1009 4025 1403 4093 blasphemiam
1435 4023 1761 4076 horrendam
1794 4023 2090 4091 productu-

527 4140 543 4170 ι
595 4136 703 4181 rus,
731 4114 802 4172 ita
834 4119 898 4172 de
939 4134 1037 4173 suo
1067 4119 1286 4186 proprio
1315 4117 1568 4170 thesauro
1596 4112 1782 4168 eil'udit
1804 4113 2088 4177 malitiam,

525 4229 544 4262 ι
582 4212 734 4281 juxta
757 4212 957 4266 dictum
975 4211 1304 4265 Servatoris.
1326 4209 1568 4277 Namque
1585 4216 1902 4262 ostensurus
1921 4207 2091 4276 homig

524 4322 543 4354 ι
596 4317 714 4356 Ilcul
755 4304 927 4358 solum
991 4302 1338 4358 Servatorem
1398 4302 1705 4365 exstitisse,
1765 4314 1871 4354 non
1932 4301 2092 4354 aliter

2184 641 2201 671 ι
2243 621 2554 687 ἄνθρωπον
2581 619 2920 671 κατέικόνα
2947 617 3240 686 ἡμετέραν
3263 615 3359 669 καὶ
3382 617 3511 671 καθ’
3541 621 3731 688 ὁμοίω·

2183 731 2200 762 ι
2243 728 2348 765 σιν
2362 711 2462 780 (ὅτι
2483 711 2579 780 μὲν
2597 709 2759 772 αὐτὸς
2777 710 2868 763 καὶ
2880 711 2907 761 6
2924 707 3112 780 Πατὴρ
3124 707 3286 762 αὑτοῦ
3301 709 3394 761 δύο
3406 710 3560 772 εἰσιν,
3582 711 3744 763 αὐτοῦ

2183 823 2200 853 ‹
2243 802 2336 856 τοῦ
2385 801 2590 872 Κυρίου
2629 799 3026 870 μαρτυροῦντος
3080 801 3174 853 καὶ¹
3221 799 3329 852 τῶν
3387 800 3559 868 ἁγίων
3609 802 3744 873 Γρας

2183 915 2202 948 ι
2243 895 2358 965 φῶν
2392 899 2456 948 ἐκ
2491 895 2686 966 μέρους
2725 893 3058 963 ἠκούσαμεν.
3108 894 3170 945 El
3210 893 3390 946 τοίνυν
3439 891 3744 965 Νάρκισσος

2183 1009 2200 1040 ι
2240 989 2327 1042 διὰ
2366 988 2523 1041 τοῦτο
2553 989 2780 1057 διαιρεῖν
2817 985 3042 1055 δυνάμει
3071 986 3162 1037 τὸν
3191 986 3360 1054 Λόγον
3393 986 3486 1038 τοῦ
3534 986 3745 1056 Πατρὸς

2183 1102 2200 1134 ι
2240 1082 2409 1136 ὲθέλοι
2426 1122 2440 1144 ,
2468 1081 2657 1151 γνώτω
2685 1082 2764 1134 ὅτι
2791 1082 2818 1133 ό
2844 1079 3054 1150 γράψας
3081 1085 3361 1150 προφήτης
3386 1081 3461 1142 ὡς
3484 1080 3578 1132 τοῦ
3611 1080 3746 1133 Θεοῦ

2183 1199 2202 1230 ‹
2242 1179 2550 1250 εἰρηκότος·
2599 1177 2948 1246 Ποιήσωμεν
2999 1177 3312 1243 ἄνθρωπον
3360 1175 3484 1227 κατ’
3543 1175 3749 1227 εἰκόνα

2184 1291 2202 1322 ι
2243 1272 2532 1340 ἡμετέραν
2587 1269 2686 1322 καὶ
2737 1269 2865 1323 καθ’
2917 1269 3239 1337 ὁμοίωσιν),
3271 1267 3429 1330 αὐτὸς
3471 1267 3744 1338 γέγραφε-

2185 1382 2201 1413 ι
2241 1361 2349 1416 Καὶ
2376 1361 2664 1427 ἐποίησεν
2693 1363 2724 1414 ό
2747 1359 2889 1426 Θεὸς
2913 1359 3018 1413 τὸν
3050 1359 3378 1428 ἄνθρωπον.
3411 1378 3429 1410 ι
3449 1359 3559 1412 Καὶ
3583 1375 3747 1430 μετα-

2179 1454 2280 1517 ϐὰς
2303 1453 2410 1506 άπὸ
2439 1453 2749 1524 Ναρκίσσου
2784 1453 2877 1504 ἐπὶ
2899 1453 2990 1505 τὸν
3022 1452 3313 1523 Ἀστέριον,
3334 1450 3506 1504 ταῦτα
3526 1453 3748 1522 γράφει·

2185 1562 2203 1596 ι
2250 1545 2344 1598 ’Ἑν
2395 1543 2502 1616 γάρ
2541 1539 2681 1596 εἷναι
2719 1546 2812 1597 καὶ
2857 1545 3052 1597 ταύτὸν
3101 1545 3372 1616 Ἀστέριος
3415 1544 3556 1598 κατὰ
3594 1545 3751 1597 τοῦτο
3815 1599 3823 1610 ,

2185 1655 2203 1686 ι
2246 1637 2562 1706 ἀπεφήνατο
2597 1636 2754 1706 μόνον
2793 1636 2881 1689 τὸν
2933 1636 3152 1706 Πατέρα
3188 1639 3282 1690 καὶ
3316 1637 3403 1689 τὸν
3444 1637 3590 1700 Υἱὸν,
3628 1636 3750 1689 καθ’

2187 1747 2204 1778 ι
2243 1727 2271 1780 ὂ
2302 1730 2358 1780 ὲν
2389 1729 2522 1780 πᾶσι
2553 1727 2952 1798 συμφωνοῦσιν.
2988 1728 3143 1781 Οῦτω
3187 1729 3295 1800 γὰρ
3340 1728 3473 1799 ἔφη·
3516 1730 3629 1783 Καὶ
3666 1729 3755 1782 διὰ

2187 1838 2204 1869 ι
2247 1819 2345 1890 τὴν
2380 1821 2439 1872 ὲν
2468 1821 2602 1872 πᾶσι
2623 1819 2798 1888 λόγοις
2842 1837 2900 1872 τε
2933 1821 3027 1872 καὶ
3074 1820 3254 1890 ἔργοις
3293 1820 3492 1892 ἀκριϐῆ
3527 1837 3755 1890 συμφω-

2191 1930 2210 1962 ι
2246 1912 2384 1976 νίαν,
2429 1912 2574 1981 Ἐγὼ
2601 1914 2695 1965 καὶ
2738 1916 2770 1965 ό
2799 1912 3000 1979 Πατὴρ
3043 1913 3114 1967 ἔν
3141 1914 3346 1982 ἐσμεν.
3389 1933 3407 1964 ι
3443 1915 3552 1967 Καὶ
3587 1914 3755 1965 Εὐσε-

2186 2003 2301 2056 6ίου
2336 2003 2494 2056 πάλιν
2519 2002 3050 2072 καθάπτεταιλέγων
3075 2021 3087 2034 ο
3119 2022 3138 2054 ι
3177 2005 3492 2076 ’Ἄνθρωπον
3520 2003 3629 2074 γάρ
3661 2003 3753 2057 τὸν

2192 2117 2209 2149 ι
2253 2099 2481 2169 Σωτῆρα
2519 2093 2654 2150 εἶναι
2690 2096 2953 2166 βούλεται.
2998 2097 3164 2168 Δῆλον
3195 2098 3249 2151 δὲ
3293 2098 3383 2166 ἀφ’
3413 2091 3487 2151 ὧν
3519 2097 3755 2168 πανούρ-

2191 2210 2208 2242 ι
2249 2209 2359 2259 γως
2409 2191 2479 2244 τὰ
2513 2191 2606 2244 τοῦ
2643 2192 2960 2246 Ἀποστόλου
3013 2191 3150 2262 ῥητά
3199 2191 3455 2255 Εὐσέϐιος
3505 2192 3641 2264 πρὸς
3697 2191 3758 2245 τὸ

2193 2303 2211 2333 ι
2251 2283 2442 2337 ἑαυτοῦ
2485 2286 2784 2354 μετήνεγκε
2828 2284 3090 2355 βούλημα.
3147 2285 3234 2349 Ὡς
3269 2286 3376 2356 γὰρ
3417 2287 3480 2337 ὲκ
3522 2285 3757 2348 παλαιᾶς

2193 2395 2211 2427 ι
2252 2393 2393 2439 τινος
2413 2376 2618 2439 ὠδῖνος,
2643 2376 2902 2446 μεγίστην
2927 2378 3234 2447 ἀποκυῆσαι
3258 2376 3574 2447 βουλόμενος
3597 2376 3759 2446 βλασ-

2194 2486 2211 2518 ι
2252 2468 2482 2538 φημίαν,
2519 2467 2730 2537 ἐξέχεεν
2779 2467 2887 2520 ἀπὸ
2923 2467 3016 2520 τοῦ
3089 2467 3217 2520 ἰδίου
3271 2467 3565 2538 θησαυροῦ,
3616 2467 3758 2521 κατά

2196 2583 2212 2614 ι
2251 2564 2348 2634 τὴν
2380 2564 2473 2617 τοῦ
2521 2563 2770 2632 Σωτῆρος
2822 2563 2997 2633 ῥῆσιν,
3033 2561 3093 2614 τὸ
3136 2561 3389 2631 πονηρόν.
3438 2545 3756 2631 ’Ἄνθρωπον

2195 2672 2212 2703 ι
2252 2652 2362 2725 γάρ
2407 2654 2694 2724 μόνονιτὸν
2725 2652 2950 2722 Σωτῆρα
2978 2651 3146 2716 δεῖξαι
3177 2651 3513 2722 βουλόμενος,
3560 2649 3638 2712 ὡς
3669 2649 3760 2719 μέ-

2196 2764 2214 2796 ι
2253 2763 2434 2814 γιστον
2475 2748 2607 2817 ἡμῖν
2655 2745 2960 2816 ἀπόρρητον
2992 2744 3085 2798 τοῦ
3130 2745 3449 2796 Ἀποστόλου
3491 2741 3757 2798 ἀνακαλύ-

2197 2856 2213 2888 ι
2258 2855 2404 2890 πτων
2451 2839 2768 2908 μυστήριον,
2793 2837 2965 2902 οὕτως
2992 2838 3117 2908 ἔφη’
3153 2839 3244 2891 Διὸ
3270 2839 3583 2907 σαφέστατα
3613 2837 3703 2890 καὶ
3727 2839 3757 2890 6

2197 2951 2214 2982 ι
2255 2931 2395 2995 θεῖος
2438 2929 2785 2995 Ἀπόστολος,
2813 2932 2912 3002 τὴν
2936 2932 3239 3002 ἀπόρρητον
3274 2933 3402 3000 ἡμῖν
3440 2932 3532 2983 καὶ
3570 2948 3758 3001 μυστι-

2197 3040 2214 3071 ι
2255 3023 2354 3093 κὴν
2393 3023 2712 3094 παραδιδοὺς
2739 3022 3032 3091 θεολογίαν,
3076 3023 3173 3094 βοᾷ
3199 3023 3291 3075 καὶ
3317 3022 3620 3094 κέκραγεν·
3657 3016 3758 3085 Εἷς

2197 3133 2215 3164 ι
2262 3118 2294 3166 ὀ
2313 3115 2472 3181 Θεός.
2492 3111 2623 3168 Εἶτα
2651 3115 2788 3186 μετὰ
2807 3117 2897 3168 τὸν
2917 3115 3012 3168 ἕνα
3027 3115 3157 3168 Θεόν
3183 3131 3363 3185 φησιν·
3394 3111 3498 3178 Εἷς
3507 3115 3755 3182 μεσίτης

2115 3231 2158 3288 C
2197 3222 2215 3255 ι
2258 3204 2404 3258 Θεοῦ
2427 3206 2522 3257 καὶ
2546 3206 2885 3273 ἀνθρώπων,
2913 3206 3217 3274 ἅνθρωπος
3230 3205 3465 3273 Ἰησοῦς
3484 3204 3759 3273 Χριστός.

2201 3315 2217 3347 ι
2258 3298 2318 3349 El
2359 3299 2535 3350 τοίνυν
2581 3297 2863 3370 ἄνθρωπον
2911 3297 3072 3350 αὑτὸν
3123 3294 3259 3350 εἷναί
3288 3315 3450 3368 φησι,
3519 3300 3586 3368 τῇ
3625 3296 3760 3350 κατὰ

2200 3410 2217 3441 ι
2260 3391 2436 3462 σάρκα
2486 3390 2646 3442 αὑτοῦ
2707 3391 2842 3463 μόνη
2883 3390 3161 3460 προσέχων
3205 3389 3501 3460 οἰκονομία,
3547 3389 3760 3452 πάντως

2201 3503 2219 3534 ι
2258 3488 2473 3538 κάκεῖνο
2504 3485 2851 3554 συνομολογεῖ
2876 3484 2937 3537 τὸ
2969 3485 3100 3556 μηδὲ
3139 3484 3282 3554 ἔχειν
3315 3483 3502 3535 ἐλπίδα
3547 3483 3636 3534 ἐπ’
3673 3480 3764 3532 αὑ-

2201 3596 2217 3625 ι
2258 3577 2368 3628 τόν.
2406 3577 2864 3644 Ἐπικατάρατος
2889 3577 2996 3648 γάρ
3017 3575 3342 3644 ἄνθρωπος,
3392 3577 3420 3628 6
3482 3575 3764 3644 προφήτης

2201 3687 2218 3716 ι
2256 3668 2517 3738 Ἱερεμίας
2539 3668 2662 3739 ἔφη,
2692 3668 2760 3731 ὃς
2780 3668 3116 3736 τὴν-ἐλπίδα
3142 3669 3264 3736 ἔχει
3288 3664 3378 3720 ἐπ’
3395 3667 3758 3737 ἄνθρωπονοι

2207 3758 2367 3830 Ὁρᾷς
2399 3760 2544 3821 ὅπως
2585 3760 2618 3827 ἡ
2667 3759 2833 3811 κακία
2872 3758 3186 3827 τυφλώττει.
3223 3757 3406 3812 Ταῦτα
3431 3756 3563 3826 γοῦν
3606 3756 3764 3818 αὐτὸς

2199 3853 2548 3922 μαρτυρήσας
2579 3851 2708 3903 Θεὸν
2752 3851 3096 3920 ὁμολογοῦντι
3136 3850 3392 3913 τὸνκΥἱὸν,
3423 3849 3765 3920 μεμφόμενός

2195 3957 2254 3993 τε
2292 3944 2384 3995 ἐπὶ
2411 3942 2604 4013 τούτῳ,
2639 3944 2715 4006 ὼς
2740 3944 2870 3996 Θεὸν
2895 3944 3051 4014 οὐσίᾳ
3089 3943 3179 3996 καὶ
3222 3943 3447 4013 δυνάμει
3483 3941 3763 4010 ὑφεστῶτα

2196 4037 2286 4090 τὸν
2313 4035 2407 4089 τοῦ
2454 4036 2589 4089 Θεοῦ
2629 4036 2798 4104 Λόγον
2830 4036 3119 4104 εἰσάγοντι,
3161 4034 3255 4088 νῦν
3302 4035 3390 4092 τὸν
3417 4034 3580 4087 αὐτὸν
3611 4048 3764 4085 συκο-

2199 4131 2406 4197 φαντεῖ,
2441 4127 2515 4192 ὼς
2554 4127 2706 4196 ψιλὸν
2749 4127 3032 4197 ἄνθρωπον
3073 4126 3298 4194 λέγοντα
3338 4121 3474 4178 εἶναι
3513 4126 3604 4177 τὸν
3640 4127 3766 4194 Χρτ-

2201 4221 2341 4286 στὸν,
2373 4220 2660 4292 προφανῶς
2689 4219 3188 4289 καταψευδόμενος,
3229 4219 3283 4271 ἐν
3331 4235 3387 4271 τε
3431 4212 3513 4281 οἷς
3559 4219 3763 4290 εἴρηκε,

2199 4313 2292 4366 καὶ
2340 4314 2396 4364 ὲν
2437 4307 2518 4376 οἷς
2566 4311 2691 4382 ἑξῆς
2743 4311 2936 4380 ἐπάγει
2974 4307 3128 4373 αὖθις
3187 4309 3313 4380 περὶ⁸
3354 4310 3516 4362 αὑτοῦ
3567 4308 3762 4376 λέγων·

527 4411 546 4445 ι
592 4411 751 4462 quam
779 4395 872 4464 qui
903 4395 1220 4464 mysterium
1243 4393 1622 4448 absconditum
1652 4391 1898 4461 Apostoli
1925 4391 2085 4445 mani-

2191 4419 2224 4484 ςιι
2277 4403 2415 4455 Ἀλλ’
2450 4406 2478 4457 6
2511 4402 2921 4474 προειρημένος,
2964 4401 3167 4472 βραχέα
3198 4401 3306 4453 τῶν
3353 4400 3522 4467 ἁγίων
3563 4418 3769 4471 προφη-

526 4505 546 4537 ι
597 4487 890 4541 festaturus
919 4498 1059 4553 erat,
1091 4491 1174 4557 ,ita
1228 4489 1404 4557 inquit
1435 4511 1446 4543 :
1479 4488 1818 4556 Quapropter
1866 4485 2085 4556 apertis-

2207 4514 2223 4544 ι
2262 4495 2370 4548 τῶν
2406 4494 2695 4564 φροντίσας
2715 4535 2728 4556 ,
2751 4494 2828 4556 ὡς
2866 4493 3172 4565 ἀπόρρητόν
3203 4509 3322 4544 τινα
3352 4492 3444 4542 καὶ
3477 4491 3768 4542 λανθάνου-

446 4603 450 4610 -
527 4597 544 4628 ι
593 4578 728 4632 sime
757 4579 970 4633 divinus
1003 4580 1294 4650 Apostolus
1318 4581 1691 4637 absconditam
1726 4590 1779 4634 et
1809 4582 2085 4651 mysticam

2202 4605 2220 4638 ι
2263 4604 2364 4640 σαν
2391 4587 2484 4639 τοῦ
2531 4585 2850 4639 Ἀποστόλου
2895 4586 3171 4654 θεολογίαν
3211 4585 3600 4655 ἐξηγούμενοςο
3672 4579 3770 4648 Εἷς

528 4687 547 4720 ι
596 4672 751 4725 nobis
785 4671 1111 4743 theologiam
1154 4673 1520 4739 revelaturus,
1566 4673 1764 4727 clamat
1807 4683 1862 4726 et
1900 4671 2095 4727 vocife-

527 4781 545 4813 ι
596 4775 774 4816 ratur:
797 4761 942 4818 Unus
981 4777 1054 4820 est
1093 4766 1233 4819 Deus
1256 4767 1323 4821 ⁸³.
1350 4765 1716 4835 Etpostquam
1740 4763 1904 4818 Deum
1928 4779 2092 4818 unum

527 4874 544 4905 ι
593 4870 714 4910 esse
763 4857 1222 4924 conﬁrmaverat,
1285 4858 1634 4911 Mediatorem
1661 4871 1874 4926 quoque
1928 4873 2092 4910 unum

529 4965 548 4998 ι
599 4946 692 5000 Dei
715 4957 868 5018 atque
894 4951 1159 5003 hominum
1189 4949 1472 5004 constituit
1501 4950 1569 5013 ⁸⁹,
1602 4950 1874 5002 hominem
1907 4948 2090 5003 Jesnm

529 5057 546 5088 ι
593 5039 888 5095 Christum.
955 5042 1107 5108 Quod
1170 5044 1215 5098 si
1268 5058 1397 5112 ergo
1454 5043 1726 5096 hominem
1775 5042 1894 5094 ideo
1946 5040 2092 5092 illum

529 5152 547 5184 ι
587 5134 839 5203 appellet,
875 5137 1015 5204 quod
1046 5137 1339 5206 respiceret
1359 5151 1503 5202 eam,
1542 5151 1659 5204 quae
1691 5143 1772 5189 est
1797 5137 2093 5190 secundum

528 5244 547 5277 ι
593 5241 838 5292 carnem,
872 5231 1257 5294 oeconomiam,
1285 5245 1390 5284 non
1419 5238 1595 5298 potest
1633 5227 1750 5281 ﬁeri
1779 5227 1907 5297 quin
1936 5227 2096 5282 simul

528 5335 545 5368 ι
593 5319 908 5386 proﬁteatur
937 5317 1047 5384 ille,
1076 5333 1225 5387 spem
1267 5333 1325 5373 se
1369 5317 1568 5372 nullam
1601 5319 1654 5370 in
1687 5331 1751 5370 eo
1786 5317 2075 5371 collocare.

597 5438 655 5493 γι(
673 5430 790 5501 _Ed.
825 5429 1024 5494 Paris.,
1047 5446 1192 5501 pag.,
1225 5431 1315 5487 28.

591 5500 636 5530 '°
665 5499 819 5553 Joan.
855 5515 986 5566 xvn,
1024 5503 1077 5555 3.
1122 5499 1218 5533 ’⁸⁸⁸
1256 5501 1389 5557 Gen.
1418 5517 1461 5564 ι,
1488 5502 1577 5554 26.
1646 5501 1690 5531 ⁵⁷
1719 5499 1875 5554 Joan.
1901 5515 1958 5563 ι,
1991 5500 2079 5554 50.

2191 5499 2246 5552 'l
2283 5499 2420 5553 Tim.
2455 5516 2515 5564 ll,
2543 5500 2595 5553 5.

595 5613 708 5686 (38)
747 5613 917 5684 Vulgo
949 5617 1171 5682 ἐκεῖνος,
1219 5618 1306 5686 ed.
1345 5633 1400 5686 p.
1440 5617 1492 5670 in
1529 5633 1671 5670 corr.
1716 5621 1924 5680 ἐκεῖνος
1967 5635 2088 5672 mox

524 5685 680 5754 vulgo
707 5687 990 5757 εὐρηθείς;
1025 5688 1148 5741 dein
1194 5685 1300 5758 Mp.
1328 5685 1420 5758 γρ.
1455 5687 1641 5740 τούτου
1674 5688 1814 5756 (loco
1862 5689 2087 5750 τούτων,

523 5767 579 5828 et
612 5758 746 5828 inira
781 5758 944 5809 αὑτοῦ
974 5758 1114 5826 (loco
1149 5757 1382 5828 .1636»);
1438 5775 1598 5825 porro
1635 5759 1790 5828 vulgo
1845 5758 2090 5828 βούλημα

523 5825 639 5881 luco
665 5825 991 5897 βουλόμενος
1011 5839 1066 5882 ct
1095 5828 1159 5881 ἂν
1193 5825 1300 5882 εἶεν
1327 5825 1378 5883 et
1408 5829 1487 5880 ὅτι
1509 5828 1572 5897 δὴ
1589 5827 1698 5879 οὐδ.
1731 5845 1778 5882 τ.
1799 5825 1881 5882 άλ,
1911 5825 2100 5899 ἔμελλε

2159 4719 2178 4738 κ
2203 4689 2228 4727 ‘t
2266 4676 2428 4742 Θεὸς,
2465 4677 2591 4748 ἔφη,
2611 4671 2700 4741 εἵς
2731 4678 2828 4728 καὶ
2852 4677 3104 4745 μεσίτης
3129 4675 3276 4728 Θεοῦ
3299 4673 3394 4726 καὶ
3427 4673 3770 4740 ἀνθρώπων,

2207 4786 2225 4818 ι
2255 4767 2560 4835 ἅνθρωπος
2576 4767 2811 4835 Ἰησοῦς
2829 4769 3098 4835 Χριστός.
3127 4787 3144 4818 ι
3159 4765 3498 4820 -Καὶόταῦτα
3533 4764 3768 4834 γράψας.

2202 4859 2292 4911 καὶ¹
2327 4859 2530 4929 σφόδρα
2562 4860 2652 4911 ἐπὶ
2704 4858 2781 4928 τῷ
2838 4859 3138 4929 μεμνῆσθαι
3183 4857 3289 4909 τῶν
3323 4856 3549 4928 Γραφῶν
3611 4871 3773 4924 μεγα-

2200 4950 2432 5020 λαυχῶν,
2467 4952 2565 5003 οὐκ
2600 4939 2897 5021 ἐνενόησεν,
2929 4951 3008 5003 ὅτι
3043 4951 3070 5000 6
3103 4948 3259 5001 τοῦτο
3291 4947 3504 5017 γράψας
3533 4947 3770 5013 ἁγιώτα-

2201 5059 2290 5105 τος
2332 5043 2648 5106 Ἀπόστο).ος
2696 5045 2789 5096 καὶ
2823 5045 2995 5095 ἐκεῖνο
3029 5042 3141 5111 (9.8)
3189 5041 3494 5111 γέγραφενο
3557 5042 3656 5105 Ὃς
3707 5037 3772 5088 ἐν

2197 5133 2396 5203 μορφῇ
2427 5135 2573 5188 Θεοῦ
2599 5135 2901 5203 ὑπάρχων,
2932 5136 3043 5202 οὺχ
3074 5133 3385 5202 ἁρπαγμὸν
3407 5132 3680 5201 ἡγήσατο
3710 5131 3772 5182 τὸ

2201 5227 2353 5278 εἶναι
2401 5226 2505 5279 ἴσα
2553 5227 2694 5291 Θεῷ,
2740 5226 2873 5278 ἀλλ’
2915 5225 3212 5277 ἐκένωσεν
3241 5225 3492 5284 ἑαυτὸν.
3532 5221 3771 5291 μορφὴν

2186 5316 2409 5369 δούλου
2453 5318 2673 5381 λαϐὼν,
2703 5318 2773 5368 ἐν
2813 5313 3125 5387 ὁμοιώματι
3173 5316 3485 5385 ἀνθρώπου
3529 5317 3768 5386 γενόμε-

2672 5501 2715 5532 ⁸⁹
2743 5501 2870 5555 ibid.

2193 5630 2243 5672 et
2276 5613 2466 5690 εἶρμον
2493 5629 2540 5670 et
2571 5619 2676 5671 τῶν
2706 5620 2963 5690 ῥημάτων
3023 5623 3136 5674 Ιο(·ο
3185 5620 3466 5690 ῥηματίων
3501 5631 3556 5674 et
3597 5614 3675 5683 εἷς
3716 5617 3770 5670 δὲ

2194 5691 2286 5761 καὶ
2319 5689 2376 5759 μ.
2408 5702 2460 5761 et
2492 5690 2556 5742 δι’
2588 5689 2836 5744 αὐτοῦθι
2884 5689 2981 5753 τὰς
3015 5692 3071 5743 ὲν
3119 5690 3254 5761 αὑτῇ
3310 5703 3363 5747 et
3405 5689 3769 5760 πεποιημένας

2193 5760 2228 5813 ἃ
2253 5761 2306 5814 δὲ
2336 5760 2475 5813 κατὰ
2503 5780 2559 5814 π.
2589 5762 2786 5833 τρόπον
2817 5761 2861 5814 δ.
2899 5777 2901 5780 ‘
