4008 6512
118 1763 137 1774 ..
169 1743 276 1802 ,ἐμ

295 395 398 449 275

1405 395 1685 452 CONTRA
1731 397 2152 454 MARCELLUM
2195 401 2322 455 ΗΒ.
2368 405 2408 459 Ι.

3429 419 3538 470 "4

290 531 402 579 νος
451 513 545 565 καὶ
596 513 858 582 σχήματι
900 514 1159 580 εὑρεθεὶς
1209 515 1288 578 ὡς
1335 515 1662 582 ἅνθρωπος.
1711 515 1862 584 Ὁρᾷς

1975 535 1992 565 ‹
2045 516 2284 585 Namque
2350 519 2655 576 maledicta:
2718 524 2910 590 homo,
2952 523 3216 584 Jeremias
3277 531 3534 600 propheta

288 608 464 668 ὅπως,
492 605 679 678 ὥσπερ
708 606 939 676 προϊδὼν
985 605 1063 675 τῷ
1108 606 1376 676 πνεύματι
1405 607 1502 674 τὴν
1529 623 1730 659 τούτων
1765 625 1862 658 κα-

287 697 558 768 κουργίαν
601 699 628 749 ὁ
665 696 804 766 ἱερὸς
847 696 1182 758 ’Λπόστολος,
1213 694 1384 759 οὕτως
1421 699 1477 748 ἐν
1506 695 1676 766 ἑτέρῳ
1713 698 1865 767 μέρει

285 790 372 841 τὸ.
396 789 478 853 ὼς
503 788 832 854 ἄνθρωπος,
860 787 1083 858 ἔγραψε,
1106 788 1197 840 καὶ
1220 787 1290 838 ἐν
1313 785 1623 855 ὁμοιώματι
1647 789 1867 854 ἀνθρώ-

285 895 410 930 που
460 879 798 946 γενόμενος,
851 878 936 930 ἵνα
983 877 1163 948 παύση
1213 878 1391 930 αὐτῶν
1446 879 1544 946 τὴν
1598 878 1865 949 τοσαύτην

285 968 660 1038 βλασφημίαν.
705 968 810 1020 Καὶ
851 969 967 1038 μεθ’
998 969 1160 1039 ἕτερα
1193 969 1281 1022 τὸν
1332 968 1492 1021 αὐτόν
1544 974 1866 1038 συκοφαντεῖ

284 1052 390 1111 ὧδέ
428 1075 543 1121 πως
566 1076 578 1087 ’
619 1077 637 1108 ‹
673 1058 794 1120 Πῶς
822 1054 914 1111 οῦν
947 1059 1156 1122 τούτοις
1192 1060 1264 1130 μὴ
1303 1059 1552 1130 προσχὼν
1586 1061 1862 1125 Εὐσέϐιος,

293 1169 311 1200 ι
359 1149 520 1220 μόνον
548 1149 830 1219 ἄνθρωπον
859 1150 946 1201 τὸν
987 1151 1209 1220 Σωτῆρα
1235 1145 1373 1203 εἶναι
1403 1151 1681 1220 βούλεται;
1718 1172 1735 1203 ι
1789 1155 1862 1205 Οῦ

285 1240 542 1311 φανερῶς
582 1241 678 1310 μὲν
710 1241 868 1293 τοῦτο
895 1241 1072 1308 λέγειν
1098 1241 1332 1312 τολμῶν,
1379 1241 1537 1294 τοῦτο
1581 1244 1636 1296 δὲ
1684 1243 1865 1313 βουλό-

287 1349 452 1400 μενος
483 1330 586 1383 ὑπὸ
613 1330 718 1381 τῶν
754 1330 897 1383 ἰδίων
923 1330 1201 1400 ἐλέγχεται
1232 1332 1458 1401 ῥήσεων.
1497 1331 1607 1384 Καὶ
1635 1334 1661 1383 ὁ
1695 1331 1864 1386 ταῦτα

285 1421 458 1474 εἰπὼν
483 1422 572 1474 τὸν
602 1421 760 1473 αὐτὸν
784 1421 1182 1492 κατεμέμφετο,
1215 1423 1288 1485 ὡς
1314 1422 1444 1474 Θεὸν
1464 1423 1863 1494 ἀναγορεύοντα

284 1517 380 1567 τὸν
408 1515 554 1580 Υίὸν,
593 1516 816 1585 γράφων
870 1513 1010 1566 οὕτω
1029 1531 1042 1544 ο
1086 1515 1286 1567 Διελεῖν
1317 1514 1422 1586 γὰρ
1454 1516 1545 1569 τὸν
1571 1517 1739 1584 Λόγον
1768 1515 1860 1568 τοῦ

285 1607 424 1659 Θεοῦ
451 1607 748 1678 τολμήσας,
791 1607 882 1658 καὶ
922 1606 1104 1677 ἕτερον
1132 1606 1263 1658 Θεὸν
1299 1606 1390 1659 τὸν
1439 1606 1610 1674 Λόγον
1659 1607 1859 1676 ὀνομά-

288 1720 412 1766 σας,
451 1701 608 1772 οὐσίᾳ
639 1717 696 1752 τε
731 1701 823 1752 καὶ
856 1698 1079 1769 δυνάμει
1108 1698 1368 1766 διεπῶτα
1400 1699 1491 1750 τοῦ
1522 1699 1753 1769 ΙΙατρὸς,
1781 1700 1861 1762 είς

1975 629 1991 657 ι
2042 611 2115 662 ait
2140 612 2208 674 σο,
2257 614 2346 681 qui
2395 616 2447 666 in
2500 616 2706 671 homine
2753 619 3086 674 collocaverit
3123 639 3264 691 spem
3297 641 3466 680 suam.
3512 645 3531 678 ι

1977 699 2135 756 Vides
2163 712 2220 756 ιιι
2243 703 2482 758 obczecat
2507 707 2747 762 homines
2771 711 2997 766 malitia.
3022 711 3152 766 Nam
3176 716 3264 782 qui
3296 718 3536 771 testiino-

1972 795 2118 844 nium
2154 791 2258 848 tale
2293 794 2638 862 perhibuerat
2665 796 2830 851 Deum
2869 799 3065 854 Filium
3094 805 3410 861 conﬁtenti:
3445 810 3534 874 qni

1972 883 2396 951 reprehenderat
2432 901 2553 938 cum
2602 903 2630 938 a
2679 903 2785 955 quo
2836 891 2926 944 Bei
2977 892 3211 948 Verbum
3249 897 3387 950 Dens
3419 911 3538 951 esse

1976 974 2255 1029 dicebatur
2273 979 2578 1030 substantia
2609 981 2908 1036 subsistens
2937 993 2989 1035 et
3009 987 3279 1052 potentia;
3311 988 3372 1048 is,
3396 988 3534 1041 idem

1973 1079 2140 1129 nunc,
2164 1067 2413 1120 eumdem
2455 1069 2574 1123 ideo
2605 1082 2846 1138 accusat,
2875 1075 3029 1140 quasi
3071 1075 3160 1143 qui
3189 1081 3386 1131 nudum
3415 1094 3538 1133 esse

1972 1154 2245 1234 hominem
2293 1157 2570 1213 Christum
2602 1162 2815 1216 dixerat
2843 1179 2858 1217 :
2889 1164 3229 1231 apertissime
3255 1171 3534 1234 mentitus,

1973 1255 2084 1298 tum
2118 1247 2170 1301 ie
2203 1248 2320 1302 istis
2357 1251 2427 1303 ita
2462 1250 2675 1319 positis,
2708 1264 2822 1307 tum
2862 1255 2914 1308 in
2958 1255 3063 1309 illis
3112 1271 3230 1324 qua:
3282 1260 3538 1331 deinceps

1971 1338 2212 1392 annectit
2243 1339 2535 1412 dicens[l{.
2564 1342 2717 1414 XC]:
2749 1343 2979 1398 «Verum
3012 1361 3173 1415 supra
3207 1349 3535 1414 nominatus,

1975 1443 1993 1476 ι
2015 1442 2136 1482 cum
2159 1444 2263 1483 non
2281 1433 2459 1501 magni
2480 1432 2682 1488 faceret
2699 1437 3069 1492 sanctissimos
3086 1440 3398 1508 pr0phetas,
3421 1452 3539 1495 tan-

1974 1537 1992 1570 σ
2024 1534 2182 1588 quam
2200 1522 2289 1590 qui
2316 1523 2683 1579 absconditam
2715 1527 2858 1581 illam
2878 1539 2930 1583 et
2951 1518 3276 1585 inelIabilem
3294 1532 3536 1600 Apostoli

1974 1628 1997 1681 ι
2031 1611 2349 1678 theologiam
2379 1615 2850 1684 interpretaretur,
2870 1601 2918 1672 Π
2923 1637 3040 1685 nus,
3063 1622 3255 1690 inq‘uit,
3279 1624 3420 1679 Deus
3437 1637 3534 1689 est,

1974 1719 1991 1751 ι
2027 1718 2162 1755 unus
2193 1702 2288 1756 Dei
2299 1713 2452 1775 atque
2469 1707 2734 1763 hominum
2763 1713 3023 1765 mediator
3047 1716 3200 1767 homo
3218 1715 3376 1770 Jesus
3393 1716 3538 1770 Citri-

285 1795 421 1865 ὅσην
452 1792 798 1864 βλασφημίαν
831 1791 1220 1855 ὲκπέπτωκεν;

1967 1810 1984 1843 ι
2021 1795 2215 1848 stus“.
2241 1814 2259 1847 ι
2285 1798 2475 1861 >1<llaec
2493 1801 2583 1868 qui
2603 1802 2843 1870 scripsit,
2862 1814 2916 1857 et
2937 1804 3286 1861 vehementer
3301 1808 3400 1862 sibi
3429 1807 3535 1877 ipsi

286 1886 512 1954 placuit,
531 1886 682 1953 quasi
703 1883 1015 1952 Scripturas
1035 1897 1223 1936 omnes
1240 1883 1497 1936 memoria
1523 1891 1731 1948 tenens,
1759 1897 2097 1954 nequaquam
2133 1896 2310 1941 tamen
2333 1891 2611 1959 cogitavit,
2632 1895 2878 1949 eumdem
2901 1895 2994 1963 qui
3025 1896 3129 1950 hoc
3154 1898 3370 1966 scripsit
3397 1899 3536 1952 divi-

287 1995 417 2030 nunt
449 1977 788 2046 Apostolum,
818 1986 872 2029 et
907 1974 1037 2028 illud
1070 1975 1121 2027 in
1146 1974 1351 2042 scripta
1384 1975 1630 2030 retulisse
1661 1994 1674 2028 :
1706 1976 1808 2041 Qui
1836 1994 1952 2030 cum
1981 1979 2034 2030 in
2062 1979 2233 2047 forma
2266 1979 2361 2034 Dei
2389 1983 2682 2050 exsisteret,
2713 2001 2814 2038 non
2841 1985 3130 2040 arbitratus
3169 2000 3242 2041 est
3274 1990 3532 2054 rapinam.

283 2091 395 2127 esse
421 2070 672 2140 wqualem
701 2071 828 2133 Deo,
845 2069 932 2122 sed
950 2068 1234 2122 exinanivit
1261 2068 1590 2135 semetipsum
1609 2081 1878 2137 assumpta
1901 2073 2034 2124 servi
2055 2070 2314 2137 [Μηκιρη
2339 2075 2737 2130 stmilitudinem
2753 2079 2979 2132 hominis
3001 2081 3271 2144 exsistens,
3289 2092 3336 2134 et
3356 2081 3534 2150 ﬁgura

285 2173 520 2232 repertus
545 2170 794 2231 tanquam
825 2159 975 2213 homo
995 2160 1062 2213 “.
1093 2158 1255 2215 Vides
1285 2170 1341 2213 ut
1362 2168 1582 2215 sanctus
1604 2160 1690 2214 hic
1719 2162 2026 2230 Apostolus,
2060 2164 2222 2218 veluti
2252 2167 2339 2234 qui
2365 2168 2558 2235 spiritu
2591 2168 2819 2222 istorum
2846 2170 3250 2240 improbitatem
3283 2173 3533 2242 provide-

286 2265 391 2316 ret,
413 2254 562 2318 alibi,
597 2260 758 2321 atque
787 2251 959 2304 aliain
991 2261 1142 2322 parte
1170 2251 1244 2304 ita
1276 2251 1535 2321 scriptum
1562 2252 1794 2321 reliquit,
1828 2263 2076 2324 tanquam
2098 2257 2274 2324 homo,
2295 2271 2348 2314 et
2371 2261 2422 2314 in
2455 2261 2853 2315 similitudinem
2872 2263 3098 2317 hominis
3125 2265 3404 2326 exsistens,
3425 2279 3536 2334 quo

286 2357 501 2402 tantam
532 2349 726 2402 horum
773 2347 1161 2415 blasphemiam
1202 2363 1550 2418 compescere
1600 2359 1799 2416 posset.
1848 2349 1978 2405 Post
2029 2353 2135 2406 alia
2173 2356 2423 2410 eumdem
2461 2356 2826 2411 calumniatur
2876 2358 2982 2412 isto
3026 2360 3184 2414 modo
3221 2357 3311 2430 [Β.
3346 2356 3529 2430 XCI]:

269 2463 306 2496 1
355 2445 640 2511 Quomodo
669 2444 830 2513 igitur
862 2442 1084 2506 factum,
1118 2451 1174 2496 ut
1203 2443 1466 2499 Eusebius
1500 2459 1618 2498 cum
1655 2446 1720 2498 ad
1750 2448 1849 2499 ista
1884 2464 1987 2502 non
2028 2454 2352 2518 attenderet,
2395 2451 2743 2507 Servatorem
2773 2461 3018 2507 nostrum
3050 2452 3224 2507 solum
3257 2453 3528 2508 hominem

231 5943 271 5983 ί

289 2559 307 2592 ι
357 2549 580 2594 exstare
612 2538 943 2594 contendat?
969 2558 986 2589 ι
1021 2538 1136 2621 ﬁcu
1175 2539 1277 2592 hoc
1303 2539 1519 2606 quidem
1551 2556 1716 2595 ausus
1759 2550 1843 2595 est
1880 2554 2066 2610 aperte
2128 2544 2374 2613 profari:
2437 2556 2491 2600 at
2539 2548 2638 2602 hoc
2703 2547 2942 2604 voluisse
2987 2550 3267 2604 convictus
3320 2557 3532 2604 tenetur

285 2638 402 2689 suis
455 2636 624 2706 ipsius
684 2635 882 2712 verbis.
936 2633 997 2686 Et
1045 2633 1419 2698 nihilominus,
1478 2635 1568 2702 qui
1605 2635 1685 2689 sic
1725 2651 1845 2689 eum
1887 2651 2127 2704 accusat,
2159 2641 2506 2708 reprehendit
2559 2641 2709 2699 illum
2736 2656 2972 2711 quoque,
3016 2644 3158 2712 quod
3187 2640 3381 2696 Filium
3409 2658 3535 2700 esse

286 2728 457 2781 Deum
483 2734 756 2780 asseveret
783 2724 1068 2786 :Qlividere
1099 2724 1313 2792 quidem
1346 2724 1439 2776 Dei
1475 2724 1710 2780 Verbum
1749 2741 1932 2792 ausus,
1991 2739 2046 2783 et
2085 2729 2320 2784 Verbum
2387 2732 2551 2784 Deum
2619 2732 2849 2787 alterum
2906 2733 3211 2799 nominans,
3278 2733 3530 2790 substan-

287 2825 359 2878 tia
392 2833 445 2876 et
476 2820 715 2888 potentia
748 2836 776 2872 a
815 2817 978 2872 Patre
1017 2815 1378 2882 diﬂ'erentem,
1413 2819 1464 2870 in
1500 2831 1758 2888 quantam
1793 2801 1982 2877 incidit
2010 2805 2478 2902 blasphemiam“

358 2912 613 2966 Τοσαῦτα
656 2911 748 2964 καὶ
791 2909 992 2963 τούτων
1024 2909 1102 2962 ἔτι
1139 2909 1333 2981 μακρῷ
1354 2909 1572 2964 πλείονα
1606 2913 1665 2964 οὺ
1719 2915 1860 2967 κατά

2030 2916 2200 2971 Totet
2221 2918 2367 2980 talia,
2389 2927 2442 2972 et
2469 2917 2622 2988 longe
2649 2917 2826 2972 adhuc
2850 2917 3001 2987 plura
3033 2933 3139 2974 non
3174 2918 3226 2978 in
3252 2919 3394 2975 solos
3411 2920 3529 2990 epi-

289 3007 471 3077 μόνων
519 3003 627 3056 τῶν
681 3003 1015 3064 ἐπισκόπων,
1058 3000 1192 3054 ἀλλά
1227 3001 1494 3055 καὶκατὰ
1537 3004 1634 3074 τῆς
1681 3005 1864 3074 ὑγιοῦς

286 3100 384 3151 καὶ
410 3096 864 3168 ὲκκλησιαστικῆς
894 3095 1126 3159 πίστεως
1180 3095 1474 3164 ἐκθέμενος
1525 3097 1860 3168 Μάρκελλος,

284 3190 444 3260 δῆλος
467 3189 533 3241 ἂν
562 3189 649 3258 εῦη
677 3189 865 3250 ὁποίας
890 3188 1050 3250 αὐτὸς
1077 3187 1286 3258 ὑπῆρχε
1316 3187 1702 3258 προαιρέσεως.
1741 3189 1863 3242 Ὅτι

283 3284 327 3335 δ’
366 3283 518 3336 οὐδὲν
547 3282 646 3352 τῆς
673 3281 928 3352 ἀληθείας
964 3279 1122 3351 ἔμελε
1145 3280 1222 3350 τῷ
1253 3280 1425 3351 ἀνδρὶ,
1459 3281 1648 3350 μάθοις
1679 3281 1744 3335 ἂν
1773 3283 1862 3335 αὐ-

283 3379 407 3438 ταῖς
437 3373 674 3444 ὲντυχὼν
705 3377 820 3436 ταῖς
856 3372 964 3425 τῶν
993 3373 1306 3425 ἐπισκόπων
1335 3371 1665 3439 ἐπιστολαῖς,
1696 3375 1753 3426 ὲν
1774 3369 1862 3437 αἷς

286 3471 542 3540 εὑρήσεις
570 3469 729 3522 αὑτὸν
755 3470 816 3518 τὸ
857 3467 953 3536 μὲν
994 3467 1098 3518 πᾶν
1142 3465 1300 3536 σῶμα
1334 3466 1434 3535 τῆς
1475 3465 1712 3529 διανοίας
1757 3467 1865 3520 τῶν

285 3561 486 3625 λέξεων
516 3556 994 3631 ἀκρωτηριάζοντα
1017 3575 1028 3586 ’
1085 3559 1179 3610 καί⁵
1207 3559 1298 3610 τὸν
1340 3557 1440 3626 μὲν
1469 3557 1644 3610 πάντα
1677 3559 1864 3629 εἱρμὸν

287 3653 730 3723 ἀποκρύπτοντα,
781 3651 1062 3722 ῥηματίων
1091 3650 1146 3702 δὲ
1184 3650 1736 3721 ἀντιλαμϐανόμενον,
1770 3651 1864 3702 καὶ

285 3747 490 3798 τούτων
516 3743 836 3814 κακούργως
873 3742 1188 3812 ποιούμενον
1224 3743 1322 3813 τὴν
1343 3741 1616 3810 διαϐολήν.
1659 3741 1865 3795 aerea

285 3838 420 3907 γοῦν
452 3838 776 3905 συκοφαντεῖ
799 3835 888 3886 τὸν
925 3833 1179 3886 Εὐσέϐιον
1209 3836 1272 3886 ὲκ
1307 3832 1400 3886 τοῦ
1431 3831 1759 3904 προφανοῦς,
1790 3833 1864 3896 ὡς

283 3929 441 3999 ψιλὸν
472 3927 756 3998 ἄνθρωπον
796 3925 888 3978 τὸν
918 3925 1152 3997 Χριστὸν
1185 3925 1470 3996 είρηκότακ
1525 3923 1712 3993 ἐπειδὴ
1768 3923 1864 3992 τῆς

285 4021 649 4090 ἀπστολικῆς
673 4018 854 4088 φωνῆς
884 4020 940 4070 ὲν
967 4020 1033 4088 τῇ
1064 4015 1254 4069 ἑαυτοῦ
1283 4014 1536 4085 ἐπιστολῇ
1569 4013 1663 4084 τὴν
1685 4012 1864 4084 παρά.-

284 4115 436 4168 θεσιν
472 4113 781 4182 πεποίηται,
836 4112 902 4164 δι’
945 4105 1012 4181 ἦς
1056 4110 1218 4173 αὐτὸς
1268 4107 1417 4160 εἶπεν
1460 4110 1488 4160 ὁ
1514 4105 1860 4168 Ἀπόστολος·

283 4194 393 4272 Εἷς
421 4205 530 4276 γὰρ
555 4209 586 4259 ό
625 4206 788 4268 Θεός·
823 4198 908 4267 εἷς
945 4201 1012 4254 δὲ
1049 4200 1146 4254 καί
1178 4200 1430 4269 μεσίτης
1458 4199 1604 4252 Θεοῦ
1636 4197 1736 4251 καὶ
1761 4197 1865 4252 ἁν-

1966 3025 2158 3080 scopos
2194 3026 2317 3065 cum
2357 3011 2589 3065 eﬂutivit
2632 3011 2939 3075 Marcellus,
2974 3012 3069 3067 sed
3105 3012 3156 3066 in
3196 3012 3367 3083 ipsam
3390 3028 3527 3083 quo-

1963 3117 2067 3170 que
2083 3117 2268 3158 sanam
2295 3113 2349 3155 et
2376 3102 2800 3156 ecclesiasticam
2829 3100 3010 3166 fidem,
3033 3101 3324 3158 manifeste
3349 3104 3527 3158 decla.

1963 3205 2050 3249 rat
2077 3210 2185 3264 quo
2211 3194 2394 3247 animo
2427 3194 2682 3263 praeditus
2707 3202 2763 3248 et
2792 3193 3068 3247 voluntate
3091 3193 3287 3249 fuerat.
3315 3195 3528 3251 Nullam

1967 3302 2094 3341 vero
2126 3303 2311 3340 curam
2353 3287 2426 3340 illi
2471 3286 2716 3341 veritatis
2754 3285 2923 3342 fuisse
2965 3287 3175 3342 discere
3221 3289 3447 3357 poteris,
3481 3291 3529 3344 si

1965 3380 2017 3432 in
2045 3379 2191 3449 ipsas
2221 3378 2509 3447 aliquando
2537 3379 2916 3447 episcoporum
2941 3378 3196 3446 epistolas
3225 3380 3521 3436 incideris:

1965 3471 2209 3526 invenies
2238 3470 2440 3524 etenim
2484 3470 2656 3534 illum,
2701 3485 2899 3539 corpus
2953 3471 3286 3538 universum,
3335 3489 3532 3529 sensus

1964 3573 2018 3618 et
2045 3564 2329 3618 sententiae
2367 3576 2556 3616 earum
2602 3561 2944 3616 delumbasse
2995 3563 3213 3628 seriem,
3255 3565 3526 3622 dictorum

1964 3657 2070 3708 vim
2102 3654 2404 3710 occultasse
2429 3668 2444 3708 :
2469 3654 2633 3709 verba
2669 3656 2989 3723 arripuisse.
3030 3666 3084 3710 et
3129 3666 3348 3727 arrepta
3392 3659 3530 3715 satis

1967 3747 2209 3814 improbe
2248 3747 2634 3800 calumniasse.
2677 3745 2968 3801 Eusebium
3009 3759 3195 3817 aperte
3241 3750 3530 3807 calumniis

1964 3833 2195 3901 impetit,
2224 3834 2378 3903 quasi
2403 3835 2608 3889 diceret
2640 3835 2913 3890 Christum
2959 3851 3078 3892 esse
3112 3843 3312 3894 nudum
3346 3842 3526 3896 homi-

1964 3940 2110 3988 nem,
2143 3926 2264 3980 ideo
2295 3927 2526 3994 quod'in
2563 3927 2792 3996 epistola
2825 3943 2921 3982 sua
2952 3932 3276 3984 sententiam
3308 3942 3526 4000 aposto-

1966 4017 2122 4072 licam
2152 4029 2460 4085 usurparat,
2501 4033 2660 4087 quam
2710 4019 2790 4073 sic
2821 4021 2998 4088 posuit
3023 4021 3314 4090 Apostolus
3337 4040 3352 4076 :
3375 4021 3526 4078 Unus

1963 4108 2147 4164 etenim
2175 4109 2315 4184 Deus
2337 4119 2452 4162 est:
2483 4125 2616 4162 unus
2645 4111 2903 4164 mediator
2926 4110 3025 4165 Dei
3056 4121 3210 4182 atque
3232 4113 3526 4182 hominum,

1965 4201 2116 4254 homo
2139 4201 2292 4254 Jesus
2317 4200 2558 4254 Christus
2586 4200 2650 4254 “.
2679 4200 2793 4256 Hoc
2822 4201 3042 4257 eilatum
3078 4204 3278 4260 idcirco
3311 4217 3524 4276 aposto-

285 4299 555 4366 θρώπων,
572 4296 870 4364 ἅνθρωπος
893 4293 1132 4362 Ἰησοῦς
1148 4289 1637 4358 Χριστός.Ταύτην
1662 4291 1757 4358 μὲν
1773 4283 1862 4342 οὖν

1967 4291 2148 4355 licum,
2187 4302 2439 4362 tanquam
2471 4292 2836 4348 Eusebianum
2865 4304 3125 4350 accusat:
3166 4311 3266 4352 nec
3294 4298 3527 4354 advertit

283 4393 386 4460 τὴν
427 4388 788 4459 ἀποστολικὴν
819 4384 984 4451 λέξιν,
1019 4385 1219 4438 ὡσανεὶ
1239 4382 1499 4434 Εὑσεϐίου
1529 4377 1713 4444 οὖσαν,
1749 4380 1862 4433 δια-

287 4483 543 4553 ϐέϐληκε·
583 4482 656 4551 μὴ
688 4481 886 4543 συνιεὶς
915 4481 943 4533 ὁ
971 4476 1296 4548 σοφώτατος,
1327 4477 1406 4529 ὅτι
1439 4475 1528 4528 τὸν
1545 4475 1862 4529 Ἀπόστολον

287 4574 560 4638 διέϐαλλε,
587 4573 683 4636 τὰς
705 4572 762 4625 δὲ
793 4571 956 4624 αὐτοῦ
989 4569 1190 4639 φωνάς,
1223 4568 1320 4631 τὰς
1341 4571 1398 4622 ἐν
1432 4570 1498 4638 τῇ
1527 4567 1663 4638 αὐτῇ
1701 4583 1863 4636 φερο-

290 4667 462 4738 μένας
512 4664 788 4736 ἐπιστολῇ,
818 4663 916 4726 τάς
946 4679 1004 4716 τε
1042 4664 1098 4714 ἐν
1143 4663 1256 4723 τοῖς
1287 4660 1492 4723 λοιποῖς
1531 4658 1694 4712 αὐτοῦ
1739 4676 1864 4727 συγ·

286 4761 601 4832 γράμμασι,
628 4761 738 4822 τοῖς
760 4759 838 4820 εἰς
858 4756 954 4820 τὰς
985 4756 1133 4820 θείας
1158 4754 1377 4826 Γραφάς
1411 4752 1806 4822 πεπονημένοις
1829 4751 1863 4806 ἃ

285 4851 353 4920 δὴ
375 4848 518 4902 κατὰ
545 4847 720 4901 πάντα
751 4847 911 4899 τόπον
929 4845 1243 4909 διαδέδοται,
1270 4845 1445 4914 σιωπῇ
1485 4841 1829 4913 παραδέδωκε
1848 4858 1861 4872 ·

288 4942 505 5013 κρύψας
534 4944 598 5013 τῇ
627 4942 801 5011 σιωπῇ
831 4939 866 4992 ἃ
893 4940 966 5010 μὴ
1005 4938 1116 5009 (29)
1164 4937 1539 5005 συκοφαντεῖν.
1575 4934 1658 5018 Τὸ.
1677 4934 1860 5005 ὅμοιον

286 5035 335 5090 δ’
376 5035 444 5088 ἂν
475 5031 622 5105 εὖροι
643 5049 726 5095 τις
753 5031 914 5085 αὐτὸν
962 5029 1299 5100 πεποιηκότα
1331 5029 1426 5081 καὶ¹
1477 5026 1702 5079 ἐπὶτῶν
1750 5025 1860 5078 λοιέ

290 5125 434 5189 πῶν,
467 5117 542 5178 ὧν
569 5123 886 5193 διαϐέϐληκε
931 5122 1303 5193 γραμμάτωνο
1354 5119 1390 5174 ἀ
1426 5118 1512 5188 δὴ,
1545 5117 1702 5186 λόγου
1727 5133 1862 5186 συμ-

295 5219 491 5290 μετρία
522 5216 842 5286 φειδόμενοι,
866 5218 978 5277 τοῖς
1005 5213 1245 5266 ἐθέλουσι
1291 5211 1386 5282 τὴν
1421 5209 1622 5263 τούτων
1657 5209 1858 5279 ἀκριϐῆ

293 5308 564 5364 ποιεῖσθαι
630 5306 920 5374 διάγνωσιν
976 5303 1491 5373 παραχωρήσομεν,’
1541 5297 1859 5359 σπεύδοντες

292 5401 444 5457 αὐτοὶ
467 5400 565 5471 τὴν
605 5400 772 5470 αὐτὴν
816 5397 1130 5468 Μαρκέλλου
1168 5393 1403 5466 περὶτοῦ
1428 5391 1556 5444 Υίοῦ
1591 5390 1682 5443 τοῦ
1723 5388 1856 5441 Θεοῦ

295 5492 620 5562 ξενοφωνίαν
644 5492 745 5562 ἤδη
772 5490 954 5544 λοιπὸν
1004 5487 1365 5555 ἀπωκαλύψαι,
1399 5485 1474 5546 ὡς
1521 5483 1585 5536 ἂν
1632 5481 1860 5550 φανερῖν

1967 4385 2048 4437 vir
2079 4385 2332 4454 prudens,
2368 4385 2685 4454 Apostolum
2727 4386 2794 4441 ab
2827 4401 2892 4444 eo
2928 4397 3260 4452 accusatum,
3307 4399 3526 4459 propter

1968 4475 2066 4530 has
2098 4490 2259 4530 voces
2293 4477 2498 4546 positas
2536 4477 2587 4530 in
2624 4477 2848 4547 epistola
2877 4477 2987 4544 illa,
3017 4488 3070 4532 et
3107 4479 3236 4535 alibi
3267 4484 3322 4534 in
3355 4481 3529 4550 Operi-

1969 4565 2068 4618 bus
2099 4564 2334 4631 ejusdem
2367 4565 2507 4631 aliis,
2539 4580 2659 4634 qua:
2683 4567 2736 4620 ln
2773 4581 2958 4623 sacras
2986 4567 3297 4638 Scripturas
3327 4585 3524 4624 exara-

1970 4655 2084 4720 vit;
2113 4673 2232 4726 quae
2270 4659 2472 4727 ubique
2524 4673 2577 4713 et
2616 4662 2819 4729 passim
2869 4662 3318 4730 deprazdicantur,
3355 4668 3414 4727 >14
3452 4667 3527 4719 si-

1960 4748 2128 4804 lentio
2179 4750 2436 4816 involvit;
2486 4751 2577 4805 illa
2628 4752 2865 4806 reticens
2889 4768 3006 4821 qua:
3053 4755 3372 4809 calumniari
3421 4772 3525 4811 non

1961 4850 2192 4916 poterat.
2236 4842 2547 4897 Consimilia
2602 4854 2944 4913 perpetrasse
2994 4845 3140 4900 illum
3189 4847 3315 4902 licet
3339 4849 3526 4902 obser-

1960 4948 2091 4988 vare
2124 4934 2175 4988 in
2202 4935 2411 4988 caeteris
2434 4951 2652 5006 quoque
2702 4938 2923 5006 scriptis
2954 4954 3073 5008 quae
3107 4949 3345 4996 accusat.
3373 4939 3521 5004 Quae,

1964 5039 2031 5078 ne
2057 5026 2231 5079 oratio
2253 5037 2534 5081 excrescat
2558 5027 2611 5081 in
2643 5029 2992 5093 immensum,
3028 5030 3132 5084 illis
3160 5029 3526 5097 permittimus

1962 5118 2358 5184 cog-noscenda,
2389 5119 2590 5186 quibus
2631 5121 2839 5174 libitum
2868 5131 2950 5176 est
2983 5121 3231 5174 exactius
3263 5135 3325 5174 ea
3377 5122 3528 5174 inve-

1966 5207 2169 5276 stigare
2197 5225 2209 5260 :
2237 5223 2303 5262 eo
2350 5211 2741 5264 contendentes
2784 5211 2919 5280 ipsi,
2953 5222 3012 5263 ut
3052 5209 3290 5263 Marcelli
3320 5208 3527 5262 novita-

1966 5308 2072 5351 tem
2107 5300 2173 5353 de
2219 5300 2311 5353 Dei
2352 5299 2493 5354 Filio
2531 5301 2839 5356 inusitatam
2885 5302 2935 5354 in
2983 5309 3230 5370 apertum
3287 5299 3527 5369 profera-

1969 5407 2106 5454 mus,
2144 5391 2212 5445 ita
2257 5402 2312 5446 ut
2364 5393 2668 5462 intelligant
2716 5393 2957 5448 universi
3011 5397 3330 5462 perspicue,
3365 5407 3524 5462 quam

1969 5468 2292 5537 sententiam
2326 5483 2535 5539 fovebat
2567 5484 2612 5540 is
2640 5483 2706 5540 de
2733 5483 2869 5539 Filio
2905 5483 3020 5538 Dei.

294 5590 503 5660 γένοιτο
527 5591 636 5649 τοῖς
658 5588 840 5647 πᾶσιν,
865 5587 1010 5644 ὅπως
1037 5583 1195 5644 αὐτὸς
1221 5581 1436 5651 ἐφρόνει
1457 5577 1583 5650 περὶ
1616 5575 1707 5628 τοῦ
1732 5572 1860 5626 Υἰοῦ
1893 5572 1986 5625 τοῦ
2013 5573 2167 5626 Θεοῦ.

370 5688 428 5742 r14
466 5680 565 5734 Ed.
596 5678 796 5740 Paris,
831 5693 960 5747 pag.
992 5675 1177 5747 29-50.

367 5752 412 5782 ⁶⁰
449 5751 561 5804 Jer.
589 5766 722 5816 xvn,
751 5750 803 5803 5.
832 5743 845 5747 ⁷
879 5748 920 5778 ⁶¹
952 5746 970 5798 l
1006 5745 1213 5804 'l‘im.tt,
1245 5743 1295 5796 5.

370 5841 481 5912 (29)
518 5845 575 5896 Μ
583 5842 614 5910 ὴ
642 5838 739 5915 ἦν,
771 5850 862 5895 aut
894 5837 1016 5909 ἐξῆν
1053 5837 1418 5905 συκοφαντεῖν.

1373 5745 1416 5774 ί¹
1455 5739 1684 5810 Philipp.
1717 5753 1775 5803 tt,
1810 5739 1861 5800 6,
1893 5736 1946 5789 7.

2021 5736 2068 5765 οδ
2102 5738 2113 5788 l
2148 5734 2286 5787 Tim.
2320 5752 2376 5800 It,
2409 5736 2458 5789 5.
