4008 6554
436 362 539 423 7Π

1551 365 1831 422 CONTRA
1869 363 2291 419 MARCELLUM
2333 364 2457 418 LIB.
2502 364 2563 419 ΙΙ.

3534 366 3655 424 778‘

430 478 735 550 ἄνθρωπος,
763 481 899 552 μήτε
921 477 1081 547 εἶναι,
1102 483 1235 555 μήτε
1254 485 1670 556 προϋφεστάναι,
1702 486 1837 557 μήτε
1861 484 1979 544 ὅλως

2097 478 2163 533 sli
2192 479 2441 535 Ecclesia:
2471 480 2716 550 praesedit
2743 496 2759 535 :
2789 497 2981 552 nempe
3022 482 3070 538 is
3116 485 3207 553 qui
3239 483 3410 551 palam
3442 498 3657 538 assere-‘

429 566 649 621 πώποτε
680 569 807 622 Υἱὺν
838 571 1078 641 ὑπάρξαι
1109 572 1187 643 τῷ
1213 574 1349 644 Θεῷ,
1384 574 1490 645 πρὸ
1513 575 1605 628 τοῦ
1629 574 1884 645 τεχθῆναι
1908 574 1994 627 διὰ

427 660 525 729 τῆς
552 660 851 731 Παρθένου,
879 662 1144 727 δοξάζων’
1192 665 1354 718 αὐτὸν
1383 665 1438 718 δὲ
1481 666 1638 737 μόνον
1660 664 1797 718 εἶναι
1824 666 1994 734 Λόγον

427 748 674 818 φάσκων,
711 753 932 821 συμφυᾶ
968 752 1046 822 τῷ
1074 752 1211 823 Θεῷ,
1241 754 1424 818 άῖδίως
1467 755 1612 825 αὑτῷ
1650 755 1874 809 συνόντα
1902 757 1995 809 καὶ

425 840 724 910 ἡνωμένον,
772 836 882 905 οἷος
934 842 1000 896 ἂν
1051 843 1135 914 εἴη
1164 845 1259 897 καὶ
1295 847 1323 897 ὁ
1382 846 1439 897 ὲν
1492 846 1761 917 ἀνθρώπῳ
1816 846 1990 914 λόγος.

425 930 613 1007 Τούτῳ
654 932 759 1003 γάρ
792 934 951 998 αὑτὸς
994 935 1188 1006 χρῆται
1239 935 1317 1005 τῷ
1363 937 1781 1008 παραδείγματι,
1823 938 1993 1007 Λόγον

424 1014 565 1073 εἶναι
591 1023 769 1093 φήσας
796 1024 940 1077 ἔνδον
965 1028 1022 1079 ὲν
1057 1026 1205 1097 αὐτῷ
1229 1027 1307 1097 τῷ
1343 1028 1480 1099 Θεῷ,
1517 1030 1647 1082 ποτὲ
1675 1029 1771 1100 μὲν
1798 1030 1995 1100 ἡσυχά-

424 1111 607 1175 ζοντα,
632 1114 760 1166 ποτὲ
787 1115 843 1167 δὲ
875 1132 939 1186 ση
949 1118 1220 1185 μαντικῶς
1235 1119 1575 1190 ἐνεργοῦντα,
1606 1121 1738 1193 μόνῃ
1763 1138 1820 1173 τε
1842 1122 1993 1193 ἐνερ-

424 1203 549 1272 γείᾳ
576 1205 830 1275 προϊόντα
858 1207 952 1259 τοῦ
982 1209 1194 1280 Πατρός
1216 1226 1228 1239 ·
1249 1211 1324 1274 ὡς
1356 1210 1423 1266 ἂν
1444 1213 1536 1265 καὶ
1568 1214 1724 1283 ἡμεῖς
1750 1231 1803 1266 τι
1828 1230 1994 1285 προσ-

417 1295 726 1361 τάττοντες,
761 1300 817 1350 ὲν
851 1299 929 1369 τῷ
970 1300 1146 1369 λέγειν
1182 1320 1253 1355 τιν
1290 1304 1382 1356 καὶ
1430 1303 1629 1369 λαλεῖν,
1677 1307 1993 1377 ὲνεργήσαι-

424 1404 545 1457 μεν.
583 1388 703 1440 Ὅτι
730 1388 776 1441 δ’
809 1390 909 1442 οὑκ
937 1391 1002 1444 ἄν
1026 1408 1110 1455 τις
1138 1392 1279 1445 οὕτω
1304 1410 1367 1462 γε
1395 1396 1537 1449 ετποι
1559 1396 1685 1450 Υἱὸν
1716 1393 1855 1450 εἶναι
1901 1398 1990 1452 τὸν

422 1478 762 1547 σημαντικὸν
784 1480 876 1533 καὶ
899 1482 1246 1553 ἐνεργητικὸν
1267 1485 1459 1554 Λόγον,
1488 1488 1650 1541 παντί
1691 1506 1768 1559 τῳ
1808 1489 1986 1559 δῆλον.

432 1569 488 1622 '0
513 1570 569 1622 δὲ
600 1569 756 1623 τοῦτο
779 1571 901 1635 δοὺς
931 1573 1025 1625 ἐπὶ
1048 1574 1140 1626 τοῦ
1171 1575 1326 1641 Θεοῦ,
1368 1578 1467 1631 οὐκ
1486 1573 1580 1631 οἷδ’
1606 1580 1751 1643 ὅπως
1776 1580 1866 1634 τὸν
1914 1582 1988 1653 μὴ

420 1660 709 1727 ὑφεστῶτα
767 1662 936 1729 Λόγον
956 1664 1066 1734 (55)
1097 1666 1198 1735 τὴν
1249 1666 1424 1739 σάρκα
1472 1669 1837 1745 ἀνειληφέναι,
1895 1672 1987 1724 καὶ

419 1750 711 1820 ἐνεργῆσαι
744 1753 802 1805 ἐν
826 1753 962 1824 αὐτῇ
992 1771 1123 1824 φησι
1143 1773 1156 1785 °
1193 1757 1284 1810 καὶ
1307 1757 1427 1810 τότε
1462 1757 1694 1829 Χριστὸν
1715 1758 1983 1828 γενέσθαι,

2094 569 2209 632 bat,
2242 569 2435 624 Filium
2478 587 2814 642 nequaquam
2848 575 2933 629 vel
2969 572 3135 630 fuisse
3183 576 3291 630 Deo
3324 573 3408 630 vel
3440 589 3648 643 praeex-

2093 661 2319 725 stitisse,
2374 661 2685 732 priusquam
2752 664 2818 719 de
2864 663 3085 735 Virgine
3133 673 3463 720 nasceretur.
3512 664 3647 718 Tan-

2094 754 2369 808 tummodo
2418 763 2599 808 autem
2647 754 2880 810 Verbum
2932 771 3053 812 esse
3078 756 3228 811 illum
3270 757 3492 819 diceret,
3536 755 3647 810 Deo

2093 845 2462 913 congenitum,
2493 846 2561 899 ab
2617 855 2819 901 aeterno
2871 849 3225 912 coexsistens,
3271 855 3326 902 et
3370 845 3642 901 counitum

2094 932 2224 995 Deo,
2256 940 2315 985 ut
2344 942 2469 1001 puta
2513 933 2564 987 in
2593 933 2811 989 homine
2833 936 3055 991 verbum
3082 935 3283 1010 assolet
3313 936 3640 989 humanum:

2096 1022 2195 1077 hoc
2229 1022 2427 1076 etenim
2462 1024 2634 1076 utitur
2662 1023 2949 1093 exemplo:
2982 1025 3216 1080 Verbum
3251 1024 3522 1077 allirmans
3557 1023 3645 1077 in-

2094 1122 2179 1167 tus
2203 1114 2255 1167 in
2288 1113 2396 1168 Deo
2438 1114 2558 1184 ipso
2589 1114 2889 1177 exstitisse,
2925 1114 3207 1183 quiescens
3242 1114 3534 1177 interdum,
3568 1111 3643 1165 si-

2090 1202 2390 1272 gniticative
2442 1218 2819 1273 nonnunquam
2887 1218 3144 1273 operans,
3184 1205 3494 1273 Operatione
3552 1203 3639 1257 illa

2089 1308 2183 1348 sua
2215 1294 2325 1349 sola
2352 1296 2418 1349 de
2450 1295 2609 1349 Patre
2634 1309 2729 1351 suo
2760 1296 2969 1359 exiens,
2990 1294 3436 1366 quemadmodum
3462 1303 3515 1350 et
3545 1310 3641 1347 nos

2092 1368 2307 1453 operari
2337 1389 2571 1439 solemus
2596 1386 2912 1450 scribendo,
2943 1386 3192 1452 dicendo,
3241 1385 3526 1455 loquendo.
3573 1388 3643 1438 At

2087 1480 2360 1533 enimvero
2390 1482 2512 1549 quis
2549 1496 2654 1536 non
2716 1482 2988 1551 intelligit,
3022 1498 3127 1537 non
3158 1496 3275 1536 esse
3299 1481 3637 1535 statuendum

2086 1568 2152 1623 de
2184 1569 2340 1634 Filio,
2379 1571 2529 1625 illum
2558 1572 2624 1627 ad
2661 1572 2819 1626 istum
2850 1574 3021 1627 solum
3071 1574 3287 1627 modum
3322 1571 3637 1641 signiﬁcati-

2084 1675 2210 1713 vum
2247 1661 2477 1715 Verbum
2522 1672 2576 1718 et
2606 1662 2940 1732 operativum
2982 1664 3136 1719 esse?
3185 1663 3396 1731 Quique
3417 1663 3534 1716 -hoc
3570 1663 3638 1715 ad

2089 1751 2228 1805 hanc
2274 1750 2502 1805 formam
2554 1753 2608 1807 in
2660 1752 2766 1807 Deo
2820 1753 3270 1817 comminiscitur,
3317 1752 3499 1806 nescio
3533 1766 3641 1820 quo

416 1842 514 1894 καὶ
546 1818 769 1913 Ἰησοῦν,
804 1847 896 1898 καὶ
930 1818 1174 1915 βασιλέα,
1207 1849 1298 1901 καὶ
1347 1818 1529 1903 εἰκόνα
1570 1851 1663 1903 τοῦ
1704 1818 1859 1916 Θεοῦ,
1891 1818 1979 1906 καί

2090 1851 2245 1911 pacto
2277 1841 2507 1897 aliirmet
2562 1843 2797 1898 Verbum
2837 1845 3057 1900 minime
3088 1844 3388 1899 subsistens
3427 1858 3639 1898 assum-

414 1935 716 2005 ἀγαπητὸν,
736 1936 829 1989 καὶ
846 1937 972 1990 Υίὸν
1003 1938 1409 2011 δεδοξασμένον,
1441 1942 1533 1995 καὶ
1557 1942 1621 2014 δὴ
1648 1944 1739 1996 καὶ
1766 1945 1985 2017 Πρωτό-

413 2045 569 2081 τοκον
593 2029 773 2099 πάσης
795 2030 1042 2094 κτίσεως,
1078 2031 1151 2103 μὴ
1183 2032 1312 2086 ὄντα
1351 2035 1637 2105 πρότερον,
1675 2035 1797 2088 τότε
1839 2037 1986 2105 γενέ-

414 2116 561 2181 σθαι,
599 2119 799 2191 καίπερ
830 2121 926 2191 οὐχ
977 2123 1290 2191 ὑφεστῶτα·
1346 2125 1405 2176 τὸ
1444 2125 1501 2177 δὲ
1552 2124 1849 2197 παράδοξον
1888 2126 1981 2180 τοῦ

410 2209 607 2277 Λόγου,
636 2210 898 2281 ἄρξασθαι
924 2229 986 2281 γε
1015 2213 1122 2265 ἀπὸ
1149 2214 1512 2285 τετρακοσίων
1537 2216 1657 2269 οὐδὲ
1689 2217 1823 2270 ὅλων
1847 2217 1982 2271 ἐτῶν

410 2299 618 2353 τούτων
644 2302 923 2355 ἁπάντων·
956 2304 1048 2356 καὶ
1106 2305 1266 2358 πάλιν
1314 2306 1498 2360 τοῦτον
1536 2307 1746 2377 ἀθρόως
1784 2308 1983 2380 παυθή-

413 2387 603 2441 σεσθαι
634 2390 769 2458 μετὰ
798 2391 889 2443 τὸν
915 2392 1015 2461 τῆς
1052 2394 1287 2464 κρίσεως
1332 2396 1519 2467 καιρὸν
1547 2395 1639 2449 τοῦ
1683 2396 1781 2467 μὲν
1807 2398 1978 2465 Λόγου

407 2481 687 2550 ἠνωμένου
719 2482 796 2552 τῷ
831 2482 970 2554 Θεῷ,
1020 2484 1095 2549 ὼς
1127 2485 1290 2557 μηδὲν
1325 2486 1508 2559 ἓτερον
1541 2483 1677 2541 εἶναι
1721 2488 1857 2559 πλὴν
1883 2490 1977 2543 τοῦ

408 2569 565 2636 Θεοῦ,
593 2571 691 2641 τῆς
722 2572 779 2625 δὲ
808 2573 1030 2645 σαρκὸς,
1059 2568 1127 2646 ἧς
1151 2574 1457 2645 ἀνείληφεν,
1490 2578 1695 2649 ἐρήμου
1730 2579 1979 2633 καταλει-

408 2659 755 2732 φθησομένης
790 2663 895 2716 ὑπὸ
922 2662 1017 2717 τοῦ
1065 2665 1262 2734 Λόγου,
1287 2665 1362 2729 ὡς
1416 2667 1551 2737 μήτε
1598 2667 1691 2720 τὸν
1728 2668 1855 2720 Υἱὸν
1883 2667 1975 2722 τοῦ

405 2750 543 2804 Θεοῦ
588 2770 716 2806 ποτε
744 2755 1058 2823 ὑφεστάναι,
1095 2757 1231 2828 μήτε
1268 2756 1358 2809 τὸν
1384 2756 1511 2810 Υἱὸν
1539 2757 1631 2811 τοῦ
1668 2758 1974 2830 ἀνθρώπου,

408 2843 474 2897 ὃν
525 2843 801 2915 ἀνείληφε.
853 2847 963 2900 Καὶ
1005 2847 1062 2901 δὲ
1113 2850 1192 2911 είς
1228 2846 1386 2901 τοῦτο
1435 2848 1585 2913 τέλος
1615 2850 1977 2921 καταστρέφει

405 2930 596 3003 ὥσπερ
626 2937 1044 3007 κεκωφωμένος,
1082 2938 1176 2990 καὶ
1205 2938 1344 3007 μήτε
1368 2938 1461 2991 τοῦ
1485 2940 1717 3007 ἀγγέλου
1742 2940 1978 3013 Γαϐριὴλ

405 3022 653 3087 ἀκούων,
707 3024 1190 3097 εὐαγγελιζομένου
1241 3027 1340 3099 τὴν
1389 3029 1648 3085 Θεοτόκον
1697 3033 1881 3101 σαφῶς
1915 3050 1974 3087 τε

406 3115 499 3169 καὶ
529 3115 818 3189 διαρρήδην
845 3118 972 3187 περὶ
999 3118 1094 3172 τοῦ
1131 3121 1189 3187 ἐξ
1230 3121 1400 3192 αὐτῆς
1425 3122 1844 3194 τεχθησομένου,
1878 3125 1970 3178 καὶ

403 3205 471 3258 ὲκ
516 3206 825 3278 σπέρματος
875 3210 1037 3263 Δαὸὶδ
1085 3212 1225 3267 κατὰ
1272 3214 1451 3286 σάρκα
1488 3214 1967 3287 προελευσομένου,

406 3293 733 3363 φάσκοντος⁸
771 3297 916 3352 Ἰδοὺ
956 3300 1255 3369 συλλήψῃ
1294 3302 1365 3354 ἐν
1407 3304 1642 3373 γαστρὶ,
1689 3305 1785 3358 καὶ
1828 3305 1971 3375 τέξῃ

404 3390 562 3449 υἱὸν.
619 3390 716 3442 καί
774 3394 1054 3458 καλέσεις
1095 3393 1158 3445 τύ
1218 3393 1405 3463 ὄνομα
1464 3396 1650 3451 αὐτοῦ
1710 3399 1963 3467 Ἰησοῦν.

406 3477 598 3548 Οὗτος
616 3480 788 3535 ἔσται
810 3484 1016 3553 μέγας,
1058 3484 1154 3539 καὶ
1192 3486 1320 3553 υἱὸς
1357 3486 1635 3556 Ὑψίστου
1669 3491 1970 3560 κληθήσε-

402 3589 526 3625 ται·
556 3572 656 3627 καὶ
703 3573 880 3628 δώσει
925 3574 1083 3641 αὐτῷ
1113 3577 1327 3645 Κύριος
1365 3581 1399 3632 ό
1436 3578 1581 3646 Θεὸς
1618 3581 1726 3634 τὸν
1757 3585 1971 3651 θρόνον

400 3663 581 3717 Δαόὶδ
612 3663 718 3719 τοῦ
744 3666 959 3734 πατρὸς
986 3668 1192 3731 αὑτοῦ,
1244 3670 1341 3722 καὶ
1363 3671 1721 3735 ,ϐασιλεύσει
1751 3673 1849 3726 ἐπὶ
1865 3674 1972 3729 τόν

400 3748 569 3807 οἷκον
598 3754 796 3808 Ἰακὼό
827 3758 915 3821 εἰς
956 3755 1098 3823 τοὺς
1123 3755 1361 3824 αἰῶνας,
1386 3759 1484 3811 καὶ
1510 3757 1619 3826 τῆς
1648 3760 1969 3828 ,βασιλείας

398 3843 588 3898 αὐτοῦ
622 3845 733 3899 οὐκ
766 3845 937 3899 ἔσται
963 3845 1154 3913 τέλος.
1188 3849 1339 3920 Μὴτε
1371 3848 1568 3920 Δανιὴλ
1605 3848 1698 3902 τοῦ
1733 3851 1967 3920 μεγάλου

398 3935 679 4007 προφήτου
700 3935 799 4001 τὰς
827 3937 1009 4006 φωνάς
1049 3938 1269 4001 συνιεὶς,
1296 3939 1435 3993 αὑτά
1480 3939 1648 3993 ταῦτα
1678 3941 1968 4012 σφραγιζο-

400 4026 588 4096 μένου,
616 4027 684 4080 δι’
716 4022 789 4081 ὧν
819 4030 876 4081 ὲν
904 4028 1030 4099 θείῳ
1060 4029 1337 4100 Πνεύματι
1360 4030 1608 4100 διεφώνει
1632 4031 1822 4101 λέγων·
1855 4034 1964 4088 Καὶ

397 4116 529 4171 ἰδοὺ
568 4119 718 4187 μετὰ
760 4119 877 4173 τῶν
911 4120 1181 4190 νεφελῶν
1210 4122 1319 4193 (54)
1355 4123 1459 4176 τοῦ
1489 4124 1747 4190 οὐρανοῦ
1775 4164 1789 4187 ,
1834 4126 1965 4190 Υἱὸς

394 4209 711 4276 ἀνθρώπου
726 4212 1048 4281 ἐρχόμενος
1077 4209 1176 4281 ἦν,
1196 4214 1293 4268 καὶ
1324 4213 1434 4279 ἕως
1449 4212 1555 4267 τοῦ
1569 4214 1832 4269 Παλαιοῦ
1848 4214 1964 4268 τῶν

393 4299 629 4367 ἡμερῶν
660 4302 917 4370 ἔφθασε,
946 4304 1042 4357 καὶ
1096 4304 1437 4374 ἔμπροσθεν
1485 4305 1671 4360 αὐτοῦ
1706 4321 1964 4374 προσην-

2084 1937 2255 2001 psisse
2282 1948 2523 2001 carnem,
2551 1943 2605 1988 et
2639 1935 2690 1988 in
2731 1934 2818 1989 illa
2846 1945 3117 2005 assumpta
3150 1936 3220 1989 ita
3252 1932 3643 2003 operatum.,Et

2083 2030 2209 2078 tunc
2241 2025 2472 2092 primum
2509 2024 2780 2079 Christum
2827 2025 3102 2081 exstitisse
3129 2065 3144 2092 ,
3187 2024 3389 2087 Jesum,
3435 2037 3638 2093 regem,

2080 2114 2370 2185 imaginem
2427 2116 2541 2184 Dei,
2578 2118 2857 2182 dilectum,
2907 2117 3073 2172 lilium
3117 2115 3495 2187 gloriﬁcatum,
3536 2112 3641 2179 pri-

2081 2210 2412 2276 magenitum
2445 2210 2623 2265 omnis
2648 2217 2935 2273 creaturae,
2969 2222 3092 2263 cum
3137 2223 3242 2262 non
3277 2215 3422 2261 esset
3465 2206 3637 2274 prius,

2080 2312 2180 2350 nec
2210 2307 2365 2353 antea
2398 2300 2621 2355 omnino
2647 2301 2957 2355 exsisteret.
2991 2298 3261 2368 Imprimis
3304 2298 3639 2368 paradoxum

2079 2389 2208 2443 illud
2246 2399 2346 2452 est,
2380 2392 2668 2461 incoepisse
2690 2392 2793 2446 hoc
2818 2391 3071 2453 Verbum,
3104 2406 3209 2445 non
3235 2389 3302 2445 ab
3332 2389 3490 2443 annis
3515 2387 3639 2441 hinc

2080 2489 2227 2534 retro
2259 2481 2664 2551 quadringentis
2697 2480 3011 2551 completis:
3036 2489 3089 2536 et
3117 2479 3273 2536 simul
3303 2480 3354 2533 in
3391 2479 3636 2533 eamdem

2078 2588 2183 2625 non
2232 2574 2606 2628 exsistentiam
2648 2574 3058 2639 revolvendum,
3115 2584 3238 2643 post
3280 2568 3467 2642 iudicii
3497 2578 3633 2627 tem-

2076 2679 2196 2733 pus,
2234 2666 2411 2719 Verbo
2451 2666 2669 2735 quidem
2717 2666 2825 2721 Deo
2876 2668 3091 2723 demum
3145 2667 3392 2733 adunito,
3454 2665 3527 2719 ita
3577 2675 3637 2719 ut

2040 2780 2044 2783 -
2076 2764 2269 2822 praeter
2292 2753 2454 2807 Deum
2490 2753 2621 2808 nihil
2651 2753 2938 2823 quidquam
2971 2754 3228 2817 exsistat;
3261 2767 3446 2816 carne,
3469 2765 3633 2820 quam

2076 2846 2390 2914 assumpsit,
2418 2844 2658 2899 desolata
2699 2853 2755 2899 et
2789 2845 3041 2900 destituta
3072 2858 3102 2897 a
3132 2842 3329 2907 Verbo,
3352 2841 3425 2896 ita
3453 2849 3512 2894 ut
3537 2854 3633 2893 ne-

2075 2951 2179 3006 que
2207 2936 2376 2990 Filius
2406 2936 2599 3006 aliquis
2628 2935 2722 2991 Dei
2749 2936 3011 2992 subsistat
3035 2978 3051 3004 ,
3087 2949 3186 2992 nec
3206 2935 3375 2990 Filius
3400 2933 3635 2989 hominis

2074 3042 2232 3096 quem
2264 3028 2577 3095 assumpsit.
2604 3027 2679 3081 Eo
2702 3036 2879 3083 autem
2910 3027 3122 3083 tandem
3153 3027 3434 3083 descendit
3476 3027 3627 3096 abje-

2074 3116 2288 3183 ctionis,
2316 3117 2693 3174 utGabrielem
2723 3134 2825 3173 non
2853 3119 3041 3173 audiat
3069 3118 3480 3189 archangelum,
3511 3118 3635 3173 Dei-

2072 3224 2212 3279 para:
2244 3210 2526 3265 manifeste
2553 3220 2607 3265 et
2631 3212 2918 3281 perspicue
2941 3212 3371 3281 annuntiantem,
3404 3213 3470 3269 de
3495 3214 3632 3269 Filio

2070 3314 2136 3354 ex
2163 3299 2252 3353 illa
2280 3301 2606 3371 generando,
2631 3310 2686 3357 et
2715 3303 2782 3357 de
2818 3302 3024 3359 semine
3050 3302 3288 3366 Davidis.
3334 3308 3629 3360 secundum

2071 3407 2287 3446 carnem
2321 3384 2668 3459 descensum,
2695 3408 2817 3449 cum
2846 3395 2920 3448 ita
2950 3394 3190 3465 inquiat:
3217 3393 3352 3449 Ecce
3371 3397 3630 3464 concipies

2068 3481 2125 3534 in
2148 3490 2296 3535 utero
2326 3490 2437 3544 tuo,
2465 3490 2513 3535 et
2551 3484 2725 3550 partes
2750 3481 2943 3550 ﬁlium,
2986 3494 3033 3536 et
3069 3483 3273 3537 vocabis
3302 3499 3486 3538 nomen
3511 3484 3627 3553 ejus

2068 3571 2273 3626 Jesum.
2323 3570 2427 3626 Hic
2472 3575 2570 3628 erit
2597 3575 2839 3643 magnus,
2867 3582 2916 3628 et
2954 3574 3097 3644 ﬁlius
3126 3574 3385 3629 Altissimi
3422 3576 3630 3630 vocabi-

2069 3670 2193 3714 tur:
2234 3671 2285 3717 et
2338 3663 2482 3717 dabit
2528 3663 2607 3717 illi
2644 3663 2902 3718 Dominus
2945 3664 3085 3719 Deus
3131 3667 3372 3719 thronum
3412 3665 3628 3721 Davidis

2067 3755 2231 3823 patris
2262 3755 2366 3822 sui,
2406 3765 2455 3810 et
2506 3758 2737 3827 regnabit
2776 3773 2934 3826 super
2962 3758 3171 3810 domum
3204 3755 3368 3811 Iacob
3401 3757 3455 3811 in
3479 3766 3628 3812 mter-

2068 3862 2214 3910 num,
2243 3857 2289 3901 et
2320 3848 2464 3918 regni
2496 3848 2639 3902 illius
2680 3838 2781 3903 non
2819 3851 2917 3903 erit
2941 3848 3063 3917 linis
3091 3848 3157 3901 “.
3208 3849 3315 3904 Sed
3344 3865 3440 3905 nec
3465 3864 3625 3905 voces

2067 3936 2334 3992 intellexit
2365 3939 2543 4010 magni
2598 3940 2740 3995 illius
2793 3940 2932 3994 vatis
2990 3940 3245 4007 Danielis,
3294 3940 3386 4010 qui
3433 3941 3621 3997 eadem

2066 4030 2179 4099 ipsa
2212 4031 2572 4101 consignavit,
2597 4032 2719 4085 dum
2754 4032 2947 4100 spiritu
2976 4032 3067 4086 Dei
3095 4032 3308 4087 atllatns
3349 4032 3616 4103 profatur,

2064 4121 2355 4189 inquiens:
2389 4122 2458 4175 Et
2497 4138 2611 4176 ecce
2633 4139 2749 4175 cum
2782 4124 3001 4177 nubibus
3037 4124 3151 4176 ειειί
3192 4122 3239 4176 F
3242 4126 3364 4178 ilius
3390 4127 3617 4180 hominis

2063 4211 2389 4276 adveniebat,
2424 4222 2471 4265 et
2510 4227 2670 4281 usque
2716 4209 3094 4281 adAntiquum
3135 4219 3193 4276 >14
3224 4214 3426 4268 dierum
3447 4232 3622 4283 perve-

2064 4303 2159 4367 nit,
2193 4313 2240 4357 et
2266 4302 2470 4357 delatus
2509 4310 2585 4356 est
2617 4313 2739 4356 ante
2779 4314 3107 4371 conspectum
3137 4305 3272 4373 ejus.
3305 4303 3417 4374 Ipsi
3445 4317 3619 4360 autem

396 4390 567 4458 ἔχθη.
608 4392 717 4445 Καὶ
759 4393 916 4459 αὐτῷ
962 4395 1139 4463 ἐδόθη
1168 4395 1347 4465 ἀρχὴ,
1384 4395 1481 4448 καὶ
1512 4397 1550 4463 ἡ
1596 4395 1754 4465 τιμὴ,
1795 4398 1889 4449 καὶ
1920 4399 1958 4467 ἡ

2078 4395 2287 4447 labatur
2312 4394 2656 4461 principatus,
2686 4404 2735 4446 et
2765 4393 2948 4458 honor,
2973 4402 3023 4447 et
3046 4410 3256 4464 regnum
3274 4411 3295 4450 :
3320 4406 3369 4451 et
3394 4399 3617 4453 servient

393 4481 677 4543 βασιλειά
701 4499 713 4512 ·
764 4483 862 4536 καί
900 4483 1123 4551 πάντες
1168 4489 1222 4539 οἱ
1259 4486 1419 4549 λαοὶ,
1450 4486 1655 4555 φυλαὶ,
1686 4486 1957 4557 γλῶσσαι

2078 4483 2140 4536 lli
2164 4498 2343 4537 omnes
2381 4481 2582 4550 populi,
2622 4481 2810 4547 tribus,
2848 4480 3060 4552 linguae.
3107 4481 3348 4539 Potestas
3370 4487 3511 4542 illius
3540 4501 3613 4543 est

389 4573 551 4638 αὐτῷ
593 4574 1057 4630 δουλεύσουσιν.
1115 4578 1185 4631 ἸΙ
1217 4577 1466 4642 ἐξουσία
1501 4578 1683 4631 αὐτοῦ
1706 4577 1955 4642 ἐξουσία

2078 4582 2284 4626 potestas
2335 4582 2550 4636 (eterna,
2591 4587 2707 4641 qua’
2737 4589 2839 4625 non
2882 4573 3213 4641 pertransibit
3251 4590 3272 4629 :
3325 4585 3372 4629 et
3403 4593 3615 4647 regnum

389 4666 655 4732 αἰώνιος,
702 4666 832 4733 ἥτις
864 4669 935 4719 οὐ
969 4670 1430 4735 παρελεύσεται·
1479 4669 1577 4721 καὶ
1610 4671 1647 4736 ἠ
1671 4670 1955 4733 βασιλεία

2080 4664 2204 4717 llius
2234 4682 2335 4718 non
2365 4664 2593 4716 interibit
2619 4664 2680 4717 ⁸³.
2716 4662 2821 4717 Sed
2870 4677 2970 4717 nec
3011 4663 3166 4718 illum
3193 4663 3363 4721 Isaias
3392 4667 3462 4722 de
3490 4682 3614 4722 sen-

388 4758 578 4811 αῠτοῦ
601 4760 671 4811 οὐ
691 4756 1177 4825 διαφθαρήσεται.
1212 4758 1351 4811 Ἀλλ’
1373 4758 1491 4811 οὑδὲ
1521 4759 1747 4822 Ἡσαΐας
1785 4760 1952 4813 αὑτὸν

2078 4760 2224 4813 entia
2254 4758 2495 4824 deduxit,
2518 4757 2608 4826 qui
2635 4756 2702 4811 de
2731 4771 2895 4826 regno
2917 4754 3037 4811 Filii
3070 4757 3161 4812 Dei
3192 4757 3608 4823 interminabili,

388 4847 574 4901 ἔπεισε
601 4850 727 4919 περὶ
762 4850 859 4919 τῆς
884 4850 1237 4921 ἀτελευτήτου
1267 4849 1539 4919 βασιλείας
1566 4848 1659 4902 τοῦ
1691 4850 1820 4903 Υἱοῦ
1854 4851 1947 4904 τοῦ

2078 4852 2125 4907 id
2158 4852 2317 4905 istum
2356 4850 2574 4903 modum
2604 4853 2793 4906 scribit
2818 4870 2832 4906 :
2866 4851 3008 4905 Puer
3029 4849 3172 4904 nobis
3200 4859 3355 4904 natus
3376 4860 3485 4904 est:
3517 4849 3613 4904 Fi-

388 4940 546 5006 Θεοῦ,
569 4935 668 4994 ὧδε
688 4942 781 4994 καὶ
801 4942 964 5004 αὐτὸς
985 4942 1274 5005 Θεσπίζων,
1304 4943 1408 5003 ὅτι,
1428 4942 1671 4995 Παιδίον
1696 4942 1946 5011 ἐγενήθη

2078 4944 2157 4995 ius
2183 4957 2387 5011 quoque
2405 4942 2561 4994 datus
2584 4952 2660 4996 est
2704 4943 2874 5008 nobis,
2905 4941 3056 5012 cujus
3088 4942 3412 5012 principatus
3456 4958 3612 5010 super

387 5033 567 5103 ἡμῖν’
598 5033 727 5099 υίὸς
766 5034 864 5087 καὶ
905 5033 1081 5101 ἐδόθη
1121 5034 1270 5104 ἡμῖν
1300 5030 1371 5089 οὗ
1406 5033 1444 5099 ἠ
1488 5033 1643 5102 ἀρχὴ
1688 5035 1800 5104 (35)
1847 5035 1945 5088 ἐπὶ

2078 5048 2294 5085 zumeros
2326 5032 2769 5101 ejusmocabitur
2811 5034 3024 5103 insuper
3061 5049 3247 5089 nomen
3271 5032 3404 5104 ejus,
3429 5032 3608 5103 magni

463 5155 522 5213 ἧι
567 5147 664 5202 Ed.
697 5146 893 5215 Paris.,
922 5164 1044 5219 pag.
1077 5149 1167 5203 55.
1242 5148 1289 5179 ⁸⁸
1315 5147 1445 5203 Luc.
1482 5162 1521 5213 ι,
1548 5148 1734 5204 51-55.
1812 5150 1857 5182 ⁵⁸
1890 5149 1979 5203 Dat

2078 5165 2154 5212 ut,
2191 5149 2280 5213 15,
2312 5147 2399 5205 Ib.

461 5318 572 5389 (55)
618 5317 728 5371 Τὸν
751 5313 838 5389 ait
887 5310 1199 5389 ὑφεστῶτα
1214 5312 1590 5389 ΛόγονηΗεᾳξο
1614 5322 1696 5389 est
1731 5328 1940 5389 summa

2078 5314 2235 5389 lacav
2260 5320 2315 5389 et
2348 5311 2441 5364 καὶ
2470 5311 2633 5364 αὐτὸν
2667 5311 2785 5383 μέν,
2822 5310 3052 5378 denique
3083 5310 3297 5380 ἐκείνην
3319 5310 3519 5380 ὲπαγγ.
3551 5322 3608 5367 et

382 5381 765 5462 ξίοοιιεὲιι-ἱιηιίδ⁷
800 5381 1133 5447 Eusebiauze,
1167 5385 1231 5437 de
1276 5400 1402 5451 qua,
1434 5382 1487 5435 in
1524 5383 1626 5435 illis
1655 5383 1723 5437 de
1768 5384 1944 5437 'I‘heo—
2039 5381 2367 5462 γὰρ-άγίων.
2399 5453 2411 5462 ¹
2467 5450 2479 5462 θ
2587 5449 2601 5462 .
2938 5459 2948 5462 _
2983 5448 2997 5462 .
3244 5449 3270 5462 Α
3329 5452 3339 5462 ,

385 5460 548 5527 logia.
592 5457 661 5509 M.
770 5522 847 5527 Α
1007 5522 1017 5527 Α
1102 5446 1126 5527 _’
1292 5446 1308 5451 ’
1364 5446 1412 5527 ν,
1504 5521 1523 5527 _
1811 5521 1840 5527 _

2113 5446 2237 5527 (55)⁷
2265 5446 2345 5527 Οᾷ
2380 5453 2418 5517 ἠ
2448 5449 2626 5527 ἀρχή.
2673 5449 2949 5527 Locusest
2983 5448 3084 5527 Isa.
3132 5463 3207 5527 Ix,
3241 5449 3293 5516 6,
3328 5449 3557 5527 i_n_LX_X
3585 5470 3597 5503 :

454 5524 564 5599 (ὖὲ)
601 5528 707 5580 Καὶ
735 5522 871 5599 ἰδοὺΔ
883 5520 1178 5599 μετά-τῶν
1192 5521 1476 5599 νεφελῶν,
1504 5521 1675 5599 Locus
1698 5532 1774 5574 est
1796 5521 1938 5599 Dan.

2081 5519 2163 5599 ost
2193 5519 2345 5599 ἀρχῇ
2383 5521 2645 5599 sequitur,
2669 5519 2951 5599 gygen;
2980 5520 3078 5599 sed
3094 5521 3305 5599 χιιι-ἰείη
3338 5522 3405 5599 ibi
3439 5524 3600 5599 etiam

382 5588 477 5674 επις
504 5588 597 5662 Πς
624 5599 758 5674 lnge,
792 5588 980 5674 2:93:65
998 5588 1766 5674 Υἱρςόνθρώπουέρχόμενος.
1792 5589 1942 5674 μ.-

2078 5592 2277 5674 ollices.
2311 5590 2501 5674 ξιειίω
2538 5588 2589 5641 in
2631 5588 3011 5674 LX‘Xde’gitur,
3043 5588 3168 5674 άξιιέ
3212 5590 3319 5674 γὰρ
3355 5590 3605 5674 εἰρήνην

384 5656 521 5723 Infra
563 5656 719 5734 v'ulg‘n
745 5656 800 5720 τ.
835 5662 963 5741 Υζοῦ
997 5661 1088 5741 τοῦ
1121 5656 1411 5741 άνθρὶρποοδ
1441 5656 1646 5741 diliget"
1662 5661 1752 5713 ἐπὶ
1783 5659 1933 5741 ῶμου
2034 5660 2291 5741 ξτιςτρὺς
2314 5659 2737 5741 ᾅρχοντξις,καὲ
2766 5656 3321 5741 ὑγιέιᾳνρὺζῷνζκὰὶ
3344 5656 3597 5741 μέγῳη.

377 5737 494 5791 τοῦ.
529 5729 693 5791 Porro
732 5736 837 5804 Mp.
882 5729 1399 5804 ἀντιλαμϐάνεσθαι,
1449 5735 1568 5785 dein
1610 5731 1773 5804 ἔσται
1817 5729 1931 5784 Ιοου

2078 5729 2241 5804 ’ἱέμεν
2271 5729 2356 5798 μὴ
2389 5729 2673 5804 προεῖναι.
2717 5730 2789 5782 Ita
2823 5732 2967 5804 varie
2999 5729 3166 5804 illusit
3207 5732 3451 5804 humana:
3476 5732 3601 5804 “(ra-

379 5807 615 5862 ῑσεσθαι.
653 5795 796 5861 υείιί
836 5806 992 5873 vulgo
1027 5795 1091 5855 δέ
1127 5795 1187 5855 οῦ
1224 5803 1358 5872 ὁμοῦ
1401 5815 1453 5857 et
1489 5802 1841 5873 ὡμολόγησαν
1880 5809 1932 5856 et

2078 5795 2251 5867 ilitati,
2272 5795 2378 5871 per
2407 5795 2639 5854 nefarios
2664 5816 2790 5856 suos
2828 5802 3142 5857 emissarios
3163 5840 3177 5866 ,
3233 5800 3420 5855 Sutau.
3475 5800 3605 5867 Ἔγ-

700 5900 970 5960 Ρλτιιοι..
1017 5898 1133 5960 GR.
1182 5897 1413 5959 XXIV.

3210 5896 3289 5956 25
