4008 6518
420 344 523 400 77'.)

422 458 629 511 consilii
680 456 909 526 Angelus
948 468 966 506 :

420 551 613 618 fortis:
642 558 890 617 potestate
948 550 1239 614 prteditus;
1282 551 1515 618 princeps
1564 551 1705 618 pacis
1751 566 1768 602 :

421 638 588 704 futuri
631 636 830 690 seaculi.
868 636 1139 689 Adducam
1199 641 1335 691 enim
1389 641 1663 693 sanitatem
1711 654 1757 694 et
1800 656 1975 707 pacem

421 745 539 780 cum
570 728 683 781 illo.
718 728 941 797 Magnus
977 730 1069 781 erit
1105 730 1428 797 principatus
1459 730 1592 799 ejus,
1620 743 1667 784 et
1699 732 1840 799 pacis
1865 732 1978 800 ejus

425 839 526 875 non
548 828 645 875 erit
672 822 809 889 ﬁnis.
837 820 1002 887 Super
1022 825 1209 875 solium
1259 825 1448 887 David,
1486 834 1534 877 et
1564 841 1720 887 super
1767 840 1978 894 regnum

423 913 558 982 ejus,
608 924 664 965 ut
708 916 932 984 corrigat
982 916 1133 977 illud,
1173 925 1220 967 et
1270 915 1560 968 auxilietur
1597 917 1650 969 in
1686 916 1884 983 iudicio
1930 927 1977 969 et

411 1005 649 1074 justitia,
686 1022 751 1058 ea:
773 1007 868 1059 hoc
900 1023 1033 1060 nunc
1069 1016 1116 1060 et
1150 1023 1310 1076 usque
1335 1008 1388 1059 in
1417 1007 1663 1061 saeculum
1693 1008 1759 1061 “.
1808 1010 1982 1075 Atque

422 1097 540 1149 istis
572 1112 667 1167 per
693 1098 874 1151 omnia
904 1113 1136 1152 consona
1171 1098 1412 1163 fuerunt,
1448 1116 1566 1169 qua:
1598 1098 1806 1169 Virgini
1857 1101 1981 1153 Dei-

420 1205 561 1256 ρει-ιε
587 1190 945 1243 annuntiabat
975 1189 1215 1256 Gabriel,
1258 1190 1345 1244 ubi
1398 1191 1497 1254 ait,
1551 1200 1896 1260 regnaturum
1928 1190 1979 1243 iu

419 1290 681 1333 aeternum
718 1280 807 1349 qui
865 1291 981 1335 erat
1030 1296 1093 1334 ex
1132 1281 1218 1334 illa
1254 1282 1602 1349 nasciturus;
1653 1281 1821 1351 Regni
1869 1282 1981 1352 ejus

422 1388 524 1425 non
555 1373 654 1425 erit
682 1372 827 1440 ﬁnis.
876 1371 1088 1439 Quanta
1127 1382 1302 1447 autem
1341 1388 1461 1426 cum
1505 1372 1724 1427 audacia
1758 1373 1984 1429 Μιλησι-

423 1463 505 1517 lus
540 1463 688 1518 hisce
724 1464 1045 1519 testimoniis
1103 1464 1375 1518 contraria
1418 1466 1695 1533 scripserit
1740 1476 1793 1519 et
1826 1481 1984 1534 repu-

424 1556 668 1624 gnantia,
711 1555 779 1608 ab
810 1554 977 1623 ipsius
1019 1554 1233 1622 scriptis
1266 1554 1546 1609 edocearis
1592 1554 1738 1619 licet,
1774 1555 1825 1607 in
1864 1555 1986 1624 qui-

423 1644 525 1698 bus
556 1643 675 1698 Filii
721 1659 841 1698 cum
896 1643 1170 1707 deitatem,
1223 1655 1331 1695 tum
1390 1642 1549 1696 etiam
1591 1642 1980 1696 humanitatem

423 1736 755 1807 pernegavit,
787 1734 924 1787 ultra
952 1735 1188 1787 omnium
1221 1733 1503 1788 hmresium
1549 1736 1863 1787 novitatem.
1902 1731 1986 1784 Iu-

1049 341 1313 397 EUSEBII
1351 338 1833 396 CESARIENSIS
1871 338 2024 394 OPP.
2064 336 2243 393 PARS
2283 337 2369 391 IV.
2412 369 2479 379 —-
2518 334 2934 391 DOGMATICA.

1022 457 1351 511 admirabilis
1387 458 1721 511 consiliarius
1771 474 1790 511 :
1839 458 1975 511 Deus

2094 459 2183 510 τοῦ
2216 456 2375 525 ὤμου
2404 454 2613 518 αὑτοῦ,
2656 452 2755 505 καὶ
2803 450 3067 505 καλεῖται
3111 449 3177 500 τὸ
3218 447 3404 514 ὄνομα
3436 444 3645 509 αὐτοῦ,

1823 550 1979 604 Pater
2074 547 2344 616 μεγάλης
2354 547 2436 610 ,ϐο
2446 543 2598 612 ιιλῆς
2614 546 2909 614 Ἄγγελος,
2934 538 3273 609 θαυμαστὸς
3288 539 3644 607 σύμϐουλος,

3543 329 3644 383 780

2080 638 2224 704 Θεὸς
2245 638 2513 706 ἰσχυρὸς,
2533 634 2954 701 ἐξουσιαστὴς,
2968 630 3436 701 ἄρχωνείρήνης,
3454 628 3647 695 Πατὴρ

2080 729 2184 783 τοῦ
2195 730 2529 798 μέλλοντος
2537 727 2770 793 αἰῶνος.
2781 728 2848 780 Ἀ
2857 726 2891 790 ξ
2893 744 2937 778 ω
2950 726 3058 794 γὰρ
3076 722 3324 792 εἰρήνην
3336 721 3434 774 καὶ
3448 721 3651 789 ὑγείαν

2080 822 2258 887 αὐτῷ.
2316 821 2563 891 Μεγάλη
2612 821 2651 887 ἠ
2698 818 2853 888 ἀρχὴ
2896 815 3103 873 αὐτοῦ’
3149 815 3248 870 καὶ
3276 813 3387 882 τῆς
3414 812 3651 880 είρήνης

2081 913 2265 967 αὐτοῦ
2290 915 2401 966 οὐκ
2432 913 2601 966 ἔσται
2639 911 2834 977 τέλος.
2894 909 3025 964 Ἐπὶ
3060 908 3168 962 τὸν
3212 910 3428 976 θρόνον
3454 905 3648 979 Δαόὶδ.

2082 1003 2181 1056 καὶ
2215 1003 2313 1055 ἐπὶ
2342 1002 2457 1069 τὴν
2489 1002 2819 1067 ,βασιλείαν
2859 999 3067 1064 αὑτοῦ,
3122 998 3230 1053 τοῦ
3285 995 3650 1064 κατορθῶσαι

2081 1094 2295 1163 αὐτὴν,
2333 1094 2431 1148 καὶ
2460 1094 2889 1149 ἀντιλαϐέσθαι
2920 1093 2989 1146 ἐν
3025 1092 3255 1161 κρίματι
3309 1090 3409 1144 καὶ
3454 1090 3524 1142 ἐν
3568 1088 3653 1143 διο

2081 1187 2405 1255 καιοσύνῃ,
2461 1186 2581 1240 ἀπὸ
2631 1186 2736 1239 τοῦ
2787 1184 2904 1238 νῦν
2949 1183 3049 1237 καὶ
3088 1186 3173 1249 εὶς
3228 1182 3369 1247 τοὺς
3414 1181 3647 1247 αἰῶνας.

2083 1277 2302 1340 Τούτοις
2333 1276 2463 1344 γοῦν
2512 1275 2776 1346 σύμφωνα
2808 1270 2874 1346 ἦν
2917 1276 3012 1329 καὶ
3046 1276 3187 1345 ἅπερ
3210 1276 3239 1326 6
3265 1272 3503 1344 Γαϐριὴλ
3552 1272 3654 1342 τὴν

2084 1368 2356 1439 Παρθένον
2378 1368 2783 1440 εὐηγγελίζετο,
2819 1369 2899 1432 είς
2922 1369 3045 1430 τοὺς
3069 1367 3271 1430 αἰῶνας
3322 1366 3657 1437 βασιλεύσειν

2082 1463 2173 1516 τὸν
2200 1462 2257 1529 ἐξ
2290 1464 2479 1533 αὐτῆς,
2536 1463 2729 1531 λέγων,
2773 1464 2867 1516 καὶ⁸
2904 1463 3003 1533 τῆς
3034 1462 3307 1533 βασιλείας
3358 1461 3519 1515 αὑτοῦ
3582 1463 3657 1533 μὴ

2085 1555 2303 1608 ἔσεσθαι
2352 1556 2522 1619 τέλος.
2556 1554 2872 1626 Μάρκελλος
2910 1554 2965 1608 δὲ
3010 1556 3156 1617 ὅπως
3190 1554 3400 1616 τούτοις
3448 1554 3655 1608 ἆπασιι

2085 1645 2301 1698 ἐναντία
2322 1646 2552 1715 γράφειν
2582 1646 2803 1717 ἐτόλμα,
2838 1644 3027 1716 μάθοις
3055 1644 3120 1699 ἂν
3140 1648 3203 1699 ἐκ
3230 1646 3337 1699 τῶν
3364 1644 3526 1698 αὑτοῦ
3543 1662 3659 1713 φω-

2086 1736 2211 1801 νῶν,
2242 1737 2307 1789 δι’
2356 1731 2430 1791 ὧν
2476 1738 2607 1807 ὁμοῦ
2639 1739 2737 1810 τὴν
2765 1738 2990 1809 θεότητα
3027 1739 3120 1790 καὶ
3144 1738 3243 1806 τὴν
3262 1737 3659 1809 ἀνθρωπότητα

427 1836 509 1878 ter
555 1825 697 1877 enim
753 1838 1041 1892 pravarum
1093 1823 1405 1893 opinionum
1463 1834 1733 1887 auctores,
1796 1822 1984 1891 aliqui,

2094 1826 2180 1880 τοῦ
2211 1826 2344 1880 Θεοῦ
2364 1826 2457 1880 τοῦ
2477 1828 2608 1881 Υἱοῦ
2638 1832 2883 1901 ⁴ἠρνεῖτο,
2908 1831 3216 1901 καινότερον
3247 1829 3279 1900 ἢ
3310 1829 3449 1882 κατά
3478 1830 3658 1882 πᾶσαν

421 1931 543 1969 cum
573 1913 765 1968 Filium
808 1914 898 1967 Dei
950 1914 1384 1983 supposuissenl,
1444 1927 1617 1983 neque
1664 1914 1790 1967 olim
1818 1913 1985 1967 exstio

425 2009 575 2073 tisse,
609 2022 705 2061 nec
736 2019 859 2061 ante
890 2007 1214 2067 substitisse,
1246 2006 1516 2059 hominem
1542 2022 1663 2060 eum
1716 2020 1882 2059 unum
1923 2006 1988 2059 de

424 2098 608 2153 multis
634 2106 938 2153 statuerunt
987 2098 1199 2152 caneris
1239 2097 1493 2162 similem,
1533 2098 1821 2167 adoptione
1866 2105 1987 2151 tan-

424 2201 563 2256 tum,
596 2191 734 2246 natis
765 2191 832 2245 de
862 2189 1197 2255 mulieribus,
1233 2188 1549 2258 praelatum:
1598 2197 1652 2243 et
1695 2189 1867 2243 eidem
1900 2197 1988 2242 ta-

425 2299 549 2338 men
607 2281 961 2335 nihilominus
1007 2281 1315 2339 attribuunt
1380 2280 1639 2333 honorem
1713 2292 1989 2347 nunquam

426 2373 848 2438 terminandum,
884 2381 939 2426 et
988 2386 1216 2439 regnum
1259 2371 1312 2424 in
1359 2380 1621 2425 aeternum
1650 2370 1989 2424 duraturum.

426 2465 634 2520 Rursus
666 2464 756 2535 qui
804 2476 1037 2519 renuunt
1072 2463 1464 2517 humanitatem
1506 2462 1642 2533 ejus,
1685 2472 1992 2533 supponunt

424 2568 643 2614 exstare
666 2572 787 2614 eum
813 2556 906 2611 Dei
933 2556 1151 2630 Filium,
1186 2556 1353 2610 Deum
1384 2571 1597 2627 quoque
1614 2556 1993 2626 prmexsisten-

426 2662 560 2716 tem,
596 2650 691 2706 sed
723 2650 990 2704 hactenus
1012 2648 1280 2718 progressi
1317 2656 1443 2703 sunt
1472 2648 1784 2712 errabundi,
1826 2656 1881 2702 et
1922 2646 1990 2701 ab

427 2742 665 2799 Ecclesia
689 2742 871 2797 alieni.
901 2740 1008 2796 Iste
1035 2756 1183 2807 vero,
1220 2742 1310 2811 qui
1347 2740 1439 2794 Dei
1468 2740 1720 2794 Ecclesia:
1746 2750 1992 2808 tempore

424 2835 681 2906 praesedit
711 2843 818 2889 tam
853 2834 1132 2897 diuturno,
1161 2833 1569 2887 subsistentiam
1610 2831 1733 2886 Filii
1764 2830 1857 2885 Dei
1893 2830 1993 2884 tol-

427 2927 505 2992 lit,
536 2937 646 2981 tum
697 2939 821 2979 cum
872 2924 1005 2994 ipsis
1058 2924 1177 2993 ejus
1226 2924 1433 2978 serviat
1471 2922 1755 2976 altaribus.
1815 2920 1993 2988 Seque

427 3018 610 3071 forsan
653 3024 840 3086 sperat
892 3016 1058 3069 vitam
1110 3025 1366 3069 aeternam
1421 3025 1583 3083 atque
1630 3012 1991 3067 immortalem

427 3118 864 3185 consecuturum,
930 3107 1247 3163 Pontiﬁcem
1302 3121 1433 3159 vero
1486 3105 1753 3175 ejusdem,
1803 3104 1989 3158 eadem
2018 3139 2063 3200 C

427 3202 534 3254 vita
585 3200 782 3269 privat.
838 3196 1105 3251 Ilabemus
1155 3198 1365 3263 etenim,
1407 3195 1698 3250 secundum
1747 3193 1987 3262 Apostoli

427 3289 668 3351 ell'atum,
700 3289 1000 3358 Pontiﬁcem
1044 3305 1315 3357 magnum,
1354 3286 1442 3358 qui
1489 3286 1643 3340 caelos
1683 3286 1989 3352 penetravit,

427 3381 609 3436 Iesum
662 3378 864 3433 Filium
902 3378 999 3433 Dei
1046 3379 1111 3436 "’.
1148 3378 1315 3445 Quem
1370 3391 1544 3446 neque
1593 3375 1989 3445 prarexsistere,

432 3490 529 3529 nec
581 3473 989 3543 prmsubsistere
1036 3470 1200 3524 audet
1226 3470 1329 3523 iste
1368 3467 1659 3529 alllrmare,
1698 3481 1855 3534 quem
1891 3480 1991 3520 nec

431 3567 807 3629 substiturum,
851 3579 950 3617 nec
996 3578 1117 3615 cum
1160 3562 1368 3616 sanctis
1411 3560 1501 3613 Dei
1545 3566 1990 3613 conversaturum

430 3660 611 3721 docet,
644 3656 936 3711 secundum
961 3654 1375 3723 promissionem
1408 3650 1605 3704 factam
1637 3650 1703 3705 de
1735 3649 1993 3704 caelorum

433 3763 619 3816 regno.
684 3747 841 3801 Certe
890 3760 1010 3799 cum
1058 3744 1232 3799 sancti
1260 3742 1331 3797 illi
1361 3754 1551 3796 omnes
1588 3740 1640 3793 in
1674 3739 1994 3809 corporibus

434 3838 927 3904 immortalitate,et
954 3835 1467 3905 incorruptibilitate
1492 3833 1733 3903 praeditis
1762 3847 1993 3902 regnum

434 3933 526 3988 Dei
553 3931 776 3986 cteleste
814 3928 1184 3998 possidebunt,
1213 3932 1271 3989 ᾖ
1313 3926 1650 3981 solummodo
1693 3923 1995 3987 Christum,

435 4034 491 4077 et
536 4022 787 4077 Christus
827 4036 990 4089 quam
1040 4022 1354 4087 assumpsit,
1402 4032 1624 4072 carnem
1663 4017 1755 4070 ille
1796 4018 1992 4087 privat.

436 4116 620 4186 Neque
667 4112 1037 4169 coutremiscit
1086 4110 1505 4165 resurrectionis
1556 4118 1755 4163 nostra:
1804 4110 1993 4163 ducem

435 4230 490 4274 et
514 4218 797 4287 originem,
830 4215 953 4267 vita:
982 4211 1323 4281 sempiternae
1372 4218 1781 4278 procuratorem
1820 4207 1996 4261 omni-

434 4312 556 4376 bus,
585 4318 639 4363 et
671 4322 888 4361 causam
927 4319 1093 4373 regno
1126 4318 1226 4356 suo
1259 4302 1586 4354 deturbare:
1623 4314 1722 4353 nec
1769 4300 1869 4352 hoc
1901 4313 1994 4351 so-

438 4398 732 4462 lummodo,
765 4395 857 4450 sed
891 4404 944 4449 et
974 4395 1079 4447 vita
1107 4392 1420 4447 omnimodo
1449 4389 1721 4457 dejectqu
1756 4390 1992 4458 privare.

2088 1918 2243 1973 ἀθεον
2266 1920 2495 1990 αἵρεσιν.
2526 1921 2646 1973 Τῶν
2674 1920 2784 1991 γάρ
2810 1920 3131 1991 ἑτεροδόξων
3154 1921 3203 1973 οἱ
3242 1921 3338 1991 μὲν
3368 1920 3442 1991 μὴ
3477 1922 3659 1991 προεῖ-

2088 2028 2176 2063 ναι
2214 2011 2348 2082 μηδὲ
2364 2013 2736 2084 προῦπάρχειν
2761 2012 2851 2065 τὸν
2877 2014 3001 2066 Υίὸν
3029 2012 3121 2066 τοῦ
3145 2012 3279 2065 Θεοῦ
3311 2012 3508 2081 φάντες
3524 2051 3539 2075 ,
3561 2012 3658 2065 άν-

2089 2101 2308 2173 θρωπον
2328 2101 2425 2155 ἕνα
2450 2102 2630 2169 αὑτὸν,
2657 2106 2769 2165 τοῖς
2796 2104 2999 2167 λοιποῖς
3027 2104 3229 2174 ὅμοιον,
3256 2102 3576 2173 ὑποθέμενοι
3599 2103 3660 2169 ἐξ

2088 2190 2399 2263 ἀνθρώπου,
2434 2194 2677 2266 υἱοθεσία
2709 2194 3030 2265 τετιμῆσθαι
3074 2194 3234 2247 αὐτὸν
3283 2194 3526 2263 ἔφασαν·
3565 2195 3660 2246 καὶ

2086 2283 2244 2337 τοῦτο
2271 2284 2449 2349 δόντες
2478 2285 2740 2339 ἀθάνατον
2782 2288 2876 2340 καὶ
2920 2286 3271 2356 ἀτελεύτητον
3304 2283 3450 2355 αὐτῷ
3492 2285 3657 2355 τιμὴν

2088 2376 2184 2429 καὶ
2214 2376 2369 2441 δόξαν
2392 2378 2487 2431 καὶ
2514 2376 2787 2448 βασιλείαν
2808 2376 3023 2431 αἰώνιον
3062 2377 3477 2448 ὡμολογήκασιν
3497 2393 3510 2406 ·
3542 2378 3590 2430 οἱ
3603 2376 3661 2429 δὲ

2088 2466 2180 2521 τὸν
2228 2468 2511 2539 ἄνθρωπον
2557 2470 2948 2541 ἀρνησάμενοι,
2998 2468 3113 2522 υἱὸν
3141 2465 3282 2522 εἶναι
3318 2468 3477 2533 Θεοῦ,
3524 2468 3659 2521 Θεὸν

2090 2559 2348 2632 προόντα,
2390 2562 2784 2633 ὑπεστήσαντο,
2828 2561 3033 2615 ’Δλλόί
3076 2563 3173 2633 μὲν
3197 2564 3295 2632 τῆς
3336 2561 3659 2633 Ἐκκλησίας

2090 2649 2380 2720 ἀλλότριοι,
2418 2650 2577 2722 μέχρι
2604 2651 2858 2705 τοσούτω
2886 2651 3093 2722 πλάνης
3121 2652 3327 2723 ἡλασαν
3351 2668 3365 2681 ⁸
3398 2654 3426 2705 6
3457 2638 3533 2704 δὲ’
3560 2652 3660 2721 τῆς

2102 2739 2428 2811 Ἐκκλησίας
2465 2740 2558 2794 τοῦ
2597 2740 2731 2795 Θεοῦ
2755 2741 3029 2805 τοσούτοις
3065 2742 3517 2813 καθηγησάμενος
3542 2740 3667 2811 χρό-

2090 2848 2220 2895 νοις,
2238 2831 2338 2904 τὴν
2369 2831 2601 2903 ὓπαρξιν
2634 2834 2848 2905 ἀναιρεῖ
2863 2833 2957 2887 τοῦ
2994 2833 3124 2886 Υίοῦ
3145 2834 3239 2887 τοῦ
3277 2832 3436 2895 Θεοῦ,
3467 2832 3546 2903 τῷ
3569 2832 3660 2884 αύ-

2090 2922 2185 2976 τοῦ
2213 2923 2605 2996 λειτουργήσας
2638 2924 3006 2998 θυσιαστηρίῳ
3024 2942 3040 2959 ο
3071 2926 3167 2979 καὶ
3187 2926 3374 2980 ἑαυτὸν
3406 2926 3502 2996 μὲν
3534 2928 3661 2978 αίω-

2091 3016 2204 3069 νίου
2225 3016 2319 3069 καὶ
2343 3014 2609 3069 ἀθανάτου
2628 3014 2773 3087 ζωῆς
2800 3016 3082 3082 τεύξεσθαι
3103 3017 3244 3087 τάχα
3264 3035 3366 3071 που
3396 3017 3658 3079 πιστεύει,

2092 3110 2179 3162 τὸν
2236 3109 2281 3162 δ’
2329 3108 2588 3181 ἀρχιερέα
2647 3110 2851 3181 ταύτης
2905 3112 3210 3184 ἀποστερεῖ.
3266 3111 3525 3179 Ἐχομεν
3594 3110 3661 3162 δὲ

2096 3200 2369 3269 ἀρχιερέα
2400 3200 2628 3271 μέγαν,
2662 3202 2803 3256 κατὰ
2843 3202 2935 3256 τὸν
2978 3202 3295 3256 Ἀπόστολον
3318 3242 3333 3267 ,
3380 3201 3659 3269 διεληλυ-

2098 3294 2240 3347 θότα
2284 3292 2424 3359 τοὺς
2451 3294 2765 3361 οὐρανοὺς,
2809 3294 3041 3362 Ἰησοῦν
3069 3294 3175 3349 τὸν
3202 3294 3338 3348 Υίὸν
3364 3293 3469 3348 τοῦ
3493 3292 3657 3355 Θεοῦ,

2098 3383 2155 3435 ὃν
2187 3382 2307 3435 οὔτε
2342 3386 2608 3454 προεῖναι,
2656 3384 2779 3437 οὕτε
2817 3384 3218 3455 προϋφεστάναι
3254 3384 3428 3453 τολμᾷ
3465 3382 3659 3450 λέγειν,

2098 3474 2232 3527 ἀλλὰ
2263 3474 2395 3544 μηδὲ
2427 3474 2666 3539 ἔσεσθαι,
2706 3476 2839 3546 μηδὲ
2889 3479 3000 3538 τοῖς
3030 3476 3203 3545 ἁγίοις
3240 3475 3333 3528 τοῦ
3364 3473 3502 3528 Θεοῦ
3534 3491 3659 3526 συν-

2100 3566 2337 3630 έσεσθαι,
2366 3567 2486 3620 κατ’
2505 3567 2673 3638 αὐτὴν
2690 3568 2902 3637 ἐκείνην
2923 3566 3023 3637 τὴν
3051 3567 3403 3635 ἐπαγγελίαν,
3432 3566 3529 3636 τῆς
3555 3565 3661 3617 τῶν

2098 3658 2340 3729 οὐρανῶν
2368 3657 2658 3728 βασιλείας.
2694 3658 3004 3729 Τηνικαῦτα
3023 3658 3131 3729 γάρ
3154 3658 3262 3711 τῶν
3299 3657 3467 3725 άγίων
3496 3658 3663 3709 ἁπάν-

2098 3769 2206 3805 των
2236 3751 2564 3822 μεθεξόντων
2585 3752 2685 3822 τῆς
2708 3751 2800 3804 τοῦ
2827 3751 2961 3803 Θεοῦ
2987 3752 3261 3820 βασιλείας
3280 3752 3337 3803 ὲν
3368 3751 3661 3822 άφθάρτοις

2102 3844 2194 3897 καὶ
2223 3843 2514 3905 ἀθανάτοις
2560 3842 2795 3913 σώμασι,
2845 3843 2999 3913 μόνον
3028 3842 3120 3896 τὸν
3156 3842 3409 3913 Χριστὸν,
3443 3842 3534 3895 καὶ
3566 3841 3663 3911 τὴν

2102 3934 2281 4006 σάρκα
2303 3935 2369 4004 ἢν
2403 3934 2727 4005 ἀνείληφεν.⁴
2746 3935 3036 4006 ἀποστερεῖ
3059 3936 3246 4005 αὐτῆς.
3281 3934 3388 3987 Καὶ
3422 3936 3483 3987 οὺ
3509 3935 3663 4005 φρίτ-

2099 4043 2180 4078 τει
2211 4026 2301 4078 τὸν
2334 4026 2575 4096 ἀρχηγὸν
2615 4026 2713 4095 τῆς
2746 4026 3113 4090 ἀναστάσεως,
3160 4027 3253 4079 τὸν
3295 4026 3392 4095 τῆς
3444 4026 3662 4079 αἰωνίου

2104 4115 2249 4185 ζωῆς
2281 4117 2393 4179 τοῖς
2423 4118 2586 4169 πᾶσιν
2636 4119 2810 4169 αἴτιον
2848 4117 3197 4171 ἐκπεσεῖσθαι
3239 4116 3337 4187 τῆς
3388 4116 3661 4187 βασιλείας

2101 4207 2161 4259 οὐ
2192 4206 2368 4276 μόνον,
2395 4206 2531 4259 άλλά
2566 4208 2659 4260 καὶ
2686 4207 2856 4277 αὐτῆς
2894 4210 2993 4279 τῆς
3018 4209 3162 4279 ζωῆς
3198 4209 3657 4279 ἀποφαινόμενος·

2102 4295 2365 4368 ῶσπερᾶν
2387 4297 2440 4349 εί
2462 4314 2544 4361 τις
2566 4296 2875 4368 ὀφθαλμοὺς
2894 4298 2990 4369 μὲν
3017 4298 3110 4369 δῷ,
3130 4298 3245 4367 φῶς
3273 4299 3330 4352 δὲ
3346 4300 3407 4351 τὸ
3426 4301 3525 4369 τῆς
3541 4299 3662 4351 τούι

2101 4405 2209 4441 των
2227 4388 2460 4459 χορηγὸν
2487 4389 2829 4459 ὲκλάμψεως,
2858 4388 3050 4443 ἀνέλοι.
3081 4392 3187 4443 Καὶ
3213 4389 3335 4445 οὔτε
3368 4394 3396 4444 6
3415 4391 3664 4455 τοσοῦτος

436 4490 552 4543 Non
584 4489 740 4541 aliter
772 4500 935 4555 quam
978 4487 1022 4538 si
1071 4485 1194 4553 quis
1236 4482 1426 4535 oculos
1471 4480 1772 4551 largiatur,
1821 4479 1992 4533 lucem

2108 4479 2203 4534 τοῦ
2240 4479 2374 4532 Θεοῦ
2402 4480 2629 4548 ἄγγελος
2661 4480 2920 4553 Γαϐριὴλ,
2954 4481 3077 4535 οὔτε
3113 4485 3141 4535 6
3172 4483 3344 4553 μέγας
3382 4484 3663 4553 προφήτης

437 4598 565 4639 vero
606 4582 819 4651 penitus
848 4577 1156 4638 anioliatur,
1190 4590 1306 4644 quae
1334 4584 1417 4628 est
1450 4574 1734 4627 oculorum
1773 4571 1995 4625 visionis

437 4692 535 4747 per
563 4673 960 4729 emanatiouem
1002 4669 1175 4738 origo.
1226 4667 1288 4720 Et
1333 4681 1504 4735 neque
1540 4674 1723 4719 tantus
1771 4663 1857 4716 ille
1901 4662 1994 4717 Dei

438 4765 663 4836 angelus
684 4760 935 4818 Gabriel:
964 4774 1067 4811 non
1098 4772 1321 4826 magnus
1354 4754 1442 4807 ille
1486 4756 1746 4821 propinata
1784 4750 1993 4814 Daniel,

438 4860 505 4913 de
532 4872 638 4926 quo
674 4856 875 4910 dictum
894 4862 996 4916 est,
1028 4850 1166 4903 Num
1192 4862 1245 4901 tu
1274 4846 1491 4901 Daniele
1521 4845 1809 4913 sapientior
1835 4860 1888 4896 es
1912 4842 1995 4894 ⁸⁸⁸3

2102 4572 2321 4642 Δανιὴλ,
2362 4574 2491 4642 περὶ
2524 4567 2583 4626 οὗ
2635 4572 2856 4642 ἐλέχθη,
2886 4573 2981 4641 Μὴ
3010 4573 3090 4627 σὺ
3116 4574 3451 4643 σοφώτερος
3476 4571 3535 4627 εἷ
3559 4574 3663 4627 τοῦ

2104 4662 2359 4730 Δανιήλ;
2391 4663 2512 4717 οὔτε
2542 4666 2570 4717 6
2608 4663 2858 4728 τοσοῦτος
2874 4667 3119 4730 Ἡσαΐας,
3147 4666 3257 4719 οὔθ’
3282 4670 3310 4720 6
3338 4668 3519 4730 λοιπὸς
3558 4667 3664 4719 τῶν

2103 4756 2394 4825 προφητῶν
2428 4756 2585 4827 χορὸς
2614 4755 2836 4809 τοιαῦτα
2887 4756 2959 4827 μὴ
2985 4757 3233 4827 γράφειν,
3261 4758 3394 4827 μηδὲ
3451 4761 3665 4829 φρονεῖν

2100 4844 2192 4897 τὸν
2226 4844 2395 4900 άνδοα
2436 4847 2678 4911 ἔπεισαν,
2724 4848 2829 4900 οὐδ’
2858 4848 3012 4901 αὐτοὶ⁵
3057 4848 3317 4913 Ἰουδαῖοι,
3363 4852 3492 4921 παρ’
3528 4844 3608 4911 οἷς
3638 4851 3666 4901 6

444 5026 501 5083 iis
541 5018 640 5073 Ed.
676 5018 873 5081 Paris.,
907 5032 1027 5085 pag.
1054 5014 1144 5068 34.
1224 5014 1268 5044 °°
1298 5011 1403 5067 lsa.
1437 5027 1514 5077 Ix,
1542 5009 1669 5072 6,7.
1745 5010 1788 5041 ⁸⁷
1818 5007 2064 5073 llebmv,
2114 5010 2215 5077 υς
2250 5025 2367 5074 vui,
2402 5012 2451 5063 i.
2530 5010 2574 5041 "
2607 5012 2800 5065 Ezech.
2834 5026 3024 5075 xxvm,
3053 5012 3104 5065 3.

439 5314 582 5359 νων,
613 5296 701 5349 ὅτι
750 5294 908 5360 τινὲς
939 5292 1057 5347 τῶν
1086 5294 1191 5346 τοῦ
1220 5288 1452 5345 Σατανᾶ
1486 5288 1796 5357 ὑπηρετῶν
1832 5291 2000 5345 ἐϐου-

440 5367 721 5434 λήθησαν
763 5364 919 5433 ὑμᾶς
974 5364 1317 5434 ταράσσειν.
1366 5364 1427 5412 Οἱ
1637 5361 1725 5413 ὅτι
1775 5361 2005 5434 ξΙησσῦς

442 5430 686 5499 δοκήσει
733 5430 1053 5507 ἐγεννήθη,
1081 5435 1180 5507 ’καὶ
1234 5431 1479 5507 (δοκήσει
1529 5430 1889 5507 ἐσζαυρῴρη.
1929 5435 2006 5507 ρί

441 5506 529 5568 δὲ,
554 5507 642 5560 ὅτι
677 5500 785 5559 οὐκ
814 5506 982 5557 ἐστιν
1006 5503 1133 5567 υίὸς
1163 5500 1265 5555 τοῦ
1293 5501 1670 5569 δημιουργοῦ.
1707 5505 1769 5553 Οἱ
1798 5500 1884 5561 δὲ,
1919 5501 2007 5555 ὅτι

440 5579 623 5641 αὑτός
663 5578 834 5628 ἐστιν
874 5577 906 5626 ὀ
949 5574 1047 5624 ἐπὶ
1094 5572 1333 5624 πάντων
1374 5573 1533 5636 Θεός.
1571 5573 1770 5641 Ἄλλοι
1806 5570 1873 5622 δὲ
1910 5575 2009 5639 ψι-

440 5646 551 5710 λὸς
599 5640 920 5710 ἅνθρωπος.
964 5644 1185 5711 Ἕτεροι
1236 5642 1323 5707 δὲ,
1358 5641 1442 5693 ὅτι
1491 5640 1644 5709 σὰρξ
1696 5644 1805 5694 οὐκ
1847 5643 2000 5709 ἐγεί-

442 5732 632 5781 ρεται,
660 5724 763 5766 etc.
804 5715 876 5766 Ita
924 5713 1156 5781 lguatius
1192 5712 1413 5781 epistola
1447 5712 1498 5771 '5.
1535 5726 1585 5764 et
1621 5712 1745 5763 alibi
1773 5712 2000 5776 similia;

444 5787 780 5839 adven-sarias
807 5785 892 5838 hic
918 5786 1147 5840 haereses
1171 5794 1556 5838 commemorat
1578 5782 1856 5837 Eusebius.
1878 5783 2007 5850 Quae

2108 5292 2445 5347 divinitatem
2482 5294 2799 5347 detrahebat
2844 5308 3097 5348 concessa
3142 5294 3497 5348 humanitate.
3542 5296 3669 5364 Quae

2111 5364 2497 5417 humanitatem
2547 5366 2781 5433 negabat
2826 5364 2951 5433 data
2997 5364 3301 5418 divinitate.
3347 5365 3666 5433 (Iarpocras,

2112 5434 2384 5487 hominem
2413 5432 2881 5487 nierum’docebat.
2907 5432 3311 5499 Samosatenus,
3332 5432 3522 5488 Filium
3556 5438 3668 5501 Det,

2112 5507 2204 5573 sed
2235 5503 2376 5555 κατὰ
2404 5504 2721 5573 προκοπήν;
2773 5504 3043 5573 hominem
3096 5505 3363 5573 negabant
3408 5504 3663 5567 Marcion,

2114 5572 2425 5637 Manichaei;
2454 5572 2849 5637 phantaSIicutn
2878 5572 3254 5627 Gnosticorum
3288 5572 3507 5630 Docitae.
3540 5577 3669 5629 Mar-

2104 5642 2270 5697 cellus
2304 5641 2534 5716 ὖπαρξιν
2568 5655 2852 5716 accusatur
2880 5646 3164 5697 sustulisse
3201 5643 3320 5697 Filii
3362 5643 3450 5696 Dei
3478 5660 3494 5699 :
3527 5647 3664 5716 quod

2108 5727 2286 5789 uemo_
2315 5715 2464 5789 prius
2512 5721 2658 5789 erat__
2682 5712 2950 5789 inﬁciatus
2972 5730 3006 5789 ;_
3042 5730 3165 5767 nam
3217 5724 3285 5789 e_t_
3319 5712 3667 5789 Δοκίταίτὴν

2110 5782 2363 5854 ὓπαρξιν,
2387 5782 2579 5840 saltem
2609 5783 2846 5839 divinam
2882 5782 3207 5840 fatebantur.
3238 5782 3306 5838 Μ.
