4008 6512
370 378 466 433 781

1488 385 1766 440 CONTRA
1806 385 2228 442 MARCELLUM
2270 387 2397 440 LIB.
2438 387 2501 442 ll.

3488 389 3602 448 78?.

365 497 813 566 προσδοκώμενος
838 499 1003 551 εἰσέτι
1046 499 1140 552 νῦν
1164 501 1413 571 Χριστὸς,
1447 501 1506 553 ὃν
1550 502 1929 582 Ἠλειμμένον

2034 517 2137 554 non
2174 503 2297 557 talis
2334 513 2623 574 tantusque
2676 515 2828 560 vates
2878 504 3085 566 Isaias:
3134 520 3239 561 non
3295 507 3596 576 propheta-

363 586 555 639 καλεῖν
589 586 860 652 εἰώθασιν,
903 590 1096 660 ἀγήρω
1151 591 1250 661 τὴν
1305 591 1581 659 βασιλείαν
1627 594 1720 645 καὶ
1771 592 1932 645 θάνα-

360 692 455 729 τον
478 676 622 741 ἕξειν
652 678 764 747 (56)
798 680 1096 743 ὲλπίζεται.
1164 681 1321 735 Ἀλλὰ
1370 683 1463 735 καὶ
1491 682 1695 736 τούτων
1742 685 1929 751 γέγονε

363 766 564 839 χείρων
582 770 611 821 ὁ
635 770 730 823 καὶ
756 772 834 834 είς
855 770 953 841 τὴν
992 771 1165 842 ἀρχὴν
1191 772 1324 843 ὁμοῦ
1360 774 1453 826 καὶ
1474 776 1552 837 εἰς
1572 774 1632 827 τὸ
1659 774 1809 837 τέλος
1838 774 1930 827 τοῦ

362 860 495 913 Υἱσῦ
509 860 642 913 Θεοῦ
656 861 825 933 ἀσεϐῆ
833 879 919 915 σαι
931 864 1021 916 τολ
1027 865 1099 933 μή
1108 864 1286 927 σας,ὃν
1298 865 1567 928 οὐδάὑτὸς
1583 867 1611 917 ό
1628 865 1765 929 Θεῖος
1784 868 1838 918 Ἀ
1846 867 1932 918 πό-

362 949 549 1013 στολος
592 951 1009 1021 κατεδυσώπησε
1053 953 1126 1024 μὴ
1157 954 1380 1009 τοιαῦτα
1409 956 1640 1018 ἀσεϐεῖν,
1677 957 1931 1026 ἄντικρυς

360 1038 557 1106 λέγων,
574 1040 800 1105 Πιστὸς
818 1042 849 1092 ό
874 1041 1075 1110 λόγος’
1093 1043 1145 1093 εὶ
1164 1041 1273 1110 γὰρ
1302 1042 1810 1111 συναπεθάνομεν,
1832 1042 1930 1094 καὶ

360 1128 729 1199 συζήσομεν,
749 1132 801 1184 εί
817 1130 1208 1200 ὑπομένομεν,
1228 1132 1321 1185 καὶ
1344 1134 1928 1201 συμϐασιλεύσομεν,

360 1223 460 1276 καὶ
498 1221 863 1292 κληρονόμους
894 1223 992 1294 μὲν
1026 1225 1171 1294 ἡμᾶς
1198 1223 1413 1277 ἔσεσθαι
1435 1225 1527 1277 τοῦ
1549 1224 1705 1290 Θεοῦ,
1732 1226 1790 1278 οὐ
1828 1225 1930 1295 μὴν

359 1314 486 1386 δίχα
520 1314 613 1381 τοῦ
658 1315 913 1386 Χριστοῦ.
958 1316 1323 1385 Κληρονόμοι
1359 1316 1501 1388 γὰρ,
1542 1319 1702 1388 φησι,
1752 1316 1928 1378 Θεοῦ,

361 1406 849 1474 συγκληρονόμοι
869 1404 936 1457 δὲ
967 1406 1070 1459 τοῦ
1088 1405 1363 1472 Χριστοῦ·
1392 1407 1555 1474 εἴπερ
1579 1406 1931 1475 συμπάσχο-

357 1512 498 1565 μεν,
525 1495 628 1548 ἵνα
677 1497 777 1548 καὶ
820 1495 1343 1565 συνδοξασθῶμεν.
1397 1497 1507 1550 Καὶ
1537 1497 1725 1550 πάλινσ
1759 1501 1823 1551 El
1866 1498 1933 1551 δὲ

360 1585 759 1654 ἀπεθάνομεν,
792 1586 946 1657 φησὶ,
977 1586 1098 1639 σὺν
1128 1585 1378 1654 Χριστῷ,
1411 1588 1769 1655 πιστεύομεν
1788 1626 1801 1643 .
1844 1587 1931 1639 ὅτι

361 1677 463 1731 καὶ
493 1674 835 1747 συζήσομεν
859 1676 1044 1743 αὐτῷ,
1074 1678 1299 1742 ειδότες
1335 1678 1421 1731 ὅτι
1451 1679 1702 1746 Χριστὸς
1725 1719 1739 1741 ,
1772 1678 1933 1748 ἐγερ-

361 1767 488 1832 θεὶς
538 1768 607 1820 ἐκ
639 1766 887 1834 νεκρῶν,
935 1769 1047 1822 οὐκ
1102 1768 1188 1822 ἐτι
1237 1768 1605 1827 ἀποθνήσκει
1627 1788 1641 1801 ο
1678 1769 1930 1836 θάνατος

359 1858 551 1912 αὐτοῦ
573 1861 683 1913 οὐκ
714 1860 799 1913 ἔτι
831 1859 1148 1927 κυριεύσευ
1179 1862 1271 1914 καὶ
1290 1856 1462 1924 αὖθις·
1485 1862 1555 1915 Τὸ
1577 1861 1645 1915 δὲ
1673 1861 1932 1932 χάρισμα

360 1950 470 2003 τοῦ
502 1950 648 2004 Θεοῦ
674 1948 785 2020 ζωὴ
811 1951 1044 2017 αἰώνιος
1061 1953 1131 2006 ἐν
1152 1952 1381 2020 Χριστῷ
1416 1953 1608 2021 Ἰησοῦ
1640 1954 1718 2019 τῷ
1737 1955 1932 2021 Κυρίῳ

364 2040 556 2108 ἡμῶν.
589 2031 795 2095 Οὐκοῦν
830 2045 861 2114 ἡ
902 2042 1118 2107 αἰώνιος
1151 2044 1261 2116 ζωὴ
1288 2046 1386 2098 οὐκ
1418 2044 1591 2109 ἄλλως
1623 2047 1751 2117 ἡμῖν
1777 2064 1932 2119 πορι-

366 2132 627 2203 σθήσεται
654 2134 686 2202 ἢ
714 2136 772 2187 ἐν
808 2133 1029 2205 Χριστῷ
1073 2135 1248 2205 Ἰησοῦ
1287 2135 1363 2206 τῷ
1397 2137 1583 2209 Κυρίῳ
1611 2137 1768 2208 ἡμῶν
1790 2155 1804 2168 ο
1836 2138 1931 2191 καὶ

362 2226 398 2296 ἠ
431 2225 587 2290 ἐλπὶς
610 2227 641 2296 ή
651 2226 767 2297 μῶν
783 2227 881 2297 οὐχ
910 2226 1094 2291 ἁπλῶς
1110 2227 1292 2299 ζῆσαι,
1317 2228 1453 2283 ἀλλὰ
1474 2231 1571 2283 σὺν
1600 2229 1747 2301 αὐτῷ
1774 2229 1930 2295 δοξα-

362 2317 579 2388 σθῆναι,
613 2319 708 2373 καὶ
760 2320 857 2372 σὺν
881 2319 1029 2390 αὐτῷ
1060 2320 1484 2393 κληρονομῆσαι,
1520 2323 1615 2375 καὶ
1662 2324 1756 2375 σὺν
1784 2322 1930 2392 αὐτῷ

365 2409 722 2480 βασιλεῦσαι·
754 2412 929 2465 πάντα
962 2414 1070 2483 γὰρ
1095 2415 1221 2485 ἡμῖν
1242 2415 1307 2467 ὲκ
1336 2414 1435 2484 τῆς
1458 2413 1620 2468 αὐτοῦ
1650 2414 1930 2479 κοινωνίας

363 2501 636 2572 ὑπάρξει·
680 2503 708 2555 ὃ
746 2503 983 2557 διδάσκει
1049 2506 1080 2557 ὁ
1148 2505 1308 2568 αὐτὸς
1363 2506 1574 2576 φήσαςο
1630 2505 1848 2570 Πιστὸς
1897 2508 1930 2559 ό

363 2592 534 2659 Θεὸς,
550 2593 621 2646 δι’
641 2591 711 2651 οὖ
725 2594 1017 2663 ἐκλήθητε
1032 2598 1119 2663 εὶς
1134 2597 1448 2649 κοινωνίαν
1467 2597 1571 2651 τοῦ
1596 2598 1730 2650 Υίοῦ
1747 2596 1930 2651 αὑτοῦ

374 2684 583 2750 Ἰησοῦ
597 2686 851 2752 Χριστοῦ
867 2685 972 2740 τοῦ
989 2686 1204 2753 Κυρίου
1220 2684 1405 2754 ἡμῶν.
1424 2686 1519 2749 Τίς
1536 2685 1592 2738 δὲ
1608 2687 1640 2753 ἡ
1659 2686 1926 2751 κοινωνία,

363 2774 684 2846 παρίστησι,
710 2778 805 2829 καὶ
837 2778 1142 2847 συνήγειρε,
1163 2776 1363 2846 λέγων’
1388 2778 1495 2831 Καὶ
1531 2776 1930 2831 συνεκάθισεν

361 2872 435 2919 ἐν
463 2865 590 2932 τοῖς
628 2867 1024 2937 ἐπουρανίοις,
1070 2869 1139 2922 ἐν
1163 2868 1394 2937 Χριστῷ
1446 2866 1667 2937 Ἰησοῦ,
1697 2868 1798 2923 ἵνα
1835 2869 1931 2922 ἐν·

362 2958 632 3027 ὄείξηται
674 2960 743 3013 ἐν
792 2960 915 3027 τοῖς
962 2959 1134 3015 αίῶσι
1186 2961 1311 3027 τοῖς
1375 2960 1793 3030 ἐπερχομένοις
1863 2960 1930 3014 τὸ

361 3054 745 3122 ὑπερϐάλλον
783 3055 1041 3121 πλοῦτος
1070 3054 1179 3122 τῆς
1208 3054 1444 3123 χάριτος
1477 3056 1546 3107 ὲν
1575 3058 1929 3127 χρηστότητι
1958 3060 1963 3066 ’

361 3148 457 3216 ἐρ’
478 3146 632 3216 ἡμᾶς
651 3147 719 3199 ἐν
748 3145 975 3214 Χριστῷ
1006 3147 1228 3215 Ἰησοῦ.
1270 3147 1327 3200 '0
1358 3145 1403 3199 δ’
1433 3147 1591 3209 αὐτὸς
1628 3146 1720 3199 καὶ
1760 3146 1929 3199 ταῦτα

2038 608 2155 647 rum
2208 608 2495 649 consessus
2543 598 2871 665 persuadere
2910 600 3035 655 huic
3086 599 3290 655 homini
3352 613 3599 670 p0tuere,

2035 696 2142 751 quo
2195 683 2373 737 minus
2420 683 2534 738 haec
2577 687 2868 753 scriberet,
2918 698 2973 741 et
3008 690 3343 759 opinaretur.
3394 690 3503 743 Imo
3530 705 3599 745 ne

2034 775 2249 844 quidem
2279 775 2446 830 Judaei
2480 777 2605 847 ipsi,
2641 781 2781 848 apud
2831 797 2987 850 quos,
3025 783 3115 848 qui
3159 784 3336 837 adhuc
3376 784 3595 853 quidem

2032 876 2377 936 exspectatur
2399 867 2669 933 Christus,
2696 886 2854 937 quem
2877 873 2948 924 illi
2969 870 3301 928 Elimmenon
3320 874 3599 945 appellare

2033 960 2231 1025 solent,
2264 961 2501 1015 creditur
2544 961 2834 1016 habiturus
2869 976 3089 1032 regnum
3134 980 3237 1019 non
3270 966 3590 1029 desiturum,

2033 1059 2127 1104 aut
2151 1062 2377 1104 mortem
2410 1052 2524 1120 ipse
2560 1052 2831 1107 obiturus.
2884 1053 3065 1125 Longe
3091 1056 3305 1125 quidem
3339 1057 3458 1112 istis
3492 1057 3592 1112 de-

2036 1141 2202 1197 terior
2234 1150 2315 1195 est
2345 1142 2435 1211 qui
2480 1160 2584 1197 non
2620 1156 2836 1199 veretur
2866 1145 3197 1214 impietatem
3228 1146 3433 1211 fovere,
3470 1164 3589 1203 cuitu

2033 1231 2100 1286 de
2129 1232 2283 1287 initio
2313 1232 2402 1286 Dei
2432 1232 2572 1296 Filii.
2592 1244 2703 1288 tum
2734 1236 2801 1288 de
2830 1235 2954 1290 line.
2984 1236 3153 1302 Quem
3182 1253 3286 1293 non
3310 1240 3481 1307 potuit
3510 1239 3595 1292 di-

2032 1323 2189 1377 vinus
2217 1324 2507 1392 Apostolus
2534 1323 2830 1389 inﬂectere,
2866 1340 2933 1379 ne
2958 1340 3023 1379 eo
3055 1340 3228 1395 usque
3270 1342 3592 1397 prorumpe-

2034 1421 2117 1466 ret
2145 1414 2473 1482 impietatis,
2516 1417 2639 1469 dum
2676 1415 2749 1468 ita
2782 1415 3026 1485 loquitur
3049 1436 3061 1470 :
3084 1416 3284 1471 Fidelis
3318 1419 3399 1470 hic
3425 1434 3593 1473 sermo

2031 1513 2127 1566 est,
2161 1506 2207 1557 si
2238 1521 2353 1557 cum
2411 1505 2505 1559 illo
2554 1508 2756 1559 mortui
2799 1508 2985 1575 simus,
3031 1526 3136 1562 una
3169 1526 3287 1562 cum
3326 1510 3420 1562 illo
3457 1511 3593 1564 vive-

2032 1612 2145 1648 mus
2175 1613 2193 1649 :
2218 1597 2595 1665 sisu/feramus
2622 1610 2666 1652 et
2696 1602 3146 1670 conregnabimus,
3174 1602 3239 1655 ".
3265 1602 3328 1655 Et
3353 1602 3594 1657 [Heredes

2031 1689 2245 1753 quidem
2304 1704 2402 1744 nos
2456 1690 2662 1745 futuros
2719 1691 2809 1745 Dei
2859 1693 3037 1759 docet,
3093 1709 3199 1747 non
3250 1703 3431 1748 tamen
3475 1696 3592 1748 sine

2030 1778 2267 1834 Christo.
2306 1779 2574 1849 eredes,
2628 1781 2823 1852 inquit,
2888 1782 3026 1837 Dei:
3079 1784 3375 1839 cohteredes
3418 1794 3593 1838 autem

1960 1870 2255 1945 BChristi,
2313 1873 2358 1925 si
2416 1875 2818 1943 compatiuntur,
2865 1886 2921 1928 ut
2976 1892 3178 1946 quoque
3234 1877 3594 1947 conglari/ice-

2033 1976 2153 2011 mur
2170 1960 2238 2013 ⁷⁸.
2266 1960 2332 2014 Et
2368 1961 2695 2035 rursusgSi
2746 1966 2939 2017 mortui
2986 1981 3191 2029 sumus,
3231 1966 3426 2034 inquit,
3475 1985 3593 2022 cum

2033 2049 2263 2117 Christo,
2322 2052 2582 2106 credimus
2634 2053 2773 2123 quod
2828 2057 3048 2109 vivemus
3108 2074 3213 2111 una
3270 2074 3387 2111 cum
3443 2059 3591 2124 illo;

2030 2142 2252 2194 scientes
2277 2143 2418 2212 quod
2458 2143 2702 2199 Christus
2759 2146 2824 2199 de
2870 2148 3090 2202 mortuis
3133 2150 3437 2213 suscitatus,
3487 2167 3592 2205 non

2031 2232 2253 2287 ulterius
2285 2236 2526 2298 moritur,
2585 2252 2727 2289 mors
2788 2238 2959 2291 adhuc
3006 2240 3085 2292 illi
3136 2256 3240 2295 non
3295 2242 3594 2296 dominabi-

2032 2332 2120 2374 tur
2151 2324 2194 2355 ⁷¹
2218 2341 2232 2377 :
2260 2335 2314 2379 et
2348 2326 2542 2379 iterum
2573 2346 2585 2379 :
2615 2326 2820 2380 Donum
2868 2344 2981 2382 vero
3012 2328 3109 2383 Dei
3138 2342 3213 2384 est
3244 2332 3349 2385 vita
3373 2343 3588 2389 (eterna.

2031 2415 2086 2467 in
2141 2414 2273 2468 Iesu
2317 2414 2526 2471 Christo
2576 2417 2803 2471 Domino
2859 2430 3038 2473 nostro
3083 2421 3150 2474 ⁷³.
3201 2420 3370 2476 Vitam
3429 2424 3592 2492 igitur

2030 2517 2288 2561 aeternam
2318 2524 2423 2563 non
2457 2508 2674 2563 aliunde
2697 2525 3112 2581 consequemur,
3133 2526 3290 2581 quam
3315 2529 3410 2583 per
3432 2512 3592 2569 Chri-

2029 2605 2168 2651 stum
2208 2597 2390 2651 Jesum
2422 2598 2700 2652 Dominum
2735 2609 2996 2655 nostrum.
3025 2601 3089 2655 Et
3123 2617 3246 2672 spes
3271 2603 3359 2657 illa
3389 2619 3486 2659 nos
3510 2603 3593 2660 fo-

2029 2693 2137 2751 vet,
2175 2700 2278 2739 non
2323 2688 2494 2739 solum
2520 2688 2658 2754 quod
2691 2688 2950 2753 vivemus,
2981 2689 3075 2745 sed
3110 2695 3250 2760 quod
3272 2694 3433 2747 etiam
3466 2709 3589 2747 cum

2032 2774 2121 2828 illo
2149 2790 2251 2828 uua
2279 2775 2719 2844 gloriﬁcabimnr,
2759 2786 2816 2830 et
2857 2778 3231 2834 haereditatem
3259 2796 3363 2835 una
3394 2797 3590 2836 conse-

2030 2879 2276 2935 qucmur,
2312 2874 2366 2918 et
2409 2882 2529 2919 cum
2562 2881 2626 2921 eo
2673 2866 2830 2920 simul
2881 2869 3356 2938 conregnabimus.
3396 2871 3590 2928 Omnia

2029 2957 2171 3011 enim
2196 2968 2380 3013 nostra
2428 2957 2582 3011 nobis
2625 2957 2944 3024 proveniunt
2985 2959 3053 3013 ab
3094 2960 3206 3027 illa,
3238 2976 3398 3031 quam
3423 2963 3591 3018 habe-

2030 3065 2149 3105 mus
2173 3066 2294 3105 cum
2324 3067 2409 3116 eo,
2439 3051 2849 3106 communione:
2876 3054 3015 3121 quod
3048 3054 3203 3109 docet
3231 3056 3346 3125 ipse
3389 3056 3589 3111 Paulus

2030 3145 2120 3200 ubi
2151 3146 2255 3199 ait:
2291 3145 2490 3201 Fidelis
2544 3146 2679 3201 Deus
2727 3158 2824 3211 est,
2854 3164 2947 3217 per
2972 3166 3121 3219 quem
3160 3153 3327 3205 vocati
3365 3154 3489 3206 estis
3519 3152 3590 3206 αιι

363 3236 617 3306 περὶτοῦ
657 3238 903 3308 Σωτῆρος
939 3236 1182 3290 ἐδίδασκε
1218 3235 1470 3305 φάσκων·
1516 3237 1580 3289 '0
1610 3235 1699 3299 δὲ,
1738 3235 1835 3290 διὰ
1860 3236 1925 3289 τὸ

2029 3238 2441 3292 communionem
2492 3236 2623 3291 Filii
2660 3240 2763 3302 sui,
2814 3237 2942 3292 Jesu
2991 3240 3186 3294 Christi
3242 3242 3450 3296 Domini
3492 3260 3587 3297 no-

356 3329 567 3398 [ιένειν
591 3329 777 3383 αὑτὸν
801 3332 887 3396 εἰς
912 3329 1017 3383 τὸν
1035 3327 1239 3393 αἰῶνα,
1265 3329 1643 3396 ἀπαράϐατον
1660 3328 1781 3397 ἔχει
1812 3327 1924 3395 τὴν

362 3423 726 3491 ἱερωσύνηνο
768 3421 905 3475 ὅθεν
934 3421 1031 3474 καὶ
1073 3418 1277 3480 σώζειν
1300 3424 1386 3486 εὶς
1410 3418 1475 3473 τὸ
1505 3419 1798 3485 παντελὲς
1823 3419 1925 3474 δύ·

361 3531 536 3567 raras
558 3513 699 3579 τοὺς
714 3514 1071 3581 προσιόντας
1096 3511 1169 3565 δι’
1186 3500 1371 3566 αὑτοῦ
1400 3509 1478 3577 τῷ
1511 3510 1652 3576 Θεῷ,
1673 3510 1926 3564 πάντοτε

363 3604 498 3669 ζῶν,
531 3609 617 3671 είς
638 3605 704 3658 τὸ
726 3604 1112 3674 ἐντυγχάνειν
1140 3604 1291 3671 ὑπὲρ
1319 3603 1533 3657 αὐτῶν.
1563 3603 1635 3657 Οὐ
1661 3602 1764 3673 μὴν
1793 3602 1927 3655 ἀλλὰ

364 3697 463 3749 καὶ
517 3696 607 3749 τὸν
650 3695 979 3765 Μελχισεδὲκ
1035 3697 1114 3757 είς
1167 3694 1228 3747 τὸ
1262 3694 1503 3764 διηνεκὲς
1547 3692 1696 3763 ἱερέα
1748 3693 1926 3762 μένειν

362 3786 536 3854 ἔλεγε,
588 3784 676 3837 διὰ
733 3785 793 3837 τὸ
865 3783 1296 3855 ἀφομοιούμενον
1341 3778 1479 3836 εἶναι
1525 3781 1602 3852 τῷ
1646 3781 1761 3852 Υἱῷ
1824 3781 1919 3834 τοῦ

362 3876 520 3930 Θεοῦ.
562 3877 702 3929 ’Λλλ’
741 3877 822 3929 ὅτι
881 3876 979 3947 μὲν
1018 3874 1228 3937 τούτοις
1276 3873 1479 3927 ἅπασιν
1524 3874 1553 3925 ὁ
1607 3872 1923 3944 Μάρκελλος

360 3970 622 4025 τάναντία.
663 3969 892 4040 γράφειν
916 3968 1117 4038 ἐτόλμα
1148 3966 1338 4037 μικρὸν
1371 3966 1592 4037 ὓστερον
1616 3964 1925 4036 παρατεθή-

364 4079 539 4128 σεται,
565 4063 681 4114 νυνὶ
705 4061 760 4114 δὲ
783 4062 929 4123 ὅπως
956 4059 1167 4129 ἐφρόνει
1194 4058 1321 4127 περ)⁸
1339 4056 1433 4110 τοῦ
1466 4057 1600 4128 μηδὲ
1624 4057 1722 4129 τὴν
1749 4057 1921 4127 ἀρχὴν

361 4148 523 4205 εἶναι·
566 4150 687 4222 μηδ’
718 4150 1012 4221 ὑφεστάναι
1048 4150 1137 4203 τὸν
1159 4148 1250 4202 τοῦ
1274 4148 1407 4201 Θεοῦ
1438 4148 1585 4215 Υἱὸν,
1607 4146 1924 4218 θεασώμεθα

361 4242 527 4313 πρότε
536 4258 641 4312 ρον.

2030 3330 2125 3383 stri
2149 3330 2216 3383 ⁷³.
2251 3329 2509 3396 Quzenam
2539 3344 2668 3383 vero
2700 3330 2786 3384 illa
2825 3330 2894 3385 sit
2926 3332 3237 3385 communio
3293 3333 3470 3387 docet.
3518 3330 3586 3386 Et

2029 3422 2317 3484 suscitavit,
2371 3422 2464 3485 ait,
2497 3430 2543 3475 et
2580 3421 2758 3475 sedere
2810 3421 2931 3491 fecit
2981 3422 3129 3475 illum
3160 3439 3192 3475 a
3228 3424 3446 3489 dextris,
3479 3440 3588 3477 una

2029 3528 2201 3566 secum
2227 3513 2279 3564 in
2325 3512 2613 3566 caelestibus
2649 3513 2702 3565 in
2729 3511 2937 3566 Christo
2970 3512 3123 3578 Jesn,
3161 3524 3216 3566 ut
3264 3515 3501 3567 ostendat
3530 3516 3585 3567 in

2028 3601 2255 3654 venturis
2289 3600 2410 3653 olim
2435 3602 2645 3654 steculis
2676 3602 3153 3669 superabundantes
3199 3601 3411 3655 divitias
3456 3618 3582 3671 gra-

2029 3696 2140 3752 tiee,
2170 3692 2223 3743 in
2264 3691 2489 3743 bonitate
2517 3705 2641 3757 erga
2669 3706 2761 3742 nos
2793 3691 2847 3742 in
2878 3689 3086 3743 Christo
3112 3689 3241 3743 Jesu
3270 3689 3336 3744 ".
3362 3690 3502 3745 Idem
3530 3702 3587 3745 et

2031 3782 2096 3835 de
2128 3781 2415 3835 Servatorc
2442 3782 2628 3833 eadem
2666 3781 2849 3834 docuit
2896 3781 2982 3833 ubi
3030 3781 3201 3850 inquit
3231 3800 3243 3835 :
3277 3781 3398 3847 Qui,
3447 3786 3585 3853 quod

2029 3882 2237 3926 maneat
2263 3875 2316 3926 in
2352 3882 2631 3939 arternum,
2660 3873 2983 3926 immutabile
3014 3873 3165 3926 habet
3197 3876 3544 3928 sacerdotium
3564 3890 3588 3929 :

2029 3969 2164 4021 unde
2186 3979 2232 4021 et
2257 3985 2462 4021 servare
2486 3986 2661 4022 omnes
2704 3978 2871 4035 potest
2893 3970 2982 4036 qui
3023 3972 3277 4023 accedunt
3309 3985 3398 4036 per
3434 3969 3582 4022 illum

2028 4064 2097 4110 ad
2125 4059 2308 4124 Deum,
2346 4077 2549 4128 semper
2577 4063 2769 4122 vivens,
2793 4063 2847 4114 in
2868 4077 2984 4114 eum
3008 4061 3186 4127 finem,
3221 4070 3275 4111 ut
3304 4075 3399 4123 pro
3431 4060 3583 4112 nobis

2028 4149 2311 4201 intercedat
2348 4150 2414 4201 ⁷⁸.
2464 4155 2522 4212 >3
2565 4149 2701 4214 Quin
2752 4158 2806 4204 et
2865 4149 3223 4203 Melcliisedec
3272 4162 3579 4201 mansurum

2031 4237 2368 4291 sacerdotem
2394 4238 2445 4291 in
2472 4247 2728 4291 aeternum
2760 4238 3063 4302 confirmat,
3100 4251 3164 4292 eo
3195 4239 3335 4305 quod
3370 4237 3582 4290 assimi-

362 4332 504 4387 letur
534 4333 670 4387 Filio
703 4332 817 4388 Dei.
856 4331 1013 4387 Hisce
1046 4340 1221 4385 tamen
1256 4330 1505 4383 omnibus
1528 4344 1715 4384 ausum
1757 4330 1919 4383 fuisse
1958 4327 2265 4382 Marcellum
2324 4330 2594 4382 contraria
2655 4328 2811 4398 plane
2861 4330 3116 4383 mandare
3165 4327 3378 4388 litteris,
3424 4327 3580 4396 paulo

358 4438 478 4495 p05!
510 4435 839 4493 propoaetur
862 4426 1164 4491 cuicunque
1209 4422 1541 4477 intuendum.
1579 4421 1632 4474 lu
1670 4420 1917 4491 praesenti
1955 4430 2131 4473 autem
2166 4420 2570 4490 despiciendum
2632 4420 2789 4474 nobis
2840 4422 2991 4488 prius
3023 4428 3126 4486 est,
3174 4433 3334 4488 quam
3367 4416 3582 4473 fovebat

359 4518 453 4574 ille
476 4517 823 4583 sententiam,
855 4518 923 4572 de
951 4516 1086 4572 Filio
1121 4514 1213 4570 Dei
1250 4532 1351 4568 non
1387 4513 1684 4570 exsistente
1724 4514 1791 4567 ab
1822 4513 1975 4568 initio
2015 4529 2115 4568 nec
2154 4514 2347 4567 sortito
2388 4514 2817 4567 subsistentiam.

472 4725 531 4783 >14
577 4718 672 4774 Ed.
701 4717 1034 4783 Paris..pag.
1072 4717 1158 4771 55.
1212 4717 1269 4787 7"
1308 4717 1344 4769 ll
1387 4715 1527 4787 Tim.
1564 4733 1623 4777 ιι,
1664 4718 1745 4780 ll,
1774 4719 1859 4772 12.
1936 4722 1981 4752 "°
2016 4722 2169 4776 Rom.
2200 4737 2314 4787 vm,
2358 4722 2442 4778 l7.

2551 4724 2593 4754 '“
2622 4698 2776 4777 Rom.
2816 4739 2892 4788 Vt,
2915 4722 2969 4787 8,
2994 4723 3045 4778 9.
3121 4724 3166 4753 ⁷¹
3197 4722 3391 4792 Ephes.
3425 4737 3485 4788 ιι,
3517 4718 3572 4776 8.

358 4788 593 4844 "lCor.
628 4804 667 4854 ι,
692 4789 745 4844 9.
818 4788 863 4819 ⁷⁸
889 4790 1080 4856 Ephes.
1116 4786 1245 4853 ",6,
1283 4788 1335 4839 7.
1413 4789 1457 4818 ⁷⁸
1488 4785 1649 4839 Hebr.
1681 4804 1768 4845 vn.
1805 4789 1897 4849 ει.
1920 4791 2013 4845 25.

431 5124 544 5194 (56)
581 5121 689 5176 Καὶ
725 5120 980 5194 θάνατον
1015 5120 1195 5185 ἕξειν.
1215 5120 1363 5194 _lmo
1390 5118 1689 5194 abdtvatov,
1728 5137 1916 5190 nempe

362 5189 607 5263 regnum.
639 5193 952 5263 ut_requirit
973 5205 1192 5263 sensus._
1212 5190 1277 5244 Et
1301 5189 1466 5244 Judaei
1499 5206 1596 5263 suo
1620 5189 1913 5263 etiamnum

359 5260 674 5332 exspectato
700 5260 906 5332 Messias
944 5261 1327 5324 attribuebant,
1352 5274 1509 5332 quem
1545 5260 1813 5332 hominem
1847 5262 1915 5315 de

360 5329 580 5387 homine
611 5331 959 5401 temporalem
1000 5331 1313 5400 principem,
1347 5329 1483 5399 μετὰ
1518 5329 1759 5401 μεγάλης
1787 5348 1915 5399 φαν-

356 5402 549 5465 τασίας
578 5414 631 5456 et
661 5399 937 5470 δυνάμεως
969 5399 1333 5470 regnaturum,
1362 5402 1427 5453 ab
1448 5399 1557 5453 Elia
1580 5399 1910 5469 ungendum,

357 5474 438 5526 sui
474 5474 809 5538 ignorantem
843 5481 971 5539 ante
1017 5472 1364 5524 unctionem:
1406 5471 1527 5525 aliis
1577 5471 1907 5539 incognitum

1946 5144 1993 5203 υ
2018 5123 2249 5195 χρίσεως
2302 5123 2523 5194 μέτοχον
2557 5121 2939 5203 ..ἀποκαλοῦσιτ
2989 5121 3053 5175 Et
3099 5121 3177 5203 sic
3220 5121 3320 5203 hoc
3367 5120 3483 5174 loco
3521 5121 3572 5179 ἰ)

2022 5191 2169 5248 textu
2204 5191 2839 5262 quoque"scribendum;
2889 5201 2945 5262 et
2983 5206 3077 5262 pro
3112 5191 3202 5245 illo
3239 5191 3574 5244 Elimmenou

2020 5264 2071 5317 in
2100 5261 2347 5318 versione
2393 5261 2621 5316 Unctum
2654 5277 2867 5329 repone.
2917 5261 3136 5315 Erndite
3185 5271 3364 5313 autem
3395 5270 3448 5312 et
3490 5263 3576 5329 pic

2018 5333 2254 5400 disputat
2281 5333 2346 5386 ad
2366 5335 2522 5386 linem
2580 5332 2904 5400 capitis,_de
2947 5340 3145 5400 aeterna
3185 5330 3573 5400 .subsistentia,

2018 5398 2184 5472 regno
2229 5412 2488 5472 perpetuo
2540 5400 2665 5472 Filii,
2693 5400 2783 5455 Dei
2814 5398 3094 5472 Eusebius,
3123 5402 3260 5472 quad
3273 5399 3575 5472 _Marcellus

2013 5468 2353 5534 velsust—ulit,
2378 5471 2459 5523 vel
2478 5469 2761 5524 sustulisse
2782 5472 2847 5521 al)
2874 5484 2937 5521 eo
2953 5470 3214 5539 signetur.
3244 5468 3385 5522 M.—
3404 5470 3576 5539 Supra

359 5537 881 5612 deblaterant._\_lide
907 5537 1104 5594 Justin.
1133 5539 1433 5612 Martyrem
1450 5540 1641 5612 contra
1663 5537 1907 5612 Judaeum

2026 5543 2170 5610 vulgo
2196 5540 2512 5612 ὴλιμμένον.
2556 5540 2681 5612 dein
2725 5539 2880 5606 vulgo
2905 5538 2998 5612 κα)ἶ
3015 5537 3196 5612 fle}.
3221 5539 3275 5595 ἁ.
3299 5539 3435 5610 ὁμοῦ
3463 5537 3573 5612 oni.

359 5610 707 5681 Tryphonem.
732 5610 1005 5675 Nusquam
1032 5623 1157 5661 vero
1182 5607 1397 5661 tuentiui
1425 5610 1634 5677 legisse,
1664 5626 1692 5661 a
1716 5607 1913 5663 Judaais

359 5680 609 5734 Messium
644 5696 801 5734 suum
840 5679 1169 5733 Elimmenou
1219 5681 1575 5734 appellatum.
1625 5680 1726 5733 nisi
1772 5679 1909 5734 auud

2026 5607 2179 5666 Par—ro
2201 5607 2359 5675 vulgo
2386 5608 2794 5679 συμπάσχωμεν
2817 5619 2868 5661 et
2906 5607 3089 5671 ἁπλῶς
3116 5607 3270 5680 ζήσει
3304 5607 3356 5663 et
3380 5629 3438 5663 π.
3464 5608 3576 5734 γὰρ

2026 5681 2205 5734 indixi:
2250 5682 2368 5734 dein
2435 5696 2568 5731 κοιν.
2610 5679 2886 5734 συνίστησι
2936 5689 2989 5731 et
3040 5680 3227 5734 συνῆγ.
3269 5682 3429 5734 φησιν
3482 5696 3553 5733 κο

358 5679 609 5735 Messium
644 5696 801 5736 suum
840 5679 1173 5751 Elimmenon
1219 5681 1575 5751 appellatum,
1625 5680 1726 5733 nisi
1772 5679 1909 5745 apud

2026 5681 2205 5751 ιιμῶν;
2250 5682 2392 5751 dein_
2429 5696 2568 5751 uow.
2610 5679 2886 5751 συνίστησι
2936 5689 2989 5731 et
3040 5679 3227 5751 συνήγ.
3269 5682 3429 5749 φησιν
3482 5679 3553 5751 acti

360 5750 532 5819 ipsum
572 5753 711 5804 hunc
746 5760 985 5803 nostrum
1021 5748 1214 5801 Euseb.
1245 5749 1335 5819 lib.
1365 5764 1414 5801 Iv
1450 5751 1799 5803 Demonstrat.
1833 5765 1909 5819 ev.

2012 5747 2193 5804 σὺνεκ.
2219 5747 2508 5821 ὲκδᾷεξιῶν.
2544 5778 2612 5789 -—
2643 5747 2956 5819 Paulo'posl
2985 5752 3140 5817 vulgo
3159 5747 3551 5821 ’τὸνῦπερὸᾀλ

355 5818 479 5892 pag.
508 5820 628 5890 110,
656 5821 851 5891 Διόπερ
873 5819 1102 5889 Χριστὸν
1128 5819 1218 5872 καὶ
1251 5818 1599 5890 Ἡλειμμένον
1626 5820 1716 5874 τὸν
1745 5818 1910 5888 αὐτῆς
2009 5820 2168 5877 λοντα
2206 5819 2450 5874 πλοῦτον.
