4008 6516
486 358 590 415 785
1167 356 1432 411 EUSEBII
1469 356 1945 413 CASSARIENSIS
1984 357 2131 413 OPP.
2174 358 2351 414 PARS
2391 358 2479 414 IV.
2520 378 2589 398 -ι
2622 356 3039 413 DOGMATICA.
3614 358 3718 415 ’184

1144 476 1293 530 CAP.
1337 476 1395 531 II.
2082 486 2124 531 Α

2082 486 2124 531 Α
2804 478 2960 530 ΚΕΦ.
3003 477 3075 529 B'.

1144 486 1293 530 ων.
1338 486 1395 531 ιι.
2078 486 2125 540 Α

562 569 693 635 Quae
716 568 888 635 fuerat
923 566 1166 621 Marcelli
1199 569 1458 646 sententia
1492 570 1555 622 de
1590 567 1755 623 Verbo
1788 570 1843 622 in
1868 569 1975 623 Deo

1116 646 1416 690 exstsleme.

2806 486 2960 530 ΚΕΨ.
3004 486 3076 529 15'.

2154 570 2351 634 ’Ὅπως
2380 567 2732 636 Μάρκελλος
2764 569 3001 692 ἐςρὶρᾴνει
3046 568 3177 636 περὶ
3221 568 3327 621 τοῦ
3368 568 3435 621 ἐν
3471 566 3552 631 τῷ
3596 568 3717 635 Θεῷ

2859 656 3022 692 ογου.

1116 654 1416 690 exstateme.
2808 654 3022 706 Λογου.

556 730 610 784 In
666 745 762 785 eos
809 736 1092 799 postquam
1142 727 1500 783 insultaverat
1560 729 1656 797 qui
1710 726 1803 783 Dei
1851 728 2044 783 Filium

2230 728 2568 799 Ἐπισκήψας
2586 728 2694 799 (57)
2705 730 2816 789 τοῖς
2827 727 3069 799 εἰρηκόσι
3084 727 3175 781 τὸν
3191 726 3315 780 Υίὸν
3330 726 3424 779 τοῦ
3440 726 3574 779 Θεοῦ
3592 728 3716 799 ἀλη-

482 837 612 876 vere
654 821 823 875 lilium
882 820 1156 875 exsutisse
1180 821 1361 875 vivum
1415 819 1843 885 arbitrabantur,
1893 835 2044 874 suam

2149 822 2256 885 θῶς
2287 822 2400 875 υίὸν
2432 818 2570 875 εἶναι
2593 820 2768 886 ζῶντα
2793 820 2885 873 καὶ
2902 819 3321 889 ὑφεστῶταιτὴν
3351 817 3541 871 ἑαυτοῦ
3560 818 3713 883 δόξαν

483 914 651 982 ipsius
688 913 994 982 opinionem
1056 910 1256 980 profert
1284 911 1504 966 totidem
1555 911 1774 982 syllabis
1820 913 1870 965 in
1903 912 2045 965 hunc

2148 916 2386 986 φανερὰν
2400 916 2717 986 καθίστησιν
2733 915 2921 975 αὑταῖς
2948 911 3235 973 συλλαϐαῖς
3255 910 3482 982 γράφων
3520 910 3709 974 οὕτως·

482 1004 700 1059 modum
735 1004 1174 1072 comprehensam
1211 1016 1228 1056 :
1264 1000 1355 1074 [[ὶ.
1388 998 1548 1066 XLII,
1576 1002 1700 1057 coll.
1734 1017 1787 1071 p.
1827 1001 1949 1064 “6,
1978 999 2044 1071 D]

2152 1026 2170 1058 ι
2192 1006 2397 1060 Οὐκοῦν
2413 1007 2518 1077 πρὸ
2535 1006 2631 1077 μὲν
2647 1003 2739 1058 τοῦ
2759 1003 3057 1068 κατελθεῖν,
3077 1004 3169 1056 καί
3200 1002 3285 1057 διὰ
3314 1004 3412 1073 τῆς
3435 1003 3710 1073 Παρθένου

487 1119 506 1152 ι
554 1100 916 1166 Quamobrem
953 1100 1268 1169 priusquam
1315 1100 1691 1165 descenderet,
1731 1108 1786 1154 et
1828 1099 1893 1153 de
1922 1099 2048 1154 Vir-

2153 1120 2171 1152 ι
2212 1100 2487 1170 τεχθῆναι,
2539 1098 2710 1166 Λόγος
2755 1093 2823 1168 ἦν
2871 1096 3050 1166 μόνον.
3091 1095 3242 1147 Ἐπεὶ
3286 1093 3337 1147 τί
3389 1094 3573 1165 ἕτερον
3622 1089 3710 1163 ἦν,

487 1210 505 1239 ι
552 1192 675 1260 gine
706 1199 1040 1254 nasceretur,
1068 1189 1305 1246 Verbum
1337 1199 1455 1244 erat
1499 1188 1858 1244 solummodo.
1910 1187 2043 1244 Nam

2151 1212 2169 1244 ι
2212 1192 2318 1264 πρὸ
2338 1190 2429 1246 τοῦ
2449 1190 2547 1261 τὴν
2564 1190 2907 1260 ἀνθρωπίνην
2926 1186 3208 1241 ἀναλαϐεῖν
3228 1185 3425 1257 σάρκα,
3446 1186 3505 1238 τὸ
3520 1184 3710 1238 κατελ-

485 1298 504 1331 σ
552 1282 683 1351 quid
706 1279 851 1335 aliud
885 1288 1005 1334 erat
1036 1280 1351 1349 priusquam
1385 1287 1627 1332 nostram
1656 1292 1872 1333 carnem
1896 1293 2047 1333 assu-

2152 1300 2169 1332 ι
2210 1280 2302 1333 θὸν
2321 1279 2407 1332 ἐπ’
2428 1279 2670 1350 ἐσχάτων
2686 1277 2792 1331 τῶν
2809 1278 3049 1350 ἡμερῶν.
3065 1278 3141 1339 ὠς
3158 1277 3251 1329 καὶ
3271 1276 3431 1338 αὐτὸς
3444 1275 3710 1347 γέγραφε,

485 1391 503 1422 ε
548 1379 718 1427 meret
741 1371 1049 1434 humanam,
1074 1369 1125 1424 id
1152 1368 1292 1438 quod
1322 1368 1604 1423 descendit
1634 1369 1687 1423 in
1716 1369 2046 1440 temporibus

2152 1392 2168 1424 ι
2207 1370 2318 1443 (38)
2342 1372 2432 1425 καὶ
2461 1371 2522 1424 τὸ
2546 1371 2801 1441 γεννηθὲν
2833 1371 2898 1422 ἐκ
2926 1370 3026 1440 τῆς
3045 1368 3320 1440 Παρθένου
3350 1366 3499 1420 οὐδὲν
3526 1367 3713 1438 ἕτερον

484 1480 503 1512 ι
553 1461 880 1526 novissimis,
929 1456 1380 1530 quemadmodum
1438 1458 1551 1528 ipse
1599 1458 1839 1523 scribit;
1885 1464 1940 1513 et
1992 1456 2044 1512 id

2152 1482 2170 1515 ε
2210 1463 2243 1535 ἢ
2272 1465 2300 1515 ὁ
2319 1462 2510 1531 Λόγος.
2546 1479 2563 1511 ι
2592 1456 2723 1514 Εἶτα
2756 1458 2968 1530 προῖὼν
2982 1459 3130 1530 ἑξῆς,
3154 1459 3322 1512 ἀΐδιον
3350 1457 3511 1511 αὑτὸν
3540 1457 3712 1526 λέγει,

485 1572 503 1604 ι
551 1554 695 1623 quod
724 1554 790 1609 de
824 1553 1040 1623 Virgine
1072 1550 1394 1607 nascebatur
1424 1551 1556 1606 nihil
1587 1551 1729 1607 aliud
1758 1561 1875 1607 erat
1903 1565 2042 1622 pras-

2144 1555 2438 1624 ἀγέννητον
2468 1551 2627 1606 αὑτὸν
2646 1550 2816 1615 οὕτως
2834 1550 3164 1622 ὁριζόμενος.
3196 1550 3398 1622 Γράφει
3430 1550 3487 1602 δὲ
3502 1547 3709 1612 οὕτως·

484 1665 502 1696 ι
551 1656 633 1701 ter
653 1660 812 1713 quam
843 1644 1121 1700 Verbum?
1152 1662 1172 1697 ι
1206 1643 1444 1713 Pergens
1478 1643 1734 1715 deinceps
1760 1644 1855 1709 ait,
1884 1654 2043 1698 aeter-

2150 1669 2168 1699 ‹
2212 1646 2450 1710 Ἀκούεις
2481 1646 2658 1699 τοίνυν
2683 1646 2780 1716 τῆς
2806 1643 3119 1715 συμφωνίας
3158 1644 3253 1697 τοῦ
3273 1644 3429 1712 ἁγίου
3454 1642 3711 1713 Πνεύμα-

478 1753 605 1791 num
659 1737 827 1790 fuisse
870 1744 925 1789 et
973 1735 1272 1804 ingenitum
1326 1748 1543 1803 quoque
1586 1734 1797 1789 delinit.
1846 1732 2047 1788 Scribit

2151 1756 2169 1790 ι
2212 1756 2302 1801 τος
2340 1737 2427 1791 διὰ
2476 1735 2684 1790 πολλῶν
2719 1738 2814 1790 καὶ
2844 1735 3117 1807 διαφόρων
3164 1734 3491 1807 προσώπων,
3515 1737 3581 1805 τῇ
3615 1732 3712 1787 τοῦ

478 1839 657 1883 autem
721 1827 809 1900 [Β.
852 1824 1078 1889 XLVIII,
1126 1826 1247 1881 coll.
1307 1841 1363 1895 p.
1407 1825 1532 1890 116,
1575 1824 1678 1899 D]:
1718 1845 1736 1879 ι
1780 1825 2045 1893 Quocirca

2152 1850 2171 1883 ι
2212 1829 2385 1899 Λόγου
2412 1828 2793 1901 μαρτυρούσης
2958 1827 3236 1899 ἀῖδιότητι.
3262 1845 3280 1879 ι
3312 1828 3422 1881 Καὶ
3446 1826 3533 1880 διὰ
3555 1826 3714 1879 τοῦτο

484 1940 502 1971 ι
548 1936 870 1976 consensum
900 1922 1056 1976 audis
1085 1917 1321 1990 Spiritus
1347 1920 1541 1981 sancti,
1574 1933 1680 1989 quo
1714 1932 1809 1988 per
1846 1917 2043 1971 multas

2140 1923 2365 1994 ἄρχεται
2390 1922 2488 1993 μὲν
2514 1921 2620 1975 ἀπὸ
2640 1920 2739 1991 τῆς
2761 1920 3055 1991 ἀῖδιότητος
3082 1919 3175 1973 τοῦ
3200 1920 3393 1987 Λόγου·
3426 1920 3521 1971 Ἐν
3550 1918 3712 1987 ἀρχῇ

482 2034 499 2063 ι
543 2023 598 2068 et
624 2011 933 2067 diﬂ‘erentes
963 2027 1243 2083 personas.
1281 2013 1569 2067 aeternitati
1604 2011 1753 2066 verbi
1797 2010 2043 2065 testimo-

2139 2010 2217 2084 ἦν
2238 2016 2271 2067 d
2302 2015 2491 2082 Λόγος
2512 2052 2527 2076 ,
2553 2010 2748 2079 λέγων,
2778 2011 2875 2065 καί
2894 2014 2926 2065 ὀ
2948 2007 3225 2082 Λόγοςῆν
3249 2010 3397 2079 πρὸς
3414 2011 3520 2064 τὸν
3541 2012 3712 2073 Θεὸν,

480 2123 501 2156 ι
548 2105 694 2159 nium
733 2105 1070 2174 perhibetur.
1106 2123 1125 2156 ι
1172 2103 1238 2157 Ει
1291 2118 1388 2172 per
1440 2104 1543 2157 hoc
1600 2102 1795 2172 ipsum,
1854 2101 2042 2171 incipit

2138 2102 2237 2156 καὶ
2257 2102 2399 2168 Θεὸς
2425 2098 2503 2173 ἦν
2530 2105 2562 2156 ὀ
2590 2102 2800 2171 Λόγος.
2824 2102 3010 2171 Τρισὶν
3034 2101 3355 2173 ἐπαλλήλοις
3383 2102 3711 2173 μαρτυρίαις

473 2199 694 2269 quidem
723 2200 789 2252 ab
811 2198 1117 2253 aeternitate
1141 2198 1313 2263 verbi,
1338 2197 1440 2251 hoc
1470 2196 1663 2250 modo:
1690 2193 1757 2247 In
1786 2194 2040 2263 principio

2138 2195 2434 2267 χρώμενος,
2469 2194 2565 2265 τὴν
2590 2193 2865 2265 ἀῐδιότητα
2892 2192 2986 2264 τοῦ
3020 2192 3194 2262 Λόγου
3217 2193 3486 2247 δεικνύναι
3524 2192 3709 2264 βούλε-

474 2301 586 2345 erat
634 2289 852 2343 Verbum
889 2304 907 2341 :
953 2298 998 2343 et
1041 2286 1265 2342 Verbum
1296 2297 1406 2342 erat
1436 2288 1576 2355 apud
1606 2286 1807 2340 Deum:
1830 2296 1876 2340 et
1902 2285 2040 2339 Deus

2138 2303 2247 2340 ται.
2284 2284 2391 2337 Καὶ
2423 2283 2539 2354 μεθ’
2568 2283 2729 2353 ἕτερα
2750 2282 3009 2350 ἐπιλέγει·
3044 2300 3062 2333 ι
3086 2281 3352 2353 Πρότερον
3380 2280 3489 2351 γάρ
3520 2278 3710 2351 ὥσπερ

474 2391 587 2435 erat
614 2380 748 2433 illud
789 2378 1011 2433 Verbum
1034 2379 1103 2432 ".
1141 2379 1214 2432 Ita
1246 2378 1415 2432 tribus
1452 2377 1778 2433 testimoniis
1806 2391 1864 2432 se
1898 2376 2039 2431 invi-

2146 2397 2164 2430 ι
2207 2376 2464 2440 πολλάκις
2514 2375 2671 2447 ἐφην,
2724 2375 2878 2428 οὐδὲν
2910 2375 3095 2446 ἕτερον
3135 2376 3164 2426 ὁ
3208 2374 3379 2443 Λόγος
3416 2369 3504 2446 ἦν.
3540 2392 3559 2425 ι
3597 2374 3708 2426 Kal

474 2488 591 2527 cem
622 2471 1080 2541 consequentibus
1113 2469 1272 2526 Verbi
1298 2470 1411 2524 vult
1434 2471 1627 2525 docere
1651 2468 2038 2525 aaternitatem.

2139 2471 2511 2543 προστίθησιν,
2538 2471 2619 2523 ὅτι
2644 2469 2761 2522 ούδέ
2782 2467 2943 2521 εἰκὼν
2962 2464 3029 2539 ἦν
3057 2466 3150 2521 τοῦ
3169 2467 3301 2521 Θεοῦ
3318 2466 3411 2520 τοῦ
3438 2466 3699 2538 ἀοράτου,

473 2564 601 2619 Post
647 2572 838 2618 caetera
897 2562 1169 2633 subiungit
1218 2560 1307 2633 [Β.
1363 2560 1542 2627 XLIII,
1573 2562 1695 2617 coll.
1726 2576 1779 2631 p.
1812 2561 1904 2627 8i,
1936 2559 2038 2632 Dj:

2140 2566 2362 2635 φάσκων
2385 2580 2397 2593 ο
2436 2581 2454 2613 ‹
2486 2560 2693 2615 Οὐκοῦν
2718 2559 3004 2631 πρόδηλον,
3036 2560 3118 2613 ὅτι
3144 2559 3250 2631 πρὸ
3268 2558 3368 2629 τῆς
3388 2558 3481 2611 τοῦ
3510 2558 3706 2629 ἡμετέ-

480 2676 497 2707 ‹
548 2656 705 2709 Prius
742 2665 889 2710 certe
928 2657 1167 2725 quidem,
1226 2664 1283 2708 ut
1335 2669 1709 2725 saepenumero
1734 2654 1869 2721 dixi,
1904 2652 2041 2708 nihil

2145 2676 2163 2709 ι
2211 2673 2302 2727 ρου
2340 2654 2589 2725 σώματος
2618 2652 2933 2722 ἀναλήψεως
2953 2654 2981 2705 ὀ
3002 2651 3173 2720 Λόγος
3202 2650 3323 2704 καθ’
3358 2650 3581 2714 ἑαυτὸν,
3605 2649 3706 2703 οὐκ

477 2766 496 2798 ε
543 2748 686 2801 aliud
725 2756 842 2801 erat
882 2746 1137 2802 Verbum.
1164 2765 1182 2798 ι
1212 2747 1278 2801 Et
1304 2746 1711 2817 adjungitquod
1745 2761 1844 2801 nec
1864 2748 2039 2815 imago

2144 2766 2162 2799 ι
2199 2744 2264 2818 ἦν
2292 2744 2454 2799 εἰκὼν
2478 2744 2570 2798 τοῦ
2595 2743 2830 2815 ἀοράτου
2864 2743 3019 2796 Θεοῦ.
3036 2763 3052 2794 ι
3079 2743 3189 2796 Kal
3220 2739 3373 2805 αὖθις
3397 2742 3517 2813 μεθ’
3540 2742 3704 2812 ἕτερα

474 2840 575 2892 fuit
633 2839 724 2893 Dei
792 2838 1112 2905 invisibilis,
1159 2838 1449 2908 inquiens:
1480 2838 1572 2911 [Β.
1616 2837 1877 2901 LXXXII,
1913 2840 2037 2895 coll.

2137 2839 2417 2908 ἐπιφέρει·
2453 2857 2471 2888 ι
2508 2837 2571 2889 Τί
2601 2836 2778 2890 τοίνυν
2813 2831 2879 2906 ἦν
2910 2836 2970 2888 τὸ
2999 2835 3254 2888 κατελθὸν
3281 2833 3459 2899 τοῦτο,
3482 2834 3588 2904 πρὸ
3608 2832 3700 2886 τοῦ

472 2947 525 2999 p.
554 2931 644 2996 24,
699 2930 761 2984 Β.
818 2931 909 2995 47,
950 2930 1039 3002 Α]
1082 2949 1101 2984 ι
1140 2930 1405 2999 Quocirca
1445 2931 1788 2987 manifestum
1824 2932 2037 3002 quidem

2144 2952 2161 2982 ι
2203 2929 2647 3002 ἐνανθρωπῆσαι;
2679 2930 2901 2992 Πάντως
2962 2945 3086 2991 που,
3140 2926 3306 2997 φησί,
3358 2926 3603 2997 Πνεῦμα.
3638 2925 3700 2977 Εἰ

476 3042 495 3073 ι
544 3033 648 3088 est,
685 3024 829 3093 quod
865 3022 1099 3078 Verbum
1151 3034 1279 3078 ante
1322 3024 1494 3079 nostri
1545 3024 1789 3093 corporis
1845 3038 2030 3079 susce-

2144 3042 2161 3074 ι
2201 3023 2308 3094 γάρ
2352 3040 2405 3075 τι
2432 3020 2582 3093 παρὰ
2629 3020 2785 3073 τοῦτο
2836 3018 3007 3072 ἐθέλοι
3044 3018 3243 3087 λέγειν,
3272 3019 3332 3070 ού
3360 3018 3699 3088 συγχωρήσει

478 3133 497 3165 ‹
546 3116 805 3183 ptionem,
824 3129 890 3170 ne
908 3114 1122 3184 quidem
1152 3114 1328 3184 imago
1361 3114 1454 3169 Dei
1484 3114 1662 3168 fuerat
1685 3114 1989 3169 invisibilis.
2012 3132 2032 3167 ι

2144 3135 2163 3168 ι
2202 3114 2367 3186 αύτῷ,
2417 3117 2445 3169 ό
2492 3114 2627 3186 πρὸς
2666 3112 2763 3184 τὴν
2818 3112 3090 3182 Παρθένον
3133 3109 3368 3182 εἰρηκὼς
3433 3109 3695 3178 ἄγγελος·

472 3205 539 3260 Ει
560 3222 747 3260 rursus
778 3214 899 3275 post
928 3206 1031 3261 alia
1062 3205 1329 3261 subinl‘ert
1358 3206 1529 3261 idem:
1561 3205 1649 3278 [R.
1669 3205 1854 3270 XLIX,
1882 3207 2032 3276 lcoll.

2144 3227 2161 3259 ι
2201 3206 2441 3275 Πνεῦμα
2462 3205 2630 3276 ἅγιον
2652 3204 3037 3258 ἐπελεύσεται
3055 3202 3152 3255 ἐπὶ
3191 3200 3283 3256 σέ.
3313 3202 3379 3273 Εἰ¹
3397 3200 3453 3254 δὲ
3478 3199 3696 3270 Πνεῦμα

470 3313 524 3366 p.
560 3298 685 3361 tos,
716 3296 783 3370 Α]
844 3316 863 3349 ι
905 3298 1042 3365 Quid
1072 3306 1191 3353 erat
1224 3297 1388 3367 igitur
1419 3297 1523 3352 hoc
1563 3299 1707 3367 quod
1760 3300 2039 3354 descendit

2146 3318 2163 3350 ι
2205 3295 2341 3352 εἶναι
2362 3299 2542 3369 φήσει,
2569 3295 2732 3349 ἄκουε
2767 3293 2859 3347 τοῦ
2892 3294 3138 3363 Σωτῆρος
3164 3292 3430 3360 λέγοντος,
3460 3291 3698 3359 Πνεῦμα

475 3410 494 3440 ι
539 3400 665 3446 ante
700 3388 1167 3446 incarnationem?
1196 3388 1429 3445 Omnino
1464 3402 1611 3445 certe
1644 3391 1879 3461 Spiritus
1914 3390 2035 3456 fuit,

2146 3411 2163 3443 ι
2200 3395 2231 3445 ό
2265 3391 2425 3456 Θεός.
2468 3388 2660 3459 Σαφῶς
2709 3387 2956 3441 ἐντεῦθεν
3000 3376 3093 3439 τοῦ
3142 3385 3394 3457 Σωτῆρος
3447 3385 3575 3454 περὶ
3608 3382 3696 3435 τοῦ

472 3499 495 3531 4
542 3482 590 3535 si
614 3482 741 3552 quid
768 3482 911 3536 enim
950 3481 1094 3535 aliud
1119 3481 1359 3536 dicturus
1408 3490 1494 3537 est
1538 3482 1754 3553 aliquis,
1796 3498 1903 3537 non
1934 3483 2037 3538 hoc

2144 3506 2162 3537 ι
2201 3484 2410 3557 Πατρὸς
2457 3483 2767 3554 εἰρηκότος-
2810 3502 2828 3533 ι
2880 3481 3120 3550 Πνεῦμα
3151 3483 3184 3534 ό
3217 3481 3389 3544 Θεὸς,
3426 3478 3696 3549 ἐλέγχεται

474 3588 495 3619 ι
543 3570 693 3622 dabit
718 3570 811 3639 qui
842 3571 909 3623 ad
943 3568 1219 3639 Virginem
1248 3569 1460 3625 locutus
1502 3582 1584 3625 est
1630 3572 1696 3626 ad
1741 3573 1884 3627 hunc
1923 3586 2038 3624 mo-

2137 3577 2448 3649 Μάρκελλος
2479 3575 2639 3629 αὐτὸν
2680 3574 2771 3627 τὸν
2806 3574 3022 3646 Πατέρα
3044 3571 3517 3643 ὲνηνθρωπηκέναι
3541 3571 3696 3641 (58⁵⁸)

478 3679 495 3709 ι
542 3659 669 3714 dum
695 3660 918 3731 angelus
940 3659 1210 3729 :Spiritus
1239 3671 1449 3716 sanctus
1474 3665 1798 3731 superveniet
1823 3667 1879 3718 in
1900 3664 2034 3718 te”:

2137 3666 2323 3721 είπών.
2368 3668 2423 3720 '0
2456 3666 2499 3719 δ’
2537 3666 2615 3719 ἔτι
2651 3666 2849 3737 μᾶλλον
2877 3666 3255 3736 φιλοτιμεῖται,
3298 3665 3526 3736 γράφων
3555 3658 3656 3718 ὦδε
3679 3680 3694 3694 ·

477 3769 495 3801 ι
541 3751 586 3805 si
622 3761 803 3805 autem
839 3751 1101 3821 Spiritum
1130 3752 1301 3809 fuisse
1335 3763 1566 3819 asserat,
1610 3756 1734 3811 audi
1764 3756 2033 3812 dicentem

2143 3778 2160 3810 ι
2200 3758 2307 3812 Kal
2343 3756 2657 3829 μανθανέτω
2682 3758 2860 3809 τοίνυν
2892 3755 3025 3808 Θεοῦ
3053 3755 3222 3823 Λόγον
3265 3754 3599 3824 ἐληλυθέναι,
3637 3753 3693 3806 ού

476 3863 494 3895 ι
536 3845 926 3900 Servatorem:
981 3844 1215 3916 Spiritus
1255 3846 1396 3901 Deus
1436 3858 1511 3902 est
1548 3849 1637 3912 ⁷⁸;
1687 3849 1777 3903 ubi
1808 3865 1929 3904 cum
1965 3850 2034 3904 Ii-

2143 3870 2162 3904 ι
2198 3852 2367 3919 Λόγον
2393 3848 2842 3920 καταχρηστικῶς
2873 3846 3265 3918 ὀνομασθέντα,
3314 3846 3389 3909 ὡς
3420 3846 3571 3899 αὐτοί
3598 3860 3696 3914 φα-

476 3957 494 3988 ς
541 3938 863 4007 quidissimo
893 3949 1104 3995 constet
1137 3939 1478 3995 Servatorem
1514 3947 1572 4005 >14
1603 3942 1670 3997 de
1696 3942 1857 3998 Patre
1884 3943 2035 4000 locu-

2142 3960 2159 3993 ι
2202 3959 2305 4006 σιν,
2352 3942 2466 3995 ἀλλ’
2485 3940 2659 4011 ἀληθῆ
2707 3940 2835 3994 ὄντα
2862 3939 3052 4008 Λόγον.
3088 3957 3106 3989 ι
3146 3939 3254 3990 Kal
3284 3934 3437 4000 αὖθις
3478 3936 3695 4009 προστί-

471 4048 495 4082 ‹
545 4040 656 4085 tum
692 4031 881 4095 fuisse,
930 4031 1073 4088 Deus
1112 4042 1195 4087 est
1241 4033 1483 4101 spiritus,
1516 4053 1535 4086 ι
1571 4036 1849 4090 convictus
1882 4046 2035 4091 tene-

2137 4033 2261 4105 θησι
2285 4033 2456 4087 ταῦτα
2486 4034 2598 4096 τοῖς
2619 4031 2950 4103 εἰρημένοις·
2984 4052 3002 4083 ι
3026 4033 3086 4085 El
3109 4032 3205 4102 μὲν
3233 4030 3338 4102 γὰρ
3366 4030 3507 4101 ήτοῦ
3538 4030 3695 4083 πνεύ-

470 4132 559 4177 tur
615 4122 903 4179 Marcellus
954 4123 1321 4188 existimasse,
1364 4124 1537 4194 ipsum
1594 4125 1807 4181 Patrem
1868 4126 2036 4182 fuisse

2143 4148 2161 4179 ι
2188 4144 2353 4198 ματος
2372 4126 2615 4191 ἐξέτασις
2641 4125 2879 4193 γίγνοιτο
2907 4125 3065 4195 μόνη,
3090 4124 3146 4177 ἒν
3162 4124 3255 4177 καὶ
3270 4122 3460 4176 ταύτὸν
3476 4124 3695 4185 εἰκότως

469 4216 832 4271 iucarnatum.
861 4216 993 4272 Cum
1023 4217 1345 4271 sententiam
1383 4216 1558 4271 adhuc
1587 4218 1825 4286 apertius
1852 4216 2031 4282 ell‘ert,

2141 4238 2159 4269 ι
2182 4214 2319 4271 εἶναι
2335 4217 2412 4288 τῷ
2427 4216 2545 4287 Θεῷ
2574 4216 2832 4285 φαίνοιτο·
2861 4216 2980 4269 εἰδὲ
3004 4218 3037 4285 ή
3061 4215 3199 4269 κατά
3214 4216 3388 4285 σάρκα
3410 4214 3693 4285 προσθήκη

470 4306 539 4360 ad
572 4308 712 4362 hunc
739 4308 952 4363 modum
978 4307 1253 4362 scribens:
1285 4306 1635 4377 [It.XXXlX,
1670 4310 1797 4365 coll.
1837 4326 1887 4380 p.
1908 4311 2033 4376 liti,

2141 4331 2160 4362 ι
2184 4310 2274 4363 ἐπὶ
2304 4309 2396 4363 τοῦ
2416 4309 2662 4379 Σωτῆρος
2677 4307 2998 4374 ἐξετάζοιτο,
3017 4307 3263 4379 ἐνεργείᾳ
3285 4311 3316 4378 ἡ
3342 4307 3529 4378 θεότης
3562 4308 3694 4377 μόνη

469 4397 548 4469 D]
587 4417 605 4449 ι
650 4400 831 4454 Discat
861 4399 1047 4467 igitur,
1083 4401 1313 4454 Verbum
1342 4401 1432 4453 Dei
1472 4402 1789 4457 advenisse:
1820 4418 1947 4467 non,
1977 4414 2036 4458 ut

2142 4422 2159 4453 ι
2187 4402 2548 4456 πλατύνεσθαι
2570 4402 2744 4455 δοκεῖ’
2764 4401 2905 4455 ὥστε
2930 4401 3152 4464 εἰκότως
3171 4399 3335 4471 μονὰς
3351 4400 3520 4463 ὅντως
3551 4401 3696 4453 ἐστὶν

474 4509 495 4541 ι
544 4491 617 4544 illi
642 4490 846 4557 volunt,
874 4490 1105 4546 Verbum
1136 4493 1530 4547 catachrestice
1563 4492 1912 4560 appellatum,
1939 4494 2030 4548 sed

2143 4510 2160 4543 ι
2184 4491 2505 4564 ἀδιαίρετος.
2533 4510 2550 4541 ι
2573 4491 2680 4543 Kal
2707 4489 2785 4543 ἐτι
2812 4490 3008 4560 μᾶλλον
3034 4489 3189 4543 τοῦτο
3205 4488 3600 4553 κατασκευάζει
3629 4489 3695 4541 δι’

474 4599 493 4631 ι
545 4595 731 4635 revera
768 4582 858 4650 qui
881 4582 1175 4637 exsistebat
1200 4582 1454 4636 Verbum.
1490 4601 1508 4633 ι
1536 4583 1697 4635 Addit
1737 4583 1930 4636 iterum
1974 4592 2028 4637 et

2135 4577 2209 4636 ὧν
2234 4584 2291 4635 ἐν
2316 4586 2427 4646 τοῖς
2452 4582 2576 4652 ἑξῆς
2599 4580 2738 4635 οὕτω
2761 4582 2981 4655 γράφει’
3018 4602 3035 4633 ι
3083 4583 3156 4634 Τὸ
3201 4583 3299 4653 μὲν
3324 4573 3415 4635 οὖν
3449 4581 3554 4651 πρὸ
3590 4582 3696 4633 τῶν

470 4673 573 4727 ista
601 4672 905 4727 antedictis:
932 4693 950 4725 σ
974 4673 1124 4740 Quod
1156 4674 1199 4729 si
1230 4674 1307 4727 de
1337 4673 1529 4743 spiritu
1548 4673 1850 4742 disquisitio
1872 4674 2028 4729 insti-

2140 4694 2159 4727 ι
2196 4674 2406 4729 αἰώνων
2425 4672 2585 4727 αὐτὸν
2606 4673 2961 4744 γεγεννῆσθαι
2978 4673 3146 4744 φῆσαι
3162 4673 3465 4736 ἀκολούθως
3488 4673 3697 4744 εἰρηκέ-

475 4782 493 4814 ι
522 4771 705 4816 tuatur
734 4763 869 4823 sola,
905 4778 1069 4818 unum
1116 4773 1278 4834 atque
1314 4764 1477 4829 idem,
1516 4778 1613 4817 nec
1652 4761 1869 4830 injuria,
1908 4779 2030 4818 cum

2144 4786 2162 4817 ι
2196 4784 2281 4819 ναι
2312 4765 2488 4819 δοκεῖ·
2516 4765 2763 4836 γέννημα
2784 4766 2891 4837 γὰρ
2916 4766 2978 4819 τὸ
3002 4764 3258 4837 προελθὸν
3280 4764 3373 4817 τοῦ
3397 4764 3695 4836 προεμένου

542 4926 600 4983 ›Ῑ‹
636 4916 730 4971 Ed.
765 4915 964 4980 Paris.,
994 4933 1119 4988 pag.
1151 4919 1235 4974 36.
1305 4917 1666 4990 "Joan.t,l.
1718 4920 1762 4951 ’⁷⁷
1801 4919 1931 4976 Luc.
1962 4937 2000 4984 ι,
2031 4921 2119 4975 55.

1104 4956 1119 4973 .
1151 4919 1235 4974 56.
1305 4917 1352 4949 ⁷⁸
1372 4919 1532 4977 Joan.
1554 4942 1595 4990 l,
1616 4925 1666 4979 Ι.
1718 4920 1762 4951 ’⁷⁷
1801 4919 1931 4976 Luc.
1962 4937 2000 4984 ι,
2031 4921 2119 4975 55.
2228 4922 2275 4953 ⁷⁸
2298 4919 2454 4976 Joan.
2485 4937 2561 4985 tv,
2590 4920 2682 4978 24.

538 5126 651 5202 (Ξῖ)
693 5123 1230 5202 Υυίεοιὲῖτισκέψαςο
1360 5198 1382 5202 _
1435 5199 1446 5202 _
1723 5198 1732 5202 ,
1837 5199 1850 5202 Α
2136 5131 2381 5202 χωρῆσαι
2413 5139 2468 5187 et
2512 5132 2677 5201 φησιν
2714 5141 2771 5187 et
2800 5129 3081 5202 εἰρηκότος
3132 5147 3221 5185 πν.
3258 5140 3312 5185 et
3337 5131 3567 5201 ’Πατρὸς
3613 5131 3696 5184 λέ-

540 5196 796 5270 (58)νλΚαί
827 5196 1010 5270 αύτὸς
1037 5199 1307 5267 γέγραφε.
1349 5198 1480 5266 Quis
1509 5205 1685 5270 autem
1720 5198 1855 5253 iste?
1880 5208 2030 5254 certe
2134 5196 2339 5270 γοντος.

468 5264 771 5330 Marcellus,
808 5264 987 5331 cujus,
1009 5264 1474 5335 opinor,diversaz
1509 5268 1695 5390 ρίὲσεις
1731 5271 1817 5322 hic
1847 5285 2032 5323 recen-

468 5346 675 5390 sentur.
698 5336 789 5388 sed
822 5336 1035 5389 interim
1070 5349 1249 5390 tamen
1280 5342 1392 5390 haec
1413 5350 1539 5390 sunt
1601 5336 1859 5390 σύστατα.
1893 5340 2024 5390 (Αὑ-

2146 5264 2157 5270 ’
2205 5270 2364 5341 (58’“)
2398 5270 2962 5339 Ἐννηθρωπηκέναι.
2984 5269 3095 5326 Hoc
3114 5279 3263 5325 certe
3294 5270 3365 5323 illi
3385 5271 3693 5331 sset-ibitur.

2134 5352 2191 5390 ut
2213 5344 2375 5390 fuerit
2395 5341 2632 5390 Praxeae.
2656 5353 2708 5390 et
2727 5342 3256 5390 Palronassianorum
3284 5342 3534 5390 ἀποφυάε
3551 5383 3564 5390 -
3592 5346 3693 5390 sci—

466 5346 675 5414 sentur,
698 5336 789 5414 sed
822 5336 1035 5414 interim
1070 5349 1249 5414 tamen
1280 5336 1539 5414 baaesun't
1559 5336 1859 5414 ᾁσύστατα.
1883 5340 2024 5414 ’(Αὺ-

2132 5352 2191 5414 ut
2213 5336 2375 5414 fuerit
2395 5336 2632 5414 Praxeae,
2656 5353 2708 5395 et
2726 5336 3272 5414 P'atropassianorum
3284 5342 3565 5409 ἀποφυάς,
3592 5346 3693 5396 sci—

462 5404 844 5485 rdguhst‘erius
879 5403 1083 5485 R.,nqui
1120 5406 1257 5485 infra
1309 5408 1524 5485 τρόπων
1571 5407 1686 5485 loco
1722 5403 2027 5485 προσώπων

2132 5411 2255 5485 licet
2281 5413 2405 5485 quia
2434 5403 2903 5485 Aéyoy'aztern‘uui
2938 5413 3137 5485 asserit
3165 5429 3197 5485 _:
3242 5403 3693 5485 Spirit'utnifuisse

465 5474 635 5549 coni.)
672 5474 863 5549 S_tatitn
912 5488 928 5526 :
978 5476 1116 5549 forte
1139 5474 1546 5549 ﬁtbwviéysh
1599 5477 1693 5530 καὶ
1737 5474 2027 5549 ἀγέννητον

2132 5474 2312 5545 docet,
2341 5482 2440 5535 hoc
2466 5474 2547 5534 est
2571 5484 2753 5535 Deum.
2787 5480 2949 5546 Quasi
2980 5484 3129 5537 solus
3162 5474 3321 5536 Pater
3360 5482 3497 5533 foret
3525 5481 3692 5549 Spiri—

464 5544 647 5619 αύτόν.
674 5544 837 5619 Quod
875 5546 1103 5619 negabat
1138 5547 1400 5619 Eusebius
1431 5544 1682 5619 Arianus,
1719 5564 1841 5602 mox
1874 5544 2028 5603 ούδὲν
2132 5559 2237 5614 tus,
2270 5544 2370 5604 hoc
2396 5563 2479 5603 est
2505 5552 2646 5604 Deus
2666 5592 2680 5612 ,
2708 5544 2829 5619 quae
2862 5562 2980 5606 erat
3003 5568 3153 5606 tuens
3176 5551 3496 5606 Eusebiana.
3532 5544 3602 5604 ll.
3626 5579 3692 5592 ——

463 5613 890 5693 imperil-@6qu
915 5611 1001 5686 ἦν,
1034 5624 1087 5668 et
1116 5618 1177 5669 ού
1217 5620 1583 5693 συγχωρήσει,
1795 5688 1829 5693 __
2132 5611 2252 5673 Mox
2285 5621 2441 5693 vulgo
2466 5620 2577 5693 ἀλλ’
2618 5611 2911 5693 ἀληθῶς-οι
2957 5623 3181 5685 είκότως
3236 5621 3400 5693 μόνας
3448 5619 3691 5693 παρήλη-

538 5682 880 5763 (ᾆδ’)νιιιιίςο
930 5682 1370 5763 μαρτυρησαςᾜι
1402 5682 1536 5743 ’όὸίη
1572 5690 1656 5741 ἐπ’
1681 5687 1936 5763 ἀλλήλαις
1979 5700 2033 5743 et

2134 5707 2282 5763 πται.
2317 5682 2444 5763 Dein
2466 5692 2651 5763 τοῦτον
2796 5682 2934 5763 εἶναι
2963 5704 3016 5749 et
3041 5682 3197 5763 ἀνθρ,
3229 5682 3441 5761 φύσεως
3455 5682 3596 5747 coni:
3624 5682 3685 5749 ll.

468 5755 729 5825 πρότερον
762 5755 861 5823 μὲν
878 5772 931 5823 γ.
958 5755 1217 5827 θίίὲτερον
1246 5763 1273 5812 ὸ
1299 5761 1498 5827 Λόγος;
1530 5774 1689 5827 porro
1720 5755 1873 5828 vulgo
1906 5777 2031 5827 συγ-

1299 5761 1498 5827 Λὸγος;
1530 5774 1689 5827 porro
1720 5755 1873 5828 vulgo
1906 5777 2031 5827 συγ-
2134 5771 2187 5814 et
2210 5760 2300 5813 τὸν
2332 5760 2463 5813 Θεὸν
2496 5762 2629 5815 Θεοῦ
2665 5755 2727 5816 Λ.
2751 5755 2867 5833 ’Μιη

1089 5883 1121 5898 σο
