4008 6512
330 499 438 555 785

1429 499 1707 556 CONTRA
1745 500 2167 555 MARCELLUM
2207 500 2334 555 LIB.
2375 501 2441 555 li.

3444 500 3552 559 786

335 634 353 664 ι
393 610 638 680 γίγνεται
674 611 905 683 Πατρός.
945 611 1182 683 Θάτερον
1203 611 1245 665 δ’
1267 612 1367 667 οὐκ
1397 612 1474 666 ἔτι
1498 614 1668 682 ὑγιῶς
1683 614 1788 666 οὐδ’
1815 614 1881 666 εύε

2008 633 2026 665 s
2049 612 2160 669 Deo
2192 613 2457 668 videbitur
2481 629 2620 670 esse.
2649 616 2801 683 Quod
2829 616 2873 671 si
2903 614 2991 670 illa
3017 612 3236 679 additiu,
3256 618 3550 670 secundum

333 721 352 751 ι
400 698 573 763 σεὸὦς
601 700 750 770 αὺτῷ
774 701 1161 772 παρείληπται.
1201 702 1275 754 Τὸ
1313 702 1421 774 γὰρ
1451 703 1525 773 μὴ
1557 703 1727 771 Λόγον
1754 698 1892 756 εἶναι

333 812 351 843 ι
379 792 548 863 φῆσαι
578 791 670 844 τὸν
699 790 758 855 ἐξ
786 792 947 845 αὐτοῦ
971 793 1319 865 προελθόντα,
1339 794 1431 847 καὶ
1442 794 1628 847 τοῦτον
1645 788 1783 848 εἶναι
1802 795 1894 847 τὸν

332 903 349 933 ι
375 884 477 953 τῆς
494 885 800 953 γεννήσεως
816 884 991 955 ἀληθῆ
1006 885 1220 957 τρόπον,
1239 885 1350 938 ἀλλ’
1366 885 1550 950 ἁπλῶς
1566 886 1693 939 Υίὸν
1713 887 1892 957 μόνον,

328 993 348 1026 ι
388 975 626 1045 ἐμφασίν
646 992 766 1028 τινα
786 979 895 1040 τοῖς
915 976 1199 1031 ἁκούουσιν
1220 977 1559 1051 ἀνθρωπίνης
1572 979 1745 1049 ὅψεως
1759 995 1896 1049 παρ-

330 1085 349 1118 ι
386 1067 533 1137 ἐχειν
564 1067 743 1123 εἴωθε.
781 1087 799 1120 ι
833 1070 942 1123 Καὶ
966 1071 1022 1122 ἐν
1055 1070 1266 1133 τούτοις
1290 1071 1385 1141 μὲν
1405 1074 1581 1142 γυμνῇ
1601 1074 1666 1142 τῇ
1684 1070 1892 1141 κεφαλῇ

321 1157 415 1209 τὸν
449 1156 547 1227 μὲν
580 1157 708 1210 Υίὸν
741 1159 1035 1231 ἠρνήσατο,
1062 1159 1215 1230 ψιλὸν
1243 1160 1300 1213 δὲ
1328 1161 1525 1230 Λόγον,
1550 1161 1738 1233 ὥσπερ
1773 1161 1895 1214 τινὰ

324 1250 724 1319 προστακτικὸν
741 1251 850 1303 τῶν
868 1250 1134 1321 ποιητέων
1150 1252 1565 1322 είσάγων,δῆλός
1580 1248 1725 1307 ἐστιν
1744 1252 1804 1317 ἐξ
1817 1245 1892 1307 ὧν

323 1340 578 1412 ἐπιφέρει
598 1341 769 1409 λέγων
785 1358 799 1373 ⁸
830 1362 849 1394 ι
882 1345 977 1397 Ὃν
995 1342 1135 1397 οὕτω
1151 1346 1317 1398 πᾶσαι
1343 1346 1399 1397 αἱ
1415 1345 1552 1400 Θεῖαι
1569 1346 1892 1416 κηρύττουσι

323 1432 556 1505 Γραφαί.
591 1433 752 1486 Δαὸὶδ
781 1433 877 1503 μὲν
906 1433 1011 1506 γὰρ
1034 1435 1162 1505 περὶ
1193 1436 1357 1489 αὐτοῦ
1391 1436 1539 1504 λέγει
1568 1454 1580 1467 ·
1612 1436 1695 1503 Τῷ
1728 1439 1894 1506 Λόγῳ

320 1525 545 1593 Κυρίου
566 1527 619 1579 οί
640 1526 880 1593 οὐρανοὶ
896 1526 1345 1594 ἐστερεώθησαν
1368 1545 1381 1558 ·
1407 1524 1562 1591 αὖθις
1590 1527 1667 1593 δὲ,
1701 1528 1892 1595 Αὐτὸς

320 1615 722 1679 ἐξαποστελεῖ
740 1616 845 1669 τὸν
862 1618 1055 1686 Λόγον
1072 1617 1258 1671 αὐτοῦ
1281 1619 1377 1672 καὶ
1401 1619 1627 1673 ἰάσεται
1648 1621 1889 1687 αὐτούς’

321 1705 573 1777 Σολομὼν
589 1707 665 1761 δέ’
694 1709 1121 1779 Ζητήσουσίμε
1147 1711 1337 1774 κακοὶ,
1357 1713 1453 1765 καὶ
1475 1714 1587 1782 οὐχ
1610 1713 1893 1783 εὑρήσου-

318 1816 448 1855 σιν.
478 1802 816 1871 Ἐμίσησαν
836 1804 944 1873 γὰρ
964 1805 1206 1872 σοφίαν·
1241 1804 1347 1858 τὸν
1366 1805 1433 1877 se
1458 1807 1651 1877 Λόγον
1670 1808 1890 1875 Κυρίου

318 1894 393 1945 οὐ
419 1894 791 1960 προείλοντο.
826 1895 1052 1959 Ἡσαΐας
1080 1914 1160 1959 τε,
1197 1897 1289 1949 Ἐκ
1320 1896 1427 1965 γὰρ
1456 1898 1608 1951 Σιὼν
1648 1898 1889 1963 ἐξελεύ-

317 1998 510 2048 σεται,
544 1984 669 2055 ἔφη,
700 1984 885 2053 νόμος
924 1986 1019 2038 καὶ
1042 1978 1230 2054 Λόγος
1259 1987 1477 2054 Κυρίου
1498 1988 1566 2053 ἐξ
1596 1990 1892 2058 Ἰερουσα-

315 2072 464 2142 λήμ.
518 2075 627 2127 Καὶ
673 2071 829 2139 αὖθις
872 2077 1165 2148 Ἱερεμίας·
1216 2080 1638 2149 ᾙσχύνθησαν
1678 2082 1885 2151 σοφοὶ,

316 2162 473 2232 φησι,
490 2163 996 2232 καὶέπτοήθησαν,
1013 2166 1109 2221 καὶ
1143 2166 1437 2229 ἑάλωσαν,
1466 2167 1555 2221 ὅτι
1574 2169 1680 2223 τὸν
1694 2172 1887 2243 Λόγον

316 2254 427 2308 τοῦ
456 2255 678 2323 Κυρίου
730 2256 1202 2327 ἀπεδοκίμασαν
1268 2259 1362 2312 καὶ
1418 2260 1574 2331 Ὠσηὲ
1614 2264 1643 2315 ὁ
1675 2266 1886 2335 προφή-

312 2364 417 2417 της
440 2365 457 2379 ’
504 2348 838 2417 Ἐμίσησάν
854 2349 924 2402 ἐν
950 2351 1171 2416 πύλαις
1199 2350 1542 2422 ἐλέγχοντα,
1568 2354 1666 2406 καὶ
1698 2356 1889 2424 Λόγον

309 2438 491 2491 ὅσιον
524 2438 939 2503 ὲϐδελύξαντο.
973 2441 1212 2512 Μιχαίας
1263 2460 1321 2495 τε
1349 2443 1549 2513 ὁμοίως
1584 2444 1678 2497 καὶ
1726 2446 1889 2510 αὐτὸς

312 2547 382 2582 πε
392 2531 444 2601 pl.
458 2530 552 2583 τοῦ
565 2532 737 2601 Λόγου
766 2534 1117 2605 μνημονεύων
1136 2534 1260 2606 ἔφη’
1278 2535 1689 2600 Ἐξελεύσεται
1707 2538 1887 2607 νόμος

309 2623 411 2675 καὶ
428 2624 617 2691 Λόγος
639 2626 858 2693 Κυρίου
894 2626 963 2691 ἐξ
997 2627 1408 2698 Ἰερουσαλήμ.
1438 2647 1456 2679 ι
1489 2628 1735 2683 Τοσαῦτα
1764 2647 1888 2683 συν-

308 2714 465 2782 άγων
486 2714 613 2785 περὶ
638 2715 736 2768 τοῦ
760 2716 1160 2787 προστακτικοῦ
1177 2718 1348 2787 Λόγου
1374 2718 1511 2790 ρητά
1544 2720 1882 2792 Μάρκελλος,

306 2805 551 2860 τοιοῦτόν
572 2823 692 2860 τινα
716 2802 853 2860 εἶναί
882 2824 1013 2878 φησι
1037 2808 1128 2861 καὶ
1152 2806 1241 2861 τὸν
1259 2809 1314 2860 ἐν
1338 2810 1477 2880 ἀρχῇ
1502 2808 1636 2878 πρὸς
1650 2808 1739 2862 τὸν
1754 2808 1885 2862 Θεὸν

305 2897 445 2950 Θεὸν
478 2898 668 2967 Λόγον.
702 2898 792 2951 Διὸ
823 2899 1014 2967 ἐπάγει
1066 2898 1321 2969 φάσκων·
1357 2920 1375 2951 ι
1421 2900 1479 2953 '0
1512 2899 1556 2953 δ’
1590 2900 1731 2971 ἱερὸς
1753 2899 1887 2953 ἀπό-

315 3009 334 3039 ι
381 2988 565 3052 στολός
595 3006 655 3041 τε
688 2989 780 3042 καὶ
814 2989 1058 3060 μαθητὴς
1089 2990 1182 3042 τοῦ
1216 2988 1419 3062 Κυρίου
1458 2988 1707 3060 Ἰωάννης
1731 3029 1745 3053 ,
1790 3006 1885 3041 σα-

313 3100 333 3131 s
376 3080 492 3149 φῶς
522 3082 614 3133 καὶ
641 3080 933 3153 διαρρήδην
966 3082 1023 3135 ἐν
1049 3083 1190 3153 ἀρχῇ
1232 3080 1324 3133 τοῦ
1369 3080 1697 3150 Εὑαγγελίου
1749 3079 1886 3134 διδά-

311 3192 332 3223 ι
370 3190 536 3237 σκων,
598 3171 674 3236 ὡς
728 3172 1087 3243 ἀγνοούμενον
1141 3175 1199 3225 ἐν
1258 3170 1562 3243 ἀνθρώποις
1622 3171 1882 3242 πρότερον

312 3285 332 3317 ι
378 3265 552 3333 Λόγον
580 3265 741 3318 αὑτὸν
770 3264 863 3317 τοῦ
894 3264 1332 3335 παντοκράτορος
1370 3261 1670 3334 ὀνομάζων,
1710 3262 1881 3326 οὕτως

308 3376 329 3409 e
362 3356 507 3427 ἐφη·
558 3357 653 3410 Ὲν
709 3356 867 3427 ἀρχῇ
914 3353 994 3427 ἦν
1031 3360 1063 3410 ό
1100 3356 1308 3425 Λόγος,
1360 3354 1458 3409 καὶ
1509 3357 1542 3408 ό
1594 3356 1781 3424 Λόγος
1804 3350 1884 3424 ἦν

1917 2129 1958 2184 Β

2010 726 2026 757 ι
2057 720 2275 760 carnem
2306 705 2627 774 disquisitio,
2646 708 2709 763 de
2728 711 3010 763 Servatore
3031 706 3333 775 adjiciatur,
3360 722 3556 776 cpera-

2006 817 2024 849 ι
2051 798 2195 852 tione
2213 797 2463 853 divinitas
2507 798 2620 853 sola
2664 799 2933 854 videbitur
2969 798 3203 864 dilatari,
3254 807 3315 851 ut
3354 799 3555 854 merito

2003 910 2020 940 ι
2045 888 2256 957 quidem
2284 888 2461 943 unitas
2483 887 3352 943 sitindivisibilis.iVehementius
3375 887 3553 943 adhuc

1997 981 2097 1035 hoc
2131 981 2268 1035 idem
2300 989 2524 1035 conatur
2550 991 2792 1036 astruere
2852 981 2902 1035 in
2936 980 3000 1034 iis
3036 995 3159 1049 quae
3197 980 3451 1046 deinceps
3475 979 3551 1034 ita

1994 1073 2185 1126 scribit
2210 1090 2223 1125 :
2252 1070 2271 1143 [
2300 1071 2364 1125 Β.
2397 1071 2588 1137 XXXI,
2608 1072 2731 1127 coll.
2761 1087 2815 1141 p.
2850 1071 2973 1135 “2,
3013 1071 3057 1124 A
3080 1070 3099 1141 1
3123 1070 3303 1124 Dicere
3330 1070 3548 1133 idcirco,

1994 1163 2143 1215 illum
2167 1174 2286 1216 ante
2303 1162 2497 1217 sazcula
2519 1173 2820 1232 generatum
2852 1163 3035 1232 fuisse,
3063 1164 3262 1216 videtur
3290 1164 3353 1218 de
3376 1180 3553 1218 neces-

1992 1254 2134 1308 saria
2177 1254 2282 1307 dici
2332 1256 2719 1324 consequentia.
2751 1252 2890 1307 Nam
2936 1257 3073 1323 quod
3118 1255 3369 1322 procedit,
3407 1255 3552 1324 geni-

1993 1353 2104 1397 tum
2141 1353 2236 1408 est,
2278 1345 2444 1411 patris
2494 1362 2523 1397 a
2566 1361 2667 1413 quo
2720 1346 2847 1401 exit.
2905 1344 3235 1397 Alterutrum
3279 1360 3382 1399 non
3419 1361 3550 1398 sano

1992 1436 2167 1500 modo,
2229 1451 2321 1488 nec
2368 1437 2647 1503 conjuncta
2692 1453 2811 1489 cum
2848 1436 3035 1505 pietate
3063 1436 3126 1488 ab
3160 1433 3253 1488 illo
3303 1434 3547 1489 sumitur.

1995 1520 2119 1577 Non
2143 1525 2278 1577 enim
2304 1525 2512 1579 verbum
2544 1542 2653 1579 esse
2682 1526 2839 1591 illud,
2860 1527 3053 1592 dicere,
3083 1530 3223 1597 quod
3250 1526 3312 1579 ab
3339 1542 3397 1579 eo
3427 1541 3552 1594 pro-

1992 1613 2163 1665 cedit:
2191 1614 2399 1667 ethunc
2432 1631 2541 1669 esse
2566 1617 2909 1684 generationis
2952 1633 3126 1670 verum
3180 1619 3430 1671 modum:
3460 1616 3552 1670 sed

1991 1704 2297 1772 simpliciter
2323 1702 2523 1758 Filium
2551 1704 2744 1769 solum,
2782 1706 2911 1759 solet
2944 1706 3150 1775 quidem
3198 1707 3383 1777 ἱξεσᾳυὶ
3417 1706 3549 1759 illud

1991 1798 2214 1849 audiunt
2242 1796 2513 1864 emphasin
2541 1798 2823 1861 quamdam
2852 1808 2896 1852 et
2923 1799 3284 1866 apparentiam
3310 1799 3550 1853 exhibere

1990 1888 2235 1941 humana:
2268 1888 2505 1941 visionis.
2549 1887 2605 1941 In
2662 1889 2803 1953 istis,
2847 1890 2963 1945 sine
2993 1890 3140 1944 omni
3184 1891 3552 1960 integumento

1992 1976 2205 2045 negavit
2235 1976 2426 2043 lilium,
2456 1978 2702 2033 eumdem
2731 1994 2858 2034 vero
2893 1989 3107 2034 constat
3135 1979 3283 2034 illum
3310 1980 3553 2058 introdu-

1990 2079 2114 2122 cere
2151 2068 2349 2121 nudum
2400 2078 2609 2123 tantum
2660 2069 2913 2134 Verbum,
2961 2070 3323 2126 faciendarum
3369 2088 3548 2127 rerum

1989 2158 2380 2214 mandatorium
2403 2179 2417 2215 :
2438 2161 2489 2215 id
2517 2162 2656 2230 quod
2686 2161 2854 2231 liquet
2879 2178 2946 2217 ex
2965 2164 3226 2233 adjectis:
3251 2182 3269 2214 ι
3293 2162 3462 2229 Quem
3480 2165 3548 2218 ad

1994 2267 2012 2300 ι
2038 2249 2178 2304 hunc
2212 2251 2424 2306 modum
2474 2267 2659 2307 omnes
2703 2252 2994 2322 Scripturae
3032 2255 3355 2325 praedicant:
3380 2254 3549 2309 David

1994 2362 2012 2393 ι
2033 2341 2296 2411 siquidem
2336 2343 2403 2396 de
2426 2343 2516 2398 illo
2546 2346 2716 2414 inquit
2742 2347 2810 2412 τ’,
2864 2344 3024 2400 Verbo
3057 2347 3297 2411 Domini,
3327 2348 3549 2400 stabiliti

1994 2455 2012 2487 ι
2036 2448 2157 2491 sunt
2191 2437 2305 2491 coeli
2324 2454 2342 2491 :
2365 2448 2419 2491 et
2457 2438 2714 2501 secundo,
2744 2436 2863 2507 Ipse
2890 2440 3082 2491 emittet
3116 2438 3340 2502 verbum,
3379 2448 3425 2492 et
3459 2453 3548 2492 sa-

1994 2546 2016 2578 ι
2039 2529 2181 2582 nubit
2218 2545 2304 2582 eos
2327 2529 2394 2584 ⁸⁸.
2421 2528 2674 2583 Salomon
2711 2540 2926 2583 autem:
2975 2528 3217 2595 Quaerant
3256 2546 3336 2583 me
3381 2529 3549 2598 impii,

1993 2638 2021 2669 (η
2036 2635 2125 2672 nec
2163 2619 2443 2673 invenient.
2481 2618 2614 2673 Odia
2639 2620 2827 2673 etenim
2862 2620 3152 2673 habuerunt
3197 2620 3550 2689 sapientiam:

1996 2728 2017 2759 ι
2051 2705 2270 2762 Verbum
2309 2725 2425 2764 vero
2458 2709 2671 2763 Domini
2705 2726 2807 2763 non
2832 2708 3094 2778 elegerunt
3125 2710 3195 2777 ⁸¹;
3239 2718 3292 2764 et
3327 2709 3493 2764 Isaias
3532 2727 3547 2763 :

1992 2818 2009 2850 ι
2037 2796 2178 2852 Nam
2207 2800 2271 2853 de
2299 2798 2427 2854 Sion
2454 2800 2744 2869 egredietur
2773 2799 2857 2853 lex
2875 2814 2894 2851 :
2924 2812 2970 2853 et
3008 2799 3227 2854 Verbum
3254 2800 3465 2854 Domini
3485 2801 3549 2854 de

1991 2908 2009 2941 ι
2031 2888 2324 2943 Jerusalem
2360 2891 2437 2957 “';
2461 2899 2514 2945 et
2538 2889 2800 2947 Jcremias
2826 2909 2839 2945 :
2862 2890 3144 2959 Pudefacti
3169 2900 3311 2955 sunt,
3351 2891 3545 2962 inquit,

1992 3000 2010 3031 ι
2035 2981 2312 3048 sapientes,
2336 2980 2516 3036 timore
2537 2984 2795 3048 concussi,
2827 2984 2965 3054 capti
3000 2994 3143 3046 sunt,
3169 2983 3289 3053 quia
3323 2981 3548 3036 Verbum

1985 3072 2200 3127 Domini
2230 3073 2529 3142 objecerint!
2574 3074 2643 3131 ⁸³.
2686 3075 2754 3129 Ει
2800 3075 3059 3145 propheta
3095 3074 3264 3131 Osee:
3305 3074 3546 3129 Oderunt

1985 3165 2039 3218 in
2073 3165 2239 3233 portis
2268 3165 2728 3234 reprehendentem
2758 3180 2776 3218 :
2815 3178 2862 3221 et
2904 3165 3126 3221 Verbum
3162 3176 3405 3221 sanctum
3450 3168 3544 3219 ab-

1985 3256 2201 3309 ominati
2253 3265 2378 3310 sunt
2414 3256 2482 3311 3‘.
2520 3257 2779 3312 Similiter
2818 3268 2870 3313 et
2904 3258 3157 3314 Miclueas
3214 3258 3543 3313 mentionem

1986 3348 2146 3404 Verbi
2176 3347 2404 3413 faciens,
2437 3349 2551 3404 ait:
2594 3348 2911 3421 Egredietur
2934 3350 3040 3416 lex,
3076 3361 3125 3405 et
3174 3350 3400 3405 Verbum
3430 3350 3543 3403 Do-

308 3468 328 3500 ‹
367 3448 520 3517 πρὸς
549 3448 657 3502 τὸν
694 3448 861 3513 Θεὸν,
884 3450 983 3503 καὶ
1037 3449 1179 3513 Θεὸς
1230 3443 1308 3518 ἦν
1340 3450 1372 3501 ό
1405 3447 1612 3516 Λόγος.
1654 3447 1728 3500 Οὐ
1781 3447 1879 3518 μιᾷ

1987 3441 2111 3494 mini
2139 3457 2215 3495 ea.
2234 3441 2530 3497 Jerusalem
2556 3444 2667 3497 ⁸⁵.»Δ
2691 3445 2793 3499 Tot
2822 3456 2876 3499 et
2909 3454 3059 3499 tanta
3088 3444 3176 3497 ubi
3205 3442 3546 3498 coacervavit

307 3559 329 3593 ι
373 3540 648 3612 μαρτυρίᾳ
680 3540 959 3611 χρώμενος
991 3540 1087 3611 τὴν
1129 3541 1402 3611 ἀῖδιότητα
1427 3539 1519 3593 τοῦ
1563 3540 1734 3607 Λόγου
1786 3556 1876 3609 ση-

307 3649 326 3682 ι
370 3629 570 3700 μαίνει.
614 3650 634 3682 ι
675 3631 783 3683 Καὶ
814 3632 1139 3703 προστίθησιν
1188 3631 1395 3694 τούτοις
1444 3631 1709 3699 ἐπιλέγων
1762 3629 1874 3703 (59)

298 3722 450 3791 ἑξῆς,
489 3742 508 3773 ι
550 3722 615 3775 ἵν’
641 3723 699 3775 ἐν
726 3723 822 3793 μὲν
849 3722 926 3793 τῷ
950 3726 1139 3793 φῆσαι,
1166 3724 1261 3775 Ἐν
1298 3722 1455 3792 ἀρχῇ
1478 3720 1556 3793 ἦν
1598 3725 1631 3776 ό
1662 3722 1871 3793 Λόγος,

304 3835 323 3865 ι
367 3813 538 3887 δείξῃ,
569 3814 792 3885 δυνάμει
816 3815 873 3867 ἐν
904 3812 981 3884 τῷ
1009 3815 1187 3883 Haupt
1215 3809 1351 3866 εῖναι
1384 3814 1473 3866 τὸν
1522 3814 1692 3881 Λόγον
1723 3828 1738 3843 ο
1785 3814 1873 3865 Ἐν

302 3922 323 3955 s
360 3904 502 3974 ἀρχῇ
535 3903 643 3975 γὰρ
674 3904 927 3959 ἁπάντων
952 3903 1060 3955 τῶν
1088 3903 1384 3971 γεγονότων
1406 3903 1599 3966 όΘεὸς,
1629 3901 1685 3969 ἐξ
1707 3896 1767 3957 οὗ
1804 3901 1873 3955 τὰ

302 4012 325 4045 e
361 3994 559 4048 πάντα’
593 3996 650 4047 ἐν
669 3994 725 4047 δὲ
755 3994 833 4065 τῷ
858 4011 871 4025 ·
910 3995 1047 4048 «Καὶ
1067 3997 1095 4048 ὁ
1116 3995 1286 4063 Λόγος
1310 3990 1378 4065 ἦν
1402 3994 1536 4065 πρὸς
1557 3994 1648 4047 τὸν
1680 3992 1863 4057 Θεὸν,,ι

302 4104 324 4138 e
356 4086 606 4157 ἐνεργείᾳ
631 4087 767 4157 πρὸς
784 4086 876 4139 τὸν
896 4086 1028 4139 Θεὸν
1061 4082 1199 4140 εἷναι
1219 4086 1310 4139 τὸν
1328 4086 1496 4154 Λόγον
1515 4102 1531 4118 ·
1563 4085 1737 4139 πάντα
1762 4086 1871 4157 γὰρ

300 4198 322 4231 ι
360 4179 427 4231 δι’
444 4177 610 4232 αὐτοῦ
639 4177 876 4246 ἐγένετο,
908 4178 999 4231 καὶ
1023 4178 1189 4249 χωρὶς
1216 4176 1378 4230 αὐτοῦ
1403 4176 1615 4246 ἐγένετο
1639 4177 1759 4230 οὐδὲ
1788 4177 1867 4231 ἓν.

301 4288 323 4321 e
370 4268 463 4323 Ἐν
492 4267 550 4321 δὲ
592 4266 669 4338 τῷ
704 4267 853 4319 Θεὸν
886 4263 1038 4320 εἶναι
1078 4265 1187 4319 τὸν
1244 4265 1437 4332 Λόγον
1465 4264 1762 4336 εἰρηκέναι,
1796 4263 1870 4334 μὴ

301 4378 320 4411 ι
363 4360 592 4432 διαιρεῖν
622 4359 719 4429 τὴν
744 4358 1013 4427 Θεότητα·
1042 4355 1229 4427 ἐπειδὴ
1251 4358 1279 4408 ὁ
1321 4355 1490 4422 Λόγος
1521 4354 1581 4407 τὸ
1606 4356 1664 4407 ἐν
1700 4353 1868 4425 αὐτῷ,

298 4470 320 4498 ε
356 4451 451 4505 καὶ
481 4444 636 4513 οὗτος
668 4451 729 4505 ἐν
783 4449 862 4520 τῷ
887 4450 1072 4519 Λόγῳο
1115 4450 1210 4501 Ἐν
1246 4446 1374 4515 ἐμοὶ
1420 4445 1547 4517 γὸιρ⁹
1608 4445 1791 4516 φησὶν,
1835 4448 1869 4499 ό

292 4542 521 4610 Πατὴρ,
543 4541 704 4611 κάγὼ
731 4542 797 4595 ἐν
823 4540 903 4607 τῷ
929 4541 1132 4608 Πατρί.
1170 4558 1196 4591 s-
1223 4540 1331 4591 Ka‘t
1360 4538 1439 4591 ἐτι
1468 4537 1674 4601 τούτοις
1703 4553 1871 4609 προσ-

290 4633 527 4705 τίθησιν,
589 4633 920 4705 ἀπογυμνῶν
981 4634 1073 4686 τὸν
1137 4633 1263 4686 ἴδιον
1319 4630 1463 4696 νοῦν,
1496 4631 1561 4684 δι’
1619 4623 1693 4684 ὧν
1723 4631 1870 4701 ,ἑξῆς

294 4726 492 4793 ἐπάγει
520 4725 709 4794 λέγων.
750 4744 768 4776 ι
792 4725 849 4778 Ὀ
874 4724 1051 4777 τοίνυν
1075 4724 1217 4795 ἱερὸς
1245 4721 1533 4786 ἁπόστολός
1552 4739 1611 4774 τε
1644 4723 1737 4776 καὶ
1766 4740 1868 4792 μα-

1983 3531 2051 3586 de
2077 3529 2255 3586 Verbo
2280 3535 2618 3590 mandatorio
2648 3535 2936 3590 Marcellus
2965 3535 3297 3599 testimonia,
3332 3532 3541 3602 ejusce—

1982 3623 2124 3677 modi
2153 3638 2364 3694 quoque
2390 3627 2584 3682 asserit
2612 3628 2886 3683 exstitisse
2913 3627 3216 3682 etVerbum
3243 3626 3368 3681 illud
3400 3623 3543 3695 quod

1974 3716 2114 3783 apud
2168 3717 2355 3781 Deum,
2414 3717 2555 3773 Deus
2586 3721 2837 3775 exstabat
2887 3722 2953 3774 ab
3012 3722 3189 3775 initio.
3224 3719 3313 3791 [Β.
3353 3717 3541 3780 XLVI,

1974 3806 2100 3860 coll.
2119 3821 2170 3875 p.
2190 3807 2309 3871 118,
2334 3809 2394 3873 ε,
2421 3809 2546 3874 144,
2574 3809 2948 3882 A.]Quocirca
2975 3812 3540 3880 subinfertinquieus:

1979 3916 1996 3948 ι
2023 3897 2408 3955 Sanctissimus
2422 3901 2693 3970 apostolus
2705 3913 2758 3958 et
2776 3905 3069 3973 discipulus
3084 3906 3291 3959 Domini
3309 3903 3544 3958 Joannes

1982 4013 1999 4044 ‹
2027 3992 2285 4047 exsertim
2314 3992 2511 4049 docens
2544 3995 2880 4063 apertissime
2909 3997 2960 4050 in
2983 3996 3245 4065 principio
3268 3997 3349 4050 sui
3371 3998 3541 4054 Evan-

1983 4102 1999 4132 ι
2026 4081 2149 4152 gelii
2179 4080 2431 4149 Verbum,
2458 4083 2603 4137 velut
2624 4086 2772 4152 prius
2792 4085 2931 4140 inter
2948 4086 3190 4139 homines
3210 4085 3537 4156 ignoratum,

1982 4196 2000 4227 ι
2028 4175 2121 4230 Dei
2168 4176 2551 4245 omnipotentis
2580 4177 2901 4231 nominatim
2932 4177 3232 4246 compellat,
3265 4178 3536 4247 inquiens.

1981 4274 2038 4330 ὥ
2079 4287 2097 4319 ι
2148 4268 2210 4322 1η
2236 4266 2489 4337 principio
2512 4276 2621 4320 erat
2656 4265 2905 4332 Verbum,
2930 4278 2975 4320 et
3004 4265 3229 4320 Verbum
3263 4277 3374 4321 erat
3400 4268 3540 4337 apud

1981 4377 1999 4410 ι
2029 4359 2211 4424 Deum,
2266 4370 2311 4413 et
2349 4358 2489 4411 Deus
2517 4368 2628 4411 erat
2670 4357 2802 4411 illud
2857 4358 3075 4412 Verbum
3111 4360 3179 4412 ⁸⁸.
3232 4358 3347 4412 Νοιι
3382 4363 3541 4415 unico

1982 4471 1999 4501 ι
2022 4461 2308 4506 contentus
2329 4451 2822 4514 testimonio,Verbi
2840 4451 3105 4520 significat
3123 4453 3499 4507 azternitatem.
3514 4472 3531 4503 ι

1972 4543 2079 4616 [Β.
2114 4559 2257 4599 XLVII
2289 4542 2411 4597 coll.
2439 4558 2493 4612 p.
2530 4543 2632 4597 118
2661 4540 2771 4615 1).]-
2799 4543 3002 4609 Quibus
3035 4544 3301 4598 subiul‘ert
3333 4546 3535 4606 statim,

1981 4655 1999 4688 ι
2030 4645 2088 4689 ιιι
2118 4636 2169 4689 in
2197 4650 2262 4690 eo
2303 4634 2443 4704 quod
2474 4634 2727 4701 aliirmat,
2764 4632 2830 4687 In
2864 4636 3123 4703 principio
3147 4645 3256 4689 erat
3289 4635 3535 4701 Verbum,

1980 4748 1998 4778 ι
2026 4728 2311 4782 ostendere
2350 4736 2551 4797 posset,
2587 4726 2827 4797 potentia
2858 4741 2977 4780 esse
3014 4726 3064 4780 in
3092 4725 3253 4780 Patre
3288 4742 3384 4781 suo
3402 4724 3537 4781 Ver-

300 4837 321 4871 ι
362 4819 531 4895 θητὴς
554 4818 647 4875 τοῦ
691 4819 895 4889 Κυρίου
931 4817 1199 4888 Ἰωάννης,
1251 4816 1349 4887 τῆς
1378 4814 1673 4884 ἀῖδιότητος
1705 4813 1866 4867 αὑτοῦ

1987 4839 1997 4871 ι
2026 4819 2169 4872 bum.
2202 4817 2330 4871 Erat
2351 4817 2491 4872 enim
2523 4819 2574 4871 in
2610 4818 2868 4887 principio
2900 4833 3075 4872 rerum
3100 4818 3337 4872 omnium
3376 4819 3536 4880 Deus,

299 4927 319 4958 ι
366 4908 737 4979 μνημονεύων⁶
763 4908 968 4979 ἀληθὴς
1020 4907 1262 4976 ἐγίγνετο
1311 4905 1402 4959 τοῦ
1437 4907 1608 4974 Λόγου
1640 4906 1867 4978 μάρτυς,

1973 4931 1991 4963 ι
2021 4912 2085 4966 de
2102 4926 2206 4979 quo
2234 4911 2436 4966 omnia.
2464 4911 2518 4966 In
2550 4925 2615 4965 eo
2639 4911 2781 4980 quod
2812 4912 2908 4975 ait,
2927 4909 2997 4971 Et
3030 4909 3245 4963 Verbum
3270 4911 3403 4963 illud
3425 4919 3537 4963 erat

298 5020 317 5053 ι
369 5001 465 5053 Ἐν
488 4999 646 5069 ἀρχῇ
701 4995 780 5070 ἦν
820 5003 853 5054 ό
900 5001 1108 5070 Λόγος,
1149 4998 1342 5067 λέγων,
1372 4997 1469 5050 καί
1519 5000 1552 5049 ό
1574 4998 1763 5067 Λόγος
1793 4992 1871 5065 ἦν

1987 5023 1991 5053 ι
2021 5004 2159 5072 apud
2189 5000 2377 5068 Deum,
2409 5000 2642 5055 Verbum
2692 5003 2964 5057 exstitisse
3005 5003 3160 5055 docet
3187 5002 3323 5067 apud
3368 5001 3533 5054 Deum

300 5110 318 5142 ι
362 5090 517 5158 πρὸς
537 5090 644 5145 τὸν
700 5092 867 5154 Θεὸν,
903 5089 1003 5144 καὶ
1041 5090 1184 5156 Θεὸς
1220 5084 1300 5158 ἦν
1349 5092 1382 5144 ὁ
1430 5090 1617 5157 Λόγος
1650 5104 1665 5119 ο
1722 5088 1870 5142 οὐδὲν

1987 5102 2162 5147 tactu.
2205 5091 2337 5146 Nam
2375 5107 2468 5162 per
2511 5092 2656 5148 illum
2707 5094 2886 5147 omnia
2936 5092 3165 5158 ﬁebant,
3194 5102 3247 5146 et
3277 5093 3393 5146 sine
3443 5091 3533 5146 illo

300 5203 317 5234 ι
365 5182 638 5252 γενέσεως
695 5182 929 5237 ἐνταῦθα
983 5181 1332 5254 μνημονεύων
1372 5180 1470 5234 τοῦ
1522 5180 1717 5246 Λόγου,
1755 5180 1868 5234 ἀλλ’

1977 5205 1993 5237 ι
2023 5184 2183 5239 liebat
2228 5184 2359 5238 nibil
2392 5185 2530 5252 quod
2572 5184 2769 5238 factum
2794 5178 2929 5248 fuit;
2972 5185 3023 5237 in
3060 5198 3122 5237 eo
3164 5184 3309 5253 quod
3336 5183 3533 5236 dicitur

306 5293 325 5325 ι
366 5272 692 5344 ἐπαλλήλοις
721 5275 866 5345 τρισὶ
917 5273 1239 5346 μαρτυρίαις
1291 5271 1591 5345 χρώμενος,
1617 5270 1865 5325 ἐϐεϐαίου

1987 5276 2193 5329 ιςῡειιιιι
2220 5290 2343 5329 esse
2382 5274 2511 5329 illud
2545 5274 2774 5329 Verbum
2796 5314 2812 5340 ,
2840 5275 3172 5327 divinitatem
3213 5290 3317 5328 non
3346 5274 3535 5328 dividit

297 5387 314 5418 ι
350 5369 408 5420 ὲν
437 5367 579 5437 ἀρχῇ
617 5365 902 5435 τὸνιΛόγον
931 5363 1088 5420 εἶναι.
1114 5387 1132 5417 ι
1166 5367 1274 5421 Καὶ
1308 5364 1628 5437 προστίθησι
1654 5362 1862 5427 τούτοις

1974 5383 1993 5410 ι
2028 5364 2168 5433 quod
2194 5364 2427 5419 Verbum
2459 5373 2621 5431 esset,
2657 5364 2708 5418 id
2731 5366 2870 5433 quod
2906 5365 2957 5418 in
2985 5364 3072 5417 illo
3096 5373 3247 5429 erat,
3278 5375 3327 5419 et
3360 5364 3450 5417 ille
3484 5365 3535 5417 in

291 5457 497 5525 λέγων·
542 5474 561 5508 ι
591 5456 702 5528 Τὴν
738 5457 835 5528 μὲν
884 5456 1023 5510 κατὰ
1055 5456 1232 5529 σάρκα
1280 5456 1603 5528 οἰκονομίαν
1634 5454 1713 5525 τῷ
1765 5455 1859 5508 ἀνρ-

2017 5456 2211 5512 Verbo.
2229 5456 2297 5512 In
2314 5474 2393 5512 me
2409 5459 2571 5521 enitn,
2596 5458 2788 5526 inquit,
2806 5456 2978 5523 Pater,
2998 5466 3045 5510 et
3062 5473 3152 5526 ego
3178 5458 3231 5509 in
3255 5457 3414 5512 Patre
3432 5457 3495 5513 "'.
3511 5474 3530 5508 ι

358 5628 418 5687 >3
449 5622 547 5694 Ed.
583 5622 787 5694 Paris.,
819 5637 939 5692 pag.
976 5623 1065 5694 57.

290 5707 412 5757 νιιι,
447 5693 502 5748 9.
575 5691 833 5747 “'Amos.
878 5691 933 5761 ν,
1015 5692 1101 5746 10.
1174 5691 1218 5723 ⁸⁸
1250 5691 1506 5757 Μὶρῑιοιν,
1534 5694 1589 5746 2.

1169 5623 1215 5653 "’
1240 5622 1380 5675 Psal.
1417 5637 1589 5682 xxx".
1613 5621 1666 5675 6.
1756 5620 1802 5652 ⁸ο
1823 5620 1970 5673 Ρεοι.
2004 5640 2110 5687 cvi,
2139 5623 2229 5676 20.
2316 5623 2357 5654 ⁶¹
2391 5623 2520 5687 Sap.
2549 5637 2668 5687 xm,
2699 5621 2827 5685 6,7.
2866 5626 2871 5630 '

1668 5691 1714 5723 ⁸⁸
1739 5690 1893 5745 Joan.
1938 5706 1975 5760 t,
2014 5696 2059 5749 ι.
2134 5695 2176 5726 ⁸⁷
2202 5692 2359 5747 Joan.
2396 5710 2449 5755 χ,
2479 5692 2565 5747 58.

2924 5620 2971 5653 ⁸⁸
2993 5618 3161 5686 ἰδαλί,
3186 5620 3239 5675 5.
3346 5621 3394 5655 ⁸³
3418 5617 3530 5677 .lcr.

2916 5888 2947 5904 κ

358 5948 471 6017 (59)
496 5949 664 6020 Vulgo
682 5948 878 6015 ούτωςς
917 5948 1055 6005 infra
1076 5948 1231 6017 vulgo
1259 5949 1324 6002 δι’
1353 5941 1425 6003 ὧν
1456 5949 1579 6020 ἑξῆς
1612 5950 1881 6017 ἐπαγγέλλ

1987 5947 2366 6017 ιέγωννὶερόρ
2397 5955 2449 6000 et
2485 5946 2784 6017 γεννήσεως
2819 5952 2873 5999 ει
2900 5941 3249 6011 ἐπαλλήλως.
