4008 6512
374 469 480 522 789

1478 470 1754 525 CONTRA
1794 468 2214 525 MARCELLUM
2260 468 2385 526 LIB.
2428 470 2488 524 11.

3495 464 3593 519 79η

379 604 398 634 ε
434 584 602 636 κοινά
657 583 827 634 ἐστιν
890 581 1083 644 εἰπεῖν,
1148 581 1332 638 Πάντα
1385 582 1484 635 ὅσα
1531 582 1643 651 ἔχει
1678 586 1707 636 6
1755 582 1942 653 Πατὴρ

2055 598 2069 630 ι
2114 581 2306 636 exinde
2331 582 2519 651 liquet,
2552 596 2613 635 ex
2646 596 2710 634 eo
2734 578 2875 649 quod
2906 576 3156 638 declinat,
3186 581 3241 629 et
3259 573 3597 643 deprecatur.

381 695 400 724 ι
440 673 549 744 ἐμά
589 674 733 724 ἐστιν
785 670 908 739 ἔφη.
943 671 1137 725 Καίτοι
1178 673 1279 725 οὐκ
1308 668 1376 744 ἦν
1422 673 1549 726 ῐδιον
1577 672 1668 726 τοῦ
1718 690 1943 743 συμφω-

381 784 400 811 «
433 760 649 823 νοῦντος
694 759 835 813 οὕτω
872 760 1070 827 λέγειν,
1107 761 1261 827 ἀλλά,
1299 780 1319 812 ι
1357 761 1559 814 Πάντα
1591 762 1707 816 ὅσα
1741 762 1866 829 ἔχει
1911 764 1943 814 ὀ

380 871 399 900 ι
439 848 658 917 Πατὴρ,
692 847 863 902 κοινά
882 847 1068 905 ἐστιν.
1092 870 1110 903 ι
1139 851 1203 903 El
1228 850 1336 922 γὰρ
1382 854 1437 905 αί
1469 850 1576 903 τῶν
1615 852 1944 907 Ἀποστόλων

382 963 401 992 ι
442 942 697 1014 Πράξεις,
723 942 822 1011 τὴν
847 943 954 996 τῶν
989 942 1287 1013 τηνικαῦτα
1314 944 1644 1013 προσιόντων
1669 947 1732 1013 τῇ
1768 945 1944 997 πίστει

382 1051 400 1081 ι
444 1031 760 1101 συμφωνίαν
782 1028 1121 1095 ὲπαινοῦσάι,
1159 1048 1178 1081 ι
1216 1031 1418 1084 Πάντα
1447 1027 1525 1100 ἦν
1550 1031 1753 1096 αὐτοῖς
1776 1031 1948 1084 κοινὰ

383 1142 403 1172 ‹
444 1122 671 1193 ἔφασαν,
708 1124 801 1175 καὶ
831 1122 1256 1190 ἐπ’ἀνθρώπων,
1292 1123 1396 1175 τῶν
1427 1124 1734 1192 συμφωνεῖν
1791 1120 1947 1173 δυνα-

381 1235 402 1267 ι
447 1213 644 1285 μένων,
692 1215 847 1269 κοινά
901 1211 1039 1269 εἶναι
1087 1216 1261 1269 πάντα
1312 1214 1550 1286 νομίζειν
1607 1214 1944 1281 ὀφειλόντων,

384 1327 405 1358 ι
448 1306 559 1378 με)
613 1307 763 1378 πόσῳ
797 1307 992 1378 μᾶλλον
1020 1306 1124 1360 ἔδει
1156 1306 1246 1359 τὸν
1279 1305 1497 1376 Πατέρα
1527 1304 1619 1358 καὶ
1671 1304 1760 1356 τὸν
1823 1302 1947 1355 Υίδν

382 1413 405 1444 ι
444 1394 728 1457 κοινωνίας
759 1394 1025 1465 μετέχειν,
1061 1396 1139 1456 είς
1184 1392 1277 1445 δύο
1309 1392 1631 1455 ὑποστάσεις
1686 1388 1951 1463 διῃρημέ-

384 1502 406 1536 ι
444 1502 600 1551 νους;
628 1486 765 1538 Νυνὶ
784 1485 841 1537 δὲ
866 1487 926 1537 ὲν
954 1484 1053 1555 μὲν
1086 1483 1164 1555 τῷ
1188 1483 1385 1552 λέγειν,
1414 1482 1615 1536 Πάντα
1676 1482 1793 1536 ὅσα
1824 1481 1949 1549 ἔχει

385 1596 405 1627 ι
444 1579 478 1630 ὁ
507 1576 726 1645 Πατὴρ,
758 1574 871 1645 ἐμά
883 1576 1036 1639 ἐστι,
1063 1574 1396 1629 πλεονεκτῶν
1419 1575 1447 1626 6
1471 1573 1596 1637 Υἱὸς
1621 1572 1710 1626 τὸν
1735 1572 1950 1644 Πατέρα

384 1688 405 1715 e
447 1667 723 1735 φαίνεται·
757 1668 815 1721 ὲν
844 1665 993 1736 δὲτῷ
1026 1666 1273 1735 φάσκειν,
1306 1665 1439 1736 μηδὲ
1486 1663 1582 1718 τοῦ
1618 1664 1806 1719 ἑαυτοῦ
1850 1664 1952 1717 A6-

385 1778 406 1809 c
438 1774 538 1825 γου
591 1757 794 1829 Κύριον
850 1754 1015 1826 εἶναι,
1044 1758 1181 1812 ἀλλά
1223 1759 1317 1811 καὶ
1348 1758 1541 1811 τούτου
1577 1758 1667 1810 τὸν
1711 1756 1948 1826 Πατέρα,

384 1869 406 1901 ι
449 1852 536 1921 ('0
574 1851 682 1921 γὰρ
712 1852 900 1922 Λόγος
933 1852 1005 1905 ὃν
1051 1853 1315 1913 ἀκούετε,
1370 1852 1570 1921 φησὶν,
1612 1853 1723 1905 οὐκ
1785 1850 1953 1903 ἔστιν

2049 693 2066 723 ι
2115 674 2291 741 Atque
2321 674 2423 726 alia
2451 674 2586 737 vice,
2622 670 2743 725 Non
2766 686 2965 741 quwro,
3000 667 3197 736 inquit,
3222 680 3388 719 meam
3418 664 3598 717 volun-

2050 783 2067 814 ι
2116 774 2293 828 tatem,
2330 764 2421 819 sed
2483 757 2794 815 voluntatem
2852 758 3031 812 Patris
3087 757 3175 827 qui
3226 755 3367 809 misit
3420 770 3500 807 me
3527 753 3597 808 ".

2053 871 2071 903 ι
2114 853 2395 920 Quomodo
2454 852 2613 922 igitur
2668 860 2887 918 propter
2932 848 3075 902 illam
3142 846 3340 914 ubique
3393 852 3442 898 et
3505 857 3602 913 per

2051 962 2070 995 ι
2116 944 2295 997 omnia
2333 940 2780 1002 consonantiam,
2832 938 3174 993 Servatorem
3206 935 3433 989 amrmat
3470 948 3600 1003 pro-

2051 1055 2069 1086 ι
2126 1035 2421 1096 nuntiasse,
2458 1033 2569 1103 Ego
2601 1041 2653 1085 et
2683 1031 2841 1085 Pater
2868 1045 3019 1083 meus
3052 1044 3214 1081 unum
3247 1027 3469 1082 sumus?
3491 1044 3508 1076 ι
3540 1024 3603 1079 Et

2047 1126 2233 1196 paucis
2270 1124 2564 1192 interiectis
2596 1123 2671 1177 ait
2712 1141 2723 1176 :
2779 1121 2869 1194 [Β.
2900 1117 3061 1191 LXV]
3098 1137 3116 1171 ι
3154 1117 3430 1185 Quomodo
3476 1131 3601 1185 erga

2055 1236 2073 1268 ι
2122 1217 2313 1270 Filium
2347 1215 2754 1270 consonantiam
2802 1210 2996 1267 habere
3045 1211 3203 1265 Pater
3255 1207 3471 1277 poterit,
3519 1208 3603 1262 vel

2054 1328 2075 1360 ι
2123 1307 2289 1362 Filius
2318 1322 2444 1375 erga
2483 1305 2720 1368 Patrem,
2768 1319 2892 1359 cum
2942 1301 3138 1357 dixerit
3178 1300 3369 1365 Filius,
3412 1299 3605 1353 Omnia

2057 1419 2075 1451 ι
2122 1400 2216 1452 illa
2254 1415 2371 1469 qua:
2405 1397 2567 1451 Pater
2603 1396 2776 1459 habet,
2800 1411 2912 1448 mea
2944 1392 3104 1447 sunt?
3131 1392 3223 1446 Est
3248 1392 3390 1445 enim
3414 1388 3602 1450 Filius,

2055 1513 2072 1545 ι
2120 1492 2207 1561 qui
2237 1492 2339 1546 hoc
2365 1491 2522 1544 modo
2570 1488 2830 1558 loquitur,
2875 1485 3234 1539 abundantior
3277 1497 3375 1537 suo
3421 1480 3603 1535 Patre.

2058 1605 2075 1636 ι
2123 1583 2315 1639 Omnia
2350 1585 2467 1652 qua:
2507 1580 2669 1633 Pater
2692 1580 2864 1643 habet,
2905 1593 3020 1630 mea
3053 1585 3195 1636 sunt,
3236 1572 3431 1644 inquit,
3488 1572 3608 1626 ideo

2057 1696 2075 1729 ι
2123 1691 2227 1731 ηοη
2255 1676 2456 1737 autem,
2495 1671 2686 1728 Omnia
2718 1685 2834 1740 qua:
2878 1668 3037 1722 Pater
3068 1666 3263 1731 habet,
3301 1662 3606 1719 communia

2057 1789 2075 1820 ι
2123 1777 2284 1832 sunt;
2313 1781 2435 1819 cum
2468 1763 2751 1819 dicendum
2778 1762 2851 1815 ita
2882 1768 3026 1815 esset
3061 1758 3158 1823 illi,
3188 1760 3278 1828 qui
3308 1772 3404 1826 per
3426 1754 3605 1811 omnia

2057 1880 2073 1912 ι
2118 1860 2339 1914 haberet
2364 1872 2485 1912 cum
2511 1871 2609 1911 suo
2644 1855 2804 1910 Patre
2864 1850 3268 1909 consonantiam
3298 1866 3313 1904 :
3346 1846 3609 1917 siquidem

385 1962 405 1992 ι
446 1942 606 2011 ἐμὸς,
639 1943 800 1996 ἀλλὰ
830 1942 937 1996 τοῦ
985 1943 1332 2012 πέμψαντός
1362 1959 1438 2011 με
1489 1941 1742 2009 Πατρός)
1793 1940 1951 2008 ἀφαι-

2058 1972 2076 2003 ι
2126 1952 2177 2005 in
2208 1950 2431 2005 Actibus
2459 1946 2798 2018 apostolicis,
2851 1944 2939 1999 ubi
2969 1958 3153 1998 eorum
3187 1940 3277 2011 qui
3329 1940 3396 1994 ad
3449 1938 3609 1993 ﬁdem

384 2050 407 2083 ι
451 2032 662 2103 ρεῑσθαι
688 2032 777 2084 τὸν
808 2031 1027 2103 Πατέρα
1054 2032 1123 2085 τά
1152 2032 1257 2084 ἴδια
1290 2029 1382 2084 τοῦ
1418 2030 1601 2094 παιδὸς
1660 2030 1948 2083 δείκνυσιν.

388 2144 407 2171 ι
467 2124 734 2193 Ἑκάτερα
754 2123 811 2176 δὲ
848 2122 991 2177 κατὰ
1027 2122 1125 2194 τὴν
1162 2122 1436 2193 ’Δστερίου
1464 2122 1636 2193 οἷησιν
1683 2122 1783 2174 οὐκ
1824 2122 1951 2173 ἀκο-

386 2230 408 2265 ι
442 2212 645 2277 λούθως
676 2213 939 2285 εἰρημένα
964 2213 1230 2281 φαίνεται.
1271 2212 1417 2266 Ἔδει
1449 2211 1557 2283 γάρ
1610 2212 1700 2265 τὸν
1734 2228 1954 2281 συμφω-

388 2322 409 2356 ι
446 2303 639 2358 νοῦντα
672 2306 745 2375 μὴ
776 2304 843 2356 τά
894 2304 1066 2375 ἑτέρῳ
1098 2303 1367 2375 προσόντα
1427 2302 1816 2373 παρασπᾶσθαι
1873 2302 1952 2356 δί-

389 2414 409 2446 ι
452 2410 604 2457 καια,
634 2394 1014 2448 πλεονεκτικὸν
1046 2394 1154 2466 γὰρ
1175 2393 1332 2447 τοῦτό
1360 2411 1445 2463 γε,
1477 2393 1614 2447 ἀλλά
1644 2393 1712 2447 τὰ
1762 2394 1952 2447 έκατέ-

387 2504 407 2538 ι
452 2503 530 2558 ρῳ
551 2486 819 2556 προσόντα
841 2486 992 2539 κοινά
1020 2483 1156 2539 εἶναι
1189 2487 1447 2557 νομίζειν.
1480 2487 1663 2549 Ὥστε,
1698 2487 1823 2540 ὃταν
1854 2486 1953 2556 μὲν

388 2597 406 2630 ι
444 2580 526 2642 είς
578 2579 677 2651 τὴν
740 2579 1087 2650 ἀνθρωπίνην
1134 2578 1530 2649 ἀποϐλέπωμεν
1589 2578 1768 2650 σάρκα
1792 2619 1808 2645 ,
1854 2580 1953 2647 οὐχ

387 2688 406 2721 ι
448 2670 637 2742 ὥσπερ
672 2672 946 2742 Ἀστέριος
977 2671 1272 2742 γέγραφεν,
1302 2670 1475 2735 οὕτως
1528 2672 1832 2742 εὑρήσομεν
1877 2673 1953 2724 εί·-

388 2784 408 2816 σ
439 2765 643 2836 ρηκότα
670 2765 763 2819 τὸν
798 2765 1026 2834 Σωτῆρα
1046 2780 1060 2795 ο
1117 2764 1257 2834 Ἐγὼ
1301 2765 1397 2818 καί
1428 2766 1461 2817 ό
1520 2763 1722 2832 [latim
1754 2763 1825 2817 ἐν
1848 2762 1952 2817 ἐσ-

387 2877 405 2908 ι
429 2874 546 2925 μεν
580 2875 594 2889 ·
639 2857 687 2910 εί
732 2858 842 2929 γάρ
884 2857 1031 2909 τοῦτ’
1063 2852 1152 2927 ἦν.
1189 2856 1405 2919 πάντως
1423 2856 1489 2910 ἂν
1515 2856 1616 2927 ἔφη
1637 2873 1650 2887 ’
1692 2855 1832 2925 Ἐγὼ
1857 2859 1951 2911 καὶ

388 2964 409 2998 ι
442 2948 474 2999 6
505 2946 692 3019 Πατὴρ
746 2950 803 3000 ὲν
848 2947 1019 3001 ἀπασι
1077 2947 1213 3018 πρὸς
1240 2947 1497 3017 ἀλλήλους
1533 2947 1947 3017 συμφωνοῦμεν.

388 3057 407 3090 ι
448 3039 585 3093 Νυνὶ
609 3039 689 3104 δὲ,
726 3038 867 3109 Ἐγὼ
898 3040 993 3093 καί
1047 3042 1079 3093 ὀ
1109 3038 1309 3108 Πατὴρ
1333 3040 1402 3093 ἓν
1440 3040 1648 3108 ἐσμεν,
1697 3038 1822 3108 ἔφη.
1874 3039 1949 3092 Οὐ

388 3150 407 3183 ι
450 3132 562 3203 γάρ
582 3132 669 3187 διά
697 3132 795 3204 τὴν
822 3136 879 3186 ὲν
903 3120 1103 3187 ἀπασιν
1128 3133 1302 3201 λόγοις
1329 3150 1389 3185 τε
1449 3134 1544 3187 καί¹
1575 3132 1753 3204 ἔργοις
1795 3133 1951 3204 ἀκρι-

388 3246 407 3275 ‹
450 3225 518 3297 ὗῆ
546 3226 885 3296 συμφωνίαν,
922 3225 998 3289 ὠς
1025 3226 1185 3289 αὐτὸς
1208 3225 1501 3297 γέγραφεν,
1531 3227 1559 3279 ό
1587 3226 1779 3297 Σωτὴρ
1806 3225 1951 3297 εἴρη-

2058 2062 2076 2095 ‹
2121 2050 2247 2097 tunc
2273 2041 2636 2105 accedebant,
2676 2039 2926 2093 laudatur
2972 2032 3361 2097 consonantia,
3418 2028 3609 2086 Omnia

2059 2158 2077 2190 ι
2127 2136 2296 2191 fuisse
2321 2136 2451 2205 ipsis
2476 2132 2813 2196 communia,
2842 2130 3041 2184 dicitur
3065 2127 3113 2159 "
3146 2143 3161 2180 :
3193 2134 3249 2180 et
3280 2123 3461 2179 omnia
3488 2129 3614 2175 sunt

2058 2248 2075 2279 ι
2122 2226 2427 2282 communia
2477 2223 2832 2280 existimanda
2877 2221 3015 2275 inter
3042 2233 3135 2274 eos
3182 2216 3274 2287 qui
3310 2228 3610 2270 consonan-

2059 2339 2081 2371 ι
2126 2319 2253 2373 tiam
2292 2319 2433 2372 inter
2468 2317 2717 2371 homines
2752 2312 3147 2383 amplectuntur
3179 2316 3416 2378 :quanto
3446 2303 3615 2371 magis

2058 2428 2077 2460 ι
2123 2424 2220 2479 par
2266 2408 2396 2477 iuit,
2452 2410 2667 2463 Patrem
2730 2416 2892 2475 atque
2941 2404 3132 2459 Filium
3178 2398 3611 2457 communionem

2058 2524 2077 2557 ι
2119 2504 2395 2573 amplecti,
2446 2504 2534 2572 qui
2568 2503 2619 2556 in
2649 2502 2789 2556 duas
2820 2502 3137 2571 hypostases
3190 2487 3612 2548 dividebantur?

2056 2615 2074 2647 ι
2126 2606 2176 2649 at
2214 2610 2353 2649 nunc
2388 2592 2560 2648 Filius
2602 2606 2760 2660 quam
2809 2589 2972 2643 Pater
3016 2588 3133 2658 plus
3162 2586 3361 2639 habere
3384 2582 3612 2643 videtur,

2058 2709 2075 2739 ι
2124 2703 2244 2743 cum
2275 2687 2526 2750 afﬁrmet,
2580 2683 2773 2739 Omnia
2806 2699 2923 2751 qui:
2952 2680 3115 2733 Pater
3149 2679 3299 2731 habet
3331 2691 3442 2729 mea
3471 2682 3611 2727 sunt.

2056 2802 2074 2833 ι
2124 2781 2177 2834 lu
2210 2795 2276 2834 eo
2313 2788 2490 2833 autem
2522 2777 2662 2845 quod
2717 2775 2885 2836 dicit,
2930 2773 3163 2827 Verbum
3212 2784 3316 2823 non
3372 2781 3490 2821 esse
3531 2765 3613 2819 sui

2057 2894 2074 2925 ι
2125 2873 2432 2935 Dominum,
2472 2871 2564 2924 sed
2598 2868 2765 2937 ipsius
2794 2865 3033 2927 Patrem,
3067 2864 3268 2931 (sermo
3298 2859 3430 2913 enim
3466 2872 3615 2925 quem

2056 2985 2073 3013 ε
2120 2965 2340 3029 auditis,
2371 2962 2563 3032 inquit,
2600 2978 2703 3014 non
2731 2968 2805 3014 est
2837 2974 3001 3020 meus,
3031 2954 3119 3008 sed
3160 2953 3331 3007 Patris
3361 2952 3449 3021 qui
3475 2950 3619 3002 misi:

2056 3076 2074 3107 ι
2120 3073 2200 3110 me
2227 3056 2283 3126 :)
2313 3055 2619 3111 ostenditur
2645 3052 2856 3106 Patrem
2883 3067 2909 3102 a
2946 3048 3083 3103 Filio
3106 3044 3318 3101 auferre
3341 3044 3504 3098 etiam
3531 3041 3617 3126 illa

2024 3161 2075 3199 Α
2121 3157 2242 3211 quae
2265 3122 2487 3211 propria
2523 3150 2667 3197 sunt.
2728 3139 2985 3193 Neutrum
3028 3139 3288 3198 istorum,
3320 3148 3384 3187 ex
3422 3122 3617 3187 Asterii

2060 3252 2078 3285 ι
2125 3233 2417 3298 sententia,
2475 3241 2620 3286 recte
2666 3231 2882 3285 dicitur.
2952 3228 3057 3282 Par
3102 3235 3157 3282 et
3212 3238 3422 3296 aequum
3473 3224 3617 3278 enim

389 3335 408 3367 ι
452 3335 568 3381 κεν,
600 3316 711 3385 ἐγὼ
740 3317 833 3370 καὶ
875 3319 903 3371 6
948 3318 1137 3389 Πατὴρ
1177 3318 1234 3372 ἓν
1272 3320 1458 3388 ἐσμεν.
1539 3317 1745 3371 Οὐκοῦν
1790 3319 1840 3370 εί
1894 3319 1951 3370 ὲν

2063 3346 2079 3376 ο
2129 3326 2304 3379 fuerat
2344 3332 2730 3377 consonantem
2766 3322 2999 3390 aliquem
3024 3358 3040 3384 ,
3084 3318 3227 3373 nullo
3263 3318 3421 3372 modo
3448 3317 3513 3369 ad
3561 3329 3619 3369 se

390 3427 410 3459 ι
453 3408 679 3472 ἐκείνοις
704 3410 1028 3479 ἀσυμφωνία
1058 3428 1138 3473 τις
1163 3405 1253 3481 ἦν,
1288 3411 1497 3479 ἀνάγκη
1539 3409 1594 3463 δὲ
1622 3410 1713 3464 τὸν
1761 3409 1956 3463 δεσπό-

390 3520 412 3552 ι
457 3518 559 3572 την
583 3503 886 3573 ἀληθεύειν,
930 3503 1021 3556 τὸν
1050 3503 1277 3574 Σωτῆρα
1304 3501 1545 3573 ἀκριδῶς
1566 3501 1761 3555 εἰδέναι
1787 3518 1955 3573 προσ-

395 3610 413 3643 ι
450 3593 596 3661 ήκει,
629 3592 729 3657 ὃτι,
779 3592 939 3662 ἡνίκα
966 3592 1032 3647 ἂν
1072 3592 1212 3661 Ἐγὼ
1238 3592 1334 3646 καί
1366 3596 1399 3647 ό
1435 3592 1633 3659 Πατὴρ
1662 3592 1954 3661 ἕνέσμεν,

394 3703 414 3735 ι
454 3683 607 3757 λέγῃ,
642 3684 942 3755 τηνικαῦτα
974 3685 1075 3737 οὐκ
1108 3686 1186 3743 είς
1209 3684 1300 3737 τὸν
1326 3684 1606 3752 ἄνθρωπον
1644 3684 1701 3735 ὃν
1748 3683 1960 3755 ἀνείλη-

393 3795 415 3828 ι
457 3793 555 3845 φεν
608 3776 934 3829 ἀποϐλέπων
984 3775 1145 3828 τοῦτό
1172 3793 1357 3847 φησιν,
1388 3775 1501 3828 ἀλλ’
1528 3779 1608 3839 είς
1631 3776 1722 3828 τὸν
1756 3776 1819 3828 ὲκ
1866 3776 1958 3828 τοῦ

2063 3436 2080 3467 ι
2128 3416 2364 3482 trahere,
2404 3430 2525 3483 quae
2549 3415 2613 3469 de
2641 3414 2761 3483 jure
2792 3413 2951 3467 alteri
2996 3410 3393 3480 competebant,
3442 3406 3618 3461 avari-

2062 3530 2081 3563 ι
2134 3510 2259 3563 tiam
2292 3509 2491 3579 quippe
2529 3508 2627 3561 hoc
2650 3506 2889 3569 denotat,
2924 3504 3014 3560 sed
3052 3517 3168 3572 quae
3199 3501 3390 3556 utrivis
3425 3514 3617 3569 suppe-

2064 3621 2080 3653 ι
2131 3601 2333 3664 tebant,
2364 3599 2451 3653 illa
2478 3613 2596 3653 esse
2610 3597 2917 3653 communia
2942 3595 3214 3650 arbitrari.
3242 3594 3389 3649 Adeo
3418 3600 3475 3646 ut
3498 3606 3619 3647 cum

2065 3711 2083 3743 ι
2132 3693 2417 3745 humanam
2450 3704 2665 3745 carnem
2692 3690 3016 3751 intueamur,
3046 3702 3151 3741 non
3175 3683 3619 3755 quemadmodum

2067 3800 2084 3831 ι
2133 3782 2374 3836 Asterius
2408 3782 2646 3851 scripsit,
2690 3779 2966 3833 Dominum
2990 3778 3224 3832 locutum
3264 3775 3621 3836 inveniamus,

396 3886 415 3918 ι
460 3856 669 3940 Πατρὸς
693 3868 1022 3939 προελθόντα
1050 3867 1240 3934 Λόγον.
1275 3868 1336 3919 Ei
1369 3868 1475 3936 γάρ
1506 3885 1591 3930 τις
1640 3868 1951 3938 ἀσυμφωνία

2069 3891 2087 3922 ι
2139 3872 2247 3941 Ego
2270 3880 2321 3925 et
2350 3870 2514 3924 Pater
2544 3887 2687 3924 meus
2727 3887 2883 3923 unum
2907 3885 3084 3921 sumus
3109 3884 3129 3931 ;
3155 3868 3199 3923 si
3225 3867 3370 3923 enim
3397 3866 3447 3920 id
3474 3867 3621 3920 vole-

398 3979 416 4010 ι
462 3955 599 4012 εἶναι
626 3959 830 4030 δοκοίη,
858 3958 994 4031 αὕτη
1031 3959 1397 4030 ἀναφέρεσθαι
1430 3960 1509 4022 είς
1556 3958 1652 4030 τὴν
1697 3959 1797 4029 τῆς
1840 3975 1951 4026 σαρ

2069 3984 2085 4014 ι
2134 3964 2245 4029 bat,
2279 3963 2502 4017 omnino
2526 3963 2754 4025 diceret,
2802 3962 2911 4032 Ego
2955 3970 3009 4015 et
3055 3960 3217 4015 Pater
3264 3959 3319 4012 in
3375 3958 3624 4012 omnibus

400 4069 416 4098 ι
462 4048 554 4113 κὸς
580 4050 863 4103 ἀσθένειαν
895 4050 1117 4119 ὀφείλει,
1150 4052 1214 4122 ἣν
1240 4051 1313 4123 μὴ
1345 4050 1604 4122 πρότερον
1659 4049 1795 4121 ἔχων
1826 4049 1951 4102 ἀνεί-

2068 4077 2085 4107 ι
2139 4058 2282 4110 inter
2315 4070 2411 4110 nos
2459 4054 2832 4123 conspiramus
2862 4070 2875 4107 :
2908 4063 2962 4107 at
3010 4068 3150 4107 nunc
3192 4051 3363 4117 dixit,
3415 4049 3526 4119 Ego
3573 4059 3622 4101 et

400 4159 422 4191 ι
460 4141 626 4211 ληφεν
658 4142 687 4194 6
720 4142 989 4211 Λόγος.Εί
1009 4142 1063 4194 δὲ
1093 4142 1281 4212 ἑνότης
1311 4142 1519 4210 λέγοιτο
1541 4141 1703 4213 αὕτη,
1736 4141 1817 4211 τῷ
1864 4141 1951 4195 Λό-

2071 4168 2086 4197 ι
2143 4146 2304 4200 Pater
2346 4163 2507 4200 unum
2552 4162 2747 4199 sumus.
2802 4145 2966 4213 Igitur
3012 4144 3058 4199 si
3123 4142 3300 4210 aliqua
3342 4143 3482 4194 inter
3533 4155 3625 4194 eos

401 4255 417 4284 ι
453 4250 533 4303 γῳ
572 4234 901 4306 διαφέρουσα
926 4235 1193 4303 φαίνεται.
1225 4234 1386 4287 Ὅθεν
1406 4236 1466 4287 οὐ
1504 4235 1664 4303 μόνον
1698 4234 1780 4296 τὸ,
1822 4232 1951 4302 Ἑγὰ

2071 4260 2087 4290 ι
2136 4240 2429 4295 exstitisset
2469 4238 2915 4299 inconsouantia,
2968 4244 3023 4290 et
3071 4233 3186 4290 ﬁeri
3253 4241 3510 4303 nequeat,
3567 4243 3627 4285 ut

399 4345 419 4376 ι
457 4324 555 4377 καί
582 4328 616 4378 ό
642 4326 843 4394 Πατὴρ
880 4326 949 4379 ἓν
966 4326 1171 4394 ἐσμεν,
1210 4326 1435 4388 εἰκότως
1459 4325 1585 4396 ἔφη,
1612 4325 1747 4379 ἀλλά
1781 4326 1951 4377 κάκεῖ⁴

2073 4352 2090 4383 ι
2141 4333 2397 4386 Dominus
2442 4331 2784 4395 mentiretur,
2816 4340 2965 4383 certe
2992 4336 3075 4382 est
3105 4340 3325 4382 necesse
3356 4324 3625 4394 intelliga-

402 4434 420 4467 ι
465 4433 544 4478 νο,
578 4417 847 4483 Τοσούτῳ
866 4419 1060 4486 χρόνῳ
1074 4417 1201 4486 μεθ’
1221 4416 1387 4486 ὑμῶν
1409 4420 1545 4485 ειμι,
1569 4419 1845 4478 Φίλιππε,
1871 4434 1951 4469 κα.

2074 4442 2091 4473 ι
2145 4438 2263 4478 mus
2291 4423 2655 4483 Servatorem,
2709 4436 2830 4474 cum
2879 4421 3099 4487 diceret,
3142 4425 3200 4482 ἦ(
3242 4418 3353 4488 Ego
3380 4428 3428 4472 et
3470 4414 3629 4470 Pam

401 4525 420 4556 ι
463 4506 676 4575 λέγεις,
693 4507 901 4572 Δεῒξόν
917 4526 1019 4576 μοι
1048 4509 1154 4561 τὸν
1175 4508 1422 4576 Πατέρα.
1448 4508 1637 4578 Δῆλον,
1660 4511 1741 4562 ὅτι
1763 4510 1824 4562 οὐ
1849 4505 1951 4561 τού-

2074 4534 2091 4566 ι
2140 4532 2298 4569 unum
2327 4531 2529 4577 sumus,
2558 4514 2660 4569 hoc
2691 4529 2797 4568 non
2821 4513 3019 4567 dixisse
3045 4527 3113 4565 ex
3156 4510 3346 4565 intuitu
3370 4508 3624 4570 hominis,

403 4616 423 4647 ι
455 4614 569 4661 τοις
599 4601 710 4662 τοῖς
738 4598 1062 4669 ὀφθαλμοῖς,
1095 4599 1227 4653 ἀλλά
1269 4602 1380 4662 τοῖς
1418 4603 1628 4670 νοητοῖς
1679 4599 1749 4653 τὰ
1803 4605 1951 4671 νοητό

2079 4624 2098 4657 ι
2144 4622 2302 4674 quem
2330 4605 2653 4674 assumpsit.
2690 4605 2781 4659 sed
2811 4603 2970 4659 Verbi
3014 4618 3044 4658 e
3090 4602 3249 4657 Patre
3293 4600 3622 4671 prodeuntis.

404 4713 423 4743 ι
462 4695 593 4764 ὀρᾷν
618 4694 951 4766 δυναμένοις.
993 4696 1245 4765 Ἀὀρατος
1305 4694 1412 4765 γὰρ
1464 4696 1575 4757 τοῖς
1621 4695 1721 4765 τῆς
1768 4697 1951 4769 σαρκὸς

2079 4719 2095 4749 ι
2145 4699 2278 4752 Nam
2305 4698 2349 4752 si
2383 4698 2558 4767 aliqua
2605 4696 2929 4766 deprehendi
2978 4694 3384 4749 inconsonantia
3426 4700 3625 4762 posset,

405 4803 423 4834 ι
462 4784 701 4853 ὄμμασιν
728 4786 756 4838 ὅ
776 4803 835 4838 τε
865 4787 1054 4858 Πατὴρ
1083 4788 1334 4859 ὑπάρχει,
1369 4788 1461 4840 καὶ
1484 4792 1512 4841 6
1555 4788 1745 4840 τούτου
1774 4788 1951 4856 Λόγος,

2078 4811 2097 4843 ι
2148 4791 2304 4844 debet
2339 4790 2425 4844 illa
2460 4789 2648 4843 referri
2677 4789 2892 4859 quidem
2917 4788 2982 4842 ad
3027 4788 3209 4843 carnis
3234 4787 3626 4849 inﬁrmitatem,

405 4895 422 4923 ι
458 4876 532 4928 Οὐ
556 4874 645 4928 διὰ
674 4875 771 4946 τὴν
799 4878 857 4930 έν
892 4878 1100 4931 ἀπασιν
1144 4874 1235 4931 οὖν
1286 4877 1601 4948 συμφωνίαν
1660 4878 1803 4932 τοῦτ’
1861 4878 1951 4947 ἔφτ

2079 4899 2097 4930 ι
2143 4894 2302 4946 quam
2340 4894 2460 4933 cum
2497 4878 2644 4947 prius
2675 4892 2778 4931 non
2807 4877 3071 4942 haberet,
3106 4876 3343 4943 suscepit
3370 4872 3626 4927 Verbum.

406 4986 424 5016 σ
460 4966 594 5036 πρὸς
624 4966 906 5020 Φίλιππον.
948 4987 967 5019 ι
1001 4968 1247 5022 Τοσαῦτα
1296 4968 1484 5031 εἰπὼν,
1517 4969 1868 5022 έπαναλαὸὼν
1908 4969 1951 5032 ἐξ

2078 4991 2096 5022 ι
2143 4970 2295 5038 Quod
2339 4972 2383 5025 si
2430 4972 2608 5025 unitas
2664 4971 2778 5025 haec
2810 4970 3039 5034 dicatur,
3104 4978 3250 5022 certe
3290 4967 3502 5020 videtur
3561 4965 3628 5019 ad

399 5057 655 5127 ὑπαρχῆς
700 5058 791 5110 τὸν
833 5058 1031 5126 λόγον,
1086 5059 1272 5113 τοῦτον
1324 5059 1635 5129 δογματίζει
1703 5061 1792 5114 τὸν
1846 5062 1951 5131 τρὸ

2077 5078 2094 5107 ι
2161 5058 2388 5112 Verbum
2416 5072 2536 5112 esse
2562 5059 2863 5112 referenda.
2894 5058 3045 5114 Unde
3076 5073 3181 5111 non
3226 5057 3365 5109 istud
3398 5064 3627 5118 tantum,

400 5164 504 5200 πον
524 5165 536 5177 ·
568 5168 586 5199 ι
621 5149 731 5219 Πρὸ
752 5150 859 5219 γὰρ
886 5150 986 5219 τῆς
1020 5150 1376 5223 δημιουργίας
1410 5151 1627 5222 ἀπάσης
1656 5153 1854 5223 ἡσυχία
1885 5169 1951 5217 τις

2077 5168 2097 5200 ι
2149 5149 2257 5219 Ego
2285 5159 2335 5203 et
2362 5147 2527 5204 Pater
2553 5166 2712 5203 unum
2738 5166 2950 5211 sumus,
2998 5149 3189 5202 merito
3218 5147 3420 5201 dictum
3451 5155 3535 5201 est
3561 5147 3629 5199 ab

407 5259 425 5289 ι
463 5235 553 5309 ἦν,
585 5241 660 5303 ὡς
685 5240 849 5304 εἰκὸς,
877 5241 1027 5304 ὄντος
1058 5241 1167 5311 (45)
1208 5245 1267 5294 ὲν
1303 5242 1381 5311 τῷ
1420 5242 1538 5312 Θεῷ
1566 5242 1659 5294 τοῦ
1689 5243 1879 5312 Λόγου.
1906 5246 1945 5295 Ε

2078 5260 2097 5293 ι
2153 5241 2262 5307 illo,
2291 5243 2383 5295 sed
2411 5242 2553 5295 aliud
2587 5242 2806 5310 insuper
2843 5258 2854 5292 :
2885 5241 3050 5293 Tanto
3098 5252 3319 5308 tempore
3356 5238 3433 5307 fui
3464 5238 3632 5291 vobis-

407 5350 427 5382 ι
460 5331 569 5400 γὰρ
626 5331 853 5402 ποιητὴν
883 5332 1137 5386 ἁπάντων
1166 5332 1256 5386 τὸν
1288 5333 1419 5387 Θεὸν
1446 5336 1475 5387 6
1504 5334 1775 5404 Ἀστέριος
1807 5334 1951 5386 πεπί-

2079 5351 2098 5383 ι
2148 5348 2287 5400 cum,
2334 5331 2595 5401 Philippe,
2617 5342 2664 5385 et
2687 5345 2742 5384 tu
2769 5332 2927 5385 dicis:
2955 5332 3179 5388 Ostende
3201 5331 3325 5385 mihi
3346 5332 3629 5390 Patrem".

482 5498 541 5556 »Β
588 5491 682 5547 Ed.
714 5493 912 5558 Paris.,
949 5511 1072 5566 pag.
1098 5495 1188 5551 59.
1269 5496 1314 5528 ⁸⁸
1339 5495 1495 5551 Joan.
1522 5512 1575 5559 v,
1607 5497 1693 5552 30.
1771 5498 1956 5553 "Act.
1990 5516 2049 5565 ιι,
2081 5500 2182 5558 hi:
2209 5515 2281 5565 tv,
2322 5498 2409 5552 52.
2488 5498 2533 5529 "
2568 5496 2721 5551 Joan.
2765 5496 2930 5558 x1v,9.

442 5674 590 5763 Jb?!
628 5674 895 5758 {you/(scr
922 5680 1301 5763 ὀφειλόντων.
1327 5682 1586 5763 ζοφείλει.
1609 5681 1951 5763 sta}i1n._fortt

2085 5682 2419 5763 inte_t'_medii_s
2444 5697 2562 5763 qua:
2589 5681 2742 5735 codd.
2769 5684 2915 5763 dant.

405 5746 507 5823 τῆς
534 5746 703 5823 αὐτῇς
746 5747 1291 5823 κοινωνίαςηίιυι-τῆς
1327 5746 1446 5823 ἴσης
1480 5770 1533 5806 κ.
1560 5770 1617 5822 μ.
1644 5752 1745 5806 κᾶν
1773 5752 1851 5815 είς
1881 5752 1951 5805 δύη

2155 5754 2264 5823 (45)
2293 5746 2472 5821 Vulgo.
2489 5752 2637 5815 ὄντος
2670 5763 2789 5823 post
2817 5752 2997 5823 Λόγου.
3016 5762 3069 5823 et
3102 5751 3226 5823 dein
3255 5746 3390 5823 εἶναι
3425 5751 3506 5823 ὄξει
3540 5750 3634 5804 καὶ

412 5814 509 5894 an.
538 5815 586 5894 δ,
607 5814 675 5869 Μ.
702 5817 953 5894 —_—Sttp_r:t
989 5818 1144 5887 vulgo
1168 5814 1463 5894 ἐπαινοῦσα
1484 5831 1535 5874 et
1560 5814 1700 5876 infra
1726 5814 1843 5875 νυνῖ
1873 5823 1951 5892 μὲ“

2084 5814 2329 5893 συνομολ.
2359 5814 2415 5892 ήῘ
2446 5823 2603 5886 αὐτὸς
2622 5814 2687 5876 ei
2717 5822 2890 5876 πάντα
2907 5814 3182 5885 ⁷ἐνάτζοτοίς
3206 5820 3310 5875 ὑπὸ
3338 5819 3492 5873 Θεοῦ.

414 5884 475 5937 ἑν
516 5886 590 5953 τῷ
617 5894 670 5941 ct
706 5884 1167 5957 ἀποϐλέπομενω
1198 5890 1255 5940 ἓν
1287 5891 1449 5959 ἐσμεν
1473 5908 1484 5919 ·
1515 5894 1563 5943 εί
1614 5894 1719 5961 γάρ
1759 5884 1975 5949 οιιιίὲείδ
