4008 6516
466 457 560 515 701

1158 454 1427 512 EUSEBII
1463 452 1932 511 CESARIENSIS
1969 451 2117 508 OPP.
2159 449 2340 504 PARS
2379 447 2467 502 IV.
2507 446 3005 503 —-DOGMATICA.

3573 441 3675 494 799.

470 594 489 626 ι
535 573 797 629 Nimirum
834 587 937 627 non
965 572 1081 627 istis
1114 580 1319 626 tantum
1348 570 1538 634 Oculis,
1565 571 1654 623 sed
1687 568 2017 623 intellectua—

2131 581 2143 612 ι
2185 580 2407 617 στευκεν
2443 557 2614 627 εἶναι,
2652 560 2807 631 δῆλον
2836 559 2917 611 ὅτι
2947 554 3360 628 συνομολογήσει
3393 552 3521 624 ἡμῖν
3586 551 3680 603 καὶ

402 694 406 699 ο
468 687 487 720 ι
547 669 705 733 libus,
737 665 1086 736 i-ntelligibilia
1142 664 1231 732 qui
1297 676 1522 717 cernere
1578 669 1825 730 possunt.
1879 659 2011 714 Nam

470 779 488 810 ι
534 760 807 826 corporeis
833 757 1001 811 oculis
1031 753 1318 810 invisibilis
1363 763 1452 808 est
1490 761 1545 806 et
1582 751 1738 806 Pater
1765 762 1818 806 et
1844 750 2015 805 Patris

470 872 487 901 ι
537 850 789 906 Verbum.
830 848 945 903 Non
992 848 1158 918 igitur
1197 848 1263 901 ad
1300 847 1441 900 hunc
1489 845 1704 899 modum
1752 842 2016 896 allocutus

467 963 484 993 ι
529 951 612 996 est
636 941 959 1011 Philippum,
1005 948 1227 1009 propter
1277 937 1423 991 illam
1475 936 1528 989 in
1562 934 1788 1004 singulis
1822 946 2014 986 conso-

467 1056 484 1085 ι
534 1035 792 1089 nantiam.
832 1052 850 1085 ι
911 1034 1199 1101 Postquam
1248 1039 1356 1083 tam
1400 1026 1582 1083 multis
1632 1027 1748 1082 haec
1786 1026 2014 1087 dixerat,

2122 674 2139 705 ι
2180 655 2341 719 αὑτός
2364 671 2378 685 ·
2406 653 2496 706 τὸν
2528 653 2626 723 μὲν
2666 653 2751 705 ἀεὶ
2789 649 3071 718 ὑπάρχειν,
3102 648 3233 718 μηδὲ
3266 644 3484 697 πώποτε
3547 638 3677 694 εἶναι

2120 767 2136 798 ι
2164 748 2339 819 ἀρχὴν
2371 746 2603 799 λαϐόντα
2627 761 2639 773 ·
2673 744 2739 797 τά
2772 743 2828 795 δὲ
2861 738 3212 811 γεγεννῆσθαί
3253 755 3313 790 τε
3365 737 3453 788 ὑπ’
3491 731 3676 791 αὑτοῦ,

2120 860 2138 891 ι
2179 841 2274 893 καὶ
2306 839 2365 903 ἐξ
2388 840 2487 892 οὐκ
2512 838 2679 891 ὄντων
2726 833 3099 903 γεγεννῆσθαι.
3148 830 3223 883 Οὑ
3250 830 3356 900 γὰρ
3383 822 3535 897 οἶμαι
3590 825 3680 877 καὶ

2121 950 2139 983 ι
2178 930 2334 985 τοῦτο
2356 929 2628 983 πιστεύειν
2659 925 2922 995 αὑτὸντῷ
2967 924 3174 991 λέγοντι
3229 918 3365 973 εἷναί
3411 933 3533 970 τινα
3591 916 3682 967 καὶ

2122 1041 2140 1074 ι
2181 1022 2447 1093 ἀγέννητα
2471 1038 2486 1051 ·
2518 1018 2653 1074 ἀλλὰ
2689 1017 2929 1088 άκριὸὦς
2966 1012 3285 1075 πεπεῖσθαι,
3319 1012 3405 1063 ὅτι
3455 1006 3681 1079 οὐρανός

459 1136 734 1197 resumpto
786 1127 852 1181 ab
900 1125 1052 1180 initio
1112 1136 1358 1180 sermone
1390 1161 1406 1187 ,
1459 1121 1526 1176 ad
1589 1121 1732 1174 hunc
1800 1116 2015 1171 modum

2131 1135 2140 1167 l
2179 1132 2238 1167 τε
2270 1114 2364 1167 καὶ
2397 1114 2465 1183 γῆ
2496 1112 2589 1165 καὶ
2617 1110 2791 1164 πάντα
2836 1107 2903 1160 τὰ
2936 1108 2993 1158 ἐν
3022 1105 3266 1175 οὐρανοῖς
3308 1101 3403 1154 καὶ
3447 1099 3539 1199 ἐπὶ
3582 1096 3682 1165 γῆς

463 1192 833 1285 ἀοειηεζιίωιε
873 1216 963 1289 [ιι.
1006 1214 1142 1271 xcu
1174 1214 1300 1271 coll.
1364 1228 1419 1284 p.
1495 1211 1599 1266 tet
1633 1209 1716 1278 υ,
1767 1207 1868 1264 tos
1913 1206 2015 1279 3.]

2131 1223 2141 1255 ι
2177 1204 2305 1257 ὄντα
2348 1203 2451 1255 ὑπὸ
2495 1200 2627 1255 Θεοῦ
2684 1198 3024 1268 γεγέννηται.
3057 1195 3120 1247 Ei
3185 1192 3362 1244 τοίνυν
3400 1192 3558 1242 τοῦτο
3594 1203 3681 1238 πι-

467 1310 650 1364 «Ante
720 1323 932 1364 omnem
1006 1322 1187 1361 rerum
1250 1303 1657 1375 productionem
1720 1311 1875 1363 erat,
1959 1308 2020 1352 ut

2131 1314 2142 1347 ι
2191 1294 2389 1359 στεύοι,
2426 1292 2636 1361 ἀνάγκη
2685 1290 2846 1343 αὐτὸν
2887 1288 3106 1340 κάκεῖνο
3160 1282 3564 1353 συνομολογεῖν,
3604 1278 3683 1329 ὅτι

469 1416 488 1446 ι
533 1413 631 1467 par
656 1408 738 1467 est
767 1398 1009 1463 credere,
1063 1399 1218 1467 quies
1269 1396 1320 1448 in
1366 1394 1494 1460 Deo,
1533 1393 1829 1447 exsistente
1881 1390 2019 1459 apud

2131 1404 2143 1435 ι
2186 1385 2322 1456 πλὴν
2342 1383 2476 1437 Θεοῦ
2509 1381 2657 1436 οὐδὲν
2677 1381 2861 1449 ἕτερον
2905 1374 2990 1449 ἦν.
3030 1372 3188 1447 Εἶχεν
3217 1370 3307 1429 οὖν
3345 1373 3445 1444 τὴν
3482 1369 3684 1467 οἰκείαν

470 1506 488 1536 ι
535 1502 656 1542 eum
692 1488 836 1542 intus
868 1488 1059 1541 Verbo.
1105 1484 1238 1539 Nam
1268 1485 1312 1539 si
1343 1484 1584 1538 omnium
1618 1496 1797 1535 rerum
1831 1480 2019 1534 condi-

2131 1496 2145 1530 ι
2189 1478 2344 1544 δόξαν
2376 1478 2404 1529 6
2435 1476 2623 1543 Λόγος,
2658 1474 2732 1527 ὢν
2758 1474 2816 1526 ἐν
2842 1471 2920 1542 τῷ
2958 1469 3151 1541 Πατρί.
3190 1487 3210 1521 ι
3259 1466 3371 1521 Καὶ
3414 1460 3596 1563 ταῦτα.
3617 1462 3684 1563 ei:

471 1597 491 1630 ι
537 1589 702 1634 torem
742 1593 860 1635 esse
888 1576 1052 1633 Deum
1084 1576 1329 1632 Asterius
1369 1574 1541 1630 credit
1579 1574 1674 1645 (id
1725 1573 1866 1643 quod
1907 1573 2023 1642 ipse

2131 1567 2270 1631 πὼν,
2325 1567 2517 1635 ἐπάγει
2573 1565 2689 1636 μεθ’
2750 1564 2913 1635 ἐτερα
2941 1580 2953 1592 ο
3018 1579 3036 1613 ι
3066 1561 3175 1632 Τὴν
3217 1558 3479 1645 δοθεῖσαν

471 1688 489 1721 ι
540 1670 814 1724 nobiseum
837 1684 943 1723 una
972 1667 1317 1724 confitebitur
1341 1685 1355 1720 :
1382 1666 1551 1721 Deum
1583 1663 1839 1719 nimirum
1882 1679 2024 1718 sem-

2131 1677 2148 1710 ι
2184 1656 2429 1724 ἐξουσίαν
2467 1654 2739 1726 Ἀστέριος
2764 1654 2919 1721 δόξαν
2952 1648 3241 1721 ὀνομάζειο
3286 1645 3380 1699 καὶ
3433 1643 3491 1745 ού
3532 1640 3689 1745 δόξαν

472 1780 489 1810 ι
534 1775 630 1831 per
650 1760 1002 1815 exsistentem
1027 1759 1239 1813 initium
1268 1773 1379 1813 sua
1401 1757 1701 1813 existentiae
1726 1771 1831 1811 non
1866 1755 2024 1810 sorti—

2131 1766 2145 1800 ι
2190 1748 2369 1819 μόνον,
2421 1745 2555 1799 ἀλλὰ
2617 1746 2711 1799 καὶ
2744 1745 3073 1816 προκόσμιον
3115 1740 3290 1807 δόξαν,
3316 1738 3416 1790 οὐκ
3456 1735 3652 1831 ἐννοῶν
3672 1771 3689 1795 ,

471 1869 490 1901 ι
534 1821 646 1904 ium
693 1868 707 1905 :
748 1859 944 1906 castera
995 1850 1211 1919 quidem
1267 1850 1446 1907 omnia
1502 1849 1571 1905 ab
1616 1848 1709 1904 illo
1764 1848 2022 1919 producta

2131 1858 2147 1893 ι
2182 1842 2283 1904 ὃτι,
2318 1840 2483 1911 μήπω
2514 1836 2609 1891 τοῦ
2639 1838 2846 1909 κόσμου
2877 1834 3178 1905 γεγονότος,
3212 1830 3364 1885 οὐδὲν
3410 1828 3594 1898 ἕτερον
3620 1821 3691 1895 ἦν

470 1961 489 1993 ι
536 1941 719 2007 fuisse,
757 1952 813 1997 et
837 1912 1053 2012 quidem
1083 1942 1340 2010 producta
1368 1942 1432 1997 de
1463 1941 1653 1997 nihilo.
1673 1912 1858 2010 Neque
1879 1940 2019 1995 enim

2131 1951 2149 1985 ι
2193 1932 2332 2006 πλὴν
2373 1931 2509 1985 Θεοῦ
2574 1931 2758 2003 μόνου.
2798 1949 2817 1983 ι
2854 1928 3019 1982 Ταῦτ’
3060 1923 3229 1980 είπὼν
3268 1924 3297 1975 ὁ
3347 1919 3691 2012 Μάρκελλος,

470 2050 489 2083 ι
537 2033 719 2099 credo,
766 2042 821 2089 et
854 2009 998 2089 illud
1054 2033 1398 2105 professores
1450 2042 1554 2099 est,
1608 2048 1731 2089 esse
1774 2009 2021 2103 quaadam

2131 2024 2214 2079 καὶ
2253 2023 2344 2078 τὸν
2397 2023 2526 2077 Υίὸν
2574 2022 2641 2075 δι’
2695 2021 2872 2077 αὐτῶν
2922 2014 3402 2091 ἀπαρακαλύπτως
3447 2009 3695 2105 άρνησά-

470 2140 489 2174 ι
536 2098 797 2192 ingenita,
847 2135 947 2178 nec
1002 2098 1213 2178 dicturo
1268 2123 1573 2178 crediturus
1615 2140 1629 2178 :
1676 2098 2023 2177 scd-habere

2131 2131 2281 2186 μενος
2303 2154 2318 2178 ,
2352 2114 2439 2166 ἵνα
2485 2114 2631 2184 ἡμᾶς
2662 2110 2903 2184 ἀκριϐῶς
2949 2111 3113 2181 πείσῃ
3134 2149 3149 2173 ,
3205 2108 3382 2161 ὁποῖον
3420 2098 3555 2156 εἶναι
3600 2102 3694 2153 τὸν

470 2227 491 2262 ι
536 2212 1029 2281 persuasissimum,
1060 2211 1283 2278 ccelum,
1309 2221 1536 2277 terram,
1570 2222 1626 2267 et
1654 2212 1835 2267 omnia
1870 2212 1923 2267 in
1956 2212 2023 2268 iis

2131 2205 2292 2275 Λόγον
2323 2204 2416 2259 τοῦ
2453 2205 2587 2258 Θεοῦ
2635 2204 2871 2275 ἐφρόνει,
2911 2201 3239 2272 σαφέστερον
3295 2195 3547 2267 ἐμφαίνει
3592 2193 3695 2260 τὴν

470 2319 492 2353 ι
535 2316 565 2355 a
609 2302 719 2357 Deo
764 2302 929 2359 fuisse
970 2302 1263 2374 producta)
1290 2303 1333 2358 si
1363 2304 1583 2367 credat,
1614 2302 1855 2378 inquam,
1897 2303 2023 2367 ista,

470 2411 491 2445 ι
538 2407 758 2449 necesse
786 2404 871 2450 est
897 2402 957 2449 ut
984 2393 1115 2450 illud
1148 2394 1307 2449 simul
1332 2395 1673 2459 conﬁteatur,
1706 2394 1839 2449 nihil
1873 2409 2026 2465 pror-

474 2503 492 2537 ι
537 2499 631 2540 sus
671 2485 816 2540 aliud
856 2496 1048 2556 praeter
1093 2486 1260 2541 Deum
1314 2486 1612 2541 exstitisse.
1675 2484 1850 2541 Habet
1895 2499 2026 2556 ergo

472 2593 492 2626 ι
540 2576 802 2646 privatam
846 2592 997 2632 suam
1041 2576 1328 2647 quamdam
1357 2576 1664 2645 opinionem
1697 2589 1876 2631 sermo
1902 2575 2023 2639 iste,

473 2684 493 2717 ι
539 2668 808 2725 exsistens
836 2669 888 2723 in
919 2667 1080 2724 Patre
1114 2684 1233 2724 suo.
1260 2687 1279 2721 ι
1316 2668 1439 2722 Haec
1480 2676 1763 2737 postquam
1795 2667 2024 2733 dixerat,

465 2759 732 2817 subiniert
776 2761 955 2816 statim
987 2759 1077 2833 [Β.
1105 2758 1287 2830 XCIII]
1318 2778 1332 2815 :
1363 2778 1382 2811 ι
1412 2760 1732 2815 Concessam
1774 2759 1847 2813 illi
1878 2768 2028 2828 pote-

472 2869 491 2901 ι
538 2859 755 2917 statem,
797 2851 1023 2924 gloriam
1054 2852 1302 2908 Asterius
1327 2853 1661 2920 nominavit;
1710 2868 1810 2910 nec
1832 2853 2029 2908 solum-

473 2962 491 2994 ι
532 2944 691 2999 modo
728 2943 972 3015 gloriam,
1027 2947 1123 3001 sed
1174 2956 1229 3001 et
1270 2946 1721 3001 antemundanam
1755 2946 2026 3017 gloriam:

472 3053 491 3086 ι
543 3052 646 3091 non
678 3036 1132 3104 animadvertens,
1158 3045 1282 3091 ante
1302 3039 1553 3091 mundum
1573 3038 1869 3102 conditum,
1898 3052 2031 3106 prae-

472 3143 491 3177 ι
541 3134 622 3181 ter
651 3142 814 3182 unum
846 3127 1017 3182 solum
1049 3126 1217 3183 Deum
1253 3127 1528 3184 exstitisse
1564 3128 1785 3182 omnino
1815 3128 1968 3182 nihil.
2006 3147 2025 3182 ι

2120 2298 2376 2360 διάνοιαν,
2415 2294 2492 2367 τῷ
2528 2295 2781 2366 ἡμετέρῳ
2836 2293 2981 2364 λόγῳ
3032 2288 3347 2353 ἀπεικάζων
3387 2286 3549 2340 αὐτὸν
3575 2324 3589 2347 ,
3623 2282 3693 2336 δι’

2120 2380 2197 2444 ὧν
2260 2388 2430 2443 ταῦτα
2494 2387 2733 2459 γράφει*
2813 2404 2832 2437 ι
2876 2386 3089 2455 Ὠσπερ
3152 2382 3262 2454 γάρ
3316 2379 3384 2433 τὰ
3435 2376 3697 2447 γεγονότα

2131 2499 2151 2533 ι
2187 2480 2363 2537 πάντα
2416 2479 2520 2534 ὑπὸ
2568 2479 2663 2533 τοῦ
2692 2477 2907 2550 Πατρὸς
2946 2476 3033 2530 διὰ
3065 2473 3157 2529 τοῦ
3203 2473 3376 2541 Λόγου
3428 2468 3695 2540 σημαίνε-

2132 2591 2153 2625 ι
2188 2590 2278 2627 ται
2295 2572 2427 2643 (Η).
2476 2572 2575 2624 Διὰ
2622 2570 2780 2624 τοῦτο
2816 2569 2925 2640 γὰρ
2968 2568 3103 2622 καὶὸ
3131 2563 3425 2634 άγιώτατος
3455 2558 3695 2627 Μωῦσῆς

2133 2685 2152 2718 ι
2187 2664 2415 2734 ἄγγελον
2439 2662 2670 2717 ἐνταῦθα
2707 2658 2962 2732 ὀνομάζει
2984 2660 3073 2712 τὸν
3123 2660 3312 2726 Λόγον,
3338 2657 3419 2709 ὅτι
3451 2654 3516 2706 δι’
3542 2650 3697 2705 οὐδὲν

2133 2773 2152 2806 ι
2188 2754 2375 2826 ἕτερον
2426 2754 2621 2823 ἐφάνη,
2677 2751 2791 2806 ἀλλ’
2837 2752 2922 2805 ἵνα
2973 2748 3268 2821 ἀναγγείλῃ
3301 2745 3379 2817 τῷ
3422 2744 3649 2799 Μωῡσεί
3680 2782 3694 2805 ,

2135 2862 2154 2894 ι
2194 2842 2368 2897 ταῦτα
2389 2843 2532 2913 ἆπερ
2564 2840 2858 2896 λυσιτελεῖν
2883 2842 2995 2903 τοῖς
3020 2841 3155 2902 υἱοῖς
3169 2835 3386 2908 Ἰσραὴλ
3406 2833 3691 2903 ἠπίστατο·

2135 2954 2152 2987 ι
2195 2935 2461 3005 ἠπίστατο
2520 2934 2577 2987 δέ
2618 2933 2908 2987 λυσιτελεῖν
2962 2932 3056 2985 ἕνα
3090 2929 3221 2984 Θεὸν
3260 2923 3397 2982 εἶναι
3435 2923 3689 2994 νομίζειν.

2136 3045 2155 3078 ι
2195 3026 2285 3080 Διὸ
2346 3027 2439 3079 καὶ
2499 3026 2636 3096 πρὸς
2670 3025 2851 3088 αὐτὸν,
2897 3024 3038 3094 Ἐγώ
3080 3024 3190 3091 ειμι
3225 3023 3258 3075 ὁ
3304 3018 3407 3082 ὢν,
3448 3017 3574 3085 ἐφη,
3610 3015 3693 3067 ἵνα

2137 3137 2155 3168 ι
2197 3117 2398 3189 μηδένα
2452 3118 2609 3181 ἐκτὸς
2646 3115 2838 3170 ἑαυτοῦ
2885 3114 3068 3185 ἕτερον
3117 3112 3249 3166 Θεὸν
3284 3106 3423 3165 εἶναι
3490 3105 3691 3178 διδάξῃ.

465 3213 590 3270 Ιιιεο
620 3215 907 3273 Marcellus
938 3219 1025 3273 ubi
1055 3219 1294 3284 dixerat,
1346 3229 1399 3273 et
1450 3221 1570 3275 sine
1604 3219 1713 3275 ullo
1766 3229 2024 3289 praetextu

2139 3226 2155 3257 ι
2194 3207 2363 3261 Τοῦτο
2394 3208 2593 3279 ῥᾴδιον,
2625 3202 2796 3277 οἶμαι,
2831 3207 2941 3269 τοῖς
2965 3203 3315 3275 εὐφρονοῦσι,
3339 3202 3434 3256 καὶ
3467 3198 3575 3253 ἀπὸ
3605 3216 3691 3269 μι-

467 3320 564 3373 per
597 3306 682 3360 illa
709 3308 900 3363 Filium
933 3310 1313 3382 abnegaverat,
1345 3321 1403 3364 ut
1433 3311 1585 3366 nobis
1623 3311 1872 3365 redderet
1906 3326 2029 3381 per-

468 3396 864 3469 suasissimum,
889 3400 1175 3470 qualenam
1216 3402 1307 3456 Dei
1344 3400 1573 3456 Verbum
1616 3401 2025 3472 imaginaretur,

466 3492 702 3539 mentem
734 3500 882 3541 suam
921 3489 1091 3559 aperit
1125 3489 1414 3545 dilucidius
1471 3490 1645 3545 adlmc
1669 3528 1685 3554 ,
1736 3501 1791 3545 et
1841 3500 2029 3547 nostro

465 3576 631 3631 verbo
659 3578 921 3634 assimilat
963 3596 1057 3648 per
1083 3580 1263 3635 omnia
1287 3622 1301 3647 ,
1342 3582 1395 3635 in
1432 3582 1497 3635 iis
1530 3583 1756 3650 quaaita
1800 3582 2023 3638 scribit:

468 3667 558 3739 [ιι.
596 3667 686 3721 Lv
714 3668 834 3723 coll.
864 3685 915 3738 ι).
948 3671 1015 3725 79
1048 3669 1239 3735 8,114
1278 3668 1343 3733 D,
1379 3669 1484 3724 ηε
1509 3669 1590 3742 B]
1620 3690 1638 3721 ι
1667 3672 1856 3726 Omnia
1904 3673 2025 3741 qui-

472 3779 497 3811 ο
538 3760 656 3815 dem
686 3777 804 3831 quae
832 3761 969 3817 facta
1013 3773 1157 3827 sunt,
1187 3760 1560 3832 intelliguntur
1605 3779 1633 3816 a
1679 3762 1834 3819 Patre
1884 3762 2026 3819 facta

472 3870 492 3903 ι
534 3865 653 3908 esse
680 3867 777 3923 per
814 3852 1066 3910 Verbum.
1097 3855 1359 3923 Quocirca
1389 3866 1443 3912 et
1472 3856 1845 3911 sanctissimus
1882 3855 2027 3926 Moy-

472 3961 491 3994 ι
537 3958 644 4010 ses,
676 3943 921 4015 angelum
951 3945 1181 4016 appellat
1205 3947 1308 4003 hoc
1339 3948 1393 4002 in
1445 3949 1564 4002 loco
1597 3946 1858 4011 Verbum,
1906 3963 2027 4014 pro-

471 4052 492 4084 ι
534 4044 717 4102 pterea
751 4037 891 4104 quod
916 4052 1020 4092 non
1045 4039 1112 4092 ob
1140 4037 1301 4093 aliam
1320 4054 1540 4094 causam
1574 4039 1840 4108 apparuit,
1865 4052 2023 4107 quam

471 4142 490 4175 ι
537 4133 593 4177 ut
625 4124 790 4196 Moysi
817 4128 1155 4184 renuntiaret
1201 4130 1288 4185 illa
1319 4145 1439 4200 quae
1480 4132 1781 4185 conducere
1819 4128 2027 4184 sciebat

472 4236 491 4267 ι
538 4218 661 4274 ﬁliis
706 4216 889 4276 Israel.
941 4221 1161 4279 Sciebat
1186 4234 1369 4279 autem
1418 4224 1545 4279 illud
1592 4226 1915 4288 conducere,
1968 4233 2026 4278 ut

471 4329 489 4362 ι
537 4313 821 4367 crederent
862 4329 1026 4369 unum
1058 4316 1232 4371 solum
1276 4316 1441 4370 Deum
1476 4331 1615 4371 esse.
1666 4321 1723 4379 >14
1760 4315 2024 4382 Quocirca

470 4422 491 4452 ε
534 4411 591 4457 et
630 4404 919 4474 alloquitur
970 4405 1142 4472 illum,
1192 4407 1303 4477 Ego
1349 4425 1462 4461 sum
1492 4409 1581 4477 qui
1619 4424 1733 4461 sum
1757 4407 1800 4439 ’7
1827 4424 1840 4459 :
1872 4415 1929 4461 ut
1956 4407 2024 4462 ab

468 4514 491 4549 ι
537 4494 649 4564 ipso
677 4510 797 4549 cum
826 4499 1184 4565 recesserint,
1230 4499 1431 4552 nullum
1470 4513 1588 4553 esse
1638 4497 1804 4552 Deum
1859 4496 2020 4551 alium

2138 3319 2156 3351 ι
2196 3299 2329 3371 κροῦ
2360 3316 2503 3363 τινος
2532 3300 2625 3353 καὶ
2655 3290 2906 3354 ταπείνοῦ
2940 3296 3061 3351 καθ’
3091 3297 3235 3367 ἡμᾶς
3261 3290 3693 3365 παραδείγματος

2138 3410 2157 3443 ι
2190 3391 2409 3461 γνῶναι.
2432 3392 2563 3465 (45).
2601 3392 2733 3446 Ούδέ
2774 3390 2878 3462 γάρ
2927 3390 3016 3444 τὸν
3052 3386 3145 3442 τοῦ
3206 3385 3491 3458 ἀνθρώπου
3546 3383 3694 3449 λόγον

2139 3503 2157 3535 ι
2195 3483 2419 3553 δυνάμει
2459 3483 2552 3535 καὶ
2579 3481 2867 3535 ὑποστάσει
2900 3479 3129 3551 χωρίσαι
3158 3478 3267 3532 τινὶ
3312 3474 3553 3529 δυνατόν.
3603 3474 3696 3525 Ἕν

2138 3594 2156 3625 ι
2193 3574 2302 3645 γάρ
2328 3576 2444 3627 ἐστι
2477 3574 2570 3627 καὶ
2595 3574 2788 3626 ταύτὸν
2817 3570 2896 3643 τῷ
2917 3571 3013 3625 ἀνθ
3024 3570 3186 3643 ρώπῳ
3207 3571 3234 3621 6
3251 3567 3427 3637 λόγος,
3452 3567 3546 3618 καὶ
3576 3564 3692 3617 οὐδ-

2137 3688 2156 3720 ι
2191 3668 2269 3720 svi.
2316 3665 2680 3739 χωριζόμενος
2734 3665 2905 3737 ἑτέρῳ
2950 3664 2983 3734 ἢ
3028 3663 3162 3734 μόνῃ
3193 3664 3258 3732 τῇ
3318 3660 3415 3730 τῆς
3448 3657 3693 3730 πράξεως

2137 3782 2156 3814 ι
2193 3760 2460 3834 ἐνεργείᾳ.
2492 3777 2510 3811 ι
2572 3758 2683 3811 Καὶ
2735 3752 3172 3824 ἐπιδαψιλεύεται
3210 3752 3291 3804 ἔτι
3354 3748 3550 3821 μᾶλλον
3600 3745 3692 3817 τὴν

2131 3851 2293 3907 αὐτοῦ
2318 3849 2553 3907 διάνοιαν
2591 3844 2890 3917 ἐμφαίνων,
2929 3842 2995 3895 δι’
3026 3835 3101 3896 ὦν
3146 3840 3269 3910 ἑξῆς
3320 3840 3445 3892 τάδε
3499 3836 3689 3907 φησίν

2136 3957 2155 3990 ι
2196 3939 2271 3993 Ού
2303 3937 2409 4007 γὰρ
2434 3935 2497 4005 δὴ
2527 3934 2717 4006 ἐτέρας
2775 3930 3093 4003 ὀνομασίας,
3121 3926 3231 3983 οἷον
3266 3929 3398 3999 ὕλης
3448 3928 3480 3999 ἦ
3525 3927 3689 3996 ἄλλης

2136 4050 2156 4084 ι
2188 4030 2332 4093 τινὸς
2372 4028 2721 4099 ἀνθρωπίνης
2756 4025 2937 4096 (46),ὁ
2975 4024 3107 4088 Θεὸς
3154 4024 3321 4077 ἐδεῖτο
3350 4022 3485 4092 πρὸς
3530 4038 3701 4074 κατα-,

2136 4142 2155 4175 ι
2194 4122 2414 4193 σκευὴν,
2447 4119 2581 4174 ἀλλὰ
2611 4118 2812 4188 ταύτης
2838 4117 2936 4187 τῆς
2967 4118 3025 4171 ἐν
3046 4119 3112 4187 τῇ
3147 4115 3309 4170 αὑτοῦ
3341 4113 3548 4185 διανοίᾳ
3562 4114 3693 4166 ἐτοι-

2136 4232 2154 4265 ι
2196 4211 2414 4285 μασίας.
2454 4210 2604 4263 Ἐπεὶ
2621 4204 2713 4263 οῦν
2737 4208 2994 4263 ἀδύνατον
3019 4204 3086 4279 ἦν
3111 4207 3278 4279 χωρὶς
3308 4206 3463 4274 λόγου
3487 4204 3692 4274 καὶτῆς

2134 4326 2153 4358 ι
2197 4304 2502 4377 προσούσης
2545 4302 2622 4373 τῷ
2676 4302 2817 4373 λόγῳ
2868 4301 3057 4370 σοφίας
3112 4299 3359 4369 ἐννοῆσαι
3411 4299 3537 4368 περὶ
3586 4298 3691 4367 ’τῆς

2135 4418 2154 4451 ι
2197 4398 2291 4452 τοῦ
2330 4395 2563 4469 ούρανοῦ
2593 4395 2934 4465 κατασκευῆς
2965 4394 3056 4447 τὸν
3088 4392 3240 4455 Θεὸν,
3286 4391 3507 4453 εἰκότως
3554 4390 3688 4460 ἔφη’

2134 4508 2153 4541 ι
2194 4488 2393 4548 Ἡνικα
2432 4483 2700 4555 ἡτοίμαζε
2730 4482 2834 4536 τὸν
2859 4479 3133 4549 οὐρανὸν,
3165 4475 3571 4548 ama-mplian
3591 4477 3692 4527 αὐ-

468 4602 489 4637 ι
536 4586 961 4647 arbitrarentur.
996 4586 1238 4643 Proclive
1280 4598 1365 4643 est
1407 4599 1588 4642 autem
1630 4588 1773 4643 istud
1810 4588 2023 4642 cuicun-

2134 4598 2152 4629 ι
2196 4577 2295 4643 τῷ.
2334 4596 2354 4629 ι
2384 4575 2494 4628 Καὶ
2529 4572 2875 4645 προστίθησιν
2906 4567 3057 4634 αὖθις
3082 4567 3341 4640 ἐξομοιῶν
3365 4566 3443 4636 τῷ
3484 4564 3691 4636 ἀνθρω-

469 4694 490 4729 ι
527 4690 632 4745 que
662 4679 930 4746 prudenti,
978 4680 1321 4747 utiarbitror,
1351 4680 1668 4751 intelligere,
1691 4680 1758 4733 ab
1775 4679 2024 4747 exemplo

469 4786 489 4820 ι
533 4770 763 4840 quodam
797 4772 992 4841 exiguo
1038 4781 1089 4828 et
1140 4773 1273 4827 satis
1322 4771 1507 4826 humili
1545 4774 1798 4827 humano.
1841 4770 2025 4840 Neque

469 4881 488 4912 ι
533 4862 676 4917 enim
697 4864 953 4932 possibile
971 4873 1075 4930 est,
1092 4864 1412 4932 cuicunque,
1436 4865 1654 4919 verbum
1674 4862 1923 4925 hominis,
1942 4862 2025 4916 vel

469 4973 487 5005 ι
531 4955 788 5023 potentia,
819 4956 887 5010 ab
921 4956 1192 5027 hypostasi
1224 4972 1495 5026 separare.
1522 4954 1696 5009 Unum
1723 4962 1805 5007 est
1825 4953 2025 5007 etenim

468 5063 487 5096 ι
528 5053 691 5115 atque
731 5047 868 5101 idem
899 5062 1020 5103 cum
1053 5049 1269 5103 homine
1310 5049 1530 5102 verbum
1569 5062 1757 5113 suum;
1790 5061 1888 5101 nec
1917 5046 2024 5101 ullo

468 5154 487 5184 ι
525 5146 681 5203 pacto
707 5138 864 5193 aliter
883 5140 1259 5208 separandum,
1292 5154 1451 5208 quam
1483 5138 1594 5192 sola
1616 5137 1807 5205 agendi
1830 5152 2025 5205 cpera-

469 5244 487 5276 α
531 5227 904 5300 tioneaﬂagis
916 5232 1090 5286 adhuc
1114 5230 1331 5300 prodige
1349 5246 1497 5284 suam
1518 5238 1749 5283 mentem
1769 5229 2024 5287 insinuat,

574 5396 632 5453 ›Ῑ‹
668 5389 768 5444 Ed.
796 5389 999 5455 Paris.,
1027 5405 1150 5459 pag.
1179 5387 1266 5443 60.
1373 5389 1416 5419 "
1442 5388 1612 5441 Exod.
1650 5402 1734 5453 tu,
1764 5385 1855 5439 Η.

539 5529 652 5597 (Μ)
672 5528 775 5582 Διὰ
798 5530 903 5583 τοῦ
931 5530 1125 5599 Λόγου
1160 5528 1527 5599 σημαίνεται.
1553 5527 1733 5599 Deest.
1763 5523 2028 5599 γεγεὲνῆ-

467 5593 607 5653 σθαι.
635 5593 924 5674 Ἐνταῦθα,
956 5593 1286 5674 referebatur
1316 5598 1380 5651 ad
1424 5599 1594 5674 locum
1625 5593 2031 5674 aliquemEScri-

467 5680 656 5738 pturaz,
685 5684 845 5737 quem
900 5672 952 5723 in
1007 5670 1087 5722 his
1133 5669 1245 5723 suis
1284 5667 1552 5738 excerptis
1594 5663 1811 5738 reticuit
1859 5663 2029 5719 Euse-

466 5732 605 5793 iiius.
638 5732 717 5794 Μξ
739 5769 806 5778 —
834 5739 951 5792 Mox
989 5737 1267 5808 vulgoixa‘t
1292 5732 1481 5808 ἁγιώτ.
1507 5732 1884 5808 οιᾲὰναγγέλῃ.

540 5808 649 5876 (45)
690 5809 883 5861 Statim
921 5808 1050 5877 lege,
1082 5803 1200 5859 δύδέ
1231 5803 1347 5877 γὰρ
1363 5806 1455 5859 τοῦ
1496 5803 1782 5877 ἀνθρῴπου
1814 5806 1906 5856 τὸν
1946 5804 2030 5877 λό·

468 5874 563 5947 γον
586 5874 828 5951 δυνάμει,
862 5880 892 5948 ἧ
938 5874 1027 5932 καὶ
1057 5874 1345 5932 ὑποστάσει
1378 5897 1427 5947 χ.
1460 5874 1790 5945 Impossibile
1820 5884 1923 5942 est,
1958 5876 2027 5928 ita

2124 4672 2261 4740 πίνῳ
2313 4669 2454 4738 λόγῳ
2494 4667 2584 4720 τὸν
2635 4664 2729 4721 τοῦ
2772 4663 2927 4727 Θεοῦ,
2973 4665 3052 4726 εἰς
3100 4662 3160 4715 τὸ
3200 4659 3367 4723 δεῖξαι
3388 4657 3547 4711 αὐτὸν
3596 4657 3687 4708 άν-

2122 4763 2441 4816 υπόστατον.
2461 4758 2665 4830 Γράφει
2690 4757 2745 4811 δὲ
2778 4756 2950 4819 οὕτως
2976 4771 2990 4785 ·
3030 4773 3049 4805 ι
3099 4751 3363 4807 Ἐνταῦθα
3420 4749 3533 4819 ἐγώ
3573 4750 3685 4815 εἰμι

2127 4873 2145 4905 ι
2180 4852 2339 4918 ὁῶν,
2389 4850 2537 4918 λέγει
2580 4848 2677 4919 μὲν
2710 4846 2787 4917 τῷ
2828 4847 3051 4900 Μωῦσεῖ
3081 4845 3111 4897 6
3158 4844 3366 4914 Πατήρ.
3398 4841 3558 4908 Λέγει
3608 4838 3682 4901 δὲ,

2128 4963 2147 4997 ι
2183 4941 2429 5014 δηλονότι
2453 4939 2540 4993 διὰ
2562 4938 2655 4991 τοῦ
2682 4938 2875 5006 Λόγου.
2900 4936 3083 4989 Πάντα
3114 4932 3221 5003 γὰρ
3249 4933 3347 4986 ὅσα
3373 4930 3436 4985 ἂν
3457 4931 3484 4982 6
3507 4927 3687 4997 Πατὴρ

2132 5056 2150 5087 ι
2191 5034 2347 5105 λέγῃ,
2392 5033 2565 5086 ταῦτα
2621 5029 2895 5101 πανταχοῦ
2940 5028 3026 5082 διὰ
3050 5027 3142 5079 τοῦ
3184 5026 3356 5093 Λόγου
3374 5022 3543 5089 λέγων
3569 5019 3688 5089 φαί-

2134 5148 2152 5180 ι
2188 5143 2355 5183 νεται.
2384 5125 2553 5179 Τοῦτο
2582 5124 2638 5177 δὲ
2658 5124 2814 5193 δῆλόν
2847 5120 3075 5175 ἐστικαὶ
3097 5120 3188 5188 ἀφ’
3214 5117 3367 5187 ἡμῶν
3391 5113 3565 5170 αὐτῶν
3592 5113 3686 5164 ὅσα

2138 5240 2156 5273 ι
2195 5218 2366 5292 μικρὰ
2398 5220 2510 5281 τοῖς
2557 5215 2809 5288 μεγάλοις
2846 5216 2939 5268 καὶ
2991 5213 3153 5275 θείοις
3213 5208 3525 5264 ἀπεικάσαι.
3580 5204 3686 5257 Καὶ

2131 5516 2351 5573 verbum
2387 5515 2452 5569 ab
2481 5510 2699 5567 homine
2728 5522 2885 5577 suum
2916 5516 3187 5577 separare,
3217 5495 3575 5577 ut_subsis.tat_
3605 5504 3687 5577 sf:

2804 5561 3220 5645 vulgo'émBaqt.
3260 5570 3378 5624 sine
3402 5564 3492 5619 καί
3527 5572 3582 5616 et
3620 5561 3669 5612 δι

2127 5657 2423 5793 “ﬁgi-"II
2454 5721 2648 5788 ἄλλης
2693 5721 2852 5793 τινὸς
2895 5711 3282 5793 άνθρωςξὶὴης.
3307 5700 3683 5793 dices—talique

2128 5772 2865 5851 voirluilci‘endteseintentize.
2894 5786 2961 5838 Μ.
2987 5772 3052 5824 ἷ-
3091 5772 3390 5851 Deinvnlgo
3435 5772 3569 5842 πρὸς
3590 5772 3681 5839 τὴν

2129 5881 2354 5920 κατασκ.
2383 5875 2435 5918 et
2466 5859 2842 5931 προσηκούσης
2867 5856 2942 5926 τῷ
2971 5854 3112 5921 λόγῳ
3138 5858 3190 5905 et
3221 5850 3515 5917 ήτοίμοισεᾼ
