4008 6512
246 452 347 507 795

1336 440 1616 498 CONTRA
1650 439 2074 496 MARCELLUM
2112 438 2240 493 LIB.
2280 438 2347 492 ll.

3360 430 3465 486 794

248 586 267 622 ι
294 565 458 636 ἡμεῖς
482 563 592 633 γὰρ
616 562 789 617 πάντα
817 561 916 614 ὅσα
936 560 1002 615 ἂν
1036 560 1298 631 θέλωμεν,
1317 558 1457 612 κατὰ
1482 558 1543 611 τὸ
1562 558 1806 624 δυνατὸν,

1920 559 1964 612 in
1992 555 2362 626 sequentibus,
2390 553 2667 621 inquiens:
2697 550 2790 622 [Β.
2815 550 2919 605 LIII
2938 548 3059 606 coll.
3081 564 3134 619 p.
3156 546 3278 619 l25]
3302 567 3321 599 ι
3344 546 3461 602 Νοη

251 676 267 706 ι
294 654 476 720 λέγειν
510 669 568 704 τε
607 652 701 703 καὶ
738 652 941 714 ποιεῖν,
983 648 1060 720 τῷ
1110 648 1363 720 ἡμετέρῳ
1391 646 1645 717 ποιοῦμεν
1696 647 1807 715 (47)

248 770 267 804 ι
295 750 461 818 λόγῳ.
486 766 507 799 ι
538 742 673 799 Εἶτα
707 743 907 815 μεταξύ
938 760 1060 797 τινα
1091 740 1260 795 εἰπὼν
1282 741 1538 809 ὲπιλέγειο
1572 739 1692 802 ΙΙῶς
1719 734 1812 793 οὖν

247 861 265 893 ι
302 839 602 910 Ἀστέριος,
632 839 750 900 ταῖς
771 834 952 904 ἀγίαις
981 835 1223 905 Γραφαῖς
1241 832 1426 895 ἁπλῶς
1448 830 1541 885 καὶ
1560 830 1812 901 ὲμφόϐως

247 951 265 980 σ
292 928 610 982 ἀκολουθεῖν
631 925 1113 997 προσποιούμενος,
1135 924 1233 976 οὐκ
1247 922 1384 991 έγνω
1398 922 1459 975 τὸ
1482 922 1643 992 μέρος
1657 919 1813 973 τοῦτο

247 1041 265 1072 ι
296 1021 472 1089 λέγων
497 1037 509 1049 ·
538 1017 741 1089 Κύριος
779 1019 808 1071 ό
831 1016 963 1079 Θεός
992 1033 1082 1069 σου
1106 1056 1121 1081 ,
1149 1008 1302 1078 οὗτος
1332 1013 1528 1084 Κύριος
1556 1008 1636 1074 εἷς
1674 1013 1808 1063 ἐστι·

247 1134 265 1162 ι
294 1113 431 1175 Θεὸς
464 1113 522 1164 ὲν
551 1110 628 1180 τῷ
649 1108 860 1180 ούρανῷ
893 1108 1025 1173 ἀνω,
1054 1108 1147 1161 καὶ
1175 1107 1266 1160 ἐπὶ
1289 1107 1388 1177 τῆς
1402 1105 1505 1174 γῆς
1520 1105 1687 1158 κάτω·
1719 1104 1813 1155 καὶ

246 1225 263 1255 ι
289 1204 394 1256 οὐκ
413 1202 559 1256 ἔστιν
579 1202 658 1254 ἔτι
686 1200 824 1271 πλὴν
842 1198 1007 1253 αὐτοῦ
1034 1215 1049 1264 ;
1081 1198 1191 1252 Καὶ
1205 1198 1285 1251 ὅτι
1307 1191 1385 1261 εἷς
1401 1197 1538 1258 ἐστι,
1557 1196 1649 1247 καὶ
1674 1193 1813 1265 πλὴν

245 1318 263 1347 ι
289 1295 456 1349 αὐτοῦ
490 1295 676 1364 ἕτερος
707 1293 809 1345 οὐκ
839 1291 973 1344 ἐστι.
1003 1307 1022 1341 ι
1060 1290 1169 1343 Καὶ
1189 1286 1391 1359 προῖὼν
1423 1281 1576 1347 αὖθις
1610 1284 1813 1354 διῖσχυ-

239 1390 454 1462 ρίζεται
484 1388 739 1457 φάσκων⁸
776 1403 794 1437 ι
827 1385 900 1437 Οὐ
934 1379 1381 1453 καταχρηστικῶς
1416 1378 1571 1447 λόγος
1619 1379 1814 1447 ὀνομα-

242 1504 259 1533 ι
296 1480 477 1544 σθεὶς,
543 1478 645 1532 κᾶν
700 1475 1066 1548 διαρραγῶσιν
1113 1475 1163 1528 οἱ
1221 1469 1814 1542 ὲτεροδιδασκαλοῦντες

243 1592 261 1626 ι
307 1571 677 1642 ψευδόμενοι,
723 1567 859 1622 ἀλλά
901 1566 1107 1638 κυρίως
1142 1582 1201 1619 τε
1252 1565 1346 1617 καὶ
1383 1561 1597 1633 ἀληθῶς
1636 1560 1813 1630 ὑπάρ-

242 1684 263 1716 ι
303 1682 416 1736 χων
448 1663 644 1732 Λόγος’
682 1681 701 1713 ι
757 1661 851 1713 καὶ
892 1658 1215 1731 προστίθησι
1239 1673 1252 1688 ο
1288 1675 1308 1709 ι
1361 1656 1425 1708 Τί
1485 1653 1594 1725 γὰρ
1628 1654 1812 1724 ἕτερον

242 1777 262 1808 α
297 1752 370 1827 ἦν
408 1752 897 1824 ἀποκεκρυμμένον
936 1751 1231 1821 μυστήριον
1262 1747 1295 1819 ἢ
1324 1747 1463 1801 κατὰ
1491 1747 1582 1801 τὸν
1607 1744 1811 1812 Λόγον;

242 1868 260 1900 ι
298 1845 461 1901 οὕτω
490 1846 546 1899 δὲ
567 1841 634 1916 ἦν
667 1840 1153 1915 ἀποκεκρυμμένον
1180 1842 1238 1893 ὲν
1264 1839 1342 1911 τῷ
1368 1838 1487 1909 Θεῷ
1513 1838 1662 1891 τουτί
1685 1836 1816 1907 πρό-

1919 668 1937 700 ι
1975 659 2124 704 certe
2150 646 2590 718 iudigebatDeus,
2609 645 2962 714 appellatione
2987 643 3111 707 alia,
3131 652 3316 711 utputa
3351 658 3462 694 ma-

1917 762 1935 793 ‹
1974 742 2156 806 terim,
2190 752 2281 795 aut
2320 739 2396 793 rei
2429 738 2675 792 humanae
2731 739 3139 808 cujuscunque:
3174 737 3267 789 sed
3321 734 3465 788 illius

1918 854 1936 886 ι
1972 833 2137 889 solius
2175 841 2483 902 apparatus,
2522 830 2613 900 qui
2652 833 2704 883 in
2748 828 2863 895 ejus
2917 836 3092 883 mente
3130 828 3461 881 versabatur.

1917 943 1936 975 ι
1974 922 2416 991 Quandoquidem
2434 936 2562 991 ergo
2588 917 2914 987 impossibile
2930 917 3121 981 fuerat,
3138 919 3253 970 sine
3274 916 3463 978 verbo,

1918 1035 1936 1067 ι
1972 1008 2033 1070 et
2080 1015 2246 1073 verbo
2295 1014 2648 1069 conveniente
2687 1011 2999 1081 prudentia,
3030 1011 3191 1063 Deum
3227 1009 3466 1077 cogitare

1918 1126 1936 1159 ι
1974 1110 2158 1164 mundi
2200 1108 2415 1163 affuisse
2451 1105 2766 1169 conditurae,
2804 1117 2905 1157 non
2953 1102 3219 1156 immerito
3241 1102 3411 1169 inquit
3447 1117 3461 1153 :

1918 1225 1937 1257 ι
1972 1204 2105 1259 Cum
2115 1216 2434 1271 praeparare:
2449 1199 2654 1263 caelum,
2671 1213 2776 1250 una
2797 1195 3006 1248 aderam
3030 1205 3195 1246 tecum
3210 1193 3277 1245 ⁸⁸.
3292 1211 3309 1241 ι
3320 1190 3467 1260 Adji-

1910 1297 1987 1353 cit
2013 1296 2188 1351 denuo
2216 1309 2247 1350 e
2276 1290 2627 1349 similitudine
2652 1287 2871 1343 humani
2904 1285 3078 1348 verbi,
3130 1292 3184 1337 et
3231 1282 3465 1336 Verbum

1913 1389 2005 1444 Dei
2044 1401 2194 1451 esse,
2230 1393 2288 1440 ut
2332 1383 2644 1440 ostenderet
2694 1380 2825 1436 illud
2880 1377 3103 1433 minime
3152 1374 3467 1429 subsistere.

1913 1478 2115 1536 Scribit
2149 1479 2317 1542 enim,
2358 1493 2377 1527 ι
2407 1474 2519 1530 Hoc
2549 1474 2603 1528 in
2636 1472 2775 1538 loco,
2811 1470 2907 1536 ait,
2937 1468 3050 1538 Ego
3078 1483 3193 1520 sum
3212 1466 3301 1535 qui
3328 1480 3467 1537 sum,

1918 1590 1938 1624 ι
1982 1572 2047 1626 ad
2076 1569 2294 1640 Moysen
2330 1567 2565 1638 loquitur
2604 1564 2780 1619 Pater.
2812 1582 2830 1614 ι
2872 1561 2975 1633 [Β.
3002 1560 3111 1616 LVI
3142 1560 3263 1614 coll.
3288 1575 3339 1628 p.
3371 1558 3472 1612 114

1920 1679 1939 1713 ι
1979 1663 2041 1726 Ι),
2087 1660 2189 1714 118
2238 1656 2636 1728 B.]Loquitur
2667 1662 2845 1707 autem
2889 1652 3028 1720 quod
3080 1657 3326 1711 constat,
3376 1660 3474 1715 per

1919 1773 1937 1805 ι
1972 1753 2204 1808 Verbum
2226 1764 2402 1803 suum.
2426 1747 2766 1815 Quaecunque
2799 1742 2995 1797 etenim
3019 1740 3256 1810 loquitur
3284 1738 3469 1803 Pater,

1920 1867 1939 1901 ι
1979 1849 2092 1902 haec
2108 1846 2305 1914 ubique
2323 1857 2418 1912 per
2438 1840 2671 1895 Verbum
2706 1852 2858 1893 suum
2881 1836 3084 1890 locutus
3105 1832 3333 1886 videtur.
3360 1830 3474 1885 Iloc

239 1960 258 1991 σ
296 1954 461 2010 τερον
520 1905 1108 2008 τὸ’μυστήριον,’ἄλστε
1161 1905 1364 2003 μηδένα
1406 1905 1500 1984 τοῦ
1547 1905 1811 2000 προτέρου

1923 1961 1941 1993 ι
1980 1905 2233 2011 apparet;
2260 1937 2304 1991 si
2331 1948 2493 2005 parva
2524 1933 2650 1987 licet
2677 1930 2886 1999 magnis
2909 1940 3233 1995 componere
3258 1933 3313 1979 et
3337 1923 3477 1977 divi-

238 2050 259 2081 ι
303 2028 436 2083 λαοῦ
470 2028 658 2098 σαφῶς
687 2027 759 2081 τά
781 2026 924 2081 κατὰ
949 2024 1039 2078 τὸν
1064 2022 1236 2092 Λόγον
1261 2022 1457 2076 ειδέναι
1476 2038 1491 2053 ⁸
1519 2020 1633 2075 ἀλλ’
1667 2020 1814 2090 ἡμᾶς

238 2141 257 2172 σ
294 2120 392 2174 τοῦ
426 2118 656 2173 πλούτου
681 2117 783 2187 τῆς
825 2116 1005 2187 δόξης,
1042 2115 1135 2169 καὶ
1174 2114 1269 2169 τοῦ
1320 2111 1810 2184 ἀποκεκρυμμένου

236 2229 257 2261 ι
307 2209 613 2279 μυστηρίου
640 2206 933 2262 ἀπολαύειν
964 2205 1080 2259 νυνί
1121 2205 1253 2276 (48).
1288 2223 1307 2257 ι
1334 2204 1442 2258 Καὶ
1470 2202 1607 2274 μετά
1640 2200 1813 2254 ταῦτα

231 2307 403 2361 πάλιν
432 2303 748 2376 ἀνθρωπίνῃ
779 2304 1042 2375 κέχρηται
1066 2301 1254 2364 εἰκόνι,
1273 2301 1459 2355 τοῦτον
1473 2299 1698 2371 γράφων
1724 2298 1813 2351 τὸν

231 2398 459 2471 τρόπον·
485 2397 610 2460 «Τίς
636 2396 745 2469 γὰρ
768 2394 992 2466 οὕτωςῆ
1018 2394 1126 2449 τῶν
1156 2395 1327 2463 ἁγίων
1363 2393 1626 2463 ἀγγέλων,
1651 2392 1684 2461 ἢ
1722 2392 1814 2444 ἀν-

235 2509 257 2541 ι
292 2488 440 2561 δρῶν
499 2487 721 2541 δικαίων
781 2486 1090 2553 ἀξιόπιστος
1140 2480 1208 2557 ἦν
1266 2485 1364 2556 τὴν
1415 2486 1479 2538 ὲκ
1524 2482 1811 2555 προσώπου

237 2601 258 2633 ι
292 2579 391 2635 τοῦ
466 2579 600 2632 Θεοῦ
670 2578 972 2650 ὁρισθεῖσαν
1045 2577 1193 2649 αύτῷ
1256 2577 1525 2647 τιμωρίαν
1597 2573 1810 2634 λύσαις

236 2690 257 2723 σ
295 2673 347 2724 εί
381 2671 457 2742 μὴ
483 2670 644 2733 αὐτὸς
668 2670 697 2722 ό
720 2669 889 2737 Λόγος
911 2669 940 2720 ὁ
978 2665 1280 2750 συμπαρόθ
1315 2683 1373 2719 τε
1409 2665 1521 2733 (49)
1554 2663 1646 2717 καὶ
1673 2680 1812 2733 συμ-

236 2783 257 2819 σ
299 2764 555 2818 πλάττων
576 2762 711 2833 πρὸς
736 2761 795 2814 δν
816 2761 844 2813 ὁ
874 2760 1087 2832 Πατὴρ,
1112 2758 1461 2828 Ποιήσωμεν
1478 2757 1810 2826 ἄνθρωπον,

236 2876 256 2908 ι
291 2856 426 2926 ἔφη,
466 2855 593 2908 κατ’
617 2855 823 2907 εἰκόνα
846 2851 1137 2922 ἡμετέραν
1152 2852 1249 2905 καί
1279 2851 1581 2920 ὁμοίωσιν,
1600 2849 1699 2902 οὐκ
1729 2849 1815 2901 δν-

236 2969 255 2999 ι
294 2966 392 3012 τος
416 2947 605 3019 ἐτέρου
635 2945 770 2999 Θεοῦ
797 2945 889 2999 τοῦ
927 2944 1293 3015 συμπλάττειν
1320 2941 1467 3013 αὐτῷ
1496 2940 1810 3011 δυναμένου.

235 3061 255 3093 ο
316 3040 463 3111 Ἐγὼ
485 3038 597 3108 γάρ
618 3041 753 3107 ειμι,
770 3036 923 3108 φησὶ,
959 3034 1103 3101 Θεὸς
1138 3033 1388 3103 πρῶτος-⁸
1416 3033 1514 3086 καὶ
1534 3031 1649 3102 ἐγὼ
1666 3030 1814 3101 μετὰ

235 3153 253 3185 ι
299 3132 512 3195 ταῦτα,
548 3129 645 3184 καὶ
675 3127 842 3197 πλὴν
865 3126 1009 3196 ἐμοῦ
1057 3124 1199 3192 Θεὸς
1241 3125 1441 3192 ἕτερος
1481 3125 1592 3177 οὐκ
1622 3123 1809 3176 ἐστιν.

235 3246 255 3277 ι
290 3224 436 3279 Οὔτε
479 3217 575 3276 οὖν
619 3219 879 3287 νεώτερός
910 3235 992 3281 τις
1037 3216 1187 3281 Θεὸς,
1230 3215 1353 3304 οὔτε
1385 3216 1531 3269 ἐστὶν
1557 3214 1713 3277 ἀλλος
1731 3230 1814 3276 τις
1840 3245 1883 3304 c

234 3336 254 3369 ο
300 3316 444 3388 μετά
489 3313 662 3378 ταῦτα
703 3310 835 3374 Θεὸς
867 3308 962 3374 ὢν,
1004 3308 1122 3379 Θεῷ
1157 3301 1438 3377 συνέργείν
1466 3306 1685 3368 δυνατὸς
1722 3300 1811 3375 ἦν.

236 3432 254 3463 ι
307 3409 455 3465 Ἀλλ’
490 3408 657 3471 εἴτις,
692 3404 871 3477 μικρῷ
902 3421 1010 3457 τινι
1034 3403 1129 3456 καὶ
1159 3401 1482 3472 ἀνθρωπίνῳ
1520 3399 1641 3453 καθ’
1668 3399 1815 3469 ἡμᾶς

236 3524 255 3555 ι
293 3500 702 3573 παραδείγματι
730 3496 1027 3569 χρώμενος,
1061 3495 1136 3559 ὡς
1172 3494 1258 3547 διὰ
1280 3492 1504 3555 εἰκόνος,
1535 3491 1633 3563 τὴν
1667 3490 1817 3544 θείαν

237 3615 257 3648 ι
283 3593 537 3659 ἐξετάζοι
566 3591 783 3662 πρᾶξιν,
813 3589 1000 3659 ὥσπερ
1032 3587 1097 3641 ἄν
1126 3604 1210 3649 τις
1236 3582 1670 3656 ἀνδριαντοποιὸς
1698 3582 1819 3637 ἐπι-

236 3708 258 3737 σ
299 3687 530 3757 στήμων
565 3684 724 3755 ἀνὴρ,
755 3682 1045 3753 ἀνδριάντα
1075 3679 1271 3732 πλάσαι
1298 3676 1634 3747 βουλόμενος,
1663 3674 1818 3745 πρῶ-

238 3799 256 3831 ι
291 3795 391 3832 τον
418 3777 519 3848 μὲν
547 3775 672 3839 τοὺς
696 3774 896 3836 τύπους
921 3771 1082 3825 αὑτοῦ
1117 3770 1212 3824 καὶ
1235 3769 1589 3840 χαρακτῆρας
1610 3768 1666 3819 ὲν
1693 3768 1819 3819 ἑαυ-

239 3890 257 3922 ι
289 3869 373 3940 τῷ
412 3870 623 3921 σκοπεῖ·
668 3867 855 3919 ἔπειτα
885 3863 1085 3925 πλάτος
1122 3878 1182 3914 τε
1216 3860 1311 3914 καὶ
1340 3859 1533 3931 μῆκος,
1560 3858 1682 3911 ὅσον
1731 3855 1821 3909 εύ-

238 3982 257 4010 ι
305 3959 541 4031 πρεπὲς,
588 3958 776 4019 ὲννοεῖ,
823 3952 1115 4021 ἀναλογίαν
1140 3967 1200 4002 τε
1249 3949 1357 4035 τοῦς
1390 3946 1610 4011 παντὸς,
1650 3946 1707 3997 ὲν
1741 3944 1821 4014 τῷ

238 4073 255 4105 ι
297 4052 424 4107 καθ’
454 4051 682 4103 ’ἑκαστον
715 4046 960 4115 ἐξετάζει
994 4045 1172 4116 μέρει,
1208 4040 1411 4113 χαλκοῦ
1436 4057 1496 4093 τε
1529 4040 1626 4109 τὴν
1650 4037 1821 4109 πρόσ-

240 4166 259 4198 ι
301 4161 473 4216 φόρον
496 4141 789 4213 ἑτοιμάσας
817 4139 971 4211 ὓλην,
1006 4137 1210 4191 καὶτὸν
1237 4134 1491 4204 ἐσόμενον
1530 4131 1821 4203 ἀνδριάντα

242 4258 261 4290 ι
303 4240 375 4308 τῇ
423 4233 619 4289 ἑαυτοῦ
678 4231 1045 4304 προτυπώσας
1091 4227 1318 4297 διανοίᾳ,
1346 4225 1439 4278 καὶ
1457 4223 1661 4295 νοητῶς
1691 4223 1823 4293 ὁρᾷν

242 4348 262 4379 ι
297 4322 554 4396 νομίσας,
604 4322 855 4385 συνειδώς
902 4338 962 4373 τε
1013 4317 1192 4388 ἑαυτῷ
1226 4317 1505 4386 συνεργεῖν
1528 4314 1618 4367 τὸν
1647 4312 1822 4381 λόγον,

245 4440 263 4471 ι
308 4413 356 4487 ᾧ
382 4416 677 4487 λογίζεται,
705 4416 797 4469 καὶ
824 4406 869 4482 ᾧ
905 4412 1081 4465 πάντα
1123 4410 1382 4481 πράττειν
1424 4406 1630 4470 εἴωθεν,
1653 4404 1825 4475 (οὐδὲν

1919 2055 1938 2086 ι
1976 2032 2083 2098 nis,
2115 2046 2145 2087 a
2168 2027 2584 2096 nobismetipsis.
2606 2022 2713 2079 Nos
2745 2021 2940 2078 etenim
2968 2018 3148 2075 omnia
3169 2058 3185 2083 ,
3212 2029 3475 2086 quaecun-

1918 2146 1938 2178 ι
1974 2140 2078 2194 que
2096 2123 2357 2181 volumus.
2388 2127 2647 2189 quantum
2671 2114 2861 2170 saltem
2881 2113 2935 2166 in
2974 2110 3130 2166 nobis
3166 2117 3269 2172 est,
3296 2106 3477 2161 facere

1918 2238 1937 2269 ι
1969 2225 2025 2273 et
2070 2216 2272 2277 dicere,
2300 2226 2395 2283 per
2426 2219 2670 2266 nostrum
2697 2205 2918 2261 verbum
2960 2215 3361 2273 procuramus.»
3382 2195 3473 2269 [IL

1913 2306 2119 2363 LXVIII
2150 2305 2276 2361 coll.
2312 2319 2367 2374 p.
2394 2301 2497 2357 132
2529 2298 2618 2373 C.]
2651 2298 2749 2355 Ubi
2775 2295 3028 2352 nonnulla
3072 2294 3475 2355 interseruerat,

1912 2398 2211 2457 subnectit:
2236 2414 2255 2448 ι
2277 2396 2508 2463 Quinam
2524 2393 2688 2464 igitur
2702 2388 2967 2453 Asterius,
2982 2401 3102 2441 cum
3120 2400 3228 2455 pra:
3241 2398 3299 2438 se
3314 2382 3481 2436 l'erret

1917 2511 1937 2545 ι
1984 2491 2320 2562 simpliciter,
2346 2498 2400 2545 et
2423 2502 2544 2543 cum
2570 2485 2764 2541 timore
2802 2481 3033 2551 quodam
3062 2478 3211 2547 sequi
3237 2475 3482 2544 Scriptu-

1918 2606 1936 2639 ι
1983 2599 2165 2640 rarum
2199 2589 2437 2645 ductum,
2482 2578 2627 2632 illam
2668 2589 2854 2630 earum
2885 2581 3095 2643 partem
3138 2580 3314 2623 tamen
3373 2582 3477 2620 non

1918 2696 1937 2730 ‹
1985 2674 2338 2745 intelligebat,
2375 2671 2633 2726 Dominus
2663 2667 2804 2721 Deus
2832 2674 2985 2727 tuus,
3018 2661 3121 2716 iste
3168 2659 3307 2714 Deus
3342 2672 3481 2710 unus

1918 2789 1937 2823 ι
1985 2777 2086 2824 est.
2125 2768 2301 2831 Deus,
2359 2765 2413 2818 in
2465 2760 2621 2817 caelis
2670 2772 2908 2823 sursum,
2959 2763 3013 2808 et
3065 2765 3225 2822 super
3278 2760 3477 2803 terram

1918 2879 1938 2912 ι
1985 2862 2275 2922 deorsum,
2326 2868 2426 2910 nec
2482 2852 2622 2907 alius
2683 2850 2858 2904 adhuc
2912 2856 2997 2903 est
3050 2853 3247 2915 praeter
3291 2838 3480 2895 illum?

1918 2972 1937 3005 ι
1981 2952 2131 3009 Unus
2159 2960 2261 3015 est,
2288 2948 2481 3018 inquit,
2516 2955 2571 3001 et
2594 2954 2792 3015 praeter
2813 2942 2961 2996 illum
2993 2954 3096 2993 non
3139 2945 3222 2991 est
3254 2933 3410 2988 alius.
3452 2952 3471 2983 ι

1912 3040 2145 3111 Pergens
2184 3039 2437 3106 deinceps
2473 3032 2748 3091 contendit
2790 3027 3186 3088 vehementius,
3215 3042 3230 3079 :
3264 3022 3355 3095 [Β.
3386 3020 3479 3075 XL

1911 3132 2038 3188 coll.
2091 3145 2146 3199 p.
2179 3129 2281 3186 Il6
2310 3127 2392 3200 C]
2434 3145 2452 3178 ι
2489 3125 2603 3179 Non
2651 3131 2769 3178 erat
2798 3119 3024 3176 verbum
3049 3158 3065 3183 ,
3103 3118 3280 3171 dictus
3335 3122 3483 3169 cata-

1921 3242 1939 3275 ε
1987 3222 2289 3286 chrestice,
2333 3225 2653 3288 rumpantur
2695 3215 2820 3269 licet
2869 3212 2941 3265 illi
2992 3207 3341 3270 mentiendo,
3390 3205 3478 3273 qui

1921 3327 1940 3361 ι
1989 3308 2321 3364 contrarium
2377 3314 2619 3368 tuentur,
2671 3303 2764 3358 sed
2804 3301 3020 3372 proprie
3066 3307 3118 3352 et
3167 3295 3480 3365 simpliciter

1922 3420 1941 3454 ι
1988 3410 2108 3456 erat
2146 3398 2407 3455 Verbum.
2434 3416 2453 3450 ι
2510 3395 2764 3464 Adiungit
2797 3412 2811 3447 :
2846 3393 2943 3464 [Β.
2979 3389 3116 3445 XLV
3159 3405 3215 3459 p.
3267 3388 3370 3441 144
3421 3384 3481 3454 Il]

1921 3512 1940 3545 ι
1986 3492 2124 3560 Quid
2176 3504 2306 3546 vero
2355 3496 2475 3544 erat
2513 3486 2655 3540 aliud
2683 3483 2997 3557 mysterium
3040 3480 3169 3535 illud
3197 3476 3482 3531 abscondi-

1923 3604 1942 3637 ι
1989 3593 2124 3649 tum,
2158 3596 2320 3652 quam
2349 3578 2644 3634 secundum
2688 3575 2920 3631 Verbum
2955 3572 3088 3627 Dei?
3134 3570 3259 3624 Erat
3303 3577 3483 3621 autent

1924 3697 1942 3730 ι
1991 3675 2143 3741 illud,
2168 3675 2242 3730 ita
2268 3674 2397 3729 olim
2433 3673 2485 3726 in
2525 3671 2635 3725 Deo
2665 3666 3039 3723 absconditum
3068 3663 3250 3732 prius.
3284 3671 3337 3715 ut
3365 3658 3485 3712 nul-

1925 3788 1944 3821 ι
1995 3768 2074 3822 lus
2103 3766 2260 3837 plane
2287 3765 2426 3833 apud
2467 3760 2722 3833 p0pu|um
2762 3758 3036 3827 priorem,
3082 3753 3359 3824 perspicue
3392 3750 3481 3803 illa

1926 3878 1943 3911 ι
1992 3866 2238 3913 cerneret
2265 3870 2386 3925 qua;
2415 3853 2481 3906 ad
2528 3850 2764 3905 Verbum
2796 3845 3162 3918 pertinebant.
3214 3841 3322 3896 Nos
3354 3854 3483 3892 vero

1927 3970 1945 4002 ι
1993 3951 2047 4005 in
2104 3947 2356 4017 praasenti
2423 3944 2654 3998 fruimur
2711 3939 2915 3994 divitiis
2968 3935 3149 4003 gloria:
3206 3932 3370 4001 ipsius
3429 3941 3485 3984 et

1928 4062 1946 4096 ι
1994 4040 2233 4113 mysterii
2262 4036 2505 4093 revelati.
2532 4052 2551 4086 ι
2601 4031 2844 4086 Humana
2884 4029 3096 4082 demum
3133 4024 3300 4077 utitur
3333 4020 3484 4075 simi-

1935 4109 2160 4189 litudine
2212 4130 2278 4184 ad
2333 4129 2478 4183 hunc
2542 4124 2760 4180 modum
2819 4119 3067 4173 scribens
3112 4131 3125 4164 ε
3192 4113 3212 4186 ἶ
3264 4112 3330 4166 R.
3392 4109 3481 4164 LII

1924 4225 2047 4282 coll.
2091 4240 2146 4293 p.
2203 4216 2352 4290 1'25]
2418 4214 2594 4280 «Quis
2635 4224 2763 4264 vero
2804 4207 2904 4262 fuit
2963 4206 3097 4259 adeo
3158 4204 3350 4273 dignus
3398 4200 3483 4255 vel

1931 4334 1949 4366 ι
2001 4291 2140 4368 inter
2174 4309 2422 4364 homines
2449 4304 2625 4375 justos
2663 4301 2747 4355 vel
2787 4307 3008 4353 sanctos
3049 4291 3483 4360 etiamangelos.

1932 4425 1951 4458 ι
1996 4417 2211 4475 poenam
2277 4414 2305 4453 a
2368 4397 2476 4452 Deo
2527 4396 2579 4450 in
2648 4393 2769 4447 illos
2844 4388 3168 4444 destinatam
3229 4382 3484 4437 amoliri?

246 4532 266 4564 ι
298 4475 412 4581 γὰρ
575 4475 717 4576 λόγῳ
770 4475 1086 4574 γιγνόμενον
1134 4475 1339 4572 καλόν)
1396 4498 1696 4570 ἀρχόμενος
1727 4496 1815 4566 τῆς

1932 4518 1951 4551 ι
1995 4504 2053 4561 >3
2089 4494 2323 4549 Verbum
2357 4489 2529 4545 solum
2582 4486 2671 4555 qui
2721 4498 2825 4538 una
2878 4481 3067 4535 aderat
3102 4492 3225 4532 cum
3259 4475 3389 4537 Deo,
3429 4481 3487 4528 et

245 4622 263 4652 ι
310 4567 583 4671 ﬁesﬁes;
616 4567 818 4667 ταύτης
842 4567 1153 4666 ’ἐργασίαα
1190 4567 1329 4664 πρὸς
1373 4567 1556 4655 αὑτὸν,
1581 4588 1657 4652 ὡς
1689 4586 1815 4657 πρὸς

1932 4609 1950 4642 ι
1986 4603 2089 4642 una
2115 4602 2234 4638 cum
2263 4584 2352 4638 illo
2377 4579 2640 4647 elIigiarat
2670 4575 2937 4629 hominem
2965 4588 2980 4624 :
3014 4572 3079 4625 ad
3111 4583 3271 4638 quem
3320 4567 3485 4620 dicc-

245 4714 262 4744 ι
292 4693 509 4762 ἕτερον,
528 4686 957 4759 παρακελεύεται
982 4685 1171 4753 λέγων’
1195 4685 1327 4752 ’Λγε
1350 4682 1663 4753 ποιήσωμεν
1685 4679 1818 4749 (50)·

246 4806 263 4835 ι
304 4784 409 4853 ἄγε
443 4781 738 4850 πλάσωμεν
764 4778 1071 4848 ἀνδριάνταο
1100 4775 1272 4838 οὕτως
1296 4777 1325 4829 ό
1344 4774 1452 4829 τῶν
1475 4773 1609 4827 ὅλων
1625 4770 1817 4824 δεσπό-

246 4897 264 4927 ι
304 4890 409 4944 της
451 4872 603 4935 Θεὸς,
647 4869 739 4924 τὸν
794 4868 1034 4940 ἔμψυχον
1071 4869 1135 4920 ὲκ
1166 4868 1269 4937 γῆς
1299 4864 1587 4937 ἀνδριάντα
1626 4860 1814 4925 ποιῶν,

1914 4670 1950 4732 Δι
1990 4680 2083 4734 bat
2113 4676 2293 4736 Pater,
2326 4670 2611 4724 Faciamus
2634 4665 2917 4726 hominem,
2937 4660 3005 4713 ad
3032 4659 3309 4727 imaginem
3339 4666 3383 4709 et
3406 4655 3484 4707 si-

1931 4787 1948 4818 c
1982 4765 2327 4819 militudinem
2350 4769 2580 4812 nostram
2606 4755 2672 4821 ’9,
2707 4767 2828 4806 cum
2870 4766 2972 4804 non
3005 4756 3244 4803 exstaret
3288 4744 3482 4814 aliquis

1931 4877 1947 4908 ι
1987 4856 2122 4908 alius
2147 4853 2304 4916 Deus,
2332 4848 2419 4919 qui
2446 4861 2565 4901 cum
2605 4843 2695 4898 illo
2730 4858 2831 4896 una
2868 4838 3104 4908 eﬁigiare
3128 4846 3325 4907 posset.
3365 4833 3479 4902 Ego

316 4996 377 5055 ›Ι‹
405 4988 505 5043 Ed.
540 4985 739 5051 Paris.,
778 4998 901 5054 pag.
929 4983 1020 5037 41.
1094 4982 1139 5014 ⁸⁸
1166 4980 1321 5036 Prov.
1360 4994 1475 5045 VIII,
1502 4979 1591 5032 27.
1667 4978 1711 5009 ”
1734 4976 1865 5034 Gen.
1904 4991 1942 5041 ι,
1964 4971 2055 5026 ‘26.

318 5174 438 5244 (L7)
487 5169 776 5244 Ἠμεξτέρῳ
802 5168 1106 5244 ποιοῖμεν·2
1132 5166 1252 5244 Non
1270 5175 1350 5220 est
1368 5164 1521 5244 plena
1535 5161 1807 5244 .redditio,

245 5232 535 5309 ailde,'xa‘t
552 5232 821 5310 λέγομεν.
847 5240 893 5293 Μ
909 5232 990 5293 .-Ᾰ
1017 5239 1147 5310 Dein
1171 5238 1325 5310 Vulgo
1353 5232 1664 5310 mutam
1686 5233 1807 5310 επι-

246 5302 406 5386 φέρει
430 5322 487 5367 et
522 5302 752 5386 ἀφόβως
779 5326 907 5365 mss.
930 5310 1048 5364 loco
1081 5308 1211 5378 ὲμφ.
1254 5302 1369 5360 Mox
1406 5304 1562 5372 vulgo
1589 5302 1810 5372 διαρρα-

246 5380 399 5453 γοῖεν
431 5393 488 5437 et
512 5380 653 5435 κατά
682 5380 871 5453 Λόγον.
1014 5449 1024 5453 _
1047 5434 1051 5438 _

318 5454 451 5525 (48);
486 5439 1043 5525 ’Aaoxatie'tfrvrl.
1092 5446 1207 5500 Non
1262 5444 1467 5513 inepte,
1514 5439 1811 5525 ἀπολαύον-

248 5511 368 5588 τας.
409 5511 535 5576 ΙΙωο
575 5522 754 5574 omnia
800 5521 863 5571 ad
913 5533 1161 5588 nauseam
1210 5511 1377 5588 usque
1404 5521 1719 5588 repeluntur
1747 5511 1812 5588 _in

251 5580 795 5662 seducutilmslibris.
824 5588 891 5662 M_.
918 5617 982 5662 :—
1015 5587 1141 5662 Qein
1172 5580 1330 5662 vulgo
1368 5585 1432 5653 τῇ
1453 5580 1607 5653 κεχρ.
1647 5580 1813 5633 εἰκόνι

252 5676 307 5717 et
333 5653 443 5715 τῶν
483 5660 689 5731 ἀνδρῶν
717 5669 771 5712 et
800 5658 893 5711 τοῦ
921 5654 1055 5731 Θεοῦ
1086 5653 1393 5731 προσώπου.

268 5804 277 5810 .
325 5733 435 5814 μθ)
479 5720 659 5814 Vulgo“
686 5745 744 5780 τε
793 5745 925 5791 οιιι.,
965 5726 1086 5780 dein
1132 5720 1297 5793 'vulgo
1350 5723 1442 5775 καὶ
1480 5720 1601 5774 καθ’
1630 5722 1720 5791 ὀμ.
1762 5726 1816 5773 et

255 5799 600 5927 ἀνδρζπθιεῖν
634 5799 683 5869 β.

328 5871 439 5942 (⁵0)
483 5873 612 5942 ’Δγ-ε
651 5868 1007 5938 ποιήσωμεν.
1040 5865 1151 5924 Hoc
1188 5879 1293 5920 non
1329 5863 1519 5933 probat
1566 5860 1812 5926 Basilius,

1914 5157 2101 5214 Itomil.
2131 5156 2164 5211 9
2194 5154 2247 5206 in
2280 5150 2635 5220 Hexamernn,
2660 5144 2761 5220 Τις
2787 5140 2895 5220 γὰρ
2928 5135 3159 5220 χαλκεὺς
3186 5131 3218 5202 ἢ

1914 5228 2183 5297 inquiens,
2217 5224 2249 5293 ἢ
2282 5199 2639 5297 σκυτοτόμος,
2672 5199 3216 5297 ,ὲκπὶξτῶνςόργάνων
3246 5199 3345 5278 τῆς
3393 5199 3482 5250 τέ-

2273 5278 2843 5368 καθήμενὸςξοὺιδενὸς
2883 5278 3028 5363 αὐτῇ)
3077 5285 3477 5368 συὲεργρυντοςᾶ

1914 5319 1925 5329 ·
1950 5319 2045 5368 νης
2080 5319 2236 5367 ﬂavo;
2275 5319 2594 5361 καυιλμινυ»,
2633 5319 2840 5343 unum,
2883 5319 3027 5346 ..υ-ηΓ
3081 5319 3290 5342 --νη-,ν
3348 5319 3352 5320 ν
3387 5319 3390 5320 ,
3438 5319 3477 5333 τ,

1914 5319 2063 5436 λέγει
2115 5364 2275 5425 αὐτὸς
2324 5358 2521 5436 ἐαυτῷ,
2578 5338 3477 5436 Ποιήσωμενᾼτῂνι..μὲι-χαίρῃ.ᾊῆ

1919 5408 2104 5508 ἓῦἱὶἐτή
2112 5408 2285 5508 ἔῷεὶὲῐ
2312 5408 2386 5508 ἐξ
2399 5408 2662 5508 ’ἀρδτρρντ
2678 5408 2721 5508 ,ἢ
2769 5408 3478 5508 ἐιὶτεερᾈσξίὲξέἑιξ.9άι.ῖὶὶέὲῖτὶ⁵;

1919 5452 2184 5508 συμπηςω
2230 5452 2285 5485 εν
2312 5452 2374 5483 το
2418 5452 2662 5497 αροτρυν,
2695 5452 2721 5493 ιι
2769 5452 2871 5473 υηιε
2925 5452 3206 5485 κανων.---
3262 5452 3309 5460 --
3351 5452 3447 5461 -..ν

1914 5452 2237 5579 δημα,ἀλζ’
2276 5500 2395 5579 οὐχὶ
2429 5497 2604 5579 σιωπῇ
2631 5493 2737 5579 ξτῂν
2770 5452 3479 5579 επιξάλλουσανλξνέαργεξαξ

1914 5550 2781 5641 Eicigiairllzeciatiusibidem
2828 5566 3030 5641 cont-ra
3090 5550 3476 5641 ᾇυ.(1αξοεε..ριιί

2360 5619 2699 5718 deanimata
2740 5638 2911 5718 statua
2948 5622 3254 5718 1[honltiJ-tisz,“
3259 5619 3476 5718 sicne:-

1956 5691 2453 5781 ιῗιζέείἶῖιέμᾷυχος
2479 5702 2639 5781 εἰκὼν
2652 5703 2725 5781 ’ἐν
2758 5698 2896 5771 μέσῃ
2912 5698 2977 5767 τῇ
2996 5692 3167 5781 κτίσει
3192 5691 3468 5781 ἐκτορνευο

1948 5757 2585 5850 εἶςῗθῖέ-’ἑῗιιτιῖιῗινῖιιιςο
2614 5757 3036 5839 πλάσσωμένξοῑ
3064 5762 3202 5818 itt'lra
3229 5757 3470 5811 λευκοτέν

1920 5874 2017 5922 ραν
2040 5867 2096 5911 ct
2124 5858 2151 5907 ὁ
2183 5853 2311 5915 θεὸς
2341 5862 2600 5909 παντοκρ.
