3970 6532
520 448 627 504 795
1255 448 1521 507 EUSEBII
1559 450 2030 507 CESARIENSIS
2065 450 2216 506 OPP.
2257 451 2432 507 PARS
2473 453 2557 508 IV.
2600 484 2671 494 —
2706 452 3123 510 DOGMATICA.
3655 451 3763 510 796

529 584 547 614 ι
584 566 743 630 enim,
770 564 964 632 inquit,
992 534 1143 619 Deus.
1163 581 1278 619 sum
1300 568 1498 634 primus
1523 586 1536 621 :
1567 567 1677 636 Ego
1712 567 1850 621 Deus
1884 578 2083 632 postre-

2206 585 2213 616 l
2247 566 2346 618 οὐκ
2365 566 2509 638 ἄλλῳ
2526 567 2631 621 τινὶ
2654 567 2787 621 ἀλλὰ
2818 567 2896 639 τῷ
2917 566 3112 620 ἑαυτοῦ
3146 568 3301 637 Λόγῳ
3326 566 3766 638 παρακελεύεται

530 677 547 706 ι
578 673 711 718 mus,
741 665 787 707 et
824 666 1017 722 prater
1039 673 1119 709 me
1146 672 1248 711 non
1292 668 1368 713 est
1402 660 1542 712 alius
1592 660 1729 714 Deus
1766 660 1805 712 ¹.
1846 658 1961 713 Non
2008 668 2091 714 est

2206 675 2214 707 ι
2256 657 2451 724 λέγων·
2499 658 2821 729 Ποιήσωμεν
2865 659 3150 729 ἄνθρωπον
3192 660 3251 712 οὐ
3295 660 3386 713 τὸν
3431 661 3593 714 αὑτὸν
3646 664 3765 725 τοῖς

528 765 547 796 ε
587 748 764 814 itaque
780 743 963 813 junior
990 747 1130 802 Deus
1152 747 1372 817 aliquis,
1401 765 1499 804 nec
1530 750 1582 803 in
1610 751 1861 805 secundis
1885 748 2091 819 positus

527 859 548 889 ι
590 840 727 891 Deos
755 838 975 909 aliquis,
1004 841 1095 909 qui
1120 849 1332 909 poterat
1365 856 1468 896 una
1515 856 1639 896 cum
1679 843 1788 896 Deo
1832 840 2088 909 operari:

529 945 549 978 ι
591 929 681 982 sed
709 928 874 983 veluti
902 930 948 983 si
989 928 1112 998 quis
1134 944 1300 998 parvo
1327 931 1559 1001 quodam
1582 940 1764 986 utatur
1790 932 2093 986 ethuuiano

531 1038 550 1068 ι
584 1021 855 1090 exemplo,
888 1023 959 1075 ita
1002 1038 1115 1077 rem
1144 1024 1304 1078 istam
1351 1025 1627 1080 examinet
1674 1025 1740 1079 ad
1788 1023 2093 1079 similitudi~

533 1132 551 1161 ι
591 1128 733 1167 nem.
754 1113 967 1169 Sicutsi
987 1124 1287 1169 statuarum
1310 1115 1504 1170 artifex
1535 1116 1826 1179 excellens,
1853 1124 2091 1169 statuant

533 1223 551 1252 ι
583 1203 820 1259 conﬂare
850 1205 1187 1275 pr0positum
1243 1205 1473 1271 habens,
1516 1206 1783 1275 imprimis
1817 1208 2093 1259 characte-

533 1316 552 1345 ε
584 1311 674 1351 ras
701 1297 820 1367 ejus
848 1308 1010 1367 atque
1049 1296 1251 1352 formas
1275 1312 1459 1352 secum
1492 1297 1804 1367 speculatur
1835 1316 1848 1351 :
1907 1297 2093 1350 latitu-

535 1408 554 1441 ι
602 1390 780 1445 dinem
820 1390 1079 1459 deinceps
1107 1398 1162 1443 et
1205 1388 1599 1460 longitudinem
1626 1391 1907 1444 decentem
1945 1390 2087 1459 cogi-

537 1499 555 1530 ι
591 1488 706 1544 tat,
740 1487 797 1535 et
838 1479 1006 1533 totius
1054 1477 1459 1547 proportionem
1493 1477 1769 1548 sigillatim
1792 1494 1887 1548 per
1914 1489 2095 1547 partes

534 1590 553 1620 ι
592 1572 773 1624 animo
809 1579 962 1623 tenus
999 1569 1460 1637 amussitatatque
1487 1570 1697 1635 exigit:
1753 1578 1862 1624 tum
1883 1572 2093 1624 domum

536 1680 553 1711 ι
598 1662 898 1725 materiam,
938 1674 1013 1713 tes
1054 1660 1105 1713 iu
1140 1661 1423 1729 procinctu
1455 1669 1754 1730 comparat,
1783 1670 1835 1715 et
1860 1660 2093 1714 lutiiram

546 1771 565 1804 ι
606 1752 753 1806 illam
788 1761 1022 1806 statuam
1051 1751 1233 1805 animo
1262 1766 1363 1806 suo
1394 1751 1723 1805 delineatam
1757 1752 2094 1818 complexus,

537 1862 554 1892 ι
593 1841 805 1912 sibique
840 1843 1109 1907 conscius,
1153 1843 1417 1896 rationem
1450 1842 1595 1896 intus
1630 1857 1810 1904 suam,
1847 1858 1954 1904 qua
2017 1856 2099 1892 ra-

2195 768 2214 799 ι
2248 746 2428 811 ἄλλοις
2450 747 2669 819 τρόπον’
2709 747 2853 818 λόγῳ
2878 746 3039 819 γὰρῆ
3074 750 3227 803 πᾶσα
3263 749 3475 818 ἐγένετο
3498 752 3695 814 κτίσις.
3738 773 3760 803 ι

2192 838 2300 891 Καὶ
2323 838 2532 903 τούτοις
2571 838 2690 910 μεθ’
2717 839 2880 910 ἕτερα
2912 840 3172 910 ἐπιλέγει·
3216 858 3235 891 t
3273 840 3411 894 Νυνὶ
3434 841 3491 894 δὲ
3522 842 3769 897 πιστεύω

2197 949 2215 981 ι
2253 932 2374 993 ταῖς
2418 930 2593 994 θείαις
2646 931 2910 1002 Γραφαῖς,
2958 932 3039 985 ὅτι
3083 929 3164 995 εἷς
3194 932 3345 995 Θεὸς,
3383 932 3475 985 καὶ
3511 932 3541 984 6
3572 932 3765 986 τούτου

2198 1040 2215 1071 ι
2251 1020 2419 1088 Λόγος
2443 1021 2574 1085 Θεὸς
2602 1022 2838 1093 προῆλθε
2874 1023 2973 1094 μὲν
3002 1040 3094 1076 του
3118 1023 3351 1094 Πατρὸς,
3382 1024 3469 1076 ἵνα
3493 1024 3671 1078 πάντα
3697 1024 3766 1077 δι’

2199 1133 2218 1164 ι
2252 1112 2415 1166 αὐτοῦ
2460 1112 2704 1182 γένηται.
2741 1113 2895 1167 Μετὰ
2936 1113 2995 1167 δὲ
3028 1112 3117 1166 τὸν
3155 1113 3343 1182 καιρὸν
3381 1113 3480 1183 τῆς
3507 1114 3767 1185 κρίσεως,

2200 1224 2217 1256 ι
2255 1205 2347 1259 καὶ
2371 1203 2470 1276 τὴν
2495 1204 2602 1258 τῶν
2622 1203 2875 1258 ἁπάντων
2893 1203 3197 1276 διόρθωσιν,
3231 1204 3325 1256 καὶ
3346 1203 3436 1257 τὸν
3460 1204 3770 1275 ἀφανισμὸν

2200 1316 2218 1348 ι
2254 1297 2354 1368 τῆς
2393 1296 2780 1368 ἀντικειμένης
2836 1296 3054 1367 ἁπάσης
3105 1294 3405 1366 ἐνεργείας,
3434 1295 3554 1348 τότε
3606 1296 3771 1360 αὐτὸς

2201 1404 2220 1438 ιι
2268 1388 2668 1460 ὑποταγήσεται
2696 1387 2774 1459 τῷ
2812 1386 3137 1453 ὑποτάξαντι
3161 1386 3309 1457 αὐτῷ
3331 1386 3401 1439 τὰ
3432 1387 3630 1450 πάντα,
3651 1387 3773 1459 Θεῷ

2202 1498 2220 1528 ι
2258 1480 2348 1534 καὶ
2361 1481 2554 1553 Πατρὶ,
2582 1480 2834 1544 ἴνόῠτως
2935 1481 2993 1533 ὲν
3025 1478 3143 1550 Θεῷ
3170 1480 3199 1532 6
3230 1479 3420 1547 Λόγος,
3461 1479 3652 1551 ὥσπερ
3678 1480 3773 1533 καὶ

2203 1593 2219 1623 i
2253 1573 2514 1645 πρότερον
2538 1568 2626 1645 ἦν,
2658 1574 2765 1644 πρὸ
2787 1572 2882 1626 τοῦ
2900 1572 2991 1626 τὸν
3020 1574 3221 1643 κόσμον
3248 1571 3644 1636 εἷναι.οὐδενὸς
3663 1572 3775 1643 γὰρ

2203 1685 2219 1716 ι
2252 1666 2404 1729 ὄντος
2457 1666 2721 1737 πρότερον
2758 1664 2791 1735 ἢ
2827 1664 2962 1718 Θεοῦ
2991 1664 3172 1735 μόνου,
3207 1666 3421 1719 πάντων
3445 1664 3502 1717 δὲ
3544 1664 3636 1716 διὰ
3678 1662 3773 1716 τοῦ

2203 1776 2221 1806 ι
2260 1757 2429 1825 Λόγου
2451 1755 2730 1824 γίγνεσθαι
2767 1756 3084 1827 μελλόντων,
3112 1753 3382 1825 προῆλθεν
3406 1756 3434 1807 6
3454 1754 3630 1823 Λόγος
3644 1754 3777 1824 δρα-

2206 1870 2224 1901 (
2264 1853 2421 1921 στικῇ
2473 1849 2742 1921 ἐνεργείᾳ,
2789 1850 2819 1901 6
2857 1846 3027 1915 Λόγος
3061 1839 3215 1909 οὗτος
3240 1845 3335 1899 τοῦ
3372 1846 3581 1916 Πατρὸς
3610 1844 3708 1897 ῶν.
3753 1864 3771 1895 ι

536 1954 555 1985 ι
592 1908 902 1999 tiocinatur,
932 1944 987 1988 et
1006 1948 1111 2002 qua
1135 1934 1459 1988 administra
1485 1936 1758 2003 componit
1786 1936 1964 1987 omnia
1992 1931 2096 2003 (ni-

2206 1941 2309 1993 Ka‘t
2357 1908 2519 1993 ab“:
2866 1908 3102 1989 διάνοιαν
3123 1934 3445 2005 λευκότερον
3472 1908 3655 2005 τίθησι
3682 1934 3776 1987 λέ-

539 2044 559 2075 ι
596 2024 670 2077 hil
701 2025 901 2078 etenim
933 2023 1218 2093 pulchrum
1244 2034 1350 2088 est,
1374 2037 1478 2076 non
1501 2024 1795 2078 secundum
1830 2024 2095 2076 rationem

2206 2045 2329 2097 γων-
2354 2028 2469 2099 Πρὸ
2494 2028 2602 2099 γὰρ
2630 2026 2723 2080 τοῦ
2739 2027 2830 2080 τὸν
2859 2026 3061 2096 κόσμον
3086 2020 3247 2089 εἶναι,
3281 2020 3349 2096 ἦν
3367 2026 3396 2077 6
3420 2024 3589 2093 Λόγος
3619 2026 3679 2077 ὲν
3695 2040 3780 2093 τῳ

535 2135 555 2167 ι
590 2117 946 2185 exasciatum)
970 2116 1061 2169 ubi
1099 2130 1319 2169 manum
1351 2114 1643 2170 admovere
1666 2116 1819 2185 operi
1865 2116 2095 2182 incipit,

536 2227 557 2261 ι
596 2209 669 2262 ita
711 2217 965 2278 tanquam
1001 2207 1227 2261 alteram
1264 2222 1551 2276 personam
1578 2205 1774 2261 alfatur
1805 2224 1818 2260 :
1847 2208 1981 2277 Age,
2019 2207 2099 2260 la-

536 2319 555 2352 ι
593 2300 825 2365 ciamus,
858 2298 1110 2368 inquiens
1151 2317 1164 2351 :
1225 2311 1326 2368 age
1365 2297 1681 2369 ellingamus
1733 2308 1986 2353 statuam.
2017 2297 2099 2352 Ad

537 2411 556 2443 ι
588 2392 832 2446 eumdem
858 2391 1074 2445 modum
1110 2391 1486 2445 universorum
1528 2390 1793 2445 Dominus
1824 2390 1985 2454 Deus,
2022 2391 2100 2442 vi-

537 2504 555 2536 ι
596 2494 812 2539 ventem
839 2485 904 2539 de
932 2494 1076 2539 terra
1096 2495 1330 2539 statuam
1355 2484 1677 2549 ellinxurus,
1697 2499 1802 2539 non
1836 2484 1902 2538 ad
1935 2484 2098 2536 alium

538 2595 557 2626 ι
594 2577 846 2645 aliquem,
869 2576 961 2632 sed
995 2578 1061 2631 ad
1088 2592 1244 2631 suum
1290 2576 1464 2645 ipsius
1520 2575 1840 2630 Sermonem
1865 2591 1924 2630 se
1952 2591 2101 2629 com-

539 2686 559 2718 ι
602 2668 774 2736 ponit,
798 2666 1110 2745 Faciamus,
1145 2668 1323 2733 aiens,
1356 2667 1641 2732 hominem,
1693 2682 1799 2723 non
1849 2667 1917 2721 ad
1944 2682 2099 2721 eum-

537 2779 557 2810 ι
593 2760 716 2814 dem
752 2757 966 2813 modum
994 2773 1102 2828 quo
1146 2768 1339 2813 caetera
1372 2775 1388 2813 :
1430 2772 1554 2813 uam
1605 2768 1756 2813 certe
1801 2758 2099 2811 secundum

538 2872 556 2904 ι
602 2853 868 2908 rationem
893 2854 1149 2909 universa
1176 2853 1571 2909 formabuntur.
1611 2874 1629 2907 ι
1650 2854 1812 2909 Addit
1838 2855 1955 2908 istis
1985 2863 2102 2922 post

531 2946 637 2999 alia
671 2960 687 2999 :
719 2944 809 3018 [Β.
832 2944 1010 3020 CVIII]
1075 2964 1094 2997 ι
1151 2945 1304 3001 Nunc
1362 2955 1547 3002 autem
1598 2946 1771 3001 sacris
1803 2945 2101 3014 Scripturis

539 3057 557 3090 ι
588 3041 772 3104 credo,
798 3039 941 3108 quod
963 3054 1101 3093 unus
1131 3039 1205 3094 sit
1242 3038 1404 3104 Deus,
1453 3047 1510 3092 et
1545 3039 1661 3106 ejus
1694 3037 1926 3092 Verbum
1957 3036 2099 3090 Deus

538 3148 557 3179 ι
593 3142 624 3182 e
647 3127 805 3184 Patre
834 3128 1051 3198 quidem
1083 3129 1240 3198 exiit,
1262 3140 1323 3185 ut
1348 3128 1528 3184 omnia
1556 3142 1653 3196 per
1684 3127 1834 3182 illum
1889 3127 2098 3180 ﬁerent.

2205 2138 2223 2171 ι
2252 2122 2443 2191 Πατρί.
2471 2121 2599 2172 Ὅτε
2627 2118 2684 2171 δὲ
2704 2119 2733 2171 6
2760 2116 3299 2187 Θεὸςπαντοκράτωρ
3324 2115 3499 2169 πάντα
3515 2114 3583 2168 τὰ
3608 2117 3667 2167 ὲν
3685 2116 3780 2168 οὐ·

2203 2233 2221 2263 ¢
2257 2213 2438 2282 ρανοῖς
2469 2210 2564 2264 καὶ
2605 2209 2699 2263 ἐπὶ
2731 2209 2833 2278 γῆς
2868 2205 3134 2277 προΰθετο
3179 2206 3422 2275 ποιῆσαι,
3447 2207 3780 2277 ὲνεργείαςή

2204 2324 2222 2356 ι
2259 2303 2353 2357 τοῦ
2376 2302 2580 2372 κόσμου
2608 2300 2821 2370 γένεσις
2850 2299 3016 2352 ἐδεῖτο
3040 2298 3356 2370 δραστικῆςο
3375 2297 3469 2350 καὶ
3488 2297 3575 2351 διὰ
3594 2296 3780 2360 τοῦτο,

2207 2414 2223 2447 ι
2257 2394 2481 2466 μηδενὸς
2509 2393 2660 2455 ὄντος
2701 2390 2887 2463 ἑτέρου
2939 2388 3078 2461 πλὴν
3121 2388 3215 2443 τοῦ
3241 2388 3398 2455 Θεοῦ,
3421 2388 3624 2459 (πάντα
3669 2389 3783 2460 γὰρ

2205 2506 2223 2536 ι
2256 2484 2596 2555 ὁμολογεῖται
2638 2483 2728 2535 ὑπ’
2766 2480 2930 2535 αὐτοῦ
2974 2479 3375 2551 γεγεννῆσθαι),
3400 2480 3520 2534 τότε
3546 2482 3575 2534 6
3607 2480 3782 2548 Λόγος

2206 2600 2223 2630 ι
2256 2574 2530 2650 προελθὼν
2547 2575 2753 2644 ἐγίνετο
2778 2572 2871 2627 τοῦ
2898 2574 3101 2642 κόσμου
3136 2571 3383 2644 ποιητὴς,
3406 2572 3436 2625 ὃ
3463 2572 3554 2627 καὶ
3586 2571 3783 2644 πρότε-

2206 2690 2224 2722 t
2255 2688 2343 2741 ρον
2365 2668 2511 2722 ἔνδον
2540 2664 3055 2748 νῃτῶςοόνομάζων
3078 2663 3257 2718 αὐτόν.
3273 2682 3289 2714 ι
3316 2663 3424 2716 Καὶ
3450 2659 3608 2726 αὖθις
3644 2662 3783 2733 μετὰ

2201 2762 2376 2816 πάντα
2392 2759 2642 2829 ἐπιφέρει
2668 2757 2860 2825 λέγων·
2882 2775 2900 2807 ι
2927 2757 3034 2809 Καὶ
3052 2754 3142 2809 διὰ
3160 2754 3315 2808 τοῦτο
3341 2754 3440 2825 οὐχ
3464 2755 3605 2808 ridae
3633 2754 3783 2809 Θεοῦ

2207 2874 2225 2905 ι
2250 2853 2437 2908 ἑαυτὸν
2451 2850 2725 2923 ὀνομάζει,
2744 2848 2858 2903 ἀλλ’
2875 2847 3297 2917 ἄνθρωπον,ἴνα
3310 2846 3397 2901 διὰ
3413 2846 3511 2917 τῆς
3526 2845 3783 2919 τοιαύτης

2207 2963 2225 2996 ι
2249 2943 2535 3015 ὁμολογίας
2573 2942 2720 2996 θέσει
2766 2939 2855 2994 τὸν
2900 2940 3186 3012 ἄνθρωπον
3201 2939 3287 2993 διὰ
3324 2939 3421 3010 τὴν
3453 2939 3588 3010 πρὸς
3620 2938 3783 2992 αὐτὸν

2208 3058 2227 3089 ‹
2251 3036 2534 3093 κοινωνίαν
2555 3034 2670 3088 υἱὸν
2689 3032 2826 3087 Θεοῦ
2843 3032 3095 3102 γενέσθαι
3110 3032 3520 3104 παρασκευάσῃ·
3541 3032 3635 3084 καὶ
3648 3031 3783 3102 μετὰ

2209 3150 2227 3181 ι
2249 3129 2313 3182 τὸ
2354 3128 2507 3191 τέλος
2538 3127 2637 3198 τῆς
2686 3124 2936 3196 πράξεως
2965 3120 3142 3187 αὖθις,
3172 3124 3247 3187 ὡς
3295 3123 3471 3192 λόγος,
3500 3121 3676 3194 ἑνωθῇ
3705 3121 3783 3192 τῷ

540 3240 559 3271 ι
597 3219 722 3275 Post
741 3220 930 3287 judicii
963 3231 1172 3292 tempus
1221 3232 1278 3279 et
1337 3238 1521 3277 rerum
1554 3222 1794 3276 omnium
1826 3232 2096 3275 restaura-

2210 3241 2227 3273 ι
2248 3218 2502 3291 Θεῷ,πλη
2508 3217 2615 3290 ρῶν
2631 3218 2805 3271 έκεῖνο
2817 3217 2877 3269 τὸ
2892 3215 2995 3269 ὑπὸ
3008 3215 3101 3269 τοῦ
3118 3215 3437 3269 ’Λποστόλου
3454 3214 3785 3286 προειρημέ-

543 3330 563 3364 ο
605 3312 836 3381 tionem,
866 3322 922 3369 et
954 3315 1214 3385 opposita:
1242 3314 1526 3385 potestatis
1552 3314 1922 3384 cujuscunque
1948 3327 2096 3366 amo-

2206 3334 2221 3366 ι
2245 3330 2351 3365 νον.
2376 3311 2511 3366 Τότε
2527 3307 2709 3374 αὐτὸς
2725 3305 3169 3376 ὑποταγήσεται
3188 3304 3267 3369 τῷ
3282 3305 3649 3369 ὑποτάξαντι
3681 3307 3785 3359 αὑ.

542 3422 563 3455 ο
606 3404 869 3468 litionem,
895 3415 1019 3458 tum:
1035 3405 1347 3470 subiiciatur
1375 3406 1481 3472 ipse
1522 3404 1627 3469 illi,
1663 3405 1751 3473 qui
1789 3406 1837 3457 ei
1872 3403 2094 3473 subjecit

2206 3423 2221 3455 ι
2246 3401 2324 3467 τῷ
2338 3400 2409 3455 τὰ
2423 3399 2742 3461 πάντα,ἵνα
2754 3392 2793 3469 ᾖ
2808 3394 3002 3451 πάντα
3016 3397 3112 3450 καὶ
3129 3397 3199 3449 ἐν
3213 3394 3362 3451 πᾶσι
3377 3398 3630 3465 Χριστός
3645 3397 3728 3467 (5i
3740 3397 3780 3465 ).

542 3514 562 3547 ι
596 3496 773 3549 omnia
800 3497 844 3560 ',
879 3495 987 3550 Deo
1035 3502 1091 3549 et
1138 3496 1306 3560 Patri,
1354 3504 1410 3548 ut
1440 3496 1506 3549 ad
1538 3511 1664 3550 eum
1698 3494 1913 3548 modum
1944 3495 2015 3548 sit
2049 3493 2096 3546 in

2206 3519 2223 3551 ι
2255 3499 2446 3551 Ἔσται
2466 3494 2574 3566 γὰρ
2588 3484 2895 3565 τηνικαῦτα
2916 3491 3061 3545 τοῦθ’
3096 3494 3232 3564 ὅπερ
3261 3494 3520 3564 πρότερον
3534 3488 3656 3562 ἦν.»
3687 3490 3785 3543 Διὰ

543 3605 562 3639 ι
600 3587 706 3641 Deo
738 3587 952 3641 demum
978 3585 1238 3649 Verbum,
1263 3602 1371 3655 quo
1396 3586 1545 3653 prius
1566 3585 1692 3639 olim
1724 3584 1919 3649 fuerat,
1939 3599 2096 3654 quam

2206 3588 2465 3643 τοσούτων
2489 3584 2808 3658 Μάρκελλος
2838 3586 3021 3654 γυμνῇ
3065 3585 3130 3654 τῇ
3166 3582 3373 3653 κεφαλῇ
3407 3581 3494 3634 τὸν
3530 3580 3658 3635 Υίὸν
3691 3580 3781 3633 τοῦ

545 3690 564 3722 ι
607 3675 839 3727 mundus
873 3683 1178 3727 crearetur.
1206 3672 1341 3727 Nam
1370 3689 1489 3726 cum
1523 3674 1673 3742 prius
1714 3673 1848 3728 nihil
1884 3688 2096 3744 prorsus

2206 3680 2341 3734 Θεοῦ
2370 3677 2701 3750 ἐξωμόσατο.
2723 3676 2787 3728 El
2803 3675 2910 3747 γὰρ
2942 3675 2999 3728 ἓν
3033 3677 3127 3728 καὶ
3159 3674 3352 3728 ταύτὸν
3374 3669 3442 3745 ἦν
3469 3675 3497 3726 6
3523 3672 3784 3735 Θεὸς,καὶ

545 3782 564 3813 ι
602 3773 838 3819 exstaret
869 3765 971 3820 nisi
1003 3765 1152 3821 solus
1180 3766 1344 3831 Deus,
1384 3767 1663 3821 condenda
1695 3777 1874 3822 autem
1924 3777 2096 3822 essenl

2206 3773 2232 3825 6
2265 3775 2322 3824 ὲν
2350 3767 2496 3840 αὑτῷ
2527 3766 2715 3835 Λόγος,
2743 3766 2917 3828 οὐδεὶς
2948 3764 3004 3818 δὲ
3031 3763 3249 3817 πώποτε
3272 3764 3433 3827 αὐτὸς
3465 3760 3661 3816 ἑαυτοῦ
3691 3762 3781 3830 γέ-

547 3874 564 3905 ¢
600 3859 783 3910 omnia
822 3871 919 3926 per
952 3855 1211 3924 Verbum,
1253 3859 1451 3927 prodiit
1474 3858 1709 3913 Verbum
1747 3860 1946 3913 virtute
1972 3872 2096 3929 prai-

2206 3863 2335 3917 νοιτ’
2393 3860 2459 3914 ἂν
2498 3859 2707 3930 Πατὴρ,
2736 3857 2812 3921 ὡς
2866 3856 2972 3909 οὐδ’
3003 3856 3163 3919 αὐτὸς
3200 3856 3391 3909 ἑαυτοῦ
3424 3856 3540 3919 υίὸς
3583 3852 3661 3907 ὣν
3692 3854 3782 3907 καὶ

547 3968 565 3998 ι
598 3949 772 4003 ditum
805 3951 1112 4018 olieratrice
1144 3968 1159 4005 :
1195 3948 1428 4006 Verbum
1463 3950 1681 4019 inquam
1714 3951 1843 4005 illud
1874 3951 2017 4019 quod
2052 3951 2096 4002 in

2213 3954 2391 4024 μόνος,
2414 3948 2493 4014 εἷς
2515 3951 2571 4004 δὲ
2601 3949 2759 4022 μόνος
2787 3944 2876 4020 ἦν,
2908 3948 3003 4001 καὶ
3038 3948 3225 4012 ἐαυτὸς
3252 3946 3328 4018 τῷ
3355 3945 3547 4000 ἑαυτοῦ
3573 3946 3731 4016 Λόγῳ
3754 3947 3782 3998 6

546 4057 566 4091 ι
602 4039 760 4092 Patre
784 4039 904 4095 fuit.
945 4065 963 4093 ο
997 4040 1209 4097 Rursus
1265 4052 1445 4095 autem
1490 4041 1733 4095 eamdem
1779 4040 2096 4096 sententiam

2211 4044 2363 4109 Θεὸς,
2406 4042 2565 4113 δῆλον
2608 4041 2685 4104 ὡς
2721 4040 2780 4093 οὐ
2816 4038 3003 4110 Πατὴρ
3028 4035 3116 4109 ἦν,
3150 4038 3223 4110 μὴ
3254 4038 3589 4109 ὑπάρχοντος
3637 4034 3781 4106 αὐτῷ

540 4132 862 4200 explicatius
887 4134 1041 4203 ponit
1062 4135 1113 4189 in
1140 4134 1521 4205 sequentibus:
1544 4132 1632 4205 [Β.
1654 4132 1759 4187 LIV
1792 4134 1914 4188 coll.
1947 4133 2096 4202 p.ll1

2213 4135 2363 4189 Υἱοῦ’
2394 4134 2517 4188 οὒτε
2553 4135 2698 4198 Υἱὸς,
2737 4133 2812 4204 μὴ
2838 4132 3144 4202 ὑφεστῶτος
3175 4132 3323 4202 αὐτῷ
3341 4132 3571 4202 Πατρός.

545 4223 736 4289 0,165
768 4224 833 4296 Α]
880 4245 899 4278 ι
935 4226 1092 4282 Prius
1112 4229 1257 4282 enim
1282 4242 1447 4297 quam
1477 4227 1711 4282 mundus
1739 4228 2065 4283 conderetur
2098 4268 2113 4290 ,
2145 4240 2266 4284 erat
2292 4227 2542 4297 Verbum;
2572 4227 2626 4281 in
2671 4225 2836 4280 Patre
2872 4241 2992 4279 suo.
3013 4224 3146 4279 Cum
3186 4240 3314 4279 vero
3352 4223 3492 4278 Deus
3540 4223 3782 4292 omnipo-

548 4334 567 4366 ο
602 4323 721 4370 tens
747 4328 1008 4374 statueret
1036 4322 1216 4375 omnia
1238 4335 1359 4390 qua:
1392 4319 1446 4373 in
1477 4318 1616 4374 coelo
1649 4330 1798 4384 sunt,
1836 4329 1891 4373 et
1926 4320 1978 4374 in
2010 4329 2173 4384 terra,
2213 4320 2447 4375 condere
2476 4341 2489 4375 :
2553 4317 2740 4374 mundi
2774 4318 2983 4371 creatio
3032 4316 3122 4370 illa
3157 4316 3431 4386 indigebat
3466 4315 3781 4384 operatione

550 4428 569 4460 ‹
606 4409 871 4466 eﬂ‘ectiva.
908 4413 1133 4477 Idcirco,
1157 4429 1279 4468 cum
1324 4422 1524 4481 prater
1554 4411 1721 4465 Deum
1753 4412 1884 4467 nihil
1912 4428 2134 4482 prorsus
2170 4423 2339 4479 esset,
2366 4412 2514 4482 (nam
2541 4420 2628 4467 est
2660 4410 2898 4482 positum
2936 4409 3065 4464 illud
3110 4410 3164 4463 in
3222 4410 3496 4475 confesso,
3528 4410 3775 4463 universa

550 4524 566 4551 ι
605 4502 769 4557 fuisse
808 4505 875 4558 ab
914 4505 1005 4559 illo
1029 4503 1266 4576 condita)
1294 4513 1421 4557 tunc
1465 4502 1760 4571 procedens
1789 4503 2022 4557 Verbum
2091 4503 2254 4558 ﬁebat
2314 4502 2500 4557 mundi
2532 4501 2800 4566 conditor,
2831 4500 2975 4570 quod
3029 4500 3181 4570 prius
3222 4499 3372 4554 intus
3402 4498 3781 4556 intellectuali‘

550 4613 568 4643 ι
610 4604 692 4647 ter
729 4594 990 4660 residens,
1026 4594 1147 4665 Ipse
1173 4595 1330 4664 fuit.»
1366 4600 1424 4658 ὦ
1455 4595 1521 4648 Et
1549 4608 1738 4648 rursus
1767 4603 1885 4662 post
1900 4594 2079 4647 omnia
2111 4595 2259 4650 addit
2291 4612 2305 4648 :
2335 4612 2354 4646 ι
2386 4592 2535 4647 Hanc
2573 4594 2644 4647 ob
2667 4606 2889 4646 causam
2927 4606 3035 4645 non
3064 4605 3123 4646 se
3150 4590 3394 4646 nominat
3420 4587 3624 4643 Filium
3664 4591 3776 4657 Dei,

552 4709 570 4739 ‹
609 4688 698 4736 sed
727 4685 988 4738 hominem
1015 4701 1033 4738 :
1070 4695 1127 4737 ut
1156 4685 1228 4739 ita
1277 4685 1575 4749 hominem,
1605 4699 1705 4754 per
1750 4686 2186 4738 communionem
2225 4700 2348 4739 cum
2408 4685 2526 4753 ipso
2562 4683 2895 4752 copulatum,
2921 4683 3035 4738 ﬁeri
3065 4693 3386 4753 procuraret
3413 4682 3606 4737 Filium
3641 4683 3731 4737 Dei
3761 4702 3774 4736 ς

553 4791 571 4822 ι
612 4784 666 4828 ct
698 4775 845 4829 ﬁnita
878 4778 979 4830 hac
1020 4777 1441 4844 dispensationis
1491 4777 1706 4832 actione
1728 4816 1743 4841 ,
1789 4775 1985 4830 iterum
2033 4777 2178 4830 velut
2219 4778 2451 4833 Verbum
2483 4777 2775 4831 aduniatur
2808 4777 2918 4830 Deo
2951 4774 3249 4844 adimplens
3279 4776 3423 4844 quod
3456 4775 3660 4829 dictum
3701 4773 3779 4829 est

554 4884 573 4914 ι
617 4868 683 4918 ab
707 4868 986 4934 Apostolo,
1029 4865 1170 4921 Tunc
1218 4877 1267 4921 et
1308 4870 1416 4937 ipse
1468 4868 1729 4939 subjectus
1772 4869 1869 4922 erit
1922 4868 2040 4934 illi,
2093 4871 2181 4938 qui
2223 4870 2534 4939 omnimipsi
2571 4869 2885 4939 subjecerat,
2923 4877 2978 4922 ut
3033 4867 3108 4921 sic
3160 4867 3299 4922 Deus
3343 4866 3441 4937 ﬁat
3492 4868 3674 4921 omnia
3728 4870 3775 4920 in

556 4976 573 5006 ι
611 4957 1045 5013 omnibus'.Tunc
1074 4959 1215 5011 enim
1242 4960 1345 5013 erit
1374 4960 1514 5014 idem
1545 4961 1686 5029 quod
1718 4960 1865 5030 prius
1892 4958 2121 5015 fuerat»
2172 4960 2305 5015 Tant
2339 4963 2522 5017 multis
2563 4960 2845 5016 Marcellus
2906 4960 3038 5014 illud
3080 4960 3213 5031 egit,
3261 4968 3321 5014 ut
3374 4958 3609 5014 revelata
3645 4960 3777 5015 facie

550 5049 641 5104 Dei
689 5051 881 5105 Filium
926 5053 1120 5121 ejuret.
1176 5055 1233 5106 Si
1264 5054 1407 5107 enim
1441 5069 1580 5108 unus
1625 5064 1789 5119 atque
1817 5054 1956 5108 idem
1989 5064 2107 5109 erat
2147 5055 2312 5118 Deus,
2344 5066 2399 5110 et
2420 5056 2561 5124 quod
2589 5056 2641 5108 in
2666 5053 2774 5107 Deo
2791 5064 2907 5107 erat
2927 5052 3185 5118 Verbum,
3242 5062 3297 5107 et
3353 5067 3513 5107 nemo
3542 5067 3775 5120 unquam

551 5142 878 5213 sibimetipsi
912 5144 1147 5197 exsistat
1179 5142 1360 5209 Pater,
1413 5152 1473 5196 ut
1536 5157 1636 5199 nec
1684 5143 1856 5199 Filius
1906 5144 2193 5213 quisquam
2233 5143 2337 5199 sibi
2369 5144 2494 5214 ipsi,
2520 5146 2612 5214 qui
2639 5157 2777 5196 unus
2815 5151 2979 5205 esset,
3008 5157 3147 5195 unus
3181 5151 3358 5197 autem
3388 5139 3532 5195 solus
3581 5150 3701 5194 erat
3725 5136 3778 5194 εί

553 5238 782 5305 ipsemet
806 5254 904 5293 suo
943 5238 1119 5293 Verbo
1184 5240 1344 5303 Dens,
1394 5249 1617 5309 apparet
1669 5242 1812 5308 quod
1850 5254 1954 5294 non
1994 5249 2113 5294 erat
2151 5240 2332 5309 Pater,
2391 5255 2515 5295 cum
2573 5238 2817 5293 nondum
2869 5243 3110 5292 exstaret
3179 5235 3347 5305 ipsius
3390 5233 3596 5290 Filius;
3629 5234 3773 5292 item.

550 5331 825 5397 quodnon
849 5340 964 5384 erat
1000 5330 1187 5396 Filius,
1216 5346 1338 5385 cum
1387 5332 1621 5386 nondum
1654 5338 1897 5384 exstaret
1930 5328 2113 5384 Pater.

626 5421 701 5474 lix
736 5421 1021 5477 maledictis
1049 5424 1169 5478 ideo
1196 5424 1574 5492 cognoscimus
1588 5438 1706 5492 qua:
1720 5431 1774 5477 ct
1797 5422 1975 5491 qualia
1996 5423 2097 5476 iste

552 5513 713 5567 homo
731 5524 1123 5569 commentatus
1140 5526 1242 5581 est,
1263 5515 1330 5568 de
1351 5513 1527 5571 Verbo
1548 5514 1640 5569 Dei
1661 5528 1765 5569 non
1785 5514 2097 5581 exsisteute,

2285 5416 2477 5470 Ὀποῖα
2506 5414 2607 5485 μὲν
2625 5410 2718 5468 οὖν
2749 5413 2875 5484 περὶ
2904 5412 2998 5468 τοῦ
3034 5411 3164 5484 μηδὲ
3189 5406 3348 5477 εἶναι,
3378 5410 3511 5483 μηδὲ
3544 5414 3775 5482 1:90:39:-

2211 5511 2400 5567 στάναι
2452 5509 2545 5562 τὸν
2600 5506 2695 5561 τοῦ
2748 5506 2884 5561 Θεοῦ
2943 5507 3092 5571 Υἱὸν,
3143 5504 3395 5575 ψιλὸνβὲ
3432 5502 3605 5571 Λόγον
3636 5500 3771 5557 ἐνὼν

632 5685 692 5745 >14
732 5681 827 5739 Ed.
852 5685 1053 5751 Paris.,
1091 5702 1211 5757 pag.
1248 5686 1338 5741 Η.
1430 5688 1446 5719 ³
1484 5687 1636 5742 Deut.
1669 5702 1752 5749 III,
1781 5685 1884 5747 24;
1914 5701 1986 5750 ιν,
2014 5685 2102 5741 39.
2132 5684 2234 5739 lsa.
2262 5679 2548 5747 vam,l2.
2590 5678 2611 5708 ’
2639 5675 2801 5734 ICor.
2839 5693 2929 5744 xv,
2955 5676 3046 5733 28.
3118 5676 3138 5707 ³
3164 5674 3292 5730 ibid.

632 5819 743 5889 (5|)
788 5819 986 5874 Πάντα
1039 5822 1137 5875 καὶ
1181 5822 1249 5875 ἐν
1300 5820 1448 5876 πᾶσι
1496 5822 1761 5889 Χριστός.
1798 5819 1906 5874 lmo
1951 5820 2080 5883 Θεός

2221 5818 2380 5889 vulgo
2422 5815 2570 5889 αὑτῷ
2603 5817 2779 5872 πάντα
2813 5823 2867 5870 ct
2897 5812 3036 5868 infra
3084 5808 3261 5880 ἑαυτῷ
3285 5818 3339 5866 et
3379 5809 3469 5862 τὸν
3507 5803 3600 5861 τοῦ
3640 5799 3766 5860 υἱ·ρῖ

563 5892 701 5961 apud
722 5888 1030 5960 Apostolum
1048 5904 1102 5947 et
1125 5894 1190 5947 de
1214 5896 1478 5947 sententia
1496 5892 1751 5947 Marcelli.
1777 5891 1844 5945 Μ.
1868 5922 1934 5929 -
1960 5891 2130 5959 Supra
2240 5888 2428 5957 Λόγον.
2545 5888 2549 5889 “
2624 5908 2625 5911 η
