3970 6510
272 438 378 492 797

1356 440 1631 498 CONTRA
1670 444 2099 502 MARCELLUM
2142 448 2268 505 LIB.
2307 447 2371 503 11.

3393 454 3493 509 798

274 552 544 622 ὑπάρχειν
571 553 629 605 ὲν
658 550 806 622 αὐτῷ
824 550 900 622 τῷ
931 552 1070 624 Θεῷ,
1095 555 1187 607 καὶ
1207 555 1390 610 τοῦτον
1429 558 1559 611 ποτὲ
1587 560 1683 629 μὲν
1712 564 1845 631 ἠσυ-

1963 566 2138 617 iedum
2164 564 2593 633 przeexsisteute,
2620 566 2713 620 sed
2756 566 2901 635 quod
2938 569 3138 621 nudum
3171 565 3401 622 Verbum
3440 571 3492 624 in

270 643 481 716 χάζειν,
504 642 633 696 ποτὲ
665 642 722 695 δὲ
753 645 993 715 ἐνεργεῖν
1017 645 1277 718 δραστικῇ
1302 648 1548 719 δυνάμει,
1572 650 1843 721 διεξῆλθεν

269 738 298 788 ὁ
332 735 497 805 ἀνὴρ,
544 732 788 804 ἔγνωμεν
817 734 905 788 διὰ
940 735 1049 788 τῶν
1082 738 1454 808 προκειμένων
1497 739 1629 811 (52).
1661 742 1844 795 Ταῦτα

269 824 329 877 δὲ
358 822 500 876 αὐτὰ
523 822 781 886 πολλάκις
797 824 891 877 καὶ
918 825 1185 896 διαφόρως
1213 829 1278 897 τῇ
1310 826 1503 881 ἑαυτοῦ
1528 829 1843 900 παραθέμε-

269 930 359 976 νος
420 914 629 983 γραφῇ,
677 912 842 967 πολὺν
894 915 1067 985 σωρὸν
1102 916 1211 986 (55)
1272 917 1541 987 περιττῶν
1591 920 1846 990 ῥημάτων

271 1003 613 1073 συνεφόρησε
644 1003 722 1075 τῷ
744 1006 1150 1076 συγγράμματι.
1189 1007 1328 1060 Ἀλλ’
1351 1010 1508 1078 ἡμεῖς
1537 1025 1599 1077 γε
1618 1012 1730 1072 τοῖς
1753 1009 1849 1061 αύ-

269 1095 365 1149 τοῦ
394 1096 517 1148 καθ’
551 1096 742 1148 ἑαυτοῦ
763 1096 1023 1167 ἐλέγχοις,
1057 1098 1117 1165 ἐξ
1143 1092 1216 1151 ὧν
1239 1098 1503 1169 παρέθετο
1535 1100 1726 1170 φωνῶν
1753 1102 1849 1172 ἀρ-

270 1186 585 1250 κεσθέντες,
617 1187 723 1241 οὐδ’
758 1189 1125 1261 ἀντιρρήσεως
1152 1191 1453 1261 ἀξιώσομεν
1478 1191 1574 1263 τὴν
1604 1191 1697 1244 τοῦ
1720 1192 1849 1245 Ἰου-

269 1278 466 1333 δαῖκοῦ
491 1278 677 1339 τούτου
699 1278 967 1350 δόγματος
996 1282 1243 1335 ἀτοπίαν.
1289 1281 1565 1334 Ἐντεῦθεν
1591 1282 1646 1335 δὲ
1669 1284 1759 1335 ἐπὶ
1782 1282 1850 1335 τὰ

270 1369 543 1441 εἰρημένα
572 1369 648 1441 τῷ
675 1370 823 1441 αὑτῷ
851 1372 977 1443 περὶ
997 1372 1095 1442 τῆς
1126 1374 1345 1443 σαρκὸς,
1370 1374 1435 1444 ἣν
1460 1375 1705 1445 ἐνεργείᾳ
1740 1374 1849 1446 (54)

275 1462 419 1533 μόνῃ
444 1461 608 1531 φησιν
642 1460 986 1532 ἀνειληφέναι
1018 1462 1108 1515 τὸν
1138 1465 1196 1516 ὲν
1223 1462 1299 1533 τῷ
1321 1463 1438 1533 Θεῷ
1472 1467 1660 1533 Λόγον,
1688 1483 1851 1536 μετα-

274 1553 495 1617 δάντες,
530 1553 651 1624 φέρ’
684 1553 1044 1624 ῐδωμενὸπως
1064 1553 1163 1624 τὴν
1180 1555 1235 1606 ἐν
1266 1556 1382 1617 ταῖς
1409 1554 1578 1618 θείαις
1609 1557 1850 1626 Γραφαῖς

276 1646 409 1717 περὶ
444 1645 538 1698 τοῦ
569 1644 885 1715 μονογενοῦς
910 1644 1039 1700 Υίοῦ
1064 1645 1158 1698 τοῦ
1193 1644 1327 1699 Θεοῦ
1350 1647 1651 1717 φερομένην
1676 1648 1853 1702 θεολοο

277 1738 409 1805 γίαν
434 1738 526 1791 ἐπὶ
546 1737 643 1807 τὴν
679 1736 856 1807 σάρκα
889 1738 1199 1809 μεταφέρει*
1218 1736 1376 1790 αὑτὸν
1411 1739 1509 1808 μὲν
1537 1738 1627 1792 τὸν
1640 1739 1853 1809 άληθῶς

279 1828 519 1900 προόντα
556 1828 650 1882 τοῦ
683 1827 817 1881 Θεοῦ
874 1830 997 1882 Υίὸν
1037 1827 1386 1900 ἀρνούμενος,
1428 1828 1525 1899 τὴν
1568 1829 1623 1882 δὲ
1676 1830 1853 1899 σάρκα

1943 654 2052 710 Deo
2084 655 2451 719 exstaret,ita
2508 666 2565 708 ιιι
2611 657 2876 711 interdum
2928 658 3361 727 conquiesceret,
3393 659 3496 712 ali-

1943 743 2159 812 quando
2191 753 2370 797 antem
2395 745 2565 796 activa
2590 744 2789 801 virtute
2818 758 3158 815 operaretur.
3184 748 3359 818 Atque
3384 750 3499 804 inse

1945 846 2051 887 non
2085 831 2251 888 semel
2274 872 2289 897 ,
2321 832 2416 887 sed
2448 834 2691 888 diversis-
2714 837 2889 891 modis
2937 846 2992 891 et
3028 840 3359 907 temporibus
3385 840 3500 894 suis

1945 922 2166 991 scriptis
2199 922 2559 993 inlerspersit,
2585 925 2717 977 adeo
2744 934 2802 979 ut
2852 927 3137 981 verborum
3171 942 3498 997 supervaca-

1945 1029 2173 1069 neorum
2230 1025 2434 1070 struem
2485 1015 2757 1083 ingentem
2815 1030 2911 1083 per
2979 1031 3326 1086 syngramma
3372 1020 3502 1074 illud

1933 1120 2102 1160 'suurn
2128 1104 2570 1163 accumulaverit.
2602 1105 2709 1161 Nos
2737 1116 2916 1160 autem
2951 1110 3190 1161 contenti
3224 1124 3254 1164 e
3280 1110 3503 1165 vocibus

1949 1195 2115 1266 ipsius
2152 1194 2526 1250 refutationem
2559 1195 2701 1251 illius
2730 1196 2915 1266 scripti
2944 1198 3310 1262 contexuisse,
3343 1199 3503 1267 hujus

1949 1285 2212 1355 dogmatis
2262 1285 2469 1341 Judaici
2514 1287 2903 1340 absurditatetn
2971 1289 3110 1341 nulla
3161 1288 3505 1357 dignabimur

1951 1378 2325 1446 responsione.
2351 1376 2486 1431 Hinc
2507 1392 2675 1445 porro
2706 1378 3020 1444 transvecti,
3054 1379 3118 1432 ad
3157 1379 3244 1432 illa
3272 1394 3391 1448 quae
3419 1380 3504 1433 di—

1951 1478 2147 1524 cuntur
2168 1470 2236 1522 ab
2259 1484 2321 1523 eo
2358 1470 2422 1522 de
2447 1483 2613 1522 carne
2644 1484 2804 1536 qttam
2842 1470 3076 1524 Verbum
3110 1471 3238 1524 illud
3269 1471 3412 1539 quod
3452 1471 3506 1524 in

1952 1558 2060 1612 Deo
2092 1569 2233 1622 erat,
2266 1568 2323 1611 ut
2354 1558 2467 1627 ipse
2499 1557 2641 1626 loqui
2686 1570 2851 1623 amat,
2883 1559 2997 1613 sola
3046 1562 3287 1629 suscepit
3315 1575 3510 1630 opera-

1954 1649 2099 1703 tione
2130 1666 2143 1701 :
2181 1650 2429 1719 agedum,
2485 1650 2857 1716 dispiciamus,
2897 1650 3131 1719 qualiter
3171 1666 3312 1714 eam,
3344 1667 3507 1721 quam

1953 1740 2005 1795 in
2033 1741 2201 1795 sacris
2239 1740 2535 1809 Scripturis
2572 1741 2867 1808 reperimus
2892 1741 2957 1795 de
3013 1741 3150 1795 Filio
3180 1742 3273 1796 Dei
3323 1744 3512 1811 unige-

1953 1833 2065 1886 nito
2095 1832 2440 1901 theologiam,
2470 1834 2534 1886 ad
2571 1848 2792 1888 carnem
2829 1833 3083 1894 traducit.
3114 1848 3279 1901 quam
3304 1849 3511 1887 assum-

280 1920 569 1989 θεολογῶν,
618 1921 683 1991 ἢν
735 1920 926 1991 μικρὸν
979 1919 1200 1991 ὕστερον
1253 1918 1456 1990 ἔρημον
1493 1917 1707 1974 ἔσεσθαι
1759 1919 1852 1975 τοῦ

1963 1926 2103 1993 psit:
2135 1921 2563 1991 ipsumquidem,
2603 1925 2692 1993 qui
2716 1925 3146 1992 praeexsistebat,
3180 1924 3271 1978 Dei
3319 1924 3510 1978 Filium

276 2014 478 2081 Λόγου,
500 2014 529 2066 ό
562 2011 860 2084 ἀνευλαδὴς
888 2010 1133 2083 ὡρίζετο.

1954 2014 2256 2082 abnegans,
2281 2027 2503 2067 carnem
2538 2027 2665 2067 vero
2696 2013 2993 2081 deiﬁcans;
3025 2030 3183 2083 quam
3232 2015 3399 2083 ipsam
3436 2025 3514 2067 ta-

280 2120 407 2158 men
431 2105 553 2159 sine
585 2112 730 2157 metu
751 2112 806 2158 et
832 2103 1054 2174 pietate,
1083 2120 1205 2159 mox
1236 2120 1265 2159 a
1291 2104 1469 2160 Verbo
1491 2104 1845 2163 deserendam
1883 2122 2005 2163 esse
2034 2106 2300 2162 deﬁnivit.

928 2196 1083 2249 ΚΕΦ.
1130 2198 1205 2250 Γ’·

283 2287 478 2352 Ὅπως
507 2285 742 2355 ἐφρόνει
765 2284 1131 2357 Μάρκελλος
1168 2288 1297 2355 περὶ
1332 2288 1443 2356 τῆς
1472 2288 1719 2356 σαρκὸς,
1773 2288 1853 2357 ἣν·

744 2356 1067 2425 ἀνείληφεν
1113 2361 1145 2411 d
1178 2361 1386 2428 Λόγος.

359 2465 378 2496 ι
412 2446 473 2498 '0
499 2444 599 2515 μὲν
624 2444 733 2517 γὰρ
762 2444 874 2515 (55)
910 2446 1079 2514 Λόγος
1113 2448 1170 2499 ὲν
1203 2449 1341 2517 ἀρχῇ
1362 2443 1449 2518 ἦν,
1479 2448 1639 2518 μηδὲν
1670 2448 1854 2519 ἕτερον

286 2558 305 2588 ι
336 2537 412 2590 ὢν
441 2538 475 2609 ἢ
507 2538 693 2605 Λόγος·
729 2538 759 2590 ὁ
785 2537 840 2590 δὲ
862 2536 939 2607 τῷ
972 2538 1126 2608 Λόγῳ
1160 2538 1375 2602 ἐνωθεὶς
1416 2539 1717 2610 ἄνθρωπος,
1750 2540 1849 2591 οὐκ

289 2651 306 2679 ι
333 2628 409 2681 ὣν
437 2629 718 2699 πρότερον,
751 2629 968 2697 γέγονεν
998 2628 1278 2699 ἄνθρωπος
1324 2630 1457 2700 (56),
1502 2631 1576 2693 ὡς
1615 2630 1850 2683 διδάσκει

288 2737 307 2764 ι
334 2716 483 2786 ἡμᾶς
510 2716 761 2788 Ἰωάννης
790 2717 960 2786 λέγων
986 2735 998 2748 ’
1023 2719 1130 2774 Καὶ
1159 2720 1192 2773 ὀ
1211 2721 1394 2788 Λόγος
1420 2720 1573 2788 σὰρξ
1598 2719 1850 2789 ἐγένετο.

290 2828 307 2858 ι
338 2808 439 2860 Διά
464 2808 626 2862 τοῦτο
640 2808 817 2862 τοίνυν
838 2810 931 2863 τοῦ
950 2810 1121 2879 Λόγου
1144 2811 1490 2881 μνημονεύων
1507 2812 1751 2880 φαίνεται
1772 2811 1861 2882 μό-

290 2918 310 2949 r
336 2916 430 2951 νου
450 2915 463 2928 ·
495 2900 602 2952 εῐτε
627 2900 735 2971 γὰρ
762 2899 956 2971 Ἰησοῦ,
974 2900 1082 2953 εἴτε
1112 2901 1345 2973 Χριστοῦ
1375 2902 1633 2971 ὀνόματος
1662 2920 1863 2973 μνημο-

2607 2198 2757 2255 CAP.
2788 2199 2872 2254 Ill.

2073 2290 2211 2355 Quid
2244 2289 2530 2344 Marcellus
2559 2291 2807 2344 sentiebat
2831 2291 2894 2360 de
2923 2307 3079 2344 carne
3109 2291 3222 2354 illa,
3254 2307 3409 2360 quam

2390 2362 2666 2429 assumpsit
2700 2361 2796 2413 Dei
2836 2359 3075 2413 Verbum.

2034 2452 2124 2522 [Β.
2155 2448 2398 2521 XXXVI]
2422 2470 2439 2501 ι
2467 2451 2588 2504 Erat
2611 2452 2942 2521 inprincipio
2963 2453 3220 2515 Verbum,
3251 2466 3346 2504 nec
3375 2449 3519 2504 aliud
3612 2488 3619 2496 -

1958 2561 1976 2592 ι
2006 2553 2120 2595 erat
2136 2557 2294 2610 quam
2316 2540 2567 2595 Verbum.
2593 2540 2764 2596 Homo
2780 2554 2955 2596 autem
2982 2542 3149 2596 Verbo
3170 2549 3227 2605 ›Ι‹
3249 2545 3521 2606 adunitus,

1963 2656 1979 2680 ι
2008 2647 2127 2684 cum
2153 2646 2258 2685 non
2296 2630 2487 2685 luisset
2522 2633 2691 2701 prius,
2727 2632 2901 2686 lactus
2933 2643 3010 2685 est
3049 2634 3208 2686 Immo
3240 2650 3252 2685 :
3297 2634 3395 2686 hoc
3427 2650 3525 2687 nos

1965 2745 1981 2775 ι
2008 2722 2241 2777 Joannes
2263 2724 2464 2786 docuit,
2489 2724 2734 2792 inquiens
2763 2743 2775 2777 :
2810 2722 2875 2775 Et
2919 2723 3138 2777 Verbum
3167 2742 3289 2777 mro
3322 2726 3523 2791 factum

1969 2834 1986 2865 ‹
2009 2826 2083 2867 est
2110 2813 2152 2867 ⁸.
2186 2812 2342 2867 Verbi
2367 2812 2534 2868 solius
2578 2816 2904 2868 mentionem
2930 2816 3046 2869 ideo
3062 2814 3185 2867 facit
3220 2826 3342 2868 tunc
3366 2832 3381 2881 ;
3409 2816 3523 2868 sive

1971 2925 1988 2957 ι
2012 2905 2151 2958 enim
2204 2904 2437 2958 nominis
2467 2903 2593 2960 Jesn
2618 2905 2944 2971 meminerit,
2977 2920 3069 2958 seu
3113 2905 3281 2959 etiam
3316 2904 3522 2960 Christi

293 3010 315 3043 ι
340 2991 484 3045 νεύει
518 2994 551 3062 ἡ
574 2990 694 3043 θεία
726 2991 1042 3062 Γραφὴ,τὸν
1069 2992 1203 3062 μετὰ
1227 2992 1324 3063 τῆς
1354 2992 1699 3064 ἀνθρωπίνης
1730 2993 1857 3048 ὄντα

1972 3016 1988 3046 ι
2015 2995 2291 3065 Scriptura
2338 3011 2518 3060 sacra,
2570 2996 2779 3050 videtur
2824 2995 2951 3049 illud
2985 2996 3214 3050 Verbum
3242 2997 3523 3049 nominare

292 3102 318 3136 ο
345 3083 545 3155 σαρκὸς
572 3082 664 3136 τοῦ
680 3082 812 3135 Θεοῦ
839 3082 1008 3150 Λόγον
1041 3082 1325 3154 ὀνομάζειν
1344 3083 1608 3153 φαίνεται.
1629 3086 1691 3138 Et
1707 3085 1761 3138 δέ
1782 3103 1857 3150 τις

1974 3107 1991 3139 ι
2020 3087 2178 3151 velle,
2221 3088 2363 3155 quod
2396 3086 2650 3156 deinceps
2678 3103 2799 3139 cum
2832 3087 3064 3141 humana
3097 3102 3262 3140 carne
3313 3086 3432 3142 fuit.
3468 3085 3525 3139 Si

293 3194 313 3226 r
347 3174 444 3227 καὶ
475 3174 583 3244 πρὸ
604 3174 703 3244 τῆς
730 3173 873 3236 Νέας
901 3173 1169 3245 Διαθήκης
1209 3174 1269 3227 τὸ
1297 3174 1389 3228 τοῦ
1426 3174 1659 3245 Χριστοῦ
1691 3176 1864 3247 Ἰησοῦ

292 3289 312 3319 ι
338 3267 509 3337 δνομα
551 3266 644 3319 ἐπὶ
670 3265 762 3319 τοῦ
802 3267 973 3334 Λόγου
1008 3266 1165 3337 μόνου
1191 3265 1461 3320 δεικνύναι
1492 3267 1866 3321 δύνασθαιέπ-

292 3380 312 3409 ι
340 3357 670 3427 ἀγγέλλοιτο,
705 3358 923 3428 εὑρήσει
967 3356 1120 3410 τοῦτο
1170 3359 1520 3429 προφητικῶς
1562 3360 1865 3431 εἰρημένον,

293 3469 313 3498 ι
342 3448 453 3518 (57)
482 3446 668 3518 ὥσπερ
694 3446 787 3499 καὶ
841 3444 946 3498 ἀπὸ
984 3444 1173 3498 τούτου
1208 3445 1365 3517 δῆλον
1387 3463 1401 3476 ο
1467 3445 1863 3513 Παρέστησιιν

295 3560 315 3590 ι
342 3538 472 3609 γὰρ,
495 3536 680 3607 φησιν,
714 3538 769 3591 οἱ
789 3536 1071 3602 βασιλεῖς
1093 3535 1203 3605 τῆς
1222 3536 1353 3606 γῆς,
1381 3535 1477 3589 καὶ
1500 3538 1553 3589 οἱ
1583 3536 1867 3605 ἄρχοντες

295 3650 315 3680 r
344 3629 751 3698 συνήχθησαν
778 3628 875 3681 ἐπὶ
907 3627 975 3680 τὸ
1011 3626 1177 3693 αὐτὸ,
1194 3627 1344 3682 κατὰ
1370 3626 1475 3681 τοῦ
1504 3627 1742 3695 Κυρίου,
1772 3626 1869 3680 καὶ

296 3743 317 3773 Ι
348 3721 497 3775 κατὰ
513 3720 618 3775 τοῦ
633 3722 887 3790 Χριστοῦ
903 3721 1107 3777 αὐτοῦ.
1140 3740 1159 3773 r
1184 3721 1293 3773 Καὶ
1325 3720 1439 3791 μεθ’
1462 3720 1623 3790 ’ἐτερα
1648 3720 1859 3788 ἐπάγει·

298 3833 318 3865 ι
347 3813 586 3875 Εἰκότως
601 3809 713 3877 οῦν,
744 3812 850 3884 πρὸ
870 3813 967 3882 τῆς
984 3811 1229 3876 καθόδου,
1272 3812 1408 3882 ὅπερ
1456 3811 1713 3873 πολλάκις
1747 3811 1856 3882 (58)

298 3925 318 3956 ι
343 3904 575 3975 ἔφαμεν,
610 3904 780 3972 Λόγος
804 3921 820 3936 ο
851 3904 987 3975 μετά
1018 3904 1075 3957 δὲ
1095 3904 1193 3974 τὴν
1237 3902 1480 3966 κάθοδον,
1510 3902 1603 3955 καὶ
1627 3901 1726 3972 τὴν
1754 3901 1861 3971 τῆς

297 4015 319 4049 ι
348 3998 547 4069 σαρκὸς
585 3995 869 4066 ἀνάληψιν,
902 3996 1172 4067 διαφόρων
1189 3997 1282 4049 καὶ
1309 3994 1416 4048 τῶν
1446 3994 1752 4067 ὲπηγοριῶν
1774 4011 1862 4047 τε-

367 4140 428 4198 r14
469 4133 566 4187 Ed.
602 4131 800 4200 Paris.,
834 4146 955 4202 pag.
976 4131 1063 4185 45.
1149 4129 1172 4163 ⁸
1196 4129 1353 4186 Joan.
1380 4131 1527 4198 1,14.
1607 4129 1867 4196 ’Psal.u,
1893 4132 1951 4185 Ξ.

368 4274 481 4343 (52)
522 4273 818 4341 Ἕγνωμεγ
869 4270 964 4324 διὰ
1011 4269 1128 4343 τῷν
1177 4267 1854 4343 προειρτυιένων.μϐθι·1ε,

294 4346 340 4399 si
374 4339 489 4398 iure
540 4339 803 4397 Eusebius
852 4343 990 4394 bona
1038 4339 1141 4394 [ide
1165 4354 1219 4395 et
1257 4342 1468 4395 sincera
1508 4342 1576 4394 de
1626 4339 1858 4395 Marcelli

298 4414 524 4482 scriptis
558 4412 713 4467 nobis
761 4412 1057 4482 enarravit,
1090 4411 1278 4482 negari
1319 4425 1422 4464 non
1463 4418 1638 4482 potest
1689 4424 1861 4473 neque

294 4480 495 4545 debet,
552 4481 1047 4551 pestilentissimum
1099 4481 1438 4541 hacreticum,
1487 4480 1584 4551 sub
1630 4493 1857 4551 persona

1975 3196 1994 3229 ι
2013 3177 2134 3246 quis
2170 3192 2296 3231 vero
2322 3175 2513 3229 audeat
2540 3177 2800 3245 proﬁteri,
2830 3189 3163 3245 reperturum
3188 3192 3246 3229 se
3264 3192 3453 3230 nomen
3474 3177 3530 3229 il-

1977 3286 1995 3317 ‹
2021 3266 2107 3320 Iud
2133 3264 2256 3319 Jesu
2292 3266 2359 3320 de
2383 3266 2560 3320 Verbo
2589 3265 3056 3335 soluusurpatum,
3092 3275 3242 3317 extra
3282 3262 3530 3332 Scriptu-

1978 3379 1996 3410 ι
2023 3374 2134 3412 ram
2168 3356 2494 3412 Testamenti
2532 3356 2683 3417 Novi,
2732 3357 2779 3408 id
2811 3357 2875 3409 ad
2901 3370 3104 3409 morem
3146 3356 3525 3425 prophetarum

1975 3470 1991 3501 ι
2018 3450 2325 3518 praedictum
2360 3450 2437 3503 sic
2467 3450 2723 3504 inveniet.
2767 3449 3151 3517 Liquetautem
3180 3448 3303 3501 hinc
3329 3447 3521 3514 ipsum:

1977 3562 1993 3593 ι
2019 3542 2302 3595 Astiterunt
2337 3559 2478 3612 reges
2514 3553 2687 3607 teme,
2715 3552 2762 3595 et
2799 3542 3059 3609 principes
3082 3541 3133 3592 iu
3156 3556 3318 3592 unum
3342 3553 3525 3591 conve-

1980 3648 1998 3680 ι
2024 3640 2212 3684 nerunt
2267 3631 2513 3684 adversus
2570 3631 2882 3695 Dominum,
2928 3640 2973 3684 et
3001 3630 3241 3683 adversus
3265 3628 3527 3683 Christum

1974 3738 1993 3770 ι
2020 3720 2134 3789 ejus
2154 3721 2227 3773 ⁸.»
2258 3720 2383 3775 Post
2410 3737 2579 3791 pauca
2601 3721 2769 3789 pergit
2797 3739 2810 3772 :
2839 3719 2928 3792 (Β.
2966 3718 3123 3773 XLIV
3157 3719 3279 3771 coll.
3304 3736 3355 3787 p.
3378 3714 3527 3786 82A]

1972 3831 1989 3862 ι
2016 3811 2128 3865 Νοιι
2153 3812 2316 3880 igitur
2339 3813 2550 3875 merito,
2569 3814 2707 3880 quod
2727 3828 2866 3879 sa'pe
2890 3812 3147 3874 diximus,
3165 3823 3285 3864 ante
3309 3813 3499 3864 descen
3520 3837 3532 3845 —

1972 3922 1989 3953 ι
2014 3919 2129 3957 sum
2148 3904 2212 3956 ad
2230 3904 2476 3957 homines
2496 3904 2777 3957 dicebatur
2808 3902 3047 3969 Verbum,
3075 3916 3192 3970 post
3209 3904 3524 3954 descensum

1976 4015 1993 4047 ι
2019 4007 2073 4050 et
2093 3996 2275 4052 carnis
2296 3997 2741 4065 assumptionem,
2772 3996 3074 4051 nominibus
3092 3995 3320 4050 diversis
3354 4007 3523 4062 agno—

1964 4271 2276 4340 σταλαγμόν
2308 4270 2691 4340 suppeditans.
2719 4268 2786 4323 Μ.

2034 4335 2296 4409 (54)“’Ἡν
2339 4335 2620 4409 ἐνεργείᾳ.
2669 4339 2738 4392 At
2770 4340 2869 4391 hoc
2910 4351 3173 4409 nusquam
3225 4335 3521 4409 poniturLa

1964 4404 2255 4466 Marcello:
2291 4404 2597 4465 vere'e'uitn
2645 4424 2865 4462 carnem
2897 4405 3248 4473 assumpsisse
3298 4404 3527 4459 credidit

1963 4479 2302 4560 Servatorem
2324 4481 2469 4560 ,“sed
2499 4482 2577 4560 είς
2592 4478 2868 4549 ἐνέργειαν
2905 4477 3109 4560 μόνηνᾷ
3129 4477 3335 4560 Quippe
3367 4490 3525 4541 quam

294 4547 597 4626 orthodoxa
636 4552 930 4626 delituisse.
958 4551 1022 4626 _Et
1052 4550 1245 4626 mirum
1272 4558 1373 4615 est,
1408 4547 1643 4626 potuisse
1686 4549 1861 4626 Iromi-
1891 4570 1936 4626 ο
1963 4551 2432 4626 desti_tutam__o_lim
2474 4547 2759 4626 relicturus
2785 4547 2927 4615 erat,
2953 4547 3041 4602 ubi
3070 4548 3217 4600 Patri
3250 4547 3303 4599 in
3337 4560 3525 4599 manus

297 4637 423 4679 nem
450 4623 587 4675 adeo
628 4629 811 4683 aperte
847 4621 1064 4689 impium
1083 4623 1251 4674 latere
1280 4621 1505 4689 tamdiu.
1554 4627 1660 4671 tam
1702 4620 1863 4672 vehe-

298 4703 515 4747 menter
552 4690 738 4744 fallere
779 4688 931 4743 adeo
957 4689 1204 4745 uculatos
1246 4698 1299 4743 et
1345 4688 1561 4757 lynceos
1619 4690 1862 4745 veritatis

298 4761 723 4833 ityperaspistas,
749 4758 945 4833 iulium
975 4759 1097 4833 dico
1120 4759 1549 4833 et_Atlr_a_ttasitIIn
1580 4759 1858 4833 itnprimis.

298 4828 407 4887 Sed
434 4831 600 4885 nihilo
624 4831 792 4897 magis
808 4829 1139 4882 orthodoxus
1154 4828 1413 4882 Eusebius
1431 4867 1447 4890 ,
1470 4838 1525 4880 ut
1545 4842 1661 4897 meo
1678 4830 1861 4880 animo

297 4901 583 4955 verissime
598 4894 992 4954 iliustrissimus
1009 4899 1267 4952 Baronius
1283 4899 1575 4951 asserebat.
1601 4894 1757 4950 Justo
1783 4909 1861 4951 et-

296 4971 447 5024 enim
472 4971 560 5024 Dei
583 4969 809 5038 judicio,
835 4969 925 5037 qui
954 4967 1218 5038 semelab
1258 4966 1621 5020 ecclesiastica
1657 4968 1778 5038 ﬁde.
1807 4977 1860 5038 et

298 5039 563 5094 Ecclesiae
586 5036 970 5107 antiquiSSitna
1003 5036 1292 5092 traditione
1331 5049 1603 5107 recessere
1623 5073 1637 5097 ,
1664 5036 1854 5105 singuli

296 5111 628 5164 dissentiunt
663 5106 805 5161 inter
843 5121 921 5165 se.
966 5122 1063 5161 nec
1105 5121 1329 5172 usquam
1364 5106 1693 5167 consistunt,
1735 5121 1856 5161 cum

299 5181 371 5231 sit
398 5176 711 5248 πολυσχιδὲς
734 5177 795 5229 τὸ
815 5177 1004 5247 ψεῦδος
1032 5176 1127 5248 κα).
1149 5174 1502 5248 πολύτροπον,
1528 5185 1583 5248 ut
1609 5176 1860 5248 observat

298 5244 647 5311 TlteodoreL,
672 5244 913 5317 ἀπλῆδὲ
945 5250 977 5317 ἡ
1005 5246 1244 5317 άλῄθεια.
1275 5244 1448 5317 Πᾶσαι
1482 5244 1615 5317 πρὸς
1662 5244 1857 5317 ἑαυτὰς

298 5318 540 5390 αἱρέσεις
566 5312 884 5399 μαχόμεναι,
910 5312 1036 5389 περὶ
1058 5312 1131 5372 ὧν
1155 5317 1392 5370 ἔπλασαν
1416 5312 1635 5434 ἑκάστη
1648 5313 1853 5373 κακῶν,

298 5390 358 5434 ὲν
397 5388 541 5434 μόνω
587 5406 664 5434 τω
710 5387 996 5434 ψεύδεσθαι.
1052 5386 1416 5434 συνεδήθησαν
1470 5382 1600 5434 ἀλλ’ἢ
1638 5400 1723 5434 αις
1743 5423 1757 5434 .
1800 5394 1853 5434 ut

297 5382 541 5459 ἐν’μόνῳ
566 5382 675 5459 ’τῷ’
710 5382 996 5459 ψεύδεσθαι
1052 5386 1423 5459 συνεδήθησανΔ
1470 5382 1757 5459 ἀλλήλαις,
1800 5394 1857 5437 ut

298 5454 699 5523 Atlian.,vere.
726 5454 1030 5510 Rationem
1078 5454 1244 5511 babes
1288 5454 1424 5522 apud
1474 5454 1530 5505 Β.
1563 5454 1851 5523 lguatium,

298 5521 541 5592 ποικίλος
583 5529 726 5581 ἐστὶν
753 5530 781 5580 ό
805 5530 902 5596 τῆς
945 5527 1141 5590 κακίας
1192 5521 1539 5596 στρατηγός.-
1561 5521 1856 5596 Κλεψίνους

298 5543 541 5592 ποικίλος
583 5543 726 5581 εστιν
753 5543 902 5596 οτης
945 5543 1141 5590 κακίας
1192 5543 1252 5578 στ
1328 5543 1509 5594 τηγος.
1561 5543 1851 5591 russi/won;

297 5600 555 5664 ἀστατος,
596 5597 769 5665 ἑαυτῷ
814 5596 1068 5661 ἐναντίος,
1110 5597 1202 5649 καὶ
1233 5543 1364 5652 53a
1404 5592 1851 5665 προϐαλλόμενος,

299 5651 463 5732 ἔτερα
487 5651 723 5732 δεικνύς.

375 5687 389 5721 ε
428 5687 463 5722 α
494 5687 723 5732 οεικνυς.
743 5687 813 5722 tu.

375 5687 485 5809 (53)
526 5739 732 5793 Πολὺν
768 5737 983 5809 σωρόν.
1006 5734 1697 5809 ,Νεοῄιηὶηιιεμιιώοηι-ιιοο
1723 5734 1853 5788 vitio

306 5804 590 5869 Eusebius.
615 5809 705 5878 qui
733 5804 969 5878 σωρηδόν
1005 5807 1092 5859 illa
1133 5807 1266 5878 ipsa_,
1295 5804 1482 5878 vicies,
1530 5806 1733 5878 tricies,
1770 5819 1853 5878 re-

305 5881 519 5948 posuit,
566 5874 826 5950 ρημάτων
867 5874 1125 5947 ποταμόν,
1153 5874 1511 5933 ⁷ινεΐυιειιὶοιιίε
1545 5876 1727 5932 solida:
1765 5875 1849 5929 vix

1970 4622 2149 4676 Omnia
2183 4621 2493 4673 tradiderat.
2539 4620 2607 4674 Μ.

2040 4692 2151 4762 (55)
2188 4690 2361 4762 Vulgo
2389 4691 2498 4762 γάρ
2522 4707 2633 4762 om.

2037 4753 2150 4826 (56i
2196 4753 2412 4827 "Arrio.-
2435 4753 2539 4815 del.
2573 4761 2651 4825 εἰς
2684 4764 2807 4817 dein
2841 4758 2999 4828 vulgo
3035 4755 3361 4828 διάτούτων.
3405 4753 3524 4828 Mox

1964 4823 2073 4911 leg;
2104 4830 2218 4909 uth
2231 4823 2356 4911 ftis.
2384 4849 2471 4911 χρ.
2625 4823 2744 4885 dein
2783 4823 3104 4911 γημώμετά
3132 4828 3371 4911 τὸντῆςς
3394 4823 3523 4911 δεῖ).

1964 4891 2201 5022 ﬁtP-garo:
2226 4900 2259 4971 ἢ
2298 4891 2431 4953 ficii
2454 4910 2507 4956 et
2533 4891 2705 4972 Λόγου
2742 4902 2838 4972 μὲν
2857 4891 3025 4952 δεικν.
3054 4900 3119 4963 li;
3153 4891 3408 4951 (ueterum
3448 4891 3523 4948 cf.

1965 4988 2016 5022 n.
2197 5007 2208 5022 .

1965 4988 2561 5111 β’(ἓῖὒῖροφητικῶς
2609 5041 2937 5111 εἰρημένον.
2981 5038 3093 5093 Hoc
3125 5044 3329 5111 certum
3362 5039 3463 5111 est,
3495 5046 3524 5083 a

1965 5099 2163 5166 Davide
2224 5099 2553 5181 propbetice'
2594 5099 2795 5181 dictuwm
2865 5123 3043 5181 esset
3074 5099 3520 5181 quemadmodum

1962 5182 2124 5234 etiam
2157 5176 2375 5245 exponit
2415 5179 2478 5235 Β.
2517 5181 2735 5234 Paulus.
2776 5179 2881 5233 Sed
2921 5178 3045 5245 quid
3091 5176 3156 5226 ad
3181 5176 3518 5245 sententiam

1962 5240 2237 5304 Marcelli?
2261 5249 2457 5304 Contra
2483 5265 2671 5304 omnes
2700 5258 2877 5303 autem
2902 5240 3154 5317 hascede
3181 5240 3355 5317 verbo
3382 5249 3522 5317 stro-

1961 5321 2114 5388 phas,
2151 5319 2631 5389 ἀπεραντολογίας,
2677 5318 2930 5389 legendus
2966 5313 3191 5389 Basilius
3231 5311 3314 5389 in"
3337 5307 3521 5389 homil.

1963 5377 2014 5442 in
2048 5377 2176 5443 illud
2221 5377 2442 5444 Joannis
2481 5377 2535 5451 ι’,
2587 5377 2651 5452 ἴ,
2696 5377 2761 5441 li
2806 5385 3064 5457 principio
3111 5392 3225 5436 erat
3274 5377 3520 5443 Verbum,

1959 5473 2077 5528 pag.
2104 5459 2227 5519 502.
2254 5460 2381 5514 edit.
2412 5460 2504 5513 ult.
2539 5459 2827 5511 Parisiens.
2883 5456 2955 5512 M.

2029 5518 2138 5599 (58)
2178 5518 2353 5598 Ὅπερ
2391 5528 2489 5583 καὶ
2532 5528 2844 5599 πολλάκις.
2890 5523 3156 5599 Defectira
3200 5527 3360 5599 sunt_:
3405 5518 3518 5573 tale

1958 5588 2158 5666 aliquid
2187 5588 2535 5666 supplendum
2566 5608 2670 5662 est,
2704 5588 2841 5666 ὅπερ
2874 5597 2967 5649 καὶ
2998 5593 3254 5666 πολλάκις
3282 5588 3515 5666 εἴρηκα».

1958 5660 2111 5739 λόγος
2146 5660 2303 5739 μόνος
2319 5664 2406 5739 ἦν,
2432 5669 2483 5721 id
2509 5660 2662 5739 enim
2682 5660 2936 5739 tuebatur
2950 5666 3056 5739 ille.
3084 5664 3275 5739 Statili!
3303 5660 3516 5739 legend.

1958 5729 2227 5808 διαφόρω)
2266 5729 2571 5809 ἐπηγοριιῖη
2604 5736 2886 5809 τετύχηκε.
2920 5732 3276 5809 M.—ADele_vi
3312 5729 3403 5783 καί
3444 5738 3526 5784 et~

1959 5802 2141 5865 addidi
2177 5802 2526 5880 ἐφαμινρὶιιιι
2555 5808 2711 5864 codd.
2733 5802 2863 5863 Dein
2900 5808 3058 5876 vulgo
3080 5802 3366 5877 δ.αφόρως.
