3970 6510
511 431 611 488 799

1168 436 1435 493 EUSEBII
1471 437 1941 495 CAESARIENSIS
1974 438 2123 496 OPP.
2164 441 2339 497 PARS
2375 442 2463 498 ιν.
2496 472 2567 483 -
2602 440 3016 499 DOGMATICA.

3628 441 3731 497 800

508 557 810 610 scebatum
850 555 945 611 Hic
975 559 1200 612 observa
1229 561 1359 615 mihi
1394 572 1593 627 autem,
1640 562 1874 632 qualiter
1922 563 2048 619 Mar-

2164 564 2417 636 τύχηκεν,
2446 565 2629 637 ἐπειδὴ
2662 564 2875 632 ὁΛόγος
2908 564 3043 634 σὰρξ
3075 565 3341 630 ἐγενετο.»
3378 561 3545 632 Τήρει
3584 562 3732 623 ὅπως

506 648 673 701 collus
722 663 910 702 nomen
950 648 1077 705 Jesu
1128 661 1183 704 et
1228 652 1454 717 Christi,
1499 663 1555 707 et
1601 665 1824 710 caeteras
1854 670 2066 725 quoque

508 738 912 807 appellationes,
943 756 1047 795 non
1072 742 1138 796 de
1161 741 1339 798 Verbo
1370 746 1647 799 contendit
1674 750 1941 817 usurpari,
1970 752 2063 804 sed

506 839 712 884 tantum
739 834 803 885 de
824 848 1010 899 carne,
1050 850 1211 903 quam
1249 840 1548 908 assumpsit
1588 839 1845 894 Verbum.
1900 842 2064 911 quue

505 922 762 988 quoniam
793 924 882 977 ubi
912 939 1131 978 carnem
1194 925 1388 995 reiicit,
1434 931 1646 983 demum
1700 932 1751 985 in
1786 932 2061 986 Christum

509 1007 606 1062 Dei
633 1010 829 1080 impius
856 1013 1125 1079 reperitur
1160 1018 1374 1084 :pergit
1400 1018 1596 1082 adhuc,
1641 1029 1697 1073 et
1727 1019 1792 1074 de
1837 1036 2063 1089 corpore

504 1100 807 1158 Serratoris
852 1107 918 1159 ad
951 1106 1093 1161 hunc
1130 1110 1342 1163 modum
1371 1111 1561 1165 scribit
1597 1130 1610 1165 :
1640 1111 1730 1183 [R.
1765 1113 1901 1186 Vlll]
1934 1133 1952 1166 ι
1984 1115 2063 1172 Ne

508 1210 528 1242 ι
559 1191 661 1246 hoc
693 1193 864 1261 ipsum
900 1195 1168 1251 immerito
1194 1200 1490 1254 arbitretur
1509 1202 1785 1267 Asterius,
1811 1205 1854 1257 si
1880 1194 2061 1273 poste-

509 1303 528 1334 σ
560 1284 671 1338 rior
690 1286 953 1342 exsistens
972 1304 1069 1344 sno
1092 1305 1317 1360 corpore
1334 1293 1399 1345 ad
1426 1294 1797 1360 antiquitatem
1818 1298 2061 1366 aspirare

506 1394 525 1426 ι
556 1386 805 1445 nequeat,
828 1378 921 1433 sed
943 1381 1271 1447 recordetur,
1298 1385 1440 1452 quod
1461 1394 1732 1453 utcunque
1757 1389 2057 1458 contingat,

503 1480 522 1512 ι
559 1463 845 1519 humanam
870 1467 1022 1522 istam
1061 1485 1277 1525 carnem
1308 1475 1657 1540 posteriorem
1698 1491 1839 1541 esse,
1872 1480 2062 1535 nihilo-

502 1573 521 1604 ι
555 1553 731 1610 minus
762 1558 851 1625 qni
884 1558 1027 1613 illam
1053 1575 1145 1629 per
1169 1565 1564 1621 sanctissimam
1600 1568 1873 1638 Virginem
1902 1587 2059 1627 assu-

499 1663 518 1695 ι
555 1660 699 1700 mere
724 1649 973 1719 dignatus
998 1661 1102 1717 est,
1136 1654 1366 1708 Verbum
1393 1655 1485 1711 Dei
1518 1698 1534 1725 ,
1570 1658 1791 1715 adunito
1822 1660 1895 1715 illi
1937 1676 2057 1730 suo,

498 1757 515 1787 ι
551 1740 691 1806 quod
714 1752 853 1806 erat,
875 1743 1144 1799 hominem
1174 1746 1320 1800 illum
1339 1763 1492 1802 suum
1522 1751 1781 1806 universae
1798 1764 2060 1808 creatura:

497 1845 515 1876 ι
552 1826 969 1899 Primogenitum
995 1835 1308 1905 reddiderit,
1329 1847 1383 1890 et
1401 1853 1575 1893 rerum
1597 1841 1832 1896 omnium
1851 1843 2055 1912 princi-

2163 655 2250 709 διὰ
2288 655 2490 708 τούτων
2522 655 2838 725 Μάρκελλος
2874 654 2966 707 τοῦ
3006 652 3179 723 Ἰησοῦ
3216 654 3307 706 καὶ
3338 651 3574 722 Χριστοῦ
3612 651 3729 703 δνο-

2167 765 2263 818 μα,
2295 748 2387 801 καὶ
2409 748 2505 810 τὰς
2531 730 2723 811 λοιπὰς
2753 746 3137 818 προσηγορίας,
3164 747 3225 798 οὐ
3253 744 3494 815 βούλεται
3518 742 3728 795 κεῖσθαι

2163 840 2254 892 ἐπὶ
2294 839 2385 894 τοῦ
2416 840 2613 907 Λόγου,
2664 839 2777 894 ἀλλ’
2802 840 2895 893 ἐπὶ
2932 840 3029 909 τῆς
3068 837 3269 910 σαρκὸς
3307 832 3374 907 ἦς
3419 835 3724 905 ἀνείληφεν.

2175 931 2468 1000 Ἀναγκαία
2495 931 2602 1002 δὲή
2632 932 2971 1003 ἐπιτήρησις,
2996 932 3062 983 ἶν’
3086 930 3212 983 ὅταν
3237 928 3392 990 αὐτὸς
3421 926 3579 979 πάλιν
3602 928 3732 979 ἀπο-

2162 1022 2298 1093 ϐάλῃ
2320 1023 2415 1094 τὴν
2440 1024 2635 1094 σάρκα,
2670 1021 2942 1093 ἐλέγχοιτο
2961 1021 3170 1074 ἀσεϐῶν
3192 1021 3303 1087 (59)
3334 1019 3425 1071 τὸν
3450 1019 3532 1080 είς
3565 1017 3728 1070 αὑτὸν

2160 1115 2391 1186 Χριστὸν
2409 1113 2499 1167 τοῦ
2517 1112 2670 1166 Θεοῦ.
2700 1115 2853 1167 Μετὰ
2876 1113 2939 1184 δὴ
2968 1113 3035 1166 τὰ
3060 1110 3417 1184 προλεχθέντα
3447 1108 3576 1178 ἑξῆς
3592 1125 3728 1177 προ-

2159 1204 2275 1267 ῖὼν,
2296 1204 2365 1257 τὰ
2388 1206 2512 1276 περὶ
2541 1205 2634 1257 τοῦ
2669 1204 2918 1273 σώματος
2944 1204 3035 1256 τοῦ
3061 1203 3331 1276 Σωτῆρος,
3352 1200 3574 1254 τοιαῦτα
3598 1199 3729 1268 γρά-

2160 1312 2249 1364 φει
2268 1312 2281 1325 ο
2317 1316 2335 1348 ι
2362 1297 2471 1349 Καὶ
2503 1298 2577 1368 μὴ
2600 1297 2755 1350 τοῦτο
2779 1294 3041 1350 ἀπίθανον
3062 1291 3198 1348 εἶναι
3230 1292 3497 1365 νομιζέτω
3540 1292 3724 1344 Ἀστέ-

2166 1406 2183 1438 ‹
2212 1404 2341 1458 ριος,
2375 1389 2423 1439 εί
2451 1387 2709 1460 νεώτερον
2739 1388 2797 1442 ὃν
2824 1386 2986 1440 αὑτοῦ
3015 1386 3263 1457 σώματος
3280 1385 3410 1456 (60),
3445 1385 3615 1454 αὐτῆς
3632 1402 3724 1435 τυ-

2165 1496 2184 1529 (
2209 1480 2322 1547 χεῖν
2345 1479 2697 1550 ἀρχαιότητος
2727 1480 2952 1551 ἐδυνήθη
2975 1496 2988 1510 ο
3040 1478 3151 1532 ἀλλ’
3190 1480 3453 1541 ἐννοείτω,
3508 1478 3605 1530 καὶ
3645 1476 3724 1529 ὅτι

2165 1588 2183 1620 ι
2211 1570 2443 1639 μάλιστα
2460 1570 2556 1642 τὴν
2575 1570 2917 1641 ἀνθρωπίνην
2936 1570 3111 1641 σάρκα
3142 1567 3409 1638 νεωτέραν
3429 1563 3566 1620 εἶναι
3583 1584 3648 1618 συ
3656 1583 3722 1636 μ-

2164 1677 2181 1710 t
2206 1657 2402 1725 δαίνει,
2432 1660 2581 1729 ὅμως
2608 1663 2635 1714 6
2661 1660 2863 1731 ταύτην
2894 1658 3178 1713 ἀναλαϐεῖν
3204 1658 3268 1710 δι’
3298 1656 3467 1726 ἁγνῆς
3486 1655 3722 1721 ἀξιώσας

2164 1767 2182 1797 ‹
2208 1748 2482 1818 Παρθένου
2509 1748 2700 1817 Λόγος,
2732 1749 2900 1821 ταύτῃ
2927 1750 2987 1801 τὸ
3015 1746 3205 1801 ἑαυτοῦ
3228 1746 3450 1810 ἑνώσας,
3474 1748 3535 1800 οὐ
3565 1748 3721 1817 μόνον

2162 1842 2547 1912 ιῌρωτότοκον
2576 1842 2755 1912 πάσης
2779 1841 3004 1905 κτίσεως
3041 1841 3134 1893 τὸν
3161 1841 3218 1892 ἐν
3247 1838 3424 1907 ἑαυτῴ
3440 1838 3723 1909 ἄνθρωπον

495 1938 511 1970 ι
548 1919 691 1988 pium
718 1923 902 1978 volens
932 1927 1296 1994 constituerit,
1314 1946 1497 1987 earum
1521 1934 1707 2002 quzein
1724 1938 1884 1993 terris
1904 1949 2048 2009 sunt,

2158 1953 2176 1985 ‹
2197 1934 2483 1987 κτισθέντα
2527 1933 2929 2005 ἀπειργάσατο,
2970 1933 3107 1987 ἀλλά
3141 1933 3235 1985 καὶ
3266 1932 3436 2003 ἀρχὴν
3468 1933 3720 1985 ἁπάντων

495 2030 514 2063 e
546 2021 733 2082 etquae
752 2015 802 2069 in
820 2017 988 2072 caelis.
1004 2037 1023 2070 ι
1048 2019 1168 2074 llaac
1185 2022 1273 2090 qui
1290 2023 1528 2092 scripsit,
1546 2037 1931 2083 commemorat
1951 2030 2051 2085 ali-

484 2113 688 2171 quanto
715 2115 839 2173 post
862 2109 1104 2177 Apostoli
1134 2114 1319 2176 verba,
1345 2114 1545 2181 quibus
1585 2116 1707 2171 Filii
1739 2122 2050 2178 constabilit

483 2191 822 2249 divinitatem
854 2212 867 2249 :
894 2182 979 2257 illa
1012 2200 1290 2265 nimirum,
1321 2201 1423 2269 Qui
1443 2213 1519 2258 est
1548 2206 1721 2277 imago
1744 2207 1835 2263 Dei
1863 2212 2047 2265 invisi-

485 2282 629 2348 bilis,
654 2286 1027 2357 primogenitus
1065 2293 1229 2345 omnis
1259 2304 1540 2359 creaturae,
1567 2298 1814 2367 quoniam
1845 2303 1900 2355 in
1936 2304 2046 2368 ipso

482 2374 697 2428 condita
717 2389 834 2429 sunt
865 2381 1133 2447 universa,
1173 2386 1227 2437 in
1246 2386 1387 2441 caelis
1412 2397 1461 2440 et
1488 2388 1541 2441 in
1565 2397 1727 2455 terra,
1754 2394 1975 2447 visibilia
1996 2406 2043 2450 et

378 2474 383 2479 ‘
480 2464 784 2531 invisibilia,
809 2470 912 2523 sive
939 2472 1136 2538 throni,
1168 2476 1273 2530 sive
1305 2477 1714 2547 dominationes,
1746 2484 1854 2537 sive
1894 2487 2043 2551 prin-

479 2554 706 2625 cipatus,
735 2561 841 2613 sive
859 2572 1141 2630 potestates
1166 2580 1185 2619 :
1217 2568 1395 2622 omnia
1420 2585 1514 2637 per
1550 2571 1725 2639 ipsum
1754 2584 1802 2627 et
1838 2575 1893 2628 in
1932 2576 2042 2645 ipso

479 2657 801 2715 creataisunt
820 2668 839 2714 ;
861 2664 906 2705 et
928 2654 1037 2722 ipse
1071 2666 1192 2711 ante
1212 2675 1409 2725 omnes,
1436 2671 1487 2715 et
1514 2664 1691 2718 omnia
1717 2664 1768 2719 in
1786 2666 1896 2734 ipso
1927 2684 2043 2721 con-

478 2742 619 2789 stant
650 2738 691 2792 ⁸.
719 2736 844 2795 Haec
868 2745 1047 2798 omnia
1070 2745 1136 2799 ad
1164 2761 1383 2803 carnem
1398 2751 1544 2807 dicta
1571 2752 1757 2819 refert,
1790 2769 1887 2809 nec
1916 2771 2041 2812 eru-

475 2825 593 2882 buit
619 2827 714 2884 bas
748 2846 907 2888 voces
933 2837 1257 2905 apostolicas
1288 2840 1354 2896 de
1380 2842 1466 2897 illa
1489 2857 1656 2901 carne
1682 2846 1855 2901 dictas
1874 2848 2041 2903 inter-

474 2920 696 2985 pretari,
722 2922 788 2975 de
808 2938 909 2992 qua
942 2926 1052 2995 ipsa
1081 2928 1133 2982 in
1179 2934 1536 2999 sequentibus
1565 2936 1629 2989 ad
1655 2935 1799 2992 hunc
1820 2938 2037 2993 modum

474 3010 663 3065 scribit
689 3011 778 3083 [Β.
815 3015 984 3088 CIV]:
1014 3038 1033 3070 ι
1078 3020 1133 3074 Si
1172 3021 1407 3078 fateatur
1445 3025 1564 3079 ideo
1594 3024 1873 3092 Servator,
1920 3044 2038 3083 car-

2157 2044 2177 2075 ι
2200 2025 2361 2078 αὑτὸν
2377 2020 2514 2078 εἶναι
2532 2024 2793 2095 βούλεται,
2811 2026 2871 2078 οὐ
2887 2025 2992 2078 τῶν
3019 2026 3110 2078 ἐπὶ
3136 2025 3237 2095 γῆς
3258 2024 3435 2094 μόνον,
3465 2023 3601 2078 ἀλλά
3627 2024 3720 2077 καὶ

2155 2133 2175 2166 ι
2196 2115 2301 2168 τῶν
2331 2116 2387 2168 ὲν
2412 2115 2710 2186 οὐρανοῖς.»
2749 2114 2999 2167 Τοσαῦτα
3021 2113 3212 2180 είπὼν,
3264 2112 3383 2184 μεθ’
3411 2114 3571 2185 ἕτερα
3620 2113 3717 2177 τὰς

2146 2206 2507 2269 ἀποστολικάς
2544 2207 2746 2276 φωνὰς,
2783 2207 2849 2259 δι’
2875 2201 2948 2259 ὧν
2972 2205 3062 2259 τὸν
3086 2206 3211 2258 Υἱὸν
3238 2204 3333 2257 τοῦ
3366 2204 3498 2259 Θεοῦ
3538 2204 3716 2258 θεολο-

2146 2302 2253 2368 γεῖ,
2290 2300 2532 2369 φάσκων,
2570 2299 2665 2365 ’Ός
2696 2299 2866 2353 ἐστιν
2888 2298 3064 2352 εἰκὼν
3088 2297 3193 2351 τοῦ
3232 2298 3379 2351 Θεοῦ
3411 2297 3515 2350 τοῦ
3538 2294 3712 2365 ἀορά-

2149 2408 2274 2454 του,
2302 2392 2672 2458 πρωτότοκος
2695 2391 2897 2457 πάσης
2917 2391 3164 2455 κτίσεως
3184 2404 3197 2420 ⁸
3217 2388 3305 2442 ὅτι
3324 2390 3393 2443 ἐν
3420 2388 3581 2454 αὐτῷ
3601 2389 3708 2460 (61)

2141 2479 2385 2548 ἐκτίσθη
2434 2478 2506 2532 τὰ
2553 2479 2767 2543 πάντα,
2828 2480 2900 2534 τὰ
2947 2481 3016 2534 ἐν
3044 2480 3168 2547 τοῖς
3208 2480 3482 2548 οὐρανοῖς
3506 2480 3606 2533 καὶ
3645 2480 3713 2533 τὰ

2140 2570 2237 2623 ἐπὶ
2261 2570 2370 2639 τῆς
2395 2570 2530 2641 γῆς,
2557 2572 2677 2625 εἴτε
2704 2572 2926 2640 θρόνοι,
2946 2573 3066 2626 εἴτε
3089 2574 3450 2641 κυριότητες,
3471 2574 3590 2626 εἴτε
3610 2573 3711 2640 dp-

2142 2660 2262 2729 χαὶ,
2298 2661 2417 2714 εἴτε
2451 2661 2742 2726 ἐξουσίαι,
2780 2662 2851 2717 τὰ
2894 2663 3087 2717 πάντα
3125 2663 3198 2717 δι’
3240 2664 3446 2729 αὐτοῦ,
3495 2665 3590 2717 καὶ
3627 2666 3708 2729 είς

2140 2752 2323 2806 αὐτὸν
2337 2753 2619 2817 ἔκτισται,
2638 2754 2735 2807 καὶ
2757 2757 2937 2820 αὑτός
2957 2756 3083 2809 ἐστι
3103 2754 3215 2825 πρὸ
3237 2755 3494 2820 πάντων,
3524 2756 3620 2808 καὶ
3642 2758 3708 2809 τὰ

2138 2843 2334 2897 πάντα
2360 2847 2446 2911 εὶς
2470 2845 2655 2900 αὐτόν
2682 2846 3026 2916 συνέστηκε
3044 2889 3059 2914 ,
3101 2848 3194 2900 ἐπὶ
3234 2847 3331 2918 τὴν
3361 2846 3539 2917 σάρκα
3578 2849 3704 2900 ἀνα-

2137 2935 2326 3008 φέρειο
2378 2938 2477 2990 οὐκ
2520 2938 2783 3009 ἐρυθριῶν
2815 2940 2911 3003 τὰς
2951 2940 3202 3003 τοιαύτας
3241 2940 3332 2993 τοῦ
3388 2940 3702 2993 Ἀποστόλου

2136 3028 2321 3096 φωνάς
2357 3029 2715 3100 ἐκλαμϐάνειν
2756 3032 2848 3099 ἐπὶ
2877 3030 2973 3101 τὴν
3009 3032 3207 3102 σάρκα,
3248 3033 3375 3102 περὶ
3401 3027 3469 3103 ἦς
3504 3031 3703 3101 προῖὼν

478 3116 498 3151 ι
537 3116 654 3156 nem
675 3120 782 3159 non
804 3110 1078 3177 prodesse,
1101 3113 1239 3168 unde
1267 3113 1346 3179 lit,
1366 3124 1426 3168 ut
1450 3131 1599 3180 caro,
1630 3132 1748 3186 quae
1770 3127 1823 3173 et
1842 3124 1900 3183 ᾖ
1918 3130 2034 3175 orta

2151 3121 2295 3185 ιύτδς
2334 3122 2647 3193 Μάρκελλος
2681 3124 2851 3178 ταῦτα
2889 3126 3118 3196 γράφει·
3154 3144 3171 3178 ι
3210 3127 3271 3179 Ei
3316 3121 3409 3180 οῦν
3440 3128 3469 3180 6
3512 3123 3701 3195 Σωτὴρ

478 3210 497 3244 ι
527 3205 610 3248 est
638 3196 702 3250 de
736 3206 903 3265 terra,
934 3210 989 3255 et
1016 3202 1146 3257 nihil
1175 3206 1414 3274 prodest,
1440 3222 1559 3262 cum
1584 3208 1847 3278 profuerit
1879 3213 2030 3279 nihil,

478 3301 497 3314 .
526 3284 577 3314 ἶ..
613 3283 788 3314 τμη-...ι
819 3290 1009 3314 ...ιηηιλ
1059 3290 1227 3314 ιι,-ι.,
1272 3310 1322 3314 ι-
1360 3298 1478 3314 σε-..
1501 3299 1525 3314 ι.
1621 3302 1633 3314 ι
1677 3299 1697 3314 ο
1842 3302 1935 3314 ......
1975 3304 2027 3314 ...

2151 3231 2159 3265 ι
2198 3215 2447 3285 ὁμολογεῖ
2463 3214 2557 3286 τὴν
2588 3216 2763 3288 σάρκα
2782 3216 2942 3287 μηδὲν
2959 3216 3202 3285 ὠφελεῖν,
3228 3217 3344 3281 πῶς
3366 3218 3598 3289 ἐγχωρεῖ
3608 3216 3700 3286 τὴν

476 3301 497 3334 ι
526 3284 577 3337 in
612 3283 789 3341 futuro
818 3290 1013 3346 saeculo
1059 3290 1233 3349 Verbo
1266 3298 1525 3351 assistat?
1559 3317 1578 3350 ι
1616 3299 1709 3369 (cf.
1740 3316 1794 3370 p.
1835 3302 1937 3357 182
1961 3304 2028 3377 Α]

2151 3325 2159 3358 ι
2198 3283 2263 3359 ὲκ
2276 3307 2377 3377 γῆς
2390 3325 2449 3360 τε
2469 3283 2650 3373 οῦσαν,
2662 3283 2757 3361 καὶ
2774 3283 2941 3379 μηδὲν
2955 3283 3265 3379 ὠιρελοῦσαν
3283 3312 3339 3363 ὲν
3486 3283 3703 3379 ιιὲλλουο

470 3374 666 3432 lternm
697 3379 763 3435 de
784 3383 971 3437 eadem
1007 3384 1095 3439 illa
1122 3388 1193 3441 ita
1233 3388 1393 3443 inlit:
1430 3411 1448 3441 ι
1485 3391 1764 3458 Quomodo
1790 3409 1888 3464 par
1932 3374 2035 3452 fuit

2151 3419 2155 3450 ι
2197 3418 2281 3453 σιν
2304 3401 2463 3454 αἰῶσι
2478 3402 2552 3465 ὡς
2564 3402 2711 3472 αὐτῷ
2730 3402 3106 3456 λυσιτελοῦσαν
3123 3403 3230 3472 (62)
3251 3406 3483 3456 συνεῖναι
3505 3402 3582 3472 τῷ
3600 3402 3699 3455 A6-

477 3483 496 3515 s
532 3475 588 3520 nt
608 3471 748 3524 servi
782 3469 979 3538 forma,
1000 3490 1160 3545 quam
1188 3481 1480 3551 assumpsit
1500 3481 1601 3537 sibi
1630 3482 1882 3551 Verbum,
1906 3501 2029 3543 cum

2151 3507 2155 3540 ι
2193 3507 2307 3560 γῳ;
2341 3509 2360 3543 ι
2395 3490 2511 3544 Κᾶν
2543 3469 2697 3553 αὖθις
2723 3493 2850 3565 περὶ
2877 3494 2977 3565 τῆς
3000 3469 3169 3564 αὐτῆς
3200 3469 3397 3564 σαρκὸς
3428 3469 3664 3565 ἐπιλέγει
3683 3514 3695 3526 °

474 3572 495 3606 ι
529 3560 757 3615 exsistat
800 3562 972 3620 l'orma
1002 3569 1165 3632 servi,
1208 3570 1383 3625 Verbo
1418 3586 1731 3641 permaneat
1787 3578 2026 3634 adunita.

2151 3599 2154 3628 ς
2190 3578 2313 3642 Πῶς
2332 3578 2437 3631 ἔδει
2454 3580 2552 3652 τὴν
2566 3580 2659 3633 τοῦ
2675 3560 2861 3635 δούλου
2890 3560 3208 3655 μορφὴνξῆν
3241 3560 3526 3654 ἀνείληφεν
3550 3587 3577 3639 6
3594 3560 3699 3639 λό-

472 3662 493 3696 ‹
532 3646 692 3704 Certe
738 3657 926 3722 nequit
981 3658 1116 3714 fieri.
1150 3679 1169 3711 ι
1214 3661 1277 3715 Ει
1318 3673 1494 3718 tamen
1548 3666 1637 3722 ille
1689 3668 1804 3738 ipse
1840 3672 1931 3738 qui
1964 3673 2031 3727 de

2151 3691 2152 3694 η
2194 3686 2309 3737 γος,
2329 3646 2540 3742 μορφὴν
2557 3667 2720 3725 οὖσαν
2735 3646 2919 3725 δούλου
2940 3646 3176 3726 συνεῖναί
3186 3674 3262 3744 τῷ
3278 3646 3459 3744 Λόγωξ
3480 3676 3569 3728 Διὸ
3585 3677 3699 3729 ἀδύ-

465 3750 631 3793 carne
665 3739 741 3795 ita
793 3745 1033 3815 scripsit,
1073 3748 1126 3805 in
1157 3754 1408 3820 praesenti
1444 3754 1590 3810 illam
1625 3768 1783 3813 vocat
1836 3761 2030 3833 imagi-

2151 3783 2152 3786 ‘
2190 3739 2346 3815 νατον
2376 3739 2567 3831 γένοιτ’
2588 3765 2672 3819 ἀν.
2710 3783 2730 3817 ι
2776 3764 2910 3817 Ἀλλ’
2936 3766 2965 3817 6
2991 3765 3211 3818 τοιαῦτα
3235 3739 3484 3837 ’περὶ-τῆς
3501 3769 3695 3840 σαρκὸς

466 3844 591 3883 nem
631 3831 745 3899 Dei,
777 3846 831 3891 et
859 3841 1035 3895 omnis
1063 3854 1328 3899 creatura:
1357 3846 1810 3917 primogenitam;
1854 3831 2024 3923 ipsam

2151 3852 2293 3909 intimi
2322 3854 2416 3908 νῦν
2439 3856 2621 3909 εἰκόνα
2643 3856 2735 3909 τοῦ
2761 3856 2894 3910 Θεοῦ
2911 3857 3079 3928 αὐτὴν
3105 3857 3271 3927 λέγει,
3302 3831 3393 3911 καὶ

466 3934 592 3976 ante
621 3928 800 3982 omnia
830 3932 1106 3989 exstitisse
1131 3935 1266 3989 dicit
1290 3951 1304 3988 :
1332 3946 1389 3992 et
1411 3938 1464 3991 in
1493 3938 1582 3994 illa
1606 3943 1822 3997 condita
1856 3944 2026 4001 fuisse

2151 3962 2221 3998 :ov
2250 3945 2428 4016 πάσης
2450 3947 2700 4012 κτίσεως,
2729 3949 2899 4021 αὑτήν
2925 3965 2983 4001 τε
3011 3945 3173 4003 οὖσαν
3212 3952 3317 4024 πρὸ
3339 3952 3574 4015 πάντων,
3605 3952 3695 4006 καὶ

465 4009 712 4066 universa
738 4015 916 4084 docet,
949 4034 1071 4075 cum
1102 4038 1221 4093 quae
1247 4024 1298 4078 in
1338 4032 1482 4081 terra
1508 4038 1655 4093 sunt,
1688 4040 1802 4086 tum
1824 4048 1944 4103 quae
1967 4036 2022 4090 in

2151 4036 2302 4090 πάντα
2321 4009 2460 4092 τὰΙὲν
2473 4042 2584 4102 τοῖς
2599 4009 2865 4111 οὐρανοῖς,
2884 4042 2977 4094 καὶ
2997 4042 3066 4095 τὰ
3082 4042 3172 4095 ἐπὶ
3196 4009 3293 4114 τῆς
3312 4043 3431 4113 γῆς,
3454 4009 3690 4115 θρόνους,

463 4101 639 4169 caelis,
678 4105 920 4176 thronos,
945 4112 1361 4182 dominationes,
1400 4122 1761 4189 principatus,
1789 4101 2027 4195 potesta-

2151 4128 2463 4201 ευριότητας,
2490 4101 2682 4202 ἀρχὰς,
2718 4101 2983 4199 ἐξουσίας,
3012 4135 3069 4187 ὲν
3091 4135 3225 4206 αὐτῇ
3249 4101 3513 4189 έϋκτίσθαιὶ

470 4202 570 4251 tes.
612 4196 782 4255 Verba
825 4203 969 4260 illius
1015 4218 1140 4262 sunt
1169 4208 1189 4281 [
1218 4210 1283 4265 R.
1319 4210 1550 4286 lV-Vll]
1591 4234 1604 4270 :
1658 4235 1679 4269 ‹
1714 4217 1769 4272 Si
1806 4220 1920 4290 ipse
1952 4222 2024 4277 sit

2151 4196 2213 4274 >ει
2238 4221 2294 4274 δὲ
2317 4196 2489 4286 οὕτως
2508 4196 2794 4278 ’-ι’-Οὐκοῦν
2818 4196 3165 4295 Πρωτότοκος
3188 4196 3284 4296 εἱέν
3309 4227 3455 4280 ἐστιν
3477 4196 3687 4297 ἀπάσης

468 4303 490 4340 t
518 4291 694 4346 omnis
722 4306 990 4352 creaturae
1026 4300 1422 4373 primogenitus
1443 4346 1458 4370 ,
1486 4315 1541 4361 et
1584 4307 1638 4363 in
1664 4308 1782 4380 ipso
1801 4314 2019 4369 condita

2194 4314 2422 4377 κτίσεως
2444 4315 2623 4380 αὐτὸς,
2648 4317 2704 4369 ὲν
2723 4291 2882 4387 etim?)-
2896 4317 2953 4370 δὲ
2978 4291 3199 4389 ἐκτίσθη
3225 4318 3296 4372 τὰ
3320 4291 3688 4391 πάντα,προσ-

465 4392 487 4428 ι
517 4388 641 4432 sunt
696 4382 971 4451 universa,
1002 4387 1307 4461 intelligere
1324 4408 1421 4448 nos
1446 4406 1681 4465 oportet,
1708 4403 2020 4469 Aposwlum

2190 4406 2313 4475 ήκει
2344 4406 2540 4460 εἰδέναι
2564 4409 2732 4478 ἡμᾶς,
2752 4382 2974 4480 ὅτιπερὶ
3000 4411 3100 4480 τῆς
3122 4382 3261 4464 κατὰ
3280 4412 3457 4482 σάρκα
3484 4382 3685 4465 οἰκονο-

464 4482 487 4518 α
518 4468 568 4520 in
598 4475 850 4537 prementi
881 4478 1213 4536 mentionem
1256 4482 1440 4540 facere
1466 4487 1532 4542 de
1581 4488 1670 4543 illa
1725 4468 2019 4550 secundum

2191 4468 2320 4566 μίας
2367 4497 2553 4563 αὑτοῦ,
2672 4468 2989 4564 ’Ᾰπόστολος
3032 4468 3148 4553 νὐνὶ
3202 4468 3488 4571 μέμνηται.
3528 4522 3546 4553 ι
3581 4503 3685 4555 Καὶ

464 4576 487 4610 ι
521 4575 739 4618 carnem
785 4566 1207 4636 dispensatione.
1240 4594 1259 4628 ›
1286 4575 1588 4634 Conﬁrmat
1639 4582 1743 4638 hoc
1794 4586 2022 4655 adjectis

2155 4588 2423 4641 πι6ε6αιοῖ
2459 4589 2549 4641 τὸν
2589 4589 2763 4658 λόγον,
2802 4591 3075 4663 ἐπιφέρων
3098 4566 3254 4661 ἑξῆς·
3276 4566 3310 4642 ἰ
3342 4566 3685 4661 Πρωτότοκος

458 4659 514 4703 et
544 4650 663 4705 istis
688 4669 703 4706 :
739 4673 757 4706 ι
782 4654 1016 4717 Vocatus
1045 4672 1128 4718 est
1179 4675 1365 4721 autem
1403 4671 1581 4726 omnis
1609 4650 1876 4731 creaturae
1896 4680 2011 4746 pri-

2191 4675 2283 4733 οὗν
2318 4680 2533 4750 ἁπάσης
2559 4650 2787 4745 κτίσεως
2828 4650 2919 4734 διά
2956 4650 3053 4752 τὴν
3259 4650 3435 4753 σάρκα
3475 4650 3683 4751 γένεσιν

464 4758 485 4793 ι
525 4747 852 4817 mogenitus,
885 4766 989 4808 non
1048 4764 1107 4810 ut
1148 4757 1227 4812 illi
1283 4760 1641 4832 arbitrantur,
1693 4769 1837 4835 quod
1890 4780 2019 4825 ante

2186 4747 2498 4842 ὠνομάσθη,
2528 4773 2588 4825 οὐ
2620 4772 2706 4826 διὰ
2732 4773 2829 4844 τὴν
2858 4747 3098 4845 ποώτην,
3126 4774 3201 4839 ὡς
3234 4747 3387 4828 αὐτοὶ
3409 4747 3517 4847 (δε)
3544 4775 3682 4830 οῖον-

531 4888 590 4946 >3
623 4880 719 4937 Ed.
747 4881 941 4950 Paris.,
968 4903 1068 4959 pag
1100 4890 1189 4944 44.
1230 4892 1251 4922 ⁸
1272 4892 1478 4950 Coloss.
1499 4912 1539 4963 ι,
1565 4898 1653 4956 16.
1685 4899 1767 4953 l7.

488 5066 638 5165 τ
674 5070 997 5165 ξὶςιαύἔρν
1031 5074 1559 5165 daegérra..§ati§'
1575 5083 1774 5165 liquet,
1808 5084 2034 5165 legenda

2151 5089 2424 5165 itani,_qui
2452 5091 2517 5165 ad
2558 5090 3168 5165 huinatntatem_retnli_t
3196 5091 3336 5146 hanc
3366 5096 3679 5165 prazrogati-

453 5139 536 5201 είς
572 5139 730 5192 αδτδν
773 5141 982 5198 ἀσεδῶν
1014 5146 1103 5198 τδν
1144 5147 1248 5217 [δίο
1291 5150 1470 5222 codd-1
1517 5139 1773 5224 Χριεττάνὶ
1816 5139 2034 5225 N‘émpé‘
2116 5139 3167 5230 95.3:mrito;erigitegeﬁai:
3198 5139 3336 5244 ’ῗῗ

452 5209 1353 5319 23$.f2‘2ﬁi..f25ﬂ¥3.ﬂ"Siitii
1375 5220 1532 5319 2125'}
1553 5222 1820 5319 ηἱιξξυξιέτη
1863 5236 2012 5319 erat;
2113 5229 3315 5319 .-5921Msﬂteezsisﬁsa“emitr”
3359 5246 3583 5319 εειεηε.
3617 5247 3675 5319 ιιι

449 5272 682 5333 abeunte
702 5272 861 5349 Λόγω
883 5272 1153 5352 δύ’ῢευιη,
1179 5289 1229 5343 in
1247 5272 1354 5359 quo
1552 5272 1698 5349 eiii:

450 5348 776 5429 νυίερμετά
798 5334 864 5429 δξ
882 5353 948 5407 τὰ
970 5354 1251 5429 λεχθέντα.

2209 5272 2273 5284 ..-
2332 5272 2447 5284 ...η
2549 5272 2978 5283 “suum”...
3004 5272 3018 5285 .
3069 5272 3160 5283 -.ω
3359 5272 3550 5289 “um...
3619 5272 3672 5291 ...

2151 5272 2369 5367 :g‘amlus,
2414 5272 2562 5370 αδτῷ
2599 5299 2673 5362 ὡς
2713 5298 3109 5363 λυσιτελοῦσαν,
3153 5272 3277 5365 aut,
3333 5303 3497 5424 ςηδὲν
3526 5305 3672 5377 αὑτῷ

2151 5369 2510 5424 υσιτελοῦσαν.
2537 5370 2605 5424 Μ.
2634 5368 2835 5423 -Ιηιο
2850 5370 2923 5429 ὡς
2943 5370 3109 5429 αὐτῷ,
3132 5371 3200 5424 i-l’.
3223 5388 3275 5429 ι).
3301 5371 3322 5423 l
3370 5374 3401 5426 6
3444 5373 3503 5428 Β.
3535 5375 3668 5429 Infra

681 5368 776 5432 ετρι
798 5368 864 5432 os_
882 5368 948 5407 τα
969 5368 1251 5432 λεχθέντα.
1421 5430 1440 5432 r_
2111 5368 2510 5424 λυσιτελοῦσαν.
2536 5368 2605 5424 Μ.
2634 5398 2706 5408 -
2723 5368 2835 5423 lmo
2850 5370 2923 5432 ὡς
2943 5370 3109 5432 αὐτῷ,
3132 5371 3200 5424 i-l’.
3223 5388 3275 5432 p.
3301 5368 3405 5426 176
3444 5373 3503 5428 Β.
3535 5368 3668 5429 ΙΜτᾶ

525 5367 608 5469 tgo
639 5367 776 5419 μετα
798 5367 855 5406 οε
882 5367 948 5407 τα
975 5367 1251 5427 λεχθέντα.
2111 5367 2510 5424 λυσιτελοῦσαν.
2535 5367 2605 5424 Μ.
2634 5398 2706 5408 -
2723 5368 2835 5423 lmo
2850 5370 2923 5433 ὡς
2943 5370 3109 5440 αὐτῷ,
3132 5371 3200 5424 i-l’.
3223 5388 3275 5439 p.
3301 5367 3406 5426 176
3444 5373 3503 5428 Β.
3535 5367 3668 5429 ΙΜτῇ

897 5426 1344 5513 σώέέατος.“ξῐηο
1374 5430 1551 5513 Ξῷμα.
1576 5432 1697 5513 Pro
1739 5435 2013 5513 σημαίνει,
2110 5439 2267 5513 vulgo
2299 5439 2469 5513 οὕτως
2508 5442 2557 5492 εἰ
2591 5456 2764 5513 πρωτ.
2801 5451 2855 5493 et
2892 5440 3007 5513 ἐστὶ
3052 5441 3230 5513 πάσης
3277 5451 3331 5495 et
3378 5460 3549 5513 πρωτ,
3578 5443 3670 5499 οῦν

452 5485 735 5591 legendum
758 5505 869 5591 ρει.
887 5511 952 5591 σε
962 5485 1270 5591 deanam;
1288 5530 1357 5541 —
1378 5485 1469 5591 8ξὲ
1487 5485 1550 5557 et
1576 5505 1617 5558 ιι
1633 5485 1651 5568 ζ
1664 5485 1755 5591 qui
1775 5485 2013 5591 taeta;

2151 5485 3670 5591 ῐξτίίὲίῖνοῖᾡ..έὶοἶπρὸξέᾷὶρν’ἒιῖὲῖμοῖιὶςἽῷξῖἆῲῘέἱ

449 5557 619 5645 ᾳξδτῇς
645 5561 792 5645 αυτῷ
822 5574 877 5618 et
906 5557 1077 5645 ἀρχῆς
1112 5586 1208 5645 pro
1238 5557 1591 5645 ἀρχαιότητος
1628 5557 1788 5629 ἐίὸτι

449 5636 520 5716 ρι’
542 5642 647 5681 om.
688 5631 1077 5716 ἀπειργάσατο.
1113 5631 1248 5695 Dein
1278 5631 1453 5716 'i'ulgo
1486 5631 1671 5716 ’μόνων
1709 5645 1919 5699 correxi
1958 5646 2009 5699 in

451 5697 626 5782 μόνον
660 5697 912 5782 (ξιξ-θοὶιζι.
939 5709 1027 5782 gui
1057 5720 1111 5782 et
1140 5697 1434 5782 συμμαίνέι
1461 5697 1609 5769 dant.

521 5770 1005 5865 gilzh'fn-at’irtfj.
1045 5770 1461 5865 Chrysoslomns
1522 5785 1737 5865 exponit
1787 5788 1871 5865 διε
1911 5791 2008 5842 αὑ-

447 5850 571 5897 του.
612 5850 823 5899 Utrovis
862 5850 1037 5914 modo,
1078 5850 1398 5921 impietatem
1443 5850 1616 5925 arguit
1646 5857 1801 5925 hujus
1830 5864 2005 5926 Ancy-

2109 5579 2331 5650 cptﬁd'iv,
2350 5594 2527 5650 porro
2553 5579 2761 5650 ἔκτισεν
2800 5579 2899 5650 ἐμέ
2926 5593 2977 5634 et
3006 5581 3133 5650 περὶ
3155 5580 3247 5634 τοῦ
3278 5598 3327 5634 τ.
3356 5599 3410 5649 γ.
3435 5579 3493 5637 π.

2183 5648 2294 5721 (63)
2346 5649 2441 5721 Ὡς
2484 5648 2923 5721 αὐτοὶιοτονται
2976 5648 3193 5704 κτίσιν.
3228 5648 3459 5708 Arianos
3509 5654 3664 5708 intel-

2111 5718 2246 5787 ligit,
2274 5718 2372 5787 qui
2408 5719 2681 5773 Christum
2712 5719 2876 5773 etiam
2908 5722 3199 5774 secundum
3244 5733 3489 5777 naturam
3532 5724 3663 5777 divi-

2112 5806 2257 5853 nam,
2284 5789 2409 5843 licet
2431 5799 2557 5861 ante
2579 5788 2771 5861 saecula
2800 5789 3093 5861 conditam,
3124 5790 3492 5861 intelligebant
3512 5810 3660 5849 crea-

2110 5868 2305 5925 turam,
2328 5870 2380 5916 et
2411 5860 2488 5916 sic
2518 5859 2873 5925 πρωτότοκον.
2898 5858 2967 5913 Μ.
