3970 6518
258 410 357 465 8M

1384 409 1661 467 CONTRA
1703 409 2126 467 MARCELLUM
2163 413 2291 468 LIB.
2329 416 2396 469 11.

3378 415 3483 471 809.

265 547 281 576 s
320 544 435 588 ται,
462 524 654 578 κτίσιν·
696 543 716 577 ι
760 525 853 577 καὶ
897 523 1155 593 ἐπιλέγειο
1204 543 1222 576 ι
1265 526 1340 579 Οὐ
1382 528 1558 580 τοίνυν
1601 545 1754 591 ουτος
1800 530 1819 581 ἐ

1935 547 1954 579 ι
1994 529 2173 583 omnia
2230 529 2346 599 ipse
2376 529 2619 584 conditus
2651 529 2742 595 sit,
2777 528 2870 584 sed
2905 536 3124 599 propter
3151 528 3296 584 illam
3329 545 3480 585 suum

260 638 278 669 ι
319 616 624 685 ἁγιώτατος
650 617 819 685 Λόγος
855 616 960 687 πρὸ
984 617 1085 686 τῆς
1113 616 1573 689 ἐνανθρωπήσεως
1606 619 1825 691 Πρωτό-

260 729 277 760 ι
319 726 481 771 τοκος
511 708 728 779 ἁπάσης
752 707 978 770 κτίσεως
1004 708 1285 779 ὡνόμαστο
1321 709 1459 779 (πῶς
1479 710 1586 780 γὰρ
1605 711 1825 766 δυνατὸν

259 819 278 850 ι
317 800 414 854 τὸν
457 800 545 853 ἀεὶ
580 799 708 854 ὄντα
743 799 1078 869 πρωτότοκον
1120 797 1258 853 εἷναί
1312 818 1493 864 τινος;
1523 802 1541 873 )
1575 801 1708 856 ἀλλὰ
1736 804 1826 857 τὸν

258 910 276 940 ι
317 889 537 961 πρῶτον
570 888 755 942 καινὸν
796 889 1096 961 ἄνθρωπον,
1125 892 1204 953 είς
1229 890 1288 943 ὃν
1313 891 1381 943 τὰ
1410 892 1586 945 πάντα
1625 894 1824 965 ἀνακε-

258 1001 275 1032 ι
319 979 734 1050 φαλαιώσασθαι
786 981 1048 1052 ἐϐουλήθη
1088 983 1117 1034 6
1152 980 1302 1046 Θεὸς,
1347 982 1534 1036 τοῦτον
1590 985 1647 1036 ai
1690 984 1823 1037 θεῖαι

258 1090 277 1123 ι
314 1073 536 1142 Γραφαὶ
561 1071 906 1143 Πρωτότοκον
944 1073 1122 1141 πάσης
1165 1072 1488 1143 ὀνομάζουσι
1520 1074 1763 1137 κτίσεως.
1799 1095 1817 1127 ι

250 1164 362 1216 Καὶ
388 1159 545 1226 αὖθις
573 1162 820 1233 ἐπιφέρει
841 1179 854 1192 ·
886 1181 904 1214 ι
946 1162 1184 1227 Ἀκούεις
1212 1164 1359 1226 ὅπως
1397 1164 1456 1217 ού
1501 1164 1657 1235 μόνον
1690 1164 1823 1218 ταῦ-

254 1273 273 1306 ι
313 1273 405 1323 τα,
436 1254 572 1309 ἀλλὰ
613 1255 704 1307 καὶ
742 1254 811 1307 τὰ
847 1255 1264 1327 προῦπάρχοντα
1290 1254 1346 1307 έν
1367 1272 1423 1308 τε
1454 1257 1701 1327 οὐρανοῖς
1732 1257 1824 1309 καὶ

256 1369 272 1399 ι
315 1349 414 1402 ἐπὶ
438 1349 537 1418 τῆς
566 1348 667 1419 γῆς
695 1349 753 1400 ὲν
783 1347 932 1418 αὐτῷ
955 1349 1092 1402 κατὰ
1123 1348 1220 1419 τὴν
1254 1349 1442 1420 καινὴν
1477 1350 1650 1403 κτίσιν
1677 1350 1823 1403 ἐκτί-

253 1460 272 1490 s
318 1440 445 1493 σθαι
467 1439 770 1511 συμϐαίνει.
806 1459 825 1492 ι
864 1440 1045 1495 Ταῦτα
1078 1441 1174 1512 μὲν
1206 1437 1296 1495 οὖν
1330 1442 1397 1495 δι’
1432 1436 1505 1496 ὦν
1543 1442 1823 1515 Πρωτότο-

247 1551 349 1587 κον
380 1535 561 1604 πάσης
589 1533 817 1596 κτίσεως
869 1532 957 1586 διὰ
994 1532 1092 1603 τὴν
1126 1534 1300 1604 σάρκα
1329 1534 1489 1587 αὐτὸν
1513 1533 1823 1605 ὠνομάσθαι

246 1626 463 1696 εἴρηκε.
521 1624 627 1676 Θέα
666 1623 722 1676 δὲ
754 1623 899 1686 ὅπως
929 1624 1021 1677 καὶ
1046 1623 1128 1689 τὸ,
1154 1626 1366 1693 Κύριος
1394 1626 1595 1679 ἐκτισέ
1616 1643 1694 1695 με
1730 1626 1826 1693 ἀρ-

1930 640 1949 673 ι
1981 621 2276 677 secundum
2305 635 2520 675 carnem
2548 621 2970 690 generationem.
3008 640 3027 672 ι
3065 622 3226 675 Addit
3265 631 3480 678 autem:

1930 729 1949 761 ι
1980 709 2242 777 Quocirca
2268 710 2669 764 sanctissimum
2714 712 2854 765 istud
2889 712 3145 776 Verbum,
3192 727 3294 767 non
3327 714 3478 767 dice-

1930 819 1948 850 ι
1980 801 2137 854 batur
2168 810 2293 854 ante
2316 815 2466 854 suam
2514 800 2965 866 incarnationem,
3011 803 3187 858 omnis
3214 815 3479 859 creatura:

1929 910 1947 942 ι
1988 889 2403 961 Primogenitus.
2454 891 2584 945 Nam
2618 894 2889 961 quomodo
2936 895 3048 947 ticri
3082 905 3312 963 poterat,
3347 906 3404 949 ut
3434 896 3480 948 is

1930 998 1947 1029 ι
1978 980 2067 1047 qui
2091 994 2308 1049 semper
2327 989 2467 1046 erat,
2496 980 2723 1048 alicujus
2752 993 2897 1037 esset
2925 984 3318 1052 primogenitus
3341 984 3364 1037 ?
3386 987 3480 1039 sed

1930 1091 1947 1124 ι
1980 1074 2187 1141 primus
2223 1073 2310 1127 ille
2335 1088 2504 1127 novus
2534 1073 2716 1140 homo,
2754 1074 2805 1126 in
2831 1088 2992 1143 quem
3051 1076 3227 1129 omnia
3271 1076 3482 1129 volebat

1929 1182 1946 1213 ι
1985 1163 2123 1217 Deus
2154 1162 2485 1226 recolligere,
2512 1161 2556 1216 is
2579 1162 2630 1216 in
2658 1177 2811 1217 sacra
2838 1163 3116 1231 Scriptura
3145 1166 3478 1229 nominatur,

1929 1273 1947 1307 ι
1978 1254 2155 1309 omnis
2179 1265 2447 1309 creaturae
2488 1253 2936 1325 Primogenitus.»
2970 1255 3139 1309 infert
3165 1266 3295 1311 tum:
3327 1276 3344 1307 ι
3369 1260 3480 1311 Au-

1929 1365 1948 1398 ι
1989 1348 2090 1411 dis,
2117 1355 2175 1399 ut
2202 1361 2306 1399 non
2338 1345 2514 1399 solum
2546 1346 2672 1412 ista,
2692 1347 2783 1402 sed
2813 1358 2867 1402 et
2896 1348 2987 1401 illa
3017 1349 3199 1402 omnia
3226 1353 3481 1417 praaexsi-

1928 1454 1947 1487 ι
1985 1437 2178 1491 stentia
2203 1437 2317 1491 sive
2350 1450 2512 1506 super
2536 1447 2734 1491 terram
2771 1454 2866 1492 seu
2910 1440 2963 1493 in
2996 1440 3172 1505 caelis,
3206 1440 3368 1495 inillo
3394 1457 3481 1496 se-

1929 1546 1946 1579 ι
1978 1529 2213 1583 cundum
2242 1543 2438 1583 novam
2465 1528 2604 1584 hanc
2633 1530 2966 1585 creationem
3018 1534 3417 1587 condebantur.
3456 1552 3476 1584 ι

1921 1621 2098 1688 Atque
2129 1620 2244 1675 haec
2274 1629 2400 1676 sunt
2423 1620 2511 1674 illa
2537 1621 2735 1689 quibus
2761 1625 3077 1691 pronuntiat
3104 1625 3251 1678 illum
3278 1627 3479 1679 dictum

245 1717 376 1787 χὴν
394 1715 550 1770 ὁδῶν
569 1716 755 1770 αὑτοῦ
784 1719 870 1783 εὶς
891 1717 1033 1786 ἔργα
1049 1712 1258 1781 αὐτοῦ,
1284 1716 1445 1769 πάλιν
1467 1718 1557 1769 ἐπὶ
1579 1717 1677 1789 τὴν
1701 1718 1819 1789 σάρ-

1922 1713 2098 1768 onmis
2122 1723 2387 1767 creaturae
2425 1711 2854 1783 Primogenitum
2887 1728 3103 1785 pr0ptcr
3149 1728 3478 1788 assumptam

246 1828 323 1863 κα
350 1808 643 1881 ἀναφέρει·
682 1807 757 1879 μὴ
786 1808 1066 1879 προσέχων
1094 1811 1159 1879 τῇ
1190 1807 1308 1878 θείᾳ
1336 1808 1523 1879 Γραφῇ
1555 1808 1618 1861 ὲκ
1652 1826 1822 1880 προσ-

1924 1821 2166 1860 carnem.
2194 1803 2327 1859 Vide
2361 1815 2538 1860 autem
2569 1807 2801 1876 qualiter
2830 1807 2896 1862 ad
2930 1822 3148 1862 carnem
3181 1824 3397 1878 quoque
3425 1818 3480 1863 et

246 1900 401 1954 ὡπου
440 1901 538 1969 τῆς
580 1899 768 1969 σοφίας
809 1902 864 1954 ὲν
904 1902 1021 1962 ταῖς
1051 1899 1378 1971 Παροιμίαις
1410 1900 1596 1953 τοῦτον
1628 1901 1818 1969 λεγού-

1924 1896 2052 1951 illud
2082 1896 2300 1960 referat,
2334 1897 2589 1951 Dominus
2616 1899 2850 1951 condidit
2908 1917 2987 1953 me
3029 1901 3340 1971 principium
3369 1905 3481 1955 via-

246 2009 320 2063 σῃ
358 1990 452 2043 τὸν
482 1989 682 2060 τρόπον
702 2006 714 2019 ο
768 1989 908 2059 Ἐγὼ
934 1988 972 2054 ὴ
1004 1989 1188 2057 σοφία
1220 1987 1650 2054 κατεσκήνωσα
1670 1990 1819 2053 ,βου-

243 2080 397 2148 line,
433 2080 535 2133 καὶ
566 2079 773 2144 δόξαν,
809 2079 905 2132 καὶ
930 2079 1170 2133 ἔννοιαν
1194 2079 1307 2150 ἐγὼ
1332 2080 1817 2150 ἐπεκαλεσάμην·

240 2173 323 2226 δι’
349 2172 498 2242 ἐμοῦ
521 2173 802 2239 ,Βασιλεῖς
824 2173 1247 2238 βασιλεύουσι,
1294 2172 1394 2226 καὶ
1439 2175 1492 2227 oi
1528 2172 1821 2227 δυνάσται

244 2264 648 2331 δικαιοσύνην
674 2263 1027 2333 γράφουσιν.
1068 2257 1162 2326 Οἷς
1191 2263 1315 2333 έξῆς
1343 2263 1580 2331 ἐπιλέγει
1624 2265 1656 2334 ή
1683 2263 1819 2335 αὑτὴ

245 2344 451 2425 Σοφίαε
498 2356 595 2409 Ἐν
623 2354 783 2422 ὁδοῖς
810 2354 1194 2422 δικαιοσύνης
1231 2353 1547 2422 περιπατῶ,
1576 2354 1673 2407 καὶ
1704 2355 1821 2408 ἀνὰ

239 2447 442 2516 μέσον
464 2448 675 2514 τρίϐων
695 2445 1081 2515 δικαιώματος
1103 2444 1567 2514 ἀναστρέφομαι,
1597 2446 1696 2498 ἵνα
1717 2462 1821 2514 με-

238 2538 399 2606 ρίσω
442 2535 567 2602 τοῖς
618 2536 721 2604 ἐμὲ
760 2535 1072 2606 ἀγαπῶσιν
1098 2536 1376 2605 ὕπαρξιν,
1413 2537 1510 2591 καὶ
1548 2538 1690 2603 τοὺς
1719 2543 1820 2606 θη-

246 2626 520 2694 σαυροὺς
571 2626 767 2680 αὐτῶν
802 2626 1091 2696 ἐμπλήσω
1130 2627 1384 2697 ἀγαθῶν.
1451 2631 1589 2684 Ἐὰν
1638 2631 1818 2701 ἀναγ-

246 2719 429 2789 τείλω
461 2718 602 2787 ὑμῖν
621 2721 693 2772 τὰ
718 2719 845 2773 καθ’
876 2718 1106 2788 ἡμέραν
1132 2721 1468 2790 γιγνόμενα,
1480 2725 1817 2792 μνημονεύ-

246 2824 339 2863 σω
400 2811 474 2865 τὰ
520 2811 590 2875 ἐξ
647 2810 860 2876 αὶῶνος
919 2810 1257 2880 ἀριθμῆσαι.
1313 2814 1525 2882 Κύριος
1582 2816 1820 2870 ἐκτισέν

241 2918 322 2970 με
380 2900 577 2969 ἀρχὴν
624 2898 778 2955 ὁδῶν
818 2901 1003 2953 αὑτοῦ
1048 2904 1134 2968 εὶς
1167 2903 1310 2971 ἔργα
1334 2903 1540 2969 αὑτοῦ,
1572 2905 1684 2973 πρὸ
1713 2906 1819 2960 τοῦ

246 2992 464 3059 αἰῶνος
494 2993 845 3062 ἐθεμελίωσέ
870 3011 969 3064 με,
998 2995 1067 3048 ἐν
1096 2995 1253 3065 ἀρχῇ
1280 2997 1391 3064 πρὸ
1427 2998 1533 3050 τοῦ
1557 2996 1674 3064 τὴν
1703 2997 1820 3067 γῆν

247 3084 501 3153 ποιῆσαι
520 3102 533 3116 ·
562 3087 656 3139 καὶ
680 3085 749 3139 τὰ
774 3086 982 3151 τούτοις
1021 3088 1145 3158 ἑξῆς
1160 3088 1292 3159 (64).
1318 3086 1412 3153 Οἷς
1438 3088 1512 3162 μὴ
1540 3089 1819 3162 βουληθεὶς

245 3178 349 3250 τὴν
363 3178 602 3231 διάνοιαν
616 3178 903 3249 ἐπιστῆσαι
920 3167 1254 3251 Μάρκελλος,
1274 3180 1391 3244 ἑνὸς
1405 3181 1460 3233 δὲ
1483 3182 1642 3253 μόνου
1665 3182 1819 3250 γενό-

250 3288 413 3341 μενος
447 3270 670 3339 σκοποῦ,
697 3270 790 3325 τοῦ
821 3271 894 3343 μὴ
920 3272 1246 3344 ὁμολογῆσαι
1275 3274 1364 3327 τὸν
1396 3275 1520 3327 Υἱὸν
1545 3274 1637 3328 τοῦ
1662 3274 1816 3341 θεοῦ,

246 3367 347 3438 τὴν
377 3365 743 3437 προκειμένην
776 3364 1051 3433 θεολογίαν
1079 3365 1171 3418 ἐπὶ
1202 3365 1299 3437 τὴν
1329 3354 1504 3438 σάρκα
1538 3367 1816 3438 ἀναφέρει,

246 3456 345 3510 καὶ
389 3455 490 3527 τὴν
523 3455 735 3509 εὐθεῖαν
770 3456 1177 3527 παρεκτραπεὶς
1224 3457 1358 3522 ὁδὸν,
1398 3458 1607 3511 άνοδίαν
1645 3459 1819 3531 ἑαυτῷ

246 3547 510 3618 ἐπενόησε
539 3549 764 3619 γράφων
793 3549 931 3602 κατὰ
959 3548 1102 3615 λέξιν
1135 3549 1325 3614 οὕτως·
1364 3568 1382 3600 ι
1421 3551 1494 3603 Τὸ
1516 3551 1696 3605 τοίνυν
1725 3568 1817 3604 κε-

253 3658 271 3688 ι
314 3638 542 3707 φάλαιον
587 3639 735 3691 τουτὶ
781 3639 877 3709 τῆς
925 3640 1248 3710 Παροιμίας,
1279 3640 1338 3692 ού
1372 3640 1469 3711 τὴν
1510 3640 1682 3713 ἀρχὴν
1720 3642 1818 3713 τῆς

252 3750 271 3781 ι
315 3730 586 3799 θεότητος,
641 3729 829 3800 ὥσπερ
880 3731 1031 3784 αὐτοὶ⁸
1072 3730 1369 3800 νομίξουσι,
1420 3730 1515 3783 τοῦ
1572 3732 1818 3804 Σωτῆρος

252 3840 272 3872 ι
311 3820 469 3891 ἡμῶν
498 3820 840 3892 παραστῆσαι
873 3819 1209 3891 βουλόμενον,
1239 3822 1453 3889 Κύριος
1490 3821 1693 3875 ἕκτισέ
1718 3838 1814 3890 με,

252 3929 272 3962 ι
314 3911 419 3981 ἔφη
440 3927 454 3940 ·
489 3910 626 3964 ἀλλὰ
653 3911 750 3981 τὴν
778 3910 1033 3981 δευτέραν
1078 3910 1220 3963 κατὰ
1258 3912 1432 3980 σάρκα
1468 3911 1776 3981 οἰκονομίαν
1798 3928 1812 3941 ·

252 4024 271 4055 ι
314 4004 395 4056 διὸ
426 4003 518 4055 καὶ
545 4003 774 4065 κτίσεως
815 4001 1082 4072 μέμνηται
1125 4004 1447 4074 προσφόρως
1482 4006 1576 4074 τῆς
1610 4003 1817 4074 ἀνθρω-

252 4114 271 4146 ι
316 4094 479 4164 πίνης
497 4094 746 4165 σαρκός.)
772 4095 879 4146 Καὶ
909 4094 1033 4164 ἑξῆς
1062 4095 1326 4163 ἐπιλέγει·
1367 4084 1385 4145 ᾱ
1408 4095 1520 4148 Οὐκ
1546 4092 1638 4149 οὖν
1656 4095 1812 4165 (65)ή

251 4207 271 4240 ι
315 4192 492 4252 κτίσις
517 4191 583 4259 τῇ
603 4188 747 4241 κατὰ
784 4187 1065 4259 ἄνθρωπον
1100 4188 1263 4243 αὐτοῦ
1289 4188 1533 4259 διαφέρει
1555 4188 1814 4258 πράγμα-

251 4292 271 4325 s
313 4274 454 4345 τείᾳ.
503 4275 591 4326 Διό
629 4291 793 4346 φησιο
831 4277 1046 4344 Κύριος
1086 4275 1288 4330 ἕκτισέ
1316 4293 1393 4345 με
1426 4277 1623 4345 ἀρχὴν
1662 4276 1816 4330 ὁδῶν

251 4382 272 4415 ι
313 4363 522 4429 αὑτοῦ,
585 4367 673 4431 εις
728 4366 871 4436 ἔργα
928 4367 1112 4421 αὐτοῦ
1156 4367 1360 4420 ἕκτισέ
1415 4386 1518 4438 με,
1578 4368 1813 4438 δηλονότι

252 4474 273 4507 ι
314 4455 405 4509 διὰ
430 4454 528 4525 τῆς
559 4456 827 4527 παρθένου
849 4456 1091 4527 Μαρίας,
1113 4457 1179 4510 δι’
1201 4452 1267 4529 ἧς
1289 4461 1317 4511 6
1342 4458 1471 4522 Θεὸς
1490 4459 1684 4512 ένῶσαι
1716 4461 1813 4532 τὴν

1920 2002 2036 2039 rum
2060 2002 2299 2047 suarum,
2343 1988 2412 2038 ad
2449 2004 2601 2054 opera
2636 2004 2732 2039 sua
2766 1988 2786 2018 ⁷
2824 2006 2835 2040 :
2878 1997 2934 2042 et
2988 2003 3198 2042 sacram
3232 1989 3472 2057 Scriptu-

1922 2092 2036 2129 ram
2071 2077 2305 2137 attende,
2348 2076 2399 2128 in
2454 2075 2759 2130 Proverbiis
2792 2079 2891 2130 hoc
2925 2077 3082 2132 modo
3111 2078 3419 2145 loquentem
3458 2098 3471 2134 :

1920 2147 2032 2234 15.90
2059 2166 2316 2229 sapientia
2344 2166 2521 2218 habito
2553 2166 2607 2219 in
2641 2165 2881 2230 consilio,
2906 2178 2950 2220 et
2977 2170 3194 2220 eruditis
3222 2169 3476 2221 intersum

1930 2256 2374 2324 cogitationibus:
2404 2273 2495 2323 per
2528 2272 2608 2310 me
2630 2273 2771 2324 reges
2808 2270 3047 2327 regnant,
3069 2269 3118 2312 et
3153 2258 3320 2329 legum
3351 2276 3477 2313 con-

1920 2345 2114 2399 ditores
2133 2345 2281 2415 justo
2316 2345 2599 2400 decernunt
2633 2347 2676 2402 ⁸.
2709 2348 2917 2414 Quibus
2956 2350 3145 2403 eadem
3201 2349 3474 2417 Sapientia

1920 2438 2034 2491 haec
2066 2439 2305 2493 anitectit
2332 2456 2344 2491 :
2377 2437 2443 2492 In
2483 2440 2575 2492 viis
2593 2439 2819 2507 justitia:
2855 2456 2946 2508 ego
2990 2439 3237 2495 ambulo:
3270 2448 3320 2494 et
3347 2456 3474 2493 con-

1919 2546 2095 2584 versor
2124 2532 2179 2584 in
2210 2533 2378 2584 medio
2431 2534 2737 2586 semitarum
2794 2533 3097 2601 wquitatis,
3143 2543 3198 2586 ut
3245 2520 3477 2586 dividam

1919 2622 2273 2675 exsistentiam
2303 2622 2639 2692 diligentibus
2692 2642 2793 2689 me,
2838 2634 2887 2678 et
2934 2628 3205 2679 thesauros
3242 2627 3477 2695 ipsorum

1919 2712 1983 2764 de
2012 2711 2159 2765 bonis
2205 2712 2466 2779 repleam:
2495 2714 2541 2767 si
2566 2718 2705 2769 vobis
2734 2717 3133 2783 annuntiavero,
3156 2733 3273 2786 quae
3300 2717 3474 2785 quoti-

1918 2804 2004 2856 die
2022 2803 2236 2871 ﬁebant,
2266 2806 2561 2859 memorabo
2585 2808 2860 2860 enuntiare
2889 2823 3005 2877 qua:
3038 2822 3185 2862 erant
3214 2808 3475 2863 asteculo.

1922 2894 2175 2948 Dominus
2196 2897 2422 2962 possedit
2465 2912 2544 2949 me
2585 2897 2639 2949 in
2662 2897 2813 2950 initio
2833 2899 3033 2951 viarum
3052 2913 3298 2963 suarum,
3324 2906 3476 2951 ante-

1918 3002 2075 3055 quam
2092 2987 2376 3056 quidquam
2397 2987 2591 3056 faceret
2608 3005 2638 3040 a
2653 2989 2909 3057 principio
2926 2988 2990 3041 ab
3013 2998 3208 3043 azterno
3228 2989 3476 3042 ordinata

1922 3093 2060 3141 sum,
2089 3079 2140 3129 in
2163 3078 2421 3145 principio
2448 3087 2725 3146 antequam
2748 3091 2939 3132 terram
2958 3080 3196 3133 conderet
3222 3081 3267 3145 ’,
3289 3090 3478 3149 etquae

1922 3179 2219 3236 sequuntur
2254 3186 2266 3221 :
2307 3168 2500 3235 quibus
2560 3170 2782 3225 minime
2843 3170 3029 3225 volens
3084 3171 3427 3241 acquiescere
3458 3212 3473 3235 ,

1926 3264 1983 3322 iis
2015 3271 2109 3313 aut
2150 3261 2386 3315 animum
2445 3278 2602 3317 suum
2660 3264 2944 3319 advertere
2994 3264 3302 3329 Marcellus,
3345 3264 3474 3319 illud

1919 3352 2137 3405 unicum
2188 3352 2395 3406 habens
2450 3353 2503 3407 in
2554 3356 2848 3423 proposito,
2903 3365 2959 3410 ut
3004 3372 3072 3410 ne
3123 3356 3477 3413 confiteretur

1918 3440 2112 3495 Filium
2162 3442 2278 3509 Dei,
2304 3443 2447 3498 illam
2487 3454 2612 3500 ante
2658 3447 2858 3500 dictam
2897 3447 2949 3501 in
2983 3446 3290 3505 Proverbiis
3314 3450 3381 3505 de
3408 3465 3477 3505 eo

1920 3533 2279 3604 theologiam,
2328 3537 2394 3590 ad
2444 3551 2662 3591 carnem
2710 3537 2910 3603 refert,
2968 3549 3023 3593 et
3073 3547 3355 3610 postquam
3408 3543 3474 3595 de

1918 3638 2063 3683 recta
2096 3632 2178 3683 via
2212 3629 2594 3696 declinaverat,
2625 3630 2769 3684 invia
2820 3632 3061 3699 quaedam
3110 3632 3212 3687 sibi
3262 3634 3476 3703 excogi-

1919 3721 2074 3786 tavit,
2099 3722 2199 3777 ista
2225 3723 2483 3777 verbatim
2497 3723 2770 3778 scribens:
2794 3722 2883 3794 [R.
2908 3722 3005 3796 1X]
3030 3722 3471 3780 «Proverbiorntu

1922 3831 1940 3865 ι
1990 3813 2152 3883 igitur
2180 3824 2341 3883 caput
2374 3814 2536 3877 istud,
2571 3831 2675 3869 non
2709 3825 2769 3869 ut
2815 3815 2890 3869 illi
2926 3825 3129 3883 rentur,
3155 3818 3348 3871 docere
3376 3833 3474 3871 nos

1920 3924 1941 3957 ι
1990 3906 2245 3972 intendit,
2276 3907 2488 3961 initium
2530 3908 2829 3962 divinitatis
2863 3907 3189 3973 Servatoris,
3224 3910 3313 3965 ubi
3345 3912 3417 3963 ait
3451 3927 3467 3963 :

1922 4017 1941 4049 ι
1992 3998 2242 4051 Dominus
2284 4000 2515 4081 possedit
2570 4015 2652 4053 me
2699 4001 2957 4069 principio
2990 4002 3191 4055 viarum
3221 4019 3474 4056 suarunt'

1921 4109 1947 4159 t_
1985 4091 2078 4144 sed
2110 4091 2397 4145 secundam
2431 4091 2576 4144 illam
2606 4106 2726 4159 qua:
2766 4093 2817 4145 in
2861 4107 3026 4146 carne
3055 4094 3154 4145 fuit
3184 4092 3331 4148 Jacta
3362 4095 3475 4148 dis-

1920 4202 1939 4236 ι
1985 4182 2352 4252 pensationem
2399 4198 2416 4242 :
2459 4184 2709 4251 quocirca
2788 4184 3146 4253 possessionis
3206 4186 3468 4251 meminit,

1919 4294 1938 4327 ι
1983 4276 2083 4329 hoc
2111 4282 2195 4328 est
2222 4275 2400 4330 carnis
2432 4274 2640 4329 noviter
2672 4286 2885 4333 creatae.
2913 4276 3028 4331 Non
3060 4276 3242 4348 igitur,
3275 4279 3344 4332 ita
3372 4279 3470 4333 ad-

1920 4384 1939 4419 ι
1984 4368 2079 4435 dit,
2108 4377 2357 4422 creatura
2405 4368 2472 4420 ab
2504 4367 2730 4422 humana
2763 4367 3227 4440 ejus.0peratione
3258 4379 3342 4425 est
3370 4371 3472 4425 dis.

1918 4477 1937 4511 ι
1984 4458 2166 4513 tincta.
2216 4458 2335 4515 Ideo
2375 4459 2577 4528 inquit:
2610 4459 2861 4515 Dominus
2913 4462 3148 4515 condidit
3195 4478 3276 4515 me
3316 4462 3471 4516 initio

252 4569 272 4602 ι
311 4549 656 4620 ἀνθρωπίνην
676 4550 851 4620 σάρκα
871 4549 948 4620 τῷ
966 4547 1155 4603 ἑαυτοῦ
1172 4551 1327 4619 Λόγῳ
1344 4551 1639 4622 προείλετο.
1668 4571 1686 4603 ι
1707 4551 1810 4604 Καὶ

1922 4569 1935 4603 ι
1981 4552 2180 4606 viarum
2209 4568 2427 4606 suarum
2474 4553 2543 4606 ad
2582 4568 2740 4620 opera
2779 4570 2895 4606 sua.
2933 4552 3036 4608 Per
3070 4554 3337 4633 Virginem
3370 4555 3474 4609 sci-

248 4635 369 4706 μεθ’
414 4636 577 4709 ἕτερα
614 4636 930 4708 προστίθησι
965 4635 1137 4705 λέγων
1176 4654 1189 4668 ο
1220 4656 1237 4689 ι
1275 4639 1476 4691 Τούτου
1518 4640 1697 4693 τοίνυν
1724 4640 1815 4693 οὖ-

250 4745 269 4777 ι
311 4743 423 4790 τως
455 4728 685 4798 ἔχοντος,
713 4727 1001 4781 ἀκόλουθόν
1034 4729 1149 4782 ἐστι
1178 4734 1396 4785 σκοπεῖν
1428 4733 1491 4802 τῇ
1521 4731 1726 4804 διανοίᾳ
1752 4732 1814 4785 τὸ

251 4835 271 4867 ι
313 4819 702 4890 παροιμιωδῶς
762 4820 1049 4892 εἰρημένον
1111 4820 1258 4875 τουτὶ
1316 4823 1639 4891 κεφάλαιον
1701 4824 1814 4877 Κύ-

249 4927 268 4959 ι
305 4925 443 4977 ριος
458 4910 658 4963 ἐκτισέ
669 4928 745 4979 με
760 4911 959 4979 ἀρχὴν
986 4911 1142 4965 ὁδῶν
1155 4909 1360 4979 αὐτοῦ,
1380 4915 1459 4977 είς
1475 4914 1806 4985 ἔργααύτοῦ.

246 5020 268 5053 s
316 5001 541 5052 Ἔκτισε
584 5005 692 5072 γὰρ
731 5000 963 5072 ἀληθῶς,
1007 5003 1067 5055 τὸ
1102 5004 1176 5074 μὴ
1202 5002 1259 5056 ὂν
1291 5004 1626 5075 πεποιηκὼς,
1670 5007 1698 5058 6
1729 5006 1814 5059 δε-

245 5110 268 5145 s
313 5092 521 5162 σπότης
542 5092 697 5163 ήμῶν
721 5093 852 5156 Θεὸς
872 5094 970 5146 οὑκ
993 5090 1155 5149 οὖσαν
1178 5094 1273 5165 τὴν
1304 5096 1500 5165 σάρκα,
1522 5096 1587 5166 ἣν
1612 5097 1815 5169 ἀνείλη-

245 5202 266 5235 s
310 5201 412 5253 φεν
438 5185 467 5236 6
497 5185 688 5251 Λόγος.
728 5203 748 5237 s
780 5187 889 5238 Καὶ
917 5186 1162 5258 ἐπιφέρει
1188 5183 1340 5250 αὖθις
1374 5186 1577 5254 λέγων·
1615 5208 1633 5239 ι
1671 5190 1812 5241 Οὐκ-

246 5297 266 5329 ι
306 5276 403 5329 οὖν
469 5273 613 5327 τοῦτ’
661 5274 841 5341 ἔστιν,
896 5281 930 5332 ό
984 5282 1194 5345 Κύριος
1239 5280 1439 5331 ἕκτισέ
1486 5295 1562 5347 με
1619 5279 1816 5348 ἀρχὴν

245 5386 265 5418 ι
310 5365 470 5421 ὁδῶν
505 5368 692 5421 αὐτοῦ
732 5369 818 5433 είς
858 5367 1003 5438 ἔργα
1046 5368 1253 5423 αὐτοῦ.
1301 5368 1523 5436 Ἐπάγει
1567 5369 1646 5434 δὲ,
1695 5370 1815 5437 Πρὸ

318 5541 379 5600 ›Ι‹
414 5534 511 5590 Ed.
545 5534 744 5602 Paris.,
778 5549 901 5604 pag.
934 5532 1023 5589 45.
1103 5532 1123 5564 τ
1163 5532 1323 5588 Prov.
1388 5550 1508 5615 vni,
1576 5532 1665 5588 22.
1739 5534 1915 5597 8ibid.

316 5701 429 5769 (64)
468 5698 627 5753 Κατὰ
670 5698 741 5751 τὰ
778 5699 1027 5765 τούτοις.
1067 5695 1404 5768 Legendum,
1444 5696 1637 5752 καὶτὰ
1681 5697 1805 5751 τού-

239 5788 359 5834 τοις
388 5771 514 5840 ἑξῆς
541 5769 826 5833 ἀκόλουθα,
873 5780 964 5823 aut.
1016 5769 1191 5824 simile
1219 5769 1365 5838 quid.
1403 5769 1471 5825 Μ.
1505 5799 1574 5809 —
1596 5770 1706 5824 Καὶ
1736 5769 1805 5823 τά

243 5846 404 5898 codd.
433 5851 488 5896 et
522 5855 643 5895 mox
678 5840 904 5893 σκόπου.
1256 5850 1257 5853 ‘

1926 4660 1945 4692 ι
1991 4640 2115 4695 licet
2142 4640 2388 4705 Mariam,
2417 4656 2575 4711 quam
2599 4641 2874 4711 praeelegit
2899 4644 3038 4699 Deus
3079 4653 3138 4697 ut
3169 4642 3347 4700 Verbo
3369 4661 3471 4700 suo

1925 4749 1943 4782 ι
1983 4745 2198 4784 carnem
2216 4732 2502 4785 humanam
2524 4732 2755 4787 uniret.»
2778 4732 2912 4787 Tum
2935 4736 3185 4805 deinceps
3201 4737 3465 4807 adjungit:

1919 4821 2007 4895 [Β.
2056 4822 2129 4895 Χ]
2164 4843 2182 4875 ι
2212 4823 2325 4885 Hoc
2358 4837 2488 4878 sane
2523 4839 2644 4879 cum
2699 4825 2772 4880 ita
2828 4840 2887 4880 se
2942 4826 3158 4892 habeat,
3190 4841 3470 4884 consenta-

1922 4932 1941 4966 ι
1988 4931 2144 4969 neum
2175 4924 2259 4969 est
2283 4915 2463 4968 animo
2489 4916 2825 4985 perpendere
2850 4917 3052 4972 dictum
3085 4918 3212 4972 illud
3240 4934 3466 4988 prover-

1916 5026 1935 5058 ι
1982 5006 2197 5061 bialiter
2217 5021 2232 5060 :
2255 5004 2508 5060 Dominus
2525 5008 2758 5060 condidit
2786 5023 2866 5061 me
2893 5009 3099 5061 initium
3120 5009 3320 5061 viarum
3344 5026 3470 5062 sua~

1918 5092 1945 5150 ι’
1984 5114 2099 5149 rum
2123 5097 2173 5149 in
2188 5112 2343 5163 Opera
2366 5112 2486 5150 sua.
2502 5098 2549 5151 Is
2564 5099 2761 5152 etenim
2785 5113 2912 5153 vere
2928 5098 3190 5162 condidit,
3208 5100 3299 5168 qui
3326 5100 3467 5167 quod

1920 5207 1937 5239 ι
1984 5202 2086 5241 n0u
2115 5196 2232 5241 erat
2256 5186 2404 5250 fecit,
2424 5187 2681 5242 Dominus
2715 5204 2908 5256 nempe
2936 5199 3115 5243 noster
3138 5188 3301 5256 Deus,
3322 5189 3467 5242 illam

1919 5296 1940 5331 ι
1987 5295 2200 5333 carnem
2255 5294 2415 5348 quam
2468 5282 2760 5349 asmmpsit
2803 5278 3103 5336 Verbum.»
3160 5280 3325 5333 Infert
3362 5280 3466 5333 ite-

1918 5386 2033 5425 rum
2068 5387 2082 5424 :
2120 5387 2137 5420 ι
2170 5367 2281 5424 Hoc
2323 5370 2486 5438 igitur
2519 5380 2625 5435 est,
2673 5368 2933 5423 Dominus
2978 5369 3208 5423 condidit
3249 5387 3329 5425 me
3358 5372 3464 5424 ini-

2026 5529 2113 5584 12.
2187 5528 2208 5560 ’
2239 5527 2377 5587 ibid.
2427 5523 2628 5582 20-25.

1980 5694 2091 5768 (65)
2130 5693 2299 5768 Vung
2328 5693 2390 5746 ού
2410 5693 2592 5768 ⁸γοῦν,
2616 5695 2737 5750 dein
2766 5696 3010 5768 διαφέρει
3034 5694 3336 5765 :refertur
3369 5694 3461 5768 ad,

1906 5763 2227 5838 pertinetad,
2266 5763 2340 5838 ll;
2370 5764 2439 5818 cf.
2469 5781 2516 5818 e.
2548 5782 2595 5820 c.
2628 5768 2695 5821 39
2726 5768 2787 5821 Α.
2821 5763 2963 5822 Infra
2999 5769 3153 5837 vulgo
3171 5763 3347 5838 μεμν.
3373 5764 3463 5836 ἐφ’

1906 5832 1966 5890 οὗ
1997 5845 2050 5891 et
2074 5835 2472 5903 κοινωνήσασαν
2495 5853 2544 5889 τ.
2577 5838 2664 5903 ἀγ.
2692 5856 2781 5893 πν.
