3970 6558
552 401 656 457 805
1244 402 1506 459 EUSEBII
1544 403 2010 459 CASSARIENSIS
2046 403 2197 459 OPP.
2237 403 2410 458 PARS
2446 403 2534 458 IV.
2574 435 2644 448 —
2682 404 3096 460 DOGMATICA.
3659 403 3755 461 θοι.

559 542 578 570 ι
629 522 760 574 tium
788 522 991 574 viarum
1022 538 1259 577 suarum.
1283 524 1349 576 Et
1371 524 1520 577 addit
1543 541 1558 579 :
1590 526 1716 580 Ante
1742 527 1957 593 uacula,
1982 527 2087 595 [un-

2211 546 2228 577 ι
2270 527 2377 580 τοῦ
2413 527 2627 594 αἰῶνος
2667 528 3025 597 ἐθεμελίωσέ
3068 545 3165 597 με,
3215 528 3461 597 θεμέλιον
3512 528 3611 597 μὲν
3640 525 3757 579 τοῦ·

557 634 576 665 ι
623 614 761 666 davit
782 628 891 676 me;
922 612 1323 667 fundamentum
1349 616 1651 686 intelligens
1676 632 1893 671 carnem
1923 633 2087 680 suam1

2205 635 2223 667 ι
2262 635 2352 671 τον
2378 618 2656 688 ὀνομάζων
2674 621 2773 691 τὴν
2804 619 2945 672 κατὰ
2965 619 3141 689 σάρκα
3160 618 3324 671 αὐτοῦ
3352 617 3757 687 πρωρισθεῖσαν

559 724 577 754 ι
620 720 781 775 quam
836 705 1127 758 secundum
1176 707 1627 775 dispensationem
1662 710 2087 777 prmoruinarat:

2205 723 2223 755 ι
2259 707 2565 777 οἰκονομίαν
2602 722 2619 740 ’
2658 708 2733 770 ὼς
2776 708 2924 760 καὶὸ
2969 707 3269 771 Απόστολος
3296 707 3463 774 λέγει,
3493 706 3757 775 θεμέλιον

558 813 577 845 ι
618 797 760 862 quod
781 795 953 863 ipsum
972 805 1023 849 et
1048 797 1336 864 Apostolus
1355 798 1469 853 ait:
1496 798 1593 871 [ef.
1638 814 1692 867 p.
1726 799 1827 853 154
1847 800 1886 852 D
1916 801 2017 854 155
2033 798 2087 870 Ci

2204 815 2221 846 ι
2261 796 2369 865 γὰρ
2390 797 2584 851 ἄλλον
2604 797 2802 864 οὐδεὶς
2826 798 3071 851 δύναται
3098 799 3302 863 θεῖναι,
3333 798 3491 866 παρὰ
3514 797 3621 850 τὸν
3644 798 3754 848 κεί-

558 903 576 934 ι
618 883 1047 940 Fundamentum
1078 888 1225 942 aliud
1275 889 1452 943 nullus
1475 907 1669 959 ponere
1691 901 1882 959 potest,
1913 903 2087 959 praue:

2204 907 2221 938 ι
2256 905 2463 957 μενον,
2510 888 2577 955 ὅς
2621 890 2791 943 ἐστιν
2849 892 3085 957 Ἰησοῦς
3124 890 3395 958 Χριστός.
3448 907 3467 941 ι
3526 888 3673 950 Ἐνδς
3704 888 3757 940 δὲ

556 999 572 1027 ι
619 978 752 1031 illud
774 981 910 1050 quod
926 982 1151 1046 positum
1184 984 1431 1049 est,quod
1449 991 1523 1035 est
1548 982 1703 1037 Iesus
1726 983 1967 1036 Christus
1995 984 2087 1034 ".i

2197 980 2388 1043 αίῶνος
2429 980 2661 1034 ἐνταῦθα
2694 982 2984 1053 μέμνηται,
3014 984 3108 1051 ἀφ’
3135 975 3194 1034 οὗ
3241 981 3309 1034 τά
3334 981 3475 1033 κατά
3499 980 3592 1034 τὸν
3632 980 3758 1049 Χρι-

549 1069 739 1125 8εεειιιί
780 1073 936 1125 unius
970 1088 1131 1141 porro
1174 1073 1416 1127 meminit
1464 1073 1515 1127 in
1547 1089 1652 1143 quo
1692 1076 2087 1130 fundamentum

2200 1070 2319 1122 στὸν
2359 1071 2779 1140 τεθεμελιῶσθαι
2822 1073 2945 1144 ἔφη.
2989 1074 3097 1127 Kal
3131 1073 3291 1126 πάλιν
3330 1073 3429 1143 τὴν
3460 1070 3629 1142 αὐτὴν
3675 1070 3757 1140 βε-

546 1161 675 1217 illud
708 1163 868 1218 debet
898 1166 1021 1232 poni
1047 1167 1188 1233 quod
1220 1175 1301 1219 est
1322 1166 1387 1220 de
1411 1166 1650 1221 Christo.
1687 1167 1945 1222 Eamdem
1980 1186 2099 1222 rur-

545 1269 636 1309 sus
682 1256 966 1309 conﬁrmat
1007 1258 1314 1326 opinionem
1355 1259 1604 1328 inquiens
1635 1278 1648 1312 :
1678 1259 1769 1331 [R.
1804 1259 1943 1315 XVII
1970 1262 2095 1315 coll.

546 1360 596 1414 ρ’.
633 1346 733 1400 155
760 1348 802 1401 Α
829 1347 850 1419 1
881 1368 898 1399 ι
924 1347 1035 1402 Non
1076 1350 1343 1403 immerito
1391 1351 1648 1421 propheta
1706 1352 1792 1405 hic
1838 1352 2094 1407 dicebat:

551 1454 569 1485 ι
617 1435 748 1488 Ante
777 1437 1028 1489 swculum
1076 1437 1313 1506 fundavit
1368 1455 1483 1493 me:
1508 1454 1700 1508 nempe
1745 1440 1871 1495 illud
1902 1441 2099 1494 intelli-

551 1546 569 1577 ι
617 1543 747 1597 gens
771 1526 1182 1582 fundamentum
1218 1544 1327 1583 sua:
1355 1531 1559 1593 carnis,
1593 1530 1846 1585 nimirum
1880 1540 2099 1601 propter

550 1635 569 1668 ι
613 1618 1046 1673 communionem
1091 1635 1251 1688 quam
1298 1621 1529 1675 habebat
1559 1622 1790 1677 Verbum
1830 1638 1951 1676 cum
2004 1623 2097 1678 illo

550 1727 569 1760 ι
616 1724 741 1763 vero
770 1709 928 1763 Filio.
967 1729 985 1763 ι
1021 1710 1282 1779 Deinceps
1319 1711 1562 1782 adjungit
1618 1712 1707 1784 [Β.
1758 1712 1919 1767 XVIII
1965 1714 2093 1769 coll.

543 1816 597 1869 p.
634 1801 738 1856 155
763 1802 828 1861 Α.
865 1803 965 1856 157
1000 1803 1038 1856 D
1063 1802 1083 1874 ]
1112 1820 1125 1856 :
1161 1822 1179 1855 ι
1205 1804 1257 1857 In
1309 1805 1593 1874 principio,
1645 1806 1955 1874 priusquam
1986 1815 2099 1860 ter-

549 1911 567 1942 ι
617 1909 729 1947 ram
766 1894 1106 1963 produceret.
1142 1895 1440 1961 Quamnam
1490 1909 1618 1949 vero
1660 1896 1902 1949 terram?
1942 1893 2091 1951 Illam

550 2002 568 2035 ι
616 1999 830 2052 nempe,
884 1995 942 2038 υι
986 1995 1155 2054 patet,
1210 2002 1332 2057 qua:
1383 1996 1463 2041 εει
1528 1997 1710 2040 nostra
1767 2002 1894 2041 caro
1928 2005 1941 2041 ε
1974 2003 2094 2057 (1118

547 2095 563 2124 ι
613 2084 731 2143 post
760 2074 1104 2128 commissum
1158 2084 1432 2145 peccatum
1465 2075 1515 2129 in
1549 2086 1744 2130 terram
1802 2078 1961 2132 rediit
1999 2080 2093 2133 de-

546 2185 564 2217 ι
615 2182 738 2219 nuo.
778 2165 938 2219 Terra
971 2182 1024 2219 es
1060 2167 1232 2229 enim.
1261 2166 1453 2235 inquit,
1486 2169 1609 2222 etin
1649 2178 1844 2222 terram
1876 2179 2093 2224 reverte-

547 2276 564 2305 ι
613 2259 689 2311 rit
721 2258 782 2311 “.
815 2257 916 2310 Par
965 2257 1064 2311 fuit
1109 2260 1273 2323 enim,
1304 2269 1363 2311 ut
1396 2258 1520 2313 huic
1550 2259 1847 2314 remedium
1882 2274 2095 2314 accom-

546 2364 564 2397 ι
614 2349 916 2401 modaretur
964 2348 1197 2416 quodam
1234 2358 1419 2416 pacto,
1450 2363 1546 2416 per
1584 2350 1912 2403 sanctissimi
1947 2349 2091 2404 illius

546 2454 565 2487 ι
613 2435 771 2490 Verbi
827 2439 1394 2493 communicationem.
1433 2460 1451 2491 ι
1489 2438 1681 2495 Videte
1731 2451 1907 2494 autem
1944 2450 2003 2495 ut
2038 2441 2089 2496 in

542 2527 664 2580 istis
716 2542 899 2582 secum
952 2529 1181 2598 ipsemet
1239 2529 1520 2584 Marcellus
1558 2541 1774 2602 pugnet.
1813 2530 1945 2586 Nam
1998 2533 2089 2602 qui

539 2618 667 2673 alibi
703 2620 1003 2675 dixeratn
1034 2619 1363 2689 Principium
1414 2623 1621 2676 viarum
1688 2623 1898 2677 Domini
1963 2639 2091 2679 cou-

545 2727 564 2761 ι
608 2710 774 2765 ditam
810 2725 931 2766 esse
963 2727 1205 2777 carnem,
1230 2732 1247 2765 ι
1283 2722 1340 2767 et
1372 2714 1463 2783 qui
1496 2715 1733 2770 secundo
1776 2714 1913 2779 loco,
1943 2730 2091 2770 eam-

537 2805 657 2857 dem
714 2805 891 2873 posuit
932 2803 1355 2870 fundamentum,
1411 2806 1733 2873 subjungit:
1775 2804 2090 2875 Priusquam

536 2904 678 2947 terra
718 2898 1042 2959 conderetur.
1084 2897 1171 2951 ubi
1230 2898 1408 2952 denuo
1457 2913 1551 2967 per
1594 2906 1793 2952 terram
1843 2899 2090 2967 intelligit

538 3000 756 3040 carnem
791 3004 1002 3052 :neque
1047 2989 1200 3053 vidit,
1259 2991 1455 3045 dictam
1519 2991 1998 3060 inconsequenter,
2027 3000 2084 3055 »Β

535 3088 662 3133 :nle
700 3095 917 3135 carnem
966 3082 1239 3137 conditam
1278 3097 1397 3136 esse
1435 3097 1652 3137 carnem
1685 3101 1700 3136 :
1732 3095 1783 3137 et
1813 3094 1935 3153 post
1971 3098 2088 3137 car-

2197 1160 2340 1214 ϐαιοί
2372 1162 2514 1226 λέξιν
2562 1162 2816 1231 φάσκων·
2867 1182 2886 1215 ι
2936 1165 3170 1226 Εἰκότως
3214 1167 3243 1217 6
3284 1164 3567 1233 προφήτης
3622 1161 3753 1231 ἔφην

2202 1272 2219 1303 ι
2260 1252 2379 1321 Πρὸ
2426 1254 2530 1307 τοῦ
2567 1253 2781 1321 αἰῶνος
2828 1254 3178 1324 ἐθεμελίωσέ
3220 1272 3297 1323 με
3322 1271 3335 1285 ⁸
3364 1255 3542 1324 δῆλον,
3590 1253 3757 1305 ὅτιτὸ

2202 1363 2219 1393 ι
2261 1343 2402 1397 κατά
2439 1345 2618 1415 σάρκα
2656 1344 2745 1398 διὰ
2771 1345 2869 1416 τὴν
2908 1346 3042 1414 πρὸς
3069 1345 3160 1398 τὸν
3195 1344 3408 1416 ἀληθῶς
3438 1345 3567 1397 Υἱδν
3594 1344 3755 1399 αὐτοῦ

2201 1452 2219 1485 ι
2256 1435 2427 1504 Λόγον
2455 1436 2760 1490 κοινωνίαν.
2807 1455 2825 1488 ι
2876 1438 2983 1490 Kal
3004 1436 3241 1505 ἐπιλέγει
3276 1436 3429 1507 ἑξῆςο
3464 1455 3483 1487 ι
3530 1432 3663 1490 Εἶτα
3701 1437 3757 1488 ὲν

2201 1544 2219 1577 ι
2255 1527 2420 1597 ἀρχῇ,
2458 1528 2613 1597 φησὶ,
2640 1527 2747 1597 πρὸ
2773 1526 2866 1580 τοῦ
2894 1527 2991 1599 τὴν
3020 1530 3122 1598 γῆν
3151 1529 3391 1599 ποιῆσαι.
3418 1529 3528 1598 Γῆν
3566 1529 3755 1591 ποίαν;

2201 1636 2219 1667 ι
2255 1617 2469 1687 Ταύτην
2517 1618 2757 1689 δηλονότι
2803 1620 2901 1690 τὴν
2934 1619 3206 1691 ἡμετέραν
3258 1621 3455 1691 σάρκα,
3487 1619 3587 1691 τὴν
3622 1622 3757 1691 μετά

2200 1727 2218 1758 ι
2253 1708 2349 1779 τὴν
2396 1708 2677 1779 παρακοὴν
2725 1710 2828 1780 γῆν
2865 1705 3018 1773 αὖθις
3044 1710 3355 1780 γενομένην.
3399 1709 3487 1778 Γῆ
3529 1710 3639 1780 γὰρ
3684 1711 3755 1771 εἷ,

2200 1818 2219 1850 ι
2256 1802 2415 1871 φησὶ,
2446 1802 2541 1854 καὶ
2579 1804 2666 1868 εὶς
2708 1800 2824 1871 γῆν
2863 1802 3193 1871 ἀπελεύσῃ.
3231 1803 3375 1855 Ἔδει
3410 1802 3519 1874 γάρ
3554 1802 3755 1872 ταύτην

2200 1908 2218 1941 ι
2256 1891 2449 1956 ἰάσεως
2475 1896 2675 1962 τυχεῖν,
2706 1892 2825 1946 τινὰ
2850 1894 3048 1961 τρόπον
3084 1895 3484 1965 κοινωνήσασαν
3516 1892 3596 1964 τῷ
3622 1895 3756 1963 ἀγίῳ

2199 2000 2219 2034 ι
2261 1982 2435 2053 Λόγῳ.
2477 2002 2496 2037 ι
2529 1984 2637 2037 Θέα
2659 1984 2715 2037 δὲ
2742 1984 2856 2049 πῶς
2877 1986 2933 2037 ὲν
2956 1984 3164 2049 τούτοις
3190 1988 3219 2040 6
3242 1984 3556 2059 Μάρκελλος
3582 1985 3755 2055 ἑαυτῷ

2192 2073 2525 2143 περιπίπτει.
2555 2076 2736 2146 Φήσας
2764 2074 2893 2144 γοῦν
2926 2078 2984 2129 ὲν
3016 2077 3184 2148 ἑτέρῳ
3223 2094 3241 2128 ι
3278 2071 3417 2130 εἶναι
3449 2076 3552 2147 τὴν
3580 2076 3755 2147 ἀρχὴν

2198 2185 2218 2217 ι
2255 2166 2388 2219 ὁδῶν
2428 2164 2522 2218 τοῦ
2572 2166 2774 2237 Κυρίου
2830 2167 3299 2231 κατακτισθεϊσαν,
3352 2186 3371 2219 ι
3437 2167 3532 2219 καὶ
3594 2167 3755 2220 πάλιν

2191 2256 2471 2326 θεμέλιον
2507 2258 2605 2328 τὴν
2644 2258 2812 2330 αὐτὴν
2847 2254 2983 2313 εἶναι
3012 2256 3201 2325 εἰπὼν,
3242 2260 3440 2327 ἐπάγει
3476 2259 3560 2323 τὸ,
3595 2278 3615 2311 ι
3642 2259 3755 2331 Πρὸ

2196 2367 2215 2399 ι
2255 2348 2349 2401 τοῦ
2391 2350 2488 2420 τὴν
2526 2348 2627 2417 γῆν
2674 2351 2914 2419 ποιῆσαι.
2970 2367 2988 2401 ι
3031 2343 3141 2402 Εἶθ’
3186 2349 3472 2420 ἑρμηνεύει
3512 2351 3612 2421 τὴν
3651 2351 3753 2420 γῆν

2192 2439 2351 2493 πάλιν
2375 2439 2473 2510 τὴν
2520 2440 2696 2510 σάρκα
2733 2436 2892 2505 εἶναι,
2940 2442 3038 2512 οὐχ
3076 2442 3216 2512 ὁρῶν
3243 2442 3315 2505 ὡς
3358 2442 3613 2513 οὐδεμίαν
3643 2442 3751 2513 ἔχει

2191 2530 2528 2595 ἀκολουθίαν,
2560 2532 2664 2603 πρὸ
2689 2532 2789 2602 τῆς
2826 2532 3025 2603 σαρκὸς
3053 2534 3151 2603 τὴν
3189 2534 3366 2604 σάρκα
3401 2533 3643 2586 ἐκτίσθαι
3669 2533 3748 2585 λέ-

2190 2639 2328 2691 γειν,
2371 2624 2466 2676 καὶ
2507 2623 2645 2693 μετά
2683 2622 2780 2695 τὴν
2827 2624 3002 2677 κτίσιν
3049 2624 3146 2694 τῆς
3191 2623 3418 2695 σαρκὸς,
3451 2623 3611 2677 πάλιν
3656 2624 3781 2694 τὴν

2193 2715 2367 2785 σάρκα
2394 2714 2699 2786 ὀνομάζειν.
2739 2716 2796 2767 '0
2826 2715 2881 2767 δὲ
2907 2714 3015 2784 (66)
3050 2714 3128 2768 ἔτι
3158 2715 3289 2786 πρὸς
3319 2714 3523 2777 τούτοις
3558 2716 3747 2783 ἐπιφέ-

2192 2822 2275 2875 ρει
2305 2805 2430 2875 έξῆς
2456 2806 2647 2873 λέγων,
2676 2801 2813 2868 εἶτα,
2846 2824 2864 2855 ι
2911 2804 3022 2877 Πρό
3054 2805 3147 2857 τοῦ
3192 2804 3288 2868 τὰς
3326 2804 3593 2870 ἀϐύσσους
3632 2824 3747 2860 ποι-

2186 2896 2336 2963 ἦσαι,
2375 2912 2393 2944 ι
2433 2893 2813 2964 παροιμιωδῶς
2869 2894 2898 2945 6
2941 2895 3224 2964 προφήτης
3266 2893 3362 2958 τάς
3419 2894 3525 2946 τῶν
3581 2896 3748 2963 ἁγίων

2189 2984 2411 3055 καρδίας
2442 2982 2578 3038 εἶναι
2601 2985 2766 3052 λέγει,
2802 2984 2899 3049 τὰς
2922 2986 2979 3038 ὲν
3007 2985 3082 3055 τῷ
3107 2985 3310 3038 ἑαυτῶν
3347 2984 3497 3054 βάθει
3526 2986 3624 3057 τὴν
3657 2986 3747 3039 τοῦ

2189 3076 2497 3147 Πνεύματος
2531 3077 2759 3147 ἐχούσας
2784 3076 3010 3148 δωρεάν.
3036 3077 3144 3130 Καὶ
3186 3078 3242 3129 ὲν
3282 3077 3489 3139 τούτοις
3527 3076 3582 3129 δὲ
3616 3078 3747 3147 πρό-

536 3185 658 3223 netu
683 3171 971 3235 conditam,
1004 3171 1197 3226 iterum
1245 3172 1297 3227 in
1343 3174 1523 3229 carnis
1552 3176 1768 3229 nomine
1815 3176 2084 3232 insistere.

2190 3184 2335 3237 σχες.
2369 3170 2515 3232 ὅπως
2541 3171 2619 3231 εἰς
2648 3169 2746 3239 τὴν
2774 3168 2950 3237 σάρκα
2979 3166 3221 3220 ἐκλαϐὼν
3255 3167 3503 3239 εἰρῆσθαι
3522 3167 3605 3228 τὸ,
3634 3169 3747 3221 Κύ-

535 3261 628 3316 llle
656 3273 834 3317 tamen
880 3263 979 3316 ista
1024 3263 1391 3332 superioribus
1443 3265 1506 3317 ad
1553 3265 1692 3317 hunc
1719 3266 1929 3319 modum
1957 3267 2085 3321 sub-

535 3352 705 3406 nectit
737 3365 751 3404 :
783 3352 871 3422 [11.
922 3350 1042 3404 XIX
1089 3352 1213 3405 coll.
1263 3367 1316 3421 p.
1373 3351 1472 3406 158
1503 3351 1586 3425 Β]
1624 3354 1798 3407 «Ante
1835 3354 2087 3410 formatas

540 3459 559 3493 ι
607 3446 848 3513 ahyssos.
890 3460 908 3493 ι
970 3442 1195 3512 Abyuos
1273 3444 1725 3511 proverbialiter,
1778 3454 2085 3498 sanctorum

536 3536 696 3588 corda
750 3542 1023 3602 nuncupat
1058 3535 1337 3603 propheta,
1382 3535 1433 3588 in
1464 3550 1700 3603 quorum
1732 3551 1924 3604 nempe
1956 3551 2082 3604 pro-

536 3626 893 3680 funditatibus
922 3627 1059 3678 dona
1088 3627 1327 3695 Spiritus
1356 3628 1815 3681 recondebantur.
1855 3628 1952 3682 llic
1972 3628 2083 3697 jam

534 3716 589 3770 in
637 3716 756 3771 istis
811 3718 1055 3772 attendas
1105 3726 1305 3781 autem,
1359 3721 1629 3787 quomodo
1662 3721 1731 3783 is.
1758 3722 1848 3789 qui
1885 3722 2083 3775 dictum

533 3806 665 3862 illud
700 3806 992 3862 :Dominus
1035 3810 1266 3862 condidit
1308 3827 1388 3863 me
1412 3812 1476 3875 η,
1512 3811 1579 3864 de
1606 3826 1773 3866 carne
1803 3812 2083 3867 intellexe-

535 3908 640 3963 rat.
682 3915 709 3952 a
750 3899 1029 3970 Scriptura
1068 3902 1326 3970 deinceps
1352 3904 1402 3955 in
1443 3917 1725 3972 angusuim
1752 3918 2082 3976 compactos,

534 4005 654 4060 quae
691 3991 841 4054 dicit,
882 4004 1158 4053 antequam
1204 3992 1558 4061 formarentur
1599 3997 1871 4075 abyssi";
1914 3999 2083 4052 inter-

533 4093 778 4153 pretatur
822 4082 1067 4155 abyssos,
1107 4094 1413 4139 sanctorum
1456 4088 1617 4140 corda
1656 4102 1797 4142 :nec
1850 4090 2084 4145 advenit

531 4178 673 4244 quod
722 4177 883 4229 corda
948 4186 1281 4248 sanctorum,
1335 4186 1461 4243 puta
1514 4179 1829 4243 Abrahami,
1892 4180 2080 4247 lsaaci.

530 4263 738 4329 Jacobi,
764 4264 982 4336 Mnysis,
1016 4265 1198 4330 Heliae,
1239 4268 1638 4335 Melchisedeci,
1669 4282 1722 4325 et
1754 4272 2080 4341 reliquorum

2178 3276 2308 3327 ριος
2353 3260 2552 3316 ἐκτισέ
2596 3277 2689 3329 με,
2736 3259 2924 3313 ἔπειτα
2970 3258 3464 3329 στενοχωρούμενος
3515 3258 3621 3311 ὑπὸ
3652 3260 3748 3327 τῆς

2186 3352 2403 3422 Γραφῆς
2428 3350 2710 3421 λεγούσης,
2743 3349 2858 3419 Πρὸ
2888 3349 2993 3404 τοῦ
3017 3348 3123 3414 τὰς
3149 3350 3457 3415 ἀϐύσσους
3477 3348 3747 3417 ποιῆσαι,

2184 3444 2281 3507 τὰς
2312 3444 2408 3514 μὲν
2438 3442 2703 3505 ἀϐύσσους
2724 3440 3033 3512 ἑρμηνεύει,
3056 3440 3153 3504 τάς
3178 3440 3285 3494 τῶν
3311 3442 3477 3508 ἁγίων
3500 3442 3745 3511 καρδίας,

2185 3533 2355 3601 λέγων
2387 3533 2553 3597 αὑτὰς
2594 3529 2754 3595 εἶναι,
2787 3534 2847 3586 ού
2891 3535 3089 3604 συνορᾷ
3134 3534 3211 3597 δὲ,
3241 3535 3323 3586 ὃτι
3356 3535 3409 3585 al
3437 3532 3545 3585 τῶν
3578 3533 3748 3601 ἁγίων

2184 3624 2419 3695 καρδίαι,
2449 3623 2544 3677 τοῦ
2585 3623 2833 3695 Ἀϐραὰμ
2860 3623 3058 3694 δηλαδὴ
3085 3625 3175 3677 καὶ
3199 3623 3290 3677 τοῦ
3334 3624 3514 3677 Ἰσαάκ
3536 3625 3631 3677 καὶ
3654 3624 3747 3678 τοῦ

2196 3714 2407 3779 Ἰακὼϐ,
2438 3716 2709 3777 Μωῦσέως
2737 3732 2795 3766 τε
2831 3716 2923 3767 καὶ
2961 3714 3138 3767 Ἠλίου
3170 3716 3258 3768 καὶ
3294 3715 3625 3785 Μελχισεδὲκ
3656 3718 3748 3769 καὶ

2181 3806 2288 3859 τῶν
2314 3806 2512 3859 λοιπῶν
2546 3804 2855 3879 προφητῶν,
2882 3804 2985 3878 πρὸ
3016 3806 3113 3875 τῆς
3137 3804 3336 3876 σαρκὸς
3363 3806 3619 3874 γεγόνασι
3651 3807 3745 3859 τοῦ

2182 3900 2449 3969 Σωτῆρος.
2481 3898 2603 3961 Πῶς
2635 3894 2727 3950 οὖν
2755 3897 2977 3950 δυνατὸν
3004 3898 3095 3948 ἐπὶ
3126 3895 3222 3967 τὴν
3251 3897 3426 3967 σάρκα
3455 3898 3745 3969 ἀναφέρειν

2179 3989 2298 4058 Πρὸ
2330 3990 2435 4043 τοῦ
2464 3990 2570 4053 τὰς
2610 3990 2920 4052 ἀϐύσσους
2963 3987 3244 4054 ποιῆσαι;
3292 3989 3399 4041 Καὶ
3430 3988 3543 4059 μεθ·
3582 3990 3745 4060 ἕτερα

2179 4081 2235 4133 δὲ
2261 4076 2415 4144 αὖθις
2457 4080 2650 4148 ἐπάγει
2688 4079 2891 4147 λέγων·
2947 4097 2965 4129 ι
3013 4079 3077 4131 Τί
3114 4080 3291 4132 τοίνυν
3326 4080 3441 4133 ἐστὶ
3483 4080 3543 4134 τὸ
3573 4082 3745 4150 κεφά-

2186 4190 2205 4223 t
2245 4173 2409 4237 λαιον,
2438 4171 2557 4239 Πρὸ
2594 4171 2700 4225 τοῦ
2737 4169 3045 4239 προελθεῖν
3071 4170 3177 4235 τὰς
3212 4171 3439 4240 arm-dc;
3474 4172 3645 4225 Τοῦτο
3677 4174 3742 4243 δὴ

2185 4283 2204 4316 ι
2241 4266 2372 4336 ἡμῖν
2425 4263 2486 4315 τὸ
2543 4263 2836 4333 μυστήριον
2891 4260 3216 4331 παρίστησιν
3271 4264 3304 4333 ή
3358 4263 3456 4333 τῆς
3529 4263 3741 4327 Ἐξόδου

532 4359 910 4427 pr0phetarutn
936 4399 951 4423 ,
992 4370 1117 4414 ante
1162 4359 1469 4416 Servatoris
1515 4363 1941 4419 incarnationem
1967 4365 2082 4419 fue-

2189 4376 2203 4409 ι
2243 4355 2448 4426 γραφὴ,
2478 4354 2603 4416 τοὺς
2626 4352 2732 4405 τῶν
2756 4352 3067 4405 ἀποστόλων
3096 4350 3297 4415 τύπους
3320 4353 3486 4406 πάλαι
3509 4371 3744 4427 προαγο-

531 4457 670 4500 rant.
697 4448 795 4513 Qui
821 4458 997 4516 potest
1033 4463 1162 4518 ergo
1208 4449 1335 4503 illud
1369 4450 1436 4503 ad
1462 4465 1679 4505 carnem
1707 4452 1893 4507 referri
1930 4455 2079 4507 :An-

2189 4467 2203 4500 ι
2248 4446 2491 4519 ρεύουσαο
2521 4443 2726 4498 δώδεκα
2761 4444 2867 4511 γὰρ
2896 4442 3063 4496 ὄντων
3091 4443 3181 4496 τὸν
3209 4443 3433 4515 ἀριθμὸν
3470 4445 3578 4499 τῶν
3605 4447 3745 4500 ἀπο-

534 4550 738 4609 tequam
792 4513 966 4609 abyssi
1016 4513 1411 4608 formarentur?
1460 4540 1596 4595 Post
1652 4544 1904 4611 deinceps
1949 4546 2073 4607 alia,

2189 4561 2205 4593 ι
2247 4513 2444 4594 στόλων
2470 4537 2675 4591 δώδεκα
2702 4536 2892 4607 πηγῶν
2923 4535 3212 4607 μέμνηται.
3248 4513 3359 4607 (67)
3395 4557 3413 4589 ι
3447 4538 3557 4592 Kal
3584 4535 3743 4603 αὖθις

533 4630 728 4684 iterum
754 4630 1018 4685 subinfert
1066 4631 1314 4699 inquiens
1339 4630 1429 4703 [Β.
1462 4631 1560 4685 XX
1594 4632 1719 4687 coll.
1746 4649 1799 4703 p.
1832 4634 1928 4689 159
1959 4634 2022 4707 Β]
2057 4655 2069 4691 :

2189 4632 2373 4700 ἐπάγει
2404 4629 2465 4682 τὸ
2495 4628 2645 4691 αὐτὸ,
2674 4628 2897 4698 γράφων
2928 4625 3099 4691 οὓτως
3118 4644 3131 4657 ο
3167 4646 3186 4680 ι
3221 4628 3457 4692 Εἰκότως
3486 4625 3578 4683 οὖν
3610 4632 3740 4701 περὶ

538 4737 557 4770 ι
587 4719 722 4785 Quid
756 4721 883 4775 illud
915 4734 1093 4778 autem
1135 4724 1434 4779 membrum
1470 4724 1570 4778 sibi
1605 4724 1717 4778 vult
1744 4741 1756 4777 :
1785 4727 2073 4797 Antequam

2189 4741 2205 4774 ι
2244 4724 2343 4793 τῆς
2370 4721 2508 4776 κατὰ
2531 4721 2707 4792 σάρκα
2733 4719 2992 4788 γενέσεως
3019 4722 3047 4773 6
3072 4718 3331 4790 δεσπότης
3358 4721 3443 4773 διὰ
3476 4720 3569 4773 τοῦ
3607 4740 3742 4792 προ-

537 4831 557 4865 ι
602 4813 767 4881 fomes
812 4814 1220 4881 producerentur
1240 4815 1592 4884 “lEquidem
1628 4816 1732 4872 hoc
1763 4819 2071 4890 mysterium

2189 4834 2197 4867 l
2239 4816 2406 4885 φήτου
2449 4811 2754 4883 Σολομῶνος
2782 4811 3048 4880 λέγοντος,
3102 4811 3208 4882 (68)
3244 4812 3361 4879 ιζρὸ
3386 4813 3489 4866 τοῦ
3520 4817 3737 4881 ,προελ-

534 4919 557 4956 ι
607 4912 824 4957 enarrat
875 4903 1042 4964 nobis.
1074 4902 1351 4973 Scriptura
1392 4905 1755 4962 Exodi“°“in
1795 4923 1903 4977 qua
1945 4909 2070 4963 oliui

2189 4906 2299 4961 ἳεῖν
2338 4908 2445 4971 τὰς
2471 4903 2664 4973 πηγὰς
2692 4902 2809 4957 τῶν
2833 4901 3084 4968 ὑδάτων,
3114 4902 3237 4973 ἔφη.
3280 4922 3298 4953 ι
3352 4904 3471 4956 Ἐπὶ
3496 4904 3565 4958 τά
3608 4905 3735 4969 έξῑις

2467 5112 2507 5141 ¹¹
2541 5108 2697 5161 Prov.
2735 5106 2961 5169 vmﬂi.
3064 5108 3107 5138 ”
3136 5106 3267 5161 Ibid.
3302 5108 3389 5163 21.

603 5108 662 5167 ›Ῑ‹
698 5103 797 5158 Ed.
824 5102 1023 5163 Paris..
1056 5118 1179 5175 pag.
1215 5101 1303 5157 ιθ.
1379 5106 1423 5137 ¹⁹
1456 5105 1472 5159 1
1507 5106 1632 5162 Cor.
1667 5121 1749 5170 ιιι,
1791 5108 1872 5161 ll.
1949 5108 1988 5138 "
2014 5107 2087 5162 Ge

2189 5124 2271 5172 ιιι,
2303 5110 2388 5164 19.
2467 5112 2507 5141 ¹¹
2541 5108 2697 5161 Prov.
2735 5106 2961 5169 vmﬂi.
3064 5108 3107 5138 ”
3136 5106 3267 5161 Ibid.
3302 5108 3389 5163 21.
3525 5111 3570 5143 ¹⁶
3597 5112 3731 5167 Ibid.

530 5176 651 5232 ηπ·
669 5176 840 5233 Exod.
864 5194 955 5251 xv,
983 5182 1074 5241 27.

2169 5380 2662 5451 lapides‘idicuntur.
2683 5377 2786 5433 Sed
2819 5379 3121 5433 Marcellum
3152 5384 3227 5432 ait
3254 5380 3534 5444 Eusebius,
3562 5396 3727 5451 quam

2171 5449 2319 5570 {ec-te
2349 5449 2559 5570 vidbqrit.
2609 5463 2767 5503 sensu
2802 5451 2995 5513 primo,
3035 5460 3088 5504 et
3131 5450 3269 5502 κατά
3296 5451 3527 5521 γράμμα
3563 5449 3729 5508 intel—

2188 5534 2381 5570 CXISSG.
2476 5556 2489 5569 ι

2167 5521 2381 5575 lexisse.
2421 5521 2489 5570 M.

2240 5589 2351 5657 (68)
2382 5586 2726 5655 Σολομῶνος
2750 5589 3055 5657 λέγοντος.
3090 5588 3393 5657 Legendum
3435 5589 3604 5657 λέγει,
3637 5589 3722 5642 vel

2168 5660 2413 5726 λέγοντος
2434 5658 2638 5727 εἴρηκε.
2666 5657 2733 5712 Μ.
2751 5688 2819 5697 —
2837 5661 2965 5711 Dein
2996 5658 3149 5726 vulgo
3169 5657 3229 5710 τὸ
3257 5657 3457 5711 λεῖπον.
3492 5661 3657 5711 Porro
3676 5659 3721 5711 Β

2167 5728 2440 5797 διαδόχους
2480 5728 2722 5798 αἰνίττει,
2765 5729 2906 5796 quod
2948 5727 3136 5781 falsum
3193 5739 3282 5798 est
3309 5744 3358 5798 p.
3398 5727 3463 5781 70
3504 5730 3543 5782 Ι)
3587 5730 3719 5798 lin.;

2173 5796 2323 5854 infra
2347 5800 2500 5869 vulgo
2528 5797 2560 5867 ἢ
2595 5797 2716 5850 καθ’
2748 5798 2841 5867 ὁμ.
2875 5808 2927 5854 et
2956 5799 3029 5861 ὡς
3055 5798 3147 5851 καὶ
3174 5796 3443 5859 πολλάκις.

601 5378 711 5449 (66)
730 5378 914 5455 ‘Vulgo
944 5382 1029 5455 ρδε
1049 5391 1102 5455 et
1134 5383 1193 5435 ού
1227 5382 1462 5455 συνορῶν
1501 5381 1545 5435 δ’
1572 5382 1653 5435 ὅτι
1692 5382 1869 5435 αὐτῶν
1894 5398 1945 5434 τ.
1980 5382 2070 5449 ἀγ.

526 5450 584 5502 αἱ
619 5450 771 5520 καρδ.
788 5519 792 5520 ν
808 5460 857 5503 et
879 5451 1032 5505 τοῦτο
1060 5452 1135 5505 δέ.

599 5519 707 5589 (6'!)
722 5519 1069 5575 Δώδεκατῶν
1087 5519 1292 5592 πηγῶν
1300 5520 1607 5591 μέμνηται.
1627 5519 1796 5592 Sensu
1811 5522 2072 5592 secundo,

525 5599 581 5661 et
610 5593 831 5661 mystico
863 5592 962 5644 hoc
996 5589 1190 5646 verum
1214 5589 1331 5646 esse
1361 5589 1557 5661 potest.
1588 5600 1644 5644 ut
1684 5590 1860 5661 milli
1902 5589 2073 5643 fontes

529 5660 582 5712 in
619 5658 774 5723 Elim,
809 5661 946 5714 unde
983 5662 1232 5716 Israelita:
1270 5663 1321 5715 in
1362 5658 1580 5716 deserto
1619 5659 2070 5721 refocillahantur,

529 5742 604 5799 _l|l
631 5728 898 5799 aposuglos
925 5731 1383 5799 praetiguraverint
1413 5744 1429 5783 :
1468 5732 1516 5785 id
1542 5729 1860 5790 enimmulti
1890 5728 2073 5799 volunt

526 5797 600 5854 ita
622 5810 759 5853 esse.
787 5797 1091 5865 Quomodo.
1113 5811 1168 5856 et
1195 5811 1423 5866 montes,
1458 5800 1637 5868 colles,
1661 5808 1845 5870 petrae,
1874 5798 2063 5865 nubes,
