3970 6508
181 367 290 421 805

179 484 347 551 ἕτερά
394 497 517 534 τινα
550 479 791 545 διελθὼν,
828 481 1073 552 επιφέρει
1108 501 1121 513 ·

186 594 203 624 ι
242 572 377 642 περὶ
422 571 532 623 τῶν
571 572 916 641 προαγόντων
949 575 1275 645 εἰρήκαμεν,
1320 576 1608 629 ἀκόλουθόν
1637 578 1756 630 ἐστι

185 682 201 712 ι
240 662 339 715 καὶ
366 660 429 712 τό
450 660 629 712 λεῖπον
654 660 1059 731 ἀναπληρῶσαι.
1078 664 1266 716 Λείπει
1288 663 1342 715 δὲ
1364 663 1443 726 τὸ,
1474 682 1492 715 ι
1517 666 1665 718 κατὰ
1687 667 1757 719 τὰ

186 774 201 801 ι
243 753 357 819 ὅρη
378 751 476 804 καί
511 751 650 816 τοὺς
671 753 956 817 βουνούς.
1011 755 1123 825 Πρὸ
1148 756 1256 827 γὰρ
1278 755 1374 808 τοῦ
1394 756 1461 808 τά
1490 756 1589 828 όρη
1608 758 1757 827 ἐδρα-

184 864 200 891 ι
238 842 459 912 σθῆναι,
514 844 664 913 φησὶ,
702 844 807 914 πρὸ
844 844 899 896 δὲ
940 845 1157 899 πάντων
1198 847 1305 901 τῶν
1346 847 1568 916 βουνῶν,
1593 850 1754 918 γεννᾷ

184 954 200 984 ι
246 951 338 1003 με.
372 935 512 1004 Ὄρη
547 935 639 986 καὶ
669 936 885 1004 βουνοὺς
909 938 1032 999 τοὺς
1052 937 1373 1001 ἀποστόλους
1393 940 1625 1002 καὶτοὺς
1646 939 1754 991 τῶν

184 1041 202 1072 ι
244 1022 563 1074 ἀποστόλων
589 1022 865 1094 διαδόχους
908 1021 1043 1078 εἶναι
1062 1066 1076 1089 ,
1104 1026 1189 1079 ἵνα
1218 1028 1368 1099 παρά
1410 1030 1534 1091 τοὺς
1563 1030 1753 1093 ἀλλους

184 1129 203 1161 ι
244 1111 569 1182 ἀνθρώπους
594 1112 691 1183 τὴν
737 1115 856 1167 κατ’
883 1115 1059 1167 αὐτῶν
1078 1116 1290 1171 δικαίαν
1320 1118 1589 1172 πολιτείαν
1617 1136 1753 1191 παρ-

186 1221 204 1253 ι
244 1203 519 1273 οιμιωδῶς
566 1204 826 1275 σημαίνῃ.
890 1225 908 1257 ι
959 1207 1222 1271 Τοιαύτας
1267 1209 1417 1272 τινάς
1459 1211 1753 1281 ἑρμηνείας

177 1298 509 1367 ἐκθέμενος,
559 1294 714 1363 αὖθις
758 1302 850 1353 ἐπὶ
893 1302 991 1363 τάς
1038 1302 1394 1366 άποστολικάς
1439 1303 1751 1373 μεταϐαίνει

180 1389 390 1458 φωνὰς,
412 1391 669 1443 τάναντία
696 1390 775 1461 τῷ
815 1391 1118 1463 ’Λποστόλῳ
1143 1393 1527 1464 φθεγγόμενος.
1570 1395 1626 1446 'U
1654 1396 1751 1465 μὲν

178 1483 291 1554 γὰρ
325 1482 420 1535 τὸν
481 1483 717 1553 προόντα
778 1483 913 1537 Υὶὸν
944 1485 1050 1539 τοῦ
1081 1484 1227 1539 Θεοῦ
1252 1486 1347 1538 καὶ
1372 1487 1751 1555 Πρωτότοκον

180 1570 387 1637 πάσης
422 1572 673 1636 κτίσεως
716 1570 877 1622 αὑτὸν
921 1566 1061 1624 εἶναι
1101 1571 1344 1625 ἐδίδασκε
1364 1588 1377 1603 ·
1402 1571 1469 1625 τὰ
1493 1572 1668 1625 πάντα
1693 1573 1750 1625 ἐν

181 1661 351 1731 αὐτῷ,
378 1660 472 1713 καὶ
489 1660 554 1713 δι’
580 1659 739 1713 αὑτοῦ
770 1661 1031 1716 ἐκτίσθαι·
1056 1662 1216 1716 αὐτόν
1248 1679 1309 1714 τε
1344 1657 1482 1715 εἰναι
1500 1663 1604 1732 πρὸ
1624 1663 1751 1715 πάν-

177 1767 285 1803 των
332 1749 547 1822 μεγάλῃ
573 1748 667 1820 βοῇ
694 1751 1120 1823 μαρτυρόμενος·
1145 1752 1174 1804 6
1208 1751 1265 1804 δὲ
1295 1752 1388 1803 ἐπὶ⁵
1426 1751 1524 1822 τὴν
1546 1752 1747 1823 σάρκα,

1303 372 1585 426 CONTRA
1626 371 2055 428 MARCELLUM
2095 372 2223 426 LIB.
2268 373 2333 427 ll.

1160 503 1176 535 ι
1208 486 1414 538 Οὐκοῦν
1465 488 1561 538 ἐπε
1571 487 1748 557 ιδήπεε

1866 506 1883 536 ι
1929 486 2288 555 apostolorum
2315 487 2424 556 typi
2450 488 2970 555 praenuntiabantur.
2999 488 3242 545 Meminit
3270 493 3419 545 enim

3314 378 3420 432 806

1861 594 1880 625 ι
1928 585 2107 629 textus
2133 575 2222 630 ille
2247 576 2527 631 duodecim
2558 577 2782 632 lontium
2816 579 2867 632 in
2893 579 3029 633 Elim
3055 623 3071 648 ,
3124 593 3246 634 cum
3291 596 3423 650 apo-

1863 684 1881 716 σ
1928 667 2188 721 stolarum
2231 668 2429 721 chorus
2478 678 2621 723 esset
2661 670 3039 725 duodenarius.
3074 690 3092 721 ι
3132 670 3272 725 Idem
3319 673 3422 725 ite-

1858 774 1974 811 rum
2006 759 2095 813 ille
2125 758 2326 826 regerit
2374 759 2441 812 ad
2500 758 2639 813 hunc
2670 760 2907 825 modum,
2936 762 3223 831 inquiens:
3265 780 3283 813 ι
3311 762 3420 814 Me-

1861 867 1879 898 ι
1931 850 2033 901 rito
2077 848 2241 917 igitur
2265 849 2331 901 de
2363 848 2709 917 generatione
2740 853 3028 903 secundum
3058 865 3278 905 Carnem
3316 853 3420 904 Do-

1860 954 1877 986 ι
1925 938 2102 990 minus
2154 952 2247 1005 per
2286 938 2606 1007 prophetam
2665 938 3007 992 Salomonem
3040 940 3223 995 dixit:
3255 945 3417 995 Ante-

1860 1046 1878 1078 ι
1924 1045 2079 1097 quant
2108 1029 2277 1096 fontes
2320 1046 2579 1098 aquarum
2630 1032 2980 1099 provenirent.
3014 1050 3031 1081 ι
3063 1029 3119 1083 In
3152 1037 3423 1099 sequenti-

1853 1119 1985 1181 bus,
2032 1121 2275 1187 quaedam
2323 1120 2426 1173 alia
2494 1130 2812 1189 prosecutus
2871 1121 3033 1190 stylo,
3096 1120 3416 1194 infert:[R.

1850 1207 2020 1281 XXII]
2049 1229 2065 1259 ι
2081 1209 2342 1276 Quocirca
2365 1227 2486 1265 cum
2506 1212 2862 1279 prmcedentia
2883 1212 3142 1265 fuerimus
3160 1214 3419 1278 exsecuti,

1858 1321 1877 1352 ι
1921 1316 2257 1371 consequens
2300 1311 2401 1366 est,
2435 1310 2494 1355 ut
2530 1302 2670 1372 quod
2698 1312 2862 1357 restat
2891 1303 3066 1357 adhuc
3091 1303 3421 1371 expleamus.

1856 1410 1874 1442 ι
1922 1392 2107 1446 Restat
2145 1402 2320 1446 autem
2369 1392 2519 1457 illud,
2557 1409 2662 1461 quo
2692 1393 2937 1445 meminit
2963 1394 3225 1446 montium
3262 1402 3421 1461 atque

1857 1500 1875 1532 ι
1919 1483 2182 1536 saltuum:
2218 1483 2289 1535 ait
2317 1484 2457 1536 enim
2490 1482 2813 1549 :Antequam
2847 1495 3043 1535 montes
3062 1482 3419 1549 ﬁrmarentur,

1858 1590 1876 1622 ι
1923 1588 2045 1625 ante
2078 1588 2255 1625 omnes
2287 1573 2457 1624 saltus
2500 1573 2675 1641 genuit
2713 1587 2807 1623 me.
2845 1569 2979 1625 Esse
3017 1586 3181 1641 porro
3212 1579 3422 1625 montes

1860 1679 1878 1711 ι
1925 1663 2090 1715 hosce
2117 1672 2280 1731 atque
2319 1662 2492 1715 saltus
2526 1664 2802 1729 apostolos
2837 1671 2889 1716 et
2916 1676 3256 1716 successores
3289 1676 3419 1730 apo-

1858 1768 1875 1799 ι
1923 1748 2178 1803 stolorum
2220 1763 2237 1803 :
2283 1758 2342 1802 ut
2382 1750 2451 1802 ita
2506 1749 2717 1803 illorqu
2751 1750 3048 1819 juStissima
3079 1751 3421 1804 conversatio

177 1843 273 1894 καὶ
309 1840 516 1910 ταύτην
542 1840 868 1894 καταϐάλλει
918 1842 1013 1913 τὴν
1064 1842 1355 1912 θεολογίαν·
1380 1844 1573 1916 μικρὸν
1590 1845 1745 1898 ὓστε-

1853 1859 1868 1890 ι
1916 1851 2081 1908 atque
2128 1841 2246 1893 vitae
2294 1840 2575 1905 institutio,
2605 1851 2729 1894 ante
2774 1856 2961 1896 omnes
3024 1841 3252 1894 aliorum
3282 1844 3421 1910 poli-

180 1948 275 2002 ρον
311 1932 409 1985 καὶ
457 1929 659 2000 ταύτην
690 1930 1035 2002 ἀρνούμενος.
1081 1933 1242 2001 Λέγει
1280 1932 1335 1986 δὲ
1370 1933 1545 1987 οὕτω·
1588 1953 1607 1985 ι
1650 1934 1750 1987 Διά

184 2044 202 2075 ι
244 2023 407 2076 τοῦτο
425 2022 649 2086 εἰκότως
670 2023 939 2095 ἐπιφέρει,
967 2024 1067 2088 Ὅς
1087 2024 1258 2078 ἐστιν
1276 2023 1452 2078 εἰκὼν
1470 2025 1577 2079 τοῦ
1601 2025 1749 2079 Θεοῦ

183 2135 202 2167 ι
242 2115 351 2168 τοῦ
370 2113 647 2181 ἀοράτου.
682 2132 699 2165 ι
724 2115 861 2169 Πότε
887 2115 1175 2186 γενόμενος
1201 2115 1395 2181 εἰκών;
1422 2117 1492 2169 Ἢ
1511 2116 1749 2187 ὁπηνίκα

177 2207 240 2259 τ’)
276 2205 401 2258 κατ’
450 2204 632 2258 εἰκόνα
656 2206 747 2259 καὶ
784 2206 903 2258 καθ’
926 2206 1185 2277 ὁμοίωσιν
1213 2206 1469 2278 ἀνείληφε
1490 2208 1749 2279 πλάσμα;

182 2318 200 2349 ι
243 2297 518 2369 Πρότερον
544 2296 674 2368 γὰρ,
708 2296 895 2368 ὥσπερ
924 2295 1180 2361 πολλάκις
1207 2297 1362 2368 ἔφην,
1391 2298 1542 2351 οὐδὲν
1568 2299 1751 2370 ἕτερον

183 2408 202 2439 ι
241 2385 311 2460 ἦν
346 2389 381 2458 ἢ
419 2389 611 2457 Λόγος·
656 2407 675 2439 ι
713 2388 808 2443 καὶ
860 2388 1104 2459 ἐπιμένει
1135 2388 1196 2442 τὸ
1244 2390 1374 2442 αὐτὸ
1406 2389 1752 2461 γυμνώτερον

175 2480 481 2550 διασαφῶν,
518 2481 583 2533 δι’
618 2474 691 2534 ὧν
724 2497 886 2552 φησιν
908 2497 920 2509 ·
946 2500 963 2532 ι
990 2480 1197 2534 Οὐκοῦν
1232 2481 1609 2553 πρόδηλονβτι
1647 2482 1753 2553 πρὸ

185 2593 204 2625 ι
230 2574 335 2643 τῆς
368 2573 462 2626 τοῦ
487 2573 754 2644 ἡμετέρου
792 2571 1040 2644 σώματος
1060 2574 1375 2644 ἀναλήψεως
1394 2575 1606 2643 όΛόγος
1632 2574 1752 2627 καθ’

183 2680 202 2712 ι
226 2659 424 2713 ἐαυτὸν
455 2660 555 2712 οὑκ
602 2656 670 2731 ἦν
698 2659 859 2713 υἰκὼν
886 2661 979 2714 τοῦ
1000 2661 1231 2733 ἀοράτου
1270 2661 1426 2716 Θεοῦ.
1482 2664 1596 2735 Τὴν
1646 2663 1753 2735 γὰρ

184 2774 203 2804 ι
230 2753 418 2806 εἰκόνα
433 2753 662 2824 ὁρᾶσθαι
683 2754 967 2825 προσήκει,
995 2754 1079 2808 ἵνα
1098 2754 1184 2808 διὰ
1206 2755 1304 2825 τῆς
1320 2756 1523 2819 εἰκόνος
1537 2755 1596 2808 τὸ
1618 2756 1754 2820 τέως

184 2863 201 2895 ι
231 2844 306 2916 μὴ
340 2844 617 2915 ὁρώμενον
653 2844 879 2915 ὁρᾶσθαι
917 2844 1159 2916 δύνηται.
1190 2866 1208 2897 ι
1232 2848 1342 2899 Καὶ
1359 2847 1754 2919 πάλινπροστί-

178 2938 303 3005 θησι
328 2934 503 3002 λέγων
523 2951 537 2965 ·
578 2952 595 2984 ι
637 2933 759 2997 Πῶς
787 2930 878 2987 οῦν
900 2934 1080 2988 εἰκόνα
1112 2934 1204 2988 τοῦ
1237 2935 1467 3009 ἀοράτου
1493 2934 1627 2987 Θεοῦ
1663 2934 1753 2988 τὸν

183 3046 202 3077 ι
241 3024 337 3078 τοῦ
361 3024 495 3077 Θεοῦ
539 3025 706 3091 Λόγον
742 3025 1011 3096 ’Λστέριος
1041 3021 1177 3079 εἶναι
1214 3029 1513 3097 γέγραφενς
1549 3027 1613 3077 Αἰ
1647 3024 1755 3096 γάρ

1856 1952 1873 1984 ι
1927 1933 2063 2009 tias,
2109 1932 2441 2002 intelligatur
2486 1934 2751 1988 denotari.
2780 1954 2797 1986 ι
2852 1934 3235 2002 llujuscemodi
3288 1948 3416 1987 suas

1852 2024 2330 2093 interpretationes
2360 2023 2447 2077 ubi
2489 2034 2861 2093 proposuerat,
2895 2026 3070 2096 pergit
3108 2026 3322 2080 demum
3352 2026 3417 2077 ad

1854 2117 2158 2171 testimonia
2201 2116 2515 2185 apostolica,
2559 2126 2615 2170 et
2652 2118 2909 2186 Apostolo
2950 2117 3219 2172 contraria
3264 2117 3316 2171 in
3357 2132 3423 2170 os

1850 2208 2126 2278 obgannit.
2181 2207 2323 2262 «Ille
2383 2210 2518 2262 enim
2572 2210 2985 2277 prwexistentem
3051 2208 3242 2263 Filium
3301 2208 3419 2270 Dei,

1857 2317 1874 2349 ι
1922 2298 2102 2353 omnis
2145 2308 2408 2353 creaturae
2470 2280 2894 2369 Primogenitum
2941 2299 3171 2368 appellat
3200 2299 3420 2352 :omnia

1854 2413 1876 2437 α
1923 2393 1977 2446 in
2010 2392 2102 2446 illo
2133 2400 2187 2445 et
2214 2406 2312 2458 per
2347 2390 2494 2445 illum
2527 2392 2741 2445 condita
2796 2391 2951 2445 docet
2981 2408 2994 2443 :
3030 2405 3262 2458 eumque.
3294 2400 3424 2443 ante

1858 2502 1875 2533 ι
1922 2484 2104 2536 omnia
2151 2484 2428 2538 exstitisse
2479 2501 2667 2554 magna
2699 2499 2817 2537 voce
2850 2492 3218 2549 protestetur;
3255 2491 3307 2533 at
3340 2485 3420 2535 hic

1860 2595 1877 2625 ι
1924 2576 2057 2629 hanc
2084 2577 2249 2641 ipsam
2279 2577 2591 2645 theologiam
2625 2577 2693 2627 ad
2737 2590 2948 2628 carnem
2980 2575 3188 2626 deducit
3219 2587 3236 2625 :
3262 2590 3419 2641 quam

1858 2686 1875 2717 ι
1921 2676 1968 2721 et
2012 2668 2181 2736 ipsam
2210 2668 2387 2720 statim
2423 2678 2573 2736 negat
2603 2682 2620 2718 :
2650 2666 2725 2718 ait
2785 2676 2965 2717 autem
3013 2681 3026 2718 :
3066 2664 3153 2733 [Ιί.
3181 2662 3422 2734 LXXXI]

1858 2778 1875 2809 ι
1922 2756 2127 2813 ldcirco
2158 2759 2351 2814 merito
2383 2756 2567 2821 infert,
2603 2758 2705 2823 Qui
2749 2766 2831 2811 est
2853 2757 3026 2824 imago
3054 2757 3145 2809 Dei
3174 2756 3417 2810 invisibi-

1860 2868 1878 2901 ι
1924 2849 2011 2917 lis,
2043 2850 2260 2919 quando
2286 2860 2464 2903 autem
2511 2849 2583 2903 ita
2618 2848 2829 2903 lactus?
2857 2848 2993 2901 Num
3027 2863 3149 2901 cum
3190 2848 3412 2916 figmen-

1860 2959 1877 2991 ι
1927 2950 2039 2994 tum
2071 2940 2364 3008 assumpsit
2389 2939 2515 2993 illud
2540 2940 2681 3008 quod
2714 2939 2914 2993 factum
2939 2947 3019 2992 est
3040 2938 3105 2991 ad
3132 2936 3416 3006 imaginem

1861 3049 1880 3079 ι
1925 3041 1981 3085 et
2005 3030 2455 3085 similitudinem?
2490 3034 2547 3093 ἧι
2582 3029 2739 3083 Prius
2768 3030 2991 3090 etenim,
3032 3030 3174 3097 quod
3217 3028 3403 3097 aliquo

182 3138 201 3169 ‹
246 3118 457 3180 εἰκόνες
514 3117 738 3179 τούτων,
774 3111 849 3171 ὧν
880 3119 1017 3171 εἰσιν
1066 3117 1292 3182 εἰκόνες,
1344 3118 1441 3172 καὶ
1480 3119 1748 3185 ἀπόντων,

1862 3143 1878 3172 ι
1928 3123 2026 3177 lies
2076 3122 2333 3183 diximus,
2384 3122 2514 3175 nihil
2563 3122 2709 3174 aliud
2737 3137 2900 3189 quatn
2957 3122 3187 3175 Verbum
3231 3132 3365 3173 erat.
3396 3141 3413 3170 ι

183 3229 201 3260 ι
241 3208 511 3261 δεικτικαί
551 3210 704 3261 εἰσιν·
748 3208 887 3262 ὥστε
919 3209 1012 3262 καὶ
1052 3209 1141 3263 τὸν
1187 3210 1390 3263 ἀπόντα
1417 3209 1525 3279 (69)
1558 3209 1624 3262 δι’
1652 3211 1748 3262 αὺ-

183 3317 202 3349 ι
238 3300 349 3353 τῶν
366 3298 652 3369 φαίνεσθαι
670 3300 861 3353 δοκεῖν.
889 3301 951 3353 Εἰ
970 3299 1025 3353 δὲ
1045 3299 1136 3353 τοῦ
1162 3299 1295 3353 Θεοῦ
1323 3300 1552 3372 ἀοράτου
1575 3301 1746 3364 ὄντος,

184 3412 201 3441 ι
240 3392 472 3462 ἀόρατον
494 3388 631 3445 εἶναι
664 3396 759 3446 καὶ
780 3393 869 3445 τὸν
902 3394 1072 3459 Λόγον
1102 3392 1407 3463 συμϐαίνει,
1434 3392 1552 3457 πῶς
1586 3391 1749 3446 εἰκὼν

183 3505 201 3534 ι
241 3484 338 3537 τοῦ
372 3484 607 3555 ἀοράτου
637 3484 767 3537 Θεοῦ
796 3485 914 3538 καθ’
936 3486 1128 3538 ἐαυτὸν
1158 3486 1186 3538 6
1222 3486 1392 3555 Λόγος
1425 3482 1559 3539 εἶναι
1587 3485 1747 3538 δύνα-

183 3595 200 3624 ι
240 3592 355 3634 ται,
396 3576 488 3627 καὶ
530 3576 689 3639 αὐτὸς
730 3577 957 3647 ἀόρατος
997 3575 1109 3641 div;
1146 3576 1404 3631 ἀδύνατον
1436 3577 1543 3648 γάρ
1576 3578 1634 3631 τὸ
1673 3578 1749 3650 μὴ

183 3687 203 3721 ι
238 3668 439 3741 ὁρατὸν
470 3669 557 3721 διὰ
595 3669 687 3721 τοῦ
725 3670 956 3742 ἀοράτου
996 3671 1229 3741 φανῆναί
1275 3688 1426 3723 ποτε.
1463 3690 1481 3722 ι
1535 3671 1641 3723 Καὶ
1680 3673 1749 3731 ,ἐν

178 3762 391 3824 τούτοις
418 3762 475 3813 δὲ
503 3764 531 3814 6
558 3762 872 3833 Μάρκελλος
900 3764 959 3815 οὐ
989 3764 1207 3833 συνορᾷ,
1238 3764 1339 3827 ὅτι,
1371 3765 1418 3816 εί
1448 3763 1543 3835 τὴν
1572 3764 1749 3835 σάρκα

177 3852 403 3923 δοίημεν
438 3847 577 3903 εἶναι
604 3851 700 3923 τὴν
732 3852 913 3904 εἰκόνα
947 3852 1040 3905 τοῦ
1072 3851 1228 3913 Θεοῦ,
1262 3851 1378 3923 ὥρα
1402 3853 1495 3905 καὶ
1536 3853 1750 3905 πάντων

178 3941 274 3995 ἀνθ
282 3941 482 4013 ρώπων
498 3940 593 4003 τάς
615 3940 843 4011 σάρκας,
866 3941 959 3993 καὶ⁵
981 3941 1047 3993 τὰ
1069 3940 1176 3993 τῶν
1202 3943 1464 4012 σωμάτων
1484 3942 1749 4013 πρόσωπα

178 4036 395 4097 εἰκόνας
422 4032 560 4087 εἶναι
589 4034 762 4103 λέγειν
785 4034 876 4087 τοῦ
906 4032 1061 4086 Θεοῦ.
1094 4034 1254 4086 Ὥστε
1288 4035 1407 4086 κατ’
1428 4033 1588 4086 αὑτὸν
1640 4052 1746 4104 μή-

180 4125 272 4178 δὲν
326 4123 603 4196 ἐξαίρετον
642 4126 929 4196 ἐσχηκέναι
967 4125 1056 4178 τὸν
1090 4124 1337 4194 Σωτῆρα.
1376 4126 1432 4177 'U
1471 4124 1514 4177 δ’
1562 4124 1748 4198 ὥσπερ

180 4216 571 4287 ἐπιλαθόμενος
604 4212 681 4273 ὧν
713 4218 850 4289 μετὰ
882 4218 1050 4270 ταῦτα
1084 4218 1209 4288 περὶ
1245 4217 1343 4287 τῆς
1374 4216 1571 4285 σαρκὸς
1624 4234 1747 4269 συν-

180 4309 408 4381 έγραψε,
438 4309 623 4363 δούλου
659 4310 870 4381 μορφὴν
907 4308 1072 4378 αὐτὴν
1101 4306 1269 4359 εἰπὼν
1300 4305 1358 4373 ἐξ
1391 4305 1747 4375 ἀποστολικῆς

180 4402 556 4471 παραθέσεως,
618 4402 707 4458 καὶ
752 4402 839 4455 διὰ
897 4400 1055 4453 τοῦτο
1121 4401 1195 4470 μὴ
1254 4397 1509 4453 δύνασθαι
1573 4400 1745 4450 συνεῖ-

1853 3213 2088 3274 Perstat,
2121 3222 2175 3265 et
2214 3212 2316 3267 hoc
2348 3212 2672 3281 explicatius
2725 3212 2979 3276 elucidat,
3013 3211 3100 3265 ubi
3132 3212 3364 3281 loquitur
3400 3226 3416 3262 :

1851 3304 1939 3375 [Β.
1959 3303 2149 3357 XXXII
2170 3304 2295 3357 coll.
2312 3318 2362 3372 p.
2382 3304 2451 3356 24
2474 3302 2543 3374 Β]
2565 3322 2583 3354 ι
2613 3303 2704 3357 Est
2720 3319 2848 3373 ergo
2874 3302 3245 3367 manifestum,
3269 3306 3410 3373 quod

1850 3412 1952 3450 non
1989 3405 2106 3451 erat
2135 3395 2367 3450 Verbum
2410 3396 2587 3464 imago
2624 3394 2911 3449 invisibilis
2941 3394 3035 3447 Dei
3081 3404 3207 3448 ante
3237 3395 3414 3448 carnis

1850 3500 2051 3544 nosme
2096 3488 2545 3555 assumptionem.
2579 3485 2711 3539 Nam
2755 3499 2976 3539 necesse
3014 3494 3096 3538 est
3126 3485 3413 3554 imaginem

1849 3579 2022 3634 oculis
2045 3579 2213 3644 cerni,
2231 3588 2289 3631 ut
2312 3578 2385 3631 ita
2407 3594 2501 3646 per
2520 3578 2804 3647 imaginem
2821 3577 3163 3630 discernatur
3187 3576 3238 3630 id
3264 3576 3406 3645 quod

1852 3686 1953 3724 non
1973 3680 2179 3740 poterat
2197 3678 2348 3723 antea
2379 3668 2547 3723 oculis
2575 3668 2872 3733 usurpari.»
2897 3666 3022 3719 Dein
3042 3666 3190 3719 addit
3215 3666 3415 3732 :iQue-

1858 3779 1875 3811 ι
1927 3760 2290 3814 madmudum
2320 3760 2486 3828 igitur
2509 3759 2754 3811 Asterius
2780 3756 3032 3819 allirmat,
3063 3755 3151 3809 Dei
3184 3754 3414 3809 Verbum

1855 3871 1873 3903 ι
1918 3853 2193 3908 exstitisse
2242 3837 2531 3921 imaginem
2595 3848 2882 3903 invisibilis
2947 3847 3078 3900 Dei?
3152 3846 3416 3916 Imagines

1854 3965 1870 3995 ι
1918 3944 2116 3999 etenim
2156 3953 2278 3998 sunt
2312 3958 2500 3996 earum
2544 3956 2723 3996 rerum
2777 3938 3212 3994 demonstrativa:
3251 3939 3412 3990 etiam

1855 4055 1871 4085 ι
1917 4036 2251 4099 absentium,
2289 4048 2517 4103 quarum
2558 4040 2684 4085 sunt
2729 4031 2997 4100 imagines
3035 4046 3048 4081 :
3080 4029 3154 4082 ita
3215 4038 3268 4081 ut
3317 4042 3417 4095 per

1856 4144 1873 4174 ι
1922 4126 2041 4178 illas
2068 4123 2152 4177 vel
2189 4125 2466 4177 absentem
2497 4123 2763 4191 possimus
2794 4120 3015 4173 intueri.
3054 4116 3254 4185 Quodsi
3295 4119 3410 4180 Dei,

1853 4234 1872 4267 ι
1920 4232 2041 4271 cum
2073 4216 2148 4270 sit
2180 4214 2489 4280 invisibilis,
2514 4214 2734 4268 verbum
2758 4228 2972 4282 quoque
2995 4212 3267 4265 invisibile
3291 4211 3361 4264 sit
3390 4228 3405 4263 :

1852 4329 1869 4359 ι
1913 4307 2183 4377 quomodo
2215 4306 2430 4359 tandem
2469 4303 2723 4366 Verbum,
2765 4304 2816 4357 in
2846 4318 2907 4356 se
2939 4301 3231 4369 invisibile,
3268 4301 3410 4355 invi-

1852 4420 1869 4451 ι
1917 4399 2089 4454 sibilis
2125 4398 2215 4453 Dei
2256 4398 2430 4466 imago
2456 4410 2577 4450 esse
2612 4404 2786 4464 potest
2811 4395 2834 4447 ?
2859 4394 3019 4448 Certe
3060 4402 3140 4448 est
3189 4409 3409 4462 prorsus

180 4510 270 4547 ναι
299 4494 420 4563 (70)
444 4493 519 4564 τῷ
542 4494 719 4564 Λόγῳ,
754 4494 842 4546 διά
876 4492 1133 4546 τὺδούλου
1173 4489 1383 4563 μορφὴν
1411 4484 1578 4543 εἶναι·
1615 4490 1747 4543 ἀλλὰ

1857 4509 1875 4541 ι
1923 4490 2279 4560 impossibile,
2327 4499 2387 4542 ut
2432 4489 2572 4557 quod
2636 4502 2740 4541 non
2790 4485 3024 4551 videtur,
3068 4501 3164 4555 per
3206 4486 3411 4555 aliquid

181 4585 274 4638 καὶ
295 4588 478 4655 γυμνῇ
508 4587 573 4655 τῇ
601 4585 806 4655 κεφαλῇ
842 4586 1051 4655 φήσας,
1085 4602 1104 4634 ι
1138 4583 1254 4646 πῶς
1292 4577 1521 4651 ἐγχωρεῖ
1550 4580 1646 4651 τήν
1679 4582 1742 4635 ἐκ

188 4695 205 4726 ι
247 4678 351 4747 γῆς
379 4694 438 4729 τε
470 4672 654 4741 οὖσαν,
681 4678 774 4730 καὶ
804 4677 969 4748 μηδὲν
1010 4674 1342 4744 ὠφελοῦσαν,
1372 4674 1430 4725 ἐν
1464 4675 1575 4735 τοῖς
1611 4672 1736 4742 μέλ-

184 4787 203 4819 ι
242 4768 425 4820 λουσιν
451 4767 609 4820 αἰῶσι
641 4770 875 4821 συνεῖναι
903 4766 980 4837 τῷ
1004 4766 1181 4836 Λόγῳ;
1207 4784 1225 4817 ι
1265 4761 1403 4817 εἶναι
1435 4763 1618 4816 εἰκόνα
1647 4764 1739 4816 τοῦ

178 4860 413 4931 ἀοράτου
431 4859 589 4926 Θεοῦ,
613 4861 712 4931 τὴν
744 4860 919 4931 σάρκα
952 4858 1042 4911 ἐπὶ
1076 4859 1166 4911 τοῦ
1197 4856 1459 4927 παρόντος
1484 4855 1745 4925 διισχυρί-

178 4952 332 5016 ζεται
358 4950 830 5022 διαϐεϐαιούμενος
854 4948 1254 5019 ἀποφαντικιῖκ,
1282 4948 1362 4999 ὃτι
1394 4946 1497 5017 πρὸ
1520 4945 1619 5015 τῆς
1652 4944 1744 4999 τοῦ

179 5043 450 5114 ἡμετέρου
509 5044 760 5114 σώματος
809 5041 1125 5112 ἀναλήψεως
1180 5039 1279 5093 οὐκ
1320 5033 1388 5108 ἦν
1444 5036 1605 5089 εἰκὼν
1648 5036 1741 5089 τοῦ

178 5134 413 5205 ἀοράτου
429 5133 584 5195 Θεοῦ,
606 5135 635 5187 6
653 5134 823 5203 Λόγος
846 5132 1032 5186 αὑτοῦ.
1058 5133 1167 5185 Καὶ
1184 5127 1336 5193 αὖθις
1355 5128 1492 5200 μετά
1507 5128 1576 5181 τὰ
1591 5129 1745 5181 ἐκτε-

179 5226 344 5280 θέντα
392 5227 638 5298 ἐπιφέρει
678 5225 867 5294 λέγων·
914 5245 931 5277 ι
969 5225 1057 5277 Διὸ
1086 5221 1418 5293 πανταχόθεν
1457 5219 1634 5289 δῆλον,
1669 5221 1744 5271 εἰ-

256 5369 316 5427 νῖι
370 5361 468 5416 Ed.
504 5360 700 5421 Paris.,
734 5378 853 5431 pag.
884 5362 977 5416 47.

250 5502 365 5570 (69)
400 5499 567 5570 Vulgo
608 5502 790 5572 xai_6t’
819 5500 997 5555 αὐτῶν
1033 5513 1084 5556 et
1114 5500 1205 5554 τοῦ
1237 5502 1467 5572 ἀοράτου
1508 5502 1658 5561 ὄντος
1692 5508 1747 5552 et

182 5568 361 5642 σάρκα
388 5572 498 5623 δείν
512 5568 525 5570 “
540 5571 637 5642 μὲν
665 5568 821 5625 εἷναι.

254 5641 368 5711 (70)
419 5642 513 5709 Μὴ
567 5641 858 5695 δύνασθαι
901 5641 1191 5694 συνεῖναι.
1253 5643 1361 5697 ’Λεί
1416 5643 1572 5705 forte,
1618 5656 1740 5695 nam

184 5712 311 5766 illud
350 5714 543 5779 po~uit.
581 5711 761 5779 Neque
788 5713 951 5766 luisse
983 5712 1258 5765 aduuitam
1282 5716 1449 5767 verbo
1477 5717 1543 5765 ah
1582 5722 1735 5764 mter-

185 5798 273 5843 no.
300 5796 399 5836 nec
429 5779 660 5836 futuram
691 5782 1066 5847 aduniendam,
1094 5794 1149 5836 ut
1182 5784 1363 5837 statim
1390 5786 1445 5835 ἐν
1468 5787 1575 5845 τοῖς
1603 5780 1727 5850 μὲλ-

1852 4600 1871 4632 ι
1918 4580 2183 4635 invisibile
2217 4579 2609 4633 manil’estetur.
2637 4596 2655 4629 ι
2691 4578 2807 4632 Non
2844 4578 2930 4631 hic
2979 4576 3227 4647 intelligit
3259 4576 3400 4630 Mar-

1849 4673 2044 4736 cellus,
2079 4672 2219 4741 quod
2264 4672 2307 4725 si
2350 4672 2420 4726 sit
2464 4686 2686 4726 necesse
2717 4685 2934 4725 carnem
2970 4670 3253 4739 imaginem
3290 4669 3406 4721 ﬁeri

1851 4766 1986 4830 Dei,
2031 4778 2226 4817 carnes
2276 4773 2331 4816 et
2373 4778 2601 4832 corpora
2647 4763 2922 4815 hominum
2979 4761 3307 4831 singulorum
3352 4771 3406 4814 et

1849 4870 2126 4924 personae,
2179 4854 2439 4923 imagines
2485 4852 2733 4907 dicantur
2790 4866 2908 4906 esse
2946 4851 3063 4908 Dei.
3107 4851 3181 4905 lta
3221 4862 3275 4903 ut
3313 4866 3409 4919 per

1848 4947 2197 5014 semetipsum
2246 4945 2519 5014 singulare
2562 4943 2695 4998 nihil
2743 4944 2938 4998 habeat
2978 4944 3253 4998 Servator.
3301 4942 3407 4994 Iste

1846 5052 1996 5103 vero,
2031 5048 2283 5106 tanquam
2323 5036 2522 5091 oblitus
2551 5051 2734 5091 eorum
2773 5050 2891 5105 qua:
2914 5035 3165 5103 deinceps
3192 5035 3255 5088 de
3287 5048 3404 5086 car.

1848 5142 1914 5181 ue
1952 5130 2223 5182 mandavit
2263 5129 2478 5191 litteris,
2508 5144 2629 5183 cum
2660 5142 2725 5182 ex
2756 5126 3083 5205 auctoritate
3110 5123 3401 5193 apostolica

1852 5222 1993 5276 setvi
2031 5223 2257 5276 formam
2294 5223 2436 5276 illam
2463 5220 2817 5282 nominasset,
2850 5232 2946 5271 nec
2984 5215 3185 5271 idcirco
3214 5215 3407 5269 unien-

1844 5496 2024 5549 λουσιν
2051 5496 2229 5550 αἰῶσι.
2253 5494 2349 5550 Πιιῑ
2377 5494 2512 5546 forte
2531 5491 2836 5559 legendum,
2865 5501 2916 5542 et
2946 5489 3405 5559 distinguendum,

1842 5564 1978 5619 εἶναι
2008 5567 2063 5618 δὲ
2087 5568 2267 5619 εἰκόνα
2289 5565 2380 5616 τοῦ
2408 5561 2809 5633 ἀοράτουᾼΘᾼεοῦ
2839 5560 2937 5633 τὴν
2966 5563 3159 5633 σάρκα,
3193 5559 3407 5633 τοῦ

1841 5639 2105 5708 παρόντος
2129 5630 3047 5708 διισχυρίζεταιδιαδεδαιιῃὸμὲνος.
3167 5658 3233 5669 -—
3252 5630 3401 5708 _Deiu

1841 5699 1996 5772 vulgo
2024 5699 2160 5759 εἶναι
2184 5699 2415 5775 saepe
2437 5714 2489 5757 et
2515 5699 2871 5771 ἀποφατικῶς
2908 5713 2963 5759 et
2995 5701 3164 5755 ταῦτα
3211 5699 3276 5754 τὰ
3318 5700 3403 5756 ἐκ·

1838 5778 1995 5832 θέντα
2022 5777 2096 5845 τῷ
2125 5776 2240 5844 Θεῴ
2272 5776 2446 5842 Λόγῳ.
