3970 6544
566 402 671 457 807

1231 396 1501 454 EUSEBII
1538 396 2015 453 CESARIENSIS
2052 396 2202 453 ΟζῬ.
2244 395 2423 453 PARS
2458 396 2548 453 IV.
2587 428 2656 438 —
2692 396 3108 454 DOGMATICA.

3690 398 3787 451 808

565 520 689 574 dam
721 532 839 576 esse
870 514 1310 586 Verbozquique
1362 517 1526 571 etiam
1568 516 1906 586 apertissima
1950 515 2118 572 fronte

2234 535 2251 565 ι
2292 515 2422 569 κόνα
2466 514 2560 567 τοῦ
2611 516 2842 586 ἀοράτου
2888 515 3022 568 Θεοῦ
3062 515 3166 569 ὑπὸ
3208 515 3303 567 τοῦ
3352 512 3497 585 ἱεροῦ
3544 512 3792 583 εἰρῆσθαι

568 611 779 666 dixerat
812 630 824 664 :
854 625 873 659 ι
897 607 1177 674 Quomodo
1222 607 1626 663 concedendum
1677 619 1781 674 est,
1822 610 1966 663 illam
2001 625 2119 663 car-

570 722 590 753 i
639 717 758 755 nem
802 714 921 768 qua:
960 700 1025 753 de
1062 709 1204 752 terra
1253 709 1465 770 sumpta
1508 709 1609 764 est.
1638 710 1693 755 et
1726 701 1857 754 nihil
1886 700 2123 769 prodest,

570 812 589 843 ι
638 792 840 845 unitam
871 789 1043 845 Verbo
1068 790 1357 860 persistere
1389 790 1440 844 in
1473 791 1651 846 futuro
1672 792 1903 848 saeculo?
1931 811 1949 845 ι
1976 792 2123 847 Illam

567 893 744 937 tamen
778 897 996 937 carnem
1053 881 1343 951 imaginem
1386 895 1505 937 esse
1547 881 1643 937 Dei
1689 882 1973 938 invisibilis
1996 897 2127 937 con-

563 987 770 1031 stanter
822 973 1055 1029 allirmat
1095 974 1578 1028 :constantissime
1632 989 1833 1044 negans
1877 959 2121 1028 eamdem

564 1070 759 1139 ipsam,
801 1078 926 1123 ante
970 1067 1213 1135 corporis
1246 1069 1416 1121 nostri
1448 1069 1893 1137 assumptionem,
1936 1066 2125 1137 imagi-

565 1175 688 1214 nem
718 1158 810 1213 Dei
845 1158 1131 1212 invisibilis
1162 1158 1433 1212 exstitisse
1464 1175 1479 1214 :
1506 1158 1600 1214 sed
1630 1166 1837 1211 tantum
1890 1157 2123 1211 Verbum

562 1251 697 1317 ejus.
717 1248 814 1305 llis
844 1250 915 1303 ita
932 1249 1121 1319 positis
1138 1248 1402 1304 subinfert
1421 1251 1670 1317 inquiens
1693 1268 1705 1303 :
1725 1248 1815 1320 [Β.
1835 1247 2122 1319 LXXXIII]

569 1361 587 1393 ι
634 1340 921 1408 Quocirca,
949 1341 1095 1395 omni
1134 1342 1291 1396 modo
1337 1351 1507 1409 patet,
1541 1342 1828 1410 imaginem
1864 1341 1954 1396 Dei
1986 1341 2124 1394 invi-

570 1452 588 1484 ι
635 1432 806 1488 sibilis
836 1449 865 1485 a
904 1444 1090 1488 sancto
1125 1428 1380 1503 Apostolo
1422 1432 1524 1487 dici
1567 1447 1782 1486 carnem
1810 1432 1975 1497 illam,
2004 1448 2123 1502 quae

569 1543 586 1572 ι
629 1523 880 1591 deinceps
933 1521 1165 1576 accessit
1218 1522 1384 1575 verbo
1410 1537 1428 1572 ι
1459 1530 1517 1574 ιιι
1572 1536 1667 1590 per
1698 1519 1911 1575 visibile
1954 1520 2120 1575 videri

2231 626 2249 657 ι
2289 606 2606 671 ἀποστόλου,
2630 605 2725 676 τὴν
2744 606 3181 677 προσγενομένην
3201 604 3279 675 τῷ
3298 606 3452 674 Λόγῳ
3470 604 3669 675 σάρκα-ο
3708 604 3793 655 ἶνα

2231 716 2249 748 ι
2312 698 2401 751 διὰ
2428 698 2521 752 τοῦ
2550 697 2781 769 ἀοράτου
2807 698 2920 768 (71)
2946 696 3118 752 καὶτὸ
3143 696 3335 767 ὁρατὸν
3372 696 3647 766 φαίνηται.
3694 696 3793 747 El-

2231 805 2250 838 ι
2290 788 2413 842 κὼν
2440 787 2506 841 δέ
2548 788 2700 850 ἐστι,
2761 788 2924 858 φησιν
2953 789 2982 840 6
3023 788 3358 852 ’Λπόστολος,
3380 785 3487 840 τοῦ
3537 784 3793 854 ἀοράτου

2240 896 2258 930 ι
2302 879 2469 932 Θεοῦ.
2489 878 2602 932 Νῦν
2628 879 2805 950 δῆλον,
2831 881 2932 943 ὅτι,
2958 880 3191 950 ὁπηνίκα
3214 880 3314 950 τὴν
3342 880 3461 931 κατ’
3492 878 3678 930 είκόνα
3700 877 3791 929 τοῦ

2232 992 2250 1023 ι
2294 971 2428 1025 Θεοῦ
2474 973 2773 1043 γενομένην
2816 971 3071 1043 ἀνείληφε
3122 972 3320 1042 σάρκα,
3373 970 3536 1023 είκὼν
3585 968 3792 1039 ἀληθὴς

2232 1086 2249 1117 ι
2286 1064 2378 1118 τοῦ
2410 1064 2642 1136 ἀοράτου
2683 1063 2817 1117 Θεοῦ
2845 1065 3054 1133 γέγονε.
3092 1065 3153 1115 Ei
3187 1063 3296 1133 γὰρ
3340 1062 3428 1115 διὰ
3457 1062 3556 1132 τῆς
3584 1062 3790 1124 εἰκόνος

2230 1175 2248 1208 ι
2284 1157 2484 1227 ταύτης
2513 1157 2602 1211 τὸν
2634 1155 2726 1209 τοῦ
2752 1156 2885 1209 Θεοῦ
2913 1157 3081 1225 Λόγον
3110 1155 3420 1226 ἠξιώθημεν
3445 1153 3670 1221 γνῶναι,
3702 1171 3791 1205 πιο

2231 1269 2247 1300 ι
2290 1247 2496 1301 στεύειν
2525 1246 2807 1318 ὀφείλομεν
2840 1245 2985 1317 αὐτῷ
3014 1246 3092 1316 τῷ
3123 1246 3300 1316 Λόγῳ,
3329 1244 3418 1297 διὰ
3452 1244 3551 1314 τῆς
3583 1244 3790 1305 εἰκόνος

2229 1356 2247 1388 ι
2286 1338 2514 1407 λέγοντι,
2568 1338 2714 1408 Ἐγὼ
2752 1339 2849 1392 καί
2880 1342 2911 1393 ό
2939 1337 3141 1406 Πατὴρ
3164 1337 3233 1391 ἓν
3265 1338 3469 1405 ἐσμεν.
3504 1334 3646 1390 Οὔτε
3682 1335 3790 1406 γὰρ

2229 1449 2247 1483 ι
2283 1430 2371 1483 τὸν
2402 1430 2571 1499 Λόγον
2607 1428 2729 1483 οὔτε
2755 1430 2844 1482 τὸν
2875 1429 3091 1500 Πατέρα
3125 1428 3216 1482 τοῦ
3259 1428 3451 1496 Λόγου,
3479 1427 3660 1497 ἓχωρις
3694 1428 3791 1496 τῆς

2229 1542 2247 1575 ι
2284 1522 2488 1586 εἰκόνος
2529 1522 2731 1592 ταύτης
2764 1521 2963 1590 γνῶναί
2994 1538 3115 1573 τινα
3145 1520 3385 1574 δυνατόν.
3422 1537 3441 1569 ι
3489 1518 3593 1572 Καὶ
3630 1516 3792 1571 πάλιν

568 1632 585 1661 ς
635 1622 819 1683 posset
874 1613 1015 1680 quod
1073 1620 1157 1667 est
1213 1612 1507 1667 invisibile.
1569 1611 1754 1681 Imago
1804 1622 1900 1677 est,
1950 1612 2118 1681 inquit

2227 1611 2491 1683 ἐπιφέρειο
2522 1630 2541 1663 ι
2575 1611 2731 1665 Οὕτω
2752 1610 2880 1680 γοῦν
2902 1612 2994 1664 καὶ
3011 1613 3039 1663 6
3056 1609 3371 1671 ’Λπόστολός
3396 1626 3577 1679 φησιν,
3602 1608 3794 1679 ὥσπερ

569 1723 587 1755 ι
632 1702 943 1773 Apostolus,
1004 1702 1100 1757 Dei
1155 1704 1435 1757 invisibilis
1458 1704 1524 1760 ¹⁷.
1556 1704 1707 1758 Nunc
1759 1713 1925 1773 patet,
1980 1704 2118 1769 quod

2229 1722 2247 1753 ι
2280 1703 2704 1774 μικρῴιπρόσθεν
2716 1704 2940 1774 ἔφαμεν,
2958 1702 3287 1756 Ἐκένωσεν
3298 1700 3533 1762 ἑαυτὸν,
3551 1700 3795 1769 μορφὴν

566 1816 585 1846 ι
630 1808 738 1850 tum
768 1797 1021 1865 primum,
1046 1812 1165 1849 cum
1212 1810 1433 1851 carnem
1475 1796 1785 1864 assumpsit.
1822 1794 2022 1849 factum
2066 1797 2118 1849 in

2229 1813 2246 1844 ι
2282 1793 2506 1848 δούλου
2536 1794 2759 1858 λαϐὼν,
2808 1793 2896 1847 διὰ
2932 1793 3029 1863 τῆς
3078 1793 3290 1863 μορφῆς
3335 1790 3428 1843 τοῦ
3470 1789 3661 1842 δούλου
3692 1789 3793 1859 τὴν

564 1907 584 1940 ι
633 1888 918 1956 imaginem
961 1887 1076 1951 Dei,
1106 1903 1229 1941 vere
1264 1888 1439 1956 imago
1485 1886 1648 1942 ﬁebat
1691 1887 1977 1941 invisibilis
2010 1888 2118 1943 Dei.

2231 1907 2247 1935 ι
2287 1884 2629 1955 ἀνθρωπίνην
2663 1886 2792 1954 ἡμῖν
2836 1884 3110 1954 σημαίνων
3142 1884 3337 1954 σάρκα,
3371 1882 3437 1953 ἣν
3466 1883 3493 1934 6
3525 1882 3793 1951 δεσπότης

565 1999 583 2030 ι
630 1978 762 2034 Nam
792 1981 834 2033 si
868 1994 963 2033 nos
991 1994 1087 2048 per
1119 1978 1407 2048 imaginem
1447 1980 1603 2033 istam
1633 1993 1700 2033 eo
1734 1994 1918 2033 sumus
1952 1978 2124 2033 evecti

565 2090 585 2123 ι
630 2071 925 2138 dignitatis,
959 2082 1016 2124 ut
1048 2070 1281 2125 Verbum
1321 2070 1415 2125 Dei
1464 2085 1791 2141 cognoscere
1837 2071 2120 2139 possimus,

565 2184 583 2214 ι
630 2163 806 2217 Verbo
838 2172 983 2217 certe
1018 2162 1120 2231 ipsi
1153 2163 1375 2216 credere
1415 2163 1674 2216 debemus
1706 2178 1802 2231 per
1834 2163 2123 2232 imaginem

565 2275 585 2306 ‹
630 2253 915 2308 aIIirmanti
944 2271 958 2309 :
985 2254 1097 2322 Ego
1138 2265 1183 2308 et
1219 2253 1380 2307 Pater
1412 2270 1575 2307 unum
1616 2271 1796 2308 sumus
1836 2255 1880 2286 ¹⁸
1918 2254 2122 2324 Impos-

567 2364 586 2395 ι
635 2346 789 2400 sibile
818 2355 902 2400 est
928 2347 1091 2412 enim,
1126 2356 1183 2398 ut
1217 2346 1416 2417 absque
1443 2348 1542 2401 hac
1577 2346 1809 2415 imagine
1834 2347 2121 2417 quisquam

565 2451 584 2484 ι
627 2436 711 2488 vel
749 2434 1003 2500 Verbum,
1032 2436 1117 2489 vel
1178 2434 1337 2489 Verbi
1392 2435 1605 2490 Patrem
1660 2447 1972 2507 cognoscat.
2003 2456 2022 2488 ι
2059 2436 2123 2491 Et

559 2540 751 2580 rursus
782 2527 1021 2581 annectit
1050 2526 1140 2599 [Κ.
1177 2526 1463 2600 LXXXIV)
1496 2546 1509 2581 :
1536 2548 1553 2579 ι
1579 2527 2122 2599 Sicitaquepronun-

560 2619 660 2673 tiat
704 2618 1029 2686 Apostolus,
1075 2625 1132 2682 ’Β
1174 2628 1231 2673 ιιι
1270 2620 1428 2689 paulo
1475 2621 1726 2689 superius
1766 2631 1851 2674 est
1889 2636 1919 2674 a
1964 2620 2121 2677 nobis

556 2712 788 2779 positum
817 2726 829 2761 :
857 2710 1163 2764 Exinanivit
1190 2713 1547 2781 semetipsum,
1583 2711 1718 2766 servi
1767 2712 1992 2779 formam
2029 2729 2118 2766 as-

555 2819 765 2856 sumens
788 2803 853 2856 ¹⁹.
893 2802 993 2857 Per
1046 2805 1187 2857 servi
1229 2803 1455 2858 formam
1493 2805 1780 2860 humanam
1818 2807 1971 2861 nobis
2001 2822 2121 2861 car-

557 2908 679 2946 nem
729 2892 997 2963 signiticat
1022 2934 1038 2959 ,
1079 2908 1240 2962 quam
1293 2895 1550 2949 Dominus
1588 2906 1775 2951 noster
1808 2896 1985 2965 Deus,
2023 2913 2117 2952 sua

556 2982 845 3037 elformans
894 2983 1155 3050 sapientia
1179 3021 1196 3049 ,
1231 2984 1397 3038 dixit:
1420 2982 1705 3040 Faciamus
1741 2986 1999 3042 hominem
2051 2993 2119 3044 ad

556 3076 835 3144 imaginem
871 3086 1102 3128 nostrum
1135 3084 1181 3128 et
1206 3075 1273 3128 ad
1313 3075 1709 3128 similitudinem
1731 3076 1977 3132 ".Recte
2004 3093 2121 3133 car-

560 3179 683 3217 nem
714 3165 1024 3229 humanam,
1048 3166 1334 3236 imaginem
1354 3165 1667 3220 nomiuavit.
1698 3164 1839 3222 Bene
1862 3170 2003 3223 enim
2030 3187 2120 3226 no-

556 3256 633 3308 vit
664 3256 949 3325 imaginem
979 3273 1097 3311 esse
1146 3257 1288 3311 illam
1323 3257 1481 3312 Verbi
1511 3258 1617 3322 sui,
1646 3258 1803 3328 paulo
1841 3270 1961 3329 post
1990 3264 2116 3317 sub-

557 3348 734 3402 stituri
759 3347 847 3421 [IL
871 3348 1121 3419 XXVI].i
1150 3349 1407 3419 Deinceps
1443 3361 1668 3405 conatur
1700 3353 1949 3421 probare,
1974 3355 2115 3423 quod

558 3438 687 3493 illud
714 3457 729 3495 :
761 3439 834 3493 De
859 3451 1005 3492 utero
1028 3451 1150 3493 ante
1175 3441 1455 3509 luciferum
1487 3444 1644 3510 genui
1675 3455 1722 3495 te
1743 3443 1812 3507 “,
1852 3444 1917 3499 de
1953 3460 2116 3500 carne

558 3529 689 3583 item
724 3538 1036 3598 usurpatum
1068 3530 1161 3584 sit.
1198 3529 1464 3599 Loquitur
1507 3542 1689 3586 autem
1729 3533 1794 3586 ad
1827 3533 1970 3588 hunc
2004 3550 2117 3589 ino-

560 3618 685 3673 dum
720 3635 735 3672 :
777 3638 795 3669 ι
828 3620 1091 3685 Quocirca
1124 3636 1243 3675 cum
1270 3636 1300 3674 a
1338 3621 1535 3675 Davide
1576 3623 1884 3679 nominetur
1928 3624 2118 3681 lucifer

564 3730 585 3762 ι
624 3711 776 3766 stella
819 3712 938 3776 illa,
972 3728 1092 3781 quae
1156 3713 1296 3767 diem
1365 3713 1612 3784 designat
1660 3717 2116 3787 appropinquare,

564 3821 583 3855 ι
632 3820 733 3858 non
765 3816 846 3859 est
869 3804 1094 3859 ulterius
1123 3805 1555 3874 disquirendum,
1580 3806 1810 3876 quisille
1834 3809 1905 3863 sit
1926 3808 2120 3865 lucifer

565 3913 583 3946 ¢
625 3899 714 3964 qui
751 3895 1084 3965 intelligitur.
1116 3897 1247 3951 Erat
1276 3907 1330 3951 et
1356 3898 1501 3952 enim
1534 3898 1687 3953 stella
1720 3899 1809 3955 illa
1865 3908 1991 3956 tunc
2020 3918 2117 3973 ap-

565 4005 583 4038 ι
630 4002 850 4055 parens.
881 4004 1002 4041 cum
1039 3989 1180 4043 diem
1218 4002 1271 4043 et
1299 3990 1519 4045 afferret
1546 4002 1600 4045 et
1631 3993 1892 4047 indicaret
1922 3995 2115 4065 magis.

564 4098 582 4129 ι
632 4076 703 4133 Ut
745 4079 816 4133 sit
874 4079 1215 4133 manifestum
1282 4080 1430 4146 illud,
1458 4084 1594 4136 Ante
1650 4082 1929 4138 luciferum
1958 4086 2115 4154 genui

563 4188 581 4221 ι
633 4182 716 4228 te:
753 4180 1063 4239 usurpatum
1098 4172 1164 4223 ab
1188 4171 1539 4241 omnipotenti
1572 4173 1699 4236 Deo,
1732 4176 1797 4229 de
1828 4173 2003 4229 Verbo
2029 4176 2117 4231 illo

563 4279 582 4312 ε
626 4262 768 4329 quod
816 4264 1149 4316 nascebatur
1176 4277 1299 4316 cum
1332 4278 1497 4319 carne
1547 4266 1775 4320 humana
1807 4281 1903 4336 per
1940 4267 2117 4336 Virgi-

564 4370 584 4403 ι
632 4368 751 4406 nem
785 4369 798 4405 :
830 4354 1062 4423 idipsum
1114 4364 1412 4409 attestante
1475 4358 1843 4427 evangelista.
1881 4360 2112 4427 primum

557 4550 609 4589 Cl
633 4467 839 4589 >143Ed.
866 4467 1060 4533 Paris.,
1090 4483 1209 4538 pag.
1242 4468 1331 4522 48.
1418 4469 1461 4500 ¹⁷
1489 4469 1695 4525 Coloss.
1726 4487 1762 4535 ι,
1798 4470 1885 4524 15.

616 4552 668 4589 x.
700 4570 712 4583 .
738 4578 752 4589 .

595 4551 668 4601 is,
700 4551 752 4592 ο.

1987 4473 2030 4504 ’⁸
2049 4472 2204 4529 Joan.
2236 4494 2289 4543 x,
2317 4481 2405 4536 50.

2231 1996 2248 2027 ι
2290 1977 2442 2048 ἡμῶν
2462 1976 2613 2041 Θεὸς,
2635 1979 2699 2046 τῇ
2726 1975 2918 2028 ἑαυτοῦ
2952 1974 3287 2028 διαπλάττων
3316 1972 3495 2043 σοφίᾳ,
3524 1974 3793 2039 Ποιήσω-

2231 2087 2248 2118 ι
2282 2086 2396 2137 μεν
2433 2068 2762 2137 ἄνθρωπον,
2800 2068 2925 2139 ἔφη,
2962 2066 3088 2120 κατ’
3125 2066 3328 2119 εἰκόνα
3360 2065 3656 2135 ἡμετέραν
3690 2067 3789 2119 καὶ

2231 2178 2249 2211 ι
2291 2161 2401 2231 (72)
2429 2161 2731 2229 ὁμοίωσιν,
2766 2159 2945 2223 καλῶς
2972 2160 3069 2230 τὴν
3102 2157 3443 2229 ἀνθρωπίνην
3470 2158 3650 2228 σάρκα
3677 2159 3793 2210 ὀνο-

2230 2271 2247 2304 ι
2289 2253 2476 2324 μάζων
2514 2253 2719 2306 εἰκόνα.
2756 2253 2910 2324 ’ῌδει
2970 2254 3077 2323 γὰρ
3140 2251 3414 2323 ἀκριϐῶς,
3483 2252 3565 2304 ὃτι
3626 2250 3791 2305 εἰκὼν

2229 2360 2248 2392 ι
2286 2341 2435 2395 ἕσται
2459 2342 2653 2412 μικρὸν
2682 2342 2794 2413 (75)
2815 2342 3037 2412 ὕστερον
3054 2342 3145 2394 τοῦ
3168 2340 3359 2395 ἑαυτοῦ
3375 2340 3567 2409 Λόγου.
3596 2359 3614 2392 ι
3636 2342 3793 2394 Μετά

2221 2434 2397 2488 ταῦτα
2436 2436 2689 2504 πειρᾶται
2718 2433 3165 2499 κατασκευάζειν,
3190 2434 3272 2487 ὅτι
3310 2432 3403 2487 καὶ
3430 2433 3512 2497 τὸ,
3550 2433 3651 2485 Ἐκ
3684 2450 3786 2501 τα-

2223 2525 2405 2594 στρὸς
2446 2527 2560 2594 πρὸ
2590 2527 2896 2595 ἑωσφόρον
2921 2525 3217 2596 ἐγέννησά
3250 2542 3343 2589 σε,
3381 2527 3507 2597 περὶ
3532 2525 3633 2594 τῆς
3660 2543 3792 2596 σαρ-

2223 2618 2318 2682 κὸς
2347 2619 2579 2687 ἐλέγετο.
2612 2618 2885 2690 Γράφειδὲ
2906 2620 3080 2682 οὕτως
3107 2620 3244 2690 (74)·
3279 2618 3414 2689 «ξΔιά
3433 2617 3589 2670 τοῦτο
3610 2619 3793 2670 τοίνυν

2229 2729 2247 2762 ι
2288 2710 2382 2765 τοῦ
2437 2711 2534 2782 τὴν
2580 2712 2791 2783 ἡμέραν
2838 2712 2867 2764 6
2901 2711 3153 2783 ηλοῦντος
3178 2712 3269 2764 τοῐ
3305 2711 3529 2782 ἀστέρος
3580 2711 3789 2778 ἑωσφό-

2226 2822 2245 2855 ι
2285 2821 2377 2877 ρου
2402 2804 2506 2856 ὑπὸ
2527 2802 2620 2855 τοῦ
2647 2805 2921 2875 προφήτου
2944 2803 3107 2857 Δαὸὶδ
3127 2804 3350 2867 εἰκότως
3377 2802 3788 2874 ὀνομασθέντος,

2226 2912 2244 2945 ι
2282 2895 2380 2947 οὐκ
2404 2894 2482 2947 έτι
2509 2891 2784 2963 ζητεῖσθαι
2804 2894 3009 2948 δίκαιον
3029 2895 3120 2947 τὸν
3145 2895 3435 2966 ἑωσφόρον,
3462 2895 3545 2958 τίς
3566 2894 3629 2966 δή
3658 2911 3789 2947 ποτε

2226 3006 2244 3038 ι
2279 2986 2353 3039 ὣν
2378 2982 2529 3051 οὗτος
2552 2988 2836 3058 τυγχάνει·
2874 2982 3029 3052 οὗτος
3052 2988 3159 3060 γὰρ
3196 2984 3264 3059 ἦν
3296 2991 3324 3041 6
3348 2987 3645 3058 τηνικαῦτα
3683 3004 3791 3056 φα-

2225 3095 2244 3129 ι
2281 3078 2390 3142 νεὶς
2424 3079 2596 3150 ἀστὴρ
2620 3079 2755 3149 (75),
2790 3081 2818 3131 6
2845 3079 3023 3151 φέρων
3047 3096 3107 3132 τε
3138 3080 3231 3132 καὶ¹
3258 3078 3429 3150 δηλῶν
3458 3081 3555 3151 τὴν
3575 3081 3790 3153 ἡμέραν

2227 3188 2246 3221 ι
2284 3174 2395 3234 τοῖς
2428 3172 2621 3241 μάγοις
2657 3171 2787 3242 (76).
2818 3172 3084 3244 Πρόδηλον
3110 3169 3202 3226 οὖν
3225 3173 3305 3236 τὸ,
3330 3174 3448 3241 Πρὸ
3479 3174 3787 3242 ἑωσφόρον

2228 3276 2246 3309 t
2281 3259 2577 3328 ἐγέννησά
2595 3277 2690 3325 σε,
2717 3261 2822 3315 ὑπὸ
2849 3262 2939 3315 τοῦ
2969 3263 3401 3335 παντοκράτορος
3430 3264 3675 3336 εἰρῆσθαι
3690 3267 3789 3317 Δε-

2226 3366 2245 3400 ι
2283 3350 2498 3414 σπότου,
2524 3354 2650 3423 περ).
2673 3352 2765 3405 τοῦ
2787 3353 2875 3406 διὰ
2895 3355 2994 3424 τῆς
3021 3354 3293 3427 Παρθένου
3314 3356 3660 3426 γεννηθέντος
3686 3357 3786 3409 σὺν

2228 3445 2345 3513 «τῇ
2376 3442 2688 3516 ἀνθρωπίνῃ
2730 3447 2892 3517 σαρκὶ
2926 3447 3121 3514 Λόγου,
3150 3446 3334 3516 σαφῶς
3359 3448 3453 3500 καὶ
3498 3447 3653 3500 τοῦτο
3686 3448 3784 3501 τοῦ

2227 3551 2245 3584 ι
2286 3533 2614 3602 Εὑαγγελίου
2650 3521 3026 3607 σημαίνοντος,
3051 3538 3315 3609 πρότερον
3346 3540 3443 3608 μὲν
3473 3540 3561 3592 τὸν
3578 3540 3785 3592 Δεσπό-

2228 3641 2246 3675 ι
2284 3640 2384 3695 την
2416 3624 2569 3695 ἡμῶν
2600 3625 2689 3679 διὰ
2717 3627 2814 3696 τῆς
2849 3628 3124 3698 Παρθένου
3158 3628 3428 3699 τετέχθαι,
3474 3628 3695 3700 ὕστερον
3726 3630 3783 3683 δὲ

2228 3733 2246 3766 ι
2281 3714 2374 3768 τόν
2408 3717 2612 3789 ἀστέρα
2644 3720 2896 3790 φανῆναι,
2930 3721 3020 3774 τὸν
3052 3722 3149 3791 τὴν
3185 3724 3394 3794 ἡμέραν
3420 3722 3718 3776 δεικνύντα.
3759 3743 3777 3775 ι

2235 3808 2356 3863 Ἐπὶ
2385 3808 2592 3875 τούτοις
2617 3813 2818 3883 προῖὼν
2846 3812 3005 3879 αὖθις
3030 3815 3286 3884 ἐπιλέγει·
3325 3836 3342 3869 ι
3362 3815 3595 3886 Είληφεν
3622 3817 3731 3888 γὰρ
3754 3818 3784 3868 6

2227 3919 2247 3953 ι
2283 3902 2563 3974 ἄνθρωπος
2592 3906 2651 3957 ού
2704 3908 2862 3975 μόνον
2899 3909 2995 3978 τὴν
3041 3909 3133 3961 ἐπὶ
3168 3909 3270 3979 γῆς
3300 3908 3406 3962 τῶν
3446 3912 3782 3980 πραγμάτων

2227 4011 2245 4044 ι
2287 3993 2550 4061 ἐξουσίαν,
2584 3996 2720 4050 ἀλλά
2755 4000 2847 4051 καὶ
2880 3998 2985 4052 τῶν
3018 4002 3075 4053 ὲν
3108 4001 3372 4071 οὐρανοῖς.
3407 4001 3680 4064 Εἰκότως·
3732 4002 3780 4054 ει

2227 4103 2245 4136 ι
2288 4087 2395 4157 γὰρ
2421 4089 2509 4141 ὅτε
2543 4090 2637 4142 καὶ
2669 4089 2951 4161 ἄνθρωπος
2987 4092 3223 4160 ἐγένετο,
3256 4094 3348 4146 καὶ
3386 4094 3607 4165 μεσίτης
3646 4093 3779 4147 Θεοῦ

2228 4200 2247 4229 ι
2288 4180 2382 4231 καὶ
2411 4178 2730 4251 ἀνθρώπων,
2765 4181 2885 4233 τότε
2929 4183 3007 4245 εἰς
3039 4184 3197 4237 αὐτὸν
3232 4184 3450 4255 ἐκτίσθη
3482 4185 3552 4238 τά
3586 4186 3777 4249 πάντα,

2227 4289 2245 4320 ι
2288 4270 2362 4332 ὠς
2392 4270 2493 4342 ἔφη
2517 4274 2545 4325 6
2584 4272 2917 4336 Ἀπόστολος,
2946 4274 3015 4327 τά
3038 4291 3097 4326 τε
3125 4276 3182 4326 ὲν
3206 4275 3450 4345 οὐρανοῖς
3476 4276 3569 4328 καὶ
3600 4277 3670 4329 τὰ
3691 4277 3780 4329 ἐπὶ

2226 4380 2245 4411 ι
2284 4361 2386 4432 γῆς
2411 4363 2700 4417 ἀκόλουθόν
2728 4366 2875 4418 ἔστιν
2916 4366 3158 4438 ἀκριϐῶς
3185 4368 3491 4435 γινώσκειν,
3520 4369 3604 4422 ὅτι
3628 4367 3778 4433 ἐξου-

2514 4482 2555 4519 "
2577 4480 2768 4551 Philip.
2796 4498 2854 4550 ιι,
2886 4482 2938 4537 7.
3043 4483 3087 4514 ²⁰
3122 4481 3257 4538 Gen.
3296 4498 3336 4548 ι,
3370 4483 3458 4541 26.
3568 4484 3611 4515 “
3640 4482 3775 4537 Psal.

631 4764 742 4846 (7_l)
767 4765 889 4846 Ἵνα
917 4764 1014 4819 διὰ
1035 4766 1137 4819 τοῦ
1161 4764 1438 4846 ᾀοράζοο.
1457 4768 1526 4846 At
1546 4768 1997 4846 hocimpossibile
2017 4783 2118 4846 est.

2227 4786 2337 4829 tum
2364 4778 2416 4829 in
2449 4775 2619 4829 lucem
2650 4775 2993 4833 Servatorem
3024 4778 3369 4846 apparuerit?
3408 4777 3597 4832 statuit
3636 4780 3774 4832 enim

560 4845 613 4890 et
641 4836 928 4888 absurdum
957 4848 1011 4889 ut
1046 4837 1446 4903 perinvisibile,
1478 4839 1686 4892 visibile
1718 4836 1997 4897 cernatur.
2030 4842 2119 4897 Li-

561 4906 789 4979 brarius
805 4919 915 4957 rem
936 4916 1030 4979 _et_
1056 4907 1238 4979 verba,
1267 4910 1617 4979 transposuit.
1665 4909 1993 4979 Legendum,
2030 4913 2119 4967 ἵνα

558 4974 748 5051 διάτοῦ
770 4972 964 5051 ὁρατοῦ
987 4975 1046 5026 τὸ
1074 4974 1299 5051 ἀόρατον
1330 4972 1606 5051 φαίνηται.
1630 4972 1944 5051 Μ.έ-Ροιί“ο
1963 4972 2118 5051 vulgo

560 5045 770 5116 ἀληθῶς
795 5044 893 5117 ,τοῦ
920 5046 1039 5117 ἀορ.
1075 5044 1211 5117 θέει
1238 5045 1422 5113 ὡφειλ.
1466 5044 1520 5101 et
1553 5048 1663 5117 ἐγὼ
1705 5051 1798 5103 καὶ
1836 5067 1896 5103 π.
1941 5061 1995 5106 et
2033 5044 2118 5106 τῖν

561 5124 672 5187 (γρ.
702 5115 809 5187 τινί
834 5115 962 5184 Mp.)
991 5115 1230 5187 δυνατόν.

630 5185 743 5254 (72)
776 5186 943 5255 Vulgo
974 5185 1093 5237 καθ’
1121 5188 1209 5255 ὀμ.

632 5255 743 5326 (75)
774 5254 964 5328 Εὶκῴν
982 5257 1111 5308 ἐστι
1134 5254 1370 5328 μικρόν.
1408 5255 1637 5325 Legend.
1668 5258 1837 5312 ἔσται.
1873 5260 2113 5328 Prophe-

562 5328 666 5381 tice
685 5328 825 5381 enim
850 5327 1049 5380 dictum
1083 5330 1247 5379 voluit
1276 5329 1324 5379 in
1346 5326 1649 5381 Proverbiis
1678 5331 1818 5383 istud
1852 5346 1866 5382 :
1895 5326 2033 5387 unde
2061 5345 2116 5387 et

561 5397 900 5453 Salomonem
924 5405 1078 5448 vocat
1101 5399 1414 5464 prophetam
1442 5397 1605 5450 Mont.
1645 5398 1717 5451 Μ.

631 5465 742 5536 (74)
777 5465 941 5534 Vulgo
962 5464 1107 5533 λέγει
1126 5465 1180 5518 δὲ
1203 5466 1349 5536 ὀὕτω
1375 5478 1426 5519 et
1448 5466 1729 5535 δηλοῦντος
1761 5468 1853 5521 τοῦ
1888 5469 2009 5523 ἀστ.

631 5532 741 5605 (75)
780 5536 843 5588 ‘0
872 5532 1210 5606 τηνικαῦτώ
1234 5542 1441 5605 φανείς
1475 5532 1686 5606 ἀστήρ.
1718 5540 1859 5593 Nova
1894 5551 1976 5594 est
2000 5543 2112 5595 haec

562 5603 957 5677 interpretatio,
1014 5603 1318 5677 Luciferum
1360 5610 1411 5661 in
1467 5603 1749 5677 psalfcrx.
1800 5624 1921 5663 esse
1966 5611 2109 5663 illam

560 5674 794 5747 stellam,
819 5676 1071 5747 quia‘viw
1098 5676 1203 5729 dux
1243 5678 1416 5733 fuerat
1448 5674 1617 5747 magis
1653 5682 1717 5732 ad
1754 5679 2023 5733 Christum
2057 5680 2107 5732 in

560 5741 891 5817 Bethlehem.
935 5744 1083 5810 Quod
1132 5751 1347 5804 omnino
1390 5741 1726 5817 supponit'ut
1769 5758 2003 5812 certum,
2057 5749 2109 5803 id

560 5813 703 5881 quod
732 5823 974 5870 versatur
1002 5817 1055 5871 in
1086 5820 1396 5887 quaestione,
1442 5813 1511 5872 an
1540 5819 1692 5875 stella
1720 5819 1809 5875 illa
1842 5828 1966 5874 ante
1994 5820 2111 5875 edi.

2220 4847 2307 4900 hic
2338 4846 2667 4914 apparuisse.
2700 4875 2770 4888 --
2799 4847 2869 4899 Μ.
2907 4848 3034 4902 Dein
3070 4848 3227 4916 vulgo
3260 4848 3432 4917 δηλῶν
3468 4848 3575 4917 ἡμέ
3655 4869 3702 4902 ν.

2291 4916 2402 4970 (76)
2432 4914 2556 4970 Τοῖς
2576 4914 2816 4970 Μάγοις.
2850 4918 3010 4970 Ouasi
3054 4917 3205 4970 stella
3237 4918 3507 4970 Magorum
3538 4866 3702 4970 “facit:

2291 4916 2402 4987 (76)
2432 4914 2556 4981 Τοῖς
2576 4914 2816 4986 Μάγοις.
2850 4918 3010 4983 Quasi
3054 4914 3205 4971 stella
3237 4914 3625 4986 llla'gorun‘u'ilia
3652 4922 3775 4971 Inis-

2220 4997 2305 5057 set
2334 4987 2604 5057 ordinaria
2636 5003 2651 5038 :
2680 5001 2790 5052 aut,
2824 4989 2963 5055 quod
2996 4989 3129 5057 ipse,
3160 4989 3308 5041 solus
3333 4988 3519 5051 credo,
3551 4989 3627 5041 ait
3652 5003 3773 5057 cum

2217 5055 2476 5125 Gregorio
2508 5056 2766 5124 Nysseno,
2810 5059 2991 5111 caeteri
3018 5055 3214 5111 omnes
3244 5060 3595 5113 dissentiunt.
3629 5056 3773 5109 Nun-

2217 5141 2376 5194 quam
2408 5125 2550 5178 enim
2601 5128 2748 5192 prius
2779 5128 2912 5190 visa,
2941 5142 3038 5180 nec
3081 5128 3147 5179 ab
3194 5142 3258 5181 eo
3299 5137 3559 5196 tempore,
3593 5128 3775 5181 obser-

2217 5207 2338 5247 vata
2369 5195 2510 5263 quod
2538 5206 2679 5247 niotu
2712 5208 2852 5249 mota
2885 5214 2934 5250 In
2965 5212 3172 5266 gyrum.
3214 5195 3433 5251 horsum
3467 5213 3676 5252 versum
3713 5196 3774 5248 ad

2216 5266 2575 5336 occidentem.
2632 5267 2783 5330 Quod
2831 5267 3060 5320 interdiu
3121 5270 3256 5327 visa.
3307 5270 3448 5336 quod
3490 5266 3774 5335 aliquando

2253 5348 2314 5387 er
2333 5334 2458 5405 dies
2486 5338 2745 5405 quosdam
2785 5336 3050 5389 occultata
3074 5355 3087 5390 :
3120 5339 3260 5405 quod
3287 5334 3374 5390 uni
3405 5338 3564 5392 alicui
3584 5334 3662 5389 de
3690 5351 3773 5388 re-

2241 5402 2378 5470 iquis
2408 5404 2597 5474 stellis,
2648 5404 2763 5457 sine
2809 5406 3068 5471 miraculo
3100 5402 3208 5461 non
3244 5410 3415 5474 potuit
3443 5407 3771 5473 contingere,

2216 5482 2306 5525 aut
2329 5473 2527 5525 uthnic
2558 5474 2767 5527 muneri
2790 5484 2844 5528 et
2875 5476 3049 5529 oIIicio
3074 5473 3377 5531 inserviret.
3417 5478 3535 5529 Ideo
3560 5475 3773 5542 quidam

2218 5554 2483 5614 cometam
2514 5543 2661 5595 aiunt
2679 5561 2690 5595 :
2709 5544 2798 5597 alii
2815 5546 3081 5614 angelum,
3108 5546 3368 5614 Spiritum
3389 5543 3771 5614 sanctumAalii,

2217 5610 2306 5663 alii
2336 5626 2515 5664 veram
2537 5614 2766 5679 stellam,
2800 5610 2967 5667 sed'in
3005 5610 3230 5669 nihilqu
3260 5617 3572 5670 resolutam.
3612 5611 3678 5665 Μ.
3708 5638 3775 5649 -ο

2217 5680 2539 5759 Infravulgo
2560 5682 2837 5759 ἐκτίσθαιὲ
2861 5684 3166 5759 Βᾼέγξισται
3189 5686 3517 5759 ;deinvulgo
3540 5683 3631 5759 έπὶ
3654 5680 3771 5759 γῆξ.

2217 5749 2561 5872 (ἂλλέγῃςθι.
2604 5752 2832 5836 διὰιτοῦ
2886 5754 3020 5809 Θεοῦ
3080 5749 3196 5812 είλ.
3226 5767 3281 5811 et
3336 5749 3637 5827 ὑπερόολὴν
3681 5749 3771 5820 τῆς

2218 5836 2329 5886 φιΛ.
