3970 6510
288 438 399 497 809

1414 441 1699 498 CONTRA
1735 436 2163 498 MARCELLUM
2205 441 2332 499 LIB.
2372 444 2436 499 II.

3423 446 3525 506 8l0

293 575 316 609 1
359 556 451 611 σία
479 554 543 608 οὐ
578 553 737 626 μόνον
764 556 869 607 τῶν
900 553 991 608 ἐπὶ
1024 555 1148 627 γῆς,
1183 557 1351 628 αὐτῷ,
1384 559 1517 613 ἀλλά
1547 562 1641 614 καὶ
1667 562 1774 613 τῶν
1805 563 1863 615 ἐν

1977 580 1991 615 ι
2037 563 2105 617 de
2159 560 2378 631 Virgine
2436 562 2722 619 Dominum
2782 576 3028 622 nostrum
3078 574 3427 637 generatum,
3475 578 3535 630 et

291 667 315 703 1
356 649 607 723 οὐρανοῖς
631 646 860 701 δέδοται.
908 648 1017 701 Καὶ
1064 645 1217 712 αὖθις
1261 649 1377 720 μεθ’
1420 651 1583 723 ’ἐτερα
1625 654 1821 722 ἐπάγει
1847 672 1862 687 ο

290 755 314 789 1
352 737 417 791 Εἰ
453 736 562 807 γὰρ
589 736 717 807 περί
747 754 891 801 τινος
921 738 1077 810 δόξης
1122 739 1368 811 δοθείσης
1408 744 1556 815 αὐτῷ
1585 745 1735 816 παρά
1770 746 1865 799 τοῦ

292 848 315 884 1
348 830 566 901 Πατρός
609 830 669 884 τὺ
701 831 845 902 ἱερὸν
887 832 1217 901 Εὑαγγέλιον
1265 833 1435 903 λέγει,
1482 836 1682 908 ταύτην
1710 840 1737 890 6
1769 838 1865 892 ἀν-

291 940 317 975 1
346 921 570 993 Operm;
600 920 686 987 διά
710 920 805 973 τοῦ
834 915 1005 989 Λόγου
1046 917 1283 993 εἰληφὼς
1314 920 1588 992 φαίνεται.
1626 924 1867 997 Μεσίτης

290 1030 315 1065 1
352 1011 463 1081 γὰρ
501 1011 807 1081 γενόμενος,
839 1011 981 1065 κατά
1024 1009 1114 1066 τὸν
1152 1011 1293 1084 ἱερὸν
1350 1013 1689 1079 Ἀπόστολον,
1732 1016 1866 1070 Θεοῦ

289 1122 315 1155 1
357 1118 419 1155 τε
449 1102 543 1156 καὶ
571 1099 893 1171 ἀνθρώπων,
926 1103 990 1172 τῇ
1023 1101 1234 1171 δοθείσῃ
1274 1102 1423 1173 αὐτῷ
1456 1104 1605 1172 παρά
1633 1103 1725 1157 τοῦ
1755 1105 1868 1158 Ila-

291 1210 316 1245 1
355 1192 485 1264 τρδς
530 1192 656 1264 δόξῃ
696 1193 820 1256 τοὺς
834 1191 1135 1267 ,θεοσεϐεῖς
1172 1194 1419 1259 ἐδόξασεν
1466 1192 1801 1267 ἀνθρώπους.
1842 1213 1861 1247 1

285 1253 405 1338 Kal:
435 1253 961 1354 πάλινἾπροστίδησι
1000 1253 1188 1338 ταῦτα’
1225 1303 1244 1335 1
1269 1253 1393 1338 *Καὶ
1421 1253 1619 1356 ἠξίωσε
1649 1288 1740 1340 τὸν
1763 1253 1869 1339 ⁷πε·-

291 1395 315 1428 1
357 1376 521 1429 σόντα
545 1376 634 1430 διὰ
656 1377 758 1446 τῆς
799 1379 1083 1448 παρακοῆς
1111 1376 1394 1457 ἄνθρωπον
1432 1380 1511 1450 τῷ
1550 1380 1741 1434 ἑαυτοῦ
1780 1380 1867 1435 διὰ

292 1487 318 1521 1
347 1470 449 1541 τῆς
476 1469 755 1540 Παρθένου
791 1470 1125 1541 ωναφθῆναι
1155 1471 1329 1541 Λόγῳ.
1368 1472 1502 1525 Ποία
1530 1472 1636 1544 γὰρ
1670 1476 1727 1526 ἐν
1770 1474 1868 1527 ἀν·-

292 1577 317 1611 1
357 1558 599 1631 θρώποις
647 1560 811 1631 ἑτέρα
845 1558 1043 1631 μείζων
1071 1560 1197 1625 δόξα
1240 1560 1435 1629 γένοιτ’
1466 1562 1531 1615 ἂν
1576 1564 1675 1633 τῆς
1712 1563 1868 1634 δόξης

292 1670 316 1705 1
352 1651 597 1723 ταύτης;
629 1652 812 1705 Εἰπὼν
835 1652 912 1717 δὲ,
941 1654 1041 1716 ὅτι,
1074 1653 1337 1719 ἐδόξασά
1362 1672 1455 1721 σε,
1488 1657 1737 1729 ἐπιφέρει
1778 1657 1867 1709 λέ-

291 1762 315 1798 1
350 1760 465 1814 των
487 1761 501 1773 ·
528 1744 627 1797 καὶ
652 1744 839 1799 aut?
864 1745 1124 1813 δοξάσω,
1154 1748 1239 1801 ἵνα
1264 1749 1330 1801 δι’
1362 1750 1663 1822 ὑπερϐολὴν
1690 1749 1869 1820 φιλαν-

292 1855 315 1889 1
352 1836 622 1909 θρωπίας,
666 1839 725 1890 ἐν
763 1842 827 1910 τῇ
876 1838 1014 1909 μετά
1046 1841 1143 1909 τὴν
1189 1841 1482 1895 ἀνάστασιν
1528 1843 1627 1914 τῆς
1666 1836 1867 1914 σαρκὸς

293 1946 313 1980 1
348 1906 580 1999 δευτέρᾳ
602 1928 728 2001 δόξῃ
769 1906 859 1982 τόν
877 1906 1155 2001 πρότερον
1188 1930 1380 2001 θνητὸν
1424 1906 1709 2004 ἄνθρωπον
1737 1906 1870 1986 ἀθάε
1899 1906 1942 1962 Β

292 2038 313 2071 1
351 2037 515 2074 νατον
530 2020 932 2091 ἀπεργάσηται,
950 2023 1042 2074 καὶ
1064 2022 1299 2095 τοσαύτῃ
1322 2024 1479 2077 αὑτὸν
1502 2022 1697 2096 δοξάσῃ
1722 2023 1867 2096 δόξῃ,

292 2130 312 2163 1
355 2110 499 2164 ὥστε
539 2111 612 2182 μὴ
648 2112 805 2182 μόνον
839 2113 1000 2165 αὑτὸν
1032 2114 1133 2184 τῆς
1168 2115 1440 2185 προτέρας
1486 2114 1869 2187 ἀπαλλαγῆναι

293 2219 313 2252 1
351 2200 620 2265 δουλείας,
650 2202 783 2256 ἀλλά
811 2204 908 2256 καὶ
942 2205 1041 2275 τῆς
1075 2206 1217 2278 ὑπὲρ
1249 2206 1533 2277 ἄνθρωπον
1570 2206 1869 2277 ἀξιωθῆναι

292 2312 313 2346 1
350 2294 533 2365 δόξης.
572 2314 591 2347 1
630 2296 738 2348 Καὶ
771 2292 927 2360 αὖθις
952 2298 1214 2367 ἐπιλέγειο
1252 2317 1271 2351 1
1300 2300 1438 2364 Ἵνα,
1466 2300 1540 2364 ὡς
1568 2300 1723 2373 ἔφην,
1765 2302 1871 2355 ὑπὸ

294 2402 315 2436 1
354 2384 451 2438 τοῦ
483 2385 730 2439 διαϐόλου
760 2388 1112 2459 ἀπατηθέντα
1144 2390 1408 2462 πρότερον
1444 2390 1535 2445 τὸν
1564 2393 1869 2465 ἄνθρωπον,

294 2495 315 2529 1
354 2476 523 2531 αὐτὸν
544 2474 699 2543 αὖθις
723 2484 942 2552 νικῆσαι
968 2482 1057 2535 τὸν
1080 2482 1322 2538 διάϐολον
1345 2486 1873 2559 παρασκευάσῃ.Διά

296 2587 317 2620 1
351 2568 514 2622 τοῦτο
533 2570 791 2643 ἀνείληφε
808 2573 903 2625 τὸν
934 2572 1242 2645 ἄνθρωπον,
1258 2576 1344 2630 ἵνα
1365 2576 1670 2641 ἀκολούθως
1682 2577 1872 2633 τοῦτον

295 2681 317 2714 1
356 2662 614 2734 ἀπαρχὴν
638 2665 738 2735 τῆς
764 2664 1011 2729 ἐξουσίας
1035 2667 1366 2738 παραλαϐεῖν
1398 2670 1810 2743 παρασκευάσῃ.
1846 2690 1865 2725 1

290 2753 405 2807 Καὶ
431 2754 787 2826 προστίθησιν
817 2755 892 2808 ἔτι
925 2756 1117 2825 λέγων·
1150 2776 1168 2809 1
1200 2754 1365 2821 Οὗτος
1391 2758 1498 2829 γάρ
1526 2761 1671 2812 ἐστιν
1695 2761 1721 2812 ό
1744 2761 1874 2830 ἀγα-

296 2864 317 2898 1
356 2844 527 2917 πητδς
549 2880 564 2909 ,
608 2849 637 2900 6
670 2846 749 2917 τῷ
779 2848 936 2919 Λόγῳ
970 2848 1189 2913 ἐνωθεὶς
1222 2849 1526 2921 ἄνθρωπος,
1574 2852 1703 2923 περὶ
1740 2847 1800 2908 οὗ
1843 2854 1871 2906 6

296 2957 317 2990 1
360 2938 752 3011 εὐαγγελιστὴς
791 2940 929 3011 ἔφη’
982 2937 1169 3008 Οὗτός
1215 2943 1386 2995 ἐστιν
1433 2946 1465 2995 ό
1515 2944 1645 3007 Υἱός
1686 2961 1804 3013 μου
1839 2947 1873 2998 ὁ

296 3050 317 3085 1
356 3031 686 3101 ἀγαπητὸς,
708 3034 777 3086 ἐν
806 3027 853 3099 ᾦ
880 3033 1204 3102 εὐδόκησα.
1237 3054 1255 3086 1
1278 3036 1386 3088 Kal.
1415 3032 1568 3099 αὖθις
1600 3036 1867 3107 ἐπιφέρειο

296 3136 319 3171 1
360 3118 483 3172 Ὀτι
516 3122 544 3172 6
566 3116 736 3188 Λόγος
764 3121 855 3174 τοῦ
889 3122 1121 3193 ἀοράτου
1151 3122 1286 3177 Θεοῦ
1332 3124 1418 3177 διά
1453 3125 1729 3196 Παρθένου
1759 3127 1870 3197 (77)

296 3225 318 3261 1
356 3208 718 3278 τεχθήσεσθαι
765 3209 978 3281 ἔμελλε,
1012 3211 1104 3264 καὶ¹
1136 3210 1233 3283 τὴν
1272 3212 1617 3283 ἀνθρωπίνην
1667 3212 1869 3283 ἀναλή-
1897 3245 1940 3308 s

296 3317 317 3351 1
352 3299 548 3370 ψεσθαι
575 3300 772 3373 σάρκα.
803 3304 911 3355 Καὶ
939 3304 1024 3356 ἵνα
1047 3301 1298 3373 διἀύτῆς
1328 3305 1420 3357 τὸν
1454 3305 1715 3376 πρότερον
1742 3323 1872 3359 κατ-

295 3408 318 3442 1
365 3391 658 3462 ισχύσαντα
718 3392 808 3446 τοῦ
858 3393 1147 3465 ἀνθρώπου
1207 3394 1449 3448 διάϐολον
1502 3396 1873 3464 καταγωνισά-

294 3498 319 3534 1
360 3497 541 3552 μενος,
570 3484 643 3555 μὴ
676 3486 835 3554 μόνον
868 3485 1144 3558 ἄφθαρτον
1170 3486 1333 3540 αὐτὸν
1366 3488 1459 3540 καὶ
1490 3488 1756 3542 ἀθάνατον
1788 3503 1875 3557 γε-

295 3590 319 3625 1
353 3572 538 3627 νέσθαι
572 3578 991 3650 παρασκευάσῃ,
1023 3578 1157 3631 ἀλλά
1190 3580 1283 3632 καὶ⁵
1316 3578 1602 3651 σύνθρονον
1629 3582 1685 3631 ἐν
1710 3579 1874 3651 ούρα-

295 3682 319 3714 1
363 3666 469 3726 νοίς
502 3664 580 3736 τῷ
620 3666 757 3737 Θεῷ.
801 3687 820 3719 1
876 3668 1061 3723 Ταῦτα
1089 3669 1145 3722 δὲ
1178 3670 1355 3723 πάντα
1388 3671 1681 3738 ἀναγκαῖον
1739 3686 1874 3723 διατ-

291 3750 441 3823 ύχιιν
466 3755 523 3807 ἐν
553 3756 741 3827 μνήμῃ
759 3756 847 3811 διὰ
870 3757 939 3811 τὰ
970 3758 1229 3829 μέλλοντα
1265 3760 1354 3812 ὑπ’
1380 3760 1544 3813 αὑτοῦ
1571 3760 1679 3830 (78)
1711 3756 1876 3832 Map—

292 3844 487 3899 κέλλου
523 3849 662 3902 κατὰ
705 3852 801 3919 τῆς
850 3851 1069 3921 σαρκὸς,
1107 3847 1175 3923 ἦς
1212 3851 1501 3923 ἀνείληφεν
1530 3854 1558 3904 6
1598 3850 1691 3904 τοῦ
1736 3848 1871 3910 Θεοῦ

250 4008 257 4013 ,
291 3937 487 4006 Λόγος,
530 3938 916 4011 προφέρεσθαι.
982 3942 1068 4004 Ὠς
1099 3942 1205 4013 γὰρ
1246 3942 1633 4013 ἀμνημονήσας
1670 3944 1873 3997 τούτων

292 4031 551 4084 ἁπάντων
580 4026 656 4085 ὧν
701 4032 934 4098 ἐξέθετο,
974 4032 1125 4098 τέλος
1157 4034 1257 4087 οὐκ
1296 4035 1468 4089 αἴσιον
1512 4036 1618 4089 οὐδ’
1652 4037 1872 4102 εὐσεϐὲς

291 4122 493 4190 ἐπάγει
534 4123 613 4193 τῷ
654 4125 907 4194 σωτηρίῳ
943 4124 1173 4196 σώματι.
1216 4126 1360 4197 Πρὸς
1403 4127 1611 4191 τούτοις
1646 4129 1869 4193 ἅπασιν,

292 4214 486 4285 ὥσπερ
517 4217 626 4270 τῶν
673 4218 954 4288 προτέρων
1004 4218 1152 4288 αὐτῷ
1188 4220 1650 4291 κατωρθωμένων,
1684 4223 1873 4293 πειρᾶ-

290 4319 388 4364 τιι
410 4305 681 4360 δεικνύναι
718 4309 812 4361 καὶ
839 4308 919 4371 τὸ,
953 4312 985 4361 ὀ
1017 4310 1229 4377 Κύριος
1259 4312 1672 4375 ἐϐασίλευσεν,
1692 4311 1874 4382 ἀγαλ-

291 4401 524 4454 λιάσθω
550 4400 589 4466 ἡ
630 4398 726 4469 γῆ,
762 4402 841 4465 είς
869 4401 965 4472 τὴν
1006 4402 1182 4474 σάρκα
1208 4403 1591 4475 ἀναφέρεσθαι.
1623 4404 1783 4473 Λέγει
1815 4405 1874 4460 δὲ

292 4490 488 4554 οὕτως’
525 4512 543 4543 1
589 4492 647 4545 '0
679 4492 809 4561 γοῦν
856 4494 1120 4557 καταϐὰς,
1169 4495 1260 4548 καὶ
1300 4496 1398 4567 τὴν
1434 4496 1609 4567 σάρκα
1645 4494 1732 4548 διὰ
1774 4496 1873 4568 τῆς

1972 670 1992 705 1
2041 652 2301 720 deinceps
2340 661 2513 706 ortum
2561 653 2725 709 fuisse
2772 655 3055 712 luciferum
3085 657 3174 726 qui
3207 658 3349 713 diem
3391 660 3534 718 indi-

1973 763 1992 796 1
2037 755 2185 800 caret
2248 744 2350 817 [Β.
2388 745 2594 818 XCIV].
2628 765 2646 799 1
2694 746 3016 817 Progressus
3074 750 3251 804 adhuc
3303 752 3532 813 ulterius

1967 835 2071 891 ista
2125 836 2408 905 loquitur:
2446 854 2464 888 1
2499 835 2748 908 Suscepit
2794 841 2938 894 enim
2982 842 3142 897 homo
3187 861 3291 900 non
3356 847 3532 905 solum

1972 945 1991 979 1
2035 937 2357 997 potestatem
2404 942 2585 982 rerum
2627 943 2816 984 earum
2862 944 2979 999 qua:
3022 931 3075 985 in
3116 943 3258 989 terra
3292 935 3528 1005 fuerant,

1972 1035 1992 1070 1
2037 1018 2131 1074 sed
2168 1029 2223 1074 et
2260 1019 2425 1074 etiam
2457 1033 2578 1089 qua:
2616 1019 2668 1073 in
2711 1020 2885 1075 cmlis.
2912 1018 3020 1077 Nec
3066 1023 3284 1092 injuria.
3317 1026 3452 1083 Nam
3484 1027 3532 1085 si

1972 1128 1993 1163 1
2039 1120 2151 1165 tum
2201 1127 2322 1166 cum
2386 1112 2547 1167 homo
2606 1112 2780 1178 Ileret,
2833 1122 2888 1167 et
2929 1115 3020 1169 Dei
3067 1119 3332 1173 mediator
3369 1130 3535 1191 atque

1973 1218 1995 1253 1
2040 1200 2345 1267 hominum,
2371 1217 2469 1272 per
2496 1216 2618 1256 eum
2651 1212 2704 1258 et
2748 1203 2799 1257 in
2833 1218 2898 1258 eo
2927 1206 3108 1260 omnia
3138 1221 3319 1264 creata
3352 1220 3533 1277 erant,

1975 1308 1993 1344 1
2039 1301 2097 1345 ut
2122 1292 2318 1346 asserit
2356 1291 2642 1360 Apostolus
2667 1328 2683 1355 ,
2714 1309 2940 1364 quaeque
2984 1296 3038 1350 in
3072 1298 3224 1353 etelis
3270 1310 3445 1364 erant,
3480 1313 3537 1357 et

1975 1400 1995 1434 1
2039 1397 2160 1451 qua:
2194 1383 2247 1436 in
2280 1392 2423 1437 terra
2447 1384 2513 1448 ",
2546 1398 2885 1455 consequens
2924 1398 3006 1441 est
3038 1397 3231 1442 exacte
3256 1391 3535 1446 sciendum

1975 1492 1995 1525 1
2039 1489 2180 1539 esse,
2235 1484 2560 1543 potestatem
2601 1477 2649 1531 ei
2699 1492 3014 1533 concessam
3051 1494 3154 1535 non
3205 1491 3408 1535 tantum
3445 1498 3539 1537 eo-

1976 1583 1995 1618 1
2037 1581 2153 1621 rum
2187 1582 2305 1636 quae
2360 1568 2411 1622 in
2458 1571 2640 1634 terris,
2695 1570 2789 1624 sed
2828 1573 2987 1623 etiam
3027 1579 3080 1624 et
3123 1588 3243 1641 quae
3275 1573 3327 1627 in
3384 1574 3539 1630 ccelis

1975 1676 1993 1709 1
2042 1666 2219 1713 erant.
2277 1659 2335 1714 Si
2395 1658 2635 1729 loquitur
2718 1672 3122 1717 sacrosanctum
3186 1664 3534 1737 Evangelium

1973 1764 1993 1798 1
2040 1747 2107 1801 de
2157 1747 2334 1816 aliqua
2386 1747 2459 1801 illi
2515 1763 2541 1801 a
2588 1745 2751 1803 Patre
2804 1764 3062 1805 concessa
3114 1754 3329 1823 gloria,
3394 1758 3539 1812 hanc

1975 1856 1994 1889 1
2038 1848 2187 1893 certe
2255 1854 2350 1909 per
2404 1838 2569 1893 Deum
2625 1840 2801 1894 homo.
2837 1844 3175 1899 convincitur
3240 1848 3535 1918 accepisse.

1975 1947 1996 1983 1
2042 1930 2241 1985 Factus
2289 1931 2555 2000 siquidem
2584 1970 2602 1997 ,
2665 1942 2725 1988 ut
2775 1943 2997 1989 sanctus
3041 1936 3157 1990 vult
3223 1939 3537 2008 Apostolus,

1976 2040 1996 2075 1
2044 2021 2138 2076 Dei
2174 2022 2441 2075 mediator
2492 2029 2656 2092 atque
2706 2023 3072 2089 hominum",
3118 2026 3263 2081 viros
3307 2029 3424 2097 pios
3474 2043 3539 2083 ea

1977 2132 1995 2166 1
2038 2112 2206 2183 gloria
2236 2112 2574 2182 gloriﬁcavit,
2611 2128 2772 2182 quam
2828 2116 2931 2183 ipsi
2976 2116 3274 2173 donaverat
3306 2119 3485 2175 Pater.
3514 2139 3534 2173 1

1974 2205 2039 2259 Et
2071 2204 2222 2259 addit
2261 2220 2447 2261 rursus
2489 2204 2581 2277 [Β.
2609 2204 2790 2278 XCVI]
2833 2226 2846 2261 :
2887 2226 2906 2258 1
2936 2208 3001 2263 Et
3043 2208 3359 2279 dignitatem
3393 2211 3539 2266 illam

1976 2315 1996 2349 1
2042 2296 2245 2351 homini
2299 2310 2396 2368 per
2450 2308 2733 2366 peccatum
2790 2298 2941 2369 lapso
2995 2301 3301 2364 concessit,
3345 2310 3405 2355 ut
3444 2317 3541 2356 suo

1978 2407 1998 2442 1
2046 2389 2219 2457 ipsius
2246 2389 2423 2443 Verbo
2451 2404 2547 2459 per
2572 2388 2847 2459 Virginem
2881 2392 3146 2447 uniretur.
3183 2391 3367 2461 Ecqua
3396 2393 3541 2447 enim

1977 2497 1999 2534 1
2042 2481 2147 2535 alia
2190 2481 2359 2535 hacce
2404 2481 2580 2551 major
2612 2481 2783 2550 gloria
2823 2483 2969 2537 inter
2998 2468 3545 2554 hontines'praedica-

1978 2591 1998 2625 1
2048 2572 2171 2626 tur?
2196 2572 2330 2627 Cum
2368 2571 2595 2629 dixisset
2624 2573 2917 2643 gloriﬁcan
2939 2586 3007 2637 te,
3040 2573 3226 2640 infert,
3257 2584 3308 2629 et
3348 2576 3542 2630 item:

1978 2682 1998 2716 1
2044 2664 2423 2734 gloriﬁcabo“
2469 2674 2577 2719 :ut
2637 2680 2702 2719 ex
2761 2664 3024 2721 immensa
3084 2682 3180 2720 sua
3234 2667 3545 2722 misericor-

1980 2774 1999 2808 1
2046 2757 2171 2823 dia,
2240 2757 2294 2811 in
2349 2758 2585 2811 secunda
2648 2764 2772 2826 post
2838 2757 3021 2811 carnis
3086 2757 3543 2812 resurrectionem

1980 2866 1999 2900 1
2048 2849 2251 2919 gloria,
2335 2849 2612 2903 hominem
2694 2848 2845 2919 prius
2928 2847 3210 2902 mortalem
3292 2849 3546 2903 redderet

1980 2959 1998 2993 1
2043 2939 2431 3009 immortalem,
2461 2951 2516 2995 et
2547 2949 2694 2995 tanta
2724 2939 2873 2994 illum
2902 2938 3071 3009 gloria
3105 2938 3457 3006 gloriﬁcaret,
3479 2945 3538 3002 >11

1981 3049 2000 3084 1
2042 3041 2099 3086 ut
2118 3047 2221 3086 non
2241 3033 2399 3086 modo
2432 3033 2694 3086 servitute
2717 3030 2881 3101 priori
2911 3030 3168 3084 liberetur
3191 3069 3205 3093 ,
3233 3030 3323 3083 sed
3356 3030 3545 3101 majori

1980 3142 1998 3175 1
2042 3123 2208 3194 gloria
2248 3125 2512 3178 vestiatur
2542 3137 2705 3194 quam
2742 3122 2919 3192 capiat
2950 3120 3130 3174 homo.
3154 3139 3173 3172 1
3226 3120 3289 3173 Et
3324 3120 3544 3186 iterum,

1976 3216 2066 3290 [Β.
2089 3215 2325 3288 XCVII]:
2350 3236 2367 3267 1
2392 3216 2457 3271 Ut
2482 3216 2751 3270 hominem
2769 3213 2915 3267 illum
2936 3214 3081 3284 prius
3098 3230 3126 3266 a
3150 3211 3362 3266 diabolo
3387 3225 3550 3279 supe-

1979 3328 1997 3362 1
2047 3320 2245 3374 ratum,
2302 3306 2796 3363 victorem~diaboli
2837 3305 3212 3359 constitueret.
3259 3302 3543 3358 lIominem

1979 3421 1998 3456 1
2045 3402 2248 3458 idcirco
2274 3403 2329 3455 in
2366 3415 2424 3455 se
2450 3399 2778 3469 assumpsit,
2806 3408 2866 3453 ut
2888 3398 3027 3467 quod
3059 3410 3397 3464 consequens
3421 3393 3544 3459 fuit,

1979 3512 1998 3547 1
2043 3493 2168 3548 huic
2203 3492 2473 3562 primitias
2511 3491 2794 3560 potestatis
2827 3506 2937 3543 sua:
2964 3488 3284 3557 impertiret.
3311 3505 3328 3538 1
3364 3486 3427 3539 Et
3454 3500 3551 3538 an-

1972 3585 2139 3642 nectit
2160 3583 2247 3657 [ιι.
2268 3581 2522 3655 XXXV]:
2549 3600 2568 3634 1
2594 3581 2691 3638 llic
2706 3589 2792 3636 est
2808 3580 2895 3634 ille
2912 3580 3158 3643 dilectus,
3179 3579 3335 3632 homo
3356 3592 3550 3646 nempe

1978 3692 1998 3729 1
2048 3674 2226 3730 Verbo
2272 3674 2526 3728 adunitus
2558 3690 2573 3728 :
2601 3674 2666 3727 de
2711 3686 2819 3742 quo
2860 3670 3099 3740 loquitur
3150 3668 3483 3737 evangelista
3530 3686 3547 3702 ο

1979 3784 1998 3819 1
2045 3767 2143 3822 Hic
2169 3777 2250 3821 est
2282 3760 2451 3821 Filius
2487 3780 2638 3820 meus
2674 3765 2903 3820 dilectus
2936 3763 2987 3816 in
3020 3777 3126 3833 quo
3160 3762 3486 3831 complacui.
3523 3778 3545 3814 ι

1977 3856 2334 3930 Αιίἱιιηςίιμὶ.
2367 3856 2629 3929 XCVIII]:
2656 3875 2674 3908 1
2699 3856 2851 3924 Quod
2882 3854 3113 3910 Verbum
3142 3853 3426 3907 invisibilis
3453 3852 3551 3907 Dei

1980 3966 1997 3998 1
2045 3948 2135 4018 qui
2169 3949 2291 4012 fuit,
2318 3964 2414 4018 per
2454 3945 2727 4017 Virginem
2767 3953 2885 4000 erat
2922 3945 3260 4009 nasciturus,
3308 3952 3364 3995 et
3393 3956 3542 3995 sum-

1978 4056 1998 4091 1
2041 4049 2232 4106 pturus
2278 4039 2572 4094 humanam
2632 4053 2893 4101 carnem,
2950 4046 3005 4089 et
3061 4035 3113 4088 in
3167 4033 3253 4086 illa
3279 4031 3547 4086 diabolum

1980 4148 1999 4182 1
2045 4130 2416 4185 debellaturus
2459 4130 2550 4199 qui
2597 4129 2725 4182 olim
2780 4127 3138 4197 praevaluerat
3175 4141 3188 4179 ε
3222 4139 3328 4178 non
3380 4125 3432 4178 in
3484 4138 3552 4180 eo

1979 4239 1998 4272 1
2046 4229 2250 4274 tantum
2293 4221 2435 4289 quod
2484 4219 2630 4273 illum
2666 4218 2974 4271 redditurus
3017 4214 3117 4268 fuit
3166 4214 3553 4283 incorruptibi-

1980 4331 2000 4366 1
2047 4311 2150 4366 lem
2197 4320 2252 4365 et
2285 4308 2671 4376 immortalem,
2715 4310 2808 4364 sed
2862 4307 3052 4361 eodem
3102 4306 3240 4359 solio
3296 4305 3350 4358 in
3398 4305 3553 4360 caelis

1977 4420 1998 4457 1
2044 4417 2166 4457 cum
2205 4402 2314 4457 Deo
2344 4416 2749 4457 consessorum.
2784 4419 2803 4453 1
2853 4398 2990 4453 Sunt
3026 4398 3130 4453 ista
3174 4397 3399 4452 omnino
3436 4411 3552 4451 me-

1975 4497 2145 4550 moria
2192 4494 2493 4556 retinenda,
2544 4502 2761 4562 pr0pter
2792 4491 2883 4546 illa
2912 4504 3033 4560 quae
3071 4489 3328 4558 producet
3365 4487 3553 4543 statim

298 4601 323 4636 1
357 4583 635 4657 Παρθένου
666 4582 1005 4657 προσλαϐὼν,
1042 4586 1348 4656 κατεστάθη
1370 4586 1622 4658 βασιλεὺς
1657 4587 1749 4641 ἐπὶ
1776 4586 1871 4659 τὴν

1978 4588 2207 4659 ipsemet
2262 4586 2594 4653 Marcellus,
2649 4597 2838 4641 contra
2898 4599 3119 4640 carnem
3178 4582 3325 4637 illam
3387 4596 3552 4652 quam

299 4692 322 4728 1
371 4674 719 4745 Ἐκκλησίαν,
745 4674 1005 4746 δηλονότι,
1035 4676 1120 4731 ἴνα
1149 4675 1239 4729 διὰ
1263 4676 1359 4729 τοῦ
1391 4676 1564 4747 Λόγου
1594 4678 1622 4730 6
1647 4679 1746 4748 τῆς
1777 4677 1872 4748 βα-

298 4785 323 4822 1
361 4767 568 4829 σιλείας
608 4765 717 4818 τῶν
752 4766 999 4837 οὐρανῶν
1047 4765 1314 4837 πρότερον
1362 4769 1733 4834 ἐκπεπτωκὼς
1780 4770 1872 4825 ἄν⁶

300 4876 323 4913 1
361 4857 581 4929 θρωπος
614 4856 895 4928 βασιλείας
937 4858 1138 4929 δυνηθῇ
1175 4862 1379 4929 τυχεῖν.
1424 4860 1624 4914 Τοῦτον
1663 4857 1754 4914 οὖν
1783 4861 1873 4915 τὸν

299 4966 323 5004 1
356 4949 640 5021 ἄνθρωπον
667 4948 759 5003 τὸν
786 4950 1072 5020 πρότερον,
1097 4950 1183 5003 διὰ
1211 4950 1306 5021 τὴν
1334 4951 1613 5024 παρακοὴν
1644 4953 1744 5022 τῆς
1779 4954 1873 5024 βα·-

301 5058 323 5092 1
363 5039 570 5104 σιλείας
615 5039 1028 5103 ἐκπεπτωκότα,
1081 5040 1283 5111 Κύριον
1320 5040 1413 5094 καὶ
1450 5039 1581 5094 Θεὸν
1618 5043 1871 5110 γενέσθαι

301 5150 322 5184 1
361 5131 683 5203 βουλόμενος
708 5133 736 5184 ό
775 5131 927 5192 Θεὸς,
969 5129 1172 5201 ταύτην
1214 5131 1311 5201 τὴν
1356 5132 1665 5201 οἰκονομίαν
1697 5134 1874 5203 εἰργά-

302 5240 322 5275 1
364 5239 514 5276 σατο.
562 5221 620 5276 '0
652 5218 743 5276 οὖν
776 5220 1077 5290 ἀγιώτατος
1104 5224 1389 5293 προφήτης
1416 5222 1576 5275 Δαυῖδ
1605 5240 1872 5296 προφητι-

373 5416 433 5473 ›Ῑ‹
463 5408 560 5464 Ed.
591 5407 763 5465 Paris.
796 5423 918 5480 pag.
943 5408 1033 5464 49.
1106 5410 1149 5441 ’⁸
1174 5406 1384 5462 Coloss.
1414 5422 1453 5469 ι,
1484 5404 1572 5459 16.
1649 5404 1696 5436 ’³
1720 5402 1737 5458 Ι
1762 5401 1903 5457 Tim.
1935 5418 1993 5467 ιι,

394 5604 482 5679 77)
508 5609 679 5678 Vulgo
702 5613 799 5679 τῆς
828 5606 1003 5680 Παρθ.

369 5612 487 5753 i78)
517 5680 835 5753 Μέλλοντα
861 5680 964 5734 ὑπ’
995 5701 1003 5731 1

1978 4679 2269 4748 assumpsit
2296 4678 2389 4734 Dei
2428 4677 2688 4733 Verbum.
2726 4675 2902 4731 Veluti
2928 4675 3072 4731 enim
3099 4674 3298 4731 oblitus
3321 4675 3550 4730 istorum

1977 4771 2215 4826 omnium
2239 4784 2359 4839 quae
2386 4768 2640 4835 adduxit,
2672 4769 2833 4824 linem
2876 4769 3100 4824 minime
3126 4778 3553 4824 consentaneum

1977 4859 2189 4929 pietati,
2256 4867 2312 4913 et
2365 4858 2658 4913 infaustum
2709 4858 2845 4914 satis
2902 4859 3116 4929 corpori
3179 4857 3555 4928 superinducit

1991 4951 2324 5005 Servatoris.
2388 4948 2537 5005 Ultra
2592 4949 2695 5005 ista
2766 4950 2981 5020 quidem
3034 4950 3239 5012 omnia,
3298 4957 3552 5014 tanquam

1978 5052 2126 5096 recte
2156 5042 2541 5106 successerint,
2577 5051 2630 5096 et
2658 5058 2726 5097 ex
2753 5043 2935 5096 animo
2956 5044 3238 5112 superiora
3265 5078 3281 5102 ,
3326 5048 3555 5092 conatur

1978 5134 2286 5195 ostendere,
2317 5144 2370 5187 et
2401 5134 2547 5187 illum
2587 5134 2751 5188 etiam
2786 5143 3021 5197 textum,
3072 5131 3321 5202 Regnavit
3369 5126 3555 5180 Domi.

1982 5241 2104 5289 nus,
2142 5223 2362 5279 exsultet
2392 5236 2535 5278 terra
2571 5227 2639 5289 ",
2679 5228 2743 5279 de
2773 5239 2937 5278 carne
2976 5222 3407 5292 intelligendum.
3465 5220 3557 5273 Ait

2154 5399 2369 5456 “Joan.
2402 5415 2495 5465 xu,
2529 5399 2618 5455 $8.
2694 5401 2737 5429 ’³
2771 5397 2913 5451 Psal.
2950 5412 3088 5461 xcvi,
3128 5397 3179 5449 1.

1994 5599 2235 5664 homine,
2258 5599 2467 5662 delirat,
2496 5614 2615 5650 eum
2638 5596 2773 5651 ultra
2791 5612 2977 5650 omnes
2994 5597 3256 5659 homines,
3277 5606 3396 5664 post
3425 5608 3554 5649 συνι

398 5666 487 5747 78')
517 5666 835 5734 Μέῆλωλὲα
861 5666 964 5734 ὑπ’
995 5678 1203 5733 αὑτοῦ.
1233 5676 1487 5740 Omnino,
1522 5684 1579 5747 ut
1618 5672 1872 5728 Eusebius

1990 5670 2657 5747 tellstav_exinanicnduln,
2690 5672 2830 5747 quod
2868 5666 3019 5747 τέλος
3056 5668 3555 5747 obx‘aictovﬂrcctl

300 5746 402 5814 ait,
439 5746 556 5806 haec
587 5762 712 5803 sunt
742 5752 1101 5804 observanda.
1140 5748 1272 5800 Nam
1323 5746 1644 5815 stupendum
1682 5747 1731 5798 in
1768 5758 1879 5815 ino-

304 5812 421 5878 rem
450 5819 707 5875 iusanivit
737 5817 1045 5881 Marcellus,
1069 5818 1113 5873 si
1140 5834 1263 5881 vera
1300 5812 1455 5871 nobis
1484 5816 1550 5868 de
1581 5815 1672 5871 illo
1697 5812 1879 5867 retulit

307 5890 673 5946 adversarius.
707 5888 840 5942 Nam
878 5888 944 5944 de
968 5878 1394 5953 Cliristi'cnrne,
1423 5886 1524 5942 hoc
1548 5895 1630 5941 est
1658 5884 1878 5941 Christo

551 5984 824 6045 ΡΑτιιοι..
876 5984 994 6046 Gn.
1063 5982 1286 6045 XXIV.

1991 5739 2466 5795 vocat.M.—Inl‘ra
2498 5740 2653 5807 vulgo
2674 5737 2876 5808 ταύτην
2891 5740 3080 5801 οἱκον.,
3099 5749 3149 5792 et
3164 5736 3333 5804 λέγει,
3352 5736 3554 5807 Κύριος

1985 5809 2165 5875 ὲϐασ.;
2186 5812 2309 5866 dein
2339 5809 2592 5873 λαϐόντος
2612 5809 2803 5879 χρόνου
2823 5809 2966 5865 τοῦδ.
2996 5809 3059 5865 II.

3155 5970 3233 6032 96
