3970 6512
461 374 556 466 si:

1131 407 1392 463 EUSEBII
1431 405 1907 463 CAESARIENSIS
1947 405 2098 464 OPP.
2133 406 2312 463 PARS
2351 406 2440 462 IV.
2481 435 2550 445 —
2588 405 3012 463 DOGMATICA.

3605 408 3712 463 8|2

467 541 644 584 autem
666 529 754 602 [Β.
785 526 1008 599 XCIX]:
1045 547 1063 579 ι
1089 529 1188 594 Qui
1224 529 1536 595 descendit,
1570 529 1688 584 ideo
1722 537 1778 584 et
1809 543 2030 584 carnem

2141 544 2162 580 ι
2201 527 2313 590 κῶς
2331 527 2501 597 λέγει,
2556 527 2608 580 Ὀ
2637 529 2852 596 Κύριος
2886 528 3301 593 ἐϐασίλευσεν,
3328 527 3716 598 ἀγαλλιᾶσθε)

467 638 486 671 ι
535 619 826 689 assmupsit
863 619 929 672 de
973 617 1190 686 Virgine
1213 654 1227 682 ,
1269 633 1362 672 rex
1393 626 1476 672 est
1505 619 1836 674 constitutus
1873 633 2031 687 super

463 729 483 759 ι
519 701 841 772 Ecclesium,
873 721 1064 777 nempe
1098 708 1148 759 in
1181 721 1304 760 curn
1341 706 1526 770 linem,
1571 718 1628 760 ut
1662 707 1740 761 sic
1775 721 1871 774 per
1903 706 2034 759 Ver-

465 818 483 852 ι
534 800 680 865 bum,
718 799 880 851 homo
917 797 1006 867 qui
1045 798 1192 866 prius
1219 797 1479 852 caelorum
1526 811 1696 865 regno
1728 795 2028 859 exciderat,

460 907 482 942 ί
531 903 756 958 regnum
817 887 947 942 illud
1005 887 1184 941 denuo
1237 897 1681 956 consequeretur.
1750 886 2029 940 Hominem

461 997 481 1032 ι
529 995 658 1049 ergo
687 980 848 1034 istum
880 979 972 1048 qui
1013 993 1178 1049 regno
1210 979 1364 1048 prius
1397 979 1675 1032 exciderat
1719 992 1814 1047 per
1843 977 2030 1031 inobe-

461 1089 480 1122 ‹
527 1071 785 1126 dientiam
815 1086 989 1135 suam,
1026 1070 1309 1125 Dominum
1375 1081 1429 1125 et
1483 1070 1648 1124 Deum
1684 1069 1800 1124 ﬁeri
1851 1065 2033 1124 volens

461 1178 480 1212 ι
529 1161 691 1225 Deus,
750 1163 889 1216 hanc
941 1161 1301 1215 oeconomiam
1364 1161 1433 1214 ita
1485 1160 1839 1228 dispensavit.
1889 1159 2034 1225 ρηο-

461 1277 480 1309 ι
525 1257 670 1313 circa
703 1257 1082 1311 sanctissimus
1131 1264 1278 1310 vates
1325 1255 1491 1309 David
1537 1255 1854 1325 prophetico
1887 1269 2035 1308 more

462 1370 480 1403 ι
532 1351 676 1405 fatur
701 1369 712 1404 :
755 1350 1007 1420 Regnavit
1037 1347 1321 1412 Dominus,
1348 1348 1572 1400 exsultet
1603 1361 1799 1401 terra.»
1825 1348 1887 1402 Et
1915 1356 2036 1416 post

457 1443 561 1496 alia
586 1443 828 1511 qumdam
870 1435 1138 1494 subinl‘crt
1171 1438 1270 1510 [11.
1300 1437 1365 1510 Cl
1402 1457 1412 1491 :
1451 1458 1466 1489 ι
1491 1437 1570 1494 Ob
1610 1455 1768 1508 quam
1816 1454 2034 1492 causam

462 1554 480 1587 ι
528 1535 682 1605 quasi
713 1534 970 1588 Dominus
995 1542 1178 1587 noster
1219 1531 1377 1587 Iesus
1423 1532 1671 1588 Christus
1697 1572 1712 1596 ,
1745 1535 1894 1602 regni
1934 1533 2037 1587 ini-

461 1645 482 1679 ι
531 1627 662 1681 tium
688 1626 1002 1694 auspicatus
1031 1623 1210 1678 fuerat
1242 1638 1270 1676 a
1295 1624 1529 1694 quodam
1577 1632 1857 1694 tempore,
1893 1624 2033 1677 vati-

463 1739 482 1772 ι
525 1721 726 1774 ciuium
763 1719 912 1774 canit
944 1715 1094 1788 :Ego
1135 1726 1314 1771 autem
1367 1732 1459 1770 rea:
1487 1715 1550 1769 ab
1584 1715 1677 1770 illo
1718 1715 2034 1771 constitutus

462 1829 482 1862 ι
527 1827 642 1866 sum
676 1810 740 1866 ".
774 1827 794 1862 ι
849 1807 918 1865 Et
949 1825 1140 1864 rursus
1168 1807 1318 1880 addit
1349 1823 1361 1859 :
1393 1807 1474 1862 Ob
1499 1822 1618 1863 eam
1647 1821 1868 1862 causam
1916 1821 2034 1874 rex,

2140 637 2158 668 ι
2201 618 2238 684 ἡ
2272 617 2366 687 γῆ.
2407 637 2424 669 ι
2466 617 2570 672 Καὶ
2599 619 2715 689 μεθ’
2744 620 2906 689 ἕτερα
2935 618 3215 689 ὲπιφέρει’
3259 638 3278 670 ι
3322 621 3400 671 Δι’
3435 621 3499 690 ἦν
3536 618 3714 672 αίτίαν

2138 729 2156 760 ι
2195 710 2384 782 ὥσπερ
2415 709 2588 781 ἀρχὴν
2624 711 2898 780 βασιλείας
2929 712 3037 765 ἀπό
3064 729 3208 775 τινος
3233 710 3486 774 λαϐόντος
3516 712 3710 782 χρόνον

2140 821 2159 855 ι
2199 803 2292 856 τοῦ
2319 804 2579 856 δεσπότου
2627 804 2784 874 ἡμῶν
2819 802 3076 874 Χριστοῦ,
3110 805 3142 872 ἡ
3189 804 3498 874 προφητεία
3525 804 3709 873 φησίν·

2141 911 2159 944 ι
2205 893 2352 963 Ἐγὼ
2372 892 2440 946 δὲ
2469 894 3158 961 κατεστάθηνβασιλεὺς
3183 897 3284 948 ὑπ’
3309 895 3514 950 αὑτοῦ.
3553 914 3571 947 ι
3607 895 3715 948 Καὶ

2136 983 2296 1037 πάλιν
2329 984 2602 1054 ἐπιφέρειο
2624 1003 2642 1035 ι
2668 983 2766 1037 Διά
2781 985 2938 1037 τοῦτο
2949 984 3055 1056 γὰρ
3073 987 3167 1038 καὶ
3187 983 3456 1055 βασιλεύει
3471 985 3606 1057 (79),
3628 985 3715 1038 ἵνα

2141 1093 2160 1126 ι
2194 1077 2251 1127 ὲν
2279 1077 2343 1145 τῇ
2370 1073 2686 1147 ἀνθρωπίνῃ
2718 1077 2881 1146 σαρκὶ
2909 1075 3217 1146 γενόμενος,
3253 1076 3505 1145 βασιλεύς
3532 1093 3592 1129 τε
3618 1095 3713 1130 κα-

2141 1185 2158 1214 ι
2199 1163 2424 1227 ταστὰς,
2474 1163 2560 1216 διὰ
2591 1163 2685 1216 τοῦ
2719 1164 2914 1231 Λόγου,
2963 1166 2991 1217 ὁ
3025 1163 3281 1236 κενῳθεὶς
3323 1165 3589 1236 πρότερον
3621 1168 3715 1220 ἀν-

2143 1273 2162 1307 (
2199 1254 2432 1326 θρωπος,
2463 1257 2643 1310 πᾶσαν
2676 1255 2848 1327 ἀρχὴν
2881 1255 2972 1308 τοῦ
3019 1233 3290 1319 διαϐόλου,
3336 1260 3428 1310 καὶ
3461 1258 3711 1330 δύναμιν,

2144 1363 2161 1396 ι
2204 1347 2298 1398 καὶ
2325 1345 2572 1410 ἐξουσίαν
2607 1350 2948 1421 καταργήσῃ.
2981 1367 3000 1400 ι
3035 1349 3281 1402 Τοσαῦτα
3306 1351 3434 1422 περὶ
3459 1352 3558 1422 τῆς
3585 1369 3713 1423 σαρ-

2137 1440 2232 1503 κὸς
2256 1440 2349 1493 τοῦ
2392 1440 2662 1512 Σωτῆρος,
2696 1442 3018 1495 καὶτούτων
3058 1442 3138 1495 ἔτι
3181 1443 3349 1497 πολλὰ
3380 1444 3602 1499 πλείονα
3632 1448 3712 1500 εί-

2138 1531 2272 1596 πὼν,
2307 1533 2480 1604 φήσας
2514 1550 2571 1585 τε
2603 1533 2771 1604 αὑτὴν
2802 1529 2940 1586 εἶναι
2973 1534 3070 1606 τὴν
3105 1534 3288 1588 εἰκόνα
3330 1535 3422 1589 τοῦ
3453 1536 3587 1590 Θεοῦ
3620 1537 3714 1591 τοῦ

2137 1625 2391 1696 ἀοράτου,
2437 1626 2531 1680 καὶ
2572 1626 2664 1680 τὸν
2710 1627 3059 1698 Πρωτότοκον
3109 1628 3292 1700 πάσης
3337 1629 3586 1695 ἱιτίσεως,
3624 1633 3717 1686 καὶ

2136 1717 2227 1770 τὸν
2259 1717 2504 1788 βασιλέα,
2539 1719 2632 1772 καὶ
2665 1718 2755 1771 τὸν
2808 1717 3038 1790 Ἰησοῦν,
3068 1720 3277 1774 καὶτὸν
3321 1721 3573 1790 Χριστὸν,
3625 1724 3717 1777 καὶ

2138 1809 2229 1863 τὸν
2257 1811 2564 1881 ἀγαπητὸν,
2598 1812 2693 1864 καὶ
2731 1813 2831 1866 ὅσα
2857 1811 2990 1867 ἀλλα
3021 1813 3298 1878 κατέλεξε·
3329 1814 3395 1868 δι’
3428 1816 3602 1887 αὑτήν
3631 1833 3712 1880 τε,

461 1923 480 1956 ι
530 1914 588 1957 ut
616 1919 739 1960 cum
767 1903 1004 1958 humana
1047 1877 1212 1958 carne
1246 1903 1574 1958 constitutus
1597 1941 1613 1968 ,
1646 1910 1702 1956 et
1731 1901 2030 1956 declaratus

2140 1901 2313 1954 ταῦτα
2363 1903 2538 1957 πάντα
2561 1903 2854 1974 ,κληθῆναι
2917 1905 3007 1958 τὸν
3051 1906 3224 1974 Λόγον
3274 1906 3715 1978 ἀποφηνάμενος,

462 2012 483 2046 ι
530 2009 650 2058 rex,
687 1995 997 2049 exinanitus
1035 1993 1186 2062 prius
1224 1994 1411 2070 homo,
1445 2006 1604 2046 omne
1637 1990 1836 2044 diaboli
1870 1991 2030 2060 impe-

2141 1994 2324 2046 ὁποῖον
2351 1993 2503 2058 τέλος
2535 1995 2672 2066 αὑτῇ
2695 1995 3037 2066 περιτίθησιν
3065 1997 3163 2068 ἤδη
3199 1997 3475 2067 θεωρῆσαι
3503 1999 3713 2071 καιρός.

462 2111 481 2145 ι
527 2092 688 2156 rium,
713 2093 822 2146 vim
848 2101 902 2145 et
931 2099 1256 2161 potestatem
1290 2104 1387 2158 per
1412 2087 1646 2142 Verbum
1679 2097 1991 2142 evacuaret.
2039 2106 2058 2140 ι
2103 2087 2206 2143 Tot
2231 2089 2341 2148 ille.
2405 2103 2459 2145 et
2499 2091 2717 2161 quidem
2750 2092 2906 2160 longe
2930 2092 3107 2162 plura,
3147 2093 3213 2148 de
3241 2108 3408 2149 carne
3441 2108 3718 2149 commeo.

457 2197 543 2241 tus
583 2184 912 2250 Servatoris,
961 2189 1019 2246 ›Ι‹
1063 2192 1349 2252 postquam
1423 2181 1574 2235 illam
1658 2182 1964 2236 nominarat
2013 2182 2106 2237 Dei
2141 2183 2433 2254 imaginem
2479 2185 2787 2252 invisibilis,
2835 2196 2890 2241 et
2928 2187 3105 2242 omnis
3141 2195 3404 2243 creaturae
3443 2188 3716 2260 primogc.

456 2281 652 2341 nitum,
683 2287 738 2331 et
786 2291 990 2346 regem,
1021 2285 1075 2330 et
1112 2273 1316 2338 Iesum,
1383 2282 1439 2329 et
1479 2273 1778 2339 Christum,
1828 2281 1882 2328 et
1925 2272 2202 2342 dilectum,
2265 2289 2320 2330 et
2382 2293 2502 2346 quae
2540 2277 2641 2332 alia
2705 2277 3199 2334 commemoravit:
3239 2279 3462 2351 insuper
3491 2280 3714 2337 addide-

458 2378 564 2434 rat,
614 2378 836 2438 propter
879 2367 1025 2422 illam
1082 2367 1252 2437 ipsam
1277 2381 1537 2432 carnem,
1595 2375 1672 2420 tot
1721 2365 2030 2424 nominibus
2097 2365 2332 2424 Verbum
2391 2370 2706 2441 insignitum
2789 2369 2975 2437 fuisse,
3013 2369 3177 2426 tinem
3224 2380 3408 2428 tamen
3455 2371 3531 2428 illi
3580 2386 3707 2428 eum

456 2462 690 2532 attingit,
720 2473 879 2531 quem
907 2475 1050 2514 nunc
1084 2468 1294 2528 tempus
1326 2468 1411 2513 est
1442 2468 1500 2513 ut
1530 2457 1959 2514 consideremus.

1102 2551 1250 2607 CAP.
1297 2551 1384 2604 IV.

459 2645 808 2711 Qualemnam
842 2643 996 2712 ﬁnem
1021 2641 1277 2710 subinfert
1302 2640 1589 2696 Marcellus
1630 2641 1830 2698 Christi
1857 2659 2038 2713 regno,

841 2723 891 2766 et
945 2717 1092 2766 carni
1136 2728 1293 2781 quam
1345 2714 1646 2782 assumpsit.

529 2806 619 2878 [11.
655 2803 720 2878 C]
755 2823 774 2857 ι
807 2802 956 2858 Hanc
994 2804 1194 2859 etenim
1228 2805 1297 2860 ob
1327 2819 1546 2858 causam
1582 2814 1900 2876 regnaturus
1933 2815 2038 2872 est,

465 2917 484 2950 ι
530 2901 761 2952 humana
794 2910 960 2950 carne
986 2895 1242 2965 prazditus
1282 2909 1378 2963 per
1424 2895 1658 2950 Verbum
1709 2898 2036 2953 constitutus

463 3010 485 3042 ι
530 3005 644 3053 rex,
677 2990 840 3045 homo
877 2988 967 3042 ille
995 2987 1121 3042 olim
1159 2987 1418 3058 deceptus
1447 3009 1460 3043 :
1486 2998 1541 3042 et
1570 3003 1784 3044 omnem
1815 2991 1888 3044 ita
1920 2991 2037 3043 dia-

465 3098 487 3133 s
531 3079 635 3136 boli
665 3077 1131 3149 potestatem,vim
1150 3092 1202 3130 et
1227 3078 1512 3147 imperium
1536 3080 1842 3134 evacuabit.
1862 3079 2035 3148 Opor-

465 3185 486 3224 ι
532 3181 600 3224 tet
627 3169 764 3224 enim
790 3169 960 3233 illum,
987 3169 1179 3239 inquit,
1212 3183 1426 3237 regnare
1452 3184 1614 3237 usque
1643 3169 1770 3223 dum
1795 3170 2034 3223 inimicos

2779 2548 2937 2602 ΚΕΦ.
2993 2550 3065 2604 Δν.

2154 2639 2384 2714 Ὀποῖοτ
2411 2636 2764 2714 Μάρκελλος
2790 2639 2994 2714 suum
3017 2641 3190 2714 τέλος
3211 2641 3286 2712 τῇ
3314 2643 3421 2697 τοῦ
3455 2645 3714 2714 Χριστοῦ

2326 2711 2636 2777 βασιλείᾳ,
2668 2710 2765 2763 καὶ
2804 2709 2877 2779 τῇ
2905 2709 3082 2780 σαρκὶ
3115 2711 3195 2781 ἦν
3221 2709 3529 2785 ἀνείληφε.

2217 2817 2236 2851 ‹
2277 2799 2375 2852 Διὰ
2423 2799 2577 2852 τοῦτο
2631 2800 2738 2872 γὰρ
2801 2799 3132 2871 βασιλεύσει,
3184 2803 3241 2856 ἐν
3287 2808 3353 2877 τῇ
3405 2806 3716 2881 ἀνθρωπίνῃ

2149 2911 2169 2945 ι
2204 2892 2367 2962 σαρκὶ
2417 2891 2727 2962 γενόμενος,
2784 2892 3032 2963 βασιλεύς
3078 2911 3138 2947 τε
3182 2897 3456 2961 καταστὰς
3491 2899 3580 2952 διὰ
3623 2901 3715 2954 τοῦ

2147 3002 2166 3036 ι
2205 2975 2402 3051 Λόγου,
2435 2982 2462 3034 ό
2497 2983 2796 3055 ἀπατηθεὶς
2828 2985 3090 3058 πρότερον
3121 2986 3402 3058 ἄνθρωπος
3441 2989 3575 3059 (80),
3615 2992 3716 3044 πᾶ-

2149 3095 2167 3127 ι
2207 3094 2304 3129 σαν
2332 3076 2506 3147 ἀρχὴν
2533 3075 2626 3129 τοῦ
2655 3077 2898 3131 διαϐόλου
2941 3079 3037 3132 καὶ
3079 3079 3306 3152 δύναμιν
3338 3083 3432 3134 καὶ
3472 3080 3717 3146 ἐξουσίαν

2148 3185 2167 3218 ‹
2211 3171 2568 3240 καταργήσει.
2618 3171 2709 3222 Δεῖ
2762 3171 2870 3243 γὰρ
2932 3167 3093 3224 αὑτὸν
3147 3173 3466 3242 βασιλεύειν,
3515 3177 3718 3247 φησὶν,

465 3285 486 3318 ι
531 3279 651 3318 suos
675 3271 872 3316 statuat
905 3262 998 3315 sub
1022 3261 1235 3330 pedibus
1265 3261 1378 3315 suis
1411 3261 1477 3317 "’.
1505 3261 1596 3316 Ait
1621 3262 1786 3332 igitur
1825 3263 2030 3317 divinus

2148 3277 2166 3310 ι
2200 3259 2356 3330 ἄχρις
2383 3254 2443 3312 οῦ
2474 3260 2538 3313 ἀν
2563 3260 2628 3331 θῇ
2659 3262 2784 3324 τοὺς
2805 3261 3032 3334 ἐχθροὺς
3059 3265 3162 3317 ὑπὸ
3191 3266 3316 3328 τοὺς
3341 3267 3506 3329 πόδας
3530 3267 3716 3323 αὑτοῦ.

467 3371 489 3407 ι
531 3353 845 3424 Apostolus,
873 3355 1019 3424 regni
1055 3353 1255 3409 Christi
1289 3354 1451 3407 linem
1488 3363 1600 3408 tum
1625 3355 1888 3418 futurum,
1921 3371 2044 3410 cum

463 3463 486 3498 ι
533 3448 636 3500 sub
662 3446 886 3515 pedibus
917 3447 1032 3516 ejus
1056 3445 1233 3499 omnia
1267 3444 1696 3503 collocabantur.
1717 3446 1807 3516 111.
1837 3447 2040 3503 Clcoll.

463 3560 487 3596 ι
531 3541 759 3613 p.189].
788 3561 805 3592 ι
833 3541 958 3596 Post
987 3556 1153 3611 pauca
1180 3540 1423 3609 quasdam
1457 3540 1648 3596 addit:
1683 3558 1703 3592 ι
1747 3540 2042 3597 Maximum

2147 3368 2164 3401 ι
2199 3351 2310 3421 Τῆς
2333 3350 2512 3403 τοίνυν
2541 3349 2634 3402 τοῦ
2672 3350 2931 3405 δεσπότου
2961 3352 3118 3424 ήμῶν
3148 3354 3382 3425 Χριστοῦ
3414 3355 3715 3425 βασιλείας,

2687 3441 2708 3460 τ

2146 3462 2165 3494 ι
2197 3442 2356 3495 τοῦτο
2389 3441 2450 3495 τὸ
2482 3443 2632 3505 τέλος
2659 3441 2798 3497 εἷναί
2825 3461 2987 3514 φησιν
3025 3447 3053 3498 ό
3087 3446 3230 3517 ἱερὸς
3281 3447 3626 3513 Ἀπόστολος,
3661 3448 3719 3501 τὺ

2145 3553 2164 3586 ι
2203 3535 2378 3589 πάντα
2411 3535 2746 3605 ὑποταγῆναι
2790 3537 2903 3599 τοῖς
2944 3537 3101 3591 ποσὶν
3142 3523 3327 3592 αὑτοῦ.
3376 3557 3394 3591 ι
3429 3540 3540 3592 Καὶ
3581 3539 3717 3610 μετά

466 3650 488 3688 s
538 3635 628 3688 hic
682 3633 1004 3704 mysterium
1058 3631 1265 3686 revelat
1295 3631 1450 3686 nobis
1520 3632 1855 3701 Apostolus,
1914 3633 2030 3688 dum

2141 3626 2346 3697 βραχέα
2375 3628 2636 3696 ὲπιλέγει’
2671 3647 2690 3679 t
2719 3628 2989 3697 Μέγιστον
3017 3631 3147 3700 ἡμῖν
3173 3632 3468 3703 μυστήριον
3487 3631 3715 3686 ἐνταῦθα

465 3742 488 3779 s
536 3724 850 3795 pronuntiat
897 3723 1206 3777 adfuturum
1241 3723 1400 3778 linem
1427 3738 1594 3794 regno
1614 3723 2037 3779 Christi.Finem

467 3835 488 3868 ι
538 3829 697 3886 porro
757 3824 889 3879 tum,
943 3829 1063 3867 cum
1113 3825 1383 3883 ponentur
1429 3815 1610 3868 omnia
1669 3816 1768 3869 sub
1815 3817 2039 3885 pedibus

469 3925 489 3957 ι
541 3905 678 3973 ejus.
708 3921 727 3956 ι
761 3904 826 3957 Et
855 3902 1152 3971 explanans
1193 3904 1370 3958 adhuc
1402 3905 1541 3959 idem
1572 3905 1858 3961 dilucidius
1898 3907 2036 3961 scri-

462 3998 544 4053 bit
601 3996 691 4069 [ιί.
731 3993 841 4067 Cll]
873 4013 885 4048 :
919 4013 937 4046 ι
972 3995 1178 4048 Dictum
1203 4003 1336 4048 esta
1368 3995 1521 4050 nobis
1558 3996 1608 4048 in
1641 3997 2035 4065 superioribus,

467 4108 486 4141 ι
537 4090 818 4143 Dominum
847 4099 1088 4140 nostrum
1116 4087 1392 4141 Christum
1421 4087 1566 4156 regni
1595 4088 1674 4140 sui
1709 4087 2031 4156 principium

467 4197 488 4231 ι
535 4179 812 4248 accepisse
845 4195 858 4230 :
894 4177 1054 4244 idque
1082 4175 1254 4243 ipsqu
1294 4174 1578 4228 docuimus
1615 4189 1644 4227 e
1687 4189 1844 4228 sacra
1880 4173 2031 4228 Scri-

467 4289 488 4322 s
537 4280 693 4340 plura
741 4269 1184 4322 demonstratum.
1217 4265 1604 4320 Testimonium
1645 4266 1876 4332 primum
1925 4274 2031 4330 est,

461 4357 574 4432 Ego
604 4362 915 4414 constitutus
952 4376 1067 4413 sum
1099 4360 1162 4412 ab
1197 4359 1288 4412 illo
1329 4374 1420 4412 rex
1449 4373 1606 4426 super
1646 4356 1780 4412 Sion
1808 4368 2033 4412 montem

2144 3735 2162 3768 ι
2211 3717 2533 3782 Ἀπόστολος
2587 3719 2979 3784 ἀνακαλύπτει,
3017 3720 3166 3784 τέλος
3217 3738 3312 3792 μεν
3363 3722 3580 3776 ἔσεσθαι
3624 3723 3718 3791 φά-

2142 3826 2162 3860 (
2198 3825 2342 3862 σκων
2372 3812 2470 3880 τῆς
2502 3809 2738 3881 Χριστοῦ
2788 3811 3089 3882 βασιλείας,
3127 3813 3278 3875 τέλος
3308 3814 3365 3867 δὲ
3404 3815 3545 3876 τότε,
3589 3816 3716 3868 ὅταν

2143 3919 2161 3951 ι
2201 3901 2372 3954 πάντα
2406 3902 2651 3972 ὑποταγῇ
2685 3905 2797 3967 τοῖς
2847 3905 3002 3958 ποσὶν
3053 3904 3237 3958 αὑτοῦ.
3274 3924 3290 3955 ι
3341 3906 3448 3958 Καὶ
3478 3906 3558 3958 ἔτι
3591 3907 3717 3978 μάλ-

2137 3992 2226 4045 λον
2254 3992 2754 4064 έπεξεργαζόμενος
2786 3995 2876 4048 τὸν
2911 3995 3074 4049 αὑτὸν
3101 3995 3278 4065 λόγον,
3312 3997 3453 4050 οὑτω
3477 3997 3710 4070 γράφει·

2143 4104 2160 4136 ι
2204 4086 2452 4155 Ἐφαμεν
2471 4086 2531 4137 ἐν
2551 4089 2660 4149 τοῖς
2688 4087 3186 4159 προάγουσινὴμῶν
3213 4091 3393 4159 ῥητοῖς
3418 4090 3506 4143 τὸν
3535 4090 3716 4144 δεσπόι

2144 4195 2163 4228 ι
2206 4195 2303 4248 την
2333 4181 2364 4248 ἠ
2375 4179 2488 4248 μῶν
2517 4179 2608 4231 τὸν
2635 4179 2870 4250 Χριστὸν
2899 4178 3072 4250 ἀρχὴν
3103 4181 3392 4250 ἐσχηκέναι
3418 4179 3710 4250 βασιλείας,

2145 4288 2163 4321 t
2203 4271 2264 4322 ὲκ
2299 4270 2405 4323 τῶν
2449 4269 2606 4324 θείων
2640 4270 2872 4344 Γραφῶν
2897 4259 3199 4335 ἀποδείξεσι
3238 4269 3526 4342 χρώμενοι.
3559 4275 3710 4327 Ἐστι

2145 4378 2164 4412 ι
2209 4360 2306 4430 μὲν
2326 4361 2468 4433 μίαὴ
2484 4362 2735 4430 λέγουσαι
2769 4361 2916 4432 Ἐγὼ
2940 4361 3006 4415 δὲ
3033 4363 3712 4431 κατεστάθηνβασιλεὺς

539 4528 596 4586 ea
629 4522 723 4577 Ed.
761 4521 929 4578 Paris.
964 4538 1083 4593 pag.
1114 4523 1201 4578 50.
1278 4523 1324 4554 “
1356 4521 1498 4577 Psal.
1535 4539 1593 4588 ιι,
1623 4520 1675 4575 6.
1750 4520 1829 4575 "’I
1853 4521 1976 4576 Cor.
2007 4537 2094 4590 xv,
2116 4523 2204 4579 25.
2298 4492 2303 4497 ι

534 4685 646 4756 (79)
667 4685 766 4738 Διὰ
787 4684 961 4739 τοῦτο
985 4685 1092 4756 γὰρ
1125 4684 1221 4740 καὶ
1234 4685 1570 4748 βασιλεύει.
1610 4683 1847 4756 Legend.
1885 4683 2034 4754 βασι-

460 4755 644 4812 λεύσει
691 4765 746 4808 ut
801 4755 1064 4824 principio
1115 4757 1393 4823 sequentis
1432 4755 1658 4823 capitis,
1706 4755 1793 4807 ubi
1843 4757 2030 4824 eadem

463 4825 698 4882 Marcelli
733 4826 893 4878 verba
934 4823 1266 4894 repetuntur,
1311 4836 1369 4877 ut
1419 4837 1473 4894 et
1504 4840 1624 4878 mox
1651 4840 1746 4893 pro
1776 4823 2032 4888 κενωθείς

462 4897 666 4953 rectius
697 4893 1017 4965 ἀπατηθείς,
1043 4906 1097 4948 ut
1127 4895 1286 4960 paulo
1313 4905 1434 4962 post
1461 4893 1678 4963 legitur,
1707 4905 1772 4965 et
1793 4909 1860 4948 ex
1903 4911 2034 4962 pra:-

461 4967 782 5024 cedentibus
805 4964 1057 5035 apparet;
1095 4966 1312 5018 tolerari
1339 4973 1590 5035 tamenet
1622 4967 1735 5018 lucc
1765 4964 2032 5035 lectio_po-

461 5048 590 5102 test,
621 5053 741 5090 cum
773 5033 1194 5090 exinanitiouem
1221 5035 1381 5105 regite
1401 5033 1583 5104 gloria:
1609 5043 1864 5104 opponat.
1889 5033 2034 5088 Μ.-

459 5109 604 5163 lnl'ra
635 5107 793 5174 vulgo
822 5107 922 5159 ὅσα
952 5106 1137 5159 τᾶλλα.

533 5176 646 5247 (80)
702 5172 754 5227 '0
800 5176 1120 5244 ἀπατηθεὶς
1169 5173 1822 5247 πρότεροννγᾶνθρωπος.
1855 5172 1910 5227 Id
1947 5184 2030 5247 est

461 5244 696 5302 humana
733 5257 913 5301 nostra
947 5258 1158 5311 natura,
1185 5259 1304 5314 qum
1327 5263 1376 5298 tu
1401 5246 1608 5296 Adamo
1644 5261 1739 5313 per
1775 5244 2029 5311 praevari-

461 5318 729 5372 cationem
786 5317 1080 5378 ceciderat,
1143 5319 1194 5370 in
1248 5316 1466 5370 Chrisro
1522 5330 1616 5382 per
1664 5315 2023 5367 obedientiam

462 5387 833 5454 triumphavit.
894 5387 1090 5440 Locum
1145 5402 1272 5438 vero
1330 5386 1470 5439 beati
1531 5383 1772 5450 Apostoli
1817 5399 1882 5436 ex
1935 5384 2024 5438 illa

459 5458 526 5510 ad
559 5457 575 5510 |
614 5457 860 5512 Corinth.
898 5472 984 5518 xv.
1032 5456 1120 5517 ‘28,
1173 5471 1332 5524 quem
1383 5470 1597 5509 sursum
1639 5463 1818 5524 atque
1862 5456 2023 5509 deor-

460 5544 580 5581 sum
622 5529 756 5580 adeo
806 5535 983 5580 versat
1037 5522 1316 5590 Eusebius,
1368 5524 1478 5588 hic,
1523 5524 1671 5585 alibi,
1701 5531 1756 5577 et
1809 5522 1860 5577 in
1914 5526 2020 5578 line

461 5596 557 5650 lib.
592 5610 646 5657 v,
697 5605 846 5650 recte
890 5595 1190 5659 Marcellus,
1233 5596 1300 5650 de
1336 5595 1551 5648 Christo
1587 5595 1804 5646 homine
1855 5595 2021 5647 inter-

461 5665 814 5735 pretatur.At
853 5681 1074 5734 prorsus
1116 5666 1297 5733 impie,
1344 5668 1411 5718 ab
1438 5667 1528 5718 illo
1569 5666 1710 5735 loco,
1758 5664 1824 5716 de
1871 5665 2019 5734 regni

459 5734 620 5790 etiam
689 5741 743 5788 et
815 5737 1062 5790 essentia:
1125 5739 1590 5789 consunnnatione
1667 5734 2019 5799 blasphemat.

460 5807 534 5859 Οὑ
557 5803 704 5868 τέλος
723 5804 980 5875 ἐπιτιθεὶς
991 5807 1067 5875 ,τῇ
1091 5803 1331 5874 βασιλείᾳ.
1353 5801 1471 5875 εἷπε
1488 5806 1568 5869 τὸ,
1590 5806 1746 5875 ἄχρις
1761 5801 1820 5859 οὗ
1848 5805 1913 5858 ἂν
1932 5803 2020 5875 θῇ,

461 5877 552 5930 καὶ
583 5875 728 5946 ἑξῆς.
765 5873 902 5927 Ἀλλ’
946 5873 1253 5939 ἀξιόπιστον
1281 5873 1445 5928 ποιῶν
1472 5877 1531 5928 τὸ
1577 5873 1882 5946 εἰρημένον,
1931 5873 2024 5929 καὶ

2137 4683 2356 4755 θαρρεῖν
2380 4681 2828 4755 παρασκευάζων,
2851 4684 3050 4738 ὡσανεὶ
3088 4686 3259 4754 ἔλεγε.
3299 4686 3543 4753 Semper,
3583 4686 3709 4742 etin

2137 4769 2398 4809 auernum
2427 4755 2693 4817 regnabit.
2728 4755 2860 4808 Nam
2895 4767 2950 4810 ut
2985 4767 3130 4810 recte
3158 4760 3408 4810 observat
3442 4755 3709 4810 OEL-tme-

2138 4825 2278 4907 nius,
2310 4823 2696 4907 τὸρᾉριςοκαὶν
2725 4825 2784 4878 τὸ
2809 4826 2920 4907 seu;
2952 4827 3012 4907 οὑ
3042 4829 3218 4907 κεῖται
3245 4826 3436 4907 χρόνου
3472 4827 3711 4907 συντελε-

2139 4894 2341 4966 στικὺν,
2370 4894 2484 4966 ἀλλ’
2510 4895 2614 4966 ἀεὶ,
2641 4892 2751 4947 οἷον
2778 4897 2858 4959 τό,
2896 4895 3004 4964 ἐγὼ
3039 4895 3155 4966 μεθ’
3198 4892 3348 4965 ὑμῶν
3377 4897 3510 4966 είμι,
3535 4897 3708 4960 πάσας

2137 4962 2236 5025 τὰς
2275 4964 2504 5035 ἡμέρας,
2567 4965 2670 5025 ἕως
2719 4967 2816 5035 τῆς
2871 4962 3198 5029 συντελείας.
3237 4962 3400 5035 Quod
3433 4962 3619 5035 ipsum
3646 4969 3708 5021 de

2140 5037 2303 5086 donec
2350 5041 2603 5088 observat
2667 5034 3029 5104 Hieronymus
3087 5045 3272 5091 contra
3310 5034 3611 5089 Helvidium
3656 5047 3706 5090 et

2142 5115 2323 5176 noster
2351 5104 2437 5176 hic
2464 5105 2515 5157 in
2544 5104 2668 5158 line.
2709 5106 2783 5158 De
2810 5106 2908 5176 loci
2934 5117 3111 5159 autem
3139 5121 3301 5158 sensu
3331 5117 3383 5157 et
3408 5105 3708 5176 intelligen-

2133 5174 2226 5233 tia,
2265 5175 2334 5225 ita
2369 5174 2456 5228 ille
2507 5176 2669 5226 tradit
2722 5191 2750 5228 a
2801 5175 3109 5229 Cnet-orum
3157 5174 3603 5230 Commentariis}
3636 5175 3706 5226 Τὸ

2132 5242 2435 5315 βασιλεύειν
2473 5244 2707 5315 ἐνταῦθα
2748 5247 2847 5315 οὑχ
2876 5245 3083 5308 ἁπλῶς,
3121 5246 3233 5298 ἀλλ’
3281 5239 3391 5297 οἷον
3425 5243 3504 5298 δεῖ
3547 5246 3705 5298 αὑτὸν

2125 5315 2195 5366 τὰ
2238 5314 2334 5366 τοῦ
2386 5314 2648 5385 βασιλέως
2702 5314 2896 5368 ποιεῖν.
2929 5315 3086 5367 Τοῦτ’
3129 5316 3243 5368 ἔστι
3276 5315 3542 5385 ,πολεμεῖν
3586 5314 3708 5385 τοὺς

2127 5385 2372 5455 ἐχθροὺς,
2389 5384 2707 5455 συμμαχεῖν
2727 5385 3031 5455 τοῖςῌίδίοις.
3058 5386 3196 5448 Τοὺς
3232 5384 3702 5455 μὲνςτροποῦσθαι,

2123 5452 2249 5540 τοῦς
2273 5456 2330 5540 δὲ
2357 5452 2782 5540 ῥύεσθαιςάχρις
2806 5452 2866 5510 οῦ
2889 5455 2953 5509 ἀν
2974 5455 3061 5540 θῇ,
3083 5452 3492 5540 manliis-curari
3514 5454 3702 5540 ταῦτα,

2124 5523 2510 5596 οὐδενὸςξτὼνί
2560 5523 2862 5596 εἰρημένων
2919 5523 3095 5596 χρεία.
3164 5523 3547 5596 Ἀστασίαστος
3596 5523 3704 5596 γὰρ

2126 5545 2335 5587 ουοενος
2385 5545 2490 5576 των
2560 5545 2644 5596 ειρ
2689 5545 2862 5579 αενων
2919 5545 3095 5596 χρεια.
3180 5545 3547 5586 Αστασιαστος
3596 5545 3704 5594 γαρ

2126 5593 2355 5665 λοιπδνὴ
2375 5545 2926 5663 βασιλεῶλλ--Μοχ
2962 5600 3116 5661 vulgo
3136 5595 3285 5665 ὲχθρ.
3309 5594 3595 5665 ὑποπόδιον
3615 5594 3706 5665 αύ-

2125 5663 2241 5726 τοῦ,
2259 5673 2312 5718 et
2329 5659 2502 5733 βασιλ.
2522 5667 2582 5717 οὑ
2603 5667 2689 5729 τό;
2719 5667 2836 5719 Mss.
2863 5666 2932 5717 ῖσ.
2957 5659 3119 5729 cura),
3139 5659 3294 5718 codd.
3327 5659 3386 5718 οῦ
3406 5665 3486 5723 τό,
3519 5667 3556 5716 ll
3585 5661 3704 5718 τοῦο

2128 5751 2190 5786 το
2217 5745 2269 5787 et
2291 5736 2628 5806 ὑποταγῆναι
2665 5740 2778 5800 τοῖς
2810 5737 2965 5790 ποσὶν
2998 5735 3182 5794 αὑτοῦ,
3217 5743 3270 5787 et
3301 5735 3392 5786 ὑπ’
3427 5734 3704 5857 «1:3:on-

2132 5803 2310 5857 σιλεύς
2357 5815 2410 5857 et
2463 5806 2679 5857 εἴληφεν
2723 5810 2752 5857 ὀ
2803 5804 3088 5857 ἄνθρωπος
3137 5805 3332 5857 ἀργήν.
3369 5815 3423 5857 et
3462 5803 3544 5856 τῶ
3632 5802 3704 5857 et?)

2132 5803 2310 5867 σιλεύς
2357 5815 2410 5860 et
2463 5802 2679 5874 εἴληφεν
2723 5810 2752 5861 ό
2803 5804 3088 5874 ἄνθρωπος
3137 5805 3332 5875 ἀρχήν,
3369 5815 3423 5860 et
3462 5803 3544 5874 τῷ
3588 5802 3704 5871 Θεῴ

2133 5891 2358 5928 καταστ.
