  <div class='ocr_page' id='page_1' title='image "/cluster/home/n/w/nwhite01/storage/ocr_20150623/24/hvd.32044019207729/422.png"; bbox 0 0 3970 6512; ppageno 0'>
   <div class='ocr_carea' id='block_1_1' title="bbox 262 415 3519 481">
    <p class='ocr_par' dir='ltr' id='par_1_1' title="bbox 262 415 3519 481">
     <span class='ocr_line' id='line_1_1' title="bbox 262 415 3519 481; baseline 0.001 -4"><span class='ocrx_word' id='word_1_1' title='bbox 262 418 368 477; x_wconf 75' lang='grc'><strong>813</strong></span> <span class='ocrx_word' id='word_1_2' title='bbox 1396 419 1676 475; x_wconf 63' lang='lat' dir='ltr'><strong>CONTRA</strong></span> <span class='ocrx_word' id='word_1_3' title='bbox 1716 417 2139 474; x_wconf 77' lang='lat' dir='ltr'><strong>MARCELLUM</strong></span> <span class='ocrx_word' id='word_1_4' title='bbox 2180 415 2310 472; x_wconf 82' lang='lat' dir='ltr'><strong>LIB.</strong></span> <span class='ocrx_word' id='word_1_5' title='bbox 2352 417 2416 472; x_wconf 87' lang='lat' dir='ltr'><strong>ll.</strong></span> <span class='ocrx_word' id='word_1_6' title='bbox 3412 424 3519 481; x_wconf 73' lang='lat' dir='ltr'><strong>8M</strong></span> 
     </span>
    </p>
   </div>
   <div class='ocr_carea' id='block_1_2' title="bbox 261 532 1843 613">
    <p class='ocr_par' dir='ltr' id='par_1_2' title="bbox 261 540 1843 612">
     <span class='ocr_line' id='line_1_2' title="bbox 261 540 1843 612; baseline 0.001 -21"><span class='ocrx_word' id='word_1_7' title='bbox 261 556 282 591; x_wconf 71' lang='grc' dir='ltr'><em>α</em></span> <span class='ocrx_word' id='word_1_8' title='bbox 323 541 651 605; x_wconf 76' lang='grc' dir='ltr'>ὑπἀὐτοῦ,</span> <span class='ocrx_word' id='word_1_9' title='bbox 678 540 774 594; x_wconf 78' lang='grc' dir='ltr'><strong>ἐπὶ</strong></span> <span class='ocrx_word' id='word_1_10' title='bbox 808 540 960 594; x_wconf 76' lang='grc' dir='ltr'><strong>Σιὼν</strong></span> <span class='ocrx_word' id='word_1_11' title='bbox 985 542 1121 610; x_wconf 77' lang='grc' dir='ltr'>ὄρος</span> <span class='ocrx_word' id='word_1_12' title='bbox 1148 543 1213 595; x_wconf 88' lang='grc' dir='ltr'>τὸ</span> <span class='ocrx_word' id='word_1_13' title='bbox 1236 542 1404 612; x_wconf 73' lang='grc' dir='ltr'>ἅγιον</span> <span class='ocrx_word' id='word_1_14' title='bbox 1428 542 1843 611; x_wconf 83' lang='grc' dir='ltr'>αὐτοῦ.Ἕτερα</span> 
     </span>
    </p>
   </div>
   <div class='ocr_carea' id='block_1_3' title="bbox 1951 532 3521 613">
    <p class='ocr_par' dir='ltr' id='par_1_3' title="bbox 1955 532 3521 613">
     <span class='ocr_line' id='line_1_3' title="bbox 1955 532 3521 613; baseline 0.004 -20"><span class='ocrx_word' id='word_1_15' title='bbox 1955 560 1974 593; x_wconf 77' lang='grc' dir='ltr'><strong>ι</strong></span> <span class='ocrx_word' id='word_1_16' title='bbox 2014 541 2129 611; x_wconf 89' lang='lat' dir='ltr'><strong>ejus</strong></span> <span class='ocrx_word' id='word_1_17' title='bbox 2147 552 2387 595; x_wconf 89' lang='lat' dir='ltr'><strong>sanctum</strong></span> <span class='ocrx_word' id='word_1_18' title='bbox 2405 542 2469 596; x_wconf 81' lang='grc'>’⁸.</span> <span class='ocrx_word' id='word_1_19' title='bbox 2489 542 2647 597; x_wconf 78' lang='lat' dir='ltr'><strong>Aliud</strong></span> <span class='ocrx_word' id='word_1_20' title='bbox 2676 532 2783 597; x_wconf 87' lang='lat' dir='ltr'><strong>ibi:</strong></span> <span class='ocrx_word' id='word_1_21' title='bbox 2811 541 3064 597; x_wconf 76' lang='lat' dir='ltr'><strong>Dominus</strong></span> <span class='ocrx_word' id='word_1_22' title='bbox 3093 544 3349 613; x_wconf 79' lang='lat' dir='ltr'><strong>regnavit,</strong></span> <span class='ocrx_word' id='word_1_23' title='bbox 3372 546 3521 600; x_wconf 88' lang='lat' dir='ltr'><strong>indi-</strong></span> 
     </span>
    </p>
   </div>
   <div class='ocr_carea' id='block_1_4' title="bbox 260 634 1843 714">
    <p class='ocr_par' dir='ltr' id='par_1_4' title="bbox 260 644 1836 714">
     <span class='ocr_line' id='line_1_4' title="bbox 260 644 1836 714; baseline 0.003 -20"><span class='ocrx_word' id='word_1_24' title='bbox 260 662 280 694; x_wconf 72' lang='grc' dir='ltr'><strong>ι</strong></span> <span class='ocrx_word' id='word_1_25' title='bbox 315 645 396 706; x_wconf 78' lang='grc' dir='ltr'>δὲ,</span> <span class='ocrx_word' id='word_1_26' title='bbox 445 644 508 697; x_wconf 88' lang='lat'><strong>&#39;0</strong></span> <span class='ocrx_word' id='word_1_27' title='bbox 546 645 756 712; x_wconf 81' lang='grc' dir='ltr'>Κύριος</span> <span class='ocrx_word' id='word_1_28' title='bbox 775 645 1152 710; x_wconf 75' lang='grc' dir='ltr'>ἐϐασίλευσε,</span> <span class='ocrx_word' id='word_1_29' title='bbox 1201 644 1634 714; x_wconf 67' lang='grc' dir='ltr'>ὀργιζὲσθωσαν</span> <span class='ocrx_word' id='word_1_30' title='bbox 1676 644 1836 698; x_wconf 75' lang='grc' dir='ltr'>λαοί.</span> 
     </span>
    </p>
   </div>
   <div class='ocr_carea' id='block_1_5' title="bbox 1951 634 3517 714">
    <p class='ocr_par' dir='ltr' id='par_1_5' title="bbox 1951 634 3517 708">
     <span class='ocr_line' id='line_1_5' title="bbox 1951 634 3517 708; baseline 0.004 -24"><span class='ocrx_word' id='word_1_31' title='bbox 1951 651 1967 684; x_wconf 81' lang='grc' dir='ltr'><strong>ι</strong></span> <span class='ocrx_word' id='word_1_32' title='bbox 2010 644 2233 703; x_wconf 80' lang='lat' dir='ltr'><strong>gnentur</strong></span> <span class='ocrx_word' id='word_1_33' title='bbox 2274 634 2450 702; x_wconf 85' lang='lat' dir='ltr'><strong>papuli</strong></span> <span class='ocrx_word' id='word_1_34' title='bbox 2498 636 2565 687; x_wconf 79' lang='lat'><strong>&quot;.</strong></span> <span class='ocrx_word' id='word_1_35' title='bbox 2626 652 2645 686; x_wconf 73' lang='grc' dir='ltr'><strong>ι</strong></span> <span class='ocrx_word' id='word_1_36' title='bbox 2685 635 2846 689; x_wconf 83' lang='lat' dir='ltr'><strong>Aliud</strong></span> <span class='ocrx_word' id='word_1_37' title='bbox 2887 652 2900 687; x_wconf 87' lang='lat'><strong>:</strong></span> <span class='ocrx_word' id='word_1_38' title='bbox 2941 634 3201 691; x_wconf 88' lang='lat' dir='ltr'><strong>Dominus</strong></span> <span class='ocrx_word' id='word_1_39' title='bbox 3262 638 3517 708; x_wconf 70' lang='lat' dir='ltr'><strong>regnavit,</strong></span> 
     </span>
    </p>
   </div>
   <div class='ocr_carea' id='block_1_6' title="bbox 260 723 1843 805">
    <p class='ocr_par' dir='ltr' id='par_1_6' title="bbox 260 731 1839 805">
     <span class='ocr_line' id='line_1_6' title="bbox 260 731 1839 805; baseline 0.003 -19"><span class='ocrx_word' id='word_1_40' title='bbox 260 752 282 786; x_wconf 73' lang='grc' dir='ltr'><strong>ι</strong></span> <span class='ocrx_word' id='word_1_41' title='bbox 323 735 438 789; x_wconf 73' lang='grc' dir='ltr'><strong>Καὶ</strong></span> <span class='ocrx_word' id='word_1_42' title='bbox 465 731 641 799; x_wconf 77' lang='grc' dir='ltr'>αὖθις·</span> <span class='ocrx_word' id='word_1_43' title='bbox 686 737 746 789; x_wconf 87' lang='lat'><strong>&#39;0</strong></span> <span class='ocrx_word' id='word_1_44' title='bbox 766 738 981 804; x_wconf 80' lang='grc' dir='ltr'>Κύριος</span> <span class='ocrx_word' id='word_1_45' title='bbox 1007 738 1426 800; x_wconf 76' lang='grc' dir='ltr'>ἐϐασίλευσεν,</span> <span class='ocrx_word' id='word_1_46' title='bbox 1458 735 1839 805; x_wconf 73' lang='grc' dir='ltr'>ἁγαλλιάσθω</span> 
     </span>
    </p>
   </div>
   <div class='ocr_carea' id='block_1_7' title="bbox 1951 723 3621 805">
    <p class='ocr_par' dir='ltr' id='par_1_7' title="bbox 1951 723 3621 797">
     <span class='ocr_line' id='line_1_7' title="bbox 1951 723 3621 797; baseline 0.005 -21"><span class='ocrx_word' id='word_1_47' title='bbox 1951 742 1965 776; x_wconf 88' lang='grc' dir='ltr'><strong>ι</strong></span> <span class='ocrx_word' id='word_1_48' title='bbox 2013 723 2234 778; x_wconf 74' lang='lat' dir='ltr'><strong>exsultet</strong></span> <span class='ocrx_word' id='word_1_49' title='bbox 2276 734 2437 778; x_wconf 89' lang='lat' dir='ltr'><strong>terra.</strong></span> <span class='ocrx_word' id='word_1_50' title='bbox 2486 723 2719 780; x_wconf 86' lang='lat' dir='ltr'><strong>Omnino</strong></span> <span class='ocrx_word' id='word_1_51' title='bbox 2760 728 3033 781; x_wconf 80' lang='lat' dir='ltr'><strong>sexcentis</strong></span> <span class='ocrx_word' id='word_1_52' title='bbox 3074 727 3202 783; x_wconf 84' lang='lat' dir='ltr'><strong>licet</strong></span> <span class='ocrx_word' id='word_1_53' title='bbox 3233 744 3299 784; x_wconf 81' lang='lat' dir='ltr'><strong>ex</strong></span> <span class='ocrx_word' id='word_1_54' title='bbox 3346 733 3520 784; x_wconf 73' lang='lat' dir='ltr'><strong>aliun-</strong></span> <span class='ocrx_word' id='word_1_55' title='bbox 3618 794 3621 797; x_wconf 22' lang='grc' dir='ltr'><strong>γ</strong></span> 
     </span>
    </p>
   </div>
   <div class='ocr_carea' id='block_1_8' title="bbox 259 818 1843 910">
    <p class='ocr_par' dir='ltr' id='par_1_8' title="bbox 259 836 1838 910">
     <span class='ocr_line' id='line_1_8' title="bbox 259 836 1838 910; baseline -0.001 -19"><span class='ocrx_word' id='word_1_56' title='bbox 259 854 280 891; x_wconf 80' lang='lat' dir='ltr'><strong>s</strong></span> <span class='ocrx_word' id='word_1_57' title='bbox 320 838 360 905; x_wconf 76' lang='grc' dir='ltr'>ἡ</span> <span class='ocrx_word' id='word_1_58' title='bbox 546 839 656 891; x_wconf 76' lang='grc' dir='ltr'>Καὶ</span> <span class='ocrx_word' id='word_1_59' title='bbox 704 839 841 901; x_wconf 82' lang='grc' dir='ltr'>ὅλως</span> <span class='ocrx_word' id='word_1_60' title='bbox 880 840 1088 909; x_wconf 82' lang='grc' dir='ltr'>μυρίων</span> <span class='ocrx_word' id='word_1_61' title='bbox 1138 839 1316 910; x_wconf 79' lang='grc' dir='ltr'>ῥητῶν</span> <span class='ocrx_word' id='word_1_62' title='bbox 1355 838 1491 910; x_wconf 81' lang='grc' dir='ltr'>πρὸς</span> <span class='ocrx_word' id='word_1_63' title='bbox 1537 836 1838 908; x_wconf 81' lang='grc' dir='ltr'>μαρτυρίαν</span> 
     </span>
    </p>
   </div>
   <div class='ocr_carea' id='block_1_9' title="bbox 1951 818 3517 910">
    <p class='ocr_par' dir='ltr' id='par_1_9' title="bbox 1951 818 3517 889">
     <span class='ocr_line' id='line_1_9' title="bbox 1951 818 3517 889; baseline 0.005 -19"><span class='ocrx_word' id='word_1_64' title='bbox 1951 837 1967 870; x_wconf 83' lang='grc' dir='ltr'><strong>ι</strong></span> <span class='ocrx_word' id='word_1_65' title='bbox 2014 818 2165 873; x_wconf 89' lang='lat' dir='ltr'><strong>danti</strong></span> <span class='ocrx_word' id='word_1_66' title='bbox 2232 820 2556 874; x_wconf 91' lang='lat' dir='ltr'><strong>testimoniis</strong></span> <span class='ocrx_word' id='word_1_67' title='bbox 2612 820 2715 875; x_wconf 88' lang='lat' dir='ltr'><strong>hoc</strong></span> <span class='ocrx_word' id='word_1_68' title='bbox 2773 820 2911 874; x_wconf 82' lang='lat' dir='ltr'><strong>idem</strong></span> <span class='ocrx_word' id='word_1_69' title='bbox 2970 822 3363 889; x_wconf 86' lang='lat' dir='ltr'><strong>comprobare,</strong></span> <span class='ocrx_word' id='word_1_70' title='bbox 3426 824 3517 878; x_wconf 79' lang='lat' dir='ltr'><strong>vix</strong></span> 
     </span>
    </p>
   </div>
   <div class='ocr_carea' id='block_1_10' title="bbox 264 912 1843 1009">
    <p class='ocr_par' dir='ltr' id='par_1_10' title="bbox 264 921 1842 1009">
     <span class='ocr_line' id='line_1_10' title="bbox 264 921 1842 1009; baseline -0.001 -19"><span class='ocrx_word' id='word_1_71' title='bbox 264 956 283 990; x_wconf 78' lang='lat' dir='ltr'><strong>s</strong></span> <span class='ocrx_word' id='word_1_72' title='bbox 320 935 473 991; x_wconf 74' lang='grc' dir='ltr'>ἔστιν</span> <span class='ocrx_word' id='word_1_73' title='bbox 502 939 880 1009; x_wconf 74' lang='grc' dir='ltr'>εὐπορήσαντα</span> <span class='ocrx_word' id='word_1_74' title='bbox 917 921 1107 1002; x_wconf 62' lang='grc' dir='ltr'>δείξαι,</span> <span class='ocrx_word' id='word_1_75' title='bbox 1152 939 1232 991; x_wconf 85' lang='grc' dir='ltr'>ὅτι</span> <span class='ocrx_word' id='word_1_76' title='bbox 1260 938 1432 1009; x_wconf 78' lang='grc' dir='ltr'>ἀρχὴν</span> <span class='ocrx_word' id='word_1_77' title='bbox 1466 936 1741 1007; x_wconf 80' lang='grc' dir='ltr'>βασιλείας</span> <span class='ocrx_word' id='word_1_78' title='bbox 1766 935 1842 988; x_wconf 75' lang='grc' dir='ltr'><strong>εἴ·</strong></span> 
     </span>
    </p>
   </div>
   <div class='ocr_carea' id='block_1_11' title="bbox 1951 912 3518 1009">
    <p class='ocr_par' dir='ltr' id='par_1_11' title="bbox 1951 912 3518 982">
     <span class='ocr_line' id='line_1_11' title="bbox 1951 912 3518 982; baseline 0.005 -19"><span class='ocrx_word' id='word_1_79' title='bbox 1951 929 1968 963; x_wconf 81' lang='grc' dir='ltr'><strong>ι</strong></span> <span class='ocrx_word' id='word_1_80' title='bbox 2017 912 2164 980; x_wconf 81' lang='lat' dir='ltr'><strong>regni</strong></span> <span class='ocrx_word' id='word_1_81' title='bbox 2212 912 2294 965; x_wconf 88' lang='lat' dir='ltr'><strong>sui</strong></span> <span class='ocrx_word' id='word_1_82' title='bbox 2347 912 2561 965; x_wconf 89' lang='lat' dir='ltr'><strong>initium</strong></span> <span class='ocrx_word' id='word_1_83' title='bbox 2607 912 2880 965; x_wconf 90' lang='lat' dir='ltr'><strong>hominem</strong></span> <span class='ocrx_word' id='word_1_84' title='bbox 2929 926 3025 982; x_wconf 88' lang='lat' dir='ltr'><strong>per</strong></span> <span class='ocrx_word' id='word_1_85' title='bbox 3068 914 3305 969; x_wconf 77' lang='lat' dir='ltr'><strong>Verbum</strong></span> <span class='ocrx_word' id='word_1_86' title='bbox 3356 931 3518 971; x_wconf 85' lang='lat' dir='ltr'><strong>acce-</strong></span> 
     </span>
    </p>
   </div>
   <div class='ocr_carea' id='block_1_12' title="bbox 1950 1003 3517 1076">
    <p class='ocr_par' dir='ltr' id='par_1_12' title="bbox 1950 1003 3517 1076">
     <span class='ocr_line' id='line_1_12' title="bbox 1950 1003 3517 1076; baseline 0.006 -20"><span class='ocrx_word' id='word_1_87' title='bbox 1950 1021 1969 1056; x_wconf 75' lang='lat' dir='ltr'><strong>s</strong></span> <span class='ocrx_word' id='word_1_88' title='bbox 2016 1004 2182 1075; x_wconf 85' lang='lat' dir='ltr'><strong>pisse.</strong></span> <span class='ocrx_word' id='word_1_89' title='bbox 2218 1003 2371 1070; x_wconf 83' lang='lat' dir='ltr'><strong>Quod</strong></span> <span class='ocrx_word' id='word_1_90' title='bbox 2402 1004 2445 1058; x_wconf 91' lang='lat' dir='ltr'><strong>si</strong></span> <span class='ocrx_word' id='word_1_91' title='bbox 2482 1004 2630 1074; x_wconf 76' lang='lat' dir='ltr'><strong>regni</strong></span> <span class='ocrx_word' id='word_1_92' title='bbox 2663 1005 2875 1059; x_wconf 90' lang='lat' dir='ltr'><strong>initium</strong></span> <span class='ocrx_word' id='word_1_93' title='bbox 2916 1008 3121 1076; x_wconf 88' lang='lat' dir='ltr'><strong>accepit</strong></span> <span class='ocrx_word' id='word_1_94' title='bbox 3181 1009 3342 1064; x_wconf 90' lang='lat' dir='ltr'><strong>homo</strong></span> <span class='ocrx_word' id='word_1_95' title='bbox 3389 1019 3517 1065; x_wconf 80' lang='lat' dir='ltr'><strong>ante</strong></span> 
     </span>
    </p>
   </div>
   <div class='ocr_carea' id='block_1_13' title="bbox 1949 1080 3525 1168">
    <p class='ocr_par' dir='ltr' id='par_1_13' title="bbox 1949 1080 3525 1168">
     <span class='ocr_line' id='line_1_13' title="bbox 1949 1080 3525 1168; baseline 0.004 -17"><span class='ocrx_word' id='word_1_96' title='bbox 1949 1116 1969 1151; x_wconf 79' lang='grc' dir='ltr'><strong>ι</strong></span> <span class='ocrx_word' id='word_1_97' title='bbox 2015 1080 2188 1153; x_wconf 86' lang='lat' dir='ltr'><strong>annos</strong></span> <span class='ocrx_word' id='word_1_98' title='bbox 2217 1097 2453 1153; x_wconf 91' lang='lat' dir='ltr'><strong>nondum</strong></span> <span class='ocrx_word' id='word_1_99' title='bbox 2479 1112 2607 1153; x_wconf 86' lang='lat' dir='ltr'><strong>cccc</strong></span> <span class='ocrx_word' id='word_1_100' title='bbox 2623 1097 2940 1168; x_wconf 89' lang='lat' dir='ltr'><strong>completos,</strong></span> <span class='ocrx_word' id='word_1_101' title='bbox 2965 1100 3095 1154; x_wconf 89' lang='lat' dir='ltr'><strong>nihil</strong></span> <span class='ocrx_word' id='word_1_102' title='bbox 3122 1110 3205 1155; x_wconf 88' lang='lat' dir='ltr'><strong>est</strong></span> <span class='ocrx_word' id='word_1_103' title='bbox 3230 1102 3449 1157; x_wconf 90' lang='lat' dir='ltr'><strong>absurdi</strong></span> <span class='ocrx_word' id='word_1_104' title='bbox 3471 1102 3525 1158; x_wconf 80' lang='lat' dir='ltr'><strong>si</strong></span> 
     </span>
    </p>
   </div>
   <div class='ocr_carea' id='block_1_14' title="bbox 1949 1190 3514 1264">
    <p class='ocr_par' dir='ltr' id='par_1_14' title="bbox 1949 1190 3514 1264">
     <span class='ocr_line' id='line_1_14' title="bbox 1949 1190 3514 1264; baseline 0.005 -20"><span class='ocrx_word' id='word_1_105' title='bbox 1949 1210 1969 1244; x_wconf 84' lang='lat' dir='ltr'><strong>s</strong></span> <span class='ocrx_word' id='word_1_106' title='bbox 2008 1192 2294 1261; x_wconf 70' lang='lat' dir='ltr'><strong>Apostolus</strong></span> <span class='ocrx_word' id='word_1_107' title='bbox 2346 1190 2591 1262; x_wconf 83' lang='lat' dir='ltr'><strong>allirmet,</strong></span> <span class='ocrx_word' id='word_1_108' title='bbox 2644 1192 2793 1245; x_wconf 91' lang='lat' dir='ltr'><strong>illum</strong></span> <span class='ocrx_word' id='word_1_109' title='bbox 2853 1192 2941 1261; x_wconf 87' lang='lat' dir='ltr'><strong>qui</strong></span> <span class='ocrx_word' id='word_1_110' title='bbox 2999 1194 3209 1261; x_wconf 90' lang='lat' dir='ltr'><strong>accepit</strong></span> <span class='ocrx_word' id='word_1_111' title='bbox 3262 1210 3514 1264; x_wconf 83' lang='lat' dir='ltr'><strong>regnum.</strong></span> 
     </span>
    </p>
   </div>
   <div class='ocr_carea' id='block_1_15' title="bbox 1950 1283 3515 1354">
    <p class='ocr_par' dir='ltr' id='par_1_15' title="bbox 1950 1283 3515 1354">
     <span class='ocr_line' id='line_1_15' title="bbox 1950 1283 3515 1354; baseline 0.002 -19"><span class='ocrx_word' id='word_1_112' title='bbox 1950 1301 1969 1335; x_wconf 78' lang='grc' dir='ltr'><strong>ι</strong></span> <span class='ocrx_word' id='word_1_113' title='bbox 2013 1284 2173 1339; x_wconf 88' lang='lat' dir='ltr'><strong>annis</strong></span> <span class='ocrx_word' id='word_1_114' title='bbox 2220 1283 2417 1337; x_wconf 82' lang='lat' dir='ltr'><strong>abhinc</strong></span> <span class='ocrx_word' id='word_1_115' title='bbox 2479 1294 2584 1337; x_wconf 86' lang='lat' dir='ltr'><strong>tam</strong></span> <span class='ocrx_word' id='word_1_116' title='bbox 2638 1283 2978 1354; x_wconf 84' lang='lat' dir='ltr'><strong>paucissimis</strong></span> <span class='ocrx_word' id='word_1_117' title='bbox 3016 1284 3250 1353; x_wconf 84' lang='lat' dir='ltr'><strong>elapsis,</strong></span> <span class='ocrx_word' id='word_1_118' title='bbox 3301 1300 3515 1339; x_wconf 82' lang='lat' dir='ltr'><strong>sursum</strong></span> 
     </span>
    </p>
   </div>
   <div class='ocr_carea' id='block_1_16' title="bbox 1951 1376 3523 1446">
    <p class='ocr_par' dir='ltr' id='par_1_16' title="bbox 1951 1376 3523 1446">
     <span class='ocr_line' id='line_1_16' title="bbox 1951 1376 3523 1446; baseline 0.004 -19"><span class='ocrx_word' id='word_1_119' title='bbox 1951 1393 1971 1427; x_wconf 79' lang='grc' dir='ltr'><strong>ι</strong></span> <span class='ocrx_word' id='word_1_120' title='bbox 2016 1376 2347 1430; x_wconf 83' lang='lat' dir='ltr'><strong>redditurum</strong></span> <span class='ocrx_word' id='word_1_121' title='bbox 2382 1390 2501 1430; x_wconf 91' lang='lat' dir='ltr'><strong>esse</strong></span> <span class='ocrx_word' id='word_1_122' title='bbox 2540 1391 2763 1445; x_wconf 77' lang='lat' dir='ltr'><strong>regnum</strong></span> <span class='ocrx_word' id='word_1_123' title='bbox 2800 1377 2933 1441; x_wconf 88' lang='lat' dir='ltr'><strong>Deo,</strong></span> <span class='ocrx_word' id='word_1_124' title='bbox 2961 1377 3050 1446; x_wconf 92' lang='lat' dir='ltr'><strong>qui</strong></span> <span class='ocrx_word' id='word_1_125' title='bbox 3087 1377 3258 1443; x_wconf 90' lang='lat' dir='ltr'><strong>illum,</strong></span> <span class='ocrx_word' id='word_1_126' title='bbox 3291 1389 3349 1432; x_wconf 94' lang='lat' dir='ltr'><strong>ut</strong></span> <span class='ocrx_word' id='word_1_127' title='bbox 3374 1377 3523 1433; x_wconf 86' lang='lat' dir='ltr'><strong>Scri-</strong></span> 
     </span>
    </p>
   </div>
   <div class='ocr_carea' id='block_1_17' title="bbox 1950 1466 3517 1538">
    <p class='ocr_par' dir='ltr' id='par_1_17' title="bbox 1950 1466 3517 1538">
     <span class='ocr_line' id='line_1_17' title="bbox 1950 1466 3517 1538; baseline 0.003 -21"><span class='ocrx_word' id='word_1_128' title='bbox 1950 1484 1969 1517; x_wconf 77' lang='lat' dir='ltr'><strong>s</strong></span> <span class='ocrx_word' id='word_1_129' title='bbox 2017 1475 2168 1535; x_wconf 69' lang='lat' dir='ltr'><strong>plura</strong></span> <span class='ocrx_word' id='word_1_130' title='bbox 2221 1467 2335 1531; x_wconf 88' lang='lat' dir='ltr'><strong>ait,</strong></span> <span class='ocrx_word' id='word_1_131' title='bbox 2380 1467 2661 1521; x_wconf 80' lang='lat' dir='ltr'><strong>conStituit</strong></span> <span class='ocrx_word' id='word_1_132' title='bbox 2710 1481 2911 1537; x_wconf 82' lang='lat' dir='ltr'><strong>regem.</strong></span> <span class='ocrx_word' id='word_1_133' title='bbox 2968 1485 2986 1519; x_wconf 76' lang='grc' dir='ltr'><strong>ι</strong></span> <span class='ocrx_word' id='word_1_134' title='bbox 3047 1466 3177 1523; x_wconf 84' lang='lat' dir='ltr'><strong>Post</strong></span> <span class='ocrx_word' id='word_1_135' title='bbox 3225 1483 3394 1538; x_wconf 68' lang='lat' dir='ltr'><strong>pauca</strong></span> <span class='ocrx_word' id='word_1_136' title='bbox 3442 1468 3517 1522; x_wconf 91' lang='lat' dir='ltr'><strong>ita</strong></span> 
     </span>
    </p>
   </div>
   <div class='ocr_carea' id='block_1_18' title="bbox 1946 1557 3518 1630">
    <p class='ocr_par' dir='ltr' id='par_1_18' title="bbox 1946 1557 3518 1630">
     <span class='ocr_line' id='line_1_18' title="bbox 1946 1557 3518 1630; baseline 0.001 -18"><span class='ocrx_word' id='word_1_137' title='bbox 1946 1559 2136 1612; x_wconf 81' lang='lat' dir='ltr'><strong>scribit</strong></span> <span class='ocrx_word' id='word_1_138' title='bbox 2184 1557 2283 1630; x_wconf 75' lang='grc' dir='ltr'><strong>[Β.</strong></span> <span class='ocrx_word' id='word_1_139' title='bbox 2318 1557 2455 1629; x_wconf 82' lang='lat' dir='ltr'><strong>CIII]</strong></span> <span class='ocrx_word' id='word_1_140' title='bbox 2488 1574 2501 1610; x_wconf 92' lang='lat'><strong>:</strong></span> <span class='ocrx_word' id='word_1_141' title='bbox 2534 1565 2591 1623; x_wconf 68' lang='lat'><strong>&gt;14</strong></span> <span class='ocrx_word' id='word_1_142' title='bbox 2639 1576 2658 1610; x_wconf 74' lang='grc' dir='ltr'><strong>ι</strong></span> <span class='ocrx_word' id='word_1_143' title='bbox 2688 1559 2855 1628; x_wconf 82' lang='lat' dir='ltr'><strong>Igitur</strong></span> <span class='ocrx_word' id='word_1_144' title='bbox 2894 1558 3010 1613; x_wconf 88' lang='lat' dir='ltr'><strong>sola</strong></span> <span class='ocrx_word' id='word_1_145' title='bbox 3057 1561 3370 1628; x_wconf 83' lang='lat' dir='ltr'><strong>operatione</strong></span> <span class='ocrx_word' id='word_1_146' title='bbox 3394 1599 3410 1625; x_wconf 92' lang='lat'><strong>,</strong></span> <span class='ocrx_word' id='word_1_147' title='bbox 3464 1570 3518 1614; x_wconf 80' lang='lat' dir='ltr'><strong>et</strong></span> 
     </span>
    </p>
   </div>
   <div class='ocr_carea' id='block_1_19' title="bbox 1956 1651 3519 1723">
    <p class='ocr_par' dir='ltr' id='par_1_19' title="bbox 1956 1651 3519 1723">
     <span class='ocr_line' id='line_1_19' title="bbox 1956 1651 3519 1723; baseline 0.004 -23"><span class='ocrx_word' id='word_1_148' title='bbox 1956 1666 1973 1700; x_wconf 77' lang='grc' dir='ltr'><strong>ι</strong></span> <span class='ocrx_word' id='word_1_149' title='bbox 2020 1651 2236 1717; x_wconf 81' lang='lat' dir='ltr'><strong>quidem</strong></span> <span class='ocrx_word' id='word_1_150' title='bbox 2273 1652 2373 1704; x_wconf 85' lang='lat' dir='ltr'><strong>sub</strong></span> <span class='ocrx_word' id='word_1_151' title='bbox 2403 1659 2666 1720; x_wconf 66' lang='lat' dir='ltr'><strong>praetextu</strong></span> <span class='ocrx_word' id='word_1_152' title='bbox 2691 1651 2893 1714; x_wconf 80' lang='lat' dir='ltr'><strong>carnis,</strong></span> <span class='ocrx_word' id='word_1_153' title='bbox 2931 1652 3208 1723; x_wconf 87' lang='lat' dir='ltr'><strong>hucusque</strong></span> <span class='ocrx_word' id='word_1_154' title='bbox 3236 1660 3519 1723; x_wconf 88' lang='lat' dir='ltr'><strong>separatus</strong></span> 
     </span>
    </p>
   </div>
   <div class='ocr_carea' id='block_1_20' title="bbox 823 1741 3516 1813">
    <p class='ocr_par' dir='ltr' id='par_1_20' title="bbox 823 1741 3516 1813">
     <span class='ocr_line' id='line_1_20' title="bbox 823 1741 3516 1813; baseline 0.003 -23"><span class='ocrx_word' id='word_1_155' title='bbox 823 1741 1021 1813; x_wconf 45' lang='grc' dir='ltr'><strong>,τ”ηί</strong></span> <span class='ocrx_word' id='word_1_156' title='bbox 1057 1741 1270 1813; x_wconf 55' lang='grc' dir='ltr'><strong>””,’“λ’</strong></span> <span class='ocrx_word' id='word_1_157' title='bbox 1327 1741 1675 1813; x_wconf 46' lang='grc' dir='ltr'><strong>⁷’έζζξέξξς</strong></span> <span class='ocrx_word' id='word_1_158' title='bbox 1708 1741 1813 1813; x_wconf 41' lang='grc' dir='ltr'><strong>’ς’ίίρ</strong></span> <span class='ocrx_word' id='word_1_159' title='bbox 1956 1759 1974 1792; x_wconf 75' lang='grc' dir='ltr'><strong>ι</strong></span> <span class='ocrx_word' id='word_1_160' title='bbox 2024 1759 2050 1792; x_wconf 87' lang='lat' dir='ltr'><strong>a</strong></span> <span class='ocrx_word' id='word_1_161' title='bbox 2103 1741 2259 1796; x_wconf 80' lang='lat' dir='ltr'><strong>Patre</strong></span> <span class='ocrx_word' id='word_1_162' title='bbox 2322 1742 2556 1805; x_wconf 89' lang='lat' dir='ltr'><strong>videtur,</strong></span> <span class='ocrx_word' id='word_1_163' title='bbox 2618 1757 2787 1810; x_wconf 88' lang='lat' dir='ltr'><strong>usque</strong></span> <span class='ocrx_word' id='word_1_164' title='bbox 2837 1743 2964 1796; x_wconf 93' lang='lat' dir='ltr'><strong>dum</strong></span> <span class='ocrx_word' id='word_1_165' title='bbox 3003 1744 3281 1798; x_wconf 84' lang='lat' dir='ltr'><strong>advenerit</strong></span> <span class='ocrx_word' id='word_1_166' title='bbox 3326 1743 3516 1813; x_wconf 87' lang='lat' dir='ltr'><strong>judicii</strong></span> 
     </span>
    </p>
   </div>
   <div class='ocr_carea' id='block_1_21' title="bbox 261 1793 1843 1900">
    <p class='ocr_par' dir='ltr' id='par_1_21' title="bbox 261 1793 1842 1866">
     <span class='ocr_line' id='line_1_21' title="bbox 261 1793 1842 1866; baseline 0 -21"><span class='ocrx_word' id='word_1_167' title='bbox 261 1812 281 1845; x_wconf 69' lang='grc' dir='ltr'>ς</span> <span class='ocrx_word' id='word_1_168' title='bbox 330 1812 497 1863; x_wconf 87' lang='grc' dir='ltr'>φασιν</span> <span class='ocrx_word' id='word_1_169' title='bbox 528 1794 653 1865; x_wconf 81' lang='grc' dir='ltr'>ἄχρι</span> <span class='ocrx_word' id='word_1_170' title='bbox 682 1795 935 1848; x_wconf 79' lang='grc' dir='ltr'>τοσούτου</span> <span class='ocrx_word' id='word_1_171' title='bbox 966 1796 1313 1866; x_wconf 84' lang='grc' dir='ltr'>κεχωρῆσθαι</span> <span class='ocrx_word' id='word_1_172' title='bbox 1348 1794 1439 1847; x_wconf 80' lang='grc' dir='ltr'>τοῦ</span> <span class='ocrx_word' id='word_1_173' title='bbox 1468 1794 1678 1866; x_wconf 77' lang='grc' dir='ltr'>[ἰατρὸς</span> <span class='ocrx_word' id='word_1_174' title='bbox 1715 1793 1842 1861; x_wconf 86' lang='grc' dir='ltr'>φαί-</span> 
     </span>
    </p>
   </div>
   <div class='ocr_carea' id='block_1_22' title="bbox 1951 1793 3517 1900">
    <p class='ocr_par' dir='ltr' id='par_1_22' title="bbox 1953 1793 3517 1900">
     <span class='ocr_line' id='line_1_22' title="bbox 2186 1793 3516 1813; baseline 0.003 -19"><span class='ocrx_word' id='word_1_175' title='bbox 2361 1793 2397 1795; x_wconf 73' lang='lat'><strong>_-</strong></span> <span class='ocrx_word' id='word_1_176' title='bbox 2623 1793 2668 1795; x_wconf 50' lang='grc' dir='ltr'>η</span> <span class='ocrx_word' id='word_1_177' title='bbox 2844 1793 2963 1796; x_wconf 40' lang='grc' dir='ltr'><strong>η.--</strong></span> <span class='ocrx_word' id='word_1_178' title='bbox 3005 1793 3280 1798; x_wconf 39' lang='grc' dir='ltr'><strong>ηψπ-.-</strong></span> <span class='ocrx_word' id='word_1_179' title='bbox 3326 1793 3516 1813; x_wconf 48' lang='grc' dir='ltr'><strong>νη-.-</strong></span> 
     </span>
     <span class='ocr_line' id='line_1_23' title="bbox 1953 1831 3517 1900; baseline 0.004 -19"><span class='ocrx_word' id='word_1_180' title='bbox 1953 1847 1971 1881; x_wconf 83' lang='lat' dir='ltr'><strong>s</strong></span> <span class='ocrx_word' id='word_1_181' title='bbox 2022 1842 2252 1900; x_wconf 81' lang='lat' dir='ltr'><strong>tempus,</strong></span> <span class='ocrx_word' id='word_1_182' title='bbox 2284 1841 2340 1884; x_wconf 92' lang='lat' dir='ltr'><strong>ut</strong></span> <span class='ocrx_word' id='word_1_183' title='bbox 2368 1831 2597 1900; x_wconf 90' lang='lat' dir='ltr'><strong>quieum</strong></span> <span class='ocrx_word' id='word_1_184' title='bbox 2630 1831 3012 1887; x_wconf 80' lang='lat' dir='ltr'><strong>trauslixerant</strong></span> <span class='ocrx_word' id='word_1_185' title='bbox 3033 1833 3084 1886; x_wconf 92' lang='lat' dir='ltr'><strong>in</strong></span> <span class='ocrx_word' id='word_1_186' title='bbox 3109 1847 3231 1888; x_wconf 87' lang='lat' dir='ltr'><strong>eum</strong></span> <span class='ocrx_word' id='word_1_187' title='bbox 3265 1834 3517 1888; x_wconf 88' lang='lat' dir='ltr'><strong>intuean-</strong></span> 
     </span>
    </p>
   </div>
   <div class='ocr_carea' id='block_1_23' title="bbox 262 1880 1843 1994">
    <p class='ocr_par' dir='ltr' id='par_1_23' title="bbox 262 1880 1841 1994">
     <span class='ocr_line' id='line_1_24' title="bbox 262 1880 1841 1959; baseline 0.001 -22"><span class='ocrx_word' id='word_1_188' title='bbox 262 1905 281 1937; x_wconf 72' lang='grc' dir='ltr'><strong>ι</strong></span> <span class='ocrx_word' id='word_1_189' title='bbox 330 1904 502 1949; x_wconf 87' lang='grc' dir='ltr'>νεται,</span> <span class='ocrx_word' id='word_1_190' title='bbox 556 1888 715 1957; x_wconf 76' lang='grc' dir='ltr'>ἄχρις</span> <span class='ocrx_word' id='word_1_191' title='bbox 751 1880 810 1939; x_wconf 74' lang='grc' dir='ltr'>οὗ</span> <span class='ocrx_word' id='word_1_192' title='bbox 860 1887 925 1940; x_wconf 88' lang='grc' dir='ltr'><strong>ἂν</strong></span> <span class='ocrx_word' id='word_1_193' title='bbox 963 1891 990 1941; x_wconf 88' lang='grc' dir='ltr'>ὁ</span> <span class='ocrx_word' id='word_1_194' title='bbox 1038 1887 1277 1959; x_wconf 88' lang='grc' dir='ltr'>προσιὼν</span> <span class='ocrx_word' id='word_1_195' title='bbox 1314 1887 1413 1956; x_wconf 76' lang='grc' dir='ltr'>τῆς</span> <span class='ocrx_word' id='word_1_196' title='bbox 1444 1887 1677 1959; x_wconf 88' lang='grc' dir='ltr'>κρίσεως</span> <span class='ocrx_word' id='word_1_197' title='bbox 1710 1888 1841 1939; x_wconf 88' lang='grc' dir='ltr'>ἀνα-</span> 
     </span>
     <span class='ocr_line' id='line_1_25' title="bbox 341 1976 1823 1994; baseline 0 0"><span class='ocrx_word' id='word_1_198' title='bbox 445 1978 471 1994; x_wconf 63' lang='grc'><strong>,</strong></span> <span class='ocrx_word' id='word_1_199' title='bbox 670 1977 722 1994; x_wconf 62' lang='lat'><strong>.,</strong></span> <span class='ocrx_word' id='word_1_200' title='bbox 819 1976 899 1994; x_wconf 44' lang='grc' dir='ltr'><strong>ειη</strong></span> <span class='ocrx_word' id='word_1_201' title='bbox 992 1976 1016 1987; x_wconf 83' lang='grc'><strong><em>-</em></strong></span> <span class='ocrx_word' id='word_1_202' title='bbox 1319 1976 1358 1994; x_wconf 79' lang='lat'><strong>_-</strong></span> <span class='ocrx_word' id='word_1_203' title='bbox 1500 1978 1514 1994; x_wconf 62' lang='grc' dir='ltr'>ε</span> <span class='ocrx_word' id='word_1_204' title='bbox 1609 1992 1699 1994; x_wconf 21' lang='grc' dir='ltr'><strong>θην</strong></span> <span class='ocrx_word' id='word_1_205' title='bbox 1741 1976 1823 1994; x_wconf 31' lang='grc' dir='ltr'>,ιν</span> 
     </span>
    </p>
   </div>
   <div class='ocr_carea' id='block_1_24' title="bbox 1951 1880 3517 1994">
    <p class='ocr_par' dir='ltr' id='par_1_24' title="bbox 1954 1920 3517 1994">
     <span class='ocr_line' id='line_1_26' title="bbox 1954 1920 3517 1994; baseline 0.003 -20"><span class='ocrx_word' id='word_1_206' title='bbox 1954 1940 1971 1974; x_wconf 78' lang='grc' dir='ltr'><strong>ι</strong></span> <span class='ocrx_word' id='word_1_207' title='bbox 2022 1933 2108 1975; x_wconf 89' lang='lat' dir='ltr'><strong>tur</strong></span> <span class='ocrx_word' id='word_1_208' title='bbox 2136 1936 2293 1988; x_wconf 89' lang='lat' dir='ltr'><strong>quem</strong></span> <span class='ocrx_word' id='word_1_209' title='bbox 2331 1920 2734 1986; x_wconf 82' lang='lat' dir='ltr'><strong>transﬁxerant,</strong></span> <span class='ocrx_word' id='word_1_210' title='bbox 2788 1932 2842 1974; x_wconf 93' lang='lat' dir='ltr'><strong>et</strong></span> <span class='ocrx_word' id='word_1_211' title='bbox 2890 1922 2963 1976; x_wconf 91' lang='lat' dir='ltr'><strong>ita</strong></span> <span class='ocrx_word' id='word_1_212' title='bbox 3011 1924 3223 1977; x_wconf 88' lang='lat' dir='ltr'><strong>demum</strong></span> <span class='ocrx_word' id='word_1_213' title='bbox 3273 1925 3324 1978; x_wconf 88' lang='lat' dir='ltr'><strong>id</strong></span> <span class='ocrx_word' id='word_1_214' title='bbox 3375 1928 3517 1994; x_wconf 93' lang='lat' dir='ltr'><strong>quod</strong></span> 
     </span>
    </p>
   </div>
   <div class='ocr_carea' id='block_1_25' title="bbox 265 1976 1848 2047">
    <p class='ocr_par' dir='ltr' id='par_1_25' title="bbox 265 1976 1848 2047">
     <span class='ocr_line' id='line_1_27' title="bbox 265 1976 1848 2047; baseline 0.002 -21"><span class='ocrx_word' id='word_1_215' title='bbox 265 1994 284 2026; x_wconf 72' lang='grc' dir='ltr'><strong>ι</strong></span> <span class='ocrx_word' id='word_1_216' title='bbox 334 1978 475 2045; x_wconf 78' lang='grc' dir='ltr'>φανῇ</span> <span class='ocrx_word' id='word_1_217' title='bbox 536 1977 764 2047; x_wconf 58' lang='grc' dir='ltr'>καιρός,</span> <span class='ocrx_word' id='word_1_218' title='bbox 819 1976 905 2027; x_wconf 81' lang='grc' dir='ltr'><strong>ἵνα</strong></span> <span class='ocrx_word' id='word_1_219' title='bbox 950 1976 1059 2028; x_wconf 87' lang='grc' dir='ltr'><strong>τῶν</strong></span> <span class='ocrx_word' id='word_1_220' title='bbox 1135 1976 1435 2046; x_wconf 72' lang='grc' dir='ltr'>τηνικαῦτα</span> <span class='ocrx_word' id='word_1_221' title='bbox 1496 1976 1848 2047; x_wconf 84' lang='grc' dir='ltr'>ἑκκεντησάν-</span> 
     </span>
    </p>
   </div>
   <div class='ocr_carea' id='block_1_26' title="bbox 266 2068 1845 2141">
    <p class='ocr_par' dir='ltr' id='par_1_26' title="bbox 266 2068 1845 2141">
     <span class='ocr_line' id='line_1_28' title="bbox 266 2068 1845 2141; baseline 0.003 -24"><span class='ocrx_word' id='word_1_222' title='bbox 266 2087 284 2117; x_wconf 75' lang='grc' dir='ltr'><strong>ι</strong></span> <span class='ocrx_word' id='word_1_223' title='bbox 330 2085 461 2133; x_wconf 85' lang='grc' dir='ltr'>των,</span> <span class='ocrx_word' id='word_1_224' title='bbox 500 2068 638 2120; x_wconf 83' lang='grc' dir='ltr'><strong>κατά</strong></span> <span class='ocrx_word' id='word_1_225' title='bbox 665 2068 763 2139; x_wconf 82' lang='grc' dir='ltr'><strong>τὴν</strong></span> <span class='ocrx_word' id='word_1_226' title='bbox 792 2068 1151 2139; x_wconf 76' lang='grc' dir='ltr'>προφητείαν,</span> <span class='ocrx_word' id='word_1_227' title='bbox 1178 2068 1499 2141; x_wconf 79' lang='grc' dir='ltr'>ἑωρακότων</span> <span class='ocrx_word' id='word_1_228' title='bbox 1531 2069 1622 2120; x_wconf 88' lang='grc' dir='ltr'><strong>τὸν</strong></span> <span class='ocrx_word' id='word_1_229' title='bbox 1656 2070 1845 2121; x_wconf 82' lang='grc' dir='ltr'>ἐκκεν-</span> 
     </span>
    </p>
   </div>
   <div class='ocr_carea' id='block_1_27' title="bbox 260 1032 1841 1117">
    <p class='ocr_par' dir='ltr' id='par_1_27' title="bbox 260 1032 1841 1117">
     <span class='ocr_line' id='line_1_29' title="bbox 260 1032 1841 1117; baseline -0.004 -21"><span class='ocrx_word' id='word_1_230' title='bbox 260 1062 283 1097; x_wconf 77' lang='lat' dir='ltr'><strong>s</strong></span> <span class='ocrx_word' id='word_1_231' title='bbox 319 1042 494 1115; x_wconf 84' lang='grc' dir='ltr'>ληφεν</span> <span class='ocrx_word' id='word_1_232' title='bbox 535 1046 563 1097; x_wconf 99' lang='lat'><strong>6</strong></span> <span class='ocrx_word' id='word_1_233' title='bbox 608 1043 891 1117; x_wconf 83' lang='grc' dir='ltr'>ἄνθρωπος</span> <span class='ocrx_word' id='word_1_234' title='bbox 921 1042 1009 1095; x_wconf 79' lang='grc' dir='ltr'>διὰ</span> <span class='ocrx_word' id='word_1_235' title='bbox 1051 1041 1143 1095; x_wconf 77' lang='grc' dir='ltr'>τοῦ</span> <span class='ocrx_word' id='word_1_236' title='bbox 1184 1041 1377 1109; x_wconf 86' lang='grc' dir='ltr'>Λόγου.</span> <span class='ocrx_word' id='word_1_237' title='bbox 1412 1032 1473 1093; x_wconf 80' lang='lat' dir='ltr'><strong>Ei</strong></span> <span class='ocrx_word' id='word_1_238' title='bbox 1504 1036 1597 1092; x_wconf 78' lang='grc' dir='ltr'><strong>οὖν</strong></span> <span class='ocrx_word' id='word_1_239' title='bbox 1623 1038 1841 1109; x_wconf 72' lang='grc' dir='ltr'>εἴληφεν</span> 
     </span>
    </p>
   </div>
   <div class='ocr_carea' id='block_1_28' title="bbox 260 1140 1843 1217">
    <p class='ocr_par' dir='ltr' id='par_1_28' title="bbox 260 1140 1843 1217">
     <span class='ocr_line' id='line_1_30' title="bbox 260 1140 1843 1217; baseline -0.003 -20"><span class='ocrx_word' id='word_1_240' title='bbox 260 1162 280 1197; x_wconf 83' lang='grc'><strong>‹</strong></span> <span class='ocrx_word' id='word_1_241' title='bbox 320 1144 499 1217; x_wconf 83' lang='grc' dir='ltr'>ἀρχὴν</span> <span class='ocrx_word' id='word_1_242' title='bbox 550 1144 826 1215; x_wconf 81' lang='grc' dir='ltr'>βασιλείας</span> <span class='ocrx_word' id='word_1_243' title='bbox 859 1144 965 1215; x_wconf 75' lang='grc' dir='ltr'><strong>πρὸ</strong></span> <span class='ocrx_word' id='word_1_244' title='bbox 1006 1143 1140 1196; x_wconf 78' lang='grc' dir='ltr'>ἐτῶν</span> <span class='ocrx_word' id='word_1_245' title='bbox 1170 1143 1305 1196; x_wconf 81' lang='grc' dir='ltr'>ὅλων</span> <span class='ocrx_word' id='word_1_246' title='bbox 1348 1142 1409 1195; x_wconf 80' lang='grc' dir='ltr'><strong>οὐ</strong></span> <span class='ocrx_word' id='word_1_247' title='bbox 1455 1140 1715 1193; x_wconf 88' lang='grc' dir='ltr'>πλειόνων</span> <span class='ocrx_word' id='word_1_248' title='bbox 1756 1156 1843 1193; x_wconf 85' lang='grc' dir='ltr'>τε·</span> 
     </span>
    </p>
   </div>
   <div class='ocr_carea' id='block_1_29' title="bbox 260 1233 1843 1309">
    <p class='ocr_par' dir='ltr' id='par_1_29' title="bbox 260 1233 1843 1309">
     <span class='ocr_line' id='line_1_31' title="bbox 260 1233 1843 1309; baseline -0.002 -20"><span class='ocrx_word' id='word_1_249' title='bbox 260 1257 280 1289; x_wconf 74' lang='lat' dir='ltr'><strong>r</strong></span> <span class='ocrx_word' id='word_1_250' title='bbox 327 1240 657 1309; x_wconf 83' lang='grc' dir='ltr'>τρακοσίων,</span> <span class='ocrx_word' id='word_1_251' title='bbox 716 1236 864 1290; x_wconf 76' lang='grc' dir='ltr'>οὐδὲν</span> <span class='ocrx_word' id='word_1_252' title='bbox 913 1237 1231 1308; x_wconf 79' lang='grc' dir='ltr'>παράδοξον,</span> <span class='ocrx_word' id='word_1_253' title='bbox 1281 1237 1329 1288; x_wconf 85' lang='grc' dir='ltr'>εἰ</span> <span class='ocrx_word' id='word_1_254' title='bbox 1394 1235 1485 1287; x_wconf 84' lang='grc' dir='ltr'><strong>τὸν</strong></span> <span class='ocrx_word' id='word_1_255' title='bbox 1526 1234 1632 1305; x_wconf 82' lang='grc' dir='ltr'><strong>πρὸ</strong></span> <span class='ocrx_word' id='word_1_256' title='bbox 1671 1233 1843 1297; x_wconf 77' lang='grc' dir='ltr'>οὕτως</span> 
     </span>
    </p>
   </div>
   <div class='ocr_carea' id='block_1_30' title="bbox 261 1327 1839 1401">
    <p class='ocr_par' dir='ltr' id='par_1_30' title="bbox 261 1327 1839 1401">
     <span class='ocr_line' id='line_1_32' title="bbox 261 1327 1839 1401; baseline -0.002 -20"><span class='ocrx_word' id='word_1_257' title='bbox 261 1348 280 1380; x_wconf 73' lang='grc' dir='ltr'><strong>ι</strong></span> <span class='ocrx_word' id='word_1_258' title='bbox 325 1330 509 1398; x_wconf 83' lang='grc' dir='ltr'>ὀλίγου</span> <span class='ocrx_word' id='word_1_259' title='bbox 564 1331 756 1401; x_wconf 90' lang='grc' dir='ltr'>χρόνου</span> <span class='ocrx_word' id='word_1_260' title='bbox 814 1331 913 1399; x_wconf 82' lang='grc' dir='ltr'>τῆς</span> <span class='ocrx_word' id='word_1_261' title='bbox 971 1329 1245 1400; x_wconf 83' lang='grc' dir='ltr'>βασιλείας</span> <span class='ocrx_word' id='word_1_262' title='bbox 1281 1327 1484 1398; x_wconf 81' lang='grc' dir='ltr'>ταύτης</span> <span class='ocrx_word' id='word_1_263' title='bbox 1536 1327 1765 1397; x_wconf 79' lang='grc' dir='ltr'>τυχόντα</span> <span class='ocrx_word' id='word_1_264' title='bbox 1810 1328 1839 1378; x_wconf 90' lang='grc' dir='ltr'><strong>ό</strong></span> 
     </span>
    </p>
   </div>
   <div class='ocr_carea' id='block_1_31' title="bbox 261 1418 1844 1492">
    <p class='ocr_par' dir='ltr' id='par_1_31' title="bbox 261 1418 1844 1492">
     <span class='ocr_line' id='line_1_33' title="bbox 261 1418 1844 1492; baseline -0.001 -21"><span class='ocrx_word' id='word_1_265' title='bbox 261 1440 280 1471; x_wconf 82' lang='lat' dir='ltr'><strong>s</strong></span> <span class='ocrx_word' id='word_1_266' title='bbox 332 1422 654 1485; x_wconf 83' lang='grc' dir='ltr'>Ἀπόστολός</span> <span class='ocrx_word' id='word_1_267' title='bbox 670 1438 823 1492; x_wconf 87' lang='grc' dir='ltr'>φησι,</span> <span class='ocrx_word' id='word_1_268' title='bbox 853 1420 1197 1491; x_wconf 81' lang='grc' dir='ltr'>παραδώσειν</span> <span class='ocrx_word' id='word_1_269' title='bbox 1219 1422 1317 1492; x_wconf 81' lang='grc' dir='ltr'>τὴν</span> <span class='ocrx_word' id='word_1_270' title='bbox 1337 1418 1636 1490; x_wconf 83' lang='grc' dir='ltr'>βασιλείαν,</span> <span class='ocrx_word' id='word_1_271' title='bbox 1665 1418 1844 1488; x_wconf 88' lang='grc' dir='ltr'>δηλον-</span> 
     </span>
    </p>
   </div>
   <div class='ocr_carea' id='block_1_32' title="bbox 261 1510 1839 1584">
    <p class='ocr_par' dir='ltr' id='par_1_32' title="bbox 261 1510 1839 1584">
     <span class='ocr_line' id='line_1_34' title="bbox 261 1510 1839 1584; baseline -0.002 -21"><span class='ocrx_word' id='word_1_272' title='bbox 261 1531 280 1563; x_wconf 81' lang='grc'><strong>‹</strong></span> <span class='ocrx_word' id='word_1_273' title='bbox 322 1512 405 1566; x_wconf 84' lang='grc' dir='ltr'><strong>ότι</strong></span> <span class='ocrx_word' id='word_1_274' title='bbox 451 1513 530 1584; x_wconf 82' lang='grc' dir='ltr'><strong>τῷ</strong></span> <span class='ocrx_word' id='word_1_275' title='bbox 570 1514 686 1583; x_wconf 89' lang='grc' dir='ltr'>Θεῷ</span> <span class='ocrx_word' id='word_1_276' title='bbox 712 1514 787 1584; x_wconf 89' lang='grc' dir='ltr'><strong>τῷ</strong></span> <span class='ocrx_word' id='word_1_277' title='bbox 829 1514 1225 1583; x_wconf 87' lang='grc' dir='ltr'>καταστήσαντι</span> <span class='ocrx_word' id='word_1_278' title='bbox 1254 1512 1433 1575; x_wconf 75' lang='grc' dir='ltr'>αὐτὸν,</span> <span class='ocrx_word' id='word_1_279' title='bbox 1478 1510 1553 1574; x_wconf 84' lang='grc' dir='ltr'>ὡς</span> <span class='ocrx_word' id='word_1_280' title='bbox 1587 1512 1619 1581; x_wconf 91' lang='grc' dir='ltr'><strong>ή</strong></span> <span class='ocrx_word' id='word_1_281' title='bbox 1651 1510 1839 1581; x_wconf 76' lang='grc' dir='ltr'>Γραφή</span> 
     </span>
    </p>
   </div>
   <div class='ocr_carea' id='block_1_33' title="bbox 260 1603 1840 1675">
    <p class='ocr_par' dir='ltr' id='par_1_33' title="bbox 260 1603 1840 1675">
     <span class='ocr_line' id='line_1_35' title="bbox 260 1603 1840 1675; baseline 0 -20"><span class='ocrx_word' id='word_1_282' title='bbox 260 1621 280 1655; x_wconf 78' lang='lat' dir='ltr'><strong>s</strong></span> <span class='ocrx_word' id='word_1_283' title='bbox 325 1622 481 1675; x_wconf 78' lang='grc' dir='ltr'>φησι,</span> <span class='ocrx_word' id='word_1_284' title='bbox 532 1605 776 1675; x_wconf 79' lang='grc' dir='ltr'>βασιλέα.</span> <span class='ocrx_word' id='word_1_285' title='bbox 826 1624 842 1656; x_wconf 75' lang='grc' dir='ltr'><strong>ι</strong></span> <span class='ocrx_word' id='word_1_286' title='bbox 892 1606 999 1658; x_wconf 77' lang='grc' dir='ltr'>Καὶ</span> <span class='ocrx_word' id='word_1_287' title='bbox 1050 1605 1165 1675; x_wconf 76' lang='grc' dir='ltr'>μεθ’</span> <span class='ocrx_word' id='word_1_288' title='bbox 1212 1605 1375 1675; x_wconf 72' lang='grc' dir='ltr'>ἕτερα</span> <span class='ocrx_word' id='word_1_289' title='bbox 1416 1604 1558 1657; x_wconf 72' lang='grc' dir='ltr'>οὕτω</span> <span class='ocrx_word' id='word_1_290' title='bbox 1602 1603 1840 1675; x_wconf 76' lang='grc' dir='ltr'>γράφειο</span> 
     </span>
    </p>
   </div>
   <div class='ocr_carea' id='block_1_34' title="bbox 262 1692 1839 1769">
    <p class='ocr_par' dir='ltr' id='par_1_34' title="bbox 262 1692 1839 1769">
     <span class='ocr_line' id='line_1_36' title="bbox 262 1692 1839 1769; baseline -0.001 -22"><span class='ocrx_word' id='word_1_291' title='bbox 262 1716 280 1747; x_wconf 74' lang='grc' dir='ltr'><strong>ι</strong></span> <span class='ocrx_word' id='word_1_292' title='bbox 326 1696 536 1749; x_wconf 74' lang='grc' dir='ltr'>Οὐκοῦν</span> <span class='ocrx_word' id='word_1_293' title='bbox 577 1697 821 1769; x_wconf 75' lang='grc' dir='ltr'>ἐνεργείᾳ</span> <span class='ocrx_word' id='word_1_294' title='bbox 855 1698 1009 1768; x_wconf 77' lang='grc' dir='ltr'>μόνῃ,</span> <span class='ocrx_word' id='word_1_295' title='bbox 1054 1696 1142 1749; x_wconf 76' lang='grc' dir='ltr'>διὰ</span> <span class='ocrx_word' id='word_1_296' title='bbox 1178 1697 1275 1768; x_wconf 80' lang='grc' dir='ltr'>τὴν</span> <span class='ocrx_word' id='word_1_297' title='bbox 1316 1697 1413 1766; x_wconf 84' lang='grc' dir='ltr'>τῆς</span> <span class='ocrx_word' id='word_1_298' title='bbox 1449 1694 1651 1765; x_wconf 88' lang='grc' dir='ltr'>σαρκὸς</span> <span class='ocrx_word' id='word_1_299' title='bbox 1703 1692 1839 1763; x_wconf 85' lang='grc' dir='ltr'>πρό-</span> 
     </span>
    </p>
   </div>
   <div class='ocr_carea' id='block_1_35' title="bbox 1956 2014 3516 2083">
    <p class='ocr_par' dir='ltr' id='par_1_35' title="bbox 1956 2014 3516 2083">
     <span class='ocr_line' id='line_1_37' title="bbox 1956 2014 3516 2083; baseline 0.004 -19"><span class='ocrx_word' id='word_1_300' title='bbox 1956 2031 1974 2064; x_wconf 83' lang='lat' dir='ltr'><strong>s</strong></span> <span class='ocrx_word' id='word_1_301' title='bbox 2020 2016 2267 2082; x_wconf 87' lang='lat' dir='ltr'><strong>sequitur</strong></span> <span class='ocrx_word' id='word_1_302' title='bbox 2306 2014 2755 2083; x_wconf 88' lang='lat' dir='ltr'><strong>complementum</strong></span> <span class='ocrx_word' id='word_1_303' title='bbox 2797 2030 2952 2068; x_wconf 93' lang='lat' dir='ltr'><strong>suum</strong></span> <span class='ocrx_word' id='word_1_304' title='bbox 2999 2017 3276 2070; x_wconf 80' lang='lat' dir='ltr'><strong>sortiatur.</strong></span> <span class='ocrx_word' id='word_1_305' title='bbox 3324 2016 3516 2073; x_wconf 83' lang='lat' dir='ltr'><strong>Omnia</strong></span> 
     </span>
    </p>
   </div>
   <div class='ocr_carea' id='block_1_36' title="bbox 1954 2107 3517 2177">
    <p class='ocr_par' dir='ltr' id='par_1_36' title="bbox 1954 2107 3517 2177">
     <span class='ocr_line' id='line_1_38' title="bbox 1954 2107 3517 2177; baseline 0.003 -18"><span class='ocrx_word' id='word_1_306' title='bbox 1954 2124 1974 2159; x_wconf 74' lang='grc' dir='ltr'><strong>ι</strong></span> <span class='ocrx_word' id='word_1_307' title='bbox 2020 2107 2187 2170; x_wconf 87' lang='lat' dir='ltr'><strong>enim,</strong></span> <span class='ocrx_word' id='word_1_308' title='bbox 2242 2122 2364 2161; x_wconf 89' lang='lat' dir='ltr'><strong>cum</strong></span> <span class='ocrx_word' id='word_1_309' title='bbox 2420 2117 2541 2177; x_wconf 90' lang='lat' dir='ltr'><strong>post</strong></span> <span class='ocrx_word' id='word_1_310' title='bbox 2584 2107 2846 2175; x_wconf 88' lang='lat' dir='ltr'><strong>judicium</strong></span> <span class='ocrx_word' id='word_1_311' title='bbox 2908 2107 3240 2177; x_wconf 80' lang='lat' dir='ltr'><strong>subjicienda</strong></span> <span class='ocrx_word' id='word_1_312' title='bbox 3297 2109 3517 2164; x_wconf 65' lang='lat' dir='ltr'><strong>Christo</strong></span> 
     </span>
    </p>
   </div>
   <div class='ocr_carea' id='block_1_37' title="bbox 1955 2200 3519 2271">
    <p class='ocr_par' dir='ltr' id='par_1_37' title="bbox 1955 2200 3519 2271">
     <span class='ocr_line' id='line_1_39' title="bbox 1955 2200 3519 2271; baseline 0.003 -20"><span class='ocrx_word' id='word_1_313' title='bbox 1955 2219 1973 2251; x_wconf 82' lang='grc' dir='ltr'><strong>ι</strong></span> <span class='ocrx_word' id='word_1_314' title='bbox 2016 2202 2145 2257; x_wconf 85' lang='lat' dir='ltr'><strong>sint.</strong></span> <span class='ocrx_word' id='word_1_315' title='bbox 2182 2200 2637 2268; x_wconf 86' lang='lat' dir='ltr'><strong>quemadmodum</strong></span> <span class='ocrx_word' id='word_1_316' title='bbox 2690 2203 2954 2257; x_wconf 87' lang='lat' dir='ltr'><strong>asseritur</strong></span> <span class='ocrx_word' id='word_1_317' title='bbox 2991 2204 3057 2256; x_wconf 88' lang='lat' dir='ltr'><strong>ah</strong></span> <span class='ocrx_word' id='word_1_318' title='bbox 3094 2203 3370 2271; x_wconf 77' lang='lat' dir='ltr'><strong>Apustolo,</strong></span> <span class='ocrx_word' id='word_1_319' title='bbox 3407 2212 3519 2256; x_wconf 86' lang='lat' dir='ltr'><strong>tum</strong></span> 
     </span>
    </p>
   </div>
   <div class='ocr_carea' id='block_1_38' title="bbox 1956 2292 3518 2364">
    <p class='ocr_par' dir='ltr' id='par_1_38' title="bbox 1956 2292 3518 2364">
     <span class='ocr_line' id='line_1_40' title="bbox 1956 2292 3518 2364; baseline 0.004 -22"><span class='ocrx_word' id='word_1_320' title='bbox 1956 2310 1973 2342; x_wconf 76' lang='grc' dir='ltr'><strong>ι</strong></span> <span class='ocrx_word' id='word_1_321' title='bbox 2017 2303 2064 2345; x_wconf 87' lang='lat' dir='ltr'><strong>et</strong></span> <span class='ocrx_word' id='word_1_322' title='bbox 2095 2294 2203 2359; x_wconf 87' lang='lat' dir='ltr'><strong>ipse</strong></span> <span class='ocrx_word' id='word_1_323' title='bbox 2246 2292 2558 2361; x_wconf 86' lang='lat' dir='ltr'><strong>subjicietur</strong></span> <span class='ocrx_word' id='word_1_324' title='bbox 2584 2293 2683 2361; x_wconf 86' lang='lat' dir='ltr'><strong>illi,</strong></span> <span class='ocrx_word' id='word_1_325' title='bbox 2716 2295 2804 2364; x_wconf 90' lang='lat' dir='ltr'><strong>qui</strong></span> <span class='ocrx_word' id='word_1_326' title='bbox 2842 2294 2943 2363; x_wconf 83' lang='lat' dir='ltr'><strong>ipsi</strong></span> <span class='ocrx_word' id='word_1_327' title='bbox 2970 2295 3144 2348; x_wconf 83' lang='lat' dir='ltr'><strong>omnia</strong></span> <span class='ocrx_word' id='word_1_328' title='bbox 3177 2296 3444 2364; x_wconf 84' lang='lat' dir='ltr'><strong>supposuit</strong></span> <span class='ocrx_word' id='word_1_329' title='bbox 3471 2295 3518 2327; x_wconf 82' lang='grc'>³⁸</span> 
     </span>
    </p>
   </div>
   <div class='ocr_carea' id='block_1_39' title="bbox 264 2363 1843 2455">
    <p class='ocr_par' dir='ltr' id='par_1_39' title="bbox 264 2363 1843 2436">
     <span class='ocr_line' id='line_1_41' title="bbox 264 2363 1843 2436; baseline 0 -21"><span class='ocrx_word' id='word_1_330' title='bbox 264 2385 282 2415; x_wconf 85' lang='grc'><strong>‹</strong></span> <span class='ocrx_word' id='word_1_331' title='bbox 333 2364 521 2418; x_wconf 88' lang='grc' dir='ltr'>σεσθαι</span> <span class='ocrx_word' id='word_1_332' title='bbox 570 2364 871 2435; x_wconf 82' lang='grc' dir='ltr'>μελλόντων</span> <span class='ocrx_word' id='word_1_333' title='bbox 909 2365 988 2435; x_wconf 87' lang='grc' dir='ltr'><strong>τῷ</strong></span> <span class='ocrx_word' id='word_1_334' title='bbox 1023 2364 1264 2436; x_wconf 82' lang='grc' dir='ltr'>Χριστῷ,</span> <span class='ocrx_word' id='word_1_335' title='bbox 1319 2364 1393 2426; x_wconf 79' lang='grc' dir='ltr'>ὡς</span> <span class='ocrx_word' id='word_1_336' title='bbox 1442 2365 1469 2415; x_wconf 90' lang='grc' dir='ltr'><strong>ό</strong></span> <span class='ocrx_word' id='word_1_337' title='bbox 1530 2363 1843 2427; x_wconf 86' lang='grc' dir='ltr'>’Λπόστολος</span> 
     </span>
    </p>
   </div>
   <div class='ocr_carea' id='block_1_40' title="bbox 1951 2363 3517 2455">
    <p class='ocr_par' dir='ltr' id='par_1_40' title="bbox 1952 2363 3517 2455">
     <span class='ocr_line' id='line_1_42' title="bbox 1952 2363 3517 2455; baseline 0.005 -20"><span class='ocrx_word' id='word_1_338' title='bbox 1952 2381 2045 2452; x_wconf 74' lang='grc' dir='ltr'>[εί.</span> <span class='ocrx_word' id='word_1_339' title='bbox 2084 2398 2135 2451; x_wconf 93' lang='lat' dir='ltr'><strong>p.</strong></span> <span class='ocrx_word' id='word_1_340' title='bbox 2176 2382 2278 2437; x_wconf 89' lang='lat' dir='ltr'><strong>I90</strong></span> <span class='ocrx_word' id='word_1_341' title='bbox 2304 2383 2407 2455; x_wconf 72' lang='lat' dir='ltr'><strong>A}.</strong></span> <span class='ocrx_word' id='word_1_342' title='bbox 2453 2363 2875 2451; x_wconf 10' lang='lat' dir='ltr'><strong>Quocircaicum</strong></span> <span class='ocrx_word' id='word_1_343' title='bbox 2912 2363 3280 2441; x_wconf 82' lang='lat' dir='ltr'><strong>didicerimus</strong></span> <span class='ocrx_word' id='word_1_344' title='bbox 3319 2389 3517 2443; x_wconf 85' lang='lat' dir='ltr'><strong>huma—</strong></span> 
     </span>
    </p>
   </div>
   <div class='ocr_carea' id='block_1_41' title="bbox 266 2454 1843 2549">
    <p class='ocr_par' dir='ltr' id='par_1_41' title="bbox 266 2454 1843 2530">
     <span class='ocr_line' id='line_1_43' title="bbox 266 2454 1843 2530; baseline -0.002 -19"><span class='ocrx_word' id='word_1_345' title='bbox 266 2480 283 2510; x_wconf 81' lang='grc' dir='ltr'><strong>ι</strong></span> <span class='ocrx_word' id='word_1_346' title='bbox 335 2459 439 2530; x_wconf 73' lang='grc' dir='ltr'><strong>ἔφη</strong></span> <span class='ocrx_word' id='word_1_347' title='bbox 459 2500 473 2521; x_wconf 90' lang='grc'><strong>,</strong></span> <span class='ocrx_word' id='word_1_348' title='bbox 500 2459 820 2526; x_wconf 77' lang='grc' dir='ltr'>τηνικαῦτα</span> <span class='ocrx_word' id='word_1_349' title='bbox 844 2458 1024 2524; x_wconf 81' lang='grc' dir='ltr'>αὐτὸς</span> <span class='ocrx_word' id='word_1_350' title='bbox 1052 2458 1493 2527; x_wconf 73' lang='grc' dir='ltr'>ὑποταγήσεται</span> <span class='ocrx_word' id='word_1_351' title='bbox 1519 2454 1597 2520; x_wconf 81' lang='grc' dir='ltr'><strong>τῷ</strong></span> <span class='ocrx_word' id='word_1_352' title='bbox 1626 2454 1843 2509; x_wconf 81' lang='grc' dir='ltr'>ὑποτά-</span> 
     </span>
    </p>
   </div>
   <div class='ocr_carea' id='block_1_42' title="bbox 1951 2454 3514 2549">
    <p class='ocr_par' dir='ltr' id='par_1_42' title="bbox 1953 2477 3514 2549">
     <span class='ocr_line' id='line_1_44' title="bbox 1953 2477 3514 2549; baseline 0.007 -24"><span class='ocrx_word' id='word_1_353' title='bbox 1953 2493 1971 2525; x_wconf 84' lang='grc'><strong><em>‹</em></strong></span> <span class='ocrx_word' id='word_1_354' title='bbox 2022 2490 2142 2527; x_wconf 88' lang='lat' dir='ltr'><strong>nam</strong></span> <span class='ocrx_word' id='word_1_355' title='bbox 2168 2489 2413 2539; x_wconf 89' lang='lat' dir='ltr'><strong>carnem,</strong></span> <span class='ocrx_word' id='word_1_356' title='bbox 2440 2492 2600 2545; x_wconf 86' lang='lat' dir='ltr'><strong>quam</strong></span> <span class='ocrx_word' id='word_1_357' title='bbox 2620 2492 2718 2547; x_wconf 88' lang='lat' dir='ltr'><strong>pro</strong></span> <span class='ocrx_word' id='word_1_358' title='bbox 2748 2477 2904 2532; x_wconf 92' lang='lat' dir='ltr'><strong>nobis</strong></span> <span class='ocrx_word' id='word_1_359' title='bbox 2932 2481 3226 2549; x_wconf 87' lang='lat' dir='ltr'><strong>assumpsit</strong></span> <span class='ocrx_word' id='word_1_360' title='bbox 3246 2480 3514 2549; x_wconf 83' lang='lat' dir='ltr'><strong>.Verhum,</strong></span> 
     </span>
    </p>
   </div>
   <div class='ocr_carea' id='block_1_43' title="bbox 266 2546 1843 2642">
    <p class='ocr_par' dir='ltr' id='par_1_43' title="bbox 266 2546 1843 2616">
     <span class='ocr_line' id='line_1_45' title="bbox 266 2546 1843 2616; baseline -0.002 -14"><span class='ocrx_word' id='word_1_361' title='bbox 266 2570 283 2602; x_wconf 77' lang='grc' dir='ltr'><strong>ι</strong></span> <span class='ocrx_word' id='word_1_362' title='bbox 334 2552 507 2615; x_wconf 78' lang='grc' dir='ltr'>ξαντι</span> <span class='ocrx_word' id='word_1_363' title='bbox 551 2549 708 2615; x_wconf 82' lang='grc' dir='ltr'>αὐτῷ</span> <span class='ocrx_word' id='word_1_364' title='bbox 741 2552 811 2603; x_wconf 87' lang='grc' dir='ltr'>τὰ</span> <span class='ocrx_word' id='word_1_365' title='bbox 852 2551 1066 2601; x_wconf 76' lang='grc' dir='ltr'>πάντα.</span> <span class='ocrx_word' id='word_1_366' title='bbox 1113 2550 1240 2601; x_wconf 84' lang='grc' dir='ltr'><strong>Ὅτε</strong></span> <span class='ocrx_word' id='word_1_367' title='bbox 1282 2548 1460 2600; x_wconf 89' lang='grc' dir='ltr'>τοίνυν</span> <span class='ocrx_word' id='word_1_368' title='bbox 1504 2546 1843 2616; x_wconf 86' lang='grc' dir='ltr'>μανθάνομεν</span> 
     </span>
    </p>
   </div>
   <div class='ocr_carea' id='block_1_44' title="bbox 1951 2546 3517 2642">
    <p class='ocr_par' dir='ltr' id='par_1_44' title="bbox 1953 2578 3517 2642">
     <span class='ocr_line' id='line_1_46' title="bbox 1953 2578 3517 2642; baseline 0.008 -24"><span class='ocrx_word' id='word_1_369' title='bbox 1953 2585 1972 2618; x_wconf 76' lang='grc' dir='ltr'><strong>ι</strong></span> <span class='ocrx_word' id='word_1_370' title='bbox 2022 2578 2146 2620; x_wconf 76' lang='lat' dir='ltr'><strong>ante.</strong></span> <span class='ocrx_word' id='word_1_371' title='bbox 2195 2584 2364 2623; x_wconf 90' lang='lat' dir='ltr'><strong>annos</strong></span> <span class='ocrx_word' id='word_1_372' title='bbox 2398 2585 2523 2624; x_wconf 90' lang='lat' dir='ltr'><strong>cccc</strong></span> <span class='ocrx_word' id='word_1_373' title='bbox 2557 2579 2696 2625; x_wconf 90' lang='lat' dir='ltr'><strong>totos</strong></span> <span class='ocrx_word' id='word_1_374' title='bbox 2726 2588 2829 2625; x_wconf 92' lang='lat' dir='ltr'><strong>non</strong></span> <span class='ocrx_word' id='word_1_375' title='bbox 2866 2583 3230 2642; x_wconf 74' lang='lat' dir='ltr'><strong>assumptum,</strong></span> <span class='ocrx_word' id='word_1_376' title='bbox 3271 2578 3517 2630; x_wconf 86' lang='lat' dir='ltr'><strong>eamdem</strong></span> 
     </span>
    </p>
   </div>
   <div class='ocr_carea' id='block_1_45' title="bbox 266 2638 1843 2735">
    <p class='ocr_par' dir='ltr' id='par_1_45' title="bbox 266 2638 1843 2713">
     <span class='ocr_line' id='line_1_47' title="bbox 266 2638 1843 2713; baseline -0.003 -19"><span class='ocrx_word' id='word_1_377' title='bbox 266 2662 285 2694; x_wconf 84' lang='lat' dir='ltr'><strong>s</strong></span> <span class='ocrx_word' id='word_1_378' title='bbox 336 2645 467 2713; x_wconf 88' lang='grc' dir='ltr'><strong>περί</strong></span> <span class='ocrx_word' id='word_1_379' title='bbox 497 2643 597 2712; x_wconf 78' lang='grc' dir='ltr'>τῆς</span> <span class='ocrx_word' id='word_1_380' title='bbox 620 2641 963 2713; x_wconf 86' lang='grc' dir='ltr'>ἀνθρωπίνης</span> <span class='ocrx_word' id='word_1_381' title='bbox 995 2641 1215 2712; x_wconf 79' lang='grc' dir='ltr'>σαρκὸς,</span> <span class='ocrx_word' id='word_1_382' title='bbox 1251 2640 1317 2709; x_wconf 81' lang='grc' dir='ltr'>ἢν</span> <span class='ocrx_word' id='word_1_383' title='bbox 1357 2639 1423 2691; x_wconf 86' lang='grc' dir='ltr'>δι’</span> <span class='ocrx_word' id='word_1_384' title='bbox 1449 2641 1595 2709; x_wconf 82' lang='grc' dir='ltr'>ήμᾶς</span> <span class='ocrx_word' id='word_1_385' title='bbox 1628 2638 1843 2708; x_wconf 88' lang='grc' dir='ltr'>ἀνείλη-</span> 
     </span>
    </p>
   </div>
   <div class='ocr_carea' id='block_1_46' title="bbox 1951 2638 3518 2735">
    <p class='ocr_par' dir='ltr' id='par_1_46' title="bbox 1953 2657 3518 2735">
     <span class='ocr_line' id='line_1_48' title="bbox 1953 2657 3518 2735; baseline 0.008 -28"><span class='ocrx_word' id='word_1_386' title='bbox 1953 2674 1972 2707; x_wconf 81' lang='lat' dir='ltr'><strong>s</strong></span> <span class='ocrx_word' id='word_1_387' title='bbox 2022 2657 2195 2727; x_wconf 92' lang='lat' dir='ltr'><strong>ipsum</strong></span> <span class='ocrx_word' id='word_1_388' title='bbox 2230 2668 2563 2713; x_wconf 87' lang='lat' dir='ltr'><strong>retenturum</strong></span> <span class='ocrx_word' id='word_1_389' title='bbox 2600 2662 2998 2728; x_wconf 83' lang='lat' dir='ltr'><strong>cognoscimus,</strong></span> <span class='ocrx_word' id='word_1_390' title='bbox 3038 2679 3144 2718; x_wconf 90' lang='lat' dir='ltr'><strong>non</strong></span> <span class='ocrx_word' id='word_1_391' title='bbox 3174 2665 3518 2735; x_wconf 87' lang='lat' dir='ltr'><strong>ultrajudicii</strong></span> 
     </span>
    </p>
   </div>
   <div class='ocr_carea' id='block_1_47' title="bbox 265 2729 1843 2816">
    <p class='ocr_par' dir='ltr' id='par_1_47' title="bbox 265 2729 1843 2803">
     <span class='ocr_line' id='line_1_49' title="bbox 265 2729 1843 2803; baseline -0.003 -17"><span class='ocrx_word' id='word_1_392' title='bbox 265 2756 282 2786; x_wconf 77' lang='grc' dir='ltr'><strong>ι</strong></span> <span class='ocrx_word' id='word_1_393' title='bbox 333 2753 432 2803; x_wconf 83' lang='grc' dir='ltr'><strong>φεν</strong></span> <span class='ocrx_word' id='word_1_394' title='bbox 462 2736 490 2786; x_wconf 94' lang='grc' dir='ltr'><strong>ό</strong></span> <span class='ocrx_word' id='word_1_395' title='bbox 515 2736 702 2801; x_wconf 84' lang='grc' dir='ltr'>Λόγος,</span> <span class='ocrx_word' id='word_1_396' title='bbox 742 2732 845 2803; x_wconf 80' lang='grc' dir='ltr'><strong>πρὸ</strong></span> <span class='ocrx_word' id='word_1_397' title='bbox 865 2732 1228 2803; x_wconf 85' lang='grc' dir='ltr'>τετρακοσίων</span> <span class='ocrx_word' id='word_1_398' title='bbox 1257 2732 1353 2799; x_wconf 79' lang='grc' dir='ltr'>οὐχ</span> <span class='ocrx_word' id='word_1_399' title='bbox 1380 2730 1515 2783; x_wconf 79' lang='grc' dir='ltr'>ὅλων</span> <span class='ocrx_word' id='word_1_400' title='bbox 1549 2729 1706 2794; x_wconf 78' lang='grc' dir='ltr'>ἐτῶν,</span> <span class='ocrx_word' id='word_1_401' title='bbox 1725 2730 1843 2783; x_wconf 89' lang='grc' dir='ltr'>τότε</span> 
     </span>
    </p>
   </div>
   <div class='ocr_carea' id='block_1_48' title="bbox 1951 2729 3519 2816">
    <p class='ocr_par' dir='ltr' id='par_1_48' title="bbox 1953 2748 3519 2816">
     <span class='ocr_line' id='line_1_50' title="bbox 1953 2748 3519 2816; baseline 0.009 -19"><span class='ocrx_word' id='word_1_402' title='bbox 1953 2764 1972 2797; x_wconf 83' lang='grc'><strong>‹</strong></span> <span class='ocrx_word' id='word_1_403' title='bbox 2024 2756 2230 2816; x_wconf 86' lang='lat' dir='ltr'><strong>tempus</strong></span> <span class='ocrx_word' id='word_1_404' title='bbox 2253 2748 2314 2811; x_wconf 31' lang='lat' dir='ltr'><strong>.iu</strong></span> <span class='ocrx_word' id='word_1_405' title='bbox 2350 2749 2531 2802; x_wconf 81' lang='lat' dir='ltr'><strong>futuro</strong></span> <span class='ocrx_word' id='word_1_406' title='bbox 2558 2751 2776 2804; x_wconf 72' lang='lat' dir='ltr'><strong>smculo.</strong></span> <span class='ocrx_word' id='word_1_407' title='bbox 2810 2749 3041 2806; x_wconf 84' lang='lat' dir='ltr'><strong>Necesse</strong></span> <span class='ocrx_word' id='word_1_408' title='bbox 3084 2764 3165 2807; x_wconf 89' lang='lat' dir='ltr'><strong>est</strong></span> <span class='ocrx_word' id='word_1_409' title='bbox 3208 2756 3352 2809; x_wconf 91' lang='lat' dir='ltr'><strong>enim</strong></span> <span class='ocrx_word' id='word_1_410' title='bbox 3388 2773 3519 2810; x_wconf 90' lang='lat' dir='ltr'><strong>con-</strong></span> 
     </span>
    </p>
   </div>
   <div class='ocr_carea' id='block_1_49' title="bbox 265 2830 1843 2909">
    <p class='ocr_par' dir='ltr' id='par_1_49' title="bbox 265 2830 1842 2905">
     <span class='ocr_line' id='line_1_51' title="bbox 265 2830 1842 2905; baseline -0.004 -18"><span class='ocrx_word' id='word_1_411' title='bbox 265 2852 283 2887; x_wconf 75' lang='lat' dir='ltr'><strong>t</strong></span> <span class='ocrx_word' id='word_1_412' title='bbox 332 2835 540 2905; x_wconf 81' lang='grc' dir='ltr'>ταύτην</span> <span class='ocrx_word' id='word_1_413' title='bbox 562 2835 657 2887; x_wconf 74' lang='grc' dir='ltr'>καὶ</span> <span class='ocrx_word' id='word_1_414' title='bbox 680 2835 737 2885; x_wconf 77' lang='grc' dir='ltr'>ἐν</span> <span class='ocrx_word' id='word_1_415' title='bbox 770 2837 881 2897; x_wconf 88' lang='grc' dir='ltr'>τοῖς</span> <span class='ocrx_word' id='word_1_416' title='bbox 915 2832 1197 2903; x_wconf 81' lang='grc' dir='ltr'>μέλλουσιν</span> <span class='ocrx_word' id='word_1_417' title='bbox 1227 2830 1420 2883; x_wconf 77' lang='grc' dir='ltr'>αἰῶσιν</span> <span class='ocrx_word' id='word_1_418' title='bbox 1460 2833 1487 2884; x_wconf 91' lang='lat'><strong>6</strong></span> <span class='ocrx_word' id='word_1_419' title='bbox 1510 2830 1680 2899; x_wconf 85' lang='grc' dir='ltr'>Λόγος</span> <span class='ocrx_word' id='word_1_420' title='bbox 1713 2830 1842 2893; x_wconf 75' lang='grc' dir='ltr'>ἕξει,</span> 
     </span>
    </p>
   </div>
   <div class='ocr_carea' id='block_1_50' title="bbox 1951 2830 3517 2909">
    <p class='ocr_par' dir='ltr' id='par_1_50' title="bbox 1954 2839 3517 2909">
     <span class='ocr_line' id='line_1_52' title="bbox 1954 2839 3517 2909; baseline 0.009 -22"><span class='ocrx_word' id='word_1_421' title='bbox 1954 2852 1973 2887; x_wconf 75' lang='grc' dir='ltr'><strong>ι</strong></span> <span class='ocrx_word' id='word_1_422' title='bbox 2018 2839 2275 2892; x_wconf 85' lang='lat' dir='ltr'><strong>summari</strong></span> <span class='ocrx_word' id='word_1_423' title='bbox 2320 2854 2518 2907; x_wconf 89' lang='lat' dir='ltr'><strong>opere,</strong></span> <span class='ocrx_word' id='word_1_424' title='bbox 2564 2843 2705 2909; x_wconf 89' lang='lat' dir='ltr'><strong>quod</strong></span> <span class='ocrx_word' id='word_1_425' title='bbox 2756 2842 2919 2895; x_wconf 90' lang='lat' dir='ltr'><strong>verbo</strong></span> <span class='ocrx_word' id='word_1_426' title='bbox 2965 2844 3279 2907; x_wconf 63' lang='lat' dir='ltr'><strong>praedictum</strong></span> <span class='ocrx_word' id='word_1_427' title='bbox 3326 2847 3428 2900; x_wconf 78' lang='lat' dir='ltr'><strong>fuit</strong></span> <span class='ocrx_word' id='word_1_428' title='bbox 3487 2864 3517 2902; x_wconf 91' lang='lat' dir='ltr'><strong>a</strong></span> 
     </span>
    </p>
   </div>
   <div class='ocr_carea' id='block_1_51' title="bbox 264 2928 1843 3009">
    <p class='ocr_par' dir='ltr' id='par_1_51' title="bbox 264 2928 1843 3009">
     <span class='ocr_line' id='line_1_53' title="bbox 264 2928 1843 3009; baseline -0.004 -21"><span class='ocrx_word' id='word_1_429' title='bbox 264 2956 283 2988; x_wconf 71' lang='grc' dir='ltr'><strong>ι</strong></span> <span class='ocrx_word' id='word_1_430' title='bbox 331 2938 365 3009; x_wconf 76' lang='grc' dir='ltr'>ἢ</span> <span class='ocrx_word' id='word_1_431' title='bbox 399 2938 526 3008; x_wconf 75' lang='grc' dir='ltr'>ἄχρι</span> <span class='ocrx_word' id='word_1_432' title='bbox 557 2936 719 3006; x_wconf 75' lang='grc' dir='ltr'>μόνον</span> <span class='ocrx_word' id='word_1_433' title='bbox 736 2934 827 2987; x_wconf 75' lang='grc' dir='ltr'><strong>τοῦ</strong></span> <span class='ocrx_word' id='word_1_434' title='bbox 848 2934 945 3003; x_wconf 77' lang='grc' dir='ltr'>τῆς</span> <span class='ocrx_word' id='word_1_435' title='bbox 974 2932 1205 3003; x_wconf 87' lang='grc' dir='ltr'>κρίσεως</span> <span class='ocrx_word' id='word_1_436' title='bbox 1231 2930 1442 3004; x_wconf 78' lang='grc' dir='ltr'>καιροῦ.</span> <span class='ocrx_word' id='word_1_437' title='bbox 1480 2928 1711 3000; x_wconf 84' lang='grc' dir='ltr'><strong>Ἀνάγκη</strong></span> <span class='ocrx_word' id='word_1_438' title='bbox 1736 2929 1843 3002; x_wconf 79' lang='grc' dir='ltr'><strong>γάρ</strong></span> 
     </span>
    </p>
   </div>
   <div class='ocr_carea' id='block_1_52' title="bbox 1951 2928 3519 3009">
    <p class='ocr_par' dir='ltr' id='par_1_52' title="bbox 1953 2929 3519 3005">
     <span class='ocr_line' id='line_1_54' title="bbox 1953 2929 3519 3005; baseline 0.008 -27"><span class='ocrx_word' id='word_1_439' title='bbox 1953 2946 1972 2978; x_wconf 70' lang='grc' dir='ltr'><strong>ι</strong></span> <span class='ocrx_word' id='word_1_440' title='bbox 2017 2929 2298 2996; x_wconf 89' lang='lat' dir='ltr'><strong>propheta.</strong></span> <span class='ocrx_word' id='word_1_441' title='bbox 2344 2929 2605 2984; x_wconf 82' lang='lat' dir='ltr'><strong>Videbunt</strong></span> <span class='ocrx_word' id='word_1_442' title='bbox 2645 2933 2803 2994; x_wconf 89' lang='lat' dir='ltr'><strong>enim,</strong></span> <span class='ocrx_word' id='word_1_443' title='bbox 2839 2932 3031 3002; x_wconf 90' lang='lat' dir='ltr'><strong>inquit,</strong></span> <span class='ocrx_word' id='word_1_444' title='bbox 3081 2934 3133 2986; x_wconf 89' lang='lat' dir='ltr'><strong>in</strong></span> <span class='ocrx_word' id='word_1_445' title='bbox 3174 2935 3323 2988; x_wconf 87' lang='lat' dir='ltr'><strong>illum</strong></span> <span class='ocrx_word' id='word_1_446' title='bbox 3365 2953 3519 3005; x_wconf 84' lang='lat' dir='ltr'><strong>quem</strong></span> 
     </span>
    </p>
   </div>
   <div class='ocr_carea' id='block_1_53' title="bbox 268 3020 1843 3097">
    <p class='ocr_par' dir='ltr' id='par_1_53' title="bbox 268 3022 1841 3097">
     <span class='ocr_line' id='line_1_55' title="bbox 268 3022 1841 3097; baseline -0.004 -14"><span class='ocrx_word' id='word_1_447' title='bbox 268 3048 286 3082; x_wconf 80' lang='grc' dir='ltr'><strong>ι</strong></span> <span class='ocrx_word' id='word_1_448' title='bbox 332 3030 393 3083; x_wconf 76' lang='grc' dir='ltr'><strong>τὸ</strong></span> <span class='ocrx_word' id='word_1_449' title='bbox 446 3027 554 3081; x_wconf 66' lang='grc' dir='ltr'><strong>ὑπὸ</strong></span> <span class='ocrx_word' id='word_1_450' title='bbox 602 3025 694 3079; x_wconf 81' lang='grc' dir='ltr'>τοῦ</span> <span class='ocrx_word' id='word_1_451' title='bbox 747 3027 1027 3097; x_wconf 80' lang='grc' dir='ltr'>προφήτου</span> <span class='ocrx_word' id='word_1_452' title='bbox 1056 3024 1244 3095; x_wconf 84' lang='grc' dir='ltr'>λεχθὲν</span> <span class='ocrx_word' id='word_1_453' title='bbox 1274 3023 1419 3095; x_wconf 77' lang='grc' dir='ltr'>ἔργῳ</span> <span class='ocrx_word' id='word_1_454' title='bbox 1456 3022 1841 3093; x_wconf 77' lang='grc' dir='ltr'>βεϐαιωθῆναι.</span> 
     </span>
    </p>
   </div>
   <div class='ocr_carea' id='block_1_54' title="bbox 1951 3020 3521 3097">
    <p class='ocr_par' dir='ltr' id='par_1_54' title="bbox 1952 3020 3521 3094">
     <span class='ocr_line' id='line_1_56' title="bbox 1952 3020 3521 3094; baseline 0.01 -27"><span class='ocrx_word' id='word_1_455' title='bbox 1952 3035 1971 3067; x_wconf 77' lang='lat' dir='ltr'><strong>s</strong></span> <span class='ocrx_word' id='word_1_456' title='bbox 2019 3020 2409 3086; x_wconf 75' lang='lat' dir='ltr'><strong>transfoderunt</strong></span> <span class='ocrx_word' id='word_1_457' title='bbox 2424 3020 2489 3073; x_wconf 84' lang='grc'>³¹.</span> <span class='ocrx_word' id='word_1_458' title='bbox 2526 3021 2753 3076; x_wconf 89' lang='lat' dir='ltr'><strong>Carnem</strong></span> <span class='ocrx_word' id='word_1_459' title='bbox 2786 3038 2912 3078; x_wconf 88' lang='lat' dir='ltr'><strong>vero</strong></span> <span class='ocrx_word' id='word_1_460' title='bbox 2936 3026 3078 3093; x_wconf 85' lang='lat' dir='ltr'><strong>quod</strong></span> <span class='ocrx_word' id='word_1_461' title='bbox 3106 3026 3272 3094; x_wconf 89' lang='lat' dir='ltr'><strong>liquet</strong></span> <span class='ocrx_word' id='word_1_462' title='bbox 3302 3029 3521 3082; x_wconf 83' lang='lat' dir='ltr'><strong>transfi-</strong></span> 
     </span>
    </p>
   </div>
   <div class='ocr_carea' id='block_1_55' title="bbox 266 3112 1843 3188">
    <p class='ocr_par' dir='ltr' id='par_1_55' title="bbox 266 3114 1838 3188">
     <span class='ocr_line' id='line_1_57' title="bbox 266 3114 1838 3188; baseline -0.004 -13"><span class='ocrx_word' id='word_1_463' title='bbox 266 3140 285 3175; x_wconf 70' lang='grc' dir='ltr'><strong>ι</strong></span> <span class='ocrx_word' id='word_1_464' title='bbox 338 3123 633 3188; x_wconf 69' lang='grc' dir='ltr'>Ὄψονται</span> <span class='ocrx_word' id='word_1_465' title='bbox 684 3118 815 3186; x_wconf 75' lang='grc' dir='ltr'>γὰρ,</span> <span class='ocrx_word' id='word_1_466' title='bbox 877 3116 1076 3188; x_wconf 76' lang='grc' dir='ltr'>φησὶν,</span> <span class='ocrx_word' id='word_1_467' title='bbox 1138 3118 1224 3182; x_wconf 80' lang='grc' dir='ltr'><strong>εις</strong></span> <span class='ocrx_word' id='word_1_468' title='bbox 1274 3116 1345 3168; x_wconf 85' lang='grc' dir='ltr'><strong>ὃν</strong></span> <span class='ocrx_word' id='word_1_469' title='bbox 1396 3114 1838 3183; x_wconf 52' lang='grc' dir='ltr'>ἐξεκέντησαν</span> 
     </span>
    </p>
   </div>
   <div class='ocr_carea' id='block_1_56' title="bbox 1951 3112 3522 3188">
    <p class='ocr_par' dir='ltr' id='par_1_56' title="bbox 1952 3112 3522 3187">
     <span class='ocr_line' id='line_1_58' title="bbox 1952 3112 3522 3187; baseline 0.011 -28"><span class='ocrx_word' id='word_1_470' title='bbox 1952 3125 1972 3159; x_wconf 82' lang='lat' dir='ltr'><strong>s</strong></span> <span class='ocrx_word' id='word_1_471' title='bbox 2020 3120 2232 3164; x_wconf 84' lang='lat' dir='ltr'><strong>xerunt.</strong></span> <span class='ocrx_word' id='word_1_472' title='bbox 2263 3129 2281 3162; x_wconf 77' lang='grc' dir='ltr'><strong>ι</strong></span> <span class='ocrx_word' id='word_1_473' title='bbox 2326 3112 2390 3165; x_wconf 85' lang='lat' dir='ltr'><strong>Et</strong></span> <span class='ocrx_word' id='word_1_474' title='bbox 2440 3113 2633 3167; x_wconf 87' lang='lat' dir='ltr'><strong>iterum</strong></span> <span class='ocrx_word' id='word_1_475' title='bbox 2689 3112 2789 3186; x_wconf 74' lang='grc' dir='ltr'><strong>[ῐί.</strong></span> <span class='ocrx_word' id='word_1_476' title='bbox 2837 3114 2972 3187; x_wconf 83' lang='lat' dir='ltr'><strong>CIV]</strong></span> <span class='ocrx_word' id='word_1_477' title='bbox 3015 3135 3081 3172; x_wconf 72' lang='grc' dir='ltr'><strong>ε(</strong></span> <span class='ocrx_word' id='word_1_478' title='bbox 3136 3116 3250 3171; x_wconf 85' lang='lat' dir='ltr'><strong>Non</strong></span> <span class='ocrx_word' id='word_1_479' title='bbox 3295 3120 3414 3175; x_wconf 90' lang='lat' dir='ltr'><strong>ideo</strong></span> <span class='ocrx_word' id='word_1_480' title='bbox 3461 3131 3522 3176; x_wconf 86' lang='lat' dir='ltr'><strong>ut</strong></span> 
     </span>
    </p>
   </div>
   <div class='ocr_carea' id='block_1_57' title="bbox 266 3206 1843 3296">
    <p class='ocr_par' dir='ltr' id='par_1_57' title="bbox 266 3207 1841 3282">
     <span class='ocr_line' id='line_1_59' title="bbox 266 3207 1841 3282; baseline -0.003 -15"><span class='ocrx_word' id='word_1_481' title='bbox 266 3235 285 3266; x_wconf 74' lang='grc' dir='ltr'><strong>ι</strong></span> <span class='ocrx_word' id='word_1_482' title='bbox 334 3213 693 3282; x_wconf 80' lang='grc' dir='ltr'>ἐξεκέντησαν</span> <span class='ocrx_word' id='word_1_483' title='bbox 709 3211 783 3275; x_wconf 87' lang='grc' dir='ltr'><strong>δὲ,</strong></span> <span class='ocrx_word' id='word_1_484' title='bbox 812 3209 968 3280; x_wconf 81' lang='grc' dir='ltr'>δῆλον</span> <span class='ocrx_word' id='word_1_485' title='bbox 997 3210 1099 3274; x_wconf 85' lang='grc' dir='ltr'>ὃτι,</span> <span class='ocrx_word' id='word_1_486' title='bbox 1120 3207 1218 3278; x_wconf 85' lang='grc' dir='ltr'><strong>τὴν</strong></span> <span class='ocrx_word' id='word_1_487' title='bbox 1256 3209 1488 3280; x_wconf 76' lang='grc' dir='ltr'>σάρκα.»</span> <span class='ocrx_word' id='word_1_488' title='bbox 1524 3209 1635 3260; x_wconf 72' lang='grc' dir='ltr'>Καὶ</span> <span class='ocrx_word' id='word_1_489' title='bbox 1671 3226 1841 3280; x_wconf 83' lang='grc' dir='ltr'>προσ-</span> 
     </span>
    </p>
   </div>
   <div class='ocr_carea' id='block_1_58' title="bbox 1951 3206 3520 3296">
    <p class='ocr_par' dir='ltr' id='par_1_58' title="bbox 1951 3206 3520 3282">
     <span class='ocr_line' id='line_1_60' title="bbox 1951 3206 3520 3282; baseline 0.008 -27"><span class='ocrx_word' id='word_1_490' title='bbox 1951 3222 1969 3255; x_wconf 79' lang='grc' dir='ltr'><strong>ι</strong></span> <span class='ocrx_word' id='word_1_491' title='bbox 2013 3220 2163 3259; x_wconf 89' lang='lat' dir='ltr'><strong>suam</strong></span> <span class='ocrx_word' id='word_1_492' title='bbox 2212 3206 2499 3261; x_wconf 88' lang='lat' dir='ltr'><strong>utilitatem</strong></span> <span class='ocrx_word' id='word_1_493' title='bbox 2556 3219 2903 3278; x_wconf 84' lang='lat' dir='ltr'><strong>procuraret,</strong></span> <span class='ocrx_word' id='word_1_494' title='bbox 2954 3226 3169 3265; x_wconf 85' lang='lat' dir='ltr'><strong>carnem</strong></span> <span class='ocrx_word' id='word_1_495' title='bbox 3228 3215 3520 3282; x_wconf 85' lang='lat' dir='ltr'><strong>assumpsit</strong></span> 
     </span>
    </p>
   </div>
   <div class='ocr_carea' id='block_1_59' title="bbox 259 3297 1843 3377">
    <p class='ocr_par' dir='ltr' id='par_1_59' title="bbox 259 3301 1843 3377">
     <span class='ocr_line' id='line_1_61' title="bbox 259 3301 1843 3377; baseline -0.003 -17"><span class='ocrx_word' id='word_1_496' title='bbox 259 3306 445 3377; x_wconf 85' lang='grc' dir='ltr'>τίθησι</span> <span class='ocrx_word' id='word_1_497' title='bbox 479 3304 595 3375; x_wconf 83' lang='grc' dir='ltr'>μεθ’</span> <span class='ocrx_word' id='word_1_498' title='bbox 626 3304 787 3373; x_wconf 83' lang='grc' dir='ltr'>ἓτερα</span> <span class='ocrx_word' id='word_1_499' title='bbox 815 3302 986 3370; x_wconf 83' lang='grc' dir='ltr'>λέγων</span> <span class='ocrx_word' id='word_1_500' title='bbox 1005 3318 1017 3332; x_wconf 91' lang='grc'><strong>·</strong></span> <span class='ocrx_word' id='word_1_501' title='bbox 1052 3320 1070 3352; x_wconf 76' lang='grc' dir='ltr'><strong>ι</strong></span> <span class='ocrx_word' id='word_1_502' title='bbox 1106 3302 1227 3354; x_wconf 87' lang='grc' dir='ltr'>Ὅτι</span> <span class='ocrx_word' id='word_1_503' title='bbox 1258 3301 1367 3372; x_wconf 80' lang='grc' dir='ltr'>γὰρ</span> <span class='ocrx_word' id='word_1_504' title='bbox 1396 3302 1493 3371; x_wconf 86' lang='grc' dir='ltr'>οὐχ</span> <span class='ocrx_word' id='word_1_505' title='bbox 1521 3302 1586 3354; x_wconf 81' lang='grc' dir='ltr'><strong>ἵν’</strong></span> <span class='ocrx_word' id='word_1_506' title='bbox 1613 3305 1641 3355; x_wconf 91' lang='lat'><strong>6</strong></span> <span class='ocrx_word' id='word_1_507' title='bbox 1674 3302 1843 3370; x_wconf 84' lang='grc' dir='ltr'>Λόγος</span> 
     </span>
    </p>
   </div>
   <div class='ocr_carea' id='block_1_60' title="bbox 1951 3297 3519 3377">
    <p class='ocr_par' dir='ltr' id='par_1_60' title="bbox 1954 3297 3519 3367">
     <span class='ocr_line' id='line_1_62' title="bbox 1954 3297 3519 3367; baseline 0.008 -21"><span class='ocrx_word' id='word_1_508' title='bbox 1954 3312 1973 3345; x_wconf 86' lang='grc'><strong><em>‹</em></strong></span> <span class='ocrx_word' id='word_1_509' title='bbox 2022 3305 2295 3359; x_wconf 87' lang='lat' dir='ltr'><strong>nostram.</strong></span> <span class='ocrx_word' id='word_1_510' title='bbox 2326 3299 2418 3352; x_wconf 86' lang='lat' dir='ltr'><strong>sed</strong></span> <span class='ocrx_word' id='word_1_511' title='bbox 2446 3309 2503 3351; x_wconf 91' lang='lat' dir='ltr'><strong>ut</strong></span> <span class='ocrx_word' id='word_1_512' title='bbox 2538 3313 2635 3367; x_wconf 90' lang='lat' dir='ltr'><strong>per</strong></span> <span class='ocrx_word' id='word_1_513' title='bbox 2662 3297 2824 3353; x_wconf 79' lang='lat' dir='ltr'><strong>Verbi</strong></span> <span class='ocrx_word' id='word_1_514' title='bbox 2858 3302 3313 3367; x_wconf 83' lang='lat' dir='ltr'><strong>communionem,</strong></span> <span class='ocrx_word' id='word_1_515' title='bbox 3366 3304 3519 3358; x_wconf 84' lang='lat' dir='ltr'><strong>carni</strong></span> 
     </span>
    </p>
   </div>
   <div class='ocr_carea' id='block_1_61' title="bbox 269 3388 1843 3468">
    <p class='ocr_par' dir='ltr' id='par_1_61' title="bbox 269 3392 1843 3468">
     <span class='ocr_line' id='line_1_63' title="bbox 269 3392 1843 3468; baseline -0.003 -17"><span class='ocrx_word' id='word_1_516' title='bbox 269 3417 288 3451; x_wconf 74' lang='grc' dir='ltr'><strong>ι</strong></span> <span class='ocrx_word' id='word_1_517' title='bbox 336 3395 614 3468; x_wconf 82' lang='grc' dir='ltr'>ὡφεληθῇ,</span> <span class='ocrx_word' id='word_1_518' title='bbox 646 3397 745 3466; x_wconf 77' lang='grc' dir='ltr'>τὴν</span> <span class='ocrx_word' id='word_1_519' title='bbox 774 3394 1053 3465; x_wconf 81' lang='grc' dir='ltr'>ἡμετέραν</span> <span class='ocrx_word' id='word_1_520' title='bbox 1084 3392 1340 3465; x_wconf 78' lang='grc' dir='ltr'>ἀνείληφε</span> <span class='ocrx_word' id='word_1_521' title='bbox 1376 3392 1574 3464; x_wconf 87' lang='grc' dir='ltr'>σάρκα,</span> <span class='ocrx_word' id='word_1_522' title='bbox 1606 3393 1718 3446; x_wconf 85' lang='grc' dir='ltr'>ἀλλ’</span> <span class='ocrx_word' id='word_1_523' title='bbox 1758 3394 1843 3446; x_wconf 82' lang='grc' dir='ltr'><strong>ἵνα</strong></span> 
     </span>
    </p>
   </div>
   <div class='ocr_carea' id='block_1_62' title="bbox 1951 3388 3519 3468">
    <p class='ocr_par' dir='ltr' id='par_1_62' title="bbox 1955 3388 3519 3463">
     <span class='ocr_line' id='line_1_64' title="bbox 1955 3388 3519 3463; baseline 0.007 -25"><span class='ocrx_word' id='word_1_524' title='bbox 1955 3405 1973 3438; x_wconf 75' lang='grc' dir='ltr'><strong>ι</strong></span> <span class='ocrx_word' id='word_1_525' title='bbox 2023 3388 2308 3457; x_wconf 79' lang='lat' dir='ltr'><strong>largiretur</strong></span> <span class='ocrx_word' id='word_1_526' title='bbox 2336 3390 2818 3446; x_wconf 85' lang='lat' dir='ltr'><strong>immortalitatem.</strong></span> <span class='ocrx_word' id='word_1_527' title='bbox 2864 3390 2976 3446; x_wconf 85' lang='lat' dir='ltr'><strong>Hoc</strong></span> <span class='ocrx_word' id='word_1_528' title='bbox 3011 3393 3092 3447; x_wconf 90' lang='lat' dir='ltr'><strong>vel</strong></span> <span class='ocrx_word' id='word_1_529' title='bbox 3121 3393 3187 3447; x_wconf 88' lang='lat' dir='ltr'><strong>ab</strong></span> <span class='ocrx_word' id='word_1_530' title='bbox 3233 3395 3346 3463; x_wconf 92' lang='lat' dir='ltr'><strong>ipso</strong></span> <span class='ocrx_word' id='word_1_531' title='bbox 3392 3394 3519 3449; x_wconf 88' lang='lat' dir='ltr'><strong>Ser-</strong></span> 
     </span>
    </p>
   </div>
   <div class='ocr_carea' id='block_1_63' title="bbox 269 3480 1843 3562">
    <p class='ocr_par' dir='ltr' id='par_1_63' title="bbox 269 3485 1843 3562">
     <span class='ocr_line' id='line_1_65' title="bbox 269 3485 1843 3562; baseline -0.004 -17"><span class='ocrx_word' id='word_1_532' title='bbox 269 3513 288 3545; x_wconf 76' lang='grc' dir='ltr'><strong>ι</strong></span> <span class='ocrx_word' id='word_1_533' title='bbox 336 3494 369 3562; x_wconf 85' lang='grc' dir='ltr'><strong>ή</strong></span> <span class='ocrx_word' id='word_1_534' title='bbox 396 3489 531 3561; x_wconf 79' lang='grc' dir='ltr'>σὰρξ</span> <span class='ocrx_word' id='word_1_535' title='bbox 558 3489 647 3542; x_wconf 87' lang='grc' dir='ltr'>διὰ</span> <span class='ocrx_word' id='word_1_536' title='bbox 668 3487 765 3558; x_wconf 82' lang='grc' dir='ltr'>τὴν</span> <span class='ocrx_word' id='word_1_537' title='bbox 786 3486 922 3558; x_wconf 84' lang='grc' dir='ltr'>πρὸς</span> <span class='ocrx_word' id='word_1_538' title='bbox 948 3486 1039 3539; x_wconf 86' lang='grc' dir='ltr'>τὸν</span> <span class='ocrx_word' id='word_1_539' title='bbox 1054 3485 1222 3553; x_wconf 86' lang='grc' dir='ltr'>Λόγον</span> <span class='ocrx_word' id='word_1_540' title='bbox 1247 3486 1527 3538; x_wconf 84' lang='grc' dir='ltr'>κοινωνίαν</span> <span class='ocrx_word' id='word_1_541' title='bbox 1550 3485 1843 3549; x_wconf 77' lang='grc' dir='ltr'>ἀθανασίας</span> 
     </span>
    </p>
   </div>
   <div class='ocr_carea' id='block_1_64' title="bbox 1951 3480 3519 3562">
    <p class='ocr_par' dir='ltr' id='par_1_64' title="bbox 1953 3480 3519 3553">
     <span class='ocr_line' id='line_1_66' title="bbox 1953 3480 3519 3553; baseline 0.01 -26"><span class='ocrx_word' id='word_1_542' title='bbox 1953 3494 1973 3527; x_wconf 71' lang='grc' dir='ltr'><strong>ι</strong></span> <span class='ocrx_word' id='word_1_543' title='bbox 2022 3487 2211 3532; x_wconf 88' lang='lat' dir='ltr'><strong>vatore</strong></span> <span class='ocrx_word' id='word_1_544' title='bbox 2260 3489 2426 3547; x_wconf 87' lang='lat' dir='ltr'><strong>patet.</strong></span> <span class='ocrx_word' id='word_1_545' title='bbox 2482 3480 2555 3535; x_wconf 91' lang='lat' dir='ltr'><strong>De</strong></span> <span class='ocrx_word' id='word_1_546' title='bbox 2607 3496 2770 3535; x_wconf 87' lang='lat' dir='ltr'><strong>carne</strong></span> <span class='ocrx_word' id='word_1_547' title='bbox 2806 3483 2949 3536; x_wconf 85' lang='lat' dir='ltr'><strong>enim</strong></span> <span class='ocrx_word' id='word_1_548' title='bbox 2997 3483 3048 3537; x_wconf 93' lang='lat' dir='ltr'><strong>in</strong></span> <span class='ocrx_word' id='word_1_549' title='bbox 3099 3500 3202 3553; x_wconf 88' lang='lat' dir='ltr'><strong>qua</strong></span> <span class='ocrx_word' id='word_1_550' title='bbox 3249 3502 3369 3540; x_wconf 90' lang='lat' dir='ltr'><strong>cum</strong></span> <span class='ocrx_word' id='word_1_551' title='bbox 3406 3487 3519 3543; x_wconf 86' lang='lat' dir='ltr'><strong>suis</strong></span> 
     </span>
    </p>
   </div>
   <div class='ocr_carea' id='block_1_65' title="bbox 270 3570 1843 3656">
    <p class='ocr_par' dir='ltr' id='par_1_65' title="bbox 270 3576 1843 3656">
     <span class='ocr_line' id='line_1_67' title="bbox 270 3576 1843 3656; baseline -0.006 -17"><span class='ocrx_word' id='word_1_552' title='bbox 270 3606 289 3638; x_wconf 71' lang='grc' dir='ltr'><strong>ε</strong></span> <span class='ocrx_word' id='word_1_553' title='bbox 338 3585 497 3656; x_wconf 77' lang='grc' dir='ltr'>τύχῃ,</span> <span class='ocrx_word' id='word_1_554' title='bbox 530 3581 687 3653; x_wconf 80' lang='grc' dir='ltr'>δῆλόν</span> <span class='ocrx_word' id='word_1_555' title='bbox 714 3581 829 3631; x_wconf 77' lang='grc' dir='ltr'>ἐστι</span> <span class='ocrx_word' id='word_1_556' title='bbox 857 3578 950 3631; x_wconf 72' lang='grc' dir='ltr'><strong>καὶ</strong></span> <span class='ocrx_word' id='word_1_557' title='bbox 998 3577 1089 3630; x_wconf 82' lang='grc' dir='ltr'><strong>ὑπ’</strong></span> <span class='ocrx_word' id='word_1_558' title='bbox 1136 3577 1306 3647; x_wconf 76' lang='grc' dir='ltr'>αὐτῆς</span> <span class='ocrx_word' id='word_1_559' title='bbox 1344 3576 1444 3646; x_wconf 81' lang='grc' dir='ltr'>τῆς</span> <span class='ocrx_word' id='word_1_560' title='bbox 1472 3577 1566 3629; x_wconf 81' lang='grc' dir='ltr'>τοῦ</span> <span class='ocrx_word' id='word_1_561' title='bbox 1594 3576 1843 3647; x_wconf 79' lang='grc' dir='ltr'>Σωτῆρος</span> 
     </span>
    </p>
   </div>
   <div class='ocr_carea' id='block_1_66' title="bbox 1951 3570 3523 3656">
    <p class='ocr_par' dir='ltr' id='par_1_66' title="bbox 1953 3570 3523 3639">
     <span class='ocr_line' id='line_1_68' title="bbox 1953 3570 3523 3639; baseline 0.009 -19"><span class='ocrx_word' id='word_1_562' title='bbox 1953 3588 1973 3620; x_wconf 74' lang='grc' dir='ltr'><strong>ι</strong></span> <span class='ocrx_word' id='word_1_563' title='bbox 2022 3570 2299 3639; x_wconf 88' lang='lat' dir='ltr'><strong>discipulis</strong></span> <span class='ocrx_word' id='word_1_564' title='bbox 2328 3574 2665 3638; x_wconf 88' lang='lat' dir='ltr'><strong>versabatur,</strong></span> <span class='ocrx_word' id='word_1_565' title='bbox 2702 3574 2779 3628; x_wconf 88' lang='lat' dir='ltr'><strong>ait</strong></span> <span class='ocrx_word' id='word_1_566' title='bbox 2810 3590 2823 3627; x_wconf 90' lang='lat'><strong>:</strong></span> <span class='ocrx_word' id='word_1_567' title='bbox 2860 3574 3089 3630; x_wconf 87' lang='lat' dir='ltr'><strong>Iloccine</strong></span> <span class='ocrx_word' id='word_1_568' title='bbox 3136 3594 3225 3631; x_wconf 81' lang='lat' dir='ltr'><strong>vos</strong></span> <span class='ocrx_word' id='word_1_569' title='bbox 3256 3581 3523 3634; x_wconf 78' lang='lat' dir='ltr'><strong>scandali-</strong></span> 
     </span>
    </p>
   </div>
   <div class='ocr_carea' id='block_1_67' title="bbox 270 3662 1843 3744">
    <p class='ocr_par' dir='ltr' id='par_1_67' title="bbox 270 3669 1843 3744">
     <span class='ocr_line' id='line_1_69' title="bbox 270 3669 1843 3744; baseline -0.005 -13"><span class='ocrx_word' id='word_1_570' title='bbox 270 3697 289 3731; x_wconf 74' lang='grc' dir='ltr'><strong>ι</strong></span> <span class='ocrx_word' id='word_1_571' title='bbox 336 3676 682 3744; x_wconf 71' lang='grc' dir='ltr'>ἀποφάσεως.</span> <span class='ocrx_word' id='word_1_572' title='bbox 710 3672 847 3743; x_wconf 79' lang='grc' dir='ltr'>Περὶ</span> <span class='ocrx_word' id='word_1_573' title='bbox 874 3669 981 3741; x_wconf 81' lang='grc' dir='ltr'>γὰρ</span> <span class='ocrx_word' id='word_1_574' title='bbox 1020 3670 1117 3740; x_wconf 85' lang='grc' dir='ltr'>τῆς</span> <span class='ocrx_word' id='word_1_575' title='bbox 1152 3670 1373 3739; x_wconf 80' lang='grc' dir='ltr'>σαρκὸς,</span> <span class='ocrx_word' id='word_1_576' title='bbox 1400 3671 1467 3740; x_wconf 77' lang='grc' dir='ltr'>ἣν</span> <span class='ocrx_word' id='word_1_577' title='bbox 1492 3671 1629 3740; x_wconf 85' lang='grc' dir='ltr'>ἔχων</span> <span class='ocrx_word' id='word_1_578' title='bbox 1651 3670 1843 3740; x_wconf 83' lang='grc' dir='ltr'>ὡμίλει</span> 
     </span>
    </p>
   </div>
   <div class='ocr_carea' id='block_1_68' title="bbox 1951 3662 3515 3744">
    <p class='ocr_par' dir='ltr' id='par_1_68' title="bbox 1955 3662 3515 3742">
     <span class='ocr_line' id='line_1_70' title="bbox 1955 3662 3515 3742; baseline 0.01 -30"><span class='ocrx_word' id='word_1_579' title='bbox 1955 3680 1974 3712; x_wconf 82' lang='lat' dir='ltr'><strong>s</strong></span> <span class='ocrx_word' id='word_1_580' title='bbox 2020 3674 2101 3714; x_wconf 82' lang='lat' dir='ltr'><strong>zat</strong></span> <span class='ocrx_word' id='word_1_581' title='bbox 2124 3664 2148 3714; x_wconf 86' lang='lat'><strong><em>?</em></strong></span> <span class='ocrx_word' id='word_1_582' title='bbox 2176 3662 2315 3726; x_wconf 85' lang='lat' dir='ltr'><strong>Quid</strong></span> <span class='ocrx_word' id='word_1_583' title='bbox 2338 3666 2383 3717; x_wconf 88' lang='lat' dir='ltr'><strong>si</strong></span> <span class='ocrx_word' id='word_1_584' title='bbox 2405 3666 2621 3718; x_wconf 84' lang='lat' dir='ltr'><strong>videatis</strong></span> <span class='ocrx_word' id='word_1_585' title='bbox 2640 3664 2835 3719; x_wconf 77' lang='lat' dir='ltr'><strong>Filium</strong></span> <span class='ocrx_word' id='word_1_586' title='bbox 2874 3669 3094 3721; x_wconf 83' lang='lat' dir='ltr'><strong>hominis</strong></span> <span class='ocrx_word' id='word_1_587' title='bbox 3122 3686 3181 3722; x_wconf 92' lang='lat' dir='ltr'><strong>eo</strong></span> <span class='ocrx_word' id='word_1_588' title='bbox 3210 3676 3515 3742; x_wconf 85' lang='lat' dir='ltr'><strong>abeuntem,</strong></span> 
     </span>
    </p>
   </div>
   <div class='ocr_carea' id='block_1_69' title="bbox 271 3759 1843 3835">
    <p class='ocr_par' dir='ltr' id='par_1_69' title="bbox 271 3759 1843 3835">
     <span class='ocr_line' id='line_1_71' title="bbox 271 3759 1843 3835; baseline -0.003 -15"><span class='ocrx_word' id='word_1_589' title='bbox 271 3786 291 3820; x_wconf 74' lang='grc' dir='ltr'><strong>ι</strong></span> <span class='ocrx_word' id='word_1_590' title='bbox 337 3769 448 3829; x_wconf 83' lang='grc' dir='ltr'>τοῖς</span> <span class='ocrx_word' id='word_1_591' title='bbox 481 3763 769 3835; x_wconf 85' lang='grc' dir='ltr'>μαθηταῖς,</span> <span class='ocrx_word' id='word_1_592' title='bbox 799 3762 941 3814; x_wconf 70' lang='grc' dir='ltr'>οὕτω</span> <span class='ocrx_word' id='word_1_593' title='bbox 966 3761 1147 3829; x_wconf 81' lang='grc' dir='ltr'>λέγει·</span> <span class='ocrx_word' id='word_1_594' title='bbox 1187 3762 1366 3815; x_wconf 78' lang='grc' dir='ltr'>Τοῦτο</span> <span class='ocrx_word' id='word_1_595' title='bbox 1399 3759 1555 3829; x_wconf 83' lang='grc' dir='ltr'>ὑμᾶς</span> <span class='ocrx_word' id='word_1_596' title='bbox 1581 3762 1843 3815; x_wconf 81' lang='grc' dir='ltr'>σκανδα-</span> 
     </span>
    </p>
   </div>
   <div class='ocr_carea' id='block_1_70' title="bbox 1951 3759 3520 3835">
    <p class='ocr_par' dir='ltr' id='par_1_70' title="bbox 1956 3760 3520 3833">
     <span class='ocr_line' id='line_1_72' title="bbox 1956 3760 3520 3833; baseline 0.006 -25"><span class='ocrx_word' id='word_1_597' title='bbox 1956 3774 1975 3807; x_wconf 82' lang='grc'><strong>«</strong></span> <span class='ocrx_word' id='word_1_598' title='bbox 2024 3760 2109 3809; x_wconf 88' lang='lat' dir='ltr'><strong>ubi</strong></span> <span class='ocrx_word' id='word_1_599' title='bbox 2140 3762 2284 3826; x_wconf 86' lang='lat' dir='ltr'><strong>prius</strong></span> <span class='ocrx_word' id='word_1_600' title='bbox 2322 3760 2524 3825; x_wconf 80' lang='lat' dir='ltr'><strong>fuerat?</strong></span> <span class='ocrx_word' id='word_1_601' title='bbox 2549 3764 2762 3829; x_wconf 82' lang='lat' dir='ltr'><strong>spiritus</strong></span> <span class='ocrx_word' id='word_1_602' title='bbox 2780 3765 3025 3833; x_wconf 73' lang='lat' dir='ltr'><strong>vivi/irai,</strong></span> <span class='ocrx_word' id='word_1_603' title='bbox 3051 3782 3173 3819; x_wconf 88' lang='lat' dir='ltr'><strong>caro</strong></span> <span class='ocrx_word' id='word_1_604' title='bbox 3191 3777 3362 3820; x_wconf 89' lang='lat' dir='ltr'><strong>autem</strong></span> <span class='ocrx_word' id='word_1_605' title='bbox 3392 3766 3520 3819; x_wconf 79' lang='lat' dir='ltr'><strong>nihil</strong></span> 
     </span>
    </p>
   </div>
   <div class='ocr_carea' id='block_1_71' title="bbox 272 3850 1843 3927">
    <p class='ocr_par' dir='ltr' id='par_1_71' title="bbox 272 3850 1843 3921">
     <span class='ocr_line' id='line_1_73' title="bbox 272 3850 1843 3921; baseline -0.002 -10"><span class='ocrx_word' id='word_1_606' title='bbox 272 3880 291 3911; x_wconf 75' lang='grc' dir='ltr'><strong>ι</strong></span> <span class='ocrx_word' id='word_1_607' title='bbox 337 3858 521 3921; x_wconf 75' lang='grc' dir='ltr'>λίζει;</span> <span class='ocrx_word' id='word_1_608' title='bbox 571 3856 679 3909; x_wconf 77' lang='grc' dir='ltr'><strong>ἐὰν</strong></span> <span class='ocrx_word' id='word_1_609' title='bbox 708 3850 822 3910; x_wconf 81' lang='grc' dir='ltr'><strong>οὖν</strong></span> <span class='ocrx_word' id='word_1_610' title='bbox 873 3853 1039 3921; x_wconf 81' lang='grc' dir='ltr'>ἴδητε</span> <span class='ocrx_word' id='word_1_611' title='bbox 1088 3852 1194 3905; x_wconf 78' lang='grc' dir='ltr'>τόν</span> <span class='ocrx_word' id='word_1_612' title='bbox 1223 3853 1358 3904; x_wconf 83' lang='grc' dir='ltr'><strong>Υὶὸν</strong></span> <span class='ocrx_word' id='word_1_613' title='bbox 1396 3853 1504 3906; x_wconf 84' lang='grc' dir='ltr'>τοῦ</span> <span class='ocrx_word' id='word_1_614' title='bbox 1530 3852 1843 3921; x_wconf 79' lang='grc' dir='ltr'>ἀνθρώπου</span> 
     </span>
    </p>
   </div>
   <div class='ocr_carea' id='block_1_72' title="bbox 1951 3850 3521 3927">
    <p class='ocr_par' dir='ltr' id='par_1_72' title="bbox 1956 3850 3521 3927">
     <span class='ocr_line' id='line_1_74' title="bbox 1956 3850 3521 3927; baseline 0.008 -28"><span class='ocrx_word' id='word_1_615' title='bbox 1956 3867 1975 3899; x_wconf 85' lang='grc'><em>‹</em></span> <span class='ocrx_word' id='word_1_616' title='bbox 2020 3854 2225 3917; x_wconf 85' lang='lat' dir='ltr'><strong>prodest</strong></span> <span class='ocrx_word' id='word_1_617' title='bbox 2257 3851 2300 3881; x_wconf 83' lang='grc'><strong><em>³²</em></strong></span> <span class='ocrx_word' id='word_1_618' title='bbox 2321 3850 2415 3922; x_wconf 70' lang='grc' dir='ltr'>[εί.</span> <span class='ocrx_word' id='word_1_619' title='bbox 2442 3869 2493 3922; x_wconf 93' lang='lat' dir='ltr'><strong>p.</strong></span> <span class='ocrx_word' id='word_1_620' title='bbox 2524 3853 2593 3906; x_wconf 73' lang='grc'><strong>45</strong></span> <span class='ocrx_word' id='word_1_621' title='bbox 2619 3854 2661 3905; x_wconf 90' lang='lat' dir='ltr'><strong>D</strong></span> <span class='ocrx_word' id='word_1_622' title='bbox 2694 3854 2837 3927; x_wconf 85' lang='lat' dir='ltr'><strong>lin.].</strong></span> <span class='ocrx_word' id='word_1_623' title='bbox 2874 3858 3023 3922; x_wconf 83' lang='lat' dir='ltr'><strong>Quod</strong></span> <span class='ocrx_word' id='word_1_624' title='bbox 3056 3859 3097 3911; x_wconf 84' lang='lat' dir='ltr'><strong>si</strong></span> <span class='ocrx_word' id='word_1_625' title='bbox 3128 3860 3358 3913; x_wconf 76' lang='lat' dir='ltr'><strong>fateatur</strong></span> <span class='ocrx_word' id='word_1_626' title='bbox 3386 3858 3521 3914; x_wconf 85' lang='lat' dir='ltr'><strong>nihil</strong></span> 
     </span>
    </p>
   </div>
   <div class='ocr_carea' id='block_1_73' title="bbox 274 3943 1843 4017">
    <p class='ocr_par' dir='ltr' id='par_1_73' title="bbox 274 3943 1843 4017">
     <span class='ocr_line' id='line_1_75' title="bbox 274 3943 1843 4017; baseline -0.002 -15"><span class='ocrx_word' id='word_1_627' title='bbox 274 3970 293 4002; x_wconf 76' lang='grc' dir='ltr'><strong>ι</strong></span> <span class='ocrx_word' id='word_1_628' title='bbox 338 3951 594 4005; x_wconf 78' lang='grc' dir='ltr'>ἀπιόντα</span> <span class='ocrx_word' id='word_1_629' title='bbox 641 3948 794 4001; x_wconf 77' lang='grc' dir='ltr'>ὅπου</span> <span class='ocrx_word' id='word_1_630' title='bbox 857 3943 935 4017; x_wconf 80' lang='grc' dir='ltr'><strong>ἦν</strong></span> <span class='ocrx_word' id='word_1_631' title='bbox 982 3945 1049 3999; x_wconf 81' lang='grc' dir='ltr'>τὸ</span> <span class='ocrx_word' id='word_1_632' title='bbox 1100 3944 1430 4012; x_wconf 79' lang='grc' dir='ltr'>πρότερον;</span> <span class='ocrx_word' id='word_1_633' title='bbox 1489 3945 1556 3997; x_wconf 84' lang='grc' dir='ltr'>τὸ</span> <span class='ocrx_word' id='word_1_634' title='bbox 1612 3946 1843 4015; x_wconf 79' lang='grc' dir='ltr'>πνεῦμα</span> 
     </span>
    </p>
   </div>
   <div class='ocr_carea' id='block_1_74' title="bbox 1951 3943 3518 4017">
    <p class='ocr_par' dir='ltr' id='par_1_74' title="bbox 1955 3944 3518 4017">
     <span class='ocr_line' id='line_1_76' title="bbox 1955 3944 3518 4017; baseline 0.007 -22"><span class='ocrx_word' id='word_1_635' title='bbox 1955 3960 1974 3993; x_wconf 77' lang='grc' dir='ltr'><strong>ι</strong></span> <span class='ocrx_word' id='word_1_636' title='bbox 2027 3944 2159 4012; x_wconf 89' lang='lat' dir='ltr'><strong>ipsis</strong></span> <span class='ocrx_word' id='word_1_637' title='bbox 2220 3958 2438 3998; x_wconf 86' lang='lat' dir='ltr'><strong>carnem</strong></span> <span class='ocrx_word' id='word_1_638' title='bbox 2483 3947 2774 4015; x_wconf 89' lang='lat' dir='ltr'><strong>prodesse,</strong></span> <span class='ocrx_word' id='word_1_639' title='bbox 2830 3950 3098 4016; x_wconf 90' lang='lat' dir='ltr'><strong>quomodo</strong></span> <span class='ocrx_word' id='word_1_640' title='bbox 3149 3952 3518 4017; x_wconf 84' lang='lat' dir='ltr'><strong>concesserit,</strong></span> 
     </span>
    </p>
   </div>
   <div class='ocr_carea' id='block_1_75' title="bbox 273 4032 1843 4109">
    <p class='ocr_par' dir='ltr' id='par_1_75' title="bbox 273 4032 1843 4107">
     <span class='ocr_line' id='line_1_77' title="bbox 273 4032 1843 4107; baseline -0.004 -12"><span class='ocrx_word' id='word_1_641' title='bbox 273 4063 293 4095; x_wconf 82' lang='lat' dir='ltr'><strong>s</strong></span> <span class='ocrx_word' id='word_1_642' title='bbox 343 4040 624 4105; x_wconf 77' lang='grc' dir='ltr'>ζωοποιεῖ,</span> <span class='ocrx_word' id='word_1_643' title='bbox 656 4040 692 4107; x_wconf 73' lang='grc' dir='ltr'><strong><em>ἡ</em></strong></span> <span class='ocrx_word' id='word_1_644' title='bbox 722 4039 877 4107; x_wconf 81' lang='grc' dir='ltr'>σὰρξ</span> <span class='ocrx_word' id='word_1_645' title='bbox 910 4036 1092 4091; x_wconf 80' lang='grc' dir='ltr'>οὐδὲν</span> <span class='ocrx_word' id='word_1_646' title='bbox 1116 4035 1350 4105; x_wconf 70' lang='grc' dir='ltr'>ὠφελεῖ.</span> <span class='ocrx_word' id='word_1_647' title='bbox 1381 4037 1444 4089; x_wconf 80' lang='lat' dir='ltr'><strong>El</strong></span> <span class='ocrx_word' id='word_1_648' title='bbox 1473 4032 1564 4090; x_wconf 77' lang='grc' dir='ltr'>οὖν</span> <span class='ocrx_word' id='word_1_649' title='bbox 1595 4036 1843 4107; x_wconf 81' lang='grc' dir='ltr'>ὁμολογεῖ</span> 
     </span>
    </p>
   </div>
   <div class='ocr_carea' id='block_1_76' title="bbox 1951 4032 3518 4109">
    <p class='ocr_par' dir='ltr' id='par_1_76' title="bbox 1956 4034 3518 4109">
     <span class='ocr_line' id='line_1_78' title="bbox 1956 4034 3518 4109; baseline 0.008 -25"><span class='ocrx_word' id='word_1_650' title='bbox 1956 4052 1976 4084; x_wconf 80' lang='lat' dir='ltr'><strong>s</strong></span> <span class='ocrx_word' id='word_1_651' title='bbox 2019 4034 2164 4087; x_wconf 89' lang='lat' dir='ltr'><strong>illam</strong></span> <span class='ocrx_word' id='word_1_652' title='bbox 2213 4051 2331 4103; x_wconf 74' lang='lat' dir='ltr'><strong>qua:</strong></span> <span class='ocrx_word' id='word_1_653' title='bbox 2357 4036 2422 4089; x_wconf 89' lang='lat' dir='ltr'><strong>de</strong></span> <span class='ocrx_word' id='word_1_654' title='bbox 2457 4046 2599 4089; x_wconf 89' lang='lat' dir='ltr'><strong>terra</strong></span> <span class='ocrx_word' id='word_1_655' title='bbox 2633 4038 2931 4101; x_wconf 84' lang='lat' dir='ltr'><strong>oriebatur.</strong></span> <span class='ocrx_word' id='word_1_656' title='bbox 2980 4056 3099 4107; x_wconf 66' lang='lat' dir='ltr'><strong>qua:</strong></span> <span class='ocrx_word' id='word_1_657' title='bbox 3131 4041 3261 4093; x_wconf 90' lang='lat' dir='ltr'><strong>nihil</strong></span> <span class='ocrx_word' id='word_1_658' title='bbox 3303 4043 3518 4109; x_wconf 80' lang='lat' dir='ltr'><strong>profue—</strong></span> 
     </span>
    </p>
   </div>
   <div class='ocr_carea' id='block_1_77' title="bbox 274 4128 1843 4206">
    <p class='ocr_par' dir='ltr' id='par_1_77' title="bbox 274 4128 1843 4206">
     <span class='ocr_line' id='line_1_79' title="bbox 274 4128 1843 4206; baseline -0.003 -19"><span class='ocrx_word' id='word_1_659' title='bbox 274 4155 294 4187; x_wconf 69' lang='grc' dir='ltr'><strong>ι</strong></span> <span class='ocrx_word' id='word_1_660' title='bbox 340 4135 437 4206; x_wconf 78' lang='grc' dir='ltr'><strong>τὴν</strong></span> <span class='ocrx_word' id='word_1_661' title='bbox 471 4135 647 4205; x_wconf 87' lang='grc' dir='ltr'>σάρκα</span> <span class='ocrx_word' id='word_1_662' title='bbox 675 4131 837 4202; x_wconf 84' lang='grc' dir='ltr'>μηδὲν</span> <span class='ocrx_word' id='word_1_663' title='bbox 860 4130 1086 4199; x_wconf 83' lang='grc' dir='ltr'>ὠφελεῖν</span> <span class='ocrx_word' id='word_1_664' title='bbox 1113 4128 1295 4191; x_wconf 79' lang='grc' dir='ltr'>αὐτὸν,</span> <span class='ocrx_word' id='word_1_665' title='bbox 1337 4129 1453 4192; x_wconf 83' lang='grc' dir='ltr'><strong>πῶς</strong></span> <span class='ocrx_word' id='word_1_666' title='bbox 1482 4132 1715 4201; x_wconf 76' lang='grc' dir='ltr'>ἐγχωρεί</span> <span class='ocrx_word' id='word_1_667' title='bbox 1749 4130 1843 4201; x_wconf 78' lang='grc' dir='ltr'><strong>τὴν</strong></span> 
     </span>
    </p>
   </div>
   <div class='ocr_carea' id='block_1_78' title="bbox 1951 4128 3517 4206">
    <p class='ocr_par' dir='ltr' id='par_1_78' title="bbox 1956 4128 3517 4197">
     <span class='ocr_line' id='line_1_80' title="bbox 1956 4128 3517 4197; baseline 0.006 -20"><span class='ocrx_word' id='word_1_668' title='bbox 1956 4143 1973 4176; x_wconf 78' lang='grc' dir='ltr'><strong>ι</strong></span> <span class='ocrx_word' id='word_1_669' title='bbox 2023 4137 2123 4191; x_wconf 87' lang='lat' dir='ltr'><strong>rat,</strong></span> <span class='ocrx_word' id='word_1_670' title='bbox 2166 4143 2284 4195; x_wconf 66' lang='lat' dir='ltr'><strong>qua:</strong></span> <span class='ocrx_word' id='word_1_671' title='bbox 2323 4128 2453 4181; x_wconf 90' lang='lat' dir='ltr'><strong>nihil</strong></span> <span class='ocrx_word' id='word_1_672' title='bbox 2487 4129 2762 4197; x_wconf 88' lang='lat' dir='ltr'><strong>proderit,</strong></span> <span class='ocrx_word' id='word_1_673' title='bbox 2813 4130 2865 4183; x_wconf 93' lang='lat' dir='ltr'><strong>in</strong></span> <span class='ocrx_word' id='word_1_674' title='bbox 2911 4131 3102 4185; x_wconf 81' lang='lat' dir='ltr'><strong>futuris</strong></span> <span class='ocrx_word' id='word_1_675' title='bbox 3142 4133 3353 4187; x_wconf 64' lang='lat' dir='ltr'><strong>sacculis</strong></span> <span class='ocrx_word' id='word_1_676' title='bbox 3397 4149 3517 4188; x_wconf 89' lang='lat' dir='ltr'><strong>cum</strong></span> 
     </span>
    </p>
   </div>
   <div class='ocr_carea' id='block_1_79' title="bbox 272 4212 1843 4296">
    <p class='ocr_par' dir='ltr' id='par_1_79' title="bbox 272 4212 1843 4296">
     <span class='ocr_line' id='line_1_81' title="bbox 272 4212 1843 4296; baseline -0.004 -15"><span class='ocrx_word' id='word_1_677' title='bbox 272 4247 293 4281; x_wconf 83' lang='lat' dir='ltr'><strong>s</strong></span> <span class='ocrx_word' id='word_1_678' title='bbox 343 4229 408 4280; x_wconf 82' lang='grc' dir='ltr'>ὲκ</span> <span class='ocrx_word' id='word_1_679' title='bbox 439 4226 542 4296; x_wconf 73' lang='grc' dir='ltr'>γῆς</span> <span class='ocrx_word' id='word_1_680' title='bbox 569 4241 629 4277; x_wconf 89' lang='grc' dir='ltr'><strong>τε</strong></span> <span class='ocrx_word' id='word_1_681' title='bbox 653 4220 816 4276; x_wconf 80' lang='grc' dir='ltr'>οὖσαν</span> <span class='ocrx_word' id='word_1_682' title='bbox 850 4222 944 4275; x_wconf 74' lang='grc' dir='ltr'>καὶ</span> <span class='ocrx_word' id='word_1_683' title='bbox 967 4212 1131 4291; x_wconf 77' lang='grc' dir='ltr'>μηδὲν</span> <span class='ocrx_word' id='word_1_684' title='bbox 1163 4215 1474 4288; x_wconf 72' lang='grc' dir='ltr'>ὠφελοῦσαν</span> <span class='ocrx_word' id='word_1_685' title='bbox 1492 4261 1506 4283; x_wconf 96' lang='grc'><strong>,</strong></span> <span class='ocrx_word' id='word_1_686' title='bbox 1533 4221 1627 4273; x_wconf 74' lang='grc' dir='ltr'>καὶ</span> <span class='ocrx_word' id='word_1_687' title='bbox 1651 4223 1707 4274; x_wconf 85' lang='grc' dir='ltr'><strong>ὲν</strong></span> <span class='ocrx_word' id='word_1_688' title='bbox 1738 4225 1843 4282; x_wconf 77' lang='grc' dir='ltr'>τοῖς</span> 
     </span>
    </p>
   </div>
   <div class='ocr_carea' id='block_1_80' title="bbox 1951 4212 3519 4296">
    <p class='ocr_par' dir='ltr' id='par_1_80' title="bbox 1956 4216 3519 4291">
     <span class='ocr_line' id='line_1_82' title="bbox 1956 4216 3519 4291; baseline 0.005 -23"><span class='ocrx_word' id='word_1_689' title='bbox 1956 4236 1974 4268; x_wconf 76' lang='grc' dir='ltr'><strong>ι</strong></span> <span class='ocrx_word' id='word_1_690' title='bbox 2023 4216 2201 4271; x_wconf 85' lang='lat' dir='ltr'><strong>Verbo</strong></span> <span class='ocrx_word' id='word_1_691' title='bbox 2236 4218 2522 4285; x_wconf 86' lang='lat' dir='ltr'><strong>copulari?</strong></span> <span class='ocrx_word' id='word_1_692' title='bbox 2568 4218 2648 4273; x_wconf 89' lang='lat' dir='ltr'><strong>Ob</strong></span> <span class='ocrx_word' id='word_1_693' title='bbox 2678 4220 2815 4273; x_wconf 88' lang='lat' dir='ltr'><strong>hanc</strong></span> <span class='ocrx_word' id='word_1_694' title='bbox 2841 4230 2985 4273; x_wconf 81' lang='lat' dir='ltr'><strong>certe</strong></span> <span class='ocrx_word' id='word_1_695' title='bbox 3021 4236 3236 4273; x_wconf 84' lang='lat' dir='ltr'><strong>causam</strong></span> <span class='ocrx_word' id='word_1_696' title='bbox 3269 4222 3519 4291; x_wconf 84' lang='lat' dir='ltr'><strong>omnipo-</strong></span> 
     </span>
    </p>
   </div>
   <div class='ocr_carea' id='block_1_81' title="bbox 274 4308 1843 4389">
    <p class='ocr_par' dir='ltr' id='par_1_81' title="bbox 274 4313 1843 4389">
     <span class='ocr_line' id='line_1_83' title="bbox 274 4313 1843 4389; baseline -0.004 -16"><span class='ocrx_word' id='word_1_697' title='bbox 274 4340 293 4373; x_wconf 72' lang='grc' dir='ltr'><strong>ε</strong></span> <span class='ocrx_word' id='word_1_698' title='bbox 342 4320 623 4389; x_wconf 80' lang='grc' dir='ltr'>μέλλουσιν</span> <span class='ocrx_word' id='word_1_699' title='bbox 655 4317 843 4370; x_wconf 81' lang='grc' dir='ltr'>αἰῶσιν</span> <span class='ocrx_word' id='word_1_700' title='bbox 870 4316 945 4377; x_wconf 86' lang='grc' dir='ltr'>ὡς</span> <span class='ocrx_word' id='word_1_701' title='bbox 977 4313 1123 4384; x_wconf 78' lang='grc' dir='ltr'>αὐτῷ</span> <span class='ocrx_word' id='word_1_702' title='bbox 1154 4313 1533 4366; x_wconf 79' lang='grc' dir='ltr'>λυσιτελοῦσαν</span> <span class='ocrx_word' id='word_1_703' title='bbox 1564 4313 1673 4384; x_wconf 91' lang='grc'><strong>(81)</strong></span> <span class='ocrx_word' id='word_1_704' title='bbox 1726 4331 1843 4367; x_wconf 85' lang='grc' dir='ltr'>συν-</span> 
     </span>
    </p>
   </div>
   <div class='ocr_carea' id='block_1_82' title="bbox 1951 4308 3520 4389">
    <p class='ocr_par' dir='ltr' id='par_1_82' title="bbox 1956 4308 3520 4370">
     <span class='ocr_line' id='line_1_84' title="bbox 1956 4308 3520 4370; baseline 0.008 -13"><span class='ocrx_word' id='word_1_705' title='bbox 1956 4326 1974 4357; x_wconf 77' lang='grc'><strong>(</strong></span> <span class='ocrx_word' id='word_1_706' title='bbox 2018 4315 2135 4361; x_wconf 86' lang='lat' dir='ltr'><strong>lens</strong></span> <span class='ocrx_word' id='word_1_707' title='bbox 2190 4308 2447 4362; x_wconf 89' lang='lat' dir='ltr'><strong>Dominus</strong></span> <span class='ocrx_word' id='word_1_708' title='bbox 2493 4309 2706 4363; x_wconf 86' lang='lat' dir='ltr'><strong>videtur</strong></span> <span class='ocrx_word' id='word_1_709' title='bbox 2766 4310 2893 4363; x_wconf 86' lang='lat' dir='ltr'><strong>mihi</strong></span> <span class='ocrx_word' id='word_1_710' title='bbox 2950 4311 3028 4364; x_wconf 91' lang='lat' dir='ltr'><strong>sic</strong></span> <span class='ocrx_word' id='word_1_711' title='bbox 3088 4310 3276 4367; x_wconf 70' lang='lat' dir='ltr'><strong>allatus</strong></span> <span class='ocrx_word' id='word_1_712' title='bbox 3329 4314 3520 4370; x_wconf 91' lang='lat' dir='ltr'><strong>illum:</strong></span> 
     </span>
    </p>
   </div>
   <div class='ocr_carea' id='block_1_83' title="bbox 274 4398 1843 4480">
    <p class='ocr_par' dir='ltr' id='par_1_83' title="bbox 274 4402 1843 4480">
     <span class='ocr_line' id='line_1_85' title="bbox 274 4402 1843 4480; baseline -0.005 -15"><span class='ocrx_word' id='word_1_713' title='bbox 274 4432 292 4464; x_wconf 74' lang='grc' dir='ltr'><strong>ι</strong></span> <span class='ocrx_word' id='word_1_714' title='bbox 340 4416 478 4465; x_wconf 85' lang='grc' dir='ltr'>εἶναι</span> <span class='ocrx_word' id='word_1_715' title='bbox 508 4410 585 4480; x_wconf 88' lang='grc' dir='ltr'><strong>τῷ</strong></span> <span class='ocrx_word' id='word_1_716' title='bbox 609 4410 768 4479; x_wconf 83' lang='grc' dir='ltr'>Λόγῳ</span> <span class='ocrx_word' id='word_1_717' title='bbox 790 4426 804 4473; x_wconf 89' lang='grc'>;</span> <span class='ocrx_word' id='word_1_718' title='bbox 824 4407 923 4459; x_wconf 71' lang='grc' dir='ltr'>Διά</span> <span class='ocrx_word' id='word_1_719' title='bbox 948 4406 1107 4459; x_wconf 78' lang='grc' dir='ltr'>τοῦτο</span> <span class='ocrx_word' id='word_1_720' title='bbox 1128 4404 1236 4475; x_wconf 87' lang='grc' dir='ltr'><strong>γάρ</strong></span> <span class='ocrx_word' id='word_1_721' title='bbox 1262 4422 1349 4474; x_wconf 88' lang='grc' dir='ltr'><strong>μοι</strong></span> <span class='ocrx_word' id='word_1_722' title='bbox 1372 4405 1517 4459; x_wconf 86' lang='grc' dir='ltr'>δοκεῖ</span> <span class='ocrx_word' id='word_1_723' title='bbox 1542 4402 1633 4459; x_wconf 67' lang='grc' dir='ltr'>καὶ</span> <span class='ocrx_word' id='word_1_724' title='bbox 1660 4405 1688 4457; x_wconf 91' lang='lat'><strong>6</strong></span> <span class='ocrx_word' id='word_1_725' title='bbox 1716 4423 1843 4459; x_wconf 82' lang='grc' dir='ltr'>παν-</span> 
     </span>
    </p>
   </div>
   <div class='ocr_carea' id='block_1_84' title="bbox 1951 4398 3605 4480">
    <p class='ocr_par' dir='ltr' id='par_1_84' title="bbox 1956 4398 3605 4471">
     <span class='ocr_line' id='line_1_86' title="bbox 1956 4398 3605 4471; baseline 0.006 -20"><span class='ocrx_word' id='word_1_726' title='bbox 1956 4418 1975 4450; x_wconf 75' lang='grc'><strong>(</strong></span> <span class='ocrx_word' id='word_1_727' title='bbox 2016 4398 2149 4453; x_wconf 84' lang='lat' dir='ltr'><strong>Sede</strong></span> <span class='ocrx_word' id='word_1_728' title='bbox 2208 4418 2239 4453; x_wconf 91' lang='lat' dir='ltr'><strong>a</strong></span> <span class='ocrx_word' id='word_1_729' title='bbox 2294 4401 2494 4454; x_wconf 72' lang='lat' dir='ltr'><strong>dextris</strong></span> <span class='ocrx_word' id='word_1_730' title='bbox 2530 4403 2677 4468; x_wconf 87' lang='lat' dir='ltr'><strong>meis,</strong></span> <span class='ocrx_word' id='word_1_731' title='bbox 2708 4418 2967 4471; x_wconf 85' lang='lat' dir='ltr'><strong>quousque</strong></span> <span class='ocrx_word' id='word_1_732' title='bbox 3016 4420 3235 4471; x_wconf 86' lang='lat' dir='ltr'><strong>posuero</strong></span> <span class='ocrx_word' id='word_1_733' title='bbox 3276 4407 3531 4461; x_wconf 77' lang='lat' dir='ltr'><strong>inimicos&quot;</strong></span> <span class='ocrx_word' id='word_1_734' title='bbox 3597 4416 3605 4424; x_wconf 86' lang='lat'>&#39;</span> 
     </span>
    </p>
   </div>
   <div class='ocr_carea' id='block_1_85' title="bbox 265 2169 1847 2241">
    <p class='ocr_par' dir='ltr' id='par_1_85' title="bbox 265 2169 1847 2241">
     <span class='ocr_line' id='line_1_87' title="bbox 265 2169 1847 2241; baseline 0.001 -22"><span class='ocrx_word' id='word_1_735' title='bbox 265 2190 283 2219; x_wconf 76' lang='grc' dir='ltr'><strong>ι</strong></span> <span class='ocrx_word' id='word_1_736' title='bbox 332 2170 588 2239; x_wconf 76' lang='grc' dir='ltr'>τηϐέντα,</span> <span class='ocrx_word' id='word_1_737' title='bbox 625 2170 766 2223; x_wconf 71' lang='grc' dir='ltr'>οὕτω</span> <span class='ocrx_word' id='word_1_738' title='bbox 794 2171 887 2222; x_wconf 85' lang='grc' dir='ltr'><strong>καί</strong></span> <span class='ocrx_word' id='word_1_739' title='bbox 917 2170 975 2223; x_wconf 87' lang='grc' dir='ltr'><strong>τὸ</strong></span> <span class='ocrx_word' id='word_1_740' title='bbox 998 2170 1318 2241; x_wconf 87' lang='grc' dir='ltr'>λειπόμενον</span> <span class='ocrx_word' id='word_1_741' title='bbox 1350 2169 1657 2232; x_wconf 79' lang='grc' dir='ltr'>ἀκολούθως</span> <span class='ocrx_word' id='word_1_742' title='bbox 1686 2170 1847 2240; x_wconf 80' lang='grc' dir='ltr'>γένη-</span> 
     </span>
    </p>
   </div>
   <div class='ocr_carea' id='block_1_86' title="bbox 265 2271 1848 2344">
    <p class='ocr_par' dir='ltr' id='par_1_86' title="bbox 265 2271 1848 2344">
     <span class='ocr_line' id='line_1_88' title="bbox 265 2271 1848 2344; baseline 0.001 -21"><span class='ocrx_word' id='word_1_743' title='bbox 265 2290 283 2323; x_wconf 79' lang='lat' dir='ltr'><strong>s</strong></span> <span class='ocrx_word' id='word_1_744' title='bbox 332 2290 442 2324; x_wconf 84' lang='grc' dir='ltr'>ται.</span> <span class='ocrx_word' id='word_1_745' title='bbox 471 2273 693 2326; x_wconf 82' lang='grc' dir='ltr'>Πάντων</span> <span class='ocrx_word' id='word_1_746' title='bbox 724 2272 832 2343; x_wconf 83' lang='grc' dir='ltr'>γὰρ</span> <span class='ocrx_word' id='word_1_747' title='bbox 865 2275 922 2325; x_wconf 83' lang='grc' dir='ltr'>ὲν</span> <span class='ocrx_word' id='word_1_748' title='bbox 948 2273 1024 2344; x_wconf 89' lang='grc' dir='ltr'><strong>τῷ</strong></span> <span class='ocrx_word' id='word_1_749' title='bbox 1050 2272 1223 2344; x_wconf 81' lang='grc' dir='ltr'>καιρῷ</span> <span class='ocrx_word' id='word_1_750' title='bbox 1249 2271 1343 2325; x_wconf 77' lang='grc' dir='ltr'><strong>τοῦ</strong></span> <span class='ocrx_word' id='word_1_751' title='bbox 1390 2272 1575 2335; x_wconf 85' lang='grc' dir='ltr'>τέλους</span> <span class='ocrx_word' id='word_1_752' title='bbox 1614 2273 1848 2325; x_wconf 82' lang='grc' dir='ltr'>ὑποτάσ-</span> 
     </span>
    </p>
   </div>
   <div class='ocr_carea' id='block_1_87' title="bbox 276 4491 1843 4573">
    <p class='ocr_par' dir='ltr' id='par_1_87' title="bbox 276 4494 1843 4573">
     <span class='ocr_line' id='line_1_89' title="bbox 276 4494 1843 4573; baseline -0.004 -16"><span class='ocrx_word' id='word_1_753' title='bbox 276 4522 294 4556; x_wconf 77' lang='lat' dir='ltr'><strong>s</strong></span> <span class='ocrx_word' id='word_1_754' title='bbox 340 4503 627 4573; x_wconf 83' lang='grc' dir='ltr'>τοκράτωρ</span> <span class='ocrx_word' id='word_1_755' title='bbox 657 4498 933 4570; x_wconf 79' lang='grc' dir='ltr'>Δεσπότης</span> <span class='ocrx_word' id='word_1_756' title='bbox 964 4498 1098 4570; x_wconf 65' lang='grc' dir='ltr'>πρὸς</span> <span class='ocrx_word' id='word_1_757' title='bbox 1132 4498 1291 4552; x_wconf 76' lang='grc' dir='ltr'>αὐτὸν</span> <span class='ocrx_word' id='word_1_758' title='bbox 1320 4497 1517 4567; x_wconf 82' lang='grc' dir='ltr'>λέγειν·</span> <span class='ocrx_word' id='word_1_759' title='bbox 1550 4494 1748 4552; x_wconf 81' lang='grc' dir='ltr'>Κάθου</span> <span class='ocrx_word' id='word_1_760' title='bbox 1782 4499 1843 4551; x_wconf 76' lang='grc' dir='ltr'>ἐκ</span> 
     </span>
    </p>
   </div>
   <div class='ocr_carea' id='block_1_88' title="bbox 1951 4491 3521 4573">
    <p class='ocr_par' dir='ltr' id='par_1_88' title="bbox 1958 4491 3521 4564">
     <span class='ocr_line' id='line_1_90' title="bbox 1958 4491 3521 4564; baseline 0.007 -23"><span class='ocrx_word' id='word_1_761' title='bbox 1958 4508 1975 4541; x_wconf 76' lang='grc' dir='ltr'><strong>ι</strong></span> <span class='ocrx_word' id='word_1_762' title='bbox 2017 4500 2133 4545; x_wconf 82' lang='lat' dir='ltr'><strong>tuos</strong></span> <span class='ocrx_word' id='word_1_763' title='bbox 2161 4491 2443 4545; x_wconf 84' lang='lat' dir='ltr'><strong>scabellum</strong></span> <span class='ocrx_word' id='word_1_764' title='bbox 2473 4496 2661 4558; x_wconf 86' lang='lat' dir='ltr'><strong>pedum</strong></span> <span class='ocrx_word' id='word_1_765' title='bbox 2693 4504 2901 4547; x_wconf 86' lang='lat' dir='ltr'><strong>tuorum</strong></span> <span class='ocrx_word' id='word_1_766' title='bbox 2943 4496 3006 4548; x_wconf 85' lang='grc'><strong>³³.</strong></span> <span class='ocrx_word' id='word_1_767' title='bbox 3042 4494 3268 4564; x_wconf 85' lang='lat' dir='ltr'><strong>Propter</strong></span> <span class='ocrx_word' id='word_1_768' title='bbox 3300 4512 3521 4552; x_wconf 87' lang='lat' dir='ltr'><strong>carnem</strong></span> 
     </span>
    </p>
   </div>
   <div class='ocr_carea' id='block_1_89' title="bbox 277 4583 1843 4663">
    <p class='ocr_par' dir='ltr' id='par_1_89' title="bbox 277 4590 1843 4663">
     <span class='ocr_line' id='line_1_91' title="bbox 277 4590 1843 4663; baseline -0.003 -15"><span class='ocrx_word' id='word_1_769' title='bbox 277 4616 295 4648; x_wconf 81' lang='grc' dir='ltr'><strong>ι</strong></span> <span class='ocrx_word' id='word_1_770' title='bbox 342 4595 560 4660; x_wconf 79' lang='grc' dir='ltr'>δεξιῶν</span> <span class='ocrx_word' id='word_1_771' title='bbox 582 4612 725 4663; x_wconf 86' lang='grc' dir='ltr'>μου,</span> <span class='ocrx_word' id='word_1_772' title='bbox 759 4593 868 4656; x_wconf 81' lang='grc' dir='ltr'>ἕως</span> <span class='ocrx_word' id='word_1_773' title='bbox 900 4590 975 4644; x_wconf 75' lang='grc' dir='ltr'><strong>ἂν</strong></span> <span class='ocrx_word' id='word_1_774' title='bbox 1005 4591 1084 4645; x_wconf 86' lang='grc' dir='ltr'><strong>θῶ</strong></span> <span class='ocrx_word' id='word_1_775' title='bbox 1114 4592 1253 4658; x_wconf 85' lang='grc' dir='ltr'>τοὺς</span> <span class='ocrx_word' id='word_1_776' title='bbox 1280 4591 1535 4661; x_wconf 77' lang='grc' dir='ltr'>ἐχθρούς</span> <span class='ocrx_word' id='word_1_777' title='bbox 1554 4605 1670 4644; x_wconf 83' lang='grc' dir='ltr'><strong>σου</strong></span> <span class='ocrx_word' id='word_1_778' title='bbox 1702 4593 1843 4645; x_wconf 83' lang='grc' dir='ltr'><strong>ὑπο-</strong></span> 
     </span>
    </p>
   </div>
   <div class='ocr_carea' id='block_1_90' title="bbox 1951 4583 3519 4663">
    <p class='ocr_par' dir='ltr' id='par_1_90' title="bbox 1961 4583 3519 4657">
     <span class='ocr_line' id='line_1_92' title="bbox 1961 4583 3519 4657; baseline 0.003 -22"><span class='ocrx_word' id='word_1_779' title='bbox 1961 4601 1979 4635; x_wconf 77' lang='grc' dir='ltr'><strong>ι</strong></span> <span class='ocrx_word' id='word_1_780' title='bbox 2028 4583 2319 4638; x_wconf 88' lang='lat' dir='ltr'><strong>humanam</strong></span> <span class='ocrx_word' id='word_1_781' title='bbox 2368 4585 2582 4639; x_wconf 87' lang='lat' dir='ltr'><strong>videtur</strong></span> <span class='ocrx_word' id='word_1_782' title='bbox 2648 4587 2777 4639; x_wconf 89' lang='lat' dir='ltr'><strong>mihi</strong></span> <span class='ocrx_word' id='word_1_783' title='bbox 2842 4587 2952 4641; x_wconf 90' lang='lat' dir='ltr'><strong>sola</strong></span> <span class='ocrx_word' id='word_1_784' title='bbox 3001 4589 3315 4657; x_wconf 71' lang='lat' dir='ltr'><strong>speratione</strong></span> <span class='ocrx_word' id='word_1_785' title='bbox 3370 4590 3519 4644; x_wconf 89' lang='lat' dir='ltr'><strong>illum</strong></span> 
     </span>
    </p>
   </div>
   <div class='ocr_carea' id='block_1_91' title="bbox 277 4678 1843 4754">
    <p class='ocr_par' dir='ltr' id='par_1_91' title="bbox 277 4680 1843 4754">
     <span class='ocr_line' id='line_1_93' title="bbox 277 4680 1843 4754; baseline -0.005 -13"><span class='ocrx_word' id='word_1_786' title='bbox 277 4709 295 4741; x_wconf 84' lang='grc'><em>‹</em></span> <span class='ocrx_word' id='word_1_787' title='bbox 342 4687 555 4741; x_wconf 76' lang='grc' dir='ltr'>πόδιον</span> <span class='ocrx_word' id='word_1_788' title='bbox 577 4684 694 4738; x_wconf 81' lang='grc' dir='ltr'>τῶν</span> <span class='ocrx_word' id='word_1_789' title='bbox 717 4683 917 4736; x_wconf 80' lang='grc' dir='ltr'>ποδῶν</span> <span class='ocrx_word' id='word_1_790' title='bbox 944 4699 1079 4745; x_wconf 83' lang='grc' dir='ltr'>σου,</span> <span class='ocrx_word' id='word_1_791' title='bbox 1104 4683 1349 4754; x_wconf 78' lang='grc' dir='ltr'>ἐνεργείᾳ</span> <span class='ocrx_word' id='word_1_792' title='bbox 1375 4682 1508 4753; x_wconf 82' lang='grc' dir='ltr'>μόνῃ</span> <span class='ocrx_word' id='word_1_793' title='bbox 1530 4680 1617 4734; x_wconf 76' lang='grc' dir='ltr'>διὰ</span> <span class='ocrx_word' id='word_1_794' title='bbox 1643 4682 1741 4752; x_wconf 82' lang='grc' dir='ltr'>τὴν</span> <span class='ocrx_word' id='word_1_795' title='bbox 1769 4681 1843 4733; x_wconf 73' lang='grc' dir='ltr'>ἀνι</span> 
     </span>
    </p>
   </div>
   <div class='ocr_carea' id='block_1_92' title="bbox 1951 4678 3524 4754">
    <p class='ocr_par' dir='ltr' id='par_1_92' title="bbox 1967 4678 3524 4747">
     <span class='ocr_line' id='line_1_94' title="bbox 1967 4678 3524 4747; baseline 0.005 -19"><span class='ocrx_word' id='word_1_796' title='bbox 1967 4694 1987 4728; x_wconf 85' lang='grc'><strong>‹</strong></span> <span class='ocrx_word' id='word_1_797' title='bbox 2028 4690 2302 4744; x_wconf 85' lang='lat' dir='ltr'><strong>separare,</strong></span> <span class='ocrx_word' id='word_1_798' title='bbox 2330 4684 2383 4731; x_wconf 90' lang='lat' dir='ltr'><strong>et</strong></span> <span class='ocrx_word' id='word_1_799' title='bbox 2412 4678 2699 4731; x_wconf 90' lang='lat' dir='ltr'><strong>terminum</strong></span> <span class='ocrx_word' id='word_1_800' title='bbox 2729 4678 2800 4731; x_wconf 93' lang='lat' dir='ltr'><strong>illi</strong></span> <span class='ocrx_word' id='word_1_801' title='bbox 2823 4679 3022 4747; x_wconf 79' lang='lat' dir='ltr'><strong>lingere</strong></span> <span class='ocrx_word' id='word_1_802' title='bbox 3041 4682 3391 4734; x_wconf 88' lang='lat' dir='ltr'><strong>constitutum</strong></span> <span class='ocrx_word' id='word_1_803' title='bbox 3410 4697 3524 4736; x_wconf 81' lang='lat' dir='ltr'><strong>ses-</strong></span> 
     </span>
    </p>
   </div>
   <div class='ocr_carea' id='block_1_93' title="bbox 274 4767 1843 4852">
    <p class='ocr_par' dir='ltr' id='par_1_93' title="bbox 274 4768 1843 4852">
     <span class='ocr_line' id='line_1_95' title="bbox 274 4768 1843 4852; baseline -0.007 -18"><span class='ocrx_word' id='word_1_804' title='bbox 274 4802 293 4834; x_wconf 71' lang='grc' dir='ltr'><strong>ι</strong></span> <span class='ocrx_word' id='word_1_805' title='bbox 343 4780 626 4852; x_wconf 83' lang='grc' dir='ltr'>θρωπίνην</span> <span class='ocrx_word' id='word_1_806' title='bbox 656 4778 855 4847; x_wconf 76' lang='grc' dir='ltr'>σάρκα,</span> <span class='ocrx_word' id='word_1_807' title='bbox 884 4774 1138 4845; x_wconf 76' lang='grc' dir='ltr'>χωρίζειν</span> <span class='ocrx_word' id='word_1_808' title='bbox 1156 4768 1317 4827; x_wconf 81' lang='grc' dir='ltr'>αὑτὸν</span> <span class='ocrx_word' id='word_1_809' title='bbox 1336 4772 1530 4835; x_wconf 88' lang='grc' dir='ltr'>δοκῶν,</span> <span class='ocrx_word' id='word_1_810' title='bbox 1555 4771 1649 4825; x_wconf 76' lang='grc' dir='ltr'><strong>καὶ</strong></span> <span class='ocrx_word' id='word_1_811' title='bbox 1673 4770 1843 4842; x_wconf 55' lang='lat' dir='ltr'><strong>ibam;</strong></span> 
     </span>
    </p>
   </div>
   <div class='ocr_carea' id='block_1_94' title="bbox 1951 4767 3520 4852">
    <p class='ocr_par' dir='ltr' id='par_1_94' title="bbox 1965 4767 3520 4839">
     <span class='ocr_line' id='line_1_96' title="bbox 1965 4767 3520 4839; baseline 0.005 -22"><span class='ocrx_word' id='word_1_812' title='bbox 1965 4784 1984 4817; x_wconf 75' lang='grc' dir='ltr'><strong>ι</strong></span> <span class='ocrx_word' id='word_1_813' title='bbox 2027 4767 2195 4821; x_wconf 92' lang='lat' dir='ltr'><strong>sionis</strong></span> <span class='ocrx_word' id='word_1_814' title='bbox 2250 4784 2278 4820; x_wconf 90' lang='lat' dir='ltr'><strong>a</strong></span> <span class='ocrx_word' id='word_1_815' title='bbox 2330 4770 2537 4823; x_wconf 82' lang='lat' dir='ltr'><strong>dextris</strong></span> <span class='ocrx_word' id='word_1_816' title='bbox 2588 4767 2705 4833; x_wconf 86' lang='lat' dir='ltr'><strong>Dei,</strong></span> <span class='ocrx_word' id='word_1_817' title='bbox 2765 4780 2925 4839; x_wconf 86' lang='lat' dir='ltr'><strong>atque</strong></span> <span class='ocrx_word' id='word_1_818' title='bbox 2975 4770 3122 4824; x_wconf 91' lang='lat' dir='ltr'><strong>illum</strong></span> <span class='ocrx_word' id='word_1_819' title='bbox 3176 4774 3250 4827; x_wconf 90' lang='lat' dir='ltr'><strong>ita</strong></span> <span class='ocrx_word' id='word_1_820' title='bbox 3303 4770 3520 4832; x_wconf 72' lang='lat' dir='ltr'><strong>allatus,</strong></span> 
     </span>
    </p>
   </div>
   <div class='ocr_carea' id='block_1_95' title="bbox 277 4860 1843 4944">
    <p class='ocr_par' dir='ltr' id='par_1_95' title="bbox 277 4863 1843 4944">
     <span class='ocr_line' id='line_1_97' title="bbox 277 4863 1843 4944; baseline -0.007 -19"><span class='ocrx_word' id='word_1_821' title='bbox 277 4894 294 4924; x_wconf 76' lang='grc' dir='ltr'><strong>ι</strong></span> <span class='ocrx_word' id='word_1_822' title='bbox 347 4872 508 4944; x_wconf 64' lang='grc' dir='ltr'>ρητᾶν</span> <span class='ocrx_word' id='word_1_823' title='bbox 541 4886 661 4923; x_wconf 88' lang='grc' dir='ltr'>τινα</span> <span class='ocrx_word' id='word_1_824' title='bbox 703 4868 892 4939; x_wconf 88' lang='grc' dir='ltr'>χρόνον</span> <span class='ocrx_word' id='word_1_825' title='bbox 929 4866 1122 4937; x_wconf 83' lang='grc' dir='ltr'>ὁρίζων</span> <span class='ocrx_word' id='word_1_826' title='bbox 1151 4864 1297 4935; x_wconf 79' lang='grc' dir='ltr'>αὐτῷ</span> <span class='ocrx_word' id='word_1_827' title='bbox 1326 4865 1423 4931; x_wconf 83' lang='grc' dir='ltr'>τῆς</span> <span class='ocrx_word' id='word_1_828' title='bbox 1456 4866 1514 4917; x_wconf 85' lang='grc' dir='ltr'>ὲν</span> <span class='ocrx_word' id='word_1_829' title='bbox 1550 4863 1701 4933; x_wconf 84' lang='grc' dir='ltr'>δεξιᾷ</span> <span class='ocrx_word' id='word_1_830' title='bbox 1723 4863 1843 4915; x_wconf 88' lang='grc' dir='ltr'>καθ-</span> 
     </span>
    </p>
   </div>
   <div class='ocr_carea' id='block_1_96' title="bbox 1951 4860 3523 4944">
    <p class='ocr_par' dir='ltr' id='par_1_96' title="bbox 1962 4860 3523 4930">
     <span class='ocr_line' id='line_1_98' title="bbox 1962 4860 3523 4930; baseline 0.002 -19"><span class='ocrx_word' id='word_1_831' title='bbox 1962 4877 1981 4905; x_wconf 79' lang='grc' dir='ltr'><strong>ι</strong></span> <span class='ocrx_word' id='word_1_832' title='bbox 2028 4876 2188 4928; x_wconf 89' lang='lat' dir='ltr'><strong>usque</strong></span> <span class='ocrx_word' id='word_1_833' title='bbox 2216 4861 2339 4912; x_wconf 85' lang='lat' dir='ltr'><strong>dum</strong></span> <span class='ocrx_word' id='word_1_834' title='bbox 2355 4876 2575 4927; x_wconf 85' lang='lat' dir='ltr'><strong>posuero</strong></span> <span class='ocrx_word' id='word_1_835' title='bbox 2600 4860 2840 4914; x_wconf 84' lang='lat' dir='ltr'><strong>inimicos</strong></span> <span class='ocrx_word' id='word_1_836' title='bbox 2858 4870 2973 4914; x_wconf 89' lang='lat' dir='ltr'><strong>tuos</strong></span> <span class='ocrx_word' id='word_1_837' title='bbox 3001 4862 3279 4917; x_wconf 77' lang='lat' dir='ltr'><strong>scabellum</strong></span> <span class='ocrx_word' id='word_1_838' title='bbox 3308 4863 3523 4930; x_wconf 80' lang='lat' dir='ltr'><strong>pedibus</strong></span> 
     </span>
    </p>
   </div>
   <div class='ocr_carea' id='block_1_97' title="bbox 276 4949 1843 5034">
    <p class='ocr_par' dir='ltr' id='par_1_97' title="bbox 276 4951 1843 5034">
     <span class='ocr_line' id='line_1_99' title="bbox 276 4951 1843 5034; baseline -0.008 -18"><span class='ocrx_word' id='word_1_839' title='bbox 276 4985 295 5016; x_wconf 71' lang='grc' dir='ltr'><strong>ι</strong></span> <span class='ocrx_word' id='word_1_840' title='bbox 346 4963 528 5034; x_wconf 69' lang='grc' dir='ltr'>ἔδρας.</span> <span class='ocrx_word' id='word_1_841' title='bbox 582 4959 723 5013; x_wconf 69' lang='grc' dir='ltr'>οὕτω</span> <span class='ocrx_word' id='word_1_842' title='bbox 762 4959 893 5028; x_wconf 77' lang='grc' dir='ltr'>φησὶ</span> <span class='ocrx_word' id='word_1_843' title='bbox 934 4956 1066 5027; x_wconf 78' lang='grc' dir='ltr'>πρὸς</span> <span class='ocrx_word' id='word_1_844' title='bbox 1101 4955 1262 5009; x_wconf 76' lang='grc' dir='ltr'>αὐτόν</span> <span class='ocrx_word' id='word_1_845' title='bbox 1286 4970 1300 4983; x_wconf 88' lang='grc'><strong>·</strong></span> <span class='ocrx_word' id='word_1_846' title='bbox 1334 4955 1481 5019; x_wconf 85' lang='grc' dir='ltr'>Ἕως</span> <span class='ocrx_word' id='word_1_847' title='bbox 1510 4953 1585 5006; x_wconf 82' lang='grc' dir='ltr'><strong>ἂν</strong></span> <span class='ocrx_word' id='word_1_848' title='bbox 1608 4951 1689 5005; x_wconf 85' lang='grc' dir='ltr'><strong>θῶ</strong></span> <span class='ocrx_word' id='word_1_849' title='bbox 1716 4951 1843 5017; x_wconf 72' lang='grc' dir='ltr'>τοὺς</span> 
     </span>
    </p>
   </div>
   <div class='ocr_carea' id='block_1_98' title="bbox 1951 4949 3522 5034">
    <p class='ocr_par' dir='ltr' id='par_1_98' title="bbox 1960 4949 3522 5024">
     <span class='ocr_line' id='line_1_100' title="bbox 1960 4949 3522 5024; baseline 0.004 -23"><span class='ocrx_word' id='word_1_850' title='bbox 1960 4968 1979 5001; x_wconf 83' lang='lat' dir='ltr'><strong>s</strong></span> <span class='ocrx_word' id='word_1_851' title='bbox 2027 4951 2147 5002; x_wconf 85' lang='lat' dir='ltr'><strong>luis.</strong></span> <span class='ocrx_word' id='word_1_852' title='bbox 2186 4949 2566 5019; x_wconf 81' lang='lat' dir='ltr'><strong>Propheticum</strong></span> <span class='ocrx_word' id='word_1_853' title='bbox 2605 4952 2706 5006; x_wconf 89' lang='lat' dir='ltr'><strong>hoc</strong></span> <span class='ocrx_word' id='word_1_854' title='bbox 2766 4953 2983 5007; x_wconf 79' lang='lat' dir='ltr'><strong>Davidis</strong></span> <span class='ocrx_word' id='word_1_855' title='bbox 3013 4955 3231 5008; x_wconf 71' lang='lat' dir='ltr'><strong>effatum</strong></span> <span class='ocrx_word' id='word_1_856' title='bbox 3281 4956 3522 5024; x_wconf 79' lang='lat' dir='ltr'><strong>explica-</strong></span> 
     </span>
    </p>
   </div>
   <div class='ocr_carea' id='block_1_99' title="bbox 276 5040 1843 5125">
    <p class='ocr_par' dir='ltr' id='par_1_99' title="bbox 276 5040 1843 5125">
     <span class='ocr_line' id='line_1_101' title="bbox 276 5040 1843 5125; baseline -0.01 -15"><span class='ocrx_word' id='word_1_857' title='bbox 276 5074 294 5109; x_wconf 74' lang='grc' dir='ltr'><strong>α</strong></span> <span class='ocrx_word' id='word_1_858' title='bbox 342 5055 595 5125; x_wconf 81' lang='grc' dir='ltr'>ἐχθρούς</span> <span class='ocrx_word' id='word_1_859' title='bbox 611 5068 727 5105; x_wconf 85' lang='grc' dir='ltr'>σου</span> <span class='ocrx_word' id='word_1_860' title='bbox 753 5048 1081 5103; x_wconf 71' lang='grc' dir='ltr'>ὑποπόδιον</span> <span class='ocrx_word' id='word_1_861' title='bbox 1110 5046 1226 5101; x_wconf 81' lang='grc' dir='ltr'>τῶν</span> <span class='ocrx_word' id='word_1_862' title='bbox 1241 5042 1769 5099; x_wconf 77' lang='grc' dir='ltr'>ποδῶνσου.Τοῦτο</span> <span class='ocrx_word' id='word_1_863' title='bbox 1795 5040 1843 5095; x_wconf 81' lang='grc' dir='ltr'><strong>δὲ</strong></span> 
     </span>
    </p>
   </div>
   <div class='ocr_carea' id='block_1_100' title="bbox 1951 5040 3519 5125">
    <p class='ocr_par' dir='ltr' id='par_1_100' title="bbox 1960 5042 3519 5113">
     <span class='ocr_line' id='line_1_102' title="bbox 1960 5042 3519 5113; baseline 0.004 -21"><span class='ocrx_word' id='word_1_864' title='bbox 1960 5059 1978 5092; x_wconf 76' lang='grc' dir='ltr'><strong>ι</strong></span> <span class='ocrx_word' id='word_1_865' title='bbox 2022 5042 2126 5094; x_wconf 91' lang='lat' dir='ltr'><strong>tius</strong></span> <span class='ocrx_word' id='word_1_866' title='bbox 2156 5042 2389 5095; x_wconf 86' lang='lat' dir='ltr'><strong>elucidat</strong></span> <span class='ocrx_word' id='word_1_867' title='bbox 2425 5054 2648 5098; x_wconf 88' lang='lat' dir='ltr'><strong>sanctus</strong></span> <span class='ocrx_word' id='word_1_868' title='bbox 2676 5046 2965 5113; x_wconf 78' lang='lat' dir='ltr'><strong>Apostolus</strong></span> <span class='ocrx_word' id='word_1_869' title='bbox 2996 5047 3061 5100; x_wconf 76' lang='lat' dir='ltr'><strong>ad</strong></span> <span class='ocrx_word' id='word_1_870' title='bbox 3090 5048 3231 5099; x_wconf 88' lang='lat' dir='ltr'><strong>hunc</strong></span> <span class='ocrx_word' id='word_1_871' title='bbox 3262 5050 3474 5099; x_wconf 88' lang='lat' dir='ltr'><strong>modum</strong></span> <span class='ocrx_word' id='word_1_872' title='bbox 3503 5061 3519 5099; x_wconf 89' lang='lat'><strong>:</strong></span> 
     </span>
    </p>
   </div>
   <div class='ocr_carea' id='block_1_101' title="bbox 275 5131 1843 5213">
    <p class='ocr_par' dir='ltr' id='par_1_101' title="bbox 275 5134 1843 5213">
     <span class='ocr_line' id='line_1_103' title="bbox 275 5134 1843 5213; baseline -0.009 -13"><span class='ocrx_word' id='word_1_873' title='bbox 275 5168 293 5199; x_wconf 82' lang='lat' dir='ltr'><strong>s</strong></span> <span class='ocrx_word' id='word_1_874' title='bbox 339 5147 401 5199; x_wconf 76' lang='grc' dir='ltr'>τὸ</span> <span class='ocrx_word' id='word_1_875' title='bbox 440 5140 773 5213; x_wconf 77' lang='grc' dir='ltr'>προφητικὸν</span> <span class='ocrx_word' id='word_1_876' title='bbox 802 5140 895 5193; x_wconf 74' lang='grc' dir='ltr'>τοῦ</span> <span class='ocrx_word' id='word_1_877' title='bbox 929 5139 1093 5191; x_wconf 82' lang='grc' dir='ltr'><strong>Δαυῖδ</strong></span> <span class='ocrx_word' id='word_1_878' title='bbox 1135 5136 1247 5208; x_wconf 69' lang='lat'><strong>(82)</strong></span> <span class='ocrx_word' id='word_1_879' title='bbox 1294 5136 1454 5208; x_wconf 81' lang='grc' dir='ltr'>ῥητὸν</span> <span class='ocrx_word' id='word_1_880' title='bbox 1507 5134 1843 5205; x_wconf 82' lang='grc' dir='ltr'>σαφέστερον</span> 
     </span>
    </p>
   </div>
   <div class='ocr_carea' id='block_1_102' title="bbox 1951 5131 3523 5213">
    <p class='ocr_par' dir='ltr' id='par_1_102' title="bbox 1960 5131 3523 5203">
     <span class='ocr_line' id='line_1_104' title="bbox 1960 5131 3523 5203; baseline 0.004 -20"><span class='ocrx_word' id='word_1_881' title='bbox 1960 5151 1977 5183; x_wconf 76' lang='grc' dir='ltr'><strong>ι</strong></span> <span class='ocrx_word' id='word_1_882' title='bbox 2021 5131 2233 5201; x_wconf 83' lang='lat' dir='ltr'><strong>Oportet</strong></span> <span class='ocrx_word' id='word_1_883' title='bbox 2267 5133 2411 5185; x_wconf 89' lang='lat' dir='ltr'><strong>illum</strong></span> <span class='ocrx_word' id='word_1_884' title='bbox 2452 5151 2669 5202; x_wconf 79' lang='lat' dir='ltr'><strong>regnare</strong></span> <span class='ocrx_word' id='word_1_885' title='bbox 2711 5152 2977 5203; x_wconf 83' lang='lat' dir='ltr'><strong>quousque</strong></span> <span class='ocrx_word' id='word_1_886' title='bbox 3017 5137 3241 5203; x_wconf 85' lang='lat' dir='ltr'><strong>posuerit</strong></span> <span class='ocrx_word' id='word_1_887' title='bbox 3284 5136 3523 5189; x_wconf 87' lang='lat' dir='ltr'><strong>inimicos</strong></span> 
     </span>
    </p>
   </div>
   <div class='ocr_carea' id='block_1_103' title="bbox 278 5225 1843 5311">
    <p class='ocr_par' dir='ltr' id='par_1_103' title="bbox 278 5226 1840 5311">
     <span class='ocr_line' id='line_1_105' title="bbox 278 5226 1840 5311; baseline -0.012 -18"><span class='ocrx_word' id='word_1_888' title='bbox 278 5262 295 5293; x_wconf 76' lang='grc' dir='ltr'><strong>ι</strong></span> <span class='ocrx_word' id='word_1_889' title='bbox 344 5240 475 5311; x_wconf 82' lang='grc' dir='ltr'>ήμῖν</span> <span class='ocrx_word' id='word_1_890' title='bbox 498 5234 812 5307; x_wconf 76' lang='grc' dir='ltr'>ἑρμηνεύων</span> <span class='ocrx_word' id='word_1_891' title='bbox 831 5235 859 5285; x_wconf 90' lang='lat'><strong>6</strong></span> <span class='ocrx_word' id='word_1_892' title='bbox 887 5226 1538 5302; x_wconf 74' lang='grc' dir='ltr'>ίερὸςἈπόστολος,οὖτω</span> <span class='ocrx_word' id='word_1_893' title='bbox 1571 5244 1687 5290; x_wconf 84' lang='grc' dir='ltr'><strong>πως</strong></span> <span class='ocrx_word' id='word_1_894' title='bbox 1716 5226 1840 5297; x_wconf 73' lang='grc' dir='ltr'>ἔφη’</span> 
     </span>
    </p>
   </div>
   <div class='ocr_carea' id='block_1_104' title="bbox 1951 5225 3524 5311">
    <p class='ocr_par' dir='ltr' id='par_1_104' title="bbox 1957 5225 3524 5298">
     <span class='ocr_line' id='line_1_106' title="bbox 1957 5225 3524 5298; baseline 0.004 -22"><span class='ocrx_word' id='word_1_895' title='bbox 1957 5244 1974 5276; x_wconf 74' lang='grc' dir='ltr'><strong>ι</strong></span> <span class='ocrx_word' id='word_1_896' title='bbox 2023 5225 2186 5293; x_wconf 88' lang='lat' dir='ltr'><strong>ipsius</strong></span> <span class='ocrx_word' id='word_1_897' title='bbox 2216 5228 2602 5294; x_wconf 85' lang='lat' dir='ltr'><strong>suppedaneum</strong></span> <span class='ocrx_word' id='word_1_898' title='bbox 2630 5228 2846 5295; x_wconf 82' lang='lat' dir='ltr'><strong>pedibus</strong></span> <span class='ocrx_word' id='word_1_899' title='bbox 2879 5229 2993 5297; x_wconf 88' lang='lat' dir='ltr'><strong>ejus</strong></span> <span class='ocrx_word' id='word_1_900' title='bbox 3031 5228 3096 5281; x_wconf 69' lang='grc'>³⁸.</span> <span class='ocrx_word' id='word_1_901' title='bbox 3126 5248 3145 5280; x_wconf 74' lang='grc' dir='ltr'><strong>ι</strong></span> <span class='ocrx_word' id='word_1_902' title='bbox 3188 5228 3524 5298; x_wconf 79' lang='lat' dir='ltr'><strong>Dispensatio</strong></span> 
     </span>
    </p>
   </div>
   <div class='ocr_carea' id='block_1_105' title="bbox 350 5386 1843 5463">
    <p class='ocr_par' dir='ltr' id='par_1_105' title="bbox 350 5387 1843 5463">
     <span class='ocr_line' id='line_1_107' title="bbox 350 5387 1843 5463; baseline -0.006 -12"><span class='ocrx_word' id='word_1_903' title='bbox 350 5406 407 5463; x_wconf 66' lang='lat'><strong>&gt;14</strong></span> <span class='ocrx_word' id='word_1_904' title='bbox 439 5397 536 5452; x_wconf 80' lang='lat' dir='ltr'><strong>Ed.</strong></span> <span class='ocrx_word' id='word_1_905' title='bbox 568 5395 736 5449; x_wconf 78' lang='lat' dir='ltr'><strong>Paris.</strong></span> <span class='ocrx_word' id='word_1_906' title='bbox 768 5409 886 5462; x_wconf 76' lang='lat' dir='ltr'><strong>pag.</strong></span> <span class='ocrx_word' id='word_1_907' title='bbox 913 5393 1000 5447; x_wconf 79' lang='grc'><strong>51.</strong></span> <span class='ocrx_word' id='word_1_908' title='bbox 1110 5390 1325 5463; x_wconf 65' lang='lat' dir='ltr'><strong>&quot;Dsal.</strong></span> <span class='ocrx_word' id='word_1_909' title='bbox 1355 5407 1417 5453; x_wconf 86' lang='grc' dir='ltr'><strong>ιι,</strong></span> <span class='ocrx_word' id='word_1_910' title='bbox 1444 5389 1598 5463; x_wconf 60' lang='lat' dir='ltr'><strong>6._f_’</strong></span> <span class='ocrx_word' id='word_1_911' title='bbox 1630 5387 1770 5445; x_wconf 83' lang='lat' dir='ltr'><strong>Psal.</strong></span> <span class='ocrx_word' id='word_1_912' title='bbox 1815 5404 1843 5442; x_wconf 76' lang='grc' dir='ltr'><strong>ι</strong></span> 
     </span>
    </p>
   </div>
   <div class='ocr_carea' id='block_1_106' title="bbox 1951 5386 3520 5463">
    <p class='ocr_par' dir='ltr' id='par_1_106' title="bbox 1958 5386 3520 5454">
     <span class='ocr_line' id='line_1_108' title="bbox 1958 5386 3520 5454; baseline 0.004 -12"><span class='ocrx_word' id='word_1_913' title='bbox 1958 5426 1973 5453; x_wconf 94' lang='grc'><strong>,</strong></span> <span class='ocrx_word' id='word_1_914' title='bbox 2024 5388 2074 5442; x_wconf 84' lang='lat' dir='ltr'><strong>I.</strong></span> <span class='ocrx_word' id='word_1_915' title='bbox 2156 5387 2378 5447; x_wconf 77' lang='lat' dir='ltr'><strong>&quot;lCor.</strong></span> <span class='ocrx_word' id='word_1_916' title='bbox 2406 5404 2490 5454; x_wconf 81' lang='lat' dir='ltr'><strong>xv,</strong></span> <span class='ocrx_word' id='word_1_917' title='bbox 2517 5387 2608 5441; x_wconf 74' lang='lat'><strong>28.</strong></span> <span class='ocrx_word' id='word_1_918' title='bbox 2685 5387 2727 5419; x_wconf 82' lang='grc'><strong>³¹</strong></span> <span class='ocrx_word' id='word_1_919' title='bbox 2752 5386 2985 5443; x_wconf 88' lang='lat' dir='ltr'><strong>Zachar.</strong></span> <span class='ocrx_word' id='word_1_920' title='bbox 3010 5404 3103 5453; x_wconf 79' lang='lat' dir='ltr'><strong>xu,</strong></span> <span class='ocrx_word' id='word_1_921' title='bbox 3126 5388 3211 5442; x_wconf 92' lang='lat' dir='ltr'><strong>I0.</strong></span> <span class='ocrx_word' id='word_1_922' title='bbox 3289 5390 3332 5421; x_wconf 83' lang='grc'>³³</span> <span class='ocrx_word' id='word_1_923' title='bbox 3360 5388 3520 5448; x_wconf 85' lang='lat' dir='ltr'><strong>Joan.</strong></span> 
     </span>
    </p>
   </div>
   <div class='ocr_carea' id='block_1_107' title="bbox 270 5457 1597 5535">
    <p class='ocr_par' dir='ltr' id='par_1_107' title="bbox 270 5457 1597 5535">
     <span class='ocr_line' id='line_1_109' title="bbox 270 5457 1597 5535; baseline -0.011 -8"><span class='ocrx_word' id='word_1_924' title='bbox 270 5457 570 5535; x_wconf 54' lang='lat' dir='ltr'><strong>vuln-64.</strong></span> <span class='ocrx_word' id='word_1_925' title='bbox 649 5457 980 5529; x_wconf 36' lang='lat' dir='ltr'><strong>&quot;Psalicu,</strong></span> <span class='ocrx_word' id='word_1_926' title='bbox 1014 5463 1065 5517; x_wconf 84' lang='grc'><strong>1.</strong></span> <span class='ocrx_word' id='word_1_927' title='bbox 1144 5457 1597 5527; x_wconf 72' lang='lat' dir='ltr'><strong>“ICor.xv,25.</strong></span> 
     </span>
    </p>
   </div>
   <div class='ocr_carea' id='block_1_108' title="bbox 343 5599 1843 5678">
    <p class='ocr_par' dir='ltr' id='par_1_108' title="bbox 343 5602 1842 5678">
     <span class='ocr_line' id='line_1_110' title="bbox 343 5602 1842 5678; baseline -0.005 -16"><span class='ocrx_word' id='word_1_928' title='bbox 343 5608 455 5678; x_wconf 86' lang='grc'><strong>(81)</strong></span> <span class='ocrx_word' id='word_1_929' title='bbox 525 5605 1014 5678; x_wconf 68' lang='grc' dir='ltr'><strong>Αυοίτελοιῖνοναν.⁸</strong></span> <span class='ocrx_word' id='word_1_930' title='bbox 1056 5602 1215 5657; x_wconf 86' lang='lat' dir='ltr'><strong>Deest</strong></span> <span class='ocrx_word' id='word_1_931' title='bbox 1276 5612 1402 5658; x_wconf 88' lang='lat' dir='ltr'><strong>ante</strong></span> <span class='ocrx_word' id='word_1_932' title='bbox 1438 5602 1578 5678; x_wconf 80' lang='lat' dir='ltr'><strong>hanc</strong></span> <span class='ocrx_word' id='word_1_933' title='bbox 1630 5618 1842 5678; x_wconf 74' lang='lat' dir='ltr'><strong>vocem,</strong></span> 
     </span>
    </p>
   </div>
   <div class='ocr_carea' id='block_1_109' title="bbox 1951 5599 3519 5678">
    <p class='ocr_par' dir='ltr' id='par_1_109' title="bbox 1952 5599 3519 5678">
     <span class='ocr_line' id='line_1_111' title="bbox 1952 5599 3519 5678; baseline 0.004 -22"><span class='ocrx_word' id='word_1_934' title='bbox 1952 5599 2045 5675; x_wconf 84' lang='grc' dir='ltr'><strong>ρόν</strong></span> <span class='ocrx_word' id='word_1_935' title='bbox 2069 5674 2078 5678; x_wconf 87' lang='lat'>_</span> <span class='ocrx_word' id='word_1_936' title='bbox 2106 5603 2252 5669; x_wconf 76' lang='lat' dir='ltr'><strong>fecit;</strong></span> <span class='ocrx_word' id='word_1_937' title='bbox 2280 5614 2332 5657; x_wconf 91' lang='lat' dir='ltr'><strong>at</strong></span> <span class='ocrx_word' id='word_1_938' title='bbox 2361 5605 2482 5678; x_wconf 82' lang='lat' dir='ltr'><strong>ipse</strong></span> <span class='ocrx_word' id='word_1_939' title='bbox 2506 5603 2755 5678; x_wconf 81' lang='lat' dir='ltr'><strong>Christus</strong></span> <span class='ocrx_word' id='word_1_940' title='bbox 2787 5607 3098 5678; x_wconf 87' lang='lat' dir='ltr'><strong>pronuntiat</strong></span> <span class='ocrx_word' id='word_1_941' title='bbox 3126 5622 3344 5661; x_wconf 82' lang='lat' dir='ltr'><strong>carnem</strong></span> <span class='ocrx_word' id='word_1_942' title='bbox 3386 5608 3519 5663; x_wconf 86' lang='lat' dir='ltr'><strong>nihil</strong></span> 
     </span>
    </p>
   </div>
   <div class='ocr_carea' id='block_1_110' title="bbox 274 5673 3521 5752">
    <p class='ocr_par' dir='ltr' id='par_1_110' title="bbox 274 5673 3521 5752">
     <span class='ocr_line' id='line_1_112' title="bbox 274 5673 3521 5752; baseline -0.001 -19"><span class='ocrx_word' id='word_1_943' title='bbox 274 5673 479 5752; x_wconf 75' lang='grc' dir='ltr'>μηδέν’,</span> <span class='ocrx_word' id='word_1_944' title='bbox 534 5679 668 5731; x_wconf 89' lang='lat' dir='ltr'><strong>nihil</strong></span> <span class='ocrx_word' id='word_1_945' title='bbox 724 5688 833 5729; x_wconf 89' lang='lat' dir='ltr'><strong>tum</strong></span> <span class='ocrx_word' id='word_1_946' title='bbox 892 5674 1223 5752; x_wconf 78' lang='lat' dir='ltr'><strong>profuturam</strong></span> <span class='ocrx_word' id='word_1_947' title='bbox 1264 5689 1482 5752; x_wconf 76' lang='lat' dir='ltr'><strong>carnem</strong></span> <span class='ocrx_word' id='word_1_948' title='bbox 1515 5674 1602 5752; x_wconf 38' lang='lat' dir='ltr'><strong>“in</strong></span> <span class='ocrx_word' id='word_1_949' title='bbox 1665 5673 1843 5752; x_wconf 68' lang='lat' dir='ltr'><strong>[uttiro</strong></span> <span class='ocrx_word' id='word_1_950' title='bbox 1949 5673 2250 5752; x_wconf 84' lang='lat' dir='ltr'><strong>prodesse;_</strong></span> <span class='ocrx_word' id='word_1_951' title='bbox 2282 5676 2407 5744; x_wconf 86' lang='lat' dir='ltr'><strong>quid</strong></span> <span class='ocrx_word' id='word_1_952' title='bbox 2462 5691 2589 5752; x_wconf 60' lang='grc' dir='ltr'>(περ</span> <span class='ocrx_word' id='word_1_953' title='bbox 2645 5675 2767 5752; x_wconf 76' lang='grc' dir='ltr'><strong>1ρείΔ</strong></span> <span class='ocrx_word' id='word_1_954' title='bbox 2793 5691 2933 5752; x_wconf 72' lang='lat' dir='ltr'><strong>opus</strong></span> <span class='ocrx_word' id='word_1_955' title='bbox 2980 5676 3066 5752; x_wconf 66' lang='lat' dir='ltr'><strong>illa</strong></span> <span class='ocrx_word' id='word_1_956' title='bbox 3109 5694 3304 5752; x_wconf 64' lang='lat' dir='ltr'><strong>carne,</strong></span> <span class='ocrx_word' id='word_1_957' title='bbox 3351 5679 3401 5752; x_wconf 86' lang='lat' dir='ltr'><strong>in</strong></span> <span class='ocrx_word' id='word_1_958' title='bbox 3436 5686 3521 5752; x_wconf 74' lang='lat' dir='ltr'><strong>tu-</strong></span> 
     </span>
    </p>
   </div>
   <div class='ocr_carea' id='block_1_111' title="bbox 271 5740 1843 5819">
    <p class='ocr_par' dir='ltr' id='par_1_111' title="bbox 271 5740 1837 5819">
     <span class='ocr_line' id='line_1_113' title="bbox 271 5740 1837 5819; baseline -0.007 -15"><span class='ocrx_word' id='word_1_959' title='bbox 271 5740 495 5808; x_wconf 55' lang='lat' dir='ltr'><strong>saa&#39;culo.</strong></span> <span class='ocrx_word' id='word_1_960' title='bbox 551 5740 1003 5819; x_wconf 78' lang='lat' dir='ltr'><strong>quemadmodum</strong></span> <span class='ocrx_word' id='word_1_961' title='bbox 1066 5760 1165 5819; x_wconf 65' lang='lat' dir='ltr'><strong>nec</strong></span> <span class='ocrx_word' id='word_1_962' title='bbox 1213 5744 1264 5798; x_wconf 86' lang='lat' dir='ltr'><strong>in</strong></span> <span class='ocrx_word' id='word_1_963' title='bbox 1322 5745 1443 5797; x_wconf 77' lang='lat' dir='ltr'><strong>isto.</strong></span> <span class='ocrx_word' id='word_1_964' title='bbox 1515 5742 1617 5799; x_wconf 85' lang='lat' dir='ltr'><strong>Pro</strong></span> <span class='ocrx_word' id='word_1_965' title='bbox 1658 5740 1837 5819; x_wconf 72' lang='grc' dir='ltr'>ῶσαύο</span> 
     </span>
    </p>
   </div>
   <div class='ocr_carea' id='block_1_112' title="bbox 1951 5740 3512 5819">
    <p class='ocr_par' dir='ltr' id='par_1_112' title="bbox 1951 5740 3512 5819">
     <span class='ocr_line' id='line_1_114' title="bbox 1951 5740 3512 5819; baseline 0.004 -23"><span class='ocrx_word' id='word_1_966' title='bbox 1951 5740 2727 5819; x_wconf 51' lang='lat' dir='ltr'><strong>turnsmculo&#39;uonprofutura</strong></span> <span class='ocrx_word' id='word_1_967' title='bbox 2747 5746 2770 5799; x_wconf 87' lang='lat'><strong>?</strong></span> <span class='ocrx_word' id='word_1_968' title='bbox 2793 5740 2865 5798; x_wconf 88' lang='grc' dir='ltr'>Μ.</span> <span class='ocrx_word' id='word_1_969' title='bbox 2895 5777 2965 5819; x_wconf 86' lang='lat'><strong>_-—</strong></span> <span class='ocrx_word' id='word_1_970' title='bbox 3003 5748 3203 5815; x_wconf 87' lang='lat' dir='ltr'><strong>Scripsi</strong></span> <span class='ocrx_word' id='word_1_971' title='bbox 3239 5740 3315 5811; x_wconf 77' lang='grc' dir='ltr'>ὡς</span> <span class='ocrx_word' id='word_1_972' title='bbox 3346 5748 3512 5819; x_wconf 72' lang='grc' dir='ltr'>αὐτῷ.</span> 
     </span>
    </p>
   </div>
   <div class='ocr_carea' id='block_1_113' title="bbox 271 5813 1843 5888">
    <p class='ocr_par' dir='ltr' id='par_1_113' title="bbox 271 5813 1839 5888">
     <span class='ocr_line' id='line_1_115' title="bbox 271 5813 1839 5888; baseline -0.008 -14"><span class='ocrx_word' id='word_1_973' title='bbox 271 5838 385 5883; x_wconf 79' lang='grc' dir='ltr'><strong>τως</strong></span> <span class='ocrx_word' id='word_1_974' title='bbox 422 5813 755 5888; x_wconf 65' lang='grc' dir='ltr'>θΙίὴῑ”αὑτῷ</span> <span class='ocrx_word' id='word_1_975' title='bbox 813 5817 1024 5883; x_wconf 75' lang='lat' dir='ltr'><strong>legitur.</strong></span> <span class='ocrx_word' id='word_1_976' title='bbox 1086 5813 1204 5888; x_wconf 70' lang='lat' dir='ltr'><strong>Est_</strong></span> <span class='ocrx_word' id='word_1_977' title='bbox 1254 5821 1469 5888; x_wconf 59' lang='lat' dir='ltr'><strong>autem,</strong></span> <span class='ocrx_word' id='word_1_978' title='bbox 1532 5828 1595 5868; x_wconf 87' lang='lat' dir='ltr'><strong>ac</strong></span> <span class='ocrx_word' id='word_1_979' title='bbox 1660 5814 1717 5888; x_wconf 77' lang='lat' dir='ltr'><strong>si</strong></span> <span class='ocrx_word' id='word_1_980' title='bbox 1769 5817 1839 5867; x_wconf 87' lang='lat' dir='ltr'><strong>ita</strong></span> 
     </span>
    </p>
   </div>
   <div class='ocr_carea' id='block_1_114' title="bbox 1951 5813 3514 5888">
    <p class='ocr_par' dir='ltr' id='par_1_114' title="bbox 2017 5813 3514 5888">
     <span class='ocr_line' id='line_1_116' title="bbox 2017 5813 3514 5888; baseline 0.003 -21"><span class='ocrx_word' id='word_1_981' title='bbox 2017 5814 2127 5885; x_wconf 72' lang='grc'><strong>(82)</strong></span> <span class='ocrx_word' id='word_1_982' title='bbox 2179 5815 2357 5888; x_wconf 68' lang='grc' dir='ltr'>Τοῦτο</span> <span class='ocrx_word' id='word_1_983' title='bbox 2373 5814 2443 5867; x_wconf 81' lang='grc' dir='ltr'>δὲ</span> <span class='ocrx_word' id='word_1_984' title='bbox 2470 5814 2535 5867; x_wconf 88' lang='grc' dir='ltr'>τὸ</span> <span class='ocrx_word' id='word_1_985' title='bbox 2585 5816 2956 5885; x_wconf 66' lang='grc' dir='ltr'>προφητικὸν</span> <span class='ocrx_word' id='word_1_986' title='bbox 2975 5819 3079 5873; x_wconf 86' lang='grc' dir='ltr'>τοῦ</span> <span class='ocrx_word' id='word_1_987' title='bbox 3105 5813 3303 5873; x_wconf 81' lang='grc' dir='ltr'>Δαυῖδ.</span> <span class='ocrx_word' id='word_1_988' title='bbox 3349 5813 3514 5873; x_wconf 66' lang='grc' dir='ltr'><strong>Ιίρςὶε</strong></span> 
     </span>
    </p>
   </div>
   <div class='ocr_carea' id='block_1_115' title="bbox 274 5882 3506 5960">
    <p class='ocr_par' dir='ltr' id='par_1_115' title="bbox 274 5882 3506 5960">
     <span class='ocr_line' id='line_1_117' title="bbox 274 5882 3506 5960; baseline -0.001 -15"><span class='ocrx_word' id='word_1_989' title='bbox 274 5882 749 5959; x_wconf 65' lang='lat' dir='ltr'><strong>argumentantur</strong></span> <span class='ocrx_word' id='word_1_990' title='bbox 786 5898 812 5940; x_wconf 78' lang='lat'><strong>‘:</strong></span> <span class='ocrx_word' id='word_1_991' title='bbox 868 5882 1011 5943; x_wconf 86' lang='lat' dir='ltr'><strong>Deus</strong></span> <span class='ocrx_word' id='word_1_992' title='bbox 1074 5884 1206 5941; x_wconf 88' lang='lat' dir='ltr'><strong>nihil</strong></span> <span class='ocrx_word' id='word_1_993' title='bbox 1259 5882 1459 5952; x_wconf 79' lang='grc' dir='ltr'>φαῦλον</span> <span class='ocrx_word' id='word_1_994' title='bbox 1510 5894 1602 5939; x_wconf 83' lang='lat' dir='ltr'><strong>aut</strong></span> <span class='ocrx_word' id='word_1_995' title='bbox 1665 5884 1838 5954; x_wconf 83' lang='grc' dir='ltr'>φλυα-</span> <span class='ocrx_word' id='word_1_996' title='bbox 1944 5882 2216 5954; x_wconf 83' lang='lat' dir='ltr'><strong>componit</strong></span> <span class='ocrx_word' id='word_1_997' title='bbox 2282 5886 2368 5941; x_wconf 93' lang='lat' dir='ltr'><strong>hic</strong></span> <span class='ocrx_word' id='word_1_998' title='bbox 2430 5882 2777 5957; x_wconf 79' lang='lat' dir='ltr'><strong>Apostoluin,</strong></span> <span class='ocrx_word' id='word_1_999' title='bbox 2821 5898 2873 5943; x_wconf 92' lang='lat' dir='ltr'><strong>et</strong></span> <span class='ocrx_word' id='word_1_1000' title='bbox 2919 5900 3094 5945; x_wconf 86' lang='lat' dir='ltr'><strong>vatem</strong></span> <span class='ocrx_word' id='word_1_1001' title='bbox 3136 5891 3361 5960; x_wconf 76' lang='lat' dir='ltr'><strong>regium,</strong></span> <span class='ocrx_word' id='word_1_1002' title='bbox 3409 5889 3506 5944; x_wconf 81' lang='lat' dir='ltr'><strong>sed</strong></span> 
     </span>
    </p>
   </div>
  </div>
