3970 6510
477 415 582 481 819

1089 425 1386 481 ‘EUSEBII
1425 425 1903 484 CESARIENSIS
1941 428 2090 485 OPP.
2131 429 2308 486 PARS
2346 430 2436 487 IV.
2474 461 2537 473 -—
2582 429 3004 487 DOGMATICA.

3617 431 3715 488 820

478 530 584 588 bus
613 532 677 588 de
714 534 902 589 eadem
938 534 1026 590 illa
1055 551 1222 592 carne
1249 539 1366 608 ipse
1392 541 1704 612 scripserat.
1737 542 1791 596 lu
1824 559 2048 613 sequen-

2158 547 2552 617 ἀμνημονήσας
2597 540 2672 603 ὧν
2723 549 2851 619 περὶ
2902 546 3070 618 αὐτῆς
3122 545 3210 599 διὰ
3257 547 3362 600 τῶν
3413 547 3718 618 ἔμπροσθεν

479 625 628 682 tibus
656 629 816 683 etiam
859 628 946 686 ille
980 631 1091 700 ipse
1120 633 1210 708 qui
1234 635 1711 700 determinaverat,
1746 637 1863 692 siue
1893 654 2048 693 scru-

480 717 608 787 pulo
636 758 651 783 ,
692 735 892 792 corpus
921 721 1234 781 Servatoris
1267 726 1506 781 futurum
1538 737 1659 797 post
1703 727 1887 796 judicii
1924 739 2053 782 tern-

477 823 580 881 pus
611 807 788 867 Verbo
836 829 934 869 suo
983 816 1402 885 destituendum,
1442 829 1640 873 metum
1672 821 1956 890 quemdam
1997 830 2053 876 et

484 905 842 970 reverentiam
884 922 994 976 pra:
1023 923 1082 968 se
1116 909 1220 964 l’ert
1245 949 1259 974 ,
1290 920 1344 966 et
1375 927 1481 966 non
1513 926 1671 980 posse
1720 913 1796 967 ait
1829 928 2052 981 respon-

481 995 632 1061 dere,
665 999 709 1052 si
737 999 858 1066 quis
886 1000 1033 1054 illum
1068 1002 1134 1056 de
1179 1002 1268 1058 illa
1301 1018 1466 1058 carne
1503 1005 1937 1075 interrogaverit,
1966 1005 2048 1059 di-

479 1095 691 1154 cturum
725 1104 855 1153 vero
895 1105 954 1156 se
979 1092 1044 1154 ad
1075 1093 1493 1161 interrogantem
1517 1095 1828 1164 quemlibet.
1870 1113 1890 1149 ι
1930 1096 2051 1152 Noli

485 1194 506 1229 ι
545 1180 813 1246 sciscitari
853 1183 918 1246 de
949 1186 1108 1240 rebus
1137 1201 1255 1254 quae
1284 1203 1388 1240 non
1417 1187 1722 1242 didicimus.
1751 1207 1768 1240 ›
1805 1187 1901 1244 llic
1939 1189 2050 1257 iam

477 1270 656 1339 quivis
680 1275 725 1328 ei
752 1289 976 1345 oggerat
1009 1297 1022 1332 :
1055 1278 1192 1349 Quid
1228 1281 1570 1350 temetipsum
1621 1282 1918 1342 deridiculo
1951 1286 2050 1338 lia-

479 1361 592 1427 bes,
627 1365 827 1420 homo?
856 1367 1122 1434 Quorsum
1158 1373 1209 1425 in
1246 1374 1404 1426 rebus
1435 1387 1554 1442 qua:
1581 1390 1684 1427 non
1722 1375 1976 1439 didicisti,
2001 1387 2054 1432 te

483 1469 578 1521 per
612 1460 903 1528 przecipilia
956 1467 1092 1532 agis,
1126 1463 1252 1517 dum
1299 1465 1349 1518 iu
1381 1467 1599 1534 scriptis
1634 1467 1757 1522 illas
1786 1469 1994 1522 decidis
2029 1467 2052 1521 ?

479 1546 745 1610 Quorsum
782 1568 885 1604 non
915 1555 1158 1611 custodis
1204 1571 1266 1610 ea
1299 1572 1418 1627 qua:
1449 1559 1735 1628 suscepisti
1780 1559 1848 1614 ab
1885 1562 2054 1616 eccle-

477 1638 712 1694 siasticis
743 1640 1013 1710 Patribus,
1053 1655 1107 1700 et
1137 1647 1451 1703 doctoribus
1475 1688 1491 1712 ,
1548 1655 1606 1712 ὢ
1658 1650 1929 1706 n0vitates
1967 1665 2053 1706 se-

477 1731 683 1798 queris,
720 1734 812 1802 qui
855 1752 1025 1805 nuper
1051 1749 1230 1791 natam
1271 1749 1325 1793 et
1372 1757 1400 1794 a
1438 1740 1542 1797 ﬁde
1581 1742 1812 1796 alienam
1861 1743 2052 1812 distor-

478 1820 681 1877 tiouem
712 1823 764 1877 in
799 1828 960 1880 vitam
997 1830 1405 1887 subintroducis
1432 1873 1446 1895 ,
1477 1834 1603 1887 dum
1638 1849 1860 1903 regnum
1889 1834 2052 1889 Chri-

2152 635 2392 708 εἴρηκεν.
2442 633 2578 699 Εἶθ’,
2625 640 2654 692 ὁ
2705 638 2890 708 σαφῶς
2923 636 3064 691 οὕτω
3088 636 3149 690 τὸ
3178 636 3336 708 σῶμα
3362 637 3422 690 τὸ
3457 640 3718 708 σωτήριον

2151 728 2355 802 ἔρημον
2397 729 2493 783 τοῦ
2521 731 2693 800 Λόγου
2724 729 3071 802 γενήσεσθαι,
3095 729 3231 800 μετὰ
3246 729 3334 781 τὸν
3363 729 3462 799 τῆς
3490 729 3718 801 κρίσεως

2150 823 2340 893 καιρὸν
2374 823 2794 894 ἀποφηνάμενος
2847 822 3128 886 εὐλάϐειαν
3175 824 3584 890 προσποιεῖται,
3630 823 3720 874 καὶ

2154 914 2226 985 μὴ
2259 915 2454 968 εἰδέναι
2487 917 2649 984 φησὶν
2695 913 3120 986 ἀποκρίνεσθαι,
3155 911 3208 968 εἴ
3238 929 3322 975 τις
3354 912 3516 964 αὑτὸν
3550 913 3721 981 ἔροιτο

2151 1007 2397 1078 περὶτῆς
2417 1008 2642 1078 σαρκὸς,
2659 1009 2828 1078 φῆσαι
2854 1007 2898 1059 δ’
2912 1007 2976 1060 ἂν
3000 1006 3132 1076 πρὸς
3167 1004 3257 1058 τὸν
3285 1005 3598 1075 ἐρωτῶντα,
3631 1003 3720 1068 Μή

2152 1115 2270 1153 που
2310 1099 2620 1153 πυνθάνου
2650 1101 2758 1170 (93)
2800 1098 2934 1167 περὶ
2963 1093 3050 1151 ὧν
3071 1097 3154 1167 μὴ
3191 1097 3523 1166 μεμάθηκα.
3570 1093 3723 1147 Ἀλλὰ

2151 1189 2246 1243 καὶ
2277 1191 2305 1242 ὁ
2335 1189 2511 1261 τυχὼν
2542 1185 2692 1245 εἶπεν
2729 1190 2793 1244 ἂν
2828 1189 2963 1260 πρὸς
2990 1188 3149 1240 αὑτόν
3169 1204 3181 1216 °
3219 1187 3268 1241 τί
3311 1186 3374 1256 δὴ
3404 1181 3496 1238 οὖν
3529 1186 3724 1237 σαυτὸν

2153 1280 2441 1346 σκώπτεις,
2462 1281 2714 1352 ἄνθρωπε
2736 1299 2749 1347 ;
2775 1281 2838 1334 Τί
2865 1279 3078 1334 δὲκατά
3105 1278 3362 1350 κρημνῶν
3390 1277 3572 1339 ὠθεῖς,
3601 1278 3725 1360 περί

2149 1367 2225 1426 ὧν
2260 1375 2333 1445 μὴ
2367 1374 2692 1446 μεμάθηκας
2737 1373 3051 1445 ὁριζόμενος
3085 1373 3416 1443 ἐγγράφωςς
3465 1371 3530 1422 Τί
3561 1369 3617 1421 δὲ
3656 1368 3727 1439 μὴ

2151 1465 2439 1536 φυλάττεις
2492 1467 2528 1521 ἃ
2577 1465 2731 1538 παρά
2757 1466 2864 1520 τῶν
2891 1450 3355 1535 ἐκκλησιαστικῶν
3383 1461 3642 1531 πατέρων
3671 1477 3726 1511 τε

2152 1558 2244 1612 καὶ
2272 1558 2607 1612 διδασκάλων
2633 1558 2994 1629 παρείληφας,
3028 1554 3369 1626 νεωτερίζεις
3407 1553 3448 1605 δ’
3472 1553 3728 1622 ἄντικρυς

2150 1653 2277 1717 νέαν
2313 1653 2408 1706 καί⁵
2463 1652 2776 1719 ξενίζουσαν
2829 1650 3064 1719 εἰσάγων
3097 1646 3174 1718 τῷ
3212 1647 3310 1718 βίῳ
3360 1645 3728 1714 διαστροφὴν,

2151 1748 2324 1819 ἀρχήν
2356 1764 2414 1799 τε
2447 1745 2784 1817 πρόσκαιρον
2829 1744 2922 1796 καὶ
2949 1741 3220 1812 νεωτέραν
3250 1743 3314 1810 τῇ
3353 1737 3598 1809 βασιλεία
3636 1737 3731 1790 τοῦ

2151 1836 2386 1909 Χριστοῦ
2413 1836 2606 1899 διδοὺς,
2639 1835 2733 1890 καὶ
2769 1834 2968 1906 ταύτης
2996 1833 3148 1896 τέλος
3194 1832 3560 1901 ὑφιστάμενος
3581 1869 3596 1892 ,
3638 1830 3733 1882 καὶ

477 1912 546 1965 sti
577 1915 977 1974 circumscribis
1013 1923 1216 1976 uovitio
1256 1923 1492 1992 quodam
1531 1924 1798 1994 principio
1828 1935 1883 1980 et
1914 1936 2048 1979 tem-

2153 1928 2241 1982 τὸν
2279 1927 2374 1998 μὲν
2408 1925 2623 1997 ἀληθῶς
2659 1924 2921 1997 μονογενῆ
2956 1922 3047 1977 τοῦ
3110 1921 3245 1974 Θεοῦ
3282 1921 3407 1973 Υἰὸν
3461 1918 3734 1990 ἀρνούμε-

476 2004 644 2084 porali
665 2046 679 2070 ,
709 2007 850 2076 quod
879 2010 983 2066 line
1011 2029 1223 2082 quoque
1261 2013 1661 2068 terminandum
1701 2030 1820 2071 esse
1851 2017 2046 2086 doces;

475 2095 711 2167 abuegas
742 2114 869 2155 vere
912 2103 1248 2174 unigenitum
1299 2105 1436 2171 Dei,
1485 2105 1772 2162 substituis
1811 2105 2048 2161 Verbum

477 2184 892 2249 insubstantiale
937 2202 991 2246 et
1039 2194 1432 2263 insubsistens,
1487 2197 1630 2266 quod
1688 2198 1862 2265 ipsum
1913 2199 2049 2253 nihil

475 2277 619 2331 aliud
671 2283 991 2360 pronuntias
1033 2299 1183 2349 esse,
1217 2301 1380 2354 quam
1412 2304 1574 2342 unum
1601 2297 1760 2358 atque
1794 2291 2051 2345 idemmet

474 2384 598 2424 cum
625 2371 771 2442 Deo?
796 2373 925 2453 Quae
955 2377 1199 2446 quisquis
1230 2379 1449 2444 dixerit,
1476 2395 1579 2434 non
1618 2382 1809 2451 injuria
1839 2383 2050 2436 dicetur

473 2461 670 2519 Filium
707 2465 798 2520 Dei
829 2467 1116 2539 abuegare.
1152 2468 1267 2533 Non
1302 2481 1384 2533 est
1410 2475 1553 2527 enim
1581 2473 1791 2541 Filius,
1822 2475 2046 2529 verbum

474 2557 616 2623 quod
657 2573 760 2612 non
790 2562 1064 2629 subsistit;
1096 2578 1215 2617 cum
1249 2580 1346 2619 nec
1381 2567 1603 2628 verbum
1649 2567 2054 2622 bominisdica-

477 2658 585 2716 tur,
633 2650 774 2705 ﬁlius
820 2653 1053 2710 hominis
1090 2672 1105 2710 :
1151 2666 1335 2727 utpote
1380 2659 1522 2728 quod
1567 2659 1680 2716 sola
1735 2659 2050 2730 operatione

475 2742 724 2799 subsistit
750 2745 802 2798 in
833 2745 1102 2816 loquente.
1135 2747 1245 2804 Hoc
1277 2750 1450 2818 ipsum
1475 2751 1539 2804 de
1562 2751 1720 2805 Ratre
1747 2766 1843 2806 suo
1863 2767 2050 2821 egres-

474 2851 593 2889 sum
621 2877 636 2900 ,
668 2848 794 2893 ante
833 2855 1004 2895 annos
1040 2841 1275 2895 nondum
1311 2857 1436 2897 cccc
1485 2843 1812 2913 completos,
1850 2844 2047 2901 Filium

476 2927 568 2981 Dei
603 2927 801 2995 factum
853 2930 1079 2985 inferius
1123 2949 1339 2997 narras,
1371 2951 1466 3004 per
1497 2937 1678 2990 carnis
1711 2938 2046 3006 assumptio-

475 3037 620 3086 nem,
655 3034 708 3077 et
729 3025 972 3092 Superius
1006 3023 1188 3080 Jesum
1218 3026 1494 3080 ChriStum
1525 3029 1883 3096 nominatum,
1908 3030 2048 3082 ima-

475 3113 650 3184 ginem
675 3115 876 3169 dictum
916 3117 1006 3170 Dei
1037 3118 1324 3178 invisibilis
1351 3157 1366 3180 ,
1402 3128 1455 3171 et
1483 3121 1902 3186 primogenitum
1933 3137 2050 3174 oru-

475 3205 559 3259 nis
615 3215 878 3263 creatura:
928 3227 942 3264 :
995 3226 1172 3278 regem
1220 3225 1436 3280 quoque
1481 3211 1860 3267 constitutum.
1918 3212 2048 3278 Quae

472 3298 676 3363 omnia,
715 3315 743 3352 a
781 3311 1020 3365 tempore
1050 3303 1141 3355 illn
1173 3303 1453 3370 designato
1475 3344 1490 3368 ,
1541 3304 1741 3374 incepit
1773 3304 1864 3358 ille
1889 3318 2046 3370 esse;

474 3405 594 3460 quae
639 3393 818 3444 omnia
858 3393 1014 3445 simul
1051 3393 1391 3461 depositurus
1420 3403 1521 3458 est,
1557 3393 1886 3463 postjudicii
1917 3409 2050 3451 con-2

475 3481 910 3534 suimnatiouezn.
947 3481 1070 3537 llzec
1111 3494 1290 3536 autem
1325 3484 1543 3538 ubinam
1593 3483 1882 3539 didiciSti?
1914 3484 2052 3551 Quis

477 3571 669 3624 horum
705 3572 796 3635 tibi
848 3571 1173 3627 informator
1218 3575 1480 3629 exstitit?
1527 3575 1826 3646 Episcopus
1880 3577 2049 3646 quis?

476 3659 677 3733 Synodi
705 3665 869 3733 quae?
904 3665 1044 3731 quod
1073 3664 1334 3734 scriptum
1375 3665 1444 3719 ab
1481 3664 1698 3719 homine
1722 3664 2052 3720 ecclesiasti—

473 3753 577 3815 co?
607 3769 802 3826 corpus
832 3754 962 3821 illud
993 3755 1307 3810 Servaturis
1337 3757 1642 3810 immortale
1665 3771 1772 3827 quo
1793 3757 2049 3812 secedet?

471 3847 607 3903 Nam
641 3864 761 3910 cum
792 3850 1132 3915 concesseris
1165 3849 1292 3904 illud
1317 3863 1439 3905 esse
1469 3849 1798 3914 immortale,
1825 3859 1880 3905 et
1911 3851 2050 3905 divi-

472 3956 600 3996 num
632 3940 940 4011 appellaris,
983 3956 1204 4002 necesse
1227 3953 1311 3996 est
1338 3958 1610 4012 supponas
1641 3943 2054 4012 incorruptibile

471 4043 525 4088 et
551 4033 1037 4094 indissolveudum.
1065 4035 1217 4101 Quod
1261 4050 1390 4092 vero
1418 4045 1608 4088 natura
1657 4050 1752 4090 sua
1804 4035 1911 4092 tale
1944 4046 2049 4101 est,

469 4139 653 4183 manet
687 4129 872 4196 utique
928 4129 1230 4184 subsistens
1282 4136 1334 4182 et
1381 4127 1782 4188 indissolutum.
1828 4127 1933 4184 Sed
1994 4139 2050 4182 tu

470 4216 708 4287 Verbum
744 4219 811 4273 ab
837 4220 926 4274 illo
961 4219 1123 4285 tollis,
1162 4229 1218 4274 et
1252 4235 1374 4274 cum
1411 4219 1517 4274 Deo
1548 4218 1850 4290 conjungis.
1884 4219 2053 4278 Num-2

472 4328 596 4370 nam
631 4314 795 4382 igitur
828 4315 946 4368 sine
977 4311 1156 4368 Verbo
1179 4312 1350 4368 solum
1396 4313 1654 4372 subsistet
1680 4327 1878 4382 corpus
1909 4312 2050 4366 istud

470 4405 523 4471 in
555 4405 844 4462 immortali
876 4413 931 4459 et
966 4407 1275 4474 incorrupta
1311 4404 1792 4459 irrationabilitale
1813 4444 1828 4468 ,
1869 4413 1922 4458 et
1946 4404 2047 4458 im-

471 4500 816 4560 rnobilitate?
858 4501 925 4552 At
959 4497 1192 4552 Verbum
1244 4499 1420 4566 ipsum
1471 4498 1732 4551 concedet
1762 4497 1814 4550 in
1858 4497 2046 4560 Deum,

469 4597 524 4642 et
552 4604 742 4644 rursus
779 4587 850 4643 illi
881 4588 1238 4658 toujuugelur
1264 4593 1390 4656 post
1417 4587 1602 4642 carnis
1625 4586 2048 4656 separatiouem,

544 4803 603 4862 ᾗ
634 4797 732 4852 Ed.
764 4798 936 4852 Paris.
972 4813 1091 4866 pag.
1119 4796 1209 4850 56.

2150 2037 2259 2085 νος,
2282 2019 2451 2087 Λόγον
2477 2017 2532 2070 δὲ
2565 2017 2740 2088 ψιλὸν,
2778 2013 3025 2070 ἀνούσιον
3069 2012 3165 2067 καὶ
3194 2011 3562 2068 ἀνυπόστατον
3603 2009 3734 2061 ὑπο-

2149 2113 2460 2183 τιθέμενοςο
2504 2109 2562 2163 ὃν
2603 2110 2711 2163 οὐδ’
2747 2109 2931 2180 ἕτερον
2974 2107 3006 2178 ἢ
3054 2106 3111 2159 ἓν
3151 2105 3245 2159 καὶ
3278 2102 3470 2158 ταύτὸν
3507 2101 3586 2171 τῷ
3611 2099 3735 2170 Θεῷ

2151 2201 2290 2257 εἶναι
2325 2204 2470 2274 φής;
2506 2203 2570 2254 Ὀ
2595 2200 2658 2271 δὴ
2690 2201 2784 2253 καὶ
2814 2198 2927 2269 (94)
2960 2199 3068 2260 πᾶς
3119 2196 3262 2251 εἴποι
3297 2195 3362 2249 ἂν
3397 2193 3736 2264 ἀρνούμενος

2149 2298 2239 2352 τὸν
2266 2296 2393 2348 Υἰὸν
2424 2292 2517 2347 τοῦ
2554 2291 2710 2355 Θεοῦ,
2741 2291 2982 2355 εἰκότως.
3037 2289 3111 2342 Οὑ
3140 2289 3248 2360 γὰρ
3277 2287 3392 2350 υἱὸς
3429 2287 3456 2339 ὁ
3487 2286 3562 2355 μὴ
3601 2286 3736 2353 ὑφει-

2153 2389 2292 2452 στὼς
2344 2387 2537 2454 Λόγος,
2574 2386 2647 2449 ὠς
2698 2383 2822 2450 οὐδὲν
2876 2386 2934 2437 ὲν
2988 2381 3260 2453 ἀνθρώπῳ
3293 2380 3448 2447 λόγος
3500 2378 3618 2440 υἱὸς
3664 2376 3736 2429 ἄν

2151 2498 2282 2535 ποτε
2312 2479 2502 2550 ῥηθείη
2531 2475 2840 2548 ἀνθρώπου,
2869 2474 3118 2546 ἐνεργείᾳ
3141 2473 3274 2544 μόνῃ
3301 2474 3356 2527 εν
3379 2470 3455 2540 τῷ
3481 2467 3737 2522 λαλοῦντι

2152 2572 2562 2642 συνιστάμενος.
2594 2568 2765 2621 Τοῦτο
2792 2568 2837 2620 δ’
2869 2569 2932 2620 ὲκ
2949 2565 3042 2619 τοῦ
3066 2564 3295 2636 Πατρὸς,
3329 2562 3440 2631 (95)
3468 2561 3574 2631 πρὸ
3595 2558 3736 2611 ἐτῶν

2150 2665 2258 2718 οὐδ’
2293 2665 2430 2718 ὅλων
2457 2661 2846 2735 τετρακοσίων,
2881 2661 2967 2713 διὰ
2986 2660 3084 2729 τῆς
3115 2657 3431 2727 ἀναλήψεως
3463 2655 3564 2724 τῆς
3599 2669 3739 2724 σαρο

2149 2757 2264 2824 κὸς,
2300 2757 2426 2810 Υἰὸν
2465 2756 2556 2810 τοῦ
2587 2754 2722 2808 Θεοῦ
2756 2751 3114 2822 γεγεννῆσθαι
3137 2748 3316 2812 καθὼς
3343 2747 3464 2818 φὴς,
3493 2745 3588 2799 καὶ
3626 2746 3738 2814 ’1η-

2152 2846 2278 2900 σοῦν
2326 2847 2418 2900 καὶ
2469 2847 2701 2918 Χριστὸν
2742 2843 3056 2916 ὠνομάσθαι
3091 2843 3223 2905 ἀνω,
3281 2839 3461 2893 εἰκόνα
3521 2855 3583 2890 τε
3636 2835 3735 2890 τοῦ

2150 2941 2284 2994 Θεοῦ
2318 2939 2411 2994 τοῦ
2445 2940 2676 3011 ἀοράτου
2701 2937 3070 3010 χρηματίσαι,
3109 2935 3201 2988 καὶ
3253 2932 3592 3004 πρωτότοκον
3625 2930 3738 2982 πά-

2154 3050 2253 3104 σης
2286 3033 2535 3095 κτίσεως,
2565 3032 2736 3102 καίδὴ
2767 3031 2859 3084 καί
2879 3028 3099 3100 βασιλέα
3122 3027 3243 3080 τότε
3278 3023 3533 3093 γενέσθαι
3563 3020 3739 3092 ἀρξά-

2158 3142 2317 3196 μενον
2344 3124 2550 3176 τούτων
2579 3124 2833 3183 ἁπάντων
2851 3163 2863 3184 ,
2911 3123 2975 3174 ὲκ
3006 3121 3096 3174 τοῦ
3127 3117 3454 3188 δηλωθέντος
3493 3114 3689 3186 χρόνου
3719 3156 3736 3181 ,

2154 3211 2346 3281 ἔπειτα
2374 3212 2548 3285 καιρῷ
2565 3213 2664 3281 τῆς
2685 3211 2993 3274 συντελείας
3009 3209 3213 3263 τούτων
3240 3207 3491 3261 ἀπάντων
3519 3204 3736 3276 ἀθρόως

2154 3303 2547 3374 παυθήσεσθαι.
2583 3305 2691 3356 Ποῦ
2727 3304 2789 3376 δὴ
2824 3301 2916 3358 οῦν
2960 3303 3128 3356 ταῦτα
3173 3300 3651 3373 μεμάθηκαςςτίς
3675 3298 3738 3351 δέ

2155 3412 2234 3449 σοι
2273 3396 2475 3448 τούτων
2503 3396 2739 3464 κατέστη
2763 3395 3097 3458 διδάσκαλος,
3127 3396 3209 3457 τίς
3227 3394 3558 3452 ἐπισκόπων,
3584 3393 3736 3443 ποῖαι

2155 3488 2385 3549 σύνοδοι,
2421 3491 2571 3540 ποῖον
2607 3487 3074 3556 ὲκκλησιαστικών
3108 3486 3315 3556 ἀνδρῶν
3348 3485 3602 3555 γράμμα,
3627 3499 3736 3535 που

2151 3579 2207 3632 δέ
2227 3591 2322 3632 ’σοι
2355 3579 2415 3632 τὸ
2449 3578 2606 3649 σῶμα
2634 3580 2693 3631 τὸ
2714 3580 2977 3632 ἀθάνατον
3011 3580 3276 3649 χωρήσειε
3309 3576 3402 3629 τοῦ
3438 3575 3732 3645 Σωτῆρος;

2151 3671 2414 3726 ἀθάνατον
2469 3671 2574 3743 γὰρ
2629 3670 2905 3742 ὁμολογῶν
2936 3671 3030 3723 καὶ
3073 3670 3212 3723 θεῖον
3252 3666 3529 3738 ὀνομάζων
3561 3665 3694 3718 αὑτὸ
3717 3704 3733 3729 ,

2152 3765 2368 3828 πάντως
2403 3782 2505 3820 που
2553 3765 2647 3817 καὶ
2681 3763 2958 3835 ἄφθαρτον
3001 3764 3094 3815 καὶ
3140 3761 3416 3814 ἀδιάλυτον
3459 3757 3730 3827 ὑποθήσῃ*

2153 3856 2398 3924 πεφυκὸς
2415 3855 2471 3906 δὲ
2490 3854 2748 3917 τοιοῦτον,
2777 3855 2924 3924 μένει
2947 3851 3216 3915 συνεστὼς
3239 3850 3435 3920 δηλαδὴ
3460 3851 3555 3902 καὶ
3575 3847 3737 3901 ἀδιά-

2150 3945 2329 3998 λυτον.
2377 3945 2536 3998 Ἀλλὰ
2565 3946 2655 4000 τὸν
2703 3945 2873 4014 Λόγον
2915 3945 3146 4016 ἀφῄρεις
3176 3943 3360 4006 αὑτοῦ,
3390 3943 3484 3995 καὶ
3513 3941 3589 4012 τῷ
3609 3940 3736 4010 ¹Θεῷ

2153 4039 2438 4110 συνῆπτες.
2494 4038 2701 4092 Οὐκοῦν
2737 4040 2863 4095 ἄνευ
2899 4040 3072 4107 Λόγου
3127 4037 3288 4110 μόνον
3324 4037 3436 4107 (96)
3463 4035 3526 4088 τὸ
3571 4033 3736 4104 σῶμα

2151 4131 2408 4201 στήσεται
2450 4132 2508 4184 ὲν
2540 4130 2790 4201 ἀθανάτῳ
2825 4130 2918 4183 καὶ
2952 4129 3213 4199 ἀφθάρτῳ
3248 4126 3438 4198 ἀλογίᾳ
3470 4125 3568 4178 καὶ
3612 4126 3736 4178 ἀκι-

2150 4222 2311 4294 νησίᾳ
2330 4223 2419 4286 ;τὸ
2449 4223 2506 4275 δὲ
2521 4222 2682 4286 αὐτὸς
2704 4225 2732 4275 ὁ
2755 4222 2928 4290 Λόγος
2949 4224 3028 4285 εἰς
3049 4221 3140 4287 τὸν
3160 4220 3292 4285 Θεὸν
3343 4220 3601 4290 χωρήσει,
3635 4215 3736 4269 καὶ

2152 4313 2551 4384 συναφθήσεται
2573 4310 2730 4377 αὖθις
2755 4314 2904 4385 αὑτῷ
2935 4313 3074 4385 μετά
3092 4313 3186 4366 τὸν
3208 4313 3306 4382 τῆς
3340 4312 3540 4385 σαρκὸς
3569 4327 3736 4381 χωρι-

2154 4406 2308 4475 σμόν.
2340 4402 2488 4478 *Λρα
2523 4407 2595 4478 μὴ
2645 4407 2718 4460 ὢν
2753 4409 2808 4460 ὲν
2839 4407 2916 4478 τῷ
2948 4405 3087 4476 Θεῷ,
3113 4407 3200 4459 ὅτε
3240 4407 3306 4474 τῇ
3344 4403 3508 4474 σαρκὶ
3535 4403 3730 4473 συνῆν·

2151 4496 2268 4548 ἀλλ’
2303 4495 2379 4549 ῶν
2409 4499 2466 4549 ὲν
2500 4497 2646 4566 αὑτῷ
2678 4495 2767 4550 διὰ
2791 4496 3008 4560 παντὸς,
3047 4495 3314 4557 σνναῖδιός
3348 4510 3407 4546 τε
3453 4491 3527 4546 ὢν
3559 4492 3652 4544 καὶ
3673 4491 3735 4544 ἓν

2151 4588 2246 4659 καὶ
2293 4587 2488 4644 ταύτὸν
2543 4587 2621 4658 τῷ
2653 4587 2802 4658 Θεῷ;
2846 4588 2969 4651 Πῶς
2998 4582 3091 4641 οῦν
3133 4585 3377 4657 ὑπῆρχεν
3418 4585 3476 4652 ὲν
3511 4583 3588 4654 τῷ
3629 4581 3735 4637 etin

539 4981 780 5054 (πὶ-Μή
812 4998 932 5054 που
959 4982 1294 5054 πυνθάνου.
1346 4981 1476 5054 Ιέθς.
1540 4984 1612 5054 μή
1660 5000 1759 5053 μου
1799 4992 1856 5037 ut
1890 4956 2048 5053 paulo

2153 4985 2419 5054 ἀφαιρεῖς
2437 5015 2498 5024 ——
2540 4985 2773 5052 συνῆπτε
2799 4982 2896 5054 ubi
2911 4980 3273 5036 συνάπτεσθαι
3291 4995 3445 5054 τοι-ι’.

467 5064 613 5125 ante.
645 5052 713 5106 Μ.
743 5053 962 5125 —7_Deiu
981 5053 1144 5125 _vulgo
1173 5052 1226 5105 τί
1253 5052 1310 5125 δὲ
1328 5049 1498 5125 οῦνξρι
1518 5049 1833 5125 ἐγγράφεις.

563 5124 654 5190 94)
685 5126 745 5176 ’Ὀ
777 5123 852 5190 δὴ
889 5123 1007 5193 καί.
1048 5123 1216 5193 V-ulgo
1239 5123 1324 5176 ὅδε
1355 5123 1464 5176 καί.

563 5196 654 5262 95)
718 5195 812 5247 Ἐκ
840 5192 944 5247 τοῦ
989 5192 1454 5266 Harp’dg-rDeest
1502 5193 1610 5258 hic,
1667 5195 1871 5266 προῖόν.
1912 5192 2046 5250 Illud

469 5267 620 5321 κάτω
674 5284 687 5318 ι
739 5267 805 5318 ad
863 5265 1135 5319 Christum
1185 5265 1398 5333 opinor.
1457 5280 1562 5317 non
1615 5265 1680 5318 ad
1716 5265 2044 5320 Mareellutn

469 5339 810 5392 referendum
866 5346 968 5399 est,
1041 5335 1144 5388 hoc
1203 5347 1303 5396 est,
1359 5335 1634 5388 Christum
1688 5333 1816 5388 olim
1865 5335 2042 5404 λόγον,

468 5409 637 5468 κάτω,
676 5409 726 5459 in
763 5407 918 5458 terris
948 5407 1310 5464 incarnatum,
1347 5405 1542 5458 factum
1563 5404 1755 5458 Filium
1790 5407 2044 5466 ltoininls,

470 5495 572 5532 non
597 5478 746 5529 κάτω
781 5483 905 5546 φής,
935 5478 1033 5529 hoc
1056 5485 1138 5528 est
1180 5478 1402 5546 inferius
1433 5475 1668 5527 allirmus
1699 5476 1884 5546 istud:
1922 5493 2042 5527 nam

467 5559 522 5600 et
545 5548 768 5600 inferius
803 5545 856 5598 et
897 5548 1144 5615 superius
1173 5545 1399 5598 nllirutat
1430 5560 1443 5597 :
1470 5546 1597 5598 hinc.
1629 5546 1782 5606 illud,
1813 5545 2046 5616 Χριστὸν

467 5618 778 5688 ὠνομάσθαι
818 5618 928 5688 ἀνω
963 5636 979 5688 ι
1009 5633 1345 5688 quauqunrm
1371 5615 1878 5688 potiuspu‘taverim
1932 5617 2044 5669 ἄνω

470 5685 791 5742 redundare.
819 5685 1038 5744 M.—-ll.’
1061 5704 1112 5755 p.
1157 5687 1226 5741 50
1257 5685 1614 5757 τοῦτον-οὑχ
1643 5685 2044 5757 ὅλων-,γεγεν-

471 5757 680 5827 νῆσθαι,
724 5759 834 5812 ἄνω
883 5754 1155 5828 καίίκάτω
1186 5759 1292 5828 φής
1323 5759 1498 5812 deleto
1525 5754 1636 5810 ἀνω
1662 5754 2044 5828 ,νοεῖ-ὠνομά-

470 5825 611 5906 σθαι.
649 5830 773 5906 Dein
803 5829 960 5906 uulgo
988 5827 1114 5880 Υἰὸν
1141 5825 1321 5906 τοῦ
1357 5844 1419 5906 γ..
1447 5837 1501 5906 et
1529 5829 1622 5880 καὶ
1658 5825 1862 5906 dno-06‘;
1883 5829 2039 5906 ’Χρι-

472 5899 593 5960 στὸν
649 5899 960 5966 ὠνομάσθαι
1023 5908 1077 5955 ct
1129 5899 1221 5952 καὶ
1255 5898 1310 5951 δὲ
1339 5893 1430 5951 κάἰ
1461 5897 1510 5969 β.
1549 5911 1602 5954 et
1627 5893 1730 5950 ποῦ
1761 5897 1818 5964 ἐξ
1851 5893 1967 5951 οὖν’
1989 5909 2041 5956 ct

2231 5049 2342 5125 (93)
2385 5056 2563 5113 Ἀνευ
2596 5049 2795 5125 Λόγου.
2819 5053 3031 5122 μόνου.
3066 5055 3197 5125 luto,
3234 5051 3427 5123 μόνως
3459 5049 3728 5125 lroevulr,

2155 5121 2330 5179 solum
2361 5127 2461 5179 hoc
2493 5121 2697 5192 corpus
2721 5121 2940 5184 Christi.
2969 5128 3086 5178 sine
3113 5121 3270 5192 Λόγῳ
3311 5137 3408 5173 suo
3435 5121 3732 5174 subsistere

2156 5196 2375 5259 debere,
2405 5195 2728 5250 immortale.
2755 5210 2876 5246 cum
2903 5193 3476 5248 cmterorumomnium
3497 5205 3726 5257 corpora

2156 5267 2332 5319 futura
2364 5266 2467 5316 sint
2495 5263 2910 5334 λογικάΧΓυιιιιιι
2946 5266 3120 5318 locum
3143 5263 3231 5334 sic
3269 5263 3410 5334 lego,
3435 5271 3503 5334 et‘
3531 5261 3724 5334 distin-

2153 5353 2256 5403 μιιο
2280 5355 2292 5389 :
2319 5335 2548 5397 Οὐκοῦν,
2570 5329 2714 5388 ’ἄνευ
2738 5333 2832 5386 τοῦ
2857 5334 3050 5401 Λόγου,
3087 5333 3243 5402 μόνον
3269 5329 3438 5403 τοῦτο
3461 5329 3528 5403 τὺί
3553 5329 3724 5403 σῶμα

2151 5400 2402 5476 στήσεται
2432 5407 2478 5476 ὲ.
2507 5406 2561 5458 ἀ.
2595 5423 2646 5458 κ.
2668 5407 2721 5459 ἀ.
2753 5406 2878 5476 ἀ.κ.
2899 5400 3175 5476 ἀκινησίᾳ,
3209 5404 3301 5476 ὅτεΔ
3325 5402 3486 5476 αὑτρς
3507 5400 3719 5476 ὀλόγος,

2147 5469 2274 5541 etei,
2294 5478 2398 5547 ἄρα
2417 5475 2489 5546 μὴ
2519 5475 2613 5537 ὡν,
2637 5488 2769 5532 ριν..
2787 5475 2920 5528 ἀλλὰ
2952 5469 3141 5547 προών
3162 5476 3218 5524 ὲν
3241 5473 3392 5547 αὐτῷ
3415 5469 3720 5546 διαπαντός.

2151 5549 2240 5601 Sic
2266 5544 2375 5599 vult
2409 5544 2668 5600 Eusebius
2705 5548 2748 5599 si
2792 5557 2909 5600 erat
2949 5544 3006 5597 ἐν
3051 5544 3344 5598 ὑποστάσει
3375 5557 3469 5594 sua
3512 5544 3722 5608 propria

2149 5633 2270 5694 cum
2314 5618 2646 5678 incarnatus,
2680 5617 2784 5682 ἔξω
2806 5625 2858 5670 et
2889 5614 3292 5687 κεχωρισμένος
3334 5622 3454 5666 erat
3489 5609 3721 5694 106‘Ela-

2147 5687 2297 5758 τράς.
2330 5703 2429 5758 cur
2465 5702 2568 5758 non
2625 5698 2678 5758 et
2711 5697 2837 5758 ante
2879 5682 3093 5748 merula,
3126 5682 3430 5758 cuin_osse_t
3461 5682 3724 5758 συναῖόιος

2150 5751 2227 5827 τῷ
2247 5757 2458 5827 Πατρίῖ
2485 5757 2769 5827 Μ.-ΙιιῙτει
2795 5757 2863 5814 Μ.
2902 5760 2952 5812 in
2971 5773 3117 5813 corr.
3142 5772 3232 5827 γρ.
3250 5754 3392 5825 δίχα,
3414 5753 3533 5808 loco
3551 5751 3716 5822 δίκην,

2150 5824 2280 5885 Dein
2314 5824 2471 5899 vulgo
2491 5827 2641 5881 ἔσται
2673 5824 2800 5901 ἆρα.
