3970 6554
106 5421 116 5454 \

117 5457 140 5520 Κλ

137 5521 147 5542 \

147 5545 168 5592 \.

166 5593 177 5618 *ι

241 439 339 494 821

1367 436 1648 494 CONTRA
1690 435 2118 491 MARCELLUM
2162 435 2288 493 LIB.
2335 438 2396 493 tl.
2457 415 2466 422 ’

3380 442 3488 497 82.:

243 573 394 627 ματι,
439 556 488 608 εἰ
538 556 635 626 μὲν
655 555 830 626 ψυχῆς
862 556 1016 627 δίκην
1041 557 1206 610 οίκῶν
1237 560 1294 610 ἐν
1321 559 1468 629 αὐτῷ
1495 559 1678 623 ;ἐσται
1711 561 1814 629 ἀρα

1936 557 2120 612 ῑτιιιηε
2150 572 2278 625 ergo
2313 560 2656 619 extraDeum
2690 570 2802 618 tum
2832 577 2952 616 cum
2998 576 3162 615 carne
3197 576 3488 615 conversa-

240 651 301 701 ὲν
326 647 639 709 ὑποστάσει,
675 647 766 699 τοῦ
798 648 1012 718 Πατρὺς
1039 649 1462 720 κεχωρισμένος,
1500 649 1606 713 ζῶν
1638 667 1697 701 τε
1725 649 1818 702 καὶ⁹

245 739 492 809 ὑφεστὼς
521 741 578 791 ἐν
667 739 921 810 ἀνείληφε
957 739 1065 809 (97)
1107 739 1289 810 σαρκί.
1319 740 1384 792 Τί
1412 736 1504 792 οὖν
1544 739 1777 792 ἐκώλυεν
1801 780 1816 802 ,

244 832 338 885 καὶ
363 830 469 901 πρὸ
493 830 592 901 τῆς
612 829 706 881 τοῦ
735 829 937 899 κόσμου
978 831 1308 893 συστάσεως,
1333 828 1459 882 Υἱὸν
1490 827 1820 892 Θεοῦζῶντα

242 921 405 974 αὐτὸν
429 921 743 991 δμολογείν;
779 921 914 974 Ἀλλ’
949 920 1090 973 εἴποι
1120 920 1184 974 ἃν
1217 923 1367 984 ἴσως,
1389 923 1473 974 ἐνε
1484 921 1637 992 ργείᾳ
1660 923 1816 991 μόνῃ,

239 1013 360 1083 οὐχὶ
404 1012 460 1066 δὲ
496 1012 682 1076 οὐσίας
718 1012 1044 1076 ὑποστάσει,
1083 1015 1176 1066 καὶ
1204 1015 1261 1066 ἐν
1295 1012 1373 1083 τῷ
1407 1011 1618 1082 σώματι
1660 1029 1820 1081 γεγο-

241 1106 422 1158 νέναι·
483 1121 502 1155 ι
539 1104 799 1176 δραστικῇ
849 1104 957 1177 γὰρ
1006 1106 1253 1178 ἐνεργείᾳ
1307 1105 1476 1179 μόνῃ,
1532 1105 1700 1178 φησι,
1751 1107 1818 1176 τῇ

244 1215 264 1248 α
311 1197 478 1268 σαρκὶ
496 1196 668 1249 συνὼν
695 1196 756 1249 τδ
781 1198 947 1250 κινεῖν
971 1196 1160 1267 αὐτὴν,
1188 1196 1280 1249 καὶ
1306 1196 1587 1268 πράττειν,
1613 1196 1822 1267 ὅσαπερ

243 1304 264 1338 ι
312 1289 375 1341 ἐν
388 1287 739 1356 Εὐαγγελίοις
761 1287 1003 1359 φέρεται,
1029 1289 1187 1360 οὐσίᾳ
1210 1288 1285 1359 τῷ
1309 1288 1426 1359 Θεῷ
1451 1289 1712 1358 συνῆπτο,
1732 1284 1820 1342 οἶα

248 1398 268 1432 ε
312 1381 489 1449 Λόγος
515 1380 772 1452 ὑπάρχων
797 1381 959 1434 αὐτοῦ
988 1379 1288 1454 άχὼριστος
1320 1382 1414 1434 καὶ
1445 1381 1814 1446 ἀδιάστατος..

240 1473 306 1524 Εἰ
334 1471 401 1542 δὴ
426 1470 598 1524 ταῦτα
631 1472 799 1540 λέγει,
845 1473 1182 1543 ἐρωτήσασιν
1215 1473 1344 1542 ἡμῖν
1399 1473 1816 1542 ἀποκρινάσθωο

237 1557 484 1633 Ἆρ”ἐπὶ
520 1563 686 1632 μόνην
707 1562 804 1632 τὴν
842 1563 1018 1633 σάρκα
1048 1562 1248 1634 ταύτην
1275 1565 1313 1633 ἡ
1343 1561 1437 1616 τοῦ
1475 1563 1646 1631 Λόγου
1674 1564 1822 1634 ἐνέρ-

238 1669 369 1721 γεια
411 1652 666 1722 ἔφθακεν,
697 1653 816 1722 οὑχὶ
872 1655 928 1706 δέ
966 1654 1058 1707 καὶ
1104 1654 1187 1723 ἐφ’
1233 1654 1450 1726 ἐτέρους
1505 1654 1824 1726 ἀνθρώπους

236 1746 372 1805 τοὺς
392 1744 580 1812 ἁγίους
615 1744 708 1798 τοῦ
736 1745 894 1809 Θεοῦ,
926 1747 1020 1799 καὶ
1061 1747 1139 1808 είς
1192 1745 1261 1799 τὰ
1316 1745 1478 1799 λοιπά
1531 1747 1593 1818 δὴ
1647 1748 1825 1802 πάντα.

236 1833 336 1887 τοῦ
369 1835 544 1903 Λόγου
572 1835 1057 1908 δημιουργήματα;
1080 1837 1199 1907 οὐχὶ
1229 1839 1256 1890 ό
1289 1837 1449 1900 αὐτὸς
1477 1838 1690 1909 ἐνεργεῖ
1717 1839 1820 1891 Λό-

1918 653 2105 706 retur?
2143 667 2208 703 an
2235 653 2287 704 in
2314 651 2422 704 Deo
2453 654 2754 708 subsistens
2779 654 3126 722 sempiterno,
3159 663 3486 706 cozeternum

1918 744 2208 805 exsistens,
2229 758 2405 796 unnm'
2421 752 2583 812 atque
2606 743 2745 797 idem
2775 759 2996 812 prorsus
3019 759 3138 798 cum
3172 743 3318 796 Deo?
3343 742 3490 809 Quo-

1919 833 2081 887 modo
2105 834 2269 903 igitur
2300 847 2422 886 cum
2479 849 2705 902 corpore
2735 833 2869 901 fuit,
2901 835 2943 889 si
2976 838 3152 889 anima
3187 851 3379 903 expers
3405 835 3488 888 in-

1922 924 2186 978 habitavit
2229 924 2402 977 illud?
2435 924 2536 978 erit
2577 925 2650 978 ita
2680 925 2731 977 in
2767 927 3072 980 substantia
3121 926 3297 979 Patris
3331 940 3489 993 sepa-

1922 1027 2096 1070 ratum
2123 1058 2138 1082 ,
2172 1019 2358 1071 vivens
2403 1020 2590 1084 utique
2635 1027 2688 1073 et
2727 1017 3131 1082 subsistensjn
3180 1034 3342 1072 carne
3398 1016 3486 1070 illa

1922 1124 2082 1178 quam
2133 1110 2446 1179 assumpsit.
2500 1109 2636 1175 Quid
2690 1124 2821 1177 ergo
2870 1110 3122 1177 prohibet
3149 1111 3310 1164 etiam
3363 1119 3490 1162 ante

1921 1199 2106 1252 mundi
2137 1199 2294 1268 hujus
2310 1201 2745 1254 constitutionem
2779 1199 2970 1261 Filium
2997 1201 3086 1254 Dei
3111 1202 3284 1254 vivum
3313 1201 3491 1268 ipsum

1923 1288 2174 1343 conﬁteri
2212 1289 2235 1342 ?
2295 1289 2399 1345 Sed
2455 1289 2687 1345 fortasse
2724 1289 2960 1354 dixerit,
3007 1290 3120 1345 sola
3155 1291 3490 1360 Operatione,

1922 1395 2029 1435 non
2078 1381 2398 1437 substantia:
2445 1383 2764 1451 hypostasi,
2813 1383 2864 1435 iu
2917 1397 3146 1451 corpore
3203 1380 3494 1436 exstitisse.

1930 1487 1949 1520 ι
1987 1469 2275 1538 Operativa
2312 1457 2602 1536 enint,ait,
2637 1472 2831 1525 virtute
2856 1471 3224 1540 sola,corpori
3257 1485 3494 1541 prresens

1930 1580 1949 1612 ι
1988 1569 2138 1622 erat,
2177 1562 2243 1616 ad
2279 1562 2452 1636 ipsum
2503 1546 2824 1616 movendum
2867 1573 2921 1617 et
2951 1563 3284 1633 operandum
3314 1560 3495 1614 omnia

1929 1670 1948 1704 ‹
1985 1668 2105 1721 quae
2129 1664 2416 1706 narrantur
2450 1654 2500 1706 in
2537 1653 2866 1724 Evangeliis,
2895 1654 3201 1708 substantia
3235 1666 3364 1704 vero
3393 1651 3498 1703 Deo

1930 1760 1951 1794 ι
1987 1744 2451 1814 eonjnngebatur;
2482 1730 2674 1811 utpote.
2698 1743 2931 1797 Verbum
2961 1745 3129 1812 ipsius
3175 1760 3294 1798 cum
3331 1750 3498 1802 esset,

1933 1852 1950 1884 ι
1990 1834 2056 1887 ab
2103 1834 2220 1911 ipso
2258 1833 2620 1903 inseparabile
2673 1843 2736 1893 et,
2775 1834 3163 1887 indistinctum.
3221 1851 3238 1884 ι
3277 1838 3336 1895 >14
3375 1831 3500 1885 llme

238 1943 338 1994 γος
367 1942 382 1989 ;
409 1926 520 1978 Καὶ
548 1925 653 1996 μὴν
691 1927 1107 1998 μεμαθήκαμεν,
1141 1928 1216 1992 ὡς
1249 1947 1267 1979 ι
1302 1929 1380 2000 τῷ
1419 1931 1576 1999 Λόγῳ
1612 1931 1817 2001 Κυρίου

1936 1925 1970 1979 si
2022 1924 2269 1987 dixerit,
2311 1924 2716 1985 sciscitantibus
2769 1925 2926 1978 nobis
2969 1932 3076 1977 tum
3123 1924 3443 1990 respondeat
3482 1942 3493 1974 :

237 2018 289 2071 οί
347 2017 571 2088 οὐρανοὶ
613 2018 1043 2091 ἐστερεώθησαν,
1078 2039 1096 2071 ι
1153 2020 1249 2074 καὶ
1285 2039 1303 2072 ε
1345 2022 1413 2074 δι’
1448 2021 1612 2076 αὐτοῦ
1642 2023 1818 2076 πάντα

237 2107 481 2176 ἐγένετο·
525 2108 620 2162 καὶ
666 2111 832 2181 χωρὶς
869 2110 1033 2164 αὐτοῦ
1059 2112 1275 2179 ἐγένετο
1307 2113 1426 2166 οὐδὲ
1461 2115 1538 2167 ἐν.
1563 2134 1580 2166 ι
1611 2115 1821 2169 Οὐκοῦν

237 2201 323 2254 ὅτι
351 2202 567 2270 ἐνεργεέ⁹
600 2201 711 2271 (98)
744 2203 838 2255 καὶ
869 2204 960 2258 ἐπὶ
999 2205 1212 2258 πάντων
1233 2205 1514 2276 ’ἔγνωμεν
1571 2208 1678 2260 ἀπὸ
1715 2209 1821 2260 τῶν

239 2291 407 2344 θείων
439 2291 690 2363 Γραφῶν,
714 2295 810 2347 καὶ·
830 2294 905 2357 ὡς
934 2297 1123 2364 Λόγος
1151 2300 1370 2364 Kvpt'ov
1397 2298 1632 2368 ἐγένετο
1677 2299 1822 2368 πρὸς

249 2383 440 2450 Ὠσηὲ
479 2383 586 2437 τὸν
631 2385 735 2438 τοῦ
791 2386 997 2452 Βεηρί·
1059 2387 1173 2450 καὶ,
1224 2390 1413 2457 Λόγος
1463 2391 1676 2456 Κιφίου
1713 2391 1822 2459 (99)

241 2471 502 2540 ἐγενήθη
539 2474 685 2542 πρὸς
727 2475 972 2528 Ἡσαΐαν
998 2477 1132 2530 υἱὸν
1167 2478 1342 2547 Ἀμώς
1367 2496 1380 2508 ·
1429 2480 1522 2531 καὶ
1568 2481 1648 2546 ὡς
1701 2480 1828 2548 ἐγέι

240 2580 386 2617 raro
423 2565 612 2632 Λόγος
641 2565 860 2633 Κυρίου
886 2568 1032 2634 πρῧς
1072 2568 1378 2637 Ἰερεμίανο
1407 2588 1424 2620 ι
1460 2571 1554 2622 καὶ
1589 2572 1672 2639 ἐφ’
1698 2571 1836 2624 ἐκά-.

242 2671 378 2708 στου
417 2655 473 2708 δὲ
519 2658 796 2727 προφήτου
829 2660 856 2710 ὁ
886 2659 1047 2721 αὐτὸς
1092 2662 1310 2730 ἐνήργει
1352 2660 1445 2712 τοῦ
1486 2661 1620 2714 Θεοῦ
1651 2662 1826 2731 λόγος.

245 2747 374 2817 Ἆρ’
437 2742 534 2799 οῦν
574 2746 675 2816 τῆς
725 2746 845 2818 ἴσης
897 2748 1056 2813 ἀξίας
1108 2750 1186 2820 τῷ
1249 2755 1527 2821 μονογενεῖ
1575 2751 1687 2822 Υἱῷ
1735 2753 1827 2805 τοῦ

242 2838 387 2890 Θεοῦ
419 2839 690 2902 κάκείνοις
712 2840 881 2894 ἅπασι
917 2842 1104 2912 μετῆν,
1136 2843 1229 2896 καὶ
1260 2843 1422 2896 πλέον
1446 2843 1594 2896 οὐδὲν
1621 2844 1831 2916 ὑπῆρχε

243 2931 330 3002 τῷ
357 2932 600 3003 Σωτῆρι,
634 2934 681 2984 εί
705 2933 768 3004 δὴ
801 2933 1052 3005 ἐνεργείᾳ
1083 2935 1219 3008 μόνῃ
1249 2935 1354 2988 ὑπὸ
1387 2936 1480 2988 τοῦ
1515 2937 1690 3005 Λόγου
1739 2938 1831 2990 τοῦ

213 3063 217 3067 .
244 3021 328 3092 τῷ
351 3019 472 3090 Θεῷ
512 3023 855 3092 συνημμένου
885 3025 1131 3079 ἐκινεῖτο.
1180 3024 1316 3078 Ἀλλ’
1347 3027 1468 3079 οὐδὲ
1493 3026 1562 3081 τὰ
1597 3027 1686 3080 ῐσα
1723 3030 1835 3090 τοῖς

245 3113 564 3182 προφήταις
600 3112 786 3184 φέρειν
817 3113 998 3166 δίδωσι
1023 3113 1340 3186 Μάρκελλος
1371 3115 1446 3186 τῷ
1489 3116 1711 3188 Χριστῷ
1738 3116 1834 3169 τοῦ

1919 2017 2055 2071 Num
2087 2017 2432 2095 pertingebat
2452 2018 2519 2078 ad
2552 2016 2721 2074 solam
2749 2017 2891 2072 illam
2926 2032 3145 2072 carnem
3175 2016 3336 2071 Verbi
3357 2015 3500 2070 illius

1920 2109 2211 2176 operatio?
2242 2124 2420 2164 nonne
2445 2108 2610 2164 etiam
2640 2119 2692 2163 et
2722 2110 2790 2164 ad
2835 2120 3064 2163 caeteros
3112 2109 3361 2162 homines
3402 2107 3518 2160 Dei’

1923 2213 2179 2263 sanctos,
2236 2210 2290 2254 et
2335 2202 2399 2254 ad
2444 2210 2671 2257 cwteras
2703 2217 2892 2258 omnes
2921 2202 3154 2256 aVerbo
3201 2196 3508 2271 productas

1925 2293 2251 2347 creaturas?
2283 2294 2441 2348 Certe
2475 2295 2693 2363 qu'dem
2736 2295 2910 2349 edocti
2944 2311 3152 2358 sunms,
3178 2294 3351 2349 Verbo
3388 2293 3495 2345 Do-

1928 2384 2054 2438 mini
2096 2384 2265 2437 cmlos
2318 2385 2696 2440 constabilitos
2731 2403 2744 2439 :
2781 2396 2830 2440 et
2859 2387 3036 2440 omnia
3063 2401 3157 2454 per
3185 2385 3334 2439 illum
3360 2385 3500 2443 facta

1928 2476 2134 2529 fuisse:
2167 2485 2252 2540 et,
2282 2477 2400 2531 sine
2442 2477 2532 2530 illo
2575 2479 2777 2531 factum
2813 2478 2978 2531 fuisse
3018 2478 3147 2532 nihil
3183 2479 3430 2532 :scimns
3472 2491 3504 2530 ο

1930 2567 2128 2621 divinis
2151 2568 2472 2636 Seripturis,
2503 2571 2774 2638 quomodo
2814 2570 2901 2623 hic
2936 2570 2988 2622 in
3027 2571 3278 2628 omnibus
3313 2584 3506 2638 operc-

1933 2669 2036 2712 tnr.
2067 2658 2342 2727 Scriptum
2366 2669 2442 2712 est
2473 2679 2483 2713 :
2534 2658 2753 2714 l’erbum
2783 2661 3007 2719 Domini
3044 2662 3112 2714 ad
3157 2661 3305 2724 Osee,
3332 2661 3500 2728 ﬁlium

1931 2749 2083 2803 Beeri
2118 2750 2198 2814 ‘°;
2231 2760 2317 2805 et:
2362 2750 2578 2805 Verbum
2613 2751 2824 2804 Domini
2866 2753 3064 2821 factum
3098 2763 3171 2805 est
3199 2753 3269 2804 ad
3304 2751 3510 2807 Isaiam

1933 2843 2100 2912 ﬁlium
2127 2846 2286 2899 Amos
2310 2844 2350 2875 “
2375 2861 2388 2909 ;
2412 2855 2495 2900 et:
2533 2843 2758 2898 Verbum
2784 2844 2993 2905 Domini
3037 2845 3105 2897 ad
3135 2845 3416 2902 Jerrmiam
3436 2843 3501 2894 δ’.

1935 2937 1991 2990 In
2012 2952 2330 3006 unoquoque
2348 2938 2574 3010 denique
2601 2938 2856 3010 propheta
2876 2938 3200 3007 operabatur
3216 2937 3342 2991 illud
3365 2937 3502 2989 idem

1934 3029 2156 3082 verbum
2208 3029 2337 3095 Dei;
2377 3009 2636 3098 aequalem
2686 3030 2850 3099 igitur
2895 3029 2967 3084 illi
2998 3044 3187 3083 omnes
3215 3044 3333 3081 cum
3369 3025 3506 3080 Filio

1940 3120 2034 3175 Dei
2083 3120 2398 3191 dignitatem
2433 3120 2855 3194 participabant,
2889 3136 2988 3176 nec
3018 3129 3135 3174 erat
3165 3119 3341 3187 aliqua
3378 3120 3509 3172 Ser—

246 3204 412 3258 Θεοῦ.
470 3207 534 3259 Ut
581 3204 680 3276 μὲν
722 3205 832 3276 γὰρ
883 3206 1029 3277 ζωῆς
1082 3208 1298 3261 αἰωνίου
1328 3209 1596 3263 ἀθανάτου
1645 3229 1703 3264 τε
1744 3213 1834 3266 καὶ

1938 3213 2138 3268 vatoris
2173 3215 2562 3282 prtnrogativa;
2609 3214 2651 3265 si
2709 3213 2820 3265 sola
2855 3211 2943 3266 ille
2972 3211 3285 3280 operatione
3319 3208 3505 3270 Verbi,

247 3296 614 3368 ἀτελευτήτου
667 3296 967 3361 τεύξονται,
1012 3300 1092 3362 είς
1123 3299 1248 3363 τοὺς
1283 3301 1530 3365 ἅπαντας
1551 3302 1754 3367 αίῶνας
1780 3305 1838 3357 ἐν

249 3391 321 3459 τῇ
354 3387 773 3461 κατηγγελμένῃ
803 3388 911 3442 τῶν
940 3391 1184 3463 οὐρανῶν
1212 3390 1456 3466 βασιλείᾳ
1500 3393 1842 3464 βιωσόμενοι,

249 3479 484 3548 ἀγαθῶν
505 3497 564 3532 τε
583 3480 1001 3544 ἀπολαύσοντες,
1031 3481 1071 3536 ἂ
1098 3483 1406 3553 ὀφθαλμὸς
1441 3488 1552 3539 οὐκ
1581 3481 1700 3540 εἶδε
1742 3486 1839 3540 καὶ

251 3567 368 3638 οὖς
395 3574 506 3625 οὐκ
547 3571 776 3640 ἤκουσε
814 3573 912 3625 καί
955 3573 1054 3626 ἐπὶ
1087 3574 1338 3641 καρδίαν
1375 3575 1685 3644 ἀνθρώπου
1727 3579 1840 3634 οὐκ

249 3663 440 3729 ἀνέϐη
464 3681 476 3693 ·
508 3666 536 3717 ό
557 3664 612 3717 δέ
641 3664 874 3735 Χριστὸς
907 3664 999 3716 τοῦ
1032 3665 1188 3730 Θεοῦ,
1220 3668 1380 3730 αὐτὸς
1411 3670 1446 3723 ὁ,
1470 3670 1646 3732 κοινὸς
1677 3669 1843 3722 ἁπόεν-

251 3771 369 3806 των
403 3752 614 3824 Σωτὴρ,
650 3755 678 3807 ό
701 3754 1041 3824 πρωτότοκος
1075 3756 1181 3814 τῶν
1214 3757 1422 3828 νεκρῶν
1443 3796 1458 3820 ,
1488 3761 1520 3829 ἡ
1553 3759 1707 3822 ἐλπὶς
1743 3763 1841 3831 τῆς

252 3847 370 3907 τῶν
400 3847 570 3916 ἀγίων
606 3848 975 3913 ἀναστάσεως,
1009 3848 1167 3918 μόνος
1210 3850 1318 3918 ἄρα
1355 3850 1475 3902 τότε
1516 3850 1844 3922 ἀπολειφθή-

256 3947 418 3992 σεται
467 3939 885 4010 παυθησομένης
926 3939 1089 3993 αὐτοῦ
1142 3942 1240 4010 τῆς
1283 3939 1576 4008 βασιλείας,
1611 3941 1705 3994 καὶ
1745 3940 1844 4010 τῆς

258 4035 532 4100 ζωοποιοῦ
563 4035 762 4106 σαρκός
799 4035 1005 4105 ἐρήμου
1032 4034 1124 4088 καὶ
1168 4033 1364 4102 ἀλόγου
1411 4034 1843 4106 καταλειφθησο-

267 4124 460 4195 μένης.
495 4124 570 4187 ὡς
603 4125 738 4195 μήτε
765 4123 1137 4196 προϋπάρχειν
1169 4123 1332 4201 αὐτὸν
1362 4123 1488 4177 ram
1512 4124 1646 4177 Θεοῦ
1696 4125 1843 4190 ὄντα,

265 4221 406 4292 μήτε
439 4220 680 4290 διαρκεῖν
711 4221 788 4283 εἰς
818 4219 1066 4291 ἄπειρον,
1093 4219 1235 4274 κατά
1277 4221 1375 4292 τὴν
1403 4221 1496 4274 τοῦ
1529 4223 1845 4293 Μαρκέλλου

260 4313 634 4367 διδασκαλίαν.
669 4313 908 4376 Εἰκότως
935 4313 1043 4385 ἄρα
1079 4312 1254 4367 ταῦτα
1286 4311 1507 4381 βασιλέα
1533 4315 1608 4384 (1)
1649 4315 1738 4368 τὸν
1773 4315 1848 4379 ὡς

263 4404 484 4476 ἀληθῶς
535 4404 753 4474 θεοφιλῆ
809 4405 904 4458 καὶ
944 4403 1339 4476 τρισμακάριον
1361 4404 1499 4458 κατά
1534 4404 1627 4458 τοῦ
1659 4407 1849 4478 ἀνδρὸς

265 4497 458 4559 ἐκίνει,
493 4496 667 4550 καίτοι
703 4495 867 4567 μυρία
890 4495 1338 4560 κολακεύσατντος,
1377 4496 1661 4550 καὶπολλὰ
1697 4498 1851 4568 βασι-

1939 3304 2081 3372 quod
2130 3318 2251 3358 cum
2285 3303 2392 3357 Deo
2427 3303 2638 3356 unitum
2691 3303 2962 3367 manebat,
3002 3303 3339 3355 movebatur.
3398 3299 3510 3351 lmo

1939 3409 2067 3450 vero
2098 3395 2397 3450 Marcellus
2422 3411 2526 3449 non
2559 3396 2796 3448 admittit
2837 3394 2930 3448 Dei
2966 3392 3186 3456 Filium,
3219 3394 3286 3446 ad
3324 3407 3509 3460 arqua-

1940 3488 2019 3543 les
2056 3489 2332 3558 por-tiones
2358 3502 2478 3541 cum
2533 3487 2793 3556 propheta
2848 3486 3058 3554 quovis.
3101 3487 3512 3552 Consequenter

1896 3597 1900 3601 '
1941 3580 2081 3635 enim
2115 3579 2191 3633 illi
2226 3580 2389 3633 vitam
2417 3589 2702 3638 mternam,
2748 3578 3106 3632 immortalem
3128 3617 3142 3638 ,
3188 3575 3512 3629 et-indeter-

1943 3673 2252 3728 minabilem
2279 3713 2293 3736 ,
2337 3688 2433 3742 per
2468 3672 2661 3725 szecula
2703 3685 2893 3739 nempe
2926 3671 3107 3724 omnia
3162 3669 3214 3721 in
3249 3666 3515 3738 promisso

1944 3765 2036 3819 illo
2081 3780 2246 3834 regno
2305 3765 2566 3819 cmlorum
2607 3764 2820 3818 'victuri
2855 3800 2872 3827 ,
2926 3761 3182 3815 fruitione
3219 3758 3516 3828 gaudentes

1945 3856 2208 3910 honorum
2233 3897 2246 3918 ,
2284 3871 2404 3926 qua:
2431 3869 2527 3910 nec
2553 3856 2745 3909 oculus
2781 3855 2947 3917 vidit,
2980 3867 3082 3908 nec
3113 3853 3260 3906 auris
3287 3849 3514 3912 audivit,

1946 3965 2043 4002 nec
2075 3948 2317 4002 ascendit
2354 3949 2406 4002 in
2439 3964 2535 4001 cor
2569 3948 2824 4001 hominis.
2875 3945 3127 4000 Christus
3169 3952 3348 3996 autem
3377 3940 3512 4004 Dei,

1946 4040 2250 4092 communis
2287 4040 2528 4093 omnium
2566 4038 2847 4101 Servalor,
2887 4047 3218 4090 mortuorum
3249 4033 3520 4102 primoge-

1949 4132 2094 4184 nitus
2121 4171 2135 4190 ,
2187 4145 2309 4199 spes
2343 4130 2759 4183 resurrectionis
2798 4138 3107 4181 sanctorum
3135 4167 3151 4193 ,
3201 4125 3352 4179 solus
3389 4133 3519 4175 tunc

1950 4221 2372 4291 derelinquetur,
2395 4220 2572 4273 ablato
2603 4219 2703 4272 sibi
2735 4233 2919 4288 regno,
2953 4233 3119 4272 carne
3151 4215 3393 4277 viviﬁca,
3425 4230 3524 4266 nu-

1949 4312 2013 4364 da
2048 4323 2102 4366 et
2127 4312 2428 4366 irrationali
2459 4311 2712 4365 derelicta
2748 4329 2760 4363 :
2792 4294 2852 4363 ut
2885 4310 2998 4378 qui,
3028 4327 3046 4361 ι
3086 4324 3189 4363 non
3219 4315 3338 4362 erat
3373 4305 3521 4376 prius

1951 4421 2108 4472 quam
2158 4414 2400 4458 exstaret
2447 4403 2650 4466 homo,
2708 4402 2879 4456 Filius
2939 4401 3067 4465 Dei;
3131 4420 3147 4451 ι
3199 4415 3374 4468 neque
3424 4412 3524 4466 ρον

1952 4496 2308 4550 mternitatem
2343 4497 2709 4564 perseverabit
2753 4509 2870 4548 esse
2896 4534 2932 4558 ,.
2959 4493 3109 4563 juxta
3161 4491 3396 4545 Marcelli
3425 4490 3524 4542 do-

265 4589 406 4652 λέως
453 4587 703 4658 ἐγκώμια
757 4587 920 4640 αὐτοῦ
971 4589 1028 4640 ἐν
1087 4587 1479 4658 συγγράμματι
1527 4588 1834 4654 διελθόντος.

1952 4588 2204 4642 ctrinam.
2232 4587 2497 4653 Quocirca
2531 4603 2636 4641 non
2669 4586 2939 4640 immerito
2959 4587 3193 4639 iunctam
3223 4580 3522 4645 horrenda,

265 4680 456 4734 Ταῦτα
496 4679 554 4732 δὲ
585 4680 677 4732 καὶ
711 4679 808 4750 τὴν
843 4679 1004 4747 ἁγίαν
1057 4677 1307 4745 σύνοδον,
1354 4681 1412 4732 ἐν
1464 4683 1530 4751 τῇ
1594 4680 1844 4752 βασιλικῇ

269 4771 632 4826 συνελθοῦσαν
688 4770 838 4824 πόλει
871 4770 929 4835 ἐξ
979 4771 1255 4842 ἐπαρχιῶν
1309 4771 1613 4842 διαφόρων,
1650 4772 1848 4825 Πόντου

269 4868 362 4918 καὶ
395 4864 810 4926 Καππαδοκίας,
861 4863 1043 4926 Ἀσίας
1076 4881 1135 4914 τε
1169 4863 1261 4914 καὶ
1281 4863 1537 4933 Φρυγίας,
1573 4864 1666 4916 καὶ
1693 4863 1859 4918 Βιθυ-.

269 4958 411 5020 νίας,
450 4957 671 5029 Θρᾴκης
703 4972 762 5007 τε
805 4955 897 5008 καὶ⁸
927 4954 1036 5007 τῶν
1082 4954 1338 5007 ἐπέκεινα
1398 4953 1579 5026 μερῶν
1607 4994 1620 5017 ,
1674 4955 1857 5026 στηλι-

350 5143 410 5199 ῇνς
443 5133 542 5189 Ed.
569 5133 742 5187 Paris.
775 5147 895 5204 pag.
926 5131 1014 5186 55.
1093 5132 1136 5164 ⁸ο
1168 5131 1291 5189 Οσε.
1333 5148 1374 5199 ι,
1419 5134 1469 5187 ﬂ.

347 5318 468 5390 (97),
486 5316 648 5390 γἘνῇ
677 5314 1215 5390 ἀνείληφε.ᾙιι(’ἰίίε
1240 5311 1531 5390 restitutio,
1715 5310 1857 5390 ἀνείι

276 5376 917 5463 ληέρείΜρς-Αίξεὶη-νιιιέῦ
944 5376 1122 5459 σάρκα
1157 5386 1271 5463 l_oc_o
1303 5381 1466 5463 σαρκί
1485 5393 1538 5463 «ει
1563 5376 1686 5434 ἀλλ”
1705 5376 1859 5434 εἶπεν

278 5451 483 5514 ρι’ἱηοχ
513 5461 561 5511 εί
589 5458 646 5511 δὲ
672 5451 944 5521 ταῦτα-λη
977 5451 1139 5525 porro
1162 5451 1687 5525 évépyuoﬁcpbaxev,
1707 5467 1854 5506 corr.

279 5531 515 5600 ἔφθασεν
541 5539 593 5582 et
624 5522 1031 5600 ἐστερεώθησαν
1046 5527 1154 5600 ’καὶ
1181 5522 1435 5600 δι”αὐτοῦ
1468 5522 1643 5600 πάντα
1665 5525 1748 5590 ἐγ.

354 5600 468 5670 (98)
495 5590 1001 5670 Οὐκοῦνγξίῖνερῷεῒ.
1046 5597 1207 5670 Lege,
1245 5596 1345 5653 οὐκ
1378 5590 1495 5670 οὖν,
1516 5595 1598 5670 ὅτι
1628 5593 1856 5662 ἐνεργεῖ.

189 5653 214 5712 ’Ἀ
284 5645 584 5733 Et\slaltim,
617 5669 834 5739 ἀγαθῶν
849 5645 934 5721 ’τε
965 5645 1360 5739 dmkanboovtat
1392 5665 1462 5739 (ο.
1486 5665 1518 5715 Ι.
1544 5664 1621 5739 ὅ),

356 5740 470 5811 (99)
495 5732 907 5811 νιιιςοίέγένετο
922 5750 973 5792 et
990 5738 1208 5811 ἐνήργει
1241 5737 1268 5788 ό
1296 5734 1454 5797 αὐτὸς
1472 5744 1524 5788 et
1540 5735 1587 5786 εί
1602 5732 1678 5800 δέ,
1695 5747 1855 5802 porro

285 5809 458 5884 ἤκουε
476 5819 537 5884 γει
563 5809 698 5884 Θεοῦ
721 5813 750 5863 ό
778 5810 954 5884 κοινὸς
981 5810 1079 5884 ἀπ)
1107 5811 1172 5860 Σ·
1230 5877 1241 5884 ,
1441 5873 1453 5884 .

361 5883 437 5949 (.1)
465 5881 748 5936 Βασιλέα.
783 5872 1199 5938 Constantinum
1230 5873 1478 5943 intelligit
1509 5873 1618 5944 jam
1656 5872 1849 5927 defun-

1568 5132 1815 5194 “153.1.
1849 5137 1901 5190 ί.

1951 4695 2131 4750 regem
2167 4681 2312 4735 illum
2349 4695 2474 4735 vere
2504 4680 2833 4749 religiosum,
2857 4687 2911 4731 et
2939 4687 3019 4731 ter
3036 4675 3524 4730 heatumadversus

1955 4773 2274 4839 scriptorem
2310 4772 2684 4834 concitarunt,
2722 4771 2846 4824 licet
2877 4770 2952 4824 illi
2993 4769 3044 4823 in
3083 4768 3288 4837 scripto
3318 4780 3416 4820 suo
3443 4763 3525 4817 in-

1953 4863 2120 4916 ﬁnitis
2151 4863 2324 4918 modis
2348 4864 2778 4928 adblandiretnr,
2806 4871 2860 4917 et
2900 4861 3081 4916 multis
3111 4875 3232 4916 eum
3264 4855 3524 4912 oncomiis

1954 4955 2290 5010 honestaret.
2345 4955 2470 5010 llaec
2504 4956 2558 5011 in
2599 4955 2750 5009 illum
2799 4961 3205 5010 commoverunt
3238 4962 3524 5004 sacrosan-

1978 5136 2022 5173 ⁸³
2048 5135 2160 5191 Jer.
2188 5153 2227 5202 ι,
2250 5134 2320 5202 2;
2356 5132 2484 5202 xx'v,
2509 5136 2560 5190 1.

1956 5322 2127 5378 ctum,
2156 5315 2241 5369 cui
2275 5316 2538 5385 scriptum
2571 5315 2701 5370 illud
2733 5330 2888 5369 suum
2921 5311 3210 5370 Mareellus
3237 5309 3524 5385 oli’erebat.

1957 5385 2006 5439 Is
2033 5385 2363 5445 Marcellum,
2393 5383 2474 5438 ‘ab
2515 5386 2833 5439 Eusebianis
2871 5387 3180 5454 episcopatu
3211 5390 3438 5454 molunt,
3467 5383 3527 5437 in

1956 5455 2073 5523 ejus
2102 5455 2272 5509 locum
2293 5455 2489 5509 Basilio
2510 5456 2740 5522 quodam
2760 5452 3072 5524 subrognto,
3088 5452 3250 5524 jusgit
3274 5452 3525 5524 exsulare

1957 5520 2011 5578 in
2053 5526 2282 5579 concilio
2333 5520 2953 5592 Constantinopolitano,
2992 5520 3520 5592 autiorConstantini

1957 5595 2168 5661 ultimo,
2201 5595 2402 5649 Christi
2438 5594 2563 5656 556,
2619 5591 2916 5655 celebrato,
2955 5591 3108 5660 cujus
3153 5591 3240 5647 hic
3282 5593 3539 5650 lllClllillit.

1956 5665 2238 5721 Eusebius.
2270 5665 2324 5717 ln
2347 5680 2453 5732 quo
2490 5664 2752 5717 Eusebius
2785 5663 2872 5718 ille
2888 5663 3210 5716 Arianorum
3247 5671 3532 5732 protospa-

1960 5737 2164 5792 larius.
2205 5736 2331 5787 olim
2365 5734 2811 5804 Nicomediensis,
2845 5733 3192 5804 praesidebat.
3218 5732 3374 5790 M.—
3408 5732 3536 5789 Mox

1956 5806 2116 5876 vulgo
2145 5806 2344 5859 Πόντου
2370 5821 2425 5856 τε
2453 5802 2566 5858 καί.
