3970 6518
432 383 537 445 ω

1102 378 1371 436 EUSEBII
1410 375 1891 434 CAESARIENSIS
1926 375 2079 432 OPP.
2118 375 2301 430 PARS
2340 374 2427 429 iV.
2453 406 2521 415 —
2558 374 2974 432 DOGMATICA.

3581 370 3695 428 εει

432 508 576 551 ctam
619 498 762 552 illam
795 496 1084 568 synodum,
1115 510 1233 563 qua:
1265 495 1329 547 de
1356 491 1585 547 diversis
1616 492 1750 546 adeo
1782 491 1998 560 provin-

2112 490 2284 544 τεύειν
2325 489 2413 543 τὸν
2457 490 2643 561 ἄνδρα,
2692 491 2780 544 διὰ
2822 491 3069 563 τῆς-κατ’
3105 490 3267 546 αὐτοῦ
3310 490 3351 542 Γ
3354 488 3551 561 ραφῆς,
3594 484 3697 543 καὶ

432 585 553 656 ciis,
596 586 768 643 Ponto
793 628 807 651 ,
836 585 1174 656 Cappadocia
1196 627 1211 651 ,
1240 584 1366 640 Asia
1386 625 1401 645 .
1440 582 1705 655 Phrygia,
1735 582 2005 655 Bithynia,

432 678 685 744 Thracia,
712 688 763 735 et
788 679 1136 735 ulterioribus
1166 679 1478 750 regionibus
1510 679 1559 731 in
1592 676 1793 747 regiam
1817 678 2004 730 urbem

431 782 757 826 convenerat
808 790 823 827 :
871 780 926 827 et
969 782 1027 827 nt
1073 772 1279 842 scripto
1330 770 1382 824 in
1436 770 1583 823 illum
1623 770 2007 824 inveherentur

429 859 619 915 Patres
646 862 727 915 vel
762 863 959 917 invitos
983 870 1301 932 coegerunt.
1334 860 1459 915 llzrc
1485 868 1539 915 et
1571 876 1670 917 nos
1712 861 1856 928 ipsos
1882 876 2006 928 pro-

443 963 731 1007 traxerunt
763 953 829 1006 ad
874 954 1012 1008 hanc
1039 969 1159 1022 qua:
1207 969 1316 1023 pra:
1368 952 1620 1007 manibus
1668 962 1749 1007 est
1795 951 2004 1018 disqui-

428 1045 684 1099 sitionem
724 1084 739 1109 ,
798 1056 859 1099 ut
919 1044 1159 1113 vestigiis
1235 1044 1379 1099 illius
1434 1043 1622 1113 synodi
1692 1042 2005 1097 insistentes

428 1136 739 1190 sanctiones
766 1146 1064 1197 tueremur,
1101 1143 1156 1190 et
1182 1133 1580 1190 comministris
1616 1133 1819 1186 nosuis
1843 1132 2003 1186 satis-

427 1226 749 1290 faceremus,
786 1230 873 1295 qui
927 1229 1041 1284 hac
1106 1238 1163 1283 ut
1204 1225 1622 1297 aggrederentur
1655 1224 1811 1279 nobis
1841 1225 2002 1278 dede-

429 1327 555 1372 runt
579 1318 629 1372 in
658 1325 714 1382 >14
752 1319 1039 1373 mandatis.
1090 1318 1343 1389 Inprimis
1389 1326 1594 1380 autem,
1625 1316 1882 1376 arbitror.
1913 1330 2005 1369 ue-

426 1408 668 1463 cessario
691 1410 821 1464 mihi
856 1411 957 1465 hoc
983 1409 1285 1464 faciendum
1310 1406 1506 1470 fuerat,
1535 1417 1756 1475 propter
1786 1419 1880 1460 eos
1907 1405 2000 1474 qui

424 1499 742 1554 existimant
768 1500 917 1557 hunc
944 1500 1137 1568 injuria
1168 1500 1327 1559 aﬂici.
1365 1500 1526 1554 Decet
1550 1498 1694 1553 enim
1726 1496 1867 1551 hanc
1893 1495 2003 1550 fra-

427 1600 571 1648 trum
599 1602 910 1647 nostrorum
941 1593 1301 1662 suspicionem
1334 1592 1576 1645 eximere
1602 1603 1668 1645 ex
1693 1588 1913 1655 animis,
1943 1597 2001 1643 et

424 1681 738 1753 aliquandiu
777 1682 1027 1738 latentem
1069 1694 1123 1737 et
1157 1697 1253 1753 per
1288 1680 1509 1737 latibula
1545 1679 1869 1735 occultatam
1920 1679 2001 1750 ip-

424 1774 538 1829 sius
582 1773 633 1828 in
676 1772 872 1828 Filium
906 1773 999 1828 Dei
1032 1774 1363 1843 impietatem
1392 1815 1407 1841 ,
1446 1770 1509 1827 in
1548 1782 1788 1842 apertam
1820 1771 1996 1827 lucem

2117 584 2191 656 μὴ
2230 583 2507 645 Θέλουσαν,
2552 583 2880 648 ἐξεϐιάζετο.
2929 586 3115 641 Ταῦτα
3148 584 3241 639 καὶ
3284 585 3432 654 ἡμᾶς
3471 582 3569 652 (2),
3596 579 3698 635 ἐπὶ

2112 676 2212 746 τὴν
2242 675 2381 744 μετὰ
2417 678 2573 747 χεῖρα
2622 676 2866 740 ἐξέτασιν
2918 678 3199 750 προελθεῖν
3249 674 3689 747 κατηνάγκασεν,

2112 766 2246 836 ὁμοῦ
2272 766 2329 820 δὲ
2368 770 2479 831 τοῖς
2503 766 2712 832 δόξασιν
2740 770 2805 839 τῇ
2838 769 2969 840 ἁγίᾳ
2996 769 3198 839 συνόδῳ
3228 766 3691 837 παρισταμένους,

2111 858 2257 927 ὁμοῦ·
2303 858 2397 910 καὶ
2464 860 2574 921 τοῖς
2638 850 3065 930 συλλειτουργοῖς
3135 858 3463 931 προστάξασι
3531 854 3693 910 τοῦτο

2113 949 2316 1019 πρᾶξαι
2386 949 2446 1001 τὸ
2509 949 2690 1003 ἰκανὸν
2747 951 3123 1020 ποιουμένους.
3179 950 3429 1004 Μάλιστα
3474 947 3531 1000 δέ
3597 963 3691 1017 μοι

2111 1042 2403 1108 ἀναγκαῖον
2457 1040 2696 1111 ἠγοῦμαι
2752 1040 3109 1118 γεγεννῆσθαι
3169 1040 3232 1093 τὸ
3302 1039 3537 1111 γράμμα
3596 1036 3691 1096 διὰ

2109 1133 2234 1195 τοὺς
2263 1130 2550 1202 ἠδικῆσθαι
2578 1130 2669 1183 τὸν
2699 1130 2865 1202 ἄνδρα
2890 1131 3259 1201 νενομικότας.
3276 1129 3394 1202 Χρὴ
3410 1128 3517 1199 γὰρ
3548 1128 3691 1180 tia-:0-

2111 1223 2446 1295 Θεραπεῠσαι
2488 1223 2588 1293 τὴν
2629 1230 2739 1277 τῶν
2786 1223 3070 1293 ἡμετέρων
3114 1220 3358 1289 ἀδελφῶν
3408 1219 3689 1280 ὑπόνοιαν,

2108 1315 2195 1371 διὰ
2230 1316 2323 1369 τοῦ
2362 1315 2600 1387 φανερὰν
2639 1316 2975 1385 καταστῆσαι
2998 1315 3095 1385 τὴν
3133 1316 3359 1385 μακροῖς
3412 1311 3509 1383 μὲν
3559 1310 3693 1382 χρό-

2108 1426 2217 1472 νοις
2247 1408 2674 1479 ἐμφωλεύσαμεν
2697 1407 2844 1478 αὐτῷ
2866 1408 2947 1471 εις
2988 1407 3076 1473 τὸν
3107 1407 3235 1460 Υῑὸν
3268 1404 3360 1458 τοῦ
3382 1402 3515 1457 Θιοῦ
3556 1405 3693 1457 άπι-

2110 1501 2284 1567 στίαν,
2319 1501 2435 1554 νυνὶ
2468 1501 2523 1553 δέ
2560 1501 2925 1573 ἐληλεγμένην
2966 1500 3041 1571 (3)
3072 1498 3160 1553 διὰ
3192 1501 3290 1569 τῆς
3346 1496 3506 1550 αὐτοῦ
3547 1512 3690 1564 γρα-

2107 1591 2214 1661 φῆς
2234 1608 2246 1625 ·
2280 1592 2367 1663 ἢν,
2411 1591 2635 1663 μηδενὸς
2669 1592 2978 1658 καλοῦντος,
3009 1590 3304 1660 αὐτόμολος
3335 1589 3518 1660 φέρων
3550 1604 3694 1660 παρ-

2105 1686 2195 1756 ῆν,
2238 1685 2447 1757 βασιλεῖ
2491 1704 2551 1740 τε
2596 1688 2688 1739 ἐπὶ
2723 1691 2882 1760 χεῖρα
2909 1687 3052 1751 δοὺς,
3097 1685 3248 1755 ἠξίου
3281 1682 3571 1752 διαγνῶναι
3618 1680 3692 1739 τὰ

2107 1778 2567 1851 ἐγγεγραμμέναι
2619 1780 2761 1849 τάχα
2811 1797 2913 1833 που
2952 1778 3178 1841 ἐλπίσας
3223 1776 3331 1829 τῶν
3391 1776 3471 1835 εἰς
3522 1773 3689 1827 αὐτὸν

425 1866 785 1935 protrahere,
834 1881 998 1935 quam
1043 1864 1263 1933 scriptis
1308 1866 1361 1919 in
1413 1866 1662 1934 prmsenti
1705 1864 2001 1919 convictam

2113 1872 2403 1942 ἐγκωμίων
2448 1871 2604 1942 χάριν
2659 1872 2819 1936 αὐτὸς
2881 1872 2981 1942 μὲν
3021 1873 3200 1941 τυχεῖν
3238 1866 3537 1940 προνομίας
3588 1866 3689 1937 τῆς

424 1964 673 2011 tenemus
698 1956 868 2027 ipsius
904 1972 1021 2026 quae
1048 1972 1143 2012 sua
1174 1965 1388 2026 sponte,
1426 1958 1571 2011 nullo
1604 1958 1864 2011 incitante
1909 1972 2001 2012 re-

424 2064 547 2117 gem
593 2051 785 2106 adiens
835 2052 888 2106 in
938 2068 1130 2106 manus
1172 2052 1557 2121 praesentabat,
1592 2051 1894 2107 obtestatus
1944 2059 2003 2107 ut

427 2141 745 2211 perlegeret.
778 2143 1047 2211 Sperabat
1080 2144 1226 2197 enim
1281 2143 1463 2197 forsan
1515 2152 1737 2212 propter
1772 2144 2004 2211 impera-

430 2232 566 2286 toris
600 2233 833 2286 insertas
858 2232 1083 2299 laudes,
1125 2232 1240 2288 fore
1269 2241 1328 2288 ut
1370 2234 1594 2288 tutelam
1630 2243 1684 2288 et
1713 2233 2003 2302 protectio-

425 2340 550 2379 nem
584 2326 752 2395 ipsius
781 2337 1238 2397 consequeretur,
1269 2327 1506 2397 episcopi
1542 2341 1672 2381 vero
1701 2342 1839 2396 quos
1873 2340 2004 2381 con-

424 2414 583 2470 viciis
614 2415 894 2483 proscidit,
941 2417 1221 2487 suppliciis
1253 2417 1617 2471 traderentur.
1655 2416 1759 2471 Sed
1802 2431 2004 2485 nequa-

424 2520 587 2575 quam
618 2522 706 2561 res
731 2509 995 2562 successit
1038 2509 1301 2564 ex—animi
1348 2510 1640 2562 sententia.
1692 2508 1833 2562 Deus
1884 2514 2004 2561 erat

424 2596 569 2651 enim
601 2598 822 2653 istorum
847 2600 1016 2667 judex
1044 2641 1059 2665 ,
1088 2609 1141 2654 et
1185 2600 1298 2669 ipse
1328 2600 1484 2655 Jesus
1518 2599 1771 2655 Christus
1800 2616 1828 2653 a
1862 2600 2002 2653 scri-

424 2699 582 2757 ptore
622 2692 920 2759 despicatui
959 2693 1202 2749 habitus.
1239 2693 1340 2758 Qui
1386 2709 1506 2747 cum
1557 2693 1736 2747 cordis
1769 2694 1999 2748 abscon-

424 2781 535 2835 dita
572 2783 823 2848 rimetur,
873 2785 1047 2852 ipsum
1099 2787 1181 2839 sui
1232 2796 1606 2840 accusatorem
1648 2786 1764 2841 ﬁeri
1792 2826 1807 2849 ,
1853 2786 1998 2841 nullo

425 2874 740 2946 impellente
765 2919 779 2941 ,
812 2876 1098 2947 disposuit.
1147 2876 1301 2934 Unde
1328 2895 1449 2933 cum
1500 2880 1674 2932 adiret
1706 2879 1999 2948 imperato-

426 2982 539 3021 rem
568 2969 772 3039 scripto
813 2986 914 3025 suo
950 2969 1354 3040 gloriabundus,
1386 2969 1478 3023 ille
1505 2969 1713 3038 synodo
1744 2967 2000 3022 transmi-

424 3059 495 3115 sit
553 3062 918 3131 cognitionem
985 3062 1201 3132 scriptis
1260 3070 1666 3116 contentorum.
1726 3059 1999 3129 Scriptum

2108 1966 2237 2034 παρ’
2263 1962 2410 2033 αὐτῷ
2438 1963 2516 2033 τῷ
2548 1964 2777 2033 βασιλεῖ,
2819 1965 2945 2027 τοὺς
2972 1963 3016 2015 δ’
3053 1964 3143 2016 ὑπ’
3174 1959 3338 2015 αὐτοῦ
3369 1973 3689 2029 κακηγορη-

2110 2052 2298 2115 θέντας
2350 2054 2678 2116 ἐπισκόπους
2731 2052 3098 2123 ὑποϐληθῆναι
3137 2050 3396 2122 τιμωρίᾳ..
3458 2048 3532 2102 Οὐ
3578 2047 3692 2118 μὴν

2108 2145 2228 2197 κατ’
2277 2143 2495 2206 ἐλπίδας
2555 2145 2705 2215 αὐτῷ
2766 2144 2836 2198 τὰ
2890 2144 2988 2215 τῆς
3054 2143 3332 2204 ἐκϐάσεως
3392 2140 3687 2212 προχωρεῖ.

2109 2236 2241 2299 Θεὸς
2289 2236 2397 2306 γὰρ
2428 2232 2494 2307 ἦν
2545 2239 2573 2290 6
2606 2236 2809 2290 τούτων
2842 2237 3053 2307 κριτὴς,
3098 2234 3193 2289 καὶ
3237 2233 3400 2297 αὐτὸς
3453 2230 3692 2303 Χριστὸς

2117 2325 2344 2397 Ἰησοῦς»
2375 2326 2402 2378 ὁ
2437 2326 2573 2399 πρὸς
2598 2325 2692 2379 τοῦ
2729 2326 3095 2398 συγγραφέως
3132 2324 3512 2395 ἀθετούμενος,
3536 2323 3595 2387 ὃς
3619 2322 3691 2397 δὴ

2103 2416 2173 2470 τὰ
2204 2418 2409 2489 κρύφια
2441 2418 2532 2471 τοῦ
2568 2418 2757 2490 ἀνδρὸς
2795 2416 3056 2491 συνορῶν,
3107 2416 3267 2470 αὑτὸν
3322 2414 3488 2470 αὐτοῦ
3557 2431 3688 2469 κατα

2103 2511 2300 2582 ήγορον
2332 2511 2445 2581 ἃμα
2474 2512 2566 2563 καὶ
2594 2509 2834 2582 ἔλεγχον,
2890 2509 3113 2580 μηδενὸς
3147 2508 3580 2569 συνελαύνοντος,
3610 2506 3694 2573 γε-

2104 2601 2329 2669 γνεσΟαι
2373 2602 2804 2672 παρεσκεύαζεν.
2867 2601 3026 2655 Ὅθεν
3060 2602 3088 2654 ὀ
3144 2601 3243 2671 μὲν
3297 2600 3388 2652 ἐπὶ
3431 2598 3510 2669 τῷ
3559 2615 3687 2667 συγ»

2104 2693 2389 2762 γράμματι
2418 2692 2888 2762 καλλωπιζόμενος
2922 2693 3129 2763 βασιλεῖ
3179 2692 3408 2764 προσῄει
3432 2732 3447 2752 ,
3476 2694 3504 2745 6
3530 2691 3585 2744 δὲ
3617 2693 3688 2761 τῇ

2108 2785 2307 2855 συνόδῳ
2350 2785 2630 2856 παρεδίδου
2658 2786 2756 2857 τὴν
2779 2785 3048 2857 διάκρισιν
3066 2786 3175 2839 τῶν
3199 2784 3686 2856 ἐγγεγραμμένων.

2118 2876 2178 2929 Ἢ
2203 2876 2245 2928 δ’
2266 2877 2397 2945 ἁγία
2423 2876 2516 2929 τοῦ
2540 2875 2674 2930 Θεοῦ
2704 2877 2918 2945 σύνοδος
2948 2876 3316 2948 ἀπεδοκίμαζε
3334 2876 3395 2928 τὸ
3426 2876 3685 2945 γράμμα.

2104 2968 2343 3032 Εἰκότως
2369 2970 2449 3022 ὃτι
2480 2970 2615 3040 μήτε
2640 2969 2813 3042 ἀρχὴν
2852 2971 2989 3041 μήτε
3041 2969 3193 3033 τέλος
3229 2968 3451 3032 εὐσεϐὲς
3504 2968 3692 3038 ὁμολο-

2108 3061 2196 3128 γεῖ
2225 3058 2319 3112 τοῦ
2347 3060 2473 3119 Υξού
2514 3059 2608 3112 τοῦ
2632 3060 2789 3113 Θεοῦ.

424 3168 588 3224 porro
621 3157 859 3227 synodus
902 3154 1299 3212 condemnavit.
1342 3153 1457 3210 Nec
1508 3153 1703 3224 injuria
1737 3170 1750 3207 :
1780 3169 1904 3209 cum
1940 3154 2005 3208 de
2039 3154 2307 3225 principio
2336 3165 2389 3209 et
2453 3155 2558 3211 line
2599 3156 2718 3213 Filii
2784 3155 2904 3224 Dei,
2945 3165 3137 3213 contra
3172 3171 3392 3213 omnem
3421 3156 3690 3213 determi-n

423 3259 517 3308 net
542 3252 819 3322 pietatem.

432 3418 491 3478 ᾖ
553 3411 1009 3471 ηΕνΕιιΕΝυο
1064 3413 1435 3471 Αυιιοοωι
1508 3412 1602 3466 ET
1682 3412 2068 3480 DILECTOC

495 3483 1022 3539 COMMINISTRO
1065 3484 1456 3550 FLACILLO,
1492 3481 1861 3538 EUSEBIUS
1910 3483 1999 3537 ΙΝ

496 3552 803 3608 ΒΟΜΙΝΟ
844 3554 1183 3610 SALUTEM
1226 3555 1296 3609 ι).

499 3644 717 3701 Minime
747 3646 987 3715 profecto
1020 3648 1322 3702 mirandum
1352 3656 1459 3715 est,
1498 3646 1540 3700 si
1578 3644 1763 3715 paucis
1791 3653 1845 3699 et
1872 3644 1999 3700 bre-

429 3738 571 3792 viter
607 3751 670 3790 ea
704 3738 973 3792 reiutasse
1006 3748 1293 3794 contentus
1326 3738 1544 3804 fuerim,
1588 3751 1709 3806 quae
1729 3736 2000 3792 verbosis-

425 3832 565 3886 sima
602 3829 854 3886 Marcello
894 3842 1018 3886 sunt
1044 3871 1061 3895 ,
1104 3841 1159 3885 et
1188 3828 1505 3902 garrulitate
1543 3844 1751 3883 summa
1786 3828 2002 3896 scriptis

425 3922 840 3989 comprehensa.
872 3920 1061 3988 Neque
1088 3924 1232 3977 enim
1272 3923 1459 3977 multis
1502 3921 1811 3975 necessario
1846 3918 2003 3973 refel-

428 4012 584 4067 lenda
618 4012 868 4078 fuerant,
900 4029 1019 4084 quae
1074 4031 1102 4068 a
1146 4016 1342 4085 seipsis
1390 4013 1653 4082 rejectitia
1711 4012 2002 4080 unicuique

426 4105 506 4161 vel
543 4107 703 4161 obvio
733 4108 1065 4163 viderentur.
1098 4108 1457 4173 Quamobrem
1500 4105 1790 4161 sull‘ectura
1819 4104 1999 4159 omni-

425 4211 496 4250 uo
531 4205 698 4261 ratus,
721 4213 839 4265 quae
867 4198 1073 4253 suntab
1096 4197 1311 4251 homine
1344 4197 1608 4265 profecta,
1647 4195 1698 4248 in
1728 4195 1999 4263 prioribus

425 4288 634 4344 duobus
684 4290 838 4345 libris
863 4330 879 4355 ,
920 4290 1168 4345 retulisse
1206 4290 1583 4344 tantummodo
1616 4287 1999 4355 contradiSpun

427 4381 572 4433 laudi
602 4382 785 4436 labore
819 4382 965 4435 omni
1015 4380 1456 4450 supersedebam,
1507 4387 1562 4433 et
1594 4379 1763 4447 ipsius
1794 4378 1999 4431 solum-

427 4472 588 4527 modo
610 4474 775 4527 verba
810 4477 876 4527 ad
913 4474 1085 4542 ipsqu
1128 4472 1481 4528 refellendum
1520 4472 1910 4539 producebant.
1945 4470 2000 4524 In

501 4630 559 4689 »ιη
590 4624 689 4677 Ed.
724 4622 892 4677 Paris.
932 4622 1169 4693 pzlg.56.
1268 4626 1325 4686 ea
1352 4620 1450 4681 Ed.
1481 4619 1653 4677 raris.
1683 4636 1801 4691 pag.
1842 4622 1926 4675 ετ.

2108 3414 2192 3483 Τῼ
2280 3414 2481 3465 naua
2492 3417 2570 3466 TA
2586 3414 2669 3482 rp
2750 3414 2876 3465 ΚΑΙ
2938 3414 3287 3482 annum
3375 3416 3687 3468 ΣΥΜΠ-

2181 3484 2490 3553 τογριᾨ,
2549 3484 2935 3552 ΦΛΑΚΙΛΛῼ
2997 3482 3072 3553 (ι)
3152 3484 3525 3539 ΕΥΣΕΒιοΣ
3587 3486 3693 3539 ΕΝ

2176 3554 2405 3621 ΚΥΡΙῼ
2446 3551 2546 3620 (4ο)
2582 3551 2909 3606 XAIPEIN.

2174 3646 2238 3697 El
2273 3645 2410 3716 πρὸς
2448 3646 2545 3716 τὴν
2580 3645 2865 3716 ἀδόλεσχον
2903 3645 2979 3715 (5)
3011 3646 3103 3699 καὶ
3132 3646 3375 3715 πολυεπῆ
3428 3647 3687 3717 Μαρκέλ-

2106 3734 2198 3788 λου
2228 3733 2444 3804 γραφὴν
2472 3734 2541 3787 τὰ
2566 3736 2695 3806 παρ’
2720 3735 2875 3805 ὴμῶν
2922 3736 2980 3787 ἐν
3013 3735 3269 3806 βραχέσιν
3323 3738 3575 3806 ἤρκεσεν,
3620 3739 3685 3790 οὐ

2106 3826 2211 3896 χρὴ
2239 3824 2555 3896 θαυμάζειν.
2589 3827 2662 3878 υύ
2697 3826 2806 3897 γὰρ
2848 3826 2911 3897 δὴ
2946 3827 3152 3880 πολλῶν
3187 3827 3290 3879 ἔδει
3343 3827 3515 3896 λόγων
3553 3829 3688 3901 πρὸς

2109 3918 2440 3989 ἀνατροπὴν,
2476 3918 2585 3971 τῶν
2620 3919 2844 3973 αὐτόθεν
2876 3920 2969 3971 καὶ
3013 3924 3125 3983 τοῖς
3154 3920 3373 3991 τυχοῦσι
3407 3938 3686 3990 κατεγνω-

2112 4010 2343 4079 σμένων.
2381 4011 2470 4062 Διὸ
2494 4010 2557 4080 δὴ
2596 4011 2653 4062 ἐν
2683 4011 2803 4068 δυσὶ
2836 4014 2948 4074 τοῖς
2980 4010 3236 4082 πρώτοις,
3259 4014 3391 4084 μόνῃ
3422 4016 3487 4085 τῇ
3516 4031 3687 4086 παρα-

2109 4099 2255 4154 θέσει
2280 4101 2385 4153 τῶν
2416 4102 2508 4154 τοῦ
2542 4102 2731 4174 ἀνδρὸς
2763 4104 3020 4174 ῥημάτων
3050 4106 3391 4175 χρησάμενος
3432 4105 3553 4176 δίχα
3584 4107 3685 4159 πά-

2109 4211 2211 4264 σης
2241 4194 2630 4266 ἀντιρρήσεως,
2657 4194 2716 4258 ἐξ
2748 4195 2929 4253 αὐτῶν
2961 4196 3049 4247 τὸν
3086 4198 3205 4249 κατ’
3252 4198 3427 4249 αὐτῶν
3466 4197 3686 4269 ἔλεγχον

2110 4284 2339 4357 φανερὸν
2393 4284 2710 4356 ἐποιούμην.
2764 4286 2899 4338 Νυνὶ
2942 4286 2997 4338 δὲ
3040 4288 3177 4357 πρὸς
3207 4286 3387 4357 ἐκείνῃ
3418 4290 3486 4358 τῇ
3524 4288 3684 4359 φωρᾷ

2106 4378 2201 4431 καὶ
2231 4378 2328 4449 τὴν
2352 4378 2661 4449 ἀνατροπὴν
2689 4378 2798 4431 τῶν
2830 4378 3008 4431 αὐτῶν
3036 4379 3123 4431 διὰ
3171 4379 3337 4450 τριῶν
3381 4381 3490 4434 τῶν
3546 4381 3687 4453 μετά

2108 4473 2294 4547 χεῖρας
2326 4472 2695 4543 προσήγαγον,
2740 4472 2798 4525 'O
2835 4472 2935 4542 μὲν
2968 4471 3096 4545 γὰρ,
3122 4472 3180 4526 ἒν
3212 4490 3265 4525 τι
3288 4474 3572 4544 διωλύγιον
3606 4470 3685 4549 (C)

500 4769 576 4842 (2i
614 4769 921 4842 Ταῦτα-καὶ
949 4768 1387 4842 ἡμᾶςηεκροηῖι
1431 4768 1519 4823 hic
1551 4768 1833 4842 Eusebius,
1860 4768 2001 4823 unde
2033 4774 2078 4829 D
2110 4768 2308 4842 lantur,
2343 4777 2395 4822 et
2430 4766 2498 4821 ab
2547 4768 2766 4842 Arianis
2819 4770 3090 4831 inductus,
3134 4769 3454 4837 Euphronii,
3477 4769 3682 4842 itidem
3728 4748 3731 4751 ἢ

430 4838 655 4901 factum,
681 4850 735 4891 ut
760 4840 825 4892 ad
853 4838 1236 4892 conlntandum
1262 4840 1426 4893 hocce
1464 4841 1723 4907 scriptum
1749 4854 1993 4892 accesse-

434 4912 525 4970 rit.
557 4909 767 4963 concilii
807 4909 1014 4963 scilicvt
1052 4910 1357 4974 imperium.
1406 4919 1461 4961 et
1500 4911 1755 4963 Actorum
1782 4909 1996 4962 concilii

432 4982 799 5035 defensionem
837 4981 965 5033 :sed
997 4978 1161 5031 factio
1182 4990 1318 5033 erat.
1365 4978 1693 5033 Praesidehat
1733 4978 2000 5032 Eusebius

431 5050 1075 5119 Constantinopolitanns.
1127 5049 1311 5103 Ariani
1343 5058 1497 5103 erant
1531 5064 1666 5118 pene
1703 5064 1890 5102 omnes
1945 5050 1996 5101 in

435 5122 525 5174 illo
550 5121 779 5174 concilio
829 5119 1139 5188 congregati
1178 5137 1190 5170 :
1251 5129 1458 5173 tantum
1506 5133 1614 5172 non
1661 5119 1999 5173 arianizabat

434 5191 723 5259 imperator
750 5207 764 5243 :
786 5189 1091 5245 Marcellum
1113 5188 1189 5241 illi
1211 5190 1435 5259 oderant
1452 5189 1573 5242 odio
1589 5188 1993 5256 capitalissimo.

433 5258 559 5316 llaec
589 5260 829 5314 nenideo
852 5259 991 5313 dicta
1022 5268 1166 5319 sunt,
1199 5258 1579 5313 utMarcellum
1608 5269 1878 5321 tueanmr,
1898 5260 1989 5311 sed

434 5341 490 5381 ut
514 5332 833 5383 Arianorum
874 5330 1170 5397 operarios,
1212 5339 1264 5380 et
1291 5345 1482 5399 operas
1518 5329 1837 5380 indicemus.
1867 5327 1999 5390 Θεὸς

433 5400 539 5471 γὰρ
586 5400 765 5453 ἔσεται
793 5402 821 5452 6
860 5400 1061 5453 τούτων
1090 5400 1303 5471 κριτής,
1332 5398 1392 5451 ut
1442 5399 1619 5471 verbis
1658 5398 1995 5463 Eusebiauis,

434 5467 525 5524 Sed
552 5484 709 5523 sensu
738 5471 1111 5538 Epiphaniano
1130 5467 1466 5523 concludam.
1498 5467 1569 5521 Μ.

482 5538 783 5660 έέἐτξυιςο
810 5540 1015 5608 ἐλελεγ.
1051 5550 1105 5594 et
1134 5540 1274 5594 infra
1297 5540 1355 5603 ὃς
1376 5540 1431 5592 δέ
1452 5557 1502 5593 τ.
1541 5557 1631 5610 κρ.
1661 5548 1715 5591 et
1749 5537 1997 5591 ἀπεδοκι-

517 5625 656 5670 ςετο.

438 5625 999 5747 fatisfolnscribunlur
1058 5688 1169 5733 tres
1204 5689 1493 5745 sequentes
1543 5678 1683 5740 libri,
1719 5677 1989 5731 Flaccillo.

440 5745 567 5819 Erat
633 5758 809 5819 autem
877 5752 1156 5817 episcopus
1225 5750 1311 5803 ille
1386 5750 1721 5813 A'ntiucbiae;
1768 5749 1868 5819 τῆς
1926 5752 1991 5801 ad

437 5816 719 5891 Daphnen,
763 5816 1002 5873 Orientis
1050 5819 1421 5889 metropolita,
1470 5820 1682 5873 Arianae
1726 5816 1993 5875 hwrescos

2107 4840 2314 4910 Ariani.
2349 4853 2652 4910 successor.
2699 4840 2745 4892 Is
2786 4850 2889 4901 est,
2921 4843 3011 4910 qui
3050 4846 3189 4910 apud
3229 4842 3445 4894 Sozom.
3474 4840 3567 4894 lib.
3597 4857 3680 4903 Ill,

2105 4923 2229 4981 cap.
2261 4908 2313 4971 5,
2350 4909 2881 4981 diciturllmxrgcoq,
2920 4908 2986 4963 ab
3021 4912 3141 4964 aliis
3171 4909 3439 4972 Placidus,
3496 4926 3683 4965 errore

2102 4977 2470 5033 librariorum.
2501 4977 2803 5047 Aliquoties
2838 4982 2979 5035 illius
3030 4982 3277 5034 meminit
3326 4982 3679 5036 Athanasius.

2102 5049 2240 5119 Quid
2264 5064 2393 5102 vero
2430 5049 2691 5103 hactenus
2725 5064 2753 5102 a
2790 5064 2849 5103 se
2884 5052 3182 5119 praestitum
3220 5051 3311 5113 sit,
3354 5062 3410 5105 et
3432 5051 3564 5119 quid
3612 5054 3681 5106 ab

2101 5132 2166 5171 eo
2212 5117 2269 5187 in
2332 5121 2685 5187 sequentibus
2738 5117 2898 5173 libris
2950 5121 3371 5187 exspectandum
3428 5117 3533 5183 sit,
3586 5122 3680 5174 do-

2101 5196 2186 5241 cet
2234 5186 2499 5262 Eusebius
2552 5190 2605 5242 in
2644 5188 2793 5244 illis:
2857 5190 2947 5243 Διὸ
2995 5186 3061 5245 δεῖ
3103 5192 3163 5244 ἐν
3214 5189 3334 5245 δυσὶ
3383 5193 3495 5253 τοῖς
3533 5190 3681 5262 πρῶ-

2100 5274 2231 5320 τοις,
2266 5269 2371 5310 etc.
2397 5258 2467 5310 M.

2170 5327 2525 5400 (αεὶ-Κυρίῳ..
2550 5327 2717 5393 Vulgo
2756 5328 2993 5400 Χριστῷ.

2171 5396 2407 5468 (5)Vulg.
2427 5398 2533 5451 Καὶ
2555 5401 2711 5452 πολὺ
2727 5396 2823 5455 ἐπὶ
2843 5396 3441 5470 Μαρκέλλου.ξ8ςιιιειη
3456 5399 3671 5470 πολλήν.

2100 5466 2203 5523 Sed
2230 5466 2451 5522 uinninu
2498 5470 2781 5533 legendum
2816 5466 3235 5539 θειζπολυεπῆξ
3257 5471 3310 5523 Id
3340 5472 3534 5539 docent
3556 5466 3670 5531 illa,

2098 5539 2279 5591 statim
2306 5539 2373 5608 ab
2391 5540 2543 5590 initio
2568 5541 2722 5604 primi
2754 5540 2871 5592 libri
2898 5541 3022 5593 ζΔιδ
3048 5540 3142 5592 καὶ
3169 5538 3311 5608 πέρα
3330 5538 3422 5592 τοῦ
3440 5540 3671 5604 δέοντος,

2098 5611 2178 5680 εἰς
2203 5607 2408 5680 μακρὸν
2427 5608 2573 5676 αὐτῷ
2595 5610 2688 5680 καὶ
2703 5609 2937 5680 ἄμετρον
2957 5612 3128 5680 μῆκος
3149 5607 3402 5674 ἐξέπεσεν
3416 5612 3447 5678 ἡ
3463 5610 3669 5680 γραφῆς

2096 5679 2499 5751 ὠςμὸνον-επῶν
2512 5679 2676 5751 ἐγγύς
2690 5697 2790 5731 που
2806 5679 3035 5751 μυρίων,
3054 5681 3143 5733 τὸν
3156 5681 3249 5732 ἕνα
3262 5680 3416 5748 λόγον
3444 5679 3672 5751 ἀπαρτις

2100 5747 2311 5821 σθῆναι.
2338 5747 2409 5801 Μ.
2437 5778 2508 5821 -έ
2529 5750 2655 5802 Dein
2682 5747 2837 5819 vulgo
2858 5747 2937 5821 διὸ
2960 5750 3014 5803 δέ
3038 5762 3092 5804 et
3122 5752 3281 5821 φορᾷ.

2170 5820 2246 5887 (6)
2267 5820 2378 5873 "Er
2400 5836 2449 5873 τι
2471 5818 2807 5889 διωλύγιον.
2854 5819 2964 5875 Non
2989 5832 3067 5875 est
3102 5818 3329 5887 partitus
3360 5836 3514 5875 suum
3540 5833 3671 5887 opus
