3970 6528
268 437 369 505 829
1210 439 1301 497 DE
1336 440 1877 497 ECCLESIASTlCA
1917 439 2311 498 THEOLOGIA
2343 441 2472 498 LIB.
2504 442 2547 498 Ι.
3404 440 3509 498 830

266 575 380 623 σεις
414 559 747 625 εὐθύνοντες.
802 562 1029 633 Συνάψω
1061 563 1116 617 δὲ
1177 562 1319 617 κατά
1349 563 1408 616 τὸ
1450 563 1581 618 αὐτὸ
1611 567 1677 635 τῇ
1721 564 1843 618 τού-

1953 578 2064 618 esse
2095 563 2473 619 refutationem
2499 603 2515 628 ,
2557 574 2618 618 ut
2668 563 2741 618 ita
2772 561 2999 633 singulis
3043 567 3294 616 constare
3323 570 3508 629 queat,

266 670 371 706 των
396 656 558 724 φωρᾷ
586 655 684 724 τὴν
706 654 800 708 τοῦ
815 657 1065 727 Σωτῆρος
1092 654 1246 726 ἡμῶν
1274 656 1549 724 θεολογίαν
1577 656 1836 727 νεώτερον

1953 653 2091 706 illum
2126 654 2177 707 in
2204 666 2271 707 eo
2316 653 2461 723 quod
2516 652 2712 707 Filium
2750 653 2841 707 Dei
2880 653 3249 722 abnegaverit,
3281 665 3347 705 ne
3390 648 3510 704 nni-

266 745 366 813 μὲν
395 743 577 812 λέγειν
627 743 766 814 ἔχων
794 746 964 811 οὐδὲν,
998 746 1105 800 οὐδ’
1162 745 1397 817 ἐμαυτοῦ
1444 747 1606 815 σοφόν
1644 764 1697 799 τι
1744 747 1839 800 καὶ

1953 763 2062 801 :um
2108 748 2177 803 de
2202 747 2372 803 sacris
2410 746 2608 801 litteris
2635 747 3006 802 testimonium
3057 747 3123 799 ad
3154 759 3266 799 rem
3294 742 3510 813 apposi—

262 836 465 887 οίκεῖον
493 835 720 907 εῦρεμα,
744 837 844 906 τῆς
860 837 915 890 δὲ
932 837 1255 908 Ἐκκλησίας
1280 838 1372 892 τοῦ
1400 838 1533 891 Θεοῦ
1567 839 1665 909 τὴν
1690 838 1841 892 ἀδιά-

1953 852 2052 895 Lum
2077 879 2094 906 ,
2126 841 2179 895 in
2234 840 2549 909 longissimo
2596 839 2693 895 illo
2730 854 2892 909 opere
2916 853 3014 895 suo
3041 837 3348 908 protulisse.
3396 834 3509 889 lmo

266 928 465 998 φθορον
487 927 835 981 διδασκαλίαν
862 928 1269 999 προϊσχόμενος,
1303 930 1369 1000 ἥν
1409 929 1559 1000 παρά
1590 930 1697 982 τῶν
1738 931 1839 983 αὐ-

1953 944 2091 994 vero,
2110 929 2368 1000 quidquid
2391 929 2458 984 de
2483 928 2778 999 Scripturis
2810 929 3010 993 attulit,
3033 928 3364 984 contrariam
3395 925 3509 994 pla-

260 1017 479 1071 τοπτῶν
507 1018 600 1070 καὶ
628 1018 910 1090 αὐτηκόων
942 1018 1036 1071 τοῦ
1093 1019 1290 1089 Λόγου,
1336 1019 1540 1073 ἀνωθεν
1571 1019 1630 1086 ἐξ
1663 1020 1838 1092 ἀρχῆς

1953 1034 2012 1075 ne
2052 1034 2237 1074 vocem
2283 1019 2532 1073 emisisse
2573 1019 2785 1084 sciant,
2825 1028 2880 1072 et
2912 1033 2974 1072 ea
3003 1034 3123 1087 quae
3155 1017 3221 1071 ab
3247 1016 3337 1071 illo
3362 1016 3509 1070 dice-

262 1128 336 1163 πα
344 1110 678 1181 ραλαδοῦσα,
716 1110 988 1180 φυλάττει.

1953 1111 2141 1165 bantur
2182 1111 2383 1180 impie,
2437 1112 2491 1166 in
2539 1122 2753 1166 rectum
2799 1110 3158 1179 retorquendo
3192 1123 3405 1164 sensum
3453 1113 3509 1161 et

260 1203 613 1268 sententiam,
648 1203 931 1258 direxisse.
967 1202 1090 1258 Istis
1119 1218 1282 1273 porro
1307 1205 1622 1281 conjunctas
1671 1203 2017 1273 copulaturus
2048 1219 2167 1259 sum
2216 1204 2282 1259 de
2316 1204 2621 1260 Servatoris
2670 1207 2844 1258 nostri
2890 1202 3170 1258 divinitate
3226 1201 3460 1256 rationes
3489 1215 3505 1254 :

259 1295 398 1350 nihil
428 1311 458 1349 a
499 1309 585 1349 me
644 1296 760 1365 ipso
819 1295 1032 1351 novitcr
1088 1296 1454 1362 adinventum,
1491 1306 1583 1350 aut
1606 1296 1748 1350 domi
1783 1310 1915 1350 mea:
1943 1304 2175 1363 natum,
2203 1310 2267 1350 ex
2308 1296 2562 1360 opinione
2605 1296 2907 1367 profectum
2976 1293 3251 1362 sapientia:
3283 1291 3510 1360 alicujus

260 1404 399 1443 mea:
444 1389 758 1443 edicturus:
790 1390 882 1443 sed
924 1388 1179 1444 Ecclesia:
1242 1388 1334 1443 Dei
1404 1390 1700 1443 doctrinam
1735 1403 1845 1457 prae
1885 1404 1971 1443 me
2010 1387 2221 1442 laturus
2275 1388 2679 1458 incorruptam,
2749 1402 2910 1459 quam
2957 1401 2987 1439 a
3046 1384 3269 1440 testibus
3320 1382 3509 1438 auritis

259 1468 392 1535 olim
427 1491 589 1551 atque
626 1479 854 1535 oculatis
880 1479 1045 1534 Verbi
1084 1489 1389 1550 acceptum,
1438 1481 1505 1535 ab
1540 1480 1712 1542 initio,
1750 1478 1839 1535 illa
1864 1479 2098 1535 custodit
2121 1479 2297 1533 adhuc
2330 1478 2645 1534 inviolatam

908 1620 1067 1674 ΚΕΦ.
1114 1621 1191 1672 Ᾱ’.

2624 1620 2777 1675 CAP.
2815 1622 2858 1676 Ι.

260 1732 395 1786 Ὀτι
442 1730 643 1801 μάτην
672 1731 1002 1786 Σαϐἐλλιον
1028 1730 1323 1801 διέϐαλλε
1366 1729 1718 1799 Μάρκελλος
1770 1730 1840 1786 τὰ

1953 1711 2232 1801 Βαὸείιὶιιηι
2275 1730 2306 1765 a
2352 1712 2803 1801 Marcelloninep't'e
2846 1714 3234 1794 reprehensum,
3260 1729 3397 1793 .cum
3422 1727 3511 1766 eo-

759 1782 1379 1866 adseruabam»;
1400 1782 1416 1783 ί
1458 1782 1485 1799 '
1636 1782 1665 1783 '7
1694 1782 1709 1795 ’
1782 1782 1834 1786 ξ’

2011 1786 2129 1836 dem
2164 1785 2217 1837 in
2241 1800 2418 1838 errore
2441 1800 2557 1836 cum
2604 1782 2837 1841 Sabellio
2864 1784 2972 1853 ipse
3006 1800 3097 1852 per
3130 1783 3305 1837 omnia
3341 1798 3511 1836 verse-

2012 1863 2120 1906 tur.

332 1936 450 2007 Πρὸ
473 1936 529 1989 δὲ
560 1935 660 2006 τῆς
696 1934 900 1988 τούτων
931 1934 1251 1999 ἐξετάσεως,
1301 1935 1485 2007 ἐπειδὴ
1510 1935 1706 2006 μεταξὺ
1743 1935 1837 1988 τοῦ

261 2029 695 2101 συγγράμματος
725 2028 815 2082 τὸν
846 2027 1133 2082 Σαϐέλλιον
1163 2029 1253 2080 ὑπ’
1292 2029 1457 2082 αὑτοῦ
1505 2029 1839 2098 κοπτόμενον

258 2114 446 2192 εὖρον,
476 2120 847 2189 καταπλαγεὶς
884 2120 984 2191 τῆς
1037 2119 1377 2191 ἠλιθιότητος
1417 2120 1507 2173 τὸν
1549 2120 1736 2192 ἄνδρα,
1764 2119 1839 2183 ὡς

257 2214 362 2268 οὐκ
399 2212 652 2282 ἐφείσατο
695 2212 882 2276 κακῶς
931 2211 1250 2284 ἀγορεῦσαι,
1294 2211 1352 2266 ὃν
1387 2212 1603 2265 πάντων
1638 2212 1839 2283 μᾶλλον

258 2307 506 2359 ἐπαινεῖν
522 2305 684 2358 αὐτὸν
714 2305 902 2376 ἐχρῆν,
919 2303 1174 2375 ὁμόδοξον
1200 2304 1347 2375 αὐτῷ
1366 2304 1456 2359 καὶ
1484 2303 1839 2375 ὁμογνώμονα

258 2396 546 2466 γεγονότα,
602 2396 699 2465 οὐχ
745 2393 1042 2466 ἡγησάμην
1086 2395 1151 2448 ἄν
1181 2413 1232 2447 τι
1266 2394 1555 2467 παρελθεῖν
1585 2399 1707 2466 σιγῇ
1750 2395 1839 2449 τὸν

258 2488 443 2557 λόγον,
474 2486 811 2559 παραδοῦναι
839 2486 895 2539 δὲ
912 2487 1008 2540 καὶ
1029 2487 1221 2540 τούτου
1251 2486 1469 2556 ἔλεγχον
1496 2486 1574 2556 τῷ
1609 2487 1838 2557 παρόντι

258 2581 569 2653 γράμματι.
611 2579 684 2632 Τὸ
724 2578 821 2649 μὲν
854 2578 963 2649 γὰρ
995 2580 1119 2640 τοὺς
1188 2577 1283 2631 τοῦ
1325 2577 1454 2630 Υίοῦ
1496 2576 1841 2645 λειτουργοὺς

258 2674 401 2745 πρὸς
436 2672 546 2742 (ll)
579 2670 745 2726 αὐτοῦ
775 2669 1183 2739 διαϐεϐλῆσθαι,
1232 2670 1280 2721 εί
1314 2669 1409 2721 καὶ
1434 2666 1584 2738 αὐτῷ
1621 2667 1722 2738 μὲν
1749 2665 1843 2735 φά.

258 2783 378 2833 γον,
415 2767 526 2826 τοῖς
551 2764 595 2815 δ’
620 2762 1092 2834 ἐλευθερουμένοις
1127 2763 1224 2826 τῆς
1258 2762 1395 2832 πρὸς
1429 2760 1593 2813 αὐτὸν
1644 2777 1839 2813 κοινω-

260 2855 380 2919 νίας
407 2854 649 2921 εὐδοξίαν
675 2857 979 2925 ἐπήγαγεν,
1015 2857 1164 2925 ὅμως
1193 2852 1369 2923 εἶχετό
1398 2870 1541 2915 τινος
1570 2852 1842 2923 (συγγνώ-

2008 1944 2079 1997 Αι
2111 1944 2426 2013 priusquam
2459 1944 2541 1999 his
2588 1944 2845 2015 accingar
2868 1944 3263 2010 examinandis,
3296 1959 3420 2000 cum
3454 1944 3511 2000 in

1940 2035 2124 2104 operis
2158 2047 2415 2092 contextu
2463 2035 2948 2092 animadverterem
2999 2036 3289 2093 Sabellium
3341 2038 3408 2091 ab
3447 2051 3513 2091 eo

1941 2126 2080 2181 male
2107 2127 2691 2191 mulctatum,hominis
2720 2126 3024 2183 fatuitatem
3050 2128 3349 2182 admiratus
3366 2143 3509 2192 sum,

1940 2218 2081 2285 quod
2113 2216 2188 2271 illi
2212 2218 2523 2287 neutiquam
2556 2218 2881 2287 pepercerit,
2905 2217 2998 2272 sed
3031 2218 3355 2287 impetiverit
3391 2232 3507 2270 ma-

1941 2308 2153 2363 ledictis
2182 2348 2197 2374 ,
2242 2324 2399 2378 quem
2441 2310 2691 2365 laudibus
2724 2320 2851 2365 ante
2878 2309 3013 2364 alios
3045 2310 3299 2379 prosequi
3354 2308 3516 2362 debe-

1941 2400 2053 2465 bat,
2092 2411 2274 2470 utpote
2302 2401 2381 2456 sui
2419 2402 2684 2471 dogmatis
2708 2410 3119 2464 assectatorem,
3170 2409 3226 2455 et
3270 2398 3514 2469 ejusdem

1940 2509 2063 2548 cum
2094 2497 2270 2564 seipso
2293 2493 2582 2563 Opinionis.
2617 2495 2837 2549 Decrevi
2866 2494 2988 2547 ideo
3023 2493 3186 2548 verba
3232 2492 3346 2559 ejus
3384 2506 3518 2545 neu-

1942 2584 2143 2652 tiquam
2171 2583 2385 2637 silentio
2416 2583 2727 2652 prmterire,
2771 2582 2865 2636 sed
2894 2581 3059 2635 veluti
3097 2580 3383 2650 quamdam
3422 2595 3516 2634 ac-

1943 2676 2244 2729 cessionem
2268 2715 2281 2739 ,
2317 2674 2461 2727 illius
2487 2674 2865 2727 refutationem
2909 2674 3037 2727 huic
3069 2674 3217 2742 Operi
3250 2673 3515 2742 adjicien-

1944 2770 2087 2821 dam.
2134 2766 2412 2835 Siquidem
2454 2767 2594 2834 quod
2640 2765 2729 2818 Dei
2780 2765 3057 2818 ministros
3093 2774 3306 2818 accuset
3333 2804 3347 2829 ,
3389 2764 3517 2817 licet

1947 2857 2076 2910 illud
2132 2857 2183 2910 in
2237 2857 2406 2924 ipsius
2453 2857 2836 2911 contumeliam
2879 2858 3055 2926 potius
3087 2856 3267 2919 cedat,
3300 2854 3515 2908 laudem

261 2953 394 3019 μης)
420 2948 643 3009 εἰκότως
682 2946 742 2999 τὸ
767 2947 943 2999 δοκεῖν
964 2946 1034 2999 τὰ
1071 2946 1143 3016 μὴ
1179 2944 1329 3015 αὐτῷ
1362 2944 1492 3014 φίλα
1524 2944 1803 3014 φαυλίζειν
1826 2961 1839 2978 ·

1953 2962 2077 3002 vero
2127 2960 2289 3017 atque
2322 2947 2777 3002 existimationem
2820 2949 3076 3017 majorem
3130 2946 3340 3000 illorum
3368 2984 3382 3008 ,
3421 2943 3517 3013 qui

257 3036 322 3089 τὸ
345 3037 402 3089 δὲ
425 3036 605 3089 λαθεῖν
634 3040 901 3090 κόπτοντα
927 3038 1088 3090 αὑτὸν
1107 3036 1197 3089 διά
1220 3037 1317 3107 τῆς
1338 3035 1432 3089 τοῦ
1466 3035 1844 3107 ὁμογνώμονος

265 3127 588 3198 δυσφημίας
644 3128 753 3199 (li)
795 3128 1070 3191 ἀναιδείας
1132 3128 1321 3199 ἔμοιγε
1375 3129 1540 3191 δοκεῖ,
1594 3128 1707 3198 ἅμα
1753 3127 1845 3180 καὶ

260 3218 642 3290 ἀναισθησίας,
688 3220 973 3290 ὑπάρχειν.
1010 3219 1134 3273 Ὅτι
1187 3220 1244 3273 δὲ
1294 3220 1449 3273 ταῦθ’
1484 3218 1656 3283 οὕτως
1706 3219 1837 3289 ἔχει,

258 3312 457 3382 γένοιτ’
494 3312 559 3365 ἂν
587 3311 803 3382 ἐλεγχος
828 3312 990 3375 αὐτὸς
1025 3312 1239 3374 ἑαυτοῦ,
1268 3312 1575 3384 Υίοπάτορα
1606 3312 1695 3365 τὸν
1714 3312 1844 3364 Θεὸν

259 3401 406 3455 κατὰ
433 3401 526 3453 τὸν
573 3401 881 3463 Σαϐέλλιον,
933 3403 981 3455 εί
1010 3402 1104 3455 καὶ
1149 3402 1224 3472 μὴ
1258 3401 1451 3472 γυμνῷ
1472 3400 1549 3472 τῷ
1571 3400 1734 3472 λόγῳ,
1776 3403 1841 3471 τῇ

257 3493 392 3564 γοῦν
417 3493 644 3565 ἀληθείᾳ
672 3494 923 3563 είσάγων,
956 3493 1035 3565 τῷ
1085 3495 1183 3566 τὴν
1216 3496 1512 3549 ὑπόστασιν
1551 3495 1661 3566 (15)
1689 3496 1842 3548 ἀναι-

261 3589 379 3659 ρεῖν
436 3586 530 3639 τοῦ
578 3584 728 3649 Υίοῦ,
762 3586 857 3638 ἕνα
900 3586 957 3638 δὲ
995 3586 1125 3640 Θεὸν
1178 3587 1477 3658 ὁρίζεσθαι,
1520 3587 1612 3640 καὶ
1655 3586 1842 3641 τοῦτον

260 3676 457 3730 ἑαυτοῦ
492 3676 728 3748 Πατέρα,
757 3677 849 3729 καὶ
879 3672 945 3730 αὖ
965 3677 1124 3730 πάλιν
1151 3678 1277 3731 Υίὸν
1306 3676 1600 3731 ἀποκαλεῖν
1624 3677 1839 3733 ἑαυτοῦ.

262 3768 438 3836 Λόγον
466 3768 575 3839 γὰρ
593 3764 734 3821 εἶναι
767 3768 890 3831 δοὺς
927 3769 1016 3821 τὸν
1059 3769 1116 3823 ὲν
1144 3768 1221 3839 τῷ
1250 3769 1388 3840 Θεῷ,
1415 3769 1473 3824 ἓν
1502 3787 1561 3821 τε
1589 3770 1684 3821 καὶ
1715 3769 1840 3822 ταύ-

263 3858 358 3913 τὸν
410 3859 539 3913 ὄντα
583 3858 731 3930 αὐτῷ
779 3859 967 3912 τοῦτον
1009 3860 1357 3930 ὁρισάμενος,
1392 3859 1610 3930 Πατέρα
1653 3858 1841 3912 τούτου

266 3951 627 4023 χρηματίζειν
654 3951 816 4005 αὑτὸν
847 3951 978 4021 ἔφη·
1011 3951 1100 4003 τόν
1128 3967 1185 4003 τε
1208 3950 1379 4019 Λόγον
1406 3951 1534 4003 Υἱὸν
1566 3947 1704 4004 εἶναι
1744 3951 1841 4003 αὑ-

263 4052 385 4116 τοῦ,
420 4052 519 4104 οὐκ
545 4050 761 4120 ἀληθῶς
786 4051 915 4104 ὄντα
942 4052 1088 4105 Υίὸν
1110 4053 1167 4103 ἐν
1196 4052 1382 4116 οὐσίας
1409 4052 1727 4115 ὑποστάσει,
1753 4068 1844 4103 κυ-

268 4150 402 4233 ρίως
452 4149 510 4203 δὲ
560 4149 655 4202 καὶ
702 4148 915 4220 ἀληθῶς
973 4149 1100 4203 ὅντα
1154 4149 1344 4223 Λόγον.
1391 4149 1840 4219 Ἐπισημαίνεται

266 4251 421 4321 γοῦν,
449 4252 530 4303 ὅτι
563 4251 638 4323 μὴ
662 4249 1117 4323 καταχρηστικῶς
1144 4250 1321 4319 λόγον,
1350 4250 1485 4305 ἀλλά
1513 4250 1717 4323 κυρίως
1747 4249 1841 4303 καὶ

268 4354 485 4425 ἀληθῶς
507 4354 635 4406 ὄντα
661 4352 852 4421 Λόγον,
884 4353 979 4406 καὶ
1013 4352 1176 4423 μηδὲν
1213 4332 1397 4423 ἕτερον
1422 4352 1453 4424 ἦ
1477 4352 1666 4419 Λόγον.
1697 4350 1830 4421 (M).

267 4454 332 4507 Ei
385 4453 441 4506 δὲ
474 4453 636 4523 μηδὲν
668 4452 874 4523 ἕτερον,
911 4452 1091 4522 δῆλον,
1117 4452 1191 4515 ὡς
1225 4452 1343 4505 οὐδὲ
1367 4452 1491 4515 Υἱὸς
1524 4449 1591 4525 ἦν
1622 4453 1841 4524 ’κυρίως

270 4552 364 4605 καὶ
390 4553 627 4624 ἀληθῶς,
661 4552 821 4625 μέχρι
856 4551 910 4604 δὲ
943 4553 1124 4624 φωνῆς
1158 4550 1249 4604 καὶ
1278 4552 1536 4621 ὀνόματος
1572 4569 1845 4623 καταχρη-

273 4656 476 4721 στικῶς
506 4655 913 4726 ὠνομασμένος.
955 4655 1052 4707 Ἕν
1074 4671 1131 4708 τε
1167 4649 1305 4706 εἶναι
1336 4653 1507 4722 λέγων
1531 4656 1625 4708 καὶ
1649 4656 1845 4709 ταύτὸν

272 4753 355 4823 τῷ
389 4754 507 4825 Θεῷ
555 4754 645 4806 τὸν
694 4753 887 4821 Λόγον,
937 4751 1028 4805 τὸν
1071 4750 1441 4821 σαρκωθέντα,
1487 4752 1582 4805 καὶ
1636 4753 1722 4818 ὲκ,
1749 4755 1847 4825 τῆς

273 4858 551 4930 Παρθένου
576 4854 856 4925 τεχθέντα,
886 4853 1018 4906 Θεὸν
1058 4852 1217 4905 αὐτὸν
1245 4851 1545 4921 ἀπέφηνεν.
1574 4853 1638 4904 Ὃ
1660 4851 1722 4923 δὴ
1753 4854 1856 4907 πά-

271 4962 361 5016 λαι
393 4963 487 5015 καὶ
511 4957 789 5033 πρόπαλαι
821 4956 910 5010 τὸν
936 4954 1224 5009 Σαϐἑλλιον
1258 4952 1628 5024 φθεγξάμενον
1662 4954 1857 5007 ἀπεδο-

350 5157 409 5215 ᾖ(
440 5148 536 5203 Ed.
568 5144 748 5200 Paris.
780 5158 907 5214 pag.
936 5141 1026 5197 6|.

344 5341 456 5412 (ll)
504 5338 611 5393 Τοῦ
649 5340 783 5393 Υἱοῦ
817 5340 1220 5412 λειτουργοτξς.
1276 5336 1545 5412 Nusquam
1601 5336 1848 5412 alihi_ita

277 5408 522 5478 loquitur
556 5412 853 5464 Eusebius:
900 5413 992 5462 sed
1025 5408 1181 5473 Θεοῦ,
1216 5408 1491 5476 quomodo
1518 5418 1571 5462 et
1608 5408 1697 5462 hic
1744 5409 1848 5477 legi

277 5487 457 5536 .lehet.
491 5481 743 5543 lntelligit
773 5495 888 5543 eos,
915 5495 1048 5539 quos
1074 5481 1124 5533 in
1158 5483 1330 5547 primo
1358 5479 1495 5532 libro
1518 5479 1582 5531 de
1614 5478 1850 5547 nomini-

276 5557 375 5607 hns
399 5555 600 5603 vitavit.
636 5552 926 5608 Asterium.
948 5546 1280 5609 Narcissum,
1317 5549 1618 5609 Paulinum,
1646 5558 1755 5602 etc.
1777 5546 1846 5601 Μ.

344 5624 458 5692 (12)
500 5621 939 5689 Ὀμογνώμογος
968 5618 1349 5692 δυσφημίας.
1381 5619 1673 5692 Deest,_vel
1708 5618 1850 5692 τινα,

278 5687 364 5743 νρί
411 5687 694 5744 meeum
742 5687 807 5743 tle
862 5690 1076 5743 nomine
1128 5689 1527 5755 compellatum.
1559 5687 1693 5741 Nam
1755 5688 1854 5739 αῦ-

273 5762 367 5817 τόν
399 5768 464 5814 ad
492 5762 801 5819 Mareellum
840 5760 1037 5811 rel'ern.
1067 5758 1194 5811 Vult
1219 5769 1271 5810 et
1293 5759 1565 5825 stupidum
1600 5768 1651 5813 et
1682 5758 1857 5826 impu-

278 5837 495 5886 dentem
537 5848 656 5885 esse
683 5831 824 5894 quod
850 5829 1141 5883 Sabellimn
1189 5829 1569 5894 reprehendat,
1602 5844 1723 5880 cum
1752 5843 1857 5894 quo

279 5903 676 5971 cuztsettliebat.
692 5899 1011 5973 διν-δωρεᾶ
1031 5899 1187 5973 vulgo
1207 5897 1391 5952 τοῦτον
1412 5914 1426 5967 ;
1446 5899 1569 5955 dein
1599 5897 1703 5965 Mp.
1737 5914 1856 5963 συγ-

1948 3039 2014 3093 ab
2050 3039 2216 3107 ipsius
2244 3040 2620 3093 communione
2653 3045 2778 3093 sunt
2809 3038 2992 3102 alieni,
3020 3054 3123 3091 non
3154 3047 3329 3090 tamen
3358 3035 3518 3089 venia

1946 3141 2095 3185 caret
2143 3140 2198 3185 et
2238 3130 2589 3185 excusatione
2623 3149 2635 3184 :
2674 3147 2778 3185 non
2813 3131 3070 3197 absurda,
3106 3144 3227 3183 cum
3262 3143 3381 3197 qua:
3417 3128 3519 3207 mi-

1951 3224 2098 3278 nime
2124 3223 2336 3292 probet,
2371 3236 2433 3276 ea
2462 3223 2818 3291 vituperanda
2846 3222 2947 3277 sibi
2980 3230 3223 3276 censeat.
3258 3222 3327 3275 At
3368 3220 3520 3274 illum

1945 3314 2080 3369 velle
2112 3314 2377 3368 mulctare
2412 3313 2569 3378 male,
2603 3314 2679 3368 sic
2707 3323 2765 3366 ut
2792 3322 2972 3382 speret
3001 3327 3060 3368 se
3089 3313 3389 3374 latiturum,
3416 3311 3512 3380 qui

1944 3405 2189 3460 eamdem
2230 3404 2452 3474 impiam
2503 3418 2686 3458 secum
2721 3404 2898 3459 foveat
2936 3403 3247 3472 Opinionem
3274 3441 3288 3464 ,
3342 3402 3521 3471 impu-

1946 3495 2142 3551 dentiae
2176 3496 2455 3561 cujusdam
2499 3494 2852 3549 intolerandae
2872 3535 2886 3559 ,
2910 3504 2966 3549 et
2994 3494 3190 3548 frontis
3218 3492 3522 3563 perfrictis-

1944 3590 2093 3642 sinne
2122 3587 2336 3641 videtur
2370 3601 2511 3651 esse,
2542 3602 2641 3641 nec
2666 3586 2885 3654 injuria.
2918 3585 3040 3639 Haec
3088 3594 3266 3638 autem
3313 3598 3373 3638 se
3420 3583 3521 3637 ha-

1943 3678 2069 3732 bere
2102 3678 2167 3732 ad
2206 3678 2349 3733 hunc
2397 3678 2614 3732 modum
2659 3686 2833 3747 patet,
2868 3691 3043 3746 neque
3071 3676 3208 3730 falso
3237 3691 3266 3727 a
3293 3690 3380 3729 me
3431 3688 3524 3728 ca-

1942 3768 2159 3823 lumniis
2183 3784 2304 3824 eum
2346 3770 2699 3839 proscissum,
2731 3784 2796 3823 eo
2826 3770 2970 3837 quod
3021 3769 3087 3823 de
3122 3769 3396 3823 sententia
3426 3765 3526 3819 Sa-

1943 3860 2198 3925 belliana,
2218 3866 2276 3931 >3
2308 3861 2476 3915 Deum
2503 3851 2787 3931 compellet
2813 3858 3223 3915 FilimPatrem.
3244 3861 3357 3914 Non
3377 3866 3526 3916 certe

1943 3952 2207 4015 disertim,
2231 3960 2284 4005 et
2314 3952 2676 4015 totidem,hoc
2698 3950 2876 4003 fateor
2894 3950 3101 4014 verbis;
3122 3948 3321 4005 talibus
3342 3956 3526 4011 autem

1942 4044 2144 4107 utitur,
2181 4056 2302 4111 quae
2334 4040 2653 4111 bypostasin
2703 4040 2824 4094 Filii
2862 4041 3066 4094 directe
3097 4039 3287 4094 tollant
3318 4056 3331 4092 :
3363 4055 3526 4093 unum

1942 4135 2280 4189 solummodo
2324 4134 2494 4187 Deum
2545 4142 2829 4188 statuant:
2856 4142 3018 4200 atque
3054 4132 3201 4185 illum
3239 4132 3408 4201 ipsum
3443 4130 3528 4187 sui

1943 4226 2107 4294 ipsius
2131 4224 2427 4294 genitorem
2465 4241 2478 4277 :
2509 4222 2771 4279 etFilium
2807 4222 3038 4294 denique
3056 4222 3527 4292 suietiamipsius.

1871 4306 1918 4362 Ι)
1944 4315 2077 4369 Dato
2103 4315 2247 4370 enim
2270 4324 2324 4369 et
2352 4314 2855 4371 concessoVerbum
2882 4316 2934 4369 in
2964 4315 3072 4368 Deo
3101 4310 3221 4368 esSe
3247 4355 3262 4379 ,
3299 4312 3441 4386 quod
3475 4319 3530 4371 ei

1946 4423 2108 4460 unum
2134 4416 2295 4476 atque
2319 4408 2458 4462 idem
2492 4423 2611 4461 cum
2640 4407 2754 4475 ipso
2783 4406 3030 4471 exsistat,
3055 4420 3177 4459 eum
3198 4401 3418 4472 hujusce
3434 4401 3533 4459 Pa-

1945 4508 2080 4561 trem
2117 4498 2401 4554 dicendum
2454 4500 2616 4555 docet
2646 4516 2660 4554 :
2698 4508 2753 4557 et
2782 4499 3010 4562 Verbum
3056 4498 3215 4552 etiam
3265 4496 3380 4564 ejus
3408 4512 3532 4552 esse

1947 4593 2165 4660 Filium,
2187 4607 2522 4663 nequaquam
2545 4592 2737 4648 Filium
2758 4592 3114 4649 exsistentem
3146 4592 3197 4646 in
3217 4590 3531 4646 substantia:

1947 4685 2293 4740 subsistentia
2307 4726 2321 4748 ,
2335 4687 2550 4755 proprie
2565 4698 2695 4740 vero
2711 4693 2764 4739 et
2777 4685 3070 4745 secundum
3090 4680 3531 4747 veritatem,Ver-

1953 4777 2082 4831 bum
2114 4777 2463 4832 exsistentcm
2500 4786 2701 4830 tamen.
2724 4774 2994 4843 Vultergo
3031 4774 3276 4845 intelligi,
3297 4772 3533 4833 Verbum

1960 4860 2111 4921 illum
2141 4881 2281 4935 esse,
2324 4883 2427 4921 non
2460 4866 2881 4932 cataehresticc,
2904 4866 2996 4920 sed
3029 4866 3312 4925 verissime
3332 4871 3531 4932 etpro-

1959 4956 2231 5026 priissime
2258 4958 2516 5024 Verbum,
2544 4965 2709 5027 atque
2742 4967 2937 5027 printer
2976 4953 3235 5022 Verbum,
3278 4951 3419 5007 aliud
3444 4950 3530 5005 ni-

1956 5332 2707 5411 ypa'tttpart‘locoypo'tppazt.
2739 5327 2869 5411 Dejn
2904 5316 3529 5411 oun‘itbprteonttﬁot-ld.

2029 5386 2754 5478 ῐίτῖὗ-ᾟῨῆὗ-Ἷῦέῇᾁξασιν.
2797 5397 2947 5478 Lege
2985 5386 3086 5465 ’τῷ
3126 5386 3262 5478 ’τὴν

1961 5466 2066 5533 σιν.
2097 5466 2151 5532 In
2180 5493 2244 5532 eo
2268 5466 2417 5545 ‘quod
2450 5473 2569 5545 Filii
2608 5466 3012 5545 subsistentiam
3044 5469 3268 5545 negaret
3290 5472 3505 5545 separa.

1961 5528 2068 5603 {5.};
2097 5528 2155 5603 Ei
2185 5528 2485 5614 propriam.
2518 5542 2586 5614 Μ.
2622 5569 2694 5614 -_—
2728 5536 2950 5614 Correxi
2982 5528 3251 5614 vulgatam
3278 5544 3340 5583 ex
3374 5528 3530 5582 codd.

1960 5602 2413 5691 ἀληθέείσάτοντι
2436 5612 2534 5683 τὴν
2561 5610 2753 5691 ὑϊῖόσττ
2775 5616 2831 5663 εί
2851 5602 2986 5691 illis
3010 5602 3189 5691 ,αδτὲ
3260 5687 3278 5691 _

2033 5675 2144 5758 (Ml
2201 5675 2286 5741 'H'
2328 5675 2542 5758 Λόγοὶς.
2582 5681 2761 5758 __Decst
2814 5675 3180 5758 suffulciendae
3256 5675 3540 5758 sententi?

1961 5740 2271 5826 Batviéysiv
2330 5740 2433 5826 aut'
2477 5751 2670 5817 simile;
2725 5748 2930 5816 statim,
2975 5755 3097 5818 post
3127 5740 3531 5814 ὠνομασμένος,

1965 5834 2115 5889 deest
2139 5824 2273 5903 υἱός.
2307 5824 2355 5880 Μ
2365 5866 2383 5889 -ν
