3970 6516
443 425 540 487 851

1104 431 1373 487 EUSEBII
1413 430 1888 492 CESARIENSIS
1922 437 2072 492 OPP.
2113 438 2290 495 PARS
2328 427 2528 494 ιγ.’-
2566 434 2985 497 DOGMATICA.

3586 441 3696 500 852

448 541 543 607 htl,
561 546 705 613 quod
732 547 777 601 si
805 545 952 599 aliud
984 544 1141 609 nihil,
1164 555 1275 599 tum
1304 555 1453 601 certe
1488 548 1681 617 liquet,
1720 553 1861 620 quod
1905 570 2008 608 non

2123 554 2346 625 κίμασεν
2375 558 2409 627 ἡ
2430 555 2727 628 Ἐκκλησία
2758 556 2851 610 τοῦ
2885 553 3042 623 Θεοῦ,
3077 557 3187 620 τοῖς
3207 556 3389 620 ἀθέοις
3422 558 3588 611 αὐτον
3616 559 3699 613 αί-

447 630 640 688 Filium
677 649 801 691 verc
834 645 997 706 atque
1023 635 1242 705 proprie
1290 638 1436 693 dicat
1470 680 1487 701 .
1536 642 1629 696 sed
1686 641 1864 698 Verbo
1905 654 2015 699 tan-

2125 645 2411 720 ρεσιώταις
2432 648 2773 714 καταλέξασα
2810 647 2942 719 (15).

447 727 568 780 tum
588 736 743 781 tenus
767 737 929 796 atque
959 728 1178 785 nomine
1209 730 1603 787 catachrestice
1631 737 2019 804 usurpandum.
2046 735 2288 807 Cumque
2324 741 2557 795 Verbum
2590 742 2777 795 doceat
2799 757 2960 794 unum
2986 753 3105 795 esse
3152 747 3315 810 atque
3366 740 3504 794 idem
3540 756 3697 810 pror-

444 832 540 873 sus
569 833 691 873 cum
720 818 871 874 Deo:
907 821 1037 876 illud
1068 837 1261 892 nempe
1340 822 1572 877 Verbum
1659 825 2005 879 inoarnatum
2036 865 2053 891 ,
2106 838 2289 884 natum
2345 832 2410 885 de
2451 832 2670 901 Virgine
2704 850 2717 885 :
2762 833 2934 899 ipsum
3001 847 3120 886 esse
3181 832 3345 886 Deum
3387 840 3693 891 asseverat.

444 908 597 977 Quod
643 910 772 967 olim
825 913 1113 984 aliquando
1144 932 1175 971 a
1207 917 1444 973 Sabellio
1477 919 1769 989 prolatum,
1796 921 1862 975 ab
1893 920 2133 977 Ecclesia
2176 924 2281 981 fuit
2325 925 2578 996 reiectum
2608 969 2623 995 ,
2669 928 2944 998 ipsiusque
2990 940 3179 983 auctor
3257 944 3376 984 cum
3421 929 3695 987 haereticis

446 1002 626 1075 impiis
690 1020 1101 1066 annumeratus.

1098 1106 1249 1165 CAP.
1284 1107 1345 1163 11.

445 1188 601 1264 Quod
626 1210 716 1265 per
746 1192 943 1249 Christi
968 1199 1196 1265 gratiam
1225 1200 1416 1253 collata
1444 1211 1518 1253 est
1562 1200 1809 1257 Ecclesia!
1844 1205 2016 1261 excel-

619 1264 728 1318 lens
751 1264 994 1333 quadam
1018 1272 1247 1339 cognitio
1284 1271 1347 1325 de
1391 1269 1550 1326 Patre
1572 1285 1618 1326 et
1655 1271 1820 1328 Filio.

517 1421 769 1479 Omnium
827 1428 1099 1496 principes
1144 1427 1452 1486 Judaeorum
1484 1431 1653 1497 natio,
1690 1433 1788 1489 Dei
1846 1435 2011 1493 unius

445 1512 808 1582 cognitionem
841 1526 899 1573 et
951 1518 1351 1577 confessionem
1405 1534 1785 1594 susceperunt,
1817 1537 2011 1583 contra

445 1614 663 1658 errores
695 1606 986 1675 gentilitios
1022 1608 1088 1663 de
1129 1609 1354 1664 deorum
1396 1611 1765 1673 multitudine.
1795 1614 1863 1667 At
1888 1628 2014 1683 ειη-ς

446 1690 518 1744 tia
545 1690 637 1747 illa
691 1694 946 1751 salutaris
1005 1698 1259 1754 Ecclesia:
1315 1700 1783 1768 communicavit,
1845 1705 2009 1758 veluti

444 1786 736 1853 quamdam
795 1790 1150 1847 excellentem
1221 1795 1682 1865 praerogativam,
1757 1801 2009 1855 eumdem

447 1873 635 1939 Deum,
667 1876 879 1934 Patrem
905 1880 1027 1936 Filii
1053 1882 1338 1955 unigeniti,
1370 1886 1635 1954 profiteri.
1670 1888 1868 1944 Filium
1915 1908 2016 1947 au-

443 1970 551 2017 tem
580 1964 731 2020 illum
770 1971 946 2025 solum
987 1976 1234 2044 agnoscit
1259 1975 1440 2033 Jesum
1470 1980 1768 2047 Christum,
1792 1991 2016 2053 praeter-

440 2067 507 2109 ea
541 2058 766 2114 nullum.
805 2061 915 2117 Nec
959 2063 1105 2118 illum
1128 2068 1425 2124 secundum
1462 2072 1666 2141 carnis,
1703 2090 1865 2143 quam
1898 2092 2015 2132 sus-.

441 2148 605 2216 cepit,
646 2154 1049 2219 generationem
1092 2155 1253 2226 (hanc
1287 2160 1488 2216 etenim
1521 2172 1577 2217 et
1604 2166 1739 2219 servi
1761 2166 2010 2236 formam,

440 2248 497 2295 et
531 2240 701 2311 ﬁlium
730 2246 955 2302 hominis
981 2265 1198 2316 vocare,
1222 2252 1409 2308 edocta
1434 2251 1575 2324 fuit),
1599 2257 1692 2311 sed
1715 2259 2012 2315 secundum

442 2329 590 2386 illam
641 2334 1000 2405 divinitatem,
1055 2358 1215 2411 quam
1250 2357 1279 2395 a
1328 2343 1488 2399 Patre
1546 2356 1600 2401 et
1652 2347 1761 2404 Deo
1822 2352 2011 2406 eodem

440 2423 633 2480 habuit
679 2437 805 2483 ante
840 2434 1021 2487 omnia
1071 2434 1290 2502 sarcula,
1328 2438 1595 2495 universis
1648 2443 2006 2512 incognitam.

442 2516 752 2574 Secundum
777 2538 939 2592 quam
967 2529 1398 2596 generationem,
1432 2542 1675 2600 paternae
1710 2534 2011 2591 divinitatis

441 2608 855 2682 plenitudinem,
888 2625 942 2672 et
986 2618 1157 2687 ipsum
1204 2621 1426 2687 Filium,
1466 2623 1630 2678 Deum
1679 2626 2007 2689 constituit,

439 2714 548 2755 non
579 2718 607 2754 a
637 2703 819 2774 seipso
848 2723 1155 2776 possessam
1187 2712 1271 2768 vel
1301 2729 1329 2767 a
1376 2714 1535 2770 Patre
1582 2728 1910 2787 separatam,
1945 2725 2011 2783 ἧς

440 2791 534 2847 sed
568 2809 667 2850 nec
693 2796 808 2852 sine
835 2800 1102 2871 principio
1130 2803 1277 2858 illam
1325 2815 1379 2861 et
1427 2807 1799 2876 ingeneralam
1835 2812 2009 2867 deita-

438 2890 571 2949 tem,
616 2886 811 2942 nedum
863 2889 1082 2947 aliunde
1114 2894 1411 2950 derivatam
1444 2900 1827 2970 peregrinam,
1877 2902 2009 2959 hos-

438 2974 629 3043 pilam,
668 2988 722 3033 et
758 2997 785 3034 a
813 2982 974 3039 Patre
1000 2985 1253 3050 alienam,
1294 2990 1393 3043 sed
1420 2989 1493 3044 de
1515 3001 1738 3059 paterna
1776 2996 2008 3061 partici-

437 3065 677 3134 patione,
710 3069 873 3125 veluti
904 3073 969 3127 de
992 3074 1107 3145 jugi
1148 3086 1309 3145 puteo
1345 3078 1397 3131 in
1435 3080 1608 3147 ipsum
1651 3080 1842 3148 elluso,
1884 3102 2010 3155 prow

2762 1072 2934 1167 ‘KEQ.
2965 1114 3039 1167 Β’.

2120 1204 2247 1279 Ὅτι
2296 1203 2371 1273 τῇ
2413 1206 2741 1279 Ἐκκλησίᾳ
2788 1207 2898 1279 τοῦ.
2938 1206 3084 1279 Θεοῦ
3120 1208 3157 1275 ἡ
3212 1209 3469 1279 Χριστοῦ
3523 1208 3698 1279 χάρις

2188 1275 2303 1348 τῂν
2344 1276 2477 1348 περὶ
2528 1277 2759 1345 Πατρός
2809 1277 2905 1329 καὶ
2938 1276 3071 1332 me
3123 1277 3347 1346 γνῶσιν
3386 1275 3698 1348 ἐξαίρεὲοὶο

2186 1346 2551 1415 ἐδωρήσατο.

2189 1438 2263 1492 Τὸ
2303 1438 2402 1509 μὲν
2428 1438 2535 1511 γὰρ
2562 1438 2693 1493 Θεὸν
2713 1439 2993 1509 ὁμολογεῖν
3010 1440 3104 1493 ἕνα
3137 1440 3273 1512 πρὸς
3290 1441 3698 1513 ἁντιδιαστολὴν

2116 1529 2217 1600 τῆς
2243 1529 2508 1600 Ἑλλήνων
2537 1529 2795 1583 πολυθέου
2826 1530 3034 1602 πλάνης
3063 1533 3268 1604 πρῶτοι
3297 1533 3699 1607 παρειλήφασιν

2132 1620 2397 1679 Ἰουδαίων
2431 1622 2639 1684 παῖδες·
2668 1621 2727 1675 τὸ
2763 1621 2819 1675 δέ
2872 1622 2967 1676 καὶ
3011 1624 3231 1697 Πατέρα
3258 1625 3349 1678 τὸν
3378 1627 3538 1679 αὐτὸν
3562 1627 3696 1680 Υίοῦ

2122 1711 2446 1781 μονογενοῦς
2476 1710 2761 1783 γνωρίζειν
2786 1713 3065 1785 ἐξαίρετον
3098 1716 3266 1787 γέρας
3293 1718 3325 1786 ἡ
3352 1717 3508 1787 χάρις
3530 1719 3562 1788 ή
3592 1735 3699 1770 σω-

2116 1805 2302 1875 τήριος
2323 1808 2389 1875 τῇ
2437 1805 2731 1877 Ἐκκλησία
2763 1805 3076 1877 δεδώρηται·
3112 1808 3236 1861 Υίὸν
3263 1808 3319 1861 δὲ
3348 1809 3459 1877 (16)
3490 1809 3698 1880 Ἰησοῦν

2118 1894 2351 1965 Χριστὸν
2390 1893 2548 1963 μόνον
2594 1890 2701 1946 οἶδε
2736 1894 2831 1948 καὶ
2864 1894 3053 1949 οὐδένα
3085 1894 3289 1967 ἕτερον·
3319 1896 3378 1948 ού
3409 1896 3550 1949 κατὰ
3596 1895 3698 1966 τὴν

2114 1984 2213 2054 τῆς
2243 1983 2462 2055 σαρκὸς,
2498 1983 2563 2055 ἢν
2591 1984 2868 2054 ἀνείληφε,
2902 1984 3137 2051 γένεσιν,
3166 1984 3390 2057 (ταύτην
3420 1986 3529 2056 γὰρ
3556 1985 3698 2039 δού-

2114 2080 2227 2133 λου
2241 2077 2505 2147 μορφὴν,
2527 2077 2625 2135 καὶ
2646 2076 2788 2135 Υὶὸν
2806 2078 3121 2146 ἀνθρώπου
3141 2078 3325 2133 καλεῖν
3348 2079 3698 2145 δεδίδακται·)

2115 2170 2254 2223 κατὰ
2285 2169 2341 2222 δὲ
2376 2169 2472 2240 τὴν
2502 2166 2563 2232 ἐξ
2597 2168 2762 2225 αὑτοῦ
2787 2168 2883 2222 τοῦ
2919 2169 3053 2223 Θεοῦ
3086 2172 3181 2224 καὶ
3200 2170 3408 2241 Πατρὸς
3438 2171 3543 2242 πρὸ
3564 2172 3700 2223 πάν⁸

2113 2280 2220 2315 των
2246 2260 2473 2316 αἰώνων·
2510 2262 2793 2330 ἄγνωστον
2818 2264 2929 2325 τοῖς
2950 2264 3083 2315 πᾶσι
3105 2263 3226 2316 καθ’
3253 2265 3318 2333 ἣν
3342 2262 3404 2316 τὸ
3424 2264 3700 2334 πλήρωμα

2112 2354 2210 2423 τῆς
2266 2353 2540 2425 πατρικῆς
2568 2353 2844 2424 θεότητος,
2876 2355 2970 2407 καὶ
3010 2355 3173 2407 αὑτὸν
3214 2354 3361 2421 Υίὸν,
3404 2355 3537 2409 Θεὸν
3567 2356 3700 2408 ὑπε-

2115 2448 2369 2516 στήσατο,
2411 2446 2511 2498 οὐκ
2544 2446 2862 2516 ίδιόκτητον,
2899 2446 3107 2500 καὶτοῦ
3139 2446 3349 2518 Πατρὸς
3381 2447 3700 2517 ἀφωρισμέ-

2112 2553 2228 2604 νην,
2262 2537 2369 2588 οὐδ’
2404 2536 2638 2608 ἄναρχόν
2669 2555 2791 2599 τινα
2838 2539 2932 2592 κα)⁸
2966 2539 3277 2609 ἀγέννητον,
3312 2538 3431 2592 οὐδὲ
3476 2537 3699 2593 ἄλλοθέν

2114 2630 2275 2683 ποθεν
2308 2630 2463 2700 ξένην
2496 2631 2595 2685 καὶ
2638 2631 2731 2685 τοῦ
2762 2632 2976 2703 Πατρὸς
3012 2631 3298 2702 ἀλλοτρίαν
3336 2630 3697 2700 ἐφελκόμενον

2113 2722 2360 2794 θεότητα,
2387 2723 2445 2790 ἐξ
2474 2725 2651 2794 αὐτῆς
2671 2724 2728 2777 δὲ
2753 2725 2851 2795 τῆς
2890 2724 3177 2795 πατρικῆς
3203 2723 3490 2794 μετουσίας
3505 2722 3697 2793 ὥσπερ

2112 2816 2220 2870 ἀπὸ
2271 2818 2476 2889 πηγῆς,
2525 2819 2612 2871 ἐπ’
2666 2818 2827 2872 αὐτὸν
2877 2818 3247 2889 προχεομένης
3296 2816 3694 2889 πληρούμενον.

2110 2910 2272 2981 Μόνῳ
2296 2910 2404 2981 γὰρ
2422 2913 2479 2964 ἐν
2502 2909 2652 2982 αὐτῷ
2671 2913 2780 2966 πᾶν
2807 2912 2873 2966 τὸ
2903 2910 3192 2978 πλήρωμα
3222 2910 3335 2979 (l7)
3357 2909 3466 2979 τῆς
3490 2924 3694 2978 πατρι-

2110 3001 2225 3069 κῆς
2269 3004 2499 3057 ἐνοικεῖν
2554 3004 2849 3072 θεότητος,
2904 3005 2932 3056 ὁ
2989 3002 3162 3073 μέγας
3214 3002 3529 3055 ἐπαίδευσεν
3580 3001 3693 3072 (l8)

2121 3094 2459 3160 Ἀπόστολος.
2506 3097 2597 3150 Διὸ
2635 3098 2699 3168 δὴ
2732 3092 2812 3162 εἷς
2844 3098 2978 3162 Θεὸς
3009 3102 3075 3170 τῇ
3119 3098 3413 3168 Ἐκκλησία
3436 3096 3528 3149 τοῦ
3558 3094 3694 3147 Θεοῦ

437 3168 689 3261 pagatam
734 3176 860 3217 cum
915 3166 1267 3233 plenitudine.
1322 3170 1603 3239 Siquidem
1648 3175 1701 3228 iu
1756 3177 1844 3231 illo
1885 3181 2005 3237 solo

2123 3185 2456 3255 ιηρύττεταιο
2476 3188 2572 3241 καὶ
2602 3166 2702 3241 οὐκ
2735 3188 2881 3241 ἐστιν
2902 3166 3091 3261 ἕτερος
3129 3189 3268 3260 πλὴν
3294 3166 3480 3241 αὑτοῦ·
3517 3180 3599 3249 εἷς
3636 3184 3696 3237 δέ

438 3244 690 3304 habitare
736 3252 1111 3318 plenitudinem
1160 3269 1396 3326 paterna:
1450 3262 1664 3319 deitatis
1696 3264 1741 3295 “
1781 3282 2008 3336 magnus

2123 3244 2213 3331 Kal.
2268 3279 2563 3351 μονογενὴς
2588 3279 2683 3332 τοῦ
2716 3281 2851 3333 Θεοῦ
2886 3244 3033 3345 Υἱὸς,
3086 3244 3263 3335 είκὼῦ.
3294 3280 3391 3351 τῆς
3422 3280 3697 3348 πατρικῆς

437 3338 656 3396 edocuit
705 3344 1016 3412 Apostolus.
1082 3347 1236 3405 Hanc
1278 3351 1349 3406 ob
1402 3369 1623 3407 causam
1673 3354 1728 3409 in
1765 3356 2008 3415 Ecclesia

2120 3367 2393 3440 θεότητος,
2418 3372 2512 3424 καὶ
2543 3370 2631 3423 διὰ
2658 3370 2815 3424 τοῦτο
2841 3371 2994 3436 Θεός.

438 3446 581 3487 unus
607 3433 754 3491 solus
787 3436 930 3492 Deus
956 3441 1312 3496 annuntiatur
1338 3461 1351 3497 :
1380 3458 1555 3514 neque
1571 3443 1710 3499 alius
1734 3449 2004 3518 quispiam
2045 3468 2244 3525 praeter
2267 3433 2278 3440 ’
2305 3433 2428 3515 eum
2464 3481 2478 3518 :
2537 3476 2677 3519 tutus
2748 3433 2966 3518 itidem—
2993 3463 3084 3519 Dei
3133 3462 3302 3518 Filius
3360 3464 3695 3533 unigenitus,

438 3524 618 3599 imago
664 3540 904 3599 paterna:
958 3531 1197 3603 deitatis,
1258 3546 1421 3607 atque
1474 3538 1547 3595 ita
1597 3540 1739 3597 Deus
1773 3543 1843 3599 ob
1886 3545 1989 3602 hoc
2025 3549 2224 3621 ipsum.

1068 3630 1221 3686 CAP.
1267 3630 1352 3687 Ill.

442 3718 597 3784 Quod
632 3722 1094 3797 variiserroribus
1145 3726 1390 3795 impliciti
1421 3731 1733 3797 erraverint,
1770 3733 1834 3787 de
1868 3731 2022 3791 Filio.

776 3793 985 3849 diversa
1013 3793 1293 3852 sentientes
1326 3800 1389 3851 ab
1419 3797 1677 3855 Ecclesia.

512 3880 680 3949 Quam
711 3883 928 3954 quidem
957 3885 1241 3959 theologiae
1278 3891 1547 3948 rationem
1571 3892 1817 3965 plerique
1846 3896 2007 3952 intel-

2773 3656 2933 3709 ΚΕΦ.
2966 3657 3040 3709 Γί

2120 3740 2247 3793 Ὅτι
2278 3742 2563 3809 ποικίλως
2607 3743 3081 3868 ὲσῖάλησανηοὶ
3121 3744 3451 3812 ἑτερόδοξοι
3503 3744 3573 3797 ἐν
3616 3741 3711 3808 τῷ»

2571 3827 2682 3868 περ
2738 3832 2845 3868 του
2880 3818 3014 3868 Υἱου
3051 3816 3231 3868 λόγω.

2571 3816 2705 3883 περὶ
2738 3816 2845 3869 τοῦ
2880 3816 3014 3869 Υἱοῦ
3051 3816 3231 3885 λόγῳ.

2190 3906 2293 3958 Ἢν
2317 3907 2382 3977 δὴ
2432 3905 2709 3976 θεολογίαν
2763 3909 2812 3961 οἱ
2838 3909 3024 3961 πολλοὶ
3054 3910 3196 3960 νοεῖν
3230 3908 3292 3961 οὐ
3326 3909 3693 3981 χωρήσαντες.

438 3970 608 4041 Iigere
643 3990 749 4030 non
780 3976 1046 4044 valentes,
1086 3979 1265 4036 varios
1320 3982 1423 4038 sibi
1455 3999 1703 4039 errorum
1767 3989 2008 4045 tramites

2123 3970 2679 4071 ποικίλαςὰτραποὺς
2712 4002 3015 4073 ἐπενόησαν
3066 4000 3293 4071 πλάνης·
3327 3970 3528 4070 ὀἱμὲν
3562 3970 3695 4053 Θεὸν

437 4066 871 4144 adinvenerunt._
894 4070 1035 4126 Sunt
1064 4072 1155 4143 qui
1188 4072 1385 4129 Filium
1444 4076 1609 4132 Deum
1659 4094 1779 4134 esse
1814 4096 2014 4136 concc-

437 4156 628 4212 dentes
652 4158 924 4216 hominem
954 4163 1184 4233 ejerant,
1214 4180 1372 4235 quem
1404 4169 1716 4239 assumpsit.
1752 4170 1855 4225 Alii
1889 4188 2013 4241 pro-

438 4249 565 4306 fessi
609 4266 731 4306 eum
758 4253 1032 4309 hominem
1084 4258 1309 4324 nudum,
1363 4259 1528 4314 Deum
1558 4261 1611 4315 in
1643 4261 1763 4332 ipso
1795 4264 2016 4335 ignora-

2110 4091 2292 4154 δόντες
2310 4092 2402 4145 τὸν
2430 4093 2578 4156 Υίὸν,
2619 4093 2709 4147 τὸν
2737 4093 2780 4147 δ’
2812 4093 3116 4163 ἄνθρωπον,
3161 4092 3221 4144 ὃν
3248 4093 3556 4164 ἀνείληφεν,
3592 4094 3664 4163 ἀρ

2112 4186 2431 4256 νησάμενοι·
2460 4189 2507 4239 oi
2544 4186 2599 4239 δὲ
2631 4185 2786 4255 ψιλὸν
2824 4186 3109 4257 ἄνθρωπον
3145 4186 3486 4255 ὑποθέμενοι,
3520 4185 3612 4237 τὸν
3647 4184 3699 4236 δ”

2115 4279 2171 4330 ἐν
2218 4278 2366 4349 αύτῷ
2394 4278 2526 4331 Θεὸν.
2573 4280 2958 4351 ἀγνοήσαντες·
2995 4278 3144 4341 οίιδὲ,
3190 4278 3339 4349 φόϐῳ
3368 4278 3462 4331 τοῦ
3516 4278 3694 4331 δοκεῖν

436 4352 584 4399 runt.
619 4341 812 4411 Tertii,
839 4358 982 4402 metu
1010 4347 1102 4403 Dei
1122 4348 1347 4405 alterius
1370 4351 1773 4420 introducendi,
1797 4355 2008 4412 Patrem

2123 4368 2362 4441 δεύτερον
2414 4370 2748 4441 εἰσηγεῖσθαι
2781 4371 2932 4434 Θεὸν,
2964 4369 3055 4424 τὸν
3103 4370 3265 4423 αὑτὸν
3298 4366 3432 4423 εἶναι
3473 4371 3695 4440 Πατέρα

435 4445 597 4506 atque
614 4435 804 4491 Filiqu
824 4455 991 4494 unum
1009 4456 1128 4496 esse
1145 4444 1504 4513 eumdcmque
1532 4444 1847 4513 opinantur.
1864 4447 2009 4515 Quas

436 4529 556 4583 vias
584 4529 712 4584 dum
743 4530 985 4586 declinat
1018 4531 1258 4592 Ecclesia
1293 4534 1409 4599 Dei,
1441 4537 1767 4606 evangelica:
1799 4554 2006 4608 praeco—

436 4620 530 4675 nio
557 4622 804 4679 veritatis
831 4624 1117 4694 gloriatur.
1168 4625 1345 4682 Unum
1388 4627 1606 4697 quidem
1639 4629 1806 4685 Deum
1842 4633 2007 4702 profl-

434 4714 534 4768 teri
563 4729 642 4779 se,
674 4730 834 4784 supra
867 4731 1058 4773 omnes
1094 4719 1420 4787 venditans;
1451 4737 1618 4776 unum
1674 4737 1888 4794 quoque
1915 4725 2004 4779 Fi-

434 4806 565 4861 lium
601 4806 934 4878 unigenitum
982 4806 1137 4879 eius,
1178 4812 1348 4867 Deum
1380 4813 1445 4869 de
1501 4814 1608 4869 Deo
1633 4813 1817 4871 Jesum
1842 4816 2004 4872 Chri-

430 4909 574 4957 stum
605 4916 906 4972 agnoscens
936 4921 951 4970 ;
978 4905 1229 4961 eumdem
1254 4907 1429 4976 ipsum
1464 4906 1708 4979 professa
1748 4908 2005 4965 Servato-

431 5009 546 5050 rem
580 5004 634 5050 et
678 4994 876 5051 Filium
928 4998 1187 5054 hominis.
1219 4998 1320 5066 Qui
1380 5016 1504 5056 cum
1568 5003 1803 5059 nondum
1841 5005 2003 5061 homo

431 5085 611 5143 factus
636 5088 837 5153 fuerat,
875 5089 1046 5147 Filius
1080 5090 1172 5146 Dei
1201 5102 1380 5148 tamen
1426 5095 1742 5151 exsistebat.
1775 5094 2000 5162 Factus,

429 5180 574 5249 quod
602 5196 710 5236 non
733 5182 885 5250 prius
913 5183 1113 5250 luerat,
1141 5172 1657 5256 obinexplicabilem
1682 5188 1999 5246 misericor-

430 5272 532 5327 diae
560 5282 799 5343 paterna:
825 5276 1343 5332 transcendentiam.

505 5440 564 5498 rI<
590 5434 687 5491 Ed.
716 5436 889 5493 Paris.
917 5453 1038 5510 pag.
1066 5439 1153 5497 63.
1229 5440 1275 5472 ”
1305 5440 1511 5497 Coloss.
1542 5456 1602 5508 tt,
1642 5443 1694 5498 9.

500 5590 612 5671 (lli)
635 5590 693 5671 In
740 5596 865 5671 line,
915 5598 1126 5671 legend.
1174 5601 1604 5671 ἐγκαταλέξασα.
1646 5603 1718 5661 Μ.
1758 5634 1830 5646 -
1876 5604 1997 5660 Mox

427 5661 771 5743 νυξδρζκᾴεις
798 5661 1242 5743 summa.

498 5732 790 5803 natm,»
820 5732 906 5793 δέ.
933 5740 1022 5794 Sic
1051 5732 1361 5809 legendum,
1382 5760 1508 5808 non,
1547 5755 1606 5799 ut
1638 5745 1765 5800 alihi
1797 5746 1890 5799 νῦν
1918 5746 1993 5798 δέ.

426 5802 832 5890 l.l|utn'tielnpe,
868 5810 1037 5890 cujus
1070 5802 1439 5883 cognitiugut
1498 5802 1667 5890 γέρας
1725 5816 1997 5889 ἐξαίρετον

429 5874 653 5934 dabatur
682 5874 954 5934 Ecclesizc.
990 5879 1059 5937 Μ.

2116 4465 2208 4515 καὶ
2251 4464 2377 4517 Υίὸν
2419 4464 2755 4535 ὁρισάμενοι,
2803 4462 2899 4527 οὓς
2932 4464 3267 4533 ἐκτραπεῖσα
3306 4466 3339 4533 ή
3400 4462 3693 4533 Ἐκκλησία

2115 4551 2208 4609 τοῦ
2242 4552 2376 4606 Θεοῦ
2409 4552 2488 4624 τῷ
2540 4554 2636 4624 τῆς
2671 4552 2931 4624 ἀληθείας
2987 4551 3327 4625 εὐαγγελικῷ
3376 4552 3691 4624 κηρύγματι

2116 4642 2456 4714 σεμνύνεται,
2490 4642 2586 4697 ἕνα
2631 4644 2726 4715 μὲν
2753 4643 2840 4697 τὸν
2872 4643 2965 4696 ἐπὶ
2995 4643 3210 4698 πάντων
3238 4642 3370 4695 Θεὸν
3401 4643 3543 4712 ἔχειν
3590 4643 3689 4696 αύ-

2112 4737 2301 4808 χοῦσα·
2326 4738 2422 4791 ἕνα
2449 4738 2505 4790 δὲ
2548 4738 2641 4790 καὶ
2686 4738 2810 4790 Υίὸν
2848 4738 3132 4807 μονογενῆ,
3166 4736 3295 4789 Θεὸν
3321 4737 3385 4788 ἐκ
3410 4735 3546 4787 Θεοῦ
3588 4736 3692 4805 ’1η-

2115 4829 2241 4883 σοῦν
2270 4830 2504 4901 Χριστὸν
2535 4830 2970 4903 ἐπιγραφομένῃ,
3001 4831 3229 4900 Σωτῆρα
3259 4828 3351 4881 τὸν
3382 4827 3543 4881 αὐτὸν
3593 4830 3690 4881 καὶ

2113 4922 2238 4975 Υίὸν
2262 4922 2548 4995 ἀνθρώπου
2576 4924 2877 4994 γινόμενον,
2896 4920 3254 4993 ὁμολογοῦσα·
3278 4921 3405 4974 ὄντα
3433 4920 3531 4991 μὲν
3554 4920 3687 4973 Υίὸν

2109 5014 2266 5081 Θεοῦ,
2318 5016 2447 5087 πρὶν
2477 5016 2509 5087 ἢ
2552 5016 2644 5069 καὶ
2679 5014 2969 5087 ἀνθρώπου
2997 5015 3270 5084 γενέσθαι·
3304 5017 3395 5069 καὶ
3425 5004 3599 5069 τοῦτο’
3626 5015 3687 5068 δέ

2107 5106 2417 5177 γενόμενον,
2456 5108 2591 5178 ὅπερ
2625 5108 2726 5160 οὐκ
2757 5102 2847 5178 ἦν,
2897 5108 2964 5162 δι’
3005 5109 3206 5178 ἄφατον
3251 5108 3552 5180 ὑζπερϐολῆν
3586 5108 3684 5177 τῆς

2107 5196 2201 5258 τοῦ
2242 5198 2454 5269 Πατρὸς
2486 5197 2674 5268 φιλανθ
2686 5199 2913 5275 ρωπίας.

2176 5607 2287 5677 (Π)
2340 5605 2408 5660 Τὸ
2439 5604 2745 5677 πλήρωμα.
2788 5604 2939 5659 Illum
2974 5604 3066 5677 qui
3101 5603 3549 5677 erat‘n‘nﬁpwtta,
3592 5612 3683 5659 aut

2107 5673 2473 5750 ἔχονταηνυει
2494 5673 2766 5750 θεότητος,
2787 5680 2877 5746 qui
2909 5675 3163 5750 habebat
3178 5673 3466 5750 πλήρωμαῘ

2179 5748 2289 5815 (l8)
2330 5744 2741 5800 Ἐπαίδευάεν.
2774 5744 3085 5814 Apostolus.
3125 5744 3333 5799 Coluss.
3369 5760 3406 5809 ι,
3447 5746 3532 5805 19.
3594 5744 3681 5797 ἀοι

2106 5829 2212 5882 cet,
2238 5820 2347 5869 πᾶν
2375 5817 2436 5867 τὸ
2470 5818 2740 5889 πλήρωμα
2795 5819 2846 5870 ἰη
2875 5818 2974 5895 illo
3010 5816 3365 5895 κατοικῆσαι..
3420 5826 3476 5868 et
3536 5815 3675 5895 quod

2108 5891 2194 5945 hic
2221 5888 2510 5951 indicatur.
2543 5887 2747 5946 Coloss.
2784 5906 2841 5957 ιι,
2871 5890 2927 5955 9,
2982 5890 3088 5941 πᾶν
3124 5887 3182 5940 τὸ
3249 5887 3519 5955 πλήρωμα
3584 5887 3676 5953 τῆς
