3970 6516
285 450 390 507 8'53

942 565 1095 623 ΚΕΦ.
1127 574 1197 627 Δ’.

282 657 415 739 ὀτι
455 664 651 739 μαξην
673 659 1063 739 λζριστιακοὺς
1095 662 1669 739 ξαρτοίνςῗλέγουσιν,
1702 668 1851 739 οἱμὴ

350 726 677 795 ὑφιστὰνιιι
708 728 813 781 τὸν
857 731 992 782 Υἱὸν
1023 726 1128 784 τοῦ
1156 734 1303 787 Θεοῦ
1321 726 1781 804 ⁷ὁριοαογοῦνλτεςῖ

362 815 422 869 '0
459 817 559 886 μὲν
580 817 643 888 δὴ
669 820 766 889 τῆς
794 820 1049 889 ἀληθείας
1077 820 1232 889 λόγος
1264 823 1416 876 ταῦτ’
1453 827 1518 877 ὲκ
1562 826 1852 895 προσώπου

281 907 853 978 βοᾷτῆςἘκκλησίαςο
877 913 926 964 οἱ
954 911 1007 963 δὲ
1026 912 1117 964 τὸν
1133 912 1259 965 Υίὸν
1289 913 1383 966 τοῦ
1420 914 1554 968 Θεοῦ
1583 916 1855 988 ἀρνούμε-

280 1015 382 1062 νοι,
410 999 507 1050 ἕνα
548 998 602 1050 δὲ
634 999 764 1052 Θεὸν
785 995 918 1052 εἶναι
963 1002 1279 1070 φάσκοντες,
1323 1004 1414 1057 καὶ
1459 1005 1609 1058 οὐδὲν
1646 1007 1850 1078 ἕτερον,

276 1090 331 1142 τί
364 1090 461 1143 καὶ
485 1091 871 1162 παρενοχλοῦσι
913 1094 1089 1165 μάτην
1112 1099 1178 1166 τῇ
1218 1096 1532 1169 Ἐκκλησία,
1558 1102 1679 1162 ταῖς
1726 1098 1852 1153 Ἰου-

276 1181 445 1234 δαίων
471 1182 814 1253 προσομιλεῖν
844 1191 1185 1256 συναγωγαῖς
1214 1187 1364 1257 δέον;
1396 1190 1460 1241 Τί
1490 1190 1545 1243 δὲ
1576 1190 1670 1244 καὶ
1692 1191 1851 1262 βλασ-

279 1276 487 1344 φήμοις
544 1276 684 1343 σφᾶς
732 1276 930 1340 αὑτοὺς
966 1279 1346 1353 περιπείρουσι
1378 1280 1574 1350 λόγοις,
1614 1283 1704 1335 τὸν
1757 1285 1851 1337 ἕνα

277 1366 413 1418 Θεὸν
441 1367 899 1434 συκοφαντοῦντες
936 1368 1045 1438 (19)
1090 1370 1293 1434 διτταῖς
1336 1373 1677 1443 ὲπηγορίαις,
1710 1377 1757 1428 εί
1785 1376 1849 1447 δὴ

272 1457 372 1510 τὸν
394 1457 558 1511 αὑτὸν
576 1458 795 1527 Πατέρα
826 1458 1023 1514 καὶτὸν
1039 1462 1198 1515 αὑτὸν
1216 1462 1339 1515 Υίόν
1357 1463 1725 1531 ὑποτίθενται;
1743 1460 1850 1520 Kal

272 1547 423 1610 τίνος
460 1548 569 1619 γάρ
594 1550 708 1600 ἐστι
731 1550 909 1621 πατὴρ
937 1550 1159 1622 μηδενὸς
1185 1553 1489 1621 ὑφεστῶτος
1521 1554 1638 1609 υἱοῦ
1660 1573 1674 1621 ;
1696 1556 1851 1621 Τίνος

272 1639 335 1692 δὲ
362 1639 477 1701 υίὸς
498 1639 670 1701 ἐσται,
707 1641 780 1712 μὴ
823 1644 1265 1715 προϋπάρχοντος
1297 1644 1390 1698 τοῦ
1433 1650 1847 1722 γεγεννηκότος;

272 1727 374 1793 Εἷς
395 1730 453 1782 δὲ
479 1730 575 1794 ὢν,
606 1732 820 1795 πάντως
845 1750 946 1786 που
985 1733 1147 1797 αὐτὸς
1178 1735 1327 1789 ἔσται
1361 1738 1389 1789 ὀ
1428 1740 1733 1811 σαρκωθεὶς
1756 1743 1851 1795 καὶ

272 1820 468 1875 παθὼν
527 1822 620 1876 καὶ
690 1824 781 1876 τὸν
839 1826 897 1878 ὲν
974 1824 1279 1897 ἀνθρώποις
1338 1828 1593 1895 διανύσας
1658 1831 1849 1887 θνητὸν

276 1912 414 1982 βίον.

1232 453 1320 508 ΠΕ
1358 448 1890 512 ΕΩΟΒΕδΙᾹΒΤΙΟᾹ
1931 457 2321 535 τηεοιιοοιΑ
2361 460 2487 516 LIB.
2522 458 2562 516 l.

1881 594 1929 651 A

3411 461 3516 518 835

2599 582 2751 639 CAP.
2777 582 2864 639 IV.

1961 673 2113 738 Quod
2139 673 2420 747 {rustra‘se
2448 677 2777 747 denominent
2812 674 3164 743 Christianos,
3193 677 3285 747 qui
3312 674 3515 731 Filium

2323 743 2421 798 Dei
2448 760 2551 798 non
2573 746 2804 815 fatentur
2836 748 3143 803 substitisse.

2022 839 2199 909 Atque
2220 839 2319 895 ista
2346 841 2566 911 quidem
2600 843 2845 897 veritatis
2874 842 3051 895 oratio
3085 849 3169 895 est
3200 855 3297 909 per
3329 840 3516 895 Eccle-

1953 924 2048 980 siae
2069 929 2399 996 praeconium
2443 929 2794 999 proclamata.
2844 929 2922 983 llli
2983 944 3145 1000 porro
3192 930 3282 999 qui
3315 928 3512 985 Filium

1956 1016 2050 1071 Dei
2090 1018 2425 1084 inﬂciantur,
2459 1036 2625 1075 unum
2654 1035 2785 1075 vero
2816 1021 2988 1076 solum
3021 1020 3186 1075 Deum
3210 1035 3328 1076 esse
3359 1021 3512 1076 dictio

1955 1116 2090 1173 tant,
2126 1125 2226 1165 nec
2252 1120 2445 1180 prrcter
2470 1111 2619 1165 illum
2658 1110 2802 1165 aliud
2836 1130 2848 1165 :
2882 1127 3138 1181 quorsum
3175 1127 3234 1166 se
3257 1111 3511 1167 molestos

1953 1197 2208 1256 Ecclesiae
2235 1202 2327 1256 Dei
2353 1203 2609 1258 exhibent
2630 1204 2876 1268 ulterius,
2902 1205 2992 1273 qui
3021 1205 3200 1273 potius
3217 1205 3515 1260 debuerant

1952 1291 2233 1360 aggregari
2263 1293 2328 1347 ad
2354 1307 2654 1364 synagogas
2670 1284 3015 1348 Judatorum?
3044 1300 3102 1357 ὥ
3132 1294 3395 1361 Quorsum
3426 1311 3513 1350 se-

1952 1392 2063 1437 met
2092 1394 2305 1452 quoque
2337 1383 2482 1453 ipsos
2512 1386 2691 1439 verbis
2725 1387 3097 1455 transadigunt
3138 1387 3517 1457 blaspheman-
3560 1452 3567 1461 .

1953 1473 2116 1536 tibus,
2147 1488 2311 1527 unum
2341 1475 2531 1537 Deum,
2555 1477 2900 1546 sycophantae
2931 1477 3072 1531 velut
3101 1476 3298 1539 solent,
3332 1478 3517 1532 convi-

1951 1565 2161 1623 ciantes
2190 1580 2287 1636 per
2324 1567 2431 1621 duo
2462 1569 2804 1637 cognomina,
2857 1571 2901 1624 si
2932 1570 3181 1625 eumdem
3216 1571 3390 1641 ipsum
3421 1571 3515 1626 Fi-

1949 1655 2104 1720 lium,
2130 1671 2289 1727 quem
2329 1668 2383 1712 et
2408 1656 2645 1725 Patrem,
2681 1676 2777 1729 per
2805 1660 2983 1714 omnia
3010 1676 3132 1716 esse
3156 1663 3510 1716 contendunt.

1950 1746 2113 1814 Cujus
2140 1750 2340 1803 etenim
2364 1759 2521 1819 pater
2543 1762 2688 1807 esset
2723 1752 2830 1817 ille,
2865 1753 2953 1821 qui
2986 1752 3157 1806 [ilium
3184 1768 3289 1808 non
3319 1755 3517 1808 habeat

1950 1839 2039 1906 qui
2069 1839 2368 1895 subsistat?
2400 1841 2568 1912 Cujus
2602 1860 2763 1914 porro
2788 1855 2844 1900 et
2882 1844 2973 1900 ille
3002 1846 3162 1908 ﬁlius,
3210 1845 3362 1911 cujus
3398 1846 3517 1898 nul-

1956 1928 2037 1984 lus
2074 1934 2479 2001 prmexstiterit,
2514 1936 2605 2005 qui
2637 1938 2823 2007 genuit
2855 1952 2977 1992 eum
3018 1937 3217 2007 pater?
3244 1934 3398 1993 Unus
3441 1937 3517 1991 si-

274 2011 505 2080 quidem
568 2026 691 2065 cum
755 2014 1001 2077 exsistat,
1035 2030 1133 2070 nec
1163 2016 1333 2083 aliud,
1376 2019 1597 2074 omnino
1633 2020 1751 2075 ﬁeri
1804 2036 1911 2078 non
1953 2034 2129 2093 potest
2163 2027 2339 2094 aliter,
2375 2031 2507 2099 quin
2554 2047 2693 2086 unus
2747 2032 3112 2104 idemque_sit
3158 2034 3513 2099 incarnatus,

274 2119 498 2177 passus,
529 2115 585 2161 et
632 2107 684 2161 in
716 2108 932 2164 homine
956 2125 1077 2175 suo,
1129 2113 1292 2166 vitam
1335 2113 1643 2185 transigens
1685 2118 1993 2175 mortalem.

963 2222 1118 2280 ΚΕΦ.
1153 2226 1230 2281 Ε⁸.

274 2315 480 2393 Ὅπως
526 2311 905 2393 ιῒιιξγοζεεζλοςΔ
930 2316 1039 2370 τὸν
1078 2318 1214 2393 Υὶρν
1248 2318 1355 2374 τοῦ
1396 2321 1543 2375 Θεοῦ
1586 2322 1843 2393 ἠρνεῖτο,

380 2384 498 2453 τὴν
517 2385 623 2439 τοῦ
649 2388 977 2441 Σαϐελλίου
994 2390 1340 2457 προαίρεσιν
1354 2384 1739 2463 μιμούμεῖεος.

358 2475 521 2528 Ἀλλά
572 2475 745 2529 ταῦτα
774 2476 1000 2544 λέγοντα
1036 2478 1321 2532 Σαϐέλλιον
1359 2482 1392 2551 ἡ
1434 2482 1726 2553 Ἐκκλησία
1752 2485 1844 2537 τοῦ

272 2564 410 2619 Θεοῦ
438 2564 515 2629 ὡς
540 2565 673 2621 ἄθεα
712 2565 805 2620 καὶ
829 2562 1058 2637 δυσσεὸἦ
1086 2567 1386 2639 τολμῶντα,
1416 2571 1628 2643 μακράν
1658 2572 1843 2642 ῆλασε.

274 2655 462 2711 Ταῦτα
504 2657 559 2711 δὲ
589 2658 905 2731 Μάρκελλος
944 2658 1294 2713 ἀνανεοῦσθαι
1329 2665 1605 2735 πειρᾶται,
1637 2680 1846 2735 προκα-

272 2749 518 2822 λὺμματι
562 2749 840 2822 χρώμενος
882 2752 941 2804 οὑ
1000 2752 1210 2822 πιθανῷ
1254 2752 1414 2824 λόγῳ.
1463 2754 1595 2808 Θεὸν
1624 2756 1731 2824 γὰρ
1753 2756 1848 2810 ἕνα

272 2840 451 2911 ὀρθῶς
476 2841 811 2913 ὁριζόμενος,
842 2842 1026 2895 τοῦτον
1054 2844 1213 2896 αὑτὸν
1245 2841 1415 2912 Λόγον
1450 2845 1591 2916 ἔχειν
1629 2848 1686 2900 ὲν
1720 2842 1846 2899 ἐαυ-

273 2933 355 3003 τῷ
376 2935 651 3003 ἡνωμένον
687 2935 779 2989 καὶ
814 2935 1154 3005 συνημμένον
1179 2935 1327 3006 αὐτῷ
1377 2955 1541 3009 φησιν
1562 2954 1576 2972 ο
1615 2940 1847 2994 κᾶπειτα

272 3024 369 3078 τοῦ
402 3026 517 3089 ἐνὸς
544 3025 678 3079 Θεοῦ
706 3026 767 3078 τὸ
799 3026 896 3096 μέν
926 3045 979 3081 τι
1006 3028 1225 3099 Πατέρα
1246 3029 1416 3093 καλεῖ,
1446 3031 1508 3083 τὸ
1531 3031 1585 3084 δὲ
1604 3031 1749 3086 Υίόνο
1773 3033 1848 3097 ὡς

271 3116 467 3187 διπλῆν
504 3133 623 3169 τινα
656 3117 749 3169 καὶ
781 3116 1030 3170 σύνθετον
1057 3119 1241 3173 οὑσίαν
1273 3123 1329 3173 ὲν
1361 3122 1533 3192 ἐαυτῷ
1555 3118 1688 3176 εἶναι
1709 3122 1842 3194 (5'20).

274 3212 388 3263 Kal.
415 3208 565 3282 πόσῳ
608 3208 795 3261 τούτου
844 3210 1106 3280 κρείττων
1158 3212 1214 3263 ὲν
1248 3212 1432 3265 κακῶν
1483 3213 1677 3285 ἐκλογῇ
1712 3214 1740 3266 ὁ
1771 3213 1847 3286 μὴ

272 3297 497 3370 διαιρῶν
549 3298 645 3368 μὲν
689 3298 788 3367 τὴν
816 3296 1047 3368 ἄναρχον
1082 3300 1174 3351 καὶ
1203 3300 1494 3371 ἀγέννητον
1529 3302 1622 3356 καὶ
1661 3303 1847 3375 θεῖκὴν

272 3387 521 3458 δύναμιν,
566 3386 655 3438 τὸν
689 3386 849 3439 αὑτὸν
896 3386 939 3439 δ’
998 3383 1134 3439 εἶναι
1188 3388 1460 3458 ὁμολογῶν
1526 3391 1716 3465 γυμνῷ
1769 3394 1847 3465 τῷ

272 3478 418 3547 λόγῳ
447 3477 579 3547 (21).
611 3477 768 3547 Πόσῳ
792 3476 847 3528 δὲ
867 3478 1138 3550 ἑκατέρων
1168 3478 1388 3548 βελτίων
1411 3482 1723 3548 ὁἸουδαῐος,
1756 3485 1846 3538 τὸν

2593 2219 2747 2277 CAP.
2794 2221 2858 2278 V.

1950 2304 2225 2371 Quomodo
2259 2309 2541 2367 Marcellus
2582 2311 2780 2368 Filium
2814 2314 2909 2369 Dei
2952 2315 3246 2384 abnegavit,
3277 2314 3500 2371 Sabellii
3598 2352 3617 2375 .;

2300 2392 2495 2436 sectam
2520 2394 2729 2438 secutus
2751 2396 2798 2439 et
2821 2387 3163 2455 propositum.

2020 2474 2306 2528 Enimvero
2347 2472 2640 2529 Sabellium
2672 2490 2794 2530 cum
2825 2478 2935 2531 haec
2955 2488 3221 2542 tueretur,
3253 2487 3510 2544 tanquam

1948 2563 2166 2617 atheum
2217 2563 2492 2617 hominem
2524 2573 2578 2617 et
2604 2563 2766 2635 impie
2804 2567 3083 2634 audacem,
3115 2568 3357 2623 Ecclesia
3394 2569 3511 2635 Dei,

1946 2655 2136 2722 procul
2166 2656 2497 2713 amandavit.
2519 2656 2643 2711 Haec
2664 2659 2851 2712 eadem
2887 2658 3173 2714 Marcellus
3203 2661 3516 2716 instaurare

1949 2745 2163 2800 demum
2205 2745 2427 2817 satagit,
2478 2755 2740 2814 praetextu
2773 2748 3003 2815 quodam
3056 2736 3207 2812 usus,
3263 2764 3515 2805 sermone

1949 2852 2055 2891 non
2087 2837 2373 2891 admodum
2402 2836 2688 2907 probabili.
2726 2837 2897 2892 Unum
2933 2839 3077 2892 enim
3130 2838 3297 2892 Deum
3365 2851 3515 2895 recte

1948 2928 2223 2997 professus
2254 2931 2395 2984 hunc
2426 2931 2602 3001 ipsum
2648 2931 2837 2995 Deum,
2867 2930 3204 2986 continuisse
3236 2933 3286 2985 iu
3318 2945 3377 2986 se
3425 2931 3511 2985 aid

1951 3022 2129 3075 iirmat
2174 3021 2411 3076 Verbum
2436 3037 2592 3076 suum
2638 3021 2742 3076 sibi
2801 3021 3099 3089 adunitum,
3148 3022 3357 3092 sibique
3383 3037 3513 3078 con.

1949 3122 2176 3167 cretum.
2207 3114 2383 3181 Atque
2436 3114 2563 3167 hinc
2590 3128 2933 3183 progressus,
2982 3114 3125 3168 illius
3160 3115 3317 3169 unius
3349 3130 3512 3184 quem

1951 3204 2123 3259 tenuit
2154 3204 2273 3267 Dei,
2305 3204 2451 3257 aliud
2478 3204 2693 3259 Patrem
2734 3216 2925 3272 vocat,
2986 3207 3129 3259 aliud
3175 3206 3391 3273 Filium,
3446 3222 3513 3262 ac

1950 3297 1994 3350 si
2019 3296 2073 3350 in
2105 3311 2211 3350 uno
2232 3305 2288 3351 et
2318 3298 2506 3351 eodem
2554 3296 2693 3351 foret
2732 3297 2925 3367 duplex
2964 3300 3210 3367 quadam
3248 3300 3508 3366 essentia,

1950 3388 2137 3442 eadem
2166 3396 2221 3441 et
2246 3388 2568 3456 composita.
2606 3389 2670 3443 Et
2695 3398 2898 3456 quanto
2928 3390 3149 3459 quidem
3186 3392 3422 3455 rectius,
3478 3405 3511 3446 ο

1950 3479 2159 3533 duobus
2194 3478 2371 3544 malis,
2404 3480 2447 3534 is
2474 3480 2563 3548 qui
2591 3480 2850 3544 divinam,
2880 3481 3169 3549 ingenitam
3201 3492 3256 3537 et
3288 3482 3512 3551 imprin-

272 3570 372 3623 Eva
394 3569 526 3622 Θεὸν
558 3569 618 3621 οὐ
655 3568 876 3639 διαιρῶν
898 3572 977 3632 είς
1016 3570 1232 3640 Πατέρα
1270 3573 1363 3624 καὶ
1395 3572 1519 3625 Υίὸν
1543 3574 1843 3648 Μαρκέλλῳ

1954 3567 2201 3636 cipiatam
2226 3568 2481 3621 virtutem
2514 3582 2853 3637 nequaquam
2882 3571 3151 3634 dividens,
3195 3586 3361 3623 unum
3391 3585 3512 3626 esse

274 3660 690 3734 παραπλησίως,
706 3660 824 3714 οὑδὲ
844 3660 934 3714 τὸν
957 3660 1117 3714 αὑτὸν
1141 3661 1449 3735 Υἱοπάτορα
1478 3666 1615 3718 κατά
1641 3665 1731 3720 τὸν
1751 3669 1847 3721 Σα-

273 3755 483 3810 ϐέλλιον
511 3754 763 3822 εἰσάγων,
788 3754 921 3808 ἀλλὰ
953 3755 1123 3810 σέϐων
1152 3756 1249 3825 μὲν
1272 3756 1360 3809 τὸν
1380 3756 1531 3820 Θεὸν,
1568 3758 1846 3830 γνωρίζων

272 3847 456 3901 δὲκαὶ
505 3846 816 3917 προσδοκῶν
865 3847 955 3899 τὸν
993 3847 1223 3916 Χριστὸν
1276 3848 1438 3901 αὑτοῦ
1491 3849 1580 3902 τὸν
1625 3851 1713 3905 διὰ
1737 3852 1845 3906 τῶν

272 3938 568 4011 προφητῶν
613 3937 760 4009 ἥξειν
794 3938 1209 4009 κηρυττόμενον·
1251 3939 1309 3993 ὃν
1342 3939 1581 4005 ἐλθόντα,
1612 3943 1733 3996 ἐπεὶ
1770 3946 1843 4016 μὴ

273 4031 654 4103 παρεδέξαντο,
687 4032 841 4103 δίκην
885 4033 981 4102 τῆς
1012 4034 1093 4096 εἰς
1136 4030 1295 4086 αὑτὸν
1327 4033 1584 4099 ἀπιστίας
1612 4037 1845 4108 ὑπέσχον

273 4140 334 4175 τε
371 4123 464 4175 καὶ
494 4121 768 4192 ὑφέξουσι.

926 4392 1080 4447 ΚΕΦ.
1107 4396 1194 4460 (7'.

418 4478 619 4547 Ὅπως
644 4478 682 4550 ἡ
716 4482 1051 4551 Ἐκκλησία
1070 4485 1176 4538 τοῦ
1215 4486 1362 4539 Θεοῦ
1412 4486 1701 4541 πιστεύει.

347 4574 412 4628 Oi
438 4575 493 4628 δὲ
523 4574 795 4628 πιστεύειν
824 4577 901 4639 είς
930 4573 1020 4629 τὸν
1059 4576 1382 4647 ἀφικόμενον
1409 4576 1474 4629 δι’
1502 4577 1663 4648 εὐχῆς
1694 4577 1843 4648 ἕχον⁸

274 4680 367 4730 τις
410 4667 536 4737 τρία
591 4666 759 4720 ταῦτα
791 4666 1127 4738 γνωριοῦσιν·
1168 4668 1280 4739 (22)
1304 4668 1393 4721 τὸν
1435 4670 1498 4722 ὲκ
1533 4669 1843 4740 σπέρματος

276 4759 460 4822 Δαδὶδ,
492 4758 585 4812 καὶ
612 4759 711 4830 τῆς
729 4758 897 4829 αὐτῆς
938 4758 1096 4827 ἀγίας
1124 4753 1417 4831 Παρθένων
1456 4760 1549 4813 καὶ
1583 4760 1673 4814 τὸν
1703 4762 1842 4814 ὲνοισ

276 4850 523 4921 κήσαντα
546 4847 719 4920 τούτῳ
743 4849 870 4903 Υἱὸν
898 4848 990 4904 τοῦ
1025 4848 1159 4902 Θεοῦ
1189 4850 1421 4922 προόντα
1450 4852 1545 4905 κοιλ¹
1571 4851 1842 4915 οὑσιωδῶς

349 5054 413 5115 >14
436 5049 537 5108 Ed.
572 5048 744 5106 Paris.
773 5065 896 5121 pag.
924 5048 1014 5115 65,
1050 5049 1137 5121 διδ

1946 3668 2107 3728 atque
2127 3658 2341 3713 unicum
2372 3659 2625 3713 exsertim
2654 3658 2953 3715 afﬁrmavit.
2974 3660 3039 3714 Et
3060 3669 3263 3729 quanto
3293 3662 3511 3730 quidem

1947 3757 2177 3816 utroque
2204 3749 2394 3802 melius
2421 3747 2662 3813 Judazus,
2688 3765 2853 3804 unum
2889 3750 3056 3805 Deum
3098 3766 3204 3805 non
3262 3753 3512 3807 dividens

1946 3838 1999 3893 in
2032 3839 2247 3895 Patrem
2281 3850 2335 3895 et
2366 3841 2419 3895 in
2448 3840 2869 3911 Filium?'quod
2897 3841 3177 3898 Marcellus
3223 3843 3373 3898 facit.
3400 3843 3513 3899 Nec

1945 3931 2190 3986 eumdem
2238 3932 2377 4000 quod
2429 3931 2696 3987 Sabellius
2730 3932 3296 3996 iacil,Filio‘Patrem
3343 3934 3513 3988 intro-

1947 4023 2097 4077 ducit
2127 4039 2139 4077 :
2169 4025 2262 4078 sed
2296 4039 2417 4078 cum
2447 4024 2613 4078 Deum
2651 4034 2964 4089 veneretur,
3010 4025 3256 4095 agnoscit
3307 4035 3362 4080 et
3412 4039 3509 4081 ex-

1944 4123 2153 4182 spectat
2184 4115 2452 4170 Christum
2481 4116 2597 4185 ejus
2621 4132 2717 4184 per
2761 4117 3051 4186 prophetas
3078 4117 3453 4172 annuntiatum
3489 4132 3508 4172 ι

1943 4216 2102 4271 quem
2120 4217 2239 4255 cum
2260 4203 2582 4269 advenisset,
2602 4204 2726 4273 quia
2755 4220 2859 4258 non
2884 4215 3254 4274 susceperant,
3279 4204 3511 4260 infideli-

1946 4294 2073 4349 tatis
2098 4295 2241 4351 illius
2280 4310 2491 4366 pmuam
2548 4294 2811 4349 salierunt
2851 4297 3026 4350 adhuc
3053 4306 3106 4351 et
3135 4297 3503 4352 sustinebunt.

2545 4387 2739 4459 lose.
2774 4386 2857 4441 VI.

2274 4477 2548 4544 Quomodo
2576 4480 2756 4532 credat
2790 4478 3027 4532 Ecclesia
3059 4477 3172 4532 Dei.

2013 4573 2084 4625 At
2110 4571 2200 4639 qui
2226 4571 2278 4625 in
2311 4570 2480 4637 illum,
2507 4572 2599 4640 qui
2625 4572 2863 4637 advenit,
2905 4570 3132 4625 credere
3173 4569 3504 4639 desiderant,

1944 4664 2057 4719 haec
2108 4666 2208 4719 tria
2253 4664 2539 4717 manifeste
2594 4662 2997 4719 conﬁtebuntur
3035 4683 3049 4720 :
3100 4673 3283 4718 natum
3314 4665 3381 4719 de
3416 4679 3505 4718 se-

1945 4758 2088 4811 mine
2119 4757 2356 4821 Davidis,
2408 4758 2634 4827 ipsaque
2661 4756 2794 4811 adeo
2825 4757 3168 4812 sanctissima
3226 4755 3445 4827 Virgine
3479 4774 3494 4811 :

1946 4848 2148 4902 Filium
2204 4864 2417 4918 quoque
2469 4849 2563 4904 Dei
2600 4864 2722 4904 eum
2771 4850 3188 4915 inhabitantem,
3222 4850 3311 4920 qui
3352 4850 3502 4919 prius

279 5234 895 5313 θεότητοςησωματικῶς
912 5240 1249 5313 κατοικῆσαι.
1271 5237 1536 5313 δερ-ΜΨ(
1560 5239 1721 5313 vulgo
1751 5234 1831 5313 διὸ

2003 5238 2114 5313 (ει)
2146 5237 2360 5311 Γυμνῷ
2385 5232 2465 5306 τῷ
2496 5240 2675 5310 λόγῳ.
2706 5237 3235 5313 SahellinsJiamque
3250 5234 3373 5313 “vult
3404 5251 3495 5313 er-

276 5307 357 5373 δέ,
374 5298 445 5383 Aet
648 5298 849 5377 θεολογ.
876 5298 937 5383 et
959 5304 1039 5383 οἷς
1069 5298 1298 5383 ἐκτραπ.
1323 5319 1377 5364 et
1409 5306 1531 5363 Υἰὸν
1573 5298 1826 5365 τοῦνθεοῦ

1954 5298 2340 5373 εοᾌιςίτοοιῖιιηί
2372 5298 2536 5383 clam,
2556 5298 2671 5383 non
2687 5307 2953 5383 exsertiui
2978 5298 3375 5383 Σαδελλιάζειν.
3393 5304 3499 5383 _Ju-

277 5394 337 5432 π.
366 5378 787 5450 ῆᾼκκᾷνθρωπον
817 5391 870 5432 et
890 5381 983 5431 ἕνα
1012 5382 1060 5433 δ.
1092 5378 1182 5432 τὸν
1203 5380 1264 5431 Θ.

345 5447 455 5519 (1⁷9)
483 5447 643 5531 ναις.
666 5450 1179 5531 Συκοφρινζοῦητιι.
1208 5450 1318 5531 lino
1352 5448 1826 5531 συκοφαντοῦντεςἶ

1931 5376 2029 5436 6λεί
2096 5383 2258 5435 Deum
2321 5398 2425 5435 non
2480 5380 2830 5432 dividebant:
2868 5376 2990 5444 quia
3044 5376 3312 5429 Christum
3358 5376 3495 5444 ejus,

1935 5452 2110 5505 adhuc
2131 5460 2498 5518 exspectatum
2527 5449 2834 5518 credebant,
2880 5447 3191 5518 et_credunt
3220 5460 3416 5518 verum
3443 5457 3498 5500 et

274 5513 371 5588 Est
412 5513 553 5573 enim
584 5513 916 5586 συκοφαντία
955 5520 1079 5573 illud
1124 5522 1190 5574 de
1218 5520 1323 5573 Deo
1356 5513 1668 5587 prted'icare,
1694 5513 1834 5588 quod
1938 5537 2143 5575 merum
2184 5513 2472 5578 hominem.
2502 5516 2911 5588 dehominibus
2936 5514 3193 5569 futurum.
3220 5513 3494 5571 M.—Mox

276 5586 419 5642 Dens
451 5603 555 5641 non
579 5599 719 5657 erat.
744 5589 795 5641 lu
830 5598 1097 5657 postremo
1126 5590 1228 5642 ﬁne
1251 5586 1466 5657 capitis,
1487 5588 1610 5642 ferri
1651 5586 1830 5656 forsan

253 5668 456 5724 posset
486 5668 541 5711 et
573 5654 762 5728 θνητὸν
797 5650 927 5727 βίον.
950 5650 1229 5712 M.—-—'Dein
1259 5650 1388 5711 είδέ
1420 5650 1473 5713 et
1497 5658 1610 5711 υἱοῦ
1636 5650 1825 5728 ὑφεστξ

273 5734 328 5780 et
355 5728 619 5797 ἑνωμένον
658 5731 750 5780 καὶ⁸
773 5745 890 5782 συν.

345 5796 1006 5903 (20)(ξύσ1ιῗνέγςέαρτῷ
1046 5799 1221 5903 sint...
1267 5796 1476 5903 gecte,
1536 5814 1589 5854 et
1648 5810 1823 5855 tamen

345 5884 415 5903 μυ
463 5884 494 5903 ..
543 5883 860 5903 η....η.......ο
910 5885 989 5903 ο...
1020 5884 1085 5903 nn
1114 5885 1199 5903 ιη...

1954 5801 2121 5854 mox.
2154 5796 2203 5852 ei
2225 5798 2336 5903 ἴτην
2373 5800 2469 5875 μὲν
2506 5797 2680 5868 σάρκα
2715 5814 2761 5847 τ.

1954 5882 1975 5903 it
2014 5872 2216 5903 λιμηιη-
2274 5886 2423 5903 mn:-

1930 5882 1981 5926 et
2014 5882 2441 5937 οογματιςοντες.

273 5863 445 5933 ἒχειν,
463 5876 517 5919 ut
543 5870 695 5935 paulo
716 5870 863 5934 prius
893 5870 989 5937 legi
1020 5878 1241 5937 poterat.
1267 5865 1329 5919 Μ,

1943 5592 2101 5655 vulgo
2133 5590 2303 5643 σέϐων
2325 5591 2417 5642 καὶ
2452 5588 2542 5640 τὸν
2564 5586 2622 5639 Θ.

2003 5661 2116 5730 (τε)
2157 5661 2324 5730 Vulgo
2356 5656 2676 5730 γνωρίζουσι
2685 5672 2711 5730 5
2743 5664 2795 5730 et
2815 5655 3300 5730 mammam
3325 5670 3494 5730 cor_r.;

1932 5723 2053 5784 mox
2096 5723 2286 5799 vulgof
2310 5723 2514 5790 ρι’Υἱὸς
2556 5726 2652 5799 Δτοῦ
2676 5725 2828 5797 ἀνθρ.
2864 5728 2921 5799 όν
2944 5738 2996 5782 ιιι
3031 5723 3194 5798 τριῶν
3216 5726 3272 5779 δέ
3307 5738 3358 5779 et
3386 5723 3496 5778 εἷεν

2800 5816 2847 5850 σ.
2880 5796 3048 5852 Porro
3070 5796 3239 5865 Vulgo
3295 5799 3495 5849 σκοπὸν
