3970 6518
474 440 582 497 855

1146 439 1417 498 EUSEBII
1454 441 1933 498 CAESARIENSIS
1972 440 2121 500 OPP.
2163 443 2342 498 PARS
2378 443 2471 498 iV.
2510 458 2580 484 -'—-
2617 441 3041 500 DOGMATICA.

3604 444 3718 507 εδδ

475 557 741 623 exstabat,
790 565 844 611 et
895 560 1326 616 substantialiter
1358 561 1690 616 consistebat
1727 579 1741 615 :
1779 578 1878 623 nec
1928 548 2031 615 n'on

2141 562 2444 631 ὑφεστῶτα·
2472 564 2565 617 καὶ
2596 564 2686 615 τὸν
2730 562 2920 617 τούτου
2954 564 3172 634 Πατέρα
3198 562 3352 627 Θεὸν,
3388 563 3477 633 ὑφ’
3510 558 3571 617 οὗ
3622 568 3721 619 καὶ

475 649 631 703 istius
668 649 880 705 Patrem
930 652 1093 705 Deum
1121 692 1136 715 ,
1197 668 1226 705 a
1276 669 1383 721 quo
1425 654 1622 706 missus
1674 653 1891 707 advenit
1924 655 2033 717 ille,

474 745 924 810 quemadmodum
969 744 1036 798 ab
1086 745 1201 812 ipso
1249 761 1389 813 saepe
1418 746 1633 813 ponitur
1665 747 1715 799 in
1766 746 2033 802 confesso.

472 832 639 887 Nobis
668 835 830 903 igitur
849 852 985 890 unus
1015 836 1154 891 Deus
1185 847 1287 901 est,
1308 855 1339 889 a
1367 846 1469 907 quo
1497 846 1617 890 sunt
1648 840 1825 892 omnia
1845 840 1914 903 “,
1950 854 2036 893 se-

472 931 705 980 eundum
747 928 987 998 Apostoli
1051 931 1277 983 dictum.
1312 930 1376 983 Et
1410 946 1546 984 unus
1577 932 1831 984 Dominus
1885 931 2040 987 Jesns

472 1008 722 1074 Christus
769 1038 861 1089 per
909 1038 1057 1086 quem
1092 1031 1214 1074 sunt
1261 1037 1433 1075 omnia
1491 1024 1559 1084 ⁸⁵,
1597 1023 1687 1090 qui
1719 1022 1828 1076 Deo
1868 1023 2039 1077 Filius

473 1111 781 1179 unigenitus
810 1113 1237 1180 prmexsistebat.
1274 1113 1337 1164 Et
1366 1112 1574 1174 tertius,
1599 1114 1893 1166 secundum
1922 1129 2041 1167 car-

471 1215 592 1255 nem
621 1201 784 1255 Filius
828 1203 1062 1256 hominis
1098 1221 1111 1257 :
1144 1219 1303 1272 quem
1352 1204 1624 1257 hominem
1657 1211 1838 1257 nostra
1876 1220 2039 1260 causa

470 1295 704 1363 suscepit
730 1294 896 1348 Filius
926 1296 1041 1349 Dei.
1069 1296 1174 1349 Sed
1212 1312 1307 1349 nec
1336 1310 1531 1364 corpus
1554 1296 1697 1364 quod
1723 1300 2037 1366 assumpsit,

468 1392 588 1435 erat
638 1383 777 1435 idem
813 1398 933 1437 cum
987 1384 1124 1437 Filio
1163 1385 1275 1449 Dei,
1319 1386 1409 1453 qui
1453 1386 1746 1454 assumpsit
1787 1400 1800 1437 :
1865 1399 2042 1455 neque

469 1472 588 1541 ipse
617 1473 709 1527 Dei
749 1475 921 1530 Filius
964 1492 1103 1530 unus
1132 1476 1380 1544 idemque
1404 1477 1559 1530 debet
1583 1477 1881 1531 existimari
1917 1494 2039 1531 cum

468 1565 714 1633 genitore
743 1581 859 1620 sno.
892 1566 934 1620 E
968 1568 1141 1621 tribus
1171 1576 1350 1621 autem
1406 1568 1667 1635 subjectis
1713 1569 1863 1623 hisce
1890 1610 1904 1635 ,
1965 1569 2041 1623 illi

468 1655 557 1724 qui
583 1655 794 1710 duobus
825 1659 1104 1714 concessis
1131 1658 1351 1714 tertium
1382 1658 1658 1728 rejiciunt,
1689 1662 1756 1714 ab
1800 1660 2041 1716 Ecclesia

468 1746 562 1801 Dei
604 1758 728 1804 sunt
762 1749 1066 1820 rejiciendi.

1106 1838 1255 1895 CAP.
1302 1839 1411 1895 vn.
1438 1840 1450 1913 ι

2138 656 2300 717 αὑτὸς
2358 654 2691 707 ἀπεστάλθαι
2732 655 2970 725 συνεχῶς
3016 655 3287 725 ὁμολογεῖ.
3330 658 3491 727 Ἡμῖν
3534 658 3718 712 τοίνυν

2139 742 2217 809 εἷς
2245 746 2373 809 Θεὸς
2403 749 2431 799 6
2467 746 2676 816 Πατὴρ,
2716 748 2785 810 ἐξ
2822 745 2893 803 οὗ
2926 750 2996 800 τὰ
3024 748 3238 810 πάντα,
3272 748 3411 802 κατὰ
3425 750 3515 801 τὸν
3558 746 3718 804 Ἀπό-

2141 838 2340 891 στολον·
2399 840 2490 893 καὶ
2533 836 2611 904 εἷς
2639 841 2839 912 Κύριος
2881 840 3084 910 Ἰησοῦς
3111 840 3363 912 Χριστὸς,
3413 839 3485 893 δι’
3527 836 3600 896 οὗ
3642 841 3717 895 τὰ

2139 928 2352 991 πάντα,
2385 932 2412 982 6
2442 930 2622 1001 προὼν
2651 931 2743 983 τοῦ
2773 930 2907 983 Θεοῦ
2938 932 3227 1003 μονογενὴς
3255 933 3398 997 Υἱὸς,
3417 934 3512 985 καὶ
3533 930 3717 1003 τρίτος

2139 1020 2167 1071 6
2202 1020 2338 1073 κατὰ
2369 1022 2543 1093 σάρκα
2574 1016 2699 1085 Υἱὸς
2722 1022 3025 1093 ἀνθρώπου,
3060 1024 3116 1075 ὃν
3161 1024 3227 1077 δι’
3260 1026 3405 1095 ἡμᾶς
3428 1026 3718 1097 ἀνείληφεν

2140 1112 2167 1163 6
2196 1112 2323 1175 Υἱὸς
2344 1110 2437 1165 τοῦ
2471 1114 2628 1168 Θεοῦ.
2679 1115 2815 1167 Ἀλλ’
2839 1115 2961 1168 οὔτε
2994 1116 3021 1168 ὃ
3051 1116 3303 1187 ἀνείληφε
3338 1118 3494 1188 σῶμα
3520 1118 3717 1173 ταύτὸν

2139 1197 2206 1271 ἦν
2227 1201 2302 1272 τῷ
2331 1188 2638 1274 ἀνειληφότι
2681 1205 2792 1275 Υίῷ
2821 1204 2914 1258 τοῦ
2958 1205 3113 1258 Θεοῦο
3147 1205 3269 1258 οὔτε
3316 1207 3475 1270 αὑτὸς
3510 1209 3539 1259 6
3588 1202 3717 1270 Υίὸς

2139 1293 2233 1345 τοῦ
2261 1294 2393 1347 Θεοῦ
2426 1292 2505 1356 εἷς
2538 1297 2632 1348 καὶ
2675 1298 2703 1349 6
2747 1290 2908 1359 αὑτὸς
2943 1296 3006 1349 ἂν
3040 1298 3318 1369 νομισθείη
3343 1298 3418 1368 τῷ
3455 1316 3716 1371 γεγεννη-

2140 1390 2279 1439 κότι·
2312 1389 2480 1459 τριῶν
2508 1389 2570 1460 δὴ
2604 1390 2806 1443 τούτων
2838 1392 3227 1461 ὑποκειμένων,
3253 1394 3300 1446 οἱ
3322 1393 3414 1446 δύο
3462 1394 3714 1459 διδόντες,

2140 1479 2200 1531 τὸ
2234 1480 2414 1551 τρίτον
2449 1480 2491 1533 δ’
2518 1483 2757 1536 ἐκποδὼν
2788 1483 3115 1555 ποιούμενοι,
3146 1486 3244 1556 τῆς
3259 1484 3583 1558 Ἑκκλησίας
3608 1484 3717 1542 εἷεν

2144 1569 2209 1623 ἂν
2243 1570 2556 1643 ἀπόϐλητοι.

2800 1842 2954 1903 ΚΕΦ.
2988 1852 3061 1905 Z'.

468 1946 620 2023 Quor!
635 1951 893 2023 diuersum
916 1952 979 2004 ab
1004 1949 1239 2005 Ecclesia
1256 1952 1445 2021 dogma
1463 1963 1681 2017 luentes,
1700 1972 1730 2007 a
1748 1954 2031 2023 theologica

2144 1935 2334 2004 ’Ὀὲτως
2372 1940 2425 1991 οἱ
2448 1937 2779 2023 ἑτερόδοξοι
2808 1941 3242 2023 διᾳρόρωςφῆς
3273 1945 3404 2012 περὶ
3438 1944 3545 1998 τοῦ
3579 1944 3715 2000 Υιοῦ

464 2026 528 2073 de
554 2022 647 2073 Dei
676 2019 818 2075 Filio
842 2023 1067 2087 ratione,
1106 2037 1207 2074 non
1239 2019 1341 2075 uno
1377 2027 1529 2075 modo
1563 2026 1674 2077 solo
1701 2019 2031 2080 exciderunt.

537 2111 764 2165 Carnem
796 2122 945 2165 certe
984 2111 1293 2166 Servatoris
1330 2112 1477 2166 athei
1525 2115 1743 2183 quidam
1796 2116 2036 2171 haeretici

465 2200 806 2272 abnegando,
841 2211 897 2256 et
955 2204 1212 2272 opinione
1264 2213 1472 2256 tantum
1529 2206 1690 2267 nuda,
1749 2216 1910 2276 atque
1943 2222 2037 2277 per

462 2294 805 2361 phantasiam
864 2294 918 2347 in
970 2295 1130 2348 terris
1177 2295 1493 2364 apparuisse
1540 2296 1712 2349 solam
1765 2298 2033 2365 dicendo,

462 2384 622 2453 primi
647 2394 802 2437 erant
833 2384 925 2454 qui
957 2384 1009 2438 in
1051 2386 1151 2439 hoc
1180 2400 1377 2455 genere
1412 2402 1441 2439 a
1480 2401 1644 2455 ενι)ρο
1669 2389 1916 2443 veritatis
1942 2404 2036 2443 ex-

462 2477 736 2531 ciderunt.
788 2478 950 2546 Atqui
982 2478 1440 2547 dispensationem
1486 2480 1633 2533 illam
1664 2480 1714 2533 in
1742 2496 1905 2535 carne
1936 2482 2032 2536 ad-

461 2569 748 2635 miserunt,
797 2570 1131 2637 abnegantes
1190 2574 1681 2639 praeexsistentiam
1729 2572 1854 2627 Filii
1916 2574 2032 2641 Dei,

460 2663 661 2726 varias,
698 2664 976 2733 quodjam
1003 2664 1138 2727 dixi,
1182 2678 1428 2719 errorum
1478 2665 1699 2721 semitas
1746 2666 2035 2723 adinvene-

462 2764 608 2809 runt.
644 2756 782 2809 Sunt
805 2757 895 2824 qui
930 2770 1140 2810 merum
1178 2755 1324 2809 illum
1368 2757 1641 2811 hominem
1675 2759 2029 2826 arbitrantur,

460 2846 631 2900 ‘nihilo
664 2846 940 2901 meliorem
970 2846 1252 2900 hominum
1292 2855 1485 2900 natura
1547 2849 1866 2912 communi,
1927 2849 2031 2902 nisi

461 2950 719 3007 quantum
740 2940 804 2992 ad
828 2939 1045 2993 virtutis
1072 2940 1477 3007 prterogativas.
1506 2940 1575 2992 At
1603 2942 1690 3009 qui
1725 2942 1900 3010 ipsum
1934 2956 2030 2994 su-

458 3036 555 3098 ‘per
584 3029 765 3083 omnia
803 3028 969 3082 Deum
994 3043 1195 3095 corpus
1246 3027 1583 3082 inhabitasse
1624 3028 1915 3095 :iﬂirmant,
1975 3038 2031 3083 et

460 3120 633 3189 ipsum
657 3121 737 3175 sui
779 3122 947 3190 ipsius
986 3119 1181 3173 Filium
1208 3120 1485 3173 exstitisse
1520 3130 1787 3182 asserunt,
1816 3132 2033 3190 propter

459 3209 605 3263 illam
633 3210 925 3264 secundum
951 3209 1222 3263 hominem
1259 3209 1744 3278 dispensationem,
1778 3226 1898 3263 cum
1924 3212 2031 3267 duo

460 3304 843 3365 concederent,
888 3303 1053 3355 Deum
1102 3314 1263 3370 atque
1324 3302 1635 3365 hominem,
1683 3317 1711 3355 a
1749 3302 1909 3355 tertio
1945 3319 2032 3356 se-

459 3392 719 3460 metipsos
737 3390 1105 3454 excluserunt,
1130 3391 1479 3445 Servatorem
1511 3392 1684 3458 ipsum
1712 3392 1802 3444 Dei
1834 3390 2030 3447 Filium

458 3484 792 3552 unigenitum
834 3482 1171 3551 abnegando.
1197 3488 1255 3544 ὦ
1287 3481 1437 3536 lianc
1470 3482 1597 3536 olim
1624 3482 1891 3536 Sabellius
1918 3492 2034 3537 tue-

458 3572 621 3627 batur
659 3574 988 3627 sententiam
1017 3592 1029 3626 :
1088 3584 1143 3627 et
1178 3575 1243 3627 ad
1295 3574 1439 3626 illam
1471 3588 1613 3627 nunc
1645 3574 1856 3627 delatus
1886 3572 2030 3627 Mar-

459 3666 627 3719 cellus
658 3665 809 3717 abiit.
838 3663 962 3731 Qui,
991 3681 1097 3719 non
1129 3665 1289 3718 aliter
1347 3679 1508 3734 quam
1542 3663 1711 3719 Judaei
1746 3664 1986 3720 inﬁdeles
2012 3704 2029 3730 ,

459 3771 516 3811 se
552 3758 716 3810 Deum
743 3770 1035 3825 agnoscere
1055 3757 1396 3826 proﬁtentur.
1416 3758 1506 3827 qui
1529 3769 1612 3813 est
1631 3770 1795 3827 super
1817 3773 2028 3824 omnes,

457 3849 642 3903 ethoc
689 3850 1039 3904 vehementer
1091 3860 1304 3920 urgent.
1363 3851 1613 3906 Secundo
1646 3865 1860 3921 quoque
1911 3850 2029 3907 loco

459 3954 681 3994 carnem
710 3950 1007 4009 agnoscunt
1028 3942 1093 3995 de
1119 3940 1338 4010 Virgine
1366 3941 2024 4010 sumptamsanetissima:

461 4030 681 4085 tertium
713 4046 844 4085 vero
875 4032 1027 4097 illud,
1056 4032 1196 4100 quod
1225 4041 1308 4084 est
1333 4033 1561 4101 primum
1602 4032 1793 4086 salutis
1830 4042 2028 4087 nostra:

459 4132 640 4191 caput,
670 4122 885 4189 Filium,
916 4135 1075 4193 quem
1112 4124 1255 4178 velut
1302 4125 1476 4179 obviis
1510 4122 1650 4177 ulnis
1684 4124 2025 4192 amplectun-

459 4224 568 4277 tur,
596 4215 767 4268 Iucem
798 4226 960 4281 atque
993 4219 1302 4283 veritatem,
1332 4232 1425 4286 per
1452 4218 1859 4287 abnegatiunem
1883 4219 2025 4287 Filii,

456 4318 489 4362 a
516 4309 763 4363 veritatis
802 4308 917 4362 luce
952 4311 1289 4364 exciderunt.
1323 4310 1460 4364 Hinc
1484 4321 1586 4374 est,
1614 4321 1672 4365 ut
1696 4310 1814 4366 illos
1839 4314 2027 4366 audia-

454 4414 579 4454 mus
609 4416 772 4455 unum
809 4403 1027 4470 quidem
1060 4402 1226 4456 Deum
1252 4406 1594 4465 conﬁtentes,
1617 4412 1668 4455 et
1696 4419 1911 4457 carnem
1936 4419 2027 4458 ve-

457 4502 717 4545 nerantes
743 4508 771 4545 a
803 4492 1099 4547 Servatore
1122 4503 1430 4562 susceptam
1465 4511 1479 4547 :
1516 4502 1570 4545 at
1610 4492 1803 4547 Filium
1834 4494 2027 4548 nihilo-

2529 2013 2835 2080 θεολογίας
2858 2013 3332 2067 ἑκπεπτώκασιν.

2213 2097 2322 2169 Τὴν
2370 2099 2433 2170 δὴ
2484 2100 2580 2169 μὲν
2627 2102 2803 2171 σάρκα
2853 2101 2945 2154 τοῦ
2987 2102 3237 2172 Σωτῆρος
3277 2103 3585 2167 ἆθεοίτινες
3606 2105 3716 2159 τῶν

2141 2192 2459 2262 ἑτεροδόξων
2493 2196 2981 2266 παραιτησάμενοι,
3027 2198 3153 2271 δόξῃ
3181 2198 3236 2251 δέ
3276 2216 3381 2251 τινι
3416 2202 3717 2267 φαντασίας

2139 2275 2313 2350 ὦφθαι
2344 2285 2504 2337 αὑτὸν
2525 2286 2616 2337 ἐπὶ
2652 2286 2750 2357 τῆς
2786 2287 2889 2355 γῆς
2928 2289 3226 2358 εἰρηκότες,
3261 2290 3466 2360 πρῶτοι
3499 2291 3590 2344 τοῦ
3614 2293 3713 2363 τῆς

2138 2374 2394 2445 ἀληθείας
2424 2377 2624 2429 σκοποῦ
2676 2378 3130 2450 διημαρτήκασιν.
3161 2382 3221 2433 Ui
3250 2382 3306 2433 δὲ
3322 2382 3418 2452 τὴν
3452 2382 3712 2455 ἕνσαρκον

2138 2470 2447 2539 οἰκονομίαν
2475 2454 2962 2543 παραδεδεγμένοι,
2994 2474 3084 2526 τὸν
3119 2475 3174 2527 δὲ
3202 2477 3434 2546 προόντα
3454 2477 3547 2529 τοῦ
3578 2454 3712 2530 Θεοῦ

2140 2559 2265 2611 Υίὸν
2310 2562 2697 2632 ἀρνησάμενοι,
2741 2563 3009 2626 ποικίλας,
3049 2565 3123 2627 ὠς
3157 2565 3313 2635 ἔφην,
3359 2568 3571 2631 ἑαυτοῖς
3615 2570 3717 2621 ἀν-

2136 2651 2285 2715 οδίας
2317 2654 2641 2724 ἐπενόησαν.
2676 2655 2737 2707 Οἱ
2766 2655 2819 2707 δὲ
2866 2654 3019 2723 ψιλὸν
3070 2656 3374 2727 ἄνθρωπον,
3403 2659 3500 2728 τῆς
3529 2660 3715 2730 κοινῆς

2138 2744 2389 2797 ἁπάντων
2409 2746 2620 2815 φύσεως
2660 2748 2775 2799 κατ’
2807 2748 2957 2799 οὐδὲν
2992 2750 3271 2820 κρείττονα
3300 2750 3332 2821 ἢ
3362 2753 3483 2804 ὅσον
3514 2754 3715 2822 ἀρετῆς

2136 2838 2532 2907 προτερήμασι,
2568 2838 2847 2905 γεγονέναι
2891 2840 3050 2892 αὑτὸν
3097 2844 3396 2913 εἰρηκότες.
3430 2844 3491 2896 Οἱ
3533 2844 3577 2896 δ’
3625 2846 3715 2898 αὑ-

2134 2928 2224 2980 τὸν
2249 2931 2526 2999 ἐνοικῆσαι
2570 2930 2658 2983 τὸν
2702 2931 2809 2983 τῶν
2838 2931 2972 2984 ὅλων
2997 2932 3128 2986 Θεὸν
3164 2934 3241 3004 τῷ
3277 2935 3485 3006 σώματι
3507 2936 3713 3007 δογμα-

2134 3022 2401 3084 τίσαντες,
2440 3022 2566 3075 Υίόν
2593 3041 2651 3075 τε
2681 3024 2843 3076 αὑτὸν
2901 3025 3094 3077 ἑαυτοῦ
3128 3028 3462 3098 χρηματίσαι
3490 3029 3708 3097 φάντες,

2134 3112 2291 3183 δι’ἡν
2341 3114 2601 3183 ὑπέμεινε
2650 3118 2768 3168 κατ’
2818 3117 3099 3190 ἄνθρωπον
3146 3121 3476 3189 οἰκονομίαν,
3521 3121 3613 3173 δύο
3636 3122 3711 3172 δι-

2133 3202 2312 3266 δόντες
2365 3197 2530 3267 οὗτοι,
2568 3205 2700 3258 Θεὸν
2754 3207 2847 3259 καὶ
2898 3207 3202 3277 ἄνθρωπον,
3251 3207 3344 3259 τοῦ
3394 3207 3581 3279 τρίτου
3619 3208 3710 3260 τὸν

2138 3293 2399 3361 μονογενῆ
2417 3292 2510 3345 τοῦ
2542 3291 2678 3346 Θεοῦ
2706 3294 2853 3359 Υἱὸν,
2876 3296 3261 3367 ἀρνησάμενοι.
3304 3297 3518 3348 Τούτων
3544 3297 3709 3350 πάλαι

2137 3384 2233 3454 μὲν
2270 3385 2573 3449 Σαϐἐλλιος,
2621 3388 2738 3439 νυνὶ
2798 3388 2850 3440 δὲ
2899 3388 3237 3458 Μάρκελλος,
3276 3393 3339 3459 τῇ
3372 3388 3566 3462 γνώμῃ
3594 3408 3711 3443 συνο

2134 3475 2497 3544 ἀπαχθέντες,
2519 3478 2608 3529 τὸν
2634 3479 2729 3548 μὲν
2760 3480 2852 3532 ἐπὶ
2889 3480 3103 3533 πάντων
3147 3480 3279 3533 Θεὸν
3316 3481 3580 3535 Ἰουδαίων
3595 3485 3707 3547 τοῖς

2133 3564 2379 3629 ἀπίστοις
2402 3568 2602 3638 ὁμοίως
2647 3565 2704 3621 εὖ
2734 3570 2875 3640 μάλα
2905 3572 3100 3624 εἰδέναι
3124 3571 3572 3644 διισχυρίζονται·
3609 3575 3707 3628 καὶ

2131 3657 2381 3730 δεύτερον
2429 3662 2527 3731 τὴν
2582 3661 2758 3733 σάρκα
2802 3662 2898 3734 τὴν
2952 3666 3015 3715 ὲκ
3073 3662 3170 3733 τῆς
3216 3666 3373 3732 ἁγίας
3427 3665 3703 3738 Παρθένου

2133 3753 2633 3821 συνωμολογήκασι·
2684 3754 2795 3824 (25)
2836 3755 2898 3807 τὸ
2929 3754 2985 3807 δὲ
3016 3754 3219 3825 τρίτον,
3258 3756 3388 3809 αὑτὸ
3433 3756 3494 3809 τὸ
3534 3757 3706 3826 κεφά-

2140 3840 2292 3896 λαιον
2337 3845 2436 3915 τῆς
2468 3846 2718 3899 ἁπάντων
2758 3846 2911 3917 ἡμῶν
2965 3847 3257 3919 σωτηρίας,
3312 3849 3405 3900 τὸν
3434 3850 3561 3902 Υίὸν
3612 3832 3705 3904 τοῦ

2131 3932 2263 3985 Θεοῦ
2294 3937 2860 4007 παραγκωνισάμενοι,
2881 3936 2995 4005 φῶς
3009 3937 3138 3989 ὄντα
3160 3938 3251 3990 καὶ
3278 3938 3530 4010 ἀλήθειαν
3546 3941 3702 4011 ὁμοῦ.

2130 4029 2193 4095 τῇ
2225 4028 2449 4097 ἀρνήσει
2502 4028 2595 4081 τοῦ
2647 4028 2796 4091 Υἰοῦ,
2842 4028 3054 4081 καὶτοῦ
3092 4030 3190 4099 τῆς
3235 4030 3491 4100 ἀληθείας
3530 4034 3705 4101 φωτὸς

2131 4120 2568 4174 ὲκπεπτώκασιν.
2617 4121 2807 4174 Ἔνθεν
2841 4122 2936 4174 ἕνα
2976 4122 3073 4191 μὲν
3115 4122 3248 4175 Θεὸν
3300 4124 3704 4194 ὁμολογούντων

2130 4211 2306 4264 αὑτῶν
2342 4212 2583 4275 ἀκούσει,
2629 4212 2722 4266 καὶ
2772 4213 2869 4284 τὴν
2903 4214 3080 4284 σάρκα
3118 4214 3172 4267 δὲ
3214 4214 3307 4267 τοῦ
3347 4216 3593 4287 Σωτῆρος
3621 4236 3703 4270 τι-

2133 4304 2374 4374 μώντων·
2393 4305 2483 4357 τὸν
2513 4305 2569 4357 δὲ
2594 4307 2946 4375 ὲνοικήσαντα
2978 4310 3042 4378 τῇ
3084 4309 3245 4379 σαρκὶ
3269 4309 3401 4361 Θεοῦ
3438 4311 3565 4363 Υἱὸν
3596 4330 3703 4380 φω-

2129 4398 2190 4464 νῇ
2218 4396 2312 4465 μὲν
2349 4396 2441 4449 καὶ
2483 4396 2685 4464 χείλεσι
2718 4398 3190 4468 παραδεχομένων,
3236 4399 3380 4471 ἔργῳ
3416 4401 3470 4453 δὲ
3510 4421 3703 4474 παραι-

2127 4488 2419 4558 τουμένων.
2447 4489 2574 4541 Υἱὸν
2596 4489 2703 4561 γὰρ
2722 4489 2854 4542 Θεοῦ
2891 4492 3026 4561 χρῆν
3055 4490 3254 4563 ζητεῖν,
3286 4494 3500 4563 ἀληθῶς
3527 4496 3704 4558 ζῶντα

457 4583 636 4636 minus
675 4582 767 4636 Dei
802 4584 1195 4639 inhabitantem
1239 4586 1379 4638 hanc
1407 4599 1651 4647 carnem,
1689 4600 1817 4639 voce
1870 4595 2024 4641 tenus

2136 4580 2221 4631 καὶ
2250 4580 2551 4647 ὑφεστῶτα·
2592 4580 2714 4633 οὔτε
2766 4583 2855 4634 τὸν
2893 4584 3073 4645 αὑτὸν,
3216 4586 3527 4655 ἀνείληφεν,
3574 4588 3701 4640 ὅντα

458 4682 621 4742 atque
651 4673 825 4737 labiis,
861 4688 980 4728 cum
1018 4683 1334 4744 agnoscant,
1363 4689 1421 4730 re
1448 4676 1558 4746 ipsa
1607 4676 1821 4745 penitus
1860 4678 2025 4734 abne-

453 4774 665 4832 gantcs.
689 4764 823 4817 Nam
854 4765 1046 4819 Filium
1079 4766 1169 4821 Dei
1223 4767 1494 4835 inquirere
1523 4767 1782 4822 debemus
1826 4769 1975 4823 illum
2007 4811 2023 4835 ,

454 4856 551 4926 qui
575 4856 719 4909 vivat
747 4865 801 4910 et
828 4857 1083 4910 subsistat
1106 4870 1263 4912 vere:
1294 4874 1396 4912 non
1432 4860 1572 4913 idem
1597 4862 1683 4928 qui
1712 4874 2021 4929 censeatur,

455 4962 578 5002 eum
604 4948 692 5001 illo
747 4951 887 5017 quod
949 4950 1239 5019 assumpsit
1270 4964 1529 5019 corpore;
1582 4966 1680 5005 nec
1715 4953 1852 5005 idem
1897 4966 2023 5006 cum

456 5038 565 5093 Deo
608 5049 769 5107 atque
796 5039 975 5093 Patre.
1020 5040 1203 5109 Neque
1248 5042 1388 5093 enim
1433 5042 1728 5095 secundum
1767 5042 2021 5111 pietatem

457 5146 582 5188 vere
616 5134 847 5186 senserit
903 5133 970 5199 is,
1015 5133 1105 5201 qui
1167 5131 1364 5186 Filium
1395 5132 1678 5200 proﬁtetur
1704 5148 1823 5186 esse
1870 5132 2019 5187 illum

2132 4668 2364 4739 σώματι,
2394 4670 2515 4722 ούτε
2542 4671 2632 4723 τὸν
2648 4672 2807 4725 αὑτὸν
2838 4673 2963 4726 ὅντα
2984 4674 3060 4743 τῷ
3086 4674 3202 4745 Θεῷ
3224 4677 3315 4728 καὶ
3343 4676 3533 4748 Πατρί.
3564 4677 3699 4731 Οὔτε

2129 4760 2237 4831 γὰρ
2256 4761 2347 4812 τὸν
2382 4761 2636 4816 ἐπέκεινα
2665 4762 2770 4815 τῶν
2807 4765 2943 4818 ὅλων
2986 4766 3117 4817 Θεὸν
3165 4767 3289 4820 Υίὸν
3326 4767 3389 4821 ἀν
3414 4786 3499 4831 τις
3532 4768 3697 4822 εἰπὼν

2129 4854 2355 4925 εὐσεϐὴς
2381 4854 2483 4925 εἴη·
2504 4855 2667 4924 (τίνος
2692 4856 2797 4927 γὰρ
2836 4857 2986 4910 ἔσται
3015 4858 3141 4922 Υἱὸς
3168 4861 3197 4912 ό
3226 4860 3323 4930 τὴν
3348 4861 3583 4931 ἄναρχον
3607 4863 3696 4915 καὶ

2129 4946 2420 5016 ἀγέννητον
2450 4947 2675 5017 θεότητα
2708 4949 3165 5020 περιϐεϐλημένος
3186 4952 3224 5017 ;)
3258 4951 3379 5005 οὔτε
3412 4953 3501 5005 τὸν
3544 4969 3698 5023 μονο-

2123 5040 2254 5109 γενῆ
2284 5039 2375 5092 τοῦ
2402 5039 2533 5093 Θεοῦ
2577 5041 2704 5094 Υίὸν
2735 5042 2893 5094 αὑτὸν
2928 5039 3064 5095 εἶναι
3111 5044 3200 5098 τὸν
3241 5046 3459 5115 Πατέρα
3501 5062 3585 5111 τις
3621 5048 3693 5099 εί·-

2124 5132 2240 5185 πὼν
2277 5133 2533 5205 δράσεται
2566 5134 2663 5203 τὴν
2701 5134 2840 5187 κατά
2870 5134 2977 5186 τῶν
3004 5134 3297 5207 δυσφήμων
3334 5138 3507 5208 δίκην.

458 5221 625 5277 Deum
660 5224 749 5291 qui
790 5232 875 5276 est
925 5237 1087 5291 super
1136 5223 1340 5277 omnia.
1390 5221 1624 5291 Ecenjus
1675 5224 1869 5277 matris
1902 5239 2022 5278 esse
2061 5233 2239 5291 potest
2266 5225 2355 5277 ille
2384 5224 2573 5289 Filius,
2598 5227 2688 5293 qui
2734 5226 3017 5280 divinitate
3081 5229 3317 5298 ingenita
3386 5242 3440 5285 et
3487 5248 3689 5303 ansque

456 5317 563 5371 ullo
594 5318 879 5388 principio,
911 5318 1196 5373 amicitur?
1228 5318 1337 5374 Nec
1367 5320 1411 5373 si
1436 5318 1556 5386 quis
1592 5319 1929 5387 unigenitum
1964 5320 2059 5375 Dei
2099 5318 2313 5383 Filium,
2350 5320 2713 5375 enmdemmet
2736 5328 2789 5376 et
2812 5319 3023 5377 Patrem
3056 5337 3177 5378 esse
3204 5328 3410 5391 doceat,
3433 5325 3688 5393 judicium

456 5415 652 5481 pulerit
694 5415 989 5482 declinare,
1024 5417 1169 5485 quod
1222 5426 1305 5471 est
1356 5423 1543 5470 contra
1571 5416 1865 5471 maledicos
1910 5417 2287 5471 constitutum.

529 5636 588 5695 ›Ι‹
618 5630 713 5686 Ed.
746 5633 918 5693 Paris.
953 5650 1071 5705 pag.
1100 5635 1188 5690 65.

1306 5634 1353 5667 “
1380 5634 1589 5691 Coloss.
1620 5645 1660 5701 t,
1692 5632 1777 5687 16.
1855 5633 1899 5665 ⁸⁸
1927 5631 2061 5688 Ibid.
2102 5632 2183 5685 l7.

528 5806 640 5887 ςῖὅα)
686 5809 753 5887 T6
775 5808 842 5887 es
871 5812 1266 5887 τρίτονΝιιζςο
1300 5813 1433 5887 ἀλλὰ
1457 5813 1720 5887 τὸτρίτον
1756 5822 1808 5868 et
1838 5812 1952 5887 ΜΡ..
1977 5829 2031 5887 γέ

2136 5809 2251 5887 μῶς
2300 5809 2417 5867 loco
2446 5808 2601 5882 ὁμοῦ,
2636 5824 2688 5871 et
2710 5832 2799 5887 γρ.
2842 5815 3091 5879 ἁκούσεις
3136 5814 3250 5875 loco
3280 5814 3524 5871 ἀκούσει.
3557 5812 3683 5869 Dein

452 5880 615 5949 “"80
644 5880 745 5948 χρὴ
784 5883 962 5949 ζητεῖν
989 5896 1040 5939 et
1068 5880 1276 5936 acati—‘5.
1307 5880 1588 5937 δυσσεϐῶν
1613 5886 1765 5954 δίκην
1799 5896 1850 5939 et
1887 5883 1968 5936 διὸ
2000 5880 2056 5935 δὲ
2091 5882 2210 5948 τήν.
