3970 6514
253 449 359 508 837

920 571 1073 624 ΚΕΦ.
1107 571 1186 625 Η’.

251 660 588 728 Παράθεσις
625 660 736 730 τῆς
786 661 992 732 ὑγιοῦς
1041 662 1135 714 καί
1193 662 1698 728 ἐκκλησιαστικης
1741 672 1836 726 ορ-
1860 622 1878 636 ο

887 731 1185 796 θοδοείας.

316 823 410 875 Διὸ
443 824 507 894 δὴ
534 824 630 894 τὴν
657 823 872 876 εὐθεῖαν
903 823 996 876 καί
1023 822 1306 893 βασιλικὴν
1331 822 1447 875 ὁδὸν
1467 821 1834 895 ὀρθοτομοῦσα

250 916 277 984 ῆ
328 914 628 984 Ἐκκλησία
669 914 760 967 τοῦ
789 914 943 979 Θεοῦ,
976 915 1070 978 τὰς
1105 915 1201 983 μὲν
1238 913 1401 977 ἀλλας
1449 913 1834 985 παρεκτροπάς

246 1005 641 1075 ἀπεδοκίμασε,
676 1007 788 1068 τοῖς
811 1006 854 1058 δ’
880 1005 1051 1074 αὐτῆς
1079 1005 1356 1077 θρέμμασι
1385 1005 1486 1074 τῆς
1513 1005 1694 1057 ἐνθέου
1733 1004 1834 1074 χά-

246 1113 396 1167 ριτος
429 1095 762 1166 παραδίδωσι
799 1096 897 1168 τὴν
937 1096 1160 1164 γνῶσιν,
1201 1098 1320 1150 κατ’
1353 1096 1483 1149 αὐτὸ
1509 1097 1607 1167 τῆς
1642 1097 1834 1166 παλιγ-

244 1189 500 1255 γενεσίας
537 1190 831 1260 μυστήριον
873 1188 1154 1258 ὁμολογεῖν
1195 1189 1519 1241 διδάσκουσα
1563 1189 1699 1260 (καὶ)
1746 1207 1834 1242 πι-

244 1277 466 1328 στεύειν
496 1276 608 1345 (24)
627 1279 708 1340 είς
737 1279 834 1332 ἕνα
863 1278 1014 1342 Θεὸν,
1033 1278 1250 1349 Πατέρα
1283 1277 1717 1349 παντοκράτορα,
1747 1294 1833 1330 τε-

242 1369 399 1420 λείαν
427 1369 520 1422 καὶ
550 1369 750 1439 ἀκριϐῆ
803 1369 894 1422 καὶ
919 1369 1208 1441 ὁλόκληρον
1245 1368 1448 1441 ταύτην
1491 1369 1688 1422 εἰδέναι
1717 1369 1829 1438 (25)

242 1459 594 1527 παρέχουσαν
622 1456 718 1528 τὴν
744 1457 1036 1528 θεολογίαν,
1065 1460 1098 1530 ἡ
1123 1459 1254 1513 Θεὸν
1287 1460 1385 1530 μὲν
1417 1460 1509 1512 ἕνα
1533 1459 1832 1530 παραδίδω-

243 1565 356 1610 σιν,
398 1551 733 1620 ἀφορίζουσα
769 1551 866 1621 τῆς
913 1551 1226 1623 Ἑλληνικῆς
1270 1551 1361 1604 καὶ
1393 1550 1651 1604 πολυθέου
1698 1550 1830 1602 πλάο

244 1656 367 1709 νηςο
412 1641 631 1712 Πατέρα
656 1641 712 1693 δὲ
740 1641 900 1695 αὑτὸν
923 1638 1028 1694 οἶδε
1062 1643 1162 1714 τῆς
1201 1642 1494 1713 Ἰουδαῖκῆς
1525 1641 1830 1713 χωρίζουσα

244 1731 613 1795 διδασκαλίας,
663 1733 1078 1806 παντοκράτορα
1115 1735 1172 1788 δὲ
1215 1734 1373 1786 αὐτὸν
1422 1733 1691 1803 ὁμολογεῖ,
1731 1733 1830 1803 τῆς

246 1819 358 1873 τῶν
411 1822 585 1876 ἀθέων
631 1823 950 1894 ἑτεροδόξων
1003 1823 1452 1894 ἀποστρεφομένη
1503 1823 1600 1894 τὴν
1643 1823 1831 1875 δυσσέ-

247 1911 423 1966 ϐειαν.
460 1913 645 1977 Οὐδεὶς
672 1914 800 1982 γοῦν
833 1915 940 1968 τῶν
971 1915 1290 1987 ἑτεροδόξων
1321 1915 1463 1968 είποι
1497 1914 1563 1968 ἀν
1592 1914 1680 1968 τὸν
1714 1916 1826 1967 Παο

247 2003 381 2073 τέρα
417 2002 510 2056 τοῦ
542 2005 799 2077 Χριστοῦ,
839 2007 1003 2059 αὑτὸν
1032 2002 1169 2060 εἶναι
1218 2007 1309 2060 τὸν
1341 2007 1472 2060 Θεὸν
1504 2008 1596 2061 τὸν
1633 2021 1830 2061 παντο-

247 2097 514 2167 κράτορα,
541 2097 617 2161 ὡς
658 2098 778 2150 οὐδὲ
822 2099 1086 2152 Ἰουδαίων
1121 2099 1504 2171 ὁμολογήσειεν
1539 2099 1603 2152 ἀν
1631 2116 1713 2162 τις
1736 2101 1828 2154 τὸν

244 2189 382 2242 θεὸν
409 2189 626 2260 Πατέρα
660 2186 816 2254 εἶναι,
851 2191 941 2244 τὸν
976 2193 1238 2262 μονογενῆ
1277 2192 1402 2245 Υίὸν
1433 2191 1506 2263 μὴ
1525 2191 1678 2255 εἰδώς
1701 2209 1714 2222 ⁸
1745 2194 1830 2246 οὑ-

244 2279 302 2330 δέ
333 2296 398 2346 γε
425 2279 620 2349 Ἕλλην
658 2280 754 2333 ’ένα
787 2281 943 2350 μόνον
971 2284 1190 2351 φήσειεν
1221 2282 1416 2335 εἰδέναι
1444 2283 1594 2335 Θεόν.
1625 2283 1724 2336 Διά
1745 2300 1826 2336 τοι

245 2367 452 2420 τούτων
472 2369 722 2422 ἁπάντων
743 2371 1183 2440 ἀποκαθαίρουσα
1206 2371 1301 2442 τὴν
1323 2371 1525 2441 πλάνην
1544 2374 1576 2442 ἡ
1600 2370 1828 2444 Ἐκκλη-

245 2457 359 2520 σία,
397 2459 485 2510 τὸν
516 2459 610 2510 ἕνα
643 2459 772 2511 Θεὸν
808 2460 1085 2529 κηρύττει,
1115 2463 1277 2514 αύτ“.ν
1318 2457 1454 2514 εἶναι
1487 2462 1579 2514 καὶ
1609 2444 1826 2534 Πατέρα

244 2554 341 2604 καὶ
377 2552 786 2624 παντοκρά’τορα
824 2552 1167 2616 διδάσκουσα,
1216 2553 1430 2626 Πατέρα
1465 2553 1562 2624 μὲν
1592 2553 1708 2617 ἐνὸς
1732 2553 1825 2607 τοῦ

244 2644 488 2715 Χριστοῦ
533 2646 714 2716 μόνου,
760 2645 866 2698 τῶν
915 2646 971 2698 δὲ
1013 2647 1213 2699 λοιπῶν
1253 2647 1506 2700 ἁπάντων
1552 2649 1683 2704 Θεὸν
1733 2655 1827 2706 καὶ

243 2737 474 2806 κτίστην
515 2735 608 2787 καὶ
641 2735 862 2807 Κύριον.
895 2736 1048 2789 Οὕτω
1091 2739 1184 2790 καὶ
1217 2738 1342 2794 Υἱὸν
1389 2739 1520 2793 Θεοῦ
1563 2744 1825 2814 μονογενῆ

256 2828 469 2898 Ἰησοῦν
497 2829 728 2899 Χριστὸν
757 2830 1104 2900 παραδίδωσι,
1133 2831 1224 2884 τὸν
1247 2832 1354 2902 πρὸ
1379 2833 1592 2886 πάντων
1617 2835 1825 2889 αἰώνων

243 2921 310 2972 ἐκ
334 2919 428 2972 τοῦ
466 2921 673 2991 Πατρὸς
700 2923 1090 2992 γεγεννημένον
1110 2942 1124 2954 ο
1166 2923 1225 2975 ού
1269 2924 1360 2975 τὸν
1389 2924 1546 2976 αὐτὸν
1589 2925 1716 2979 ὄντα
1750 2926 1827 2998 τῷ

245 3014 446 3083 Πατρὶ,
486 3013 602 3064 καθ’
642 3013 831 3066 ἑαυτὸν
865 3013 919 3066 δὲ
949 3014 1077 3066 ὄντα
1111 3014 1203 3067 καὶ
1233 3014 1430 3078 ζῶντα,
1478 3017 1571 3068 καὶ
1611 3017 1827 3088 ἀληθῶς

243 3104 377 3156 Υίὸν
432 3104 654 3156 συνόντα
687 3103 822 3174 (26),
871 3104 1002 3156 Θεὸν
1047 3104 1159 3174 (27)
1191 3104 1254 3156 ὲκ
1289 3104 1444 3168 Θεοῦ,
1495 3105 1588 3159 καὶ
1621 3107 1734 3175 φῶς
1762 3109 1826 3160 ὲκ

245 3193 446 3264 φωτὸς,
485 3196 575 3246 καὶ
614 3195 756 3265 ζωὴν
797 3197 860 3248 ὲκ
905 3196 1082 3266 ζωῆς⁸
1128 3195 1373 3259 ἀλέκτοις
1406 3197 1500 3250 καὶ
1546 3199 1823 3270 ἀρρήτοις,

246 3288 343 3340 καὶ
378 3285 724 3341 παντάπασιν
763 3287 1060 3355 ἀγνώστοις
1102 3289 1253 3359 ἡμῖν,
1296 3290 1390 3342 καὶ
1423 3292 1826 3363 ἀκαταλήπτοις

245 3381 428 3448 λόγοις
460 3383 524 3434 ἐκ
551 3379 643 3433 τοῦ
665 3381 876 3452 Πατρὸς
905 3381 996 3434 ἐπὶ
1019 3381 1261 3453 σωτηρίᾳ
1288 3382 1395 3436 τῶν
1415 3383 1552 3436 ὅλων
1573 3399 1824 3457 γεγεννη-

249 3475 430 3545 μένον,
450 3477 544 3528 καὶ
564 3475 660 3544 οὐχ
685 3474 884 3544 ὁμοίως
911 3475 1008 3544 μὲν
1036 3477 1146 3538 τοῖς
1173 3475 1377 3540 λοιποῖς
1400 3480 1672 3549 γεννητοῖς
1698 3478 1828 3532 ὑπο-

249 3568 474 3629 στάντα,
509 3567 626 3619 οὐδὲ
656 3565 798 3637 ζωὴν
829 3567 1038 3638 ἐμφερῆ
1066 3569 1176 3630 τοῖς
1213 3567 1280 3620 δι’
1303 3568 1463 3621 αὑτοῦ
1495 3569 1826 3640 γεγεννημέ-

246 3675 360 3720 νοις
395 3656 591 3721 ζῶντα,
635 3658 794 3728 μόνον
844 3659 900 3711 δὲ
954 3656 1014 3722 ἐξ
1047 3658 1213 3711 αὐτοῦ
1253 3659 1347 3711 τοῦ
1394 3659 1605 3730 Πατρὸς
1634 3661 1828 3713 ἀποτε-

247 3751 472 3822 χθέντα,
508 3752 602 3804 καὶ
630 3750 908 3823 αὑτοζωὴν
950 3751 1094 3804 ὂντα.
1125 3751 1236 3805 Καὶ
1263 3751 1466 3822 ἔπρεπε
1500 3750 1608 3822 γὰρ
1630 3751 1708 3822 τῷ
1736 3754 1825 3806 ἐπὶ

247 3844 469 3896 πάντων
493 3841 632 3913 Θεῷ,
668 3841 773 3914 πρὸ
812 3841 1011 3904 παντὸς
1046 3839 1326 3910 γεννητοῦ,
1358 3840 1452 3893 καὶ
1476 3841 1581 3912 πρὸ
1611 3841 1826 3894 πάντων

247 3932 482 3998 αἰώνων,
525 3933 585 3986 τὸ
621 3933 902 4003 μονογενὲς
944 3931 1102 3984 τοῦτο
1135 3930 1528 4003 προϐάλλεσθαι
1561 3931 1824 4002 γέννημα,

247 4025 439 4095 ῶσπερ
471 4024 592 4078 τινὰ
624 4023 864 4096 κρηπίδα
892 4023 985 4077 καὶ
1017 4021 1260 4093 θεμέλιον
1299 4021 1536 4092 ἀρραγῆ,
1565 4021 1672 4074 τῶν
1701 4020 1828 4092 μελ-

247 4114 452 4170 λόντων
471 4117 536 4170 δι’
551 4116 712 4170 αὐτοῦ
736 4115 1110 4188 γεννήσεσθαι.
1131 4115 1221 4167 Διὸ
1337 4114 1442 4184 πρὸ
1471 4114 1687 4167 πάντων
1721 4113 1826 4166 τῶν

252 4209 558 4280 μελλόντων
581 4184 797 4262 ἔσεσθαι
830 4184 918 4260 τὸν
943 4208 1070 4260 Υίὸν
1094 4184 1307 4276 ἐγέννα,
1335 4205 1526 4277 ῶσπερ
1539 4205 1683 4268 τινὸς
1711 4221 1824 4272 φω-

247 4303 338 4364 τὸς
370 4302 585 4366 ἀκτῖνα,
608 4301 703 4354 καὶ
734 4298 880 4368 ζωῆς
917 4299 1120 4366 πηγὴν,
1173 4297 1263 4350 καὶ
1289 4295 1556 4366 θησαυρὸν
1586 4292 1823 4362 ἀγαθῶν,

255 4407 273 4440 ι
298 4392 355 4441 ὲν
381 4382 427 4454 ᾧ
455 4388 654 4450 πάντες
709 4388 844 4439 είσὶν
873 4387 921 4438 οί
965 4385 1224 4457 θησαυροὶ
1260 4386 1358 4455 τῆς
1386 4384 1574 4453 σοφίας
1604 4383 1697 4436 καὶ
1725 4384 1827 4452 τῆς

255 4501 272 4530 ι
295 4480 550 4548 γνώσεως
585 4479 912 4550 ἀπόκρυφοι,
939 4497 956 4529 ι
994 4478 1134 4530 κατά
1178 4476 1268 4530 τὸν
1294 4477 1433 4530 θεῖον
1484 4474 1820 4528 Ἀπόστολον.

1259 448 1346 504 DE
1383 443 1914 503 ECCLESIASTICA
1946 442 2340 500 THEOLOGIA
2374 443 2502 499 LIB.
2537 442 2582 498 ῐ.

3388 435 3500 498 858

2544 563 2699 619 CAP.
2744 561 2881 619 VIII.

1937 657 2263 726 Proponitur
2311 657 2606 710 orthodoxa
2650 664 2700 710 et
2748 654 3003 710 salutaris
3053 652 3300 708 Ecclesiae
3343 653 3498 722 ﬁdes.

1929 885 1935 891 ,
2005 815 2346 886 Quapropter
2369 816 2455 870 via
2487 815 2631 885 regia
2659 824 2816 886 atque
2849 826 2992 872 recta
3026 817 3280 872 incedens
3309 817 3498 873 Eccle-

1934 909 2014 964 sia
2067 908 2182 973 Dei,
2239 908 2557 963 diverticula
2603 924 2634 962 a
2686 922 2745 962 se
2782 909 2994 977 abiegat
3049 908 3500 978 cujusqnemodi:

1935 999 2072 1064 suis,
2100 999 2189 1068 qui
2236 1009 2377 1062 sunt,
2411 999 2642 1054 alumnis
2684 1000 2872 1069 gratia:
2910 1001 3107 1055 divina:
3138 1003 3498 1072 cognitionem

1935 1091 2279 1144 commendat
2327 1105 2341 1142 :
2387 1089 2512 1143 dum
2567 1090 2619 1144 in
2676 1089 2796 1160 ipso
2839 1093 3261 1161 regenerationis
3321 1110 3502 1150 sacra-

1934 1191 2114 1236 mento
2141 1181 2297 1236 docet
2334 1182 2597 1248 conﬁteri,
2652 1192 2706 1237 et
2740 1182 2962 1238 credere
3016 1184 3068 1239 in
3120 1200 3281 1240 unum
3317 1187 3500 1250 ,Deum

1934 1273 2150 1328 Patrem
2199 1275 2664 1344 omnipotentem,
2737 1274 3030 1344 perfectam
3094 1278 3207 1332 suis
3262 1278 3505 1334 numeris

1933 1373 2207 1425 exactam,
2227 1372 2283 1417 et
2309 1373 2737 1418 consummatam
2773 1365 3009 1434 undique
3040 1365 3179 1420 hanc
3211 1381 3321 1435 prae
3345 1382 3404 1421 se
3427 1368 3504 1422 ie-

1933 1468 2060 1509 rens
2090 1442 2413 1508 credendam
2441 1453 2719 1521 theologia:
2750 1455 3036 1521 rationcm,
3084 1469 3190 1524 qua
3218 1454 3358 1509 Deus
3385 1470 3504 1510 esse

1933 1554 2068 1598 unus
2103 1546 2352 1611 traditur,
2395 1560 2729 1616 paganorum
2782 1545 2848 1601 de
2897 1547 3000 1602 diis
3050 1547 3232 1603 multis
3284 1562 3503 1603 errores

1932 1634 2291 1698 refelluntur;
2337 1651 2437 1704 qua
2464 1637 2776 1706 agnoscitur
2818 1637 2956 1692 idem
2991 1639 3133 1694 Deus
3165 1638 3330 1694 Pater
3361 1657 3374 1694 ι
3407 1654 3504 1709 per

1931 1741 2092 1798 quam
2149 1718 2549 1782 confessionem
2599 1743 2754 1782 suam
2801 1729 3125 1784 discernitur
3176 1731 3416 1786 Ecclesia
3470 1746 3502 1786 a

1931 1817 2176 1885 Iudaeis;
2222 1833 2328 1889 qua
2392 1819 2701 1886 agnoscitur
2748 1819 2890 1875 idem
2949 1821 3288 1891 omnipotens
3341 1838 3498 1886 esse,

1859 1918 1902 1974 Β
1931 1913 2214 1966 atheorum
2246 1920 2302 1966 et
2354 1911 2732 1966 hmreticoru‘m
2777 1912 3105 1982 impietatem
3161 1913 3498 1969 detestanda.

1929 1999 2118 2056 Nullus
2145 2011 2325 2056 autem
2362 2001 2522 2071 plane
2562 2002 2704 2057 inter
2759 2002 2914 2056 aliter
2958 2003 3305 2070 profitentes,
3337 2018 3501 2072 quam

1928 2084 2171 2154 Ecclesia
2216 2094 2413 2156 docet.
2463 2081 2809 2150 confitebitur
2838 2095 3003 2149 Deum
3039 2095 3254 2150 Patrem
3299 2095 3500 2153 Christi

1927 2205 2048 2247 esse
2093 2185 2244 2246 illum
2287 2186 2380 2262 qui
2417 2184 2559 2240 Deus
2593 2197 2676 2240 est
2710 2186 3086 2257 omnipotens;
3118 2192 3176 2250 ὦ
3208 2195 3268 2240 ιιι
3324 2202 3421 2243 nec
3469 2203 3502 2244 e

1926 2281 2231 2339 Judaeorum
2279 2286 2430 2338 secta
2476 2275 2744 2346 quispiam
2803 2284 2887 2330 est
2929 2275 3270 2342 professurus
3331 2275 3501 2330 Deum

1927 2375 2165 2438 Patrem,
2194 2390 2316 2430 cum
2349 2375 2466 2444 ejus
2495 2370 2692 2430 milium
2718 2368 3050 2436 unigenitum
3085 2381 3191 2422 non
3215 2367 3497 2423 admittat:

1926 2466 2021 2520 sed
2080 2482 2181 2521 nec
2241 2481 2574 2537 paganorum
2654 2467 2792 2522 ullus
2894 2459 3266 2524 concesserit,
3334 2474 3498 2513 unum

1926 2547 2098 2610 solum
2141 2572 2264 2613 esse
2299 2558 2490 2613 Deum.
2543 2558 2627 2613 Ab
2665 2558 2890 2614 istorum
2931 2551 3175 2612 omnium
3227 2552 3504 2606 erroribus

1926 2648 2166 2704 Ecclesia
2225 2661 2285 2703 se
2321 2648 2608 2713 mundans,
2666 2665 2829 2704 unum
2887 2651 3053 2704 Deum
3108 2642 3399 2720 prﬁdiﬂal.
3449 2648 3504 2694 6'-

1925 2741 2170 2795 eumdetn
2206 2755 2326 2796 esse
2356 2742 2512 2796 docet
2545 2739 2763 2796 Patrem
2804 2751 2859 2796 et
2890 2742 3311 2811 omnipotentem
3345 2758 3359 2796 :
3398 2731 3503 2792 P.2-

1927 2842 2062 2886 trem
2093 2831 2309 2901 quidem
2340 2832 2500 2888 unius
2526 2832 2696 2888 solius
2740 2831 2982 2898 Christi;
3023 2832 3260 2888 omnium
3316 2842 3494 2885 autem

1925 2921 2207 2976 Dominum
2259 2931 2313 2976 et
2360 2922 2719 2988 conditorem,
2773 2929 2827 2976 et
2878 2921 3067 2976 Deum.
3112 2921 3194 2976 Ad
3247 2921 3494 2975 eumdem

1926 3034 2136 3090 quoque
2184 3021 2400 3075 modum
2451 3018 2546 3074 Dei
2603 3019 2800 3073 Filium
2852 3019 3185 3089 unigenitum
3253 3015 3498 3083 agnoscit

1925 3128 2072 3178 eum,
2101 3114 2192 3183 qui
2226 3122 2352 3168 ante
2387 3113 2570 3168 omnia
2598 3110 2795 3166 saecula
2823 3111 2890 3166 de
2921 3110 3077 3166 Patre
3107 3111 3206 3166 t‘uit
3235 3111 3446 3179 genitus
3476 3128 3491 3164 :

1929 3218 2031 3258 non
2075 3203 2222 3257 illum
2249 3214 2415 3270 certe,
2455 3202 2702 3259 eumdem
2763 3217 2886 3258 cum
2929 3201 3084 3256 Patre
3123 3201 3496 3266 exsislentem,

1877 3294 1895 3316 ‘
1928 3303 1983 3348 at
2013 3310 2109 3364 per
2137 3311 2194 3350 se
2237 3296 2648 3363 subsistentem,
2694 3297 3070 3364 viventemque
3108 3308 3235 3348 vere
3280 3293 3492 3357 Filium,

1927 3397 2051 3438 cum
2080 3383 2238 3438 Patre
2277 3387 2698 3444 coexsistentem
2739 3386 2904 3441 Deum
2951 3385 3016 3440 de
3049 3384 3175 3451 Deo,
3207 3383 3382 3437 lumen
3432 3386 3497 3438 de

1927 3475 2126 3530 lumine
2153 3491 2166 3533 :
2205 3479 2368 3532 vitam
2397 3479 2461 3532 de
2489 3479 2598 3534 vita
2625 3497 2640 3544 ;
2679 3477 3140 3534 inenarrabilibus
3162 3516 3175 3538 ,
3212 3475 3497 3530 ineffabili-

1927 3565 2072 3630 bus,
2125 3567 2437 3624 omnimodo
2486 3570 2782 3641 incognitis
2834 3580 2888 3624 et
2943 3569 3497 3640 imperscrutabilibns

1927 3658 2227 3713 rationibus
2257 3659 2324 3715 de
2353 3661 2512 3715 Patre
2545 3662 2809 3733 genitum,
2845 3663 2911 3716 ad
2948 3661 3177 3716 salutem
3233 3659 3497 3714 universis

1925 3752 2347 3819 procurandam.
2410 3751 2524 3807 Non
2581 3753 2836 3808 similiter
2889 3752 3013 3808 aliis
3061 3751 3495 3807 subsistentem:

1927 3856 2026 3896 nec
2051 3841 2214 3896 vitam
2246 3843 2512 3898 viventem
2541 3860 2661 3899 cum
2699 3845 2804 3899 illis
2834 3860 3016 3914 parem
3053 3844 3143 3914 qui
3174 3843 3242 3899 ab
3274 3859 3338 3898 eo
3371 3852 3498 3899 sunt

1926 3934 2095 3988 creati
2125 3947 2141 3986 :
2177 3934 2350 3988 solum
2392 3935 2458 3990 de
2513 3935 2630 3990 solo
2682 3936 2844 3991 Patre
2889 3938 3124 4007 genitum
3157 3952 3172 3991 :
3205 3937 3497 4004 ipsammet

1925 4025 2092 4078 vitam
2130 4025 2504 4081 exsistentem.
2543 4025 2673 4080 Erat
2723 4028 2866 4080 enim
2920 4027 3029 4082 Deo
3072 4027 3400 4081 conveniens
3441 4036 3496 4081 et

1926 4128 2245 4184 congruum,
2289 4116 2379 4185 qui
2426 4130 2586 4185 super
2623 4131 2812 4171 omnes
2849 4127 2954 4180 est,
3007 4118 3098 4185 qui
3138 4125 3263 4170 ante
3315 4119 3494 4172 Omnia

1927 4205 2129 4275 genita,
2165 4214 2289 4262 ante
2327 4206 2524 4262 saecula
2573 4209 2753 4262 omnia
2784 4209 3112 4273 exsistebat,
3163 4209 3492 4277 unigenitum

1928 4298 2030 4353 hoc
2074 4298 2320 4367 genimen
2380 4301 2715 4367 producere',
2764 4299 2926 4354 veluti
2969 4301 3255 4369 quamdam
3320 4301 3491 4356 basim

1927 4388 2166 4442 futurum
2207 4400 2261 4444 et
2290 4390 2722 4456 fundamentum,
2754 4403 2807 4446 et
2847 4391 3268 4447 sustentaculum
3301 4393 3496 4447 immo-

1927 4482 2031 4536 bile
2064 4498 2248 4537 eorum
2275 4483 2516 4538 omnium
2551 4500 2672 4554 qua:
2703 4493 2861 4539 erant
2896 4485 2949 4540 in
2989 4486 3246 4540 secundis
3298 4487 3497 4555 produ-

251 4572 532 4626 Τοσούτων
565 4571 802 4640 ἀγαθῶν,
842 4572 870 4623 ὁ
906 4571 1063 4642 μόνος
1112 4569 1311 4637 ἀγαθὸς
1356 4568 1544 4638 Πατὴρ
1570 4567 1660 4622 τὸν
1700 4565 1824 4618 Υίὸν

1929 4574 2117 4626 renda.
2157 4572 2304 4629 Ilanc
2330 4575 2400 4628 ob
2422 4589 2643 4629 causam
2683 4573 2882 4629 Filium
2933 4576 3327 4646 progen‘eravit,
3373 4586 3496 4630 ante

251 4665 450 4735 ὺιρίστη
481 4663 757 4733 αύτοζωὴν
802 4663 950 4726 ὄντα,
989 4660 1247 4726 ζωοποιὸν
1279 4659 1388 4712 τῶν
1420 4659 1574 4723 ὅλων,
1608 4658 1702 4711 κα⁶ι
1732 4657 1826 4709 αύ-

248 4756 428 4824 τοφῶς
455 4755 514 4808 τὸ
537 4753 808 4825 ἀληθινὸν,
835 4754 926 4807 καὶ
955 4753 1132 4824 πάσης
1155 4753 1343 4823 νοερᾶς
1373 4753 1465 4804 καὶ
1492 4751 1712 4821 λογικῆς
1740 4750 1828 4802 ού-

254 4846 372 4909 σίας
421 4846 776 4914 φωτιστικόν·
827 4846 918 4898 καὶ
961 4845 1267 4912 αὑτόλογον,
1317 4844 1411 4897 καὶ
1467 4843 1676 4912 σοφίαν,
1739 4860 1826 4895 σο-

254 4937 369 5006 φῶς
398 4936 510 5004 (28)
545 4937 612 4989 τὰ
640 4937 813 4989 πάντα
839 4936 934 4989 καὶ
984 4935 1213 5003 λογικῶς
1245 4934 1604 5004 ὑφιστάμενόν
1631 4953 1690 4988 τε
1733 4936 1826 4988 καὶ

250 5027 571 5081 διοικοῦντα.
603 5021 702 5079 ’Ὧν
741 5027 803 5098 δὴ
841 5029 998 5098 χάριν
1026 5028 1054 5078 ὁ
1088 5025 1377 5097 μονογενὴς
1407 5026 1533 5088 Υἱὸς
1561 5026 1655 5078 τοῦ
1690 5025 1824 5078 Θεοῦ

256 5120 417 5190 μόνος
477 5118 638 5182 αύτὸς
693 5120 786 5171 καὶ
842 5119 962 5172 οὐδὲ
1015 5117 1171 5182 ἄλλος
1219 5117 1579 5190 ἀνηγόρευται
1626 5135 1684 5170 τε
1738 5118 1831 5173 καὶ

251 5210 422 5265 εστιν.

326 5488 438 5561 (2i)
469 5487 849 5544 Διδάσκουσα
877 5491 1201 5552 πιστεύειν,
1237 5491 1350 5559 lege
1387 5490 1482 5544 καί
1533 5489 1828 5544 πιστεύειν.

257 5556 433 5612 Corde
467 5561 607 5613 enim
637 5563 896 5622 creditur,
929 5577 1046 5630 rore
1078 5563 1136 5612 lit
1192 5556 1459 5616 confessio
1492 5577 1506 5613 :
1545 5571 1832 5630 utrumque

257 5632 499 5695 exigitur
532 5630 584 5682 in
611 5645 766 5698 sacro
791 5629 1136 5698 baptismate.

333 5697 873 5774 (25)_Hapézovaarf
910 5700 1242 5774 θεολογίαν.
1294 5699 1445 5774 Lege
1493 5703 1828 5774 παρέχουσα.

259 5765 500 5824 Ecclesia
536 5765 745 5837 nempe,
775 5771 889 5822 suis
932 5765 1162 5821 aluuuiis
1198 5770 1331 5822 hanc
1375 5765 1674 5836 Ildemfsi'c
1717 5780 1833 5823 sta-

265 5837 358 5896 tim
395 5839 722 5912 χωρίζουσα.
764 5841 832 5893 Μ.
863 5871 931 5880 —-
963 5839 1080 5893 Mox
1118 5847 1274 5908 vulgo
1304 5839 1394 5892 τὸν
1424 5839 1555 5892 Θεὸν
1586 5841 1826 5911 Πατέρα.

1932 4680 1993 4719 ea
2041 4665 2221 4720 omnia
2267 4682 2386 4737 qua;
2430 4667 2772 4737 producenda
2830 4679 3023 4733 erant,
3063 4677 3313 4738 tauquam
3363 4669 3498 4723 lucis

1932 4757 2206 4823 cujusdam
2261 4754 2491 4823 radium,
2540 4759 2662 4814 vitae
2712 4759 2937 4823 fontem,
2975 4759 3235 4814 bonorum
3283 4761 3496 4814 thesau-

1932 4863 2071 4910 rum,
2097 4867 2114 4898 c
2139 4847 2190 4901 in
2221 4863 2328 4917 quo
2344 4858 2672 4904 suntomnes
2695 4851 2972 4918 sapientia:
2999 4851 3234 4905 thesauri
3267 4851 3495 4905 abscon-

1932 4937 2023 4991 diti
2047 4949 2100 4992 et
2128 4939 2473 5009 cognitionis,
2500 4959 2518 4991 ι
2539 4943 2984 5010 quemadmodum
3012 4942 3223 4996 divinus
3256 4942 3492 4996 docebat

1930 5029 2222 5097 Apostolus
2259 5030 2325 5086 “.
2380 5030 2672 5086 Tantorum
2731 5033 3022 5104 taliumque
3061 5034 3346 5097 bonorum,
3402 5034 3490 5101 qui

1927 5120 2074 5174 solus
2125 5121 2299 5176 bonus
2362 5121 2522 5178 Pater
2567 5133 2672 5190 est,
2724 5125 2915 5179 Filium
2965 5127 3251 5193 progenuit
3311 5139 3490 5188 suum,

1932 5211 2217 5282 ipsammet
2247 5213 2412 5268 vitam
2439 5217 2786 5270 cxsistentcnt
2809 5256 2824 5283 ,
2866 5223 2921 5269 et
2948 5216 3186 5269 omnium
3220 5229 3339 5283 quae
3369 5223 3494 5268 sunt

2001 5488 2110 5557 (26)
2147 5488 2284 5543 Υιὸν
2307 5488 2800 5559 o’vvdrrarDeest,
2826 5483 3122 5559 still-largi.

2001 5556 2128 5633 (27)_
2157 5561 2261 5633 IIIp,
2295 5577 2384 5633 γρ.
2425 5558 2610 5633 ’Πατρί
2647 5569 2771 5612 ante
2819 5557 2948 5610 Θεόν
2987 5556 3310 5629 ponendum.
3367 5557 3488 5613 Mox
3578 5607 3596 5626 ,

1928 5628 2086 5693 vulgo
2107 5629 2186 5682 διὸ
2207 5629 2264 5682 δέ
2293 5628 2345 5682 ei
2378 5628 2508 5682 αὐτὸ
2535 5628 2668 5696 φῶς,
2701 5637 2806 5681 etc.

1998 5699 2112 5767 (28)
2147 5701 2255 5752 Καὶ
2293 5700 2539 5767 σοφίαν,
2568 5696 2793 5766 σαφῶς.
2833 5697 3017 5751 Potius
3040 5696 3362 5766 αὕτοσοφίαν
3383 5737 3397 5761 ,
3427 5707 3487 5767 _uI

1929 5758 2235 5837 αὑτόλογον.
2281 5758 2449 5822 Sie'et
2482 5758 2609 5823 mss.
2641 5758 2712 5822 ér.
2749 5758 2798 5836 ᾗ).
2841 5768 2934 5822 121
2972 5768 3032 5823 D.
3071 5767 3187 5821 Mox
3225 5758 3393 5837 vulgo
3418 5758 3488 5818 «In

1927 5839 1983 5892 δέ
2011 5849 2063 5894 et
2093 5837 2498 5908 ἀναγορεύεται.
