3970 6520
252 439 354 494 8H

1198 441 1286 496 DE
1326 441 1864 504 ECCLESIASTICA
1904 443 2469 506 THEOLOGIALIB.
2508 449 2548 505 1.

3391 455 3494 514 842

241 555 406 620 τρὸς,
430 551 662 618 ἐκεῖνος
681 551 1042 622 ἐξηγήσατο.
1070 575 1086 606 ι
1124 554 1281 608 Ἀλλὰ
1307 557 1397 609 καὶ
1420 557 1582 610 αὑτοῦ
1604 559 1695 611 τοῦ
1719 560 1801 613 Σω

1932 558 2176 612 eamdem
2215 555 2377 613 veluti
2408 559 2581 631 sigillo
2606 575 2706 618 suo
2731 562 3181 620 communiturus.
3227 565 3495 634 Quocirca

234 646 410 713 τῆρος
443 644 503 694 ἐν
524 644 643 706 ταῖς
670 646 794 715 περὶ
819 644 982 696 αὑτοῦ
1008 644 1372 708 διδασκαλίαις
1395 645 1546 699 ταῦτ’
1571 647 1829 719 ἐπισφρασ

237 734 574 803 γιςομένου,
617 734 686 786 δι’
729 729 804 786 ὧν
849 733 1052 802 ἔλεγεν
1093 735 1256 787 Οὕτω
1297 735 1404 802 γὰρ
1444 734 1762 805 ἠγάπησεν
1790 743 1824 793 ό

235 825 390 890 Θεὸς
414 825 526 878 τόν
549 828 796 894 κόσμον,
828 824 982 879 ὥστε
1016 826 1122 879 τόν
1149 827 1285 879 Υὶόν
1309 827 1493 881 αὑτοῦ
1517 827 1623 881 τόν
1639 847 1822 897 μονο-

232 916 386 986 rem"
427 917 673 982 ἔδωκεν,
707 917 809 970 ἵνα
842 915 960 984 πᾶς
989 921 1021 971 ὀ
1060 919 1362 971 πιστεύων
1394 921 1479 984 εἰς
1498 920 1684 974 αὐτόν
1710 923 1820 990 ἔχῃ

228 1008 393 1076 ζωὴν
421 1008 684 1062 αἰώνιον.
717 1008 774 1062 '0
799 1012 934 1080 μετὰ
953 1008 1155 1073 ταύτας
1185 1009 1284 1074 τὰς
1307 1009 1489 1078 φωνὰς
1509 1011 1730 1082 γενητὸν
1759 1012 1819 1076 ἐξ

227 1101 332 1152 οὑκ
380 1099 574 1162 ὄντων,
602 1085 708 1153 καὶ.
744 1101 947 1172 κτίσμα
973 1101 1082 1171 (56)
1124 1101 1464 1172 προηγμένον
1505 1101 1568 1154 ὲκ
1609 1101 1700 1154 τοῦ
1743 1103 1816 1174 μὴ

223 1189 390 1252 ὄντος
426 1190 520 1244 τὸν
545 1191 672 1244 Υἱδν
700 1190 1032 1262 ὁριζόμενος,
1063 1191 1252 1261 λέληθε
1277 1190 1512 1262 τοῦνομα
1545 1192 1643 1262 μὲν
1665 1192 1814 1264 αὑτῴ

230 1281 400 1352 μόνον
434 1281 812 1352 χαριζόμενος,
829 1282 890 1334 τὸ
915 1282 958 1335 δ’
980 1281 1194 1354 ἀληθῶς
1217 1282 1342 1335 Υἱὸν
1366 1280 1504 1336 εἶναι
1540 1282 1702 1354 ἀρνού
1711 1301 1809 1353 με-

223 1387 344 1434 νος.
391 1372 453 1424 '0
494 1371 602 1442 γὰρ
634 1369 694 1436 ἐξ
725 1372 823 1424 οὑκ
859 1373 1026 1426 ὄντων
1064 1372 1319 1442 γεγονὼς,
1359 1372 1460 1424 οὑκ
1503 1371 1566 1425 ἂν
1598 1372 1812 1444 ἀληθῶς

223 1461 433 1530 γένοιτ’
459 1461 522 1517 ἂν
554 1464 679 1528 Υἱὸς
710 1464 804 1518 τοῦ
828 1463 991 1517 Θεοῦ“
1025 1464 1106 1517 ὃτι
1146 1463 1280 1534 μηδὲ
1311 1463 1436 1516 ἄλλο
1465 1479 1516 1516 τι
1550 1463 1656 1516 τῶν
1690 1480 1810 1531 γεν-

225 1569 436 1622 νητων.

1928 663 2050 701 cum
2073 647 2379 717 hujusmodi
2407 651 2774 707 testimonium
2815 655 2913 723 ipsi
2948 655 3322 712 universorum
3353 658 3492 714 Deus

1926 737 2274 804 exhibuerit;
2341 753 2575 808 cumque
2631 743 2850 799 disertis
2912 746 3092 801 verbis
3142 747 3489 819 Evangelista

1924 830 2257 899 pronuntiet,
2288 845 2410 884 eum
2446 843 2567 887 esse
2590 831 2786 888 Filium
2825 835 3181 906 unigenitum,-
3209 840 3334 896 dum
3365 857 3490 911 pro-

1928 919 2141 973 nuntiat
2175 937 2189 974 :
2223 920 2391 975 Deum
2423 937 2570 976 nemo
2593 923 2722 977 vidit
2748 940 2976 993 unquam
3002 943 3020 980 :
3040 926 3355 1000 Unigenitus
3387 933 3492 987 Fi-

1924 1011 2026 1064 lius
2070 1008 2184 1081 (aut
2225 1011 2366 1066 Deus
2398 1013 2728 1084 uuigenitus)
2763 1017 2852 1085 qui
2894 1029 3004 1071 erat
3040 1021 3093 1074 in
3127 1022 3247 1076 sinu
3281 1022 3487 1090 Patris,

1923 1102 2032 1171 ipse
2052 1104 2319 1156 enarravit
2344 1101 2410 1158 ”.
2444 1103 2635 1159 Adhuc
2661 1121 2783 1159 cum
2819 1106 3078 1163 Servator
3106 1110 3323 1181 insuper
3351 1114 3483 1182 ipse,

1921 1193 2064 1247 inter
2117 1193 2439 1258 docendum,
2501 1195 2605 1248 hoc
2655 1199 2912 1266 assignet,
2963 1198 3049 1254 ubi
3089 1201 3158 1254 ita
3201 1202 3482 1272 loquitur:

1919 1285 2004 1338 lla
2024 1283 2166 1339 Deus
2188 1285 2371 1340 dilexit
2401 1289 2696 1354 mundum,
2741 1300 2795 1342 ut
2825 1287 2876 1342 F
2879 1291 3025 1344 ilium
3053 1293 3214 1360 ipsius
3249 1296 3488 1366 unigeni-

1917 1385 2027 1427 tum
2061 1376 2300 1442 dederit,
2328 1385 2384 1430 ut
2416 1379 2586 1433 omnis
2626 1380 2790 1446 quiin
2825 1397 2944 1435 eum
2979 1384 3287 1448 crediderit,
3327 1387 3484 1441 vitam

1914 1465 2179 1529 possideat
2210 1477 2457 1522 aeternam
2504 1468 2570 1523 "'.
2617 1469 2875 1540 Quisquis
2923 1467 3085 1542 igitur
3120 1479 3179 1536 >14
3207 1483 3327 1544 post
3369 1475 3485 1530 haec

1917 1557 2225 1613 testimonia
2261 1561 2598 1631 progenitum
2628 1562 2777 1616 illum
2810 1563 2876 1618 de
2901 1578 3008 1619 non
3032 1566 3285 1632 antibus,
3329 1575 3385 1622 et
3417 1583 3487 1623 ex

223 1658 344 1700 non
373 1652 504 1700 ente
561 1643 881 1713 productam
945 1643 1295 1700 aliirmaverit
1335 1654 1661 1708 creaturam,
1705 1646 1870 1702 istum
1910 1650 2142 1718 Filium;
2217 1668 2410 1708 nomen
2466 1656 2515 1710 ei
2581 1657 2793 1725 .nudum
2860 1659 3232 1715 tantummodo
3296 1660 3483 1730 largiri

225 1733 681 1804 deprehenditur,
730 1749 918 1791 revera
972 1746 1149 1792 autem
1182 1735 1377 1791 Filium
1429 1751 1570 1805 esse,
1609 1752 1926 1810 pernegare.
1960 1743 2094 1798 Nam
2139 1745 2228 1814 qui
2290 1744 2357 1800 de
2416 1761 2520 1801 non
2590 1747 2974 1804 exsistentibus
3012 1758 3304 1820 generatus
3357 1761 3483 1818 est,

224 1831 279 1891 is
307 1842 468 1903 certe
491 1832 584 1889 Dei
612 1831 786 1890 Filius
822 1848 945 1889 esse
981 1848 1170 1889 revera
1216 1832 1400 1904 nequit
1431 1850 1447 1890 :
1480 1849 1584 1890 non
1630 1837 1804 1906 magis
1841 1852 2003 1908 quam
2042 1839 2256 1909 quidvis
2280 1840 2425 1896 aliud
2459 1851 2723 1896 creatum.

902 1909 1068 1980 Κεφ.
1098 1927 1154 1979 ιι.

165 2066 179 2075 .
225 2016 356 2069 “Ott
379 2018 570 2088 μόνος
601 2015 668 2070 ἐκ
701 2017 806 2071 τοῦ
839 2018 1067 2084 Πατρός
1095 2020 1401 2088 γεννηθεὶς
1437 2023 1676 2088 εἰκότως
1712 2025 1811 2078 καὶ

299 2087 454 2152 Θεὸς
501 2088 596 2140 καὶ
637 2087 974 2157 μονογενὴς
1033 2087 1160 2155 Υἱός
1199 2092 1386 2160 μόνος
1428 2092 1610 2158 αὐτὸς
1639 2087 1813 2148 ἀνεί-

285 2173 495 2224 ρηται.

297 2249 417 2315 (57)
456 2248 513 2300 '0
541 2248 584 2299 δ’
612 2247 825 2317 ἀληθῶς
860 2247 985 2311 Υἱὸς
1011 2248 1105 2302 τοῦ
1136 2250 1270 2302 Θεοῦ
1307 2250 1367 2314 ἐξ
1409 2251 1570 2307 αὑτοῦ
1615 2253 1711 2306 ἆτε
1747 2252 1809 2323 δὴ

217 2339 288 2392 ὲκ
313 2339 528 2411 Πατρὸς
555 2339 890 2410 ἀππεχθεὶς,
918 2341 1139 2404 εἰκότως
1162 2342 1253 2395 καὶ
1269 2343 1568 2415 Ἀγαπητὺς
1600 2346 1692 2398 καὶ
1708 2345 1814 2398 Μο-

217 2433 453 2501 νογενὴς
505 2432 892 2503 χρηματίζειεν
921 2433 988 2487 ἂν
1017 2432 1111 2487 τοῦ
1160 2434 1397 2507 Πατρός·
1439 2434 1580 2489 οὕτω
1618 2436 1674 2490 δὲ
1718 2436 1812 2489 καὶ

215 2524 358 2588 Θεὸς
389 2523 454 2578 ἂν
478 2525 562 2594 εἴη
595 2523 726 2594 (58).
756 2524 820 2576 Τί
848 2524 957 2596 γὰρ
989 2523 1054 2579 ἂν
1081 2525 1292 2593 γένοιτο
1317 2526 1450 2580 Θεοῦ
1474 2527 1718 2598 γέννημα
1732 2527 1810 2598 τῷ

215 2617 581 2686 γεγεννηκότι
614 2615 1082 2686 ἀφωμοιωμένον;
1134 2617 1320 2682 Κτίξει
1363 2618 1461 2689 μὲν
1503 2615 1596 2673 οὖν
1653 2619 1807 2690 βασι-

107 2712 120 2720 ”
212 2703 347 2768 λεὺς
369 2706 548 2768 πόλιν,
574 2704 689 2758 ἀλλ’
713 2705 773 2756 οὑ
803 2705 968 2775 γεννᾷ
993 2705 1146 2758 πόλιν
1169 2723 1182 2736 ο
1219 2708 1413 2778 γεννᾷν
1439 2707 1495 2760 δὲ
1525 2708 1662 2773 υἱὸν,
1695 2707 1806 2761 ἀλλ’

212 2797 281 2850 οὑ
311 2797 518 2862 κτίζειν
550 2796 803 2865 λέγεται·
840 2797 934 2848 καὶ
959 2798 987 2848 ὁ
1019 2796 1345 2869 δημιουργὸς
1373 2797 1646 2870 τεχνίτης,
1689 2797 1804 2851 ἀλλ’

214 2889 346 2959 οὑχὶ
374 2889 557 2960 πατὴρ
595 2887 790 2956 γένοιτ’
833 2887 898 2940 ἂν
928 2886 1024 2940 τοῦ
1070 2889 1204 2960 πρὸς
1246 2890 1404 2943 αὑτὸν
1449 2891 1806 2962 δημιουργου·

217 2982 392 3052 μένου
412 2995 426 3010 ⁸
465 2980 561 3033 τοῦ
593 2979 639 3034 δ’
668 2979 727 3046 ἐξ
752 2977 916 3033 αὑτοῦ
939 2977 1135 3045 φύντος
1168 2978 1284 3033 υἱοῦ
1307 2981 1416 3049 ,οὐκ
1445 2979 1510 3034 ἂν
1542 2981 1805 3053 δημιουρ-

211 3075 318 3145 γὸς
361 3074 603 3145 λεχθείη.
638 3074 748 3127 Καὶ
779 3072 844 3144 δὴ
888 3073 982 3126 καὶ
1013 3072 1041 3126 ὁ
1086 3072 1196 3125 τῶν
1224 3073 1360 3128 ὅλων
1386 3073 1517 3138 Θεὸς
1565 3073 1658 3127 τοῦ
1710 3075 1805 3145 μὲν

212 3167 354 3221 Υίοῦ
383 3166 596 3238 Πατὴρ,
626 3164 720 3218 τοῦ
760 3163 817 3218 δὲ
863 3164 1068 3235 κόσμου
1095 3164 1316 3236 κτίστης
1358 3164 1424 3218 ἂν
1457 3165 1677 3228 εἰκότως
1712 3166 1805 3218 καὶ

2552 1938 2705 1993 CAP.
2752 1936 2819 1993 X.

1917 2026 2068 2093 Quod
2105 2044 2222 2083 cum
2249 2029 2391 2084 solus
2416 2030 2483 2083 sit
2501 2030 2565 2082 de
2593 2027 2753 2084 Patre
2786 2033 3107 2101 progenitus,
3130 2034 3315 2088 merito
3335 2034 3478 2090 saius

1981 2121 2175 2174 dicitur
2203 2121 2310 2190 ipse
2334 2132 2381 2176 et
2407 2120 2565 2185 Deus,
2595 2134 2640 2174 et
2670 2119 3006 2192 Unigenitus,
3032 2135 3186 2194 atque
3217 2123 3414 2179 Filius.

1985 2256 2085 2326 Qui
2125 2258 2418 2313 secundum
2460 2259 2744 2314 veritatem
2783 2259 2879 2314 Dei
2916 2259 3085 2315 Filius
3126 2269 3241 2326 est,
3284 2259 3353 2315 de
3383 2261 3475 2316 illo

1913 2349 2016 2404 hoc
2041 2359 2146 2416 est,
2177 2350 2243 2405 de
2271 2349 2430 2431 Patge
2459 2352 2696 2420 genitus,
2723 2351 2850 2419 quid
2874 2351 3068 2405 mirum
3094 2352 3138 2406 si
3163 2349 3478 2408 etDilectus

1912 2443 2115 2505 audiat,
2159 2453 2214 2497 et
2240 2441 2413 2497 Patris
2468 2443 2551 2496 sui
2587 2440 2929 2514 Unigenitus,
2971 2442 3041 2496 ob
3097 2456 3258 2514 quam
3305 2443 3478 2514 ipsam

1909 2548 2129 2588 causam
2163 2544 2219 2590 et
2244 2534 2388 2588 Deus
2438 2532 2637 2587 fuerit?
2665 2533 2738 2588 De
2759 2533 2868 2589 Deo
2885 2534 3148 2603 siquidem
3171 2535 3300 2604 quid
3330 2537 3478 2592 aliud

1908 2624 2052 2694 gigni
2079 2623 2268 2693 possit,
2296 2639 2456 2694 quam
2493 2624 2636 2693 quod
2663 2625 2764 2694 ipsi
2795 2639 2891 2694 per
2923 2626 3106 2680 omnia
3147 2626 3220 2681 sit
3261 2625 3476 2682 similli-

1909 2716 2093 2770 mum?
2136 2714 2334 2770 Condit
2369 2715 2619 2784 equidem
2660 2714 2932 2770 civitatem
2976 2730 3094 2780 rex,
3148 2729 3253 2770 non
3295 2726 3475 2771 autem

1908 2806 2075 2876 gignit
2112 2805 2416 2870 civitatem;
2447 2807 2666 2877 gignere
2701 2819 2829 2860 vero
2860 2805 3024 2859 ﬁlium
3046 2844 3062 2869 ,
3095 2821 3199 2860 non
3237 2807 3476 2864 condere

1907 2898 2167 2953 dicitur:
2229 2896 2424 2952 artifex
2476 2897 2640 2951 etiam
2699 2905 3068 2959 constructor,
3131 2909 3474 2966 nequaquam

1908 3004 2042 3045 vero
2079 2998 2232 3060 pater
2263 2988 2379 3057 ejus
2421 2988 2529 3042 dici
2582 2988 2766 3054 debet,
2814 2988 2954 3057 quod
2991 2988 3298 3044 construxit
3329 3003 3345 3042 :
3380 2989 3473 3058 qui

1906 3078 2002 3134 lilii
2036 3079 2103 3133 de
2123 3093 2181 3134 se
2207 3079 2542 3150 progenerati
2584 3077 2833 3134 conditor
2874 3092 2982 3132 non
3024 3077 3347 3146 appellatur.
3390 3078 3475 3132 Ad

1907 3171 2159 3227 eumdem
2188 3171 2404 3226 modum
2433 3171 2808 3230 universorum
2836 3168 3134 3237 Deus,Filii
3165 3169 3247 3226 sui
3285 3168 3471 3235 Pater,

213 3259 455 3330 ποιητὴς
480 3257 709 3326 λέγοιτο.
737 3256 800 3309 Ei
827 3256 872 3310 δ’
898 3254 1045 3320 ἆπαξ
1072 3272 1174 3308 που
1198 3257 1291 3328 τῆς
1316 3256 1534 3328 Γραφῆς
1560 3257 1801 3327 εὑρίσκει

1909 3261 2091 3315 mundi
2123 3260 2373 3315 conditor
2406 3260 2609 3330 optimo
2629 3258 2753 3330 jure
2779 3269 2833 3314 et
2857 3267 3202 3315 constructor
3231 3257 3472 3330 appella-

211 3365 303 3411 τις
323 3347 635 3426 εἰρημένον,
660 3346 874 3414 Κύριος
907 3345 1108 3401 ἔκτισέ
1128 3364 1204 3417 με
1222 3346 1418 3415 ἀρχὴν
1435 3346 1588 3401 ὁδῶν
1614 3347 1798 3401 αὐτοῦ

211 3443 306 3506 εις
345 3439 491 3508 ἔργα
526 3437 714 3492 αὐτοῦ
738 3437 758 3500 ,’
795 3434 884 3488 τὸν
918 3435 1043 3489 νοῦν
1078 3440 1396 3492 ἐπισκοπεῖν
1428 3437 1530 3510 χρὴ
1567 3437 1661 3491 τοῦ
1709 3437 1799 3492 λό-

212 3547 338 3598 γου,
374 3530 433 3582 ὃν
491 3530 684 3600 μικρὸν
715 3529 938 3603 ὕστερον
967 3529 1298 3601 ἐκθήσομαι·
1354 3529 1488 3584 ἀλλὰ
1529 3530 1625 3601 μὴ,
1661 3528 1799 3583 κατὰ

211 3621 560 3693 Μάρκελλον,
590 3623 655 3676 ὲκ
691 3623 818 3692 μιᾶς
848 3621 1045 3687 λέξεως
1084 3621 1145 3674 τὸ
1176 3621 1508 3693 κυριώτατον
1536 3622 1634 3693 τῆς
1675 3621 1798 3674 Ἐκ-

214 3716 451 3785 κλησίας
481 3715 881 3786 παρασαλεύειν
929 3715 1122 3784 δόγμα.
1161 3716 1428 3777 Κάκεῖνος
1474 3712 1602 3784 γὰρ,
1654 3713 1798 3780 ἅπαξ

210 3807 460 3870 ἀκούσας
497 3807 666 3875 Λόγον
701 3803 836 3860 εἶναι
865 3789 956 3860 τὸν
978 3803 1125 3869 Υίὸν,
1153 3802 1247 3856 ἐπὶ
1268 3803 1362 3858 τὸν
1385 3802 1668 3872 ἄνθρωπον
1701 3821 1800 3856 κα-

211 3896 495 3960 ταπεσὼν,
523 3897 624 3966 τὴν
653 3895 883 3966 ὓπαρξιν
907 3894 1084 3965 ἠθέτει
1110 3892 1297 3946 αὑτοῦ.
1331 3894 1424 3947 ’ον
1451 3892 1515 3964 δὴ
1545 3893 1639 3946 καὶ
1663 3892 1798 3966 πρὸς

212 3988 383 4045 αὑτοῦ
405 3989 501 4041 καὶ
524 3987 660 4058 πρὸς
683 3987 776 4040 τοῦ
793 3985 1004 4058 Πατρὸς
1025 3983 1464 4056 μαρτυρούμενον
1487 3980 1626 4036 εἶναι
1649 3983 1795 4048 Υἱὸν,

213 4077 339 4143 πῶς
371 4081 486 4142 τοῖς
523 4079 730 4142 λοιποῖς
755 4078 1033 4148 γεννητοῖς
1065 4073 1430 4146 παραϐάλλειν
1456 4075 1634 4142 ὄσιον;
1673 4073 1797 4136 Πῶς

212 4179 260 4232 δ’
289 4177 444 4230 ἔσται
479 4176 810 4247 Μονογενὴς,
839 4173 916 4245 τῷ
943 4172 1137 4244 πλήθει
1167 4171 1275 4226 τῶν
1305 4172 1602 4242 γεγονότων
1632 4188 1796 4225 συνα-

215 4269 619 4344 ριθμοὺμενος;
652 4267 762 4322 Καὶ
793 4265 896 4337 μὴν
931 4264 991 4330 ἐξ
1029 4263 1198 4338 αὑτῆς
1230 4265 1327 4334 τῆς
1359 4262 1727 4335 προσηγορίας
1768 4265 1798 4317 ὁ

217 4364 334 4426 υίὸς
362 4363 463 4432 τὴν
490 4361 626 4431 πρὸς
666 4360 758 4413 τὸν
791 4357 1002 4430 πατέρα
1042 4355 1273 4428 φυσικὴν
1310 4354 1492 4426 σχέσιν
1528 4356 1795 4426 παρίστη-

217 4468 304 4506 σιν
322 4468 337 4482 ·
365 4450 444 4513 ὡς
477 4445 546 4502 αὖ
571 4449 732 4503 πάλιν
756 4448 818 4501 τὸ
854 4444 1133 4517 μονογενὲς
1171 4446 1340 4514 ὄνομα
1367 4445 1460 4497 καί
1487 4443 1580 4498 τοῦ
1609 4445 1796 4513 γένους

215 4541 547 4612 ἐφάπτεται,
578 4541 671 4593 καὶ
700 4540 796 4610 τῆς
827 4540 1129 4610 γεννήσεως
1156 4537 1344 4606 αὑτῆς,
1387 4535 1480 4589 καὶ
1517 4533 1610 4589 τοῦ
1640 4535 1796 4607 μόνον

1903 3359 2011 3405 tur.
2037 3351 2191 3418 Quod
2211 3352 2255 3407 si
2273 3350 2437 3405 semel
2463 3365 2558 3420 per
2579 3349 2883 3418 Scripturas
2901 3349 3207 3404 inveniatur
3231 3349 3468 3404 dictum:

1901 3443 2159 3498 Dominus
2209 3443 2444 3496 condidit
2491 3458 2570 3495 me
2612 3441 2926 3511 principium
2966 3442 3172 3496 viarum
3205 3441 3356 3512 ejus,
3399 3441 3471 3495 ad

1898 3551 2055 3604 opera
2091 3540 2206 3605 ejus
2239 3535 2308 3603 ⁸⁸,
2330 3533 2545 3604 penitus
2585 3533 2913 3588 sententiam
2945 3531 3063 3602 eius
3109 3533 3258 3598 dicti,
3305 3547 3468 3603 quam

1898 3626 2056 3698 paulo
2088 3636 2209 3696 post
2236 3625 2585 3695 expositurus
2615 3638 2759 3689 sum,
2785 3623 3418 3694 debemusintrospicere
3450 3642 3464 3678 :

1865 3732 1997 3781 _nec
2042 3717 2185 3787 quod
2236 3715 2490 3772 Marcello
2549 3723 2864 3785 usurpatum
2916 3713 3041 3780 fuit,
3093 3726 3314 3786 propter
3364 3716 3469 3772 hoc

1898 3806 2116 3861 unicum
2170 3807 2576 3870 testimonium,
2629 3804 3059 3861 ecclesiasticum
3132 3805 3467 3876 pracipuum

1895 3895 2088 3967 dogma
2110 3897 2454 3952 labefactare.
2473 3897 2566 3952 Ille
2580 3897 2722 3951 enim
2743 3912 2866 3952 cum
2888 3897 3182 3953 audivisset
3205 3898 3284 3953 vel
3299 3899 3467 3953 semel

1899 3989 2130 4056 positum
2173 3987 2368 4041 Filium
2429 3986 2665 4042 Verbum
2715 3987 3016 4051 nominari,
3073 3987 3140 4039 ad
3195 3984 3464 4041 humanas

1899 4078 2136 4132 rationes
2164 4076 2447 4146 delapsus,
2493 4075 2660 4144 ipsius
2695 4074 2852 4142 plane
2903 4073 3122 4129 sustulit
3162 4072 3463 4128 subsisten-

1897 4169 2046 4224 tiam.
2080 4166 2212 4223 Cum
2242 4169 2332 4237 qui
2370 4182 2464 4236 per
2490 4166 2752 4236 seipsum,
2781 4174 2834 4219 et
2858 4179 2954 4233 per
2987 4163 3166 4220 Patris
3193 4163 3462 4234 prolatqu

1898 4257 2288 4322 testimonium,
2324 4255 2494 4326 Filius
2521 4265 2890 4323 usurparetur,
2921 4255 3025 4308 nisi
3056 4267 3323 4309 summam
3364 4269 3463 4324 per

1896 4349 2224 4419 impietatem
2275 4364 2399 4404 cum
2459 4347 2667 4403 caneris
2725 4346 2988 4402 creaturis
3050 4361 3151 4402 nec
3208 4347 3462 4417 componi

1896 4441 2088 4496 debeat
2118 4455 2292 4509 neque
2309 4437 2634 4508 comparari.
2662 4435 2794 4491 Nam
2825 4451 2931 4507 quo
2956 4446 3112 4507 pacto
3141 4437 3463 4509 Uuigenitus

1897 4529 2150 4600 appellari
2177 4536 2374 4600 queat,
2415 4528 2507 4599 qui
2543 4543 2666 4583 cum
2700 4526 3042 4582 multitudine
3071 4537 3463 4585 annumeratur

215 4632 378 4698 εἶναι,
420 4633 516 4686 καὶ
548 4633 840 4703 μηδέτερον
876 4629 1023 4700 αὑτῷ
1067 4629 1166 4700 τῆς
1209 4627 1451 4697 υἱότητος
1494 4628 1788 4699 κοινωνεῖν.

1907 4621 2304 4677 creaturarum?
2324 4621 2455 4675 Cum
2474 4621 2557 4674 vel
2579 4619 2646 4672 de
2668 4618 2900 4673 nominis
2922 4617 3092 4673 solius
3116 4619 3464 4688 usurpatione

226 4723 367 4778 Ἀλλ’
396 4724 606 4776 ἐοίκασι
627 4721 818 4774 ταύτὸν
837 4718 1138 4791 Μαρκέλλῳ
1169 4716 1336 4780 πάθος
1357 4716 1677 4770 πεπονθέναι
1699 4718 1794 4771 καὶ

211 4814 382 4873 οὗτοι.
429 4817 487 4868 '0
522 4814 619 4886 μὲν
651 4813 760 4884 γὰρ
780 4813 886 4866 δέει
914 4813 1008 4866 τοῦ
1046 4811 1118 4883 μὴ
1151 4809 1244 4864 δύο
1273 4809 1436 4873 Θεοὺς
1466 4810 1657 4873 εἰπεῖν,
1693 4807 1792 4878 τὴν

211 4909 445 4980 ἄρνησιν
466 4906 561 4959 τοῦ
583 4906 710 4960 Υἱοῦ
738 4904 1122 4978 προύϐάλλετο,
1148 4903 1247 4973 τὴν
1272 4901 1564 4954 ὑπόστασιν
1587 4900 1790 4954 ἀθετῶν

213 4999 384 5056 αὑτοῦ
404 5015 419 5030 ’
448 5001 496 5052 οἱ
522 5000 598 5063 δὲ,
616 4997 707 5052 δύο
737 4998 917 5060 δόντες
936 4996 1281 5058 ὑποστάσεις,
1307 4993 1406 5063 τὴν
1439 4992 1536 5062 μὲν
1567 4992 1792 5062 ἀγέννη-

203 5106 330 5153 τον,
359 5089 461 5158 τὴν
507 5087 549 5140 δ’
579 5086 638 5151 ἐξ
667 5087 765 5140 οὑκ
797 5085 964 5139 ὄντων
1007 5084 1338 5144 κτισθεῖσαν,
1379 5082 1474 5134 ἕνα
1523 5079 1622 5150 μὲν
1656 5079 1788 5134 Θεὸν

203 5181 558 5251 ὑφίστανται.
597 5179 652 5231 '0
684 5177 739 5230 δὲ
781 5176 900 5239 Υἱὸς
923 5177 1023 5228 οὑκ
1055 5175 1128 5226 ἔτ’
1157 5174 1358 5237 αὑτοῖς,
1391 5171 1511 5224 οὑδὲ
1544 5173 1784 5240 Μονογε-

1897 4713 2039 4769 ﬁlius
2075 4713 2373 4767 naturalem
2424 4710 2712 4780 quamdam
2756 4708 2999 4764 obtineat
3047 4710 3116 4764 ad
3159 4709 3461 4780 genitorem

1896 4815 2052 4859 suum
2087 4802 2422 4866 relationem,
2455 4814 2686 4870 cumque
2711 4814 2908 4855 nomen
2943 4799 3095 4866 illud,
3128 4801 3459 4870 unigenitus,

1898 4893 1964 4948 ad
1994 4909 2160 4962 genus
2190 4893 2495 4963 pertingat,
2545 4901 2600 4946 et
2644 4891 3046 4962 generationem
3072 4931 3088 4957 ,
3126 4891 3298 4948 solum
3337 4905 3461 4946 eum

1896 4983 2097 5039 indicet
2121 4994 2171 5039 et
2191 4984 2492 5038 solitarium
2529 5001 2542 5037 :
2572 4997 2674 5038 nec
2706 4983 2761 5038 in
2787 4982 3050 5037 liliatione
3072 4996 3191 5048 sua,
3221 4996 3460 5052 quocune

1893 5092 1998 5146 que
2040 5091 2161 5130 cum
2209 5076 2316 5131 alio
2364 5075 2795 5145 participautem.
2829 5075 2978 5139 mAt
3027 5074 3170 5128 enim
3209 5073 3460 5127 videntur

1893 5167 2051 5222 iidem
2079 5167 2166 5222 isti
2198 5183 2319 5222 cum
2344 5166 2594 5222 Marcello
2633 5167 2823 5222 eodem
2856 5159 3014 5235 plane
3041 5164 3200 5219 modo
3247 5161 3449 5218 aﬂ‘ecti.

295 5348 356 5406 ἧι
389 5340 484 5396 Ed.
513 5339 708 5403 Paris,
744 5353 898 5408 pagg.
924 5337 1013 5404 68,
1040 5337 1127 5392 69.
1207 5335 1252 5366 ⁸³
1278 5333 1432 5388 Joan.
1465 5349 1502 5398 ι,
1533 5333 1619 5386 18.
1693 5333 1739 5364 ⁵⁸
1763 5331 1801 5386 ιι

1907 5371 1915 5384 .
1949 5344 2034 5392 ιιι,
2071 5325 2153 5379 16.
2230 5325 2275 5356 ⁵⁵
2308 5322 2464 5379 Prov.
2493 5337 2612 5388 vin,
2647 5320 2738 5375 22.

281 5535 395 5603 (56)
426 5533 823 5602 Προηγμένον.
852 5532 1037 5592 Recte.
1067 5531 1417 5603 ‘maleautem
1443 5529 1502 5603 in
1531 5527 1778 5594 Socrate,

212 5596 646 5681 προηγούμενον,
682 5604 821 5658 forte
871 5596 1290 5672 προαγόμενονε
1341 5602 1433 5655 sed
1491 5601 1630 5654 hanc
1683 5614 1780 5653 no-

213 5689 388 5723 turam
413 5675 690 5723 lectionem
719 5671 1212 5723 malim.M.—Uein
1229 5671 1382 5723 vulgo
1413 5670 1620 5723 γένοιτο
1647 5669 1777 5723 υἱός.

213 5671 388 5734 5ιήἡῆ
413 5671 690 5728 lectionem
719 5671 1212 5727 nmlim.M.—Uein
1229 5671 1382 5742 vulgo
1413 5671 1620 5740 γένοιτο
1647 5671 1777 5732 υίός.

292 5745 410 5824 (δη
447 5745 509 5798 ὀ
529 5741 860 5824 δ’,ἀληθῶς-
912 5741 1366 5824 ξρρνθεθελιεεὶι,
1391 5741 1418 5794 ὁ
1449 5740 1494 5792 δ’
1550 5738 1775 5824 exactis,

213 5809 308 5873 sed
344 5809 519 5870 minus
553 5809 765 5868 sincera
809 5825 895 5867 est
924 5813 1066 5867 illius
1095 5811 1253 5867 lectio
1277 5809 1442 5882 quam
1471 5819 1670 5867 nostra.
1704 5809 1775 5864 Μ.

216 5917 283 5929 —-
328 5886 462 5943 Dein
486 5885 642 5954 vulgo
676 5883 771 5937 ἆτε
803 5882 880 5935 δέ.

545 5977 815 6038 Ρλτειοι.
847 5974 962 6035 Gn.
991 5975 1202 6036 XXIV

1881 5731 2010 5811 δῆμ.
2047 5739 2304 5811 τεχνίτης
2325 5731 2380 5794 et
2409 5731 2562 5811 έκκλ.
2596 5731 2608 5735 ’
2628 5731 2997 5808 παρασκεὺειν
3026 5733 3203 5804 δόγμα
3235 5741 3288 5790 et
3318 5731 3452 5787 ὂνόὲ

1879 5807 1974 5863 καί
2006 5819 2060 5870 et
2092 5807 2315 5878 συναριθ
2325 5807 2610 5880 μούμενον.

1953 5529 2066 5600 (58)
2100 5528 2389 5609 Τιτὰρ-ἂν
2417 5529 2667 5609 γένοιτο.
2682 5526 2857 5609 Deest
2902 5539 3012 5609 vos
3050 5523 3257 5609 γένοιτο
3313 5521 3454 5609 apud

1885 5595 2159 5655 Socratem
2181 5595 2350 5666 'm'ale,
2383 5595 2475 5666 qui
2499 5607 2553 5666 et
2577 5605 2818 5650 nostram
2850 5595 3450 5666 script_uram_corrign,

1881 5670 2091 5740 legend.
2131 5671 2293 5731 enim,
2380 5663 2461 5732 τὸ,
2486 5665 2565 5740 τῷ
2583 5663 2953 5740 γεγεννηκότι.
2984 5663 3272 5740 BAL—Mox
3297 5667 3453 5740 vulgo

3403 5731 3423 5746 ρ.

3052 5963 3128 6020 2ῖ
