3970 6512
276 416 379 473 845

1288 413 1375 466 DE
1412 411 1935 468 ECCLESIASTICA
1975 409 2367 466 THEOLOGIA
2408 410 2536 464 LIB.
2577 409 2622 463 I.
3410 402 3503 457 8H

272 549 337 585 τα
382 530 496 601 (Η)
550 530 1020 600 ὑποστησάμενος’
1082 530 1111 580 6
1160 526 1503 581 ἀποστέλλων
1563 527 1751 579 αὐτόν’
1816 528 1844 579 6

1956 534 2188 578 iteratam
2221 539 2341 578 cum
2375 522 2717 577 monarcliica
2755 530 3023 590 potestate
3079 535 3328 591 suprema
3383 534 3511 591 pos-

272 622 626 693 προστάττων
674 618 843 689 αὐτῷ,
891 621 919 671 6
963 618 1365 688 ἐντελλόμενοςο
1428 619 1456 668 6
1491 617 1780 671 διδάσκωνο
1818 618 1845 667 6

168 699 179 709 ’
273 710 453 761 πάντα
485 706 632 777 αύτῷ
659 707 1005 777 παραδιδοὺς,
1045 708 1073 758 6
1104 705 1339 770 δοξάζων
1379 706 1571 758 αὐτόν·
1612 708 1640 759 6
1678 707 1844 777 ὑπερ-

272 802 421 871 υψῶν
443 818 456 831 ·
491 801 520 851 6
550 798 833 862 ἀναδείξας
857 797 1077 867 βασιλέα
1109 797 1216 850 τῶν
1238 797 1372 850 ὅλων
1393 815 1404 826 ·
1437 801 1465 850 6
1494 799 1672 850 πᾶσαν
1698 798 1846 866 αύτῴ

270 892 367 962 τὴν
399 890 584 961 κρίσιν
610 888 970 959 παραδιδούς’
1016 888 1044 939 6
1095 889 1184 942 καὶ
1208 890 1353 958 ἡμᾶς
1386 888 1528 958 αὐτῷ
1569 887 1846 941 πείθεσθαι

272 982 625 1053 βουλόμενος·
660 982 688 1032 6
719 980 809 1032 τὸν
841 981 897 1031 ἐν
919 978 1067 1049 δεξιᾷ
1099 981 1195 1049 τῆς
1231 979 1698 1049 μεγαλοπρεπείας
1751 980 1848 1030 αὑ-

267 1073 362 1126 τοῦ
402 1072 651 1142 κατέχειν
694 1070 876 1140 θρόνον
907 1070 1353 1141 ἐγκελευόμενος
1398 1073 1453 1122 ἐν
1485 1070 1561 1140 τῷ
1596 1088 1848 1140 προσφω-

270 1167 383 1217 νεῖν
417 1163 565 1233 αὐτῷ
597 1164 688 1215 καὶ
730 1163 907 1230 λέγειν
928 1181 941 1193 ·
977 1162 1173 1216 Κάθου
1198 1163 1265 1215 ἐκ
1292 1161 1506 1226 δεξιῶν
1534 1178 1672 1230 μου·
1703 1164 1732 1215 6
1761 1162 1847 1214 διὰ

271 1253 449 1306 ταῦτα
484 1254 681 1317 πάντα,
717 1254 812 1305 καὶ
846 1253 1009 1306 αὐτοῦ
1054 1252 1311 1323 ὑπάρχων
1344 1252 1437 1306 τοῦ
1468 1252 1596 1305 Υὶοῦ
1620 1253 1771 1315 Θεὸς,
1803 1246 1848 1320 ᾧ

273 1344 595 1414 πειθόμενος
624 1346 651 1397 6
683 1343 989 1415 Μονογενὴς
1009 1343 1172 1397 αὑτοῦ
1206 1347 1355 1406 παῖς,
1388 1344 1686 1397 ἐκένωσεν
1709 1345 1847 1397 ἐαυ-

270 1435 401 1499 τὸν,
435 1435 835 1488 ἐταπείνωσεν
857 1435 1091 1498 ἑαυτὸν,
1123 1434 1357 1503 μορφὴν
1372 1434 1593 1488 δούλου
1611 1436 1848 1503 ἀνείλη-

269 1542 411 1593 φεν,
434 1523 703 1591 ὑπήκοος
725 1523 902 1594 μέχρι
923 1523 1181 1580 θανάτου
1206 1524 1471 1594 γέγονεν’
1492 1517 1537 1592 ᾧ
1562 1526 1655 1578 καὶ
1679 1541 1848 1596 προσς

269 1614 518 1685 εύχεται,
544 1609 587 1683 ᾧ
613 1614 881 1669 κελεύοντι
909 1614 1179 1668 πείθεται·
1214 1609 1258 1683 ᾧ
1292 1616 1384 1667 καὶ
1413 1616 1753 1686 εὐχαριστεῖ·
1789 1614 1847 1666 ὃν

270 1708 370 1761 καὶ
437 1707 593 1777 μόνον
640 1705 888 1778 ἀληθινὸν
940 1705 1071 1758 Θεὸν
1106 1705 1353 1775 ἡγεῖσθαι
1397 1708 1540 1776 ἡμᾶς
1588 1705 1846 1771 διδάσκει,

270 1801 501 1872 μείζονά
536 1817 595 1852 τε
628 1797 763 1852 εἶναι
812 1799 1004 1853 ἑαυτοῦ
1033 1800 1314 1870 ὁμολογεῖ·
1356 1800 1414 1853 ὂν
1446 1800 1539 1853 ἐπὶ
1564 1802 1695 1853 πᾶσι
1729 1800 1849 1852 τού-

1948 616 2153 679 sidens,
2190 613 2383 669 Filium
2419 614 2737 682 participem
2766 611 2896 667 fecit
2927 627 3036 666 sua:
3061 612 3183 665 vitae
3224 622 3280 665 et
3314 610 3514 665 divini-

1949 707 2120 761 tatis:
2152 721 2244 760 sua
2282 705 2461 759 omnia
2493 704 2734 771 subjecta
2773 705 2819 757 ei
2853 702 3073 757 tradidit
3118 720 3132 756 :
3173 719 3296 757 cum
3339 702 3512 767 misit,

1948 800 2227 853 mandavit
2259 798 2361 861 illi,
2394 798 2445 851 in
2480 797 2762 865 praeceptis
2797 796 2963 859 dedit,
2998 794 3201 859 docuit,
3229 797 3409 850 omnia
3437 794 3511 848 illi

1948 890 2187 956 donavit,
2243 888 2392 942 illum
2453 885 2793 958 gloriﬁcavit,
2860 885 3009 938 illum
3064 886 3507 954 superexaltavit,

1948 998 2130 1051 regem
2170 982 2544 1036 universorum
2583 978 2901 1042 declaravit,
2932 978 3191 1043 judicium
3235 995 3394 1035 omne
3436 980 3509 1035 illi

1951 1076 2194 1138 tradidit,
2238 1089 2337 1128 nos
2390 1072 2558 1127 voluit
2609 1072 2683 1125 illi
2740 1070 3135 1139 obtemperare,
3182 1070 3342 1139 jussit
3387 1086 3509 1125 eum

1948 1169 2131 1222 sedem
2173 1180 2326 1220 suam
2387 1163 2720 1219 constituere
2775 1180 2803 1218 a
2864 1164 3052 1217 dextra
3097 1163 3513 1233 magniﬁcentia:

1948 1267 2077 1314 suae,
2124 1267 2245 1305 cum
2282 1251 2360 1304 sic
2400 1250 2547 1304 illum
2594 1248 2792 1305 affatus
2833 1254 3273 1320 proloqueretur,
3310 1252 3442 1307 Sede
3479 1269 3511 1306 ιι

1948 1344 2146 1397 dextris
2190 1346 2338 1411 meis,
2368 1345 2459 1413 qui
2492 1345 2562 1398 ob
2594 1345 2692 1398 ista
2714 1344 2923 1411 singula
2956 1355 3009 1399 et
3041 1346 3319 1413 universa,
3347 1347 3512 1415 ipsius

1948 1433 2309 1490 Filiiexsistat
2341 1434 2513 1488 Deus:
2540 1435 2626 1488 cui
2658 1435 3058 1503 obtemperatus
3097 1438 3400 1506 unigenitus
3430 1436 3513 1491 Fi-

1950 1526 2077 1590 lius,
2117 1530 2291 1581 semet
2320 1526 2622 1579 exinanivit
2657 1526 2852 1593 ipsum,
2881 1539 3000 1581 sese
3034 1527 3357 1593 liutniliavit,
3400 1526 3512 1582 for-

1950 1632 2091 1670 mam
2140 1620 2283 1670 servi
2335 1616 2629 1685 accipieus,
2676 1616 2854 1670 lactus
2901 1616 3159 1672 obediens
3210 1633 3382 1687 usque
3442 1622 3511 1674 ad

1950 1719 2200 1763 mortem.
2231 1708 2401 1774 Quem
2431 1708 2682 1775 precibus
2716 1707 3052 1776 interpellat;
3088 1710 3172 1763 cui
3196 1710 3402 1777 obedit,
3427 1713 3512 1766 cui

1950 1801 2152 1869 gratias
2203 1801 2333 1869 agit,
2382 1813 2540 1867 quem
2605 1800 2777 1852 solum
2829 1800 3046 1853 unicum
3105 1815 3293 1855 verum
3346 1803 3513 1857 Deunt

265 1909 385 1955 τοις
417 1892 649 1945 καίΘεὸν
678 1887 815 1945 εἶναι
843 1893 1034 1944 ἑαυτοῦ
1064 1892 1269 1955 πάντας
1327 1893 1472 1962 ἡμᾶς
1502 1891 1693 1945 εἰδέναι
1726 1892 1847 1961 βού-

1956 1892 2169 1944 credere
2224 1905 2322 1943 nos
2364 1891 2562 1944 docet:
2605 1906 2765 1959 quem
2812 1905 2868 1944 se
2902 1892 3160 1960 majorem
3202 1893 3509 1961 profitetur,

266 1982 448 2036 λεται.
481 1984 575 2036 ’ον
602 1982 742 2036 οὕτω
779 1983 1069 2047 δοξάζοντα
1091 1982 1180 2036 τὸν
1206 1982 1398 2036 ἑαυτοῦ
1420 1984 1655 2053 Πατέρα,
1688 1986 1848 2055 ἀμοι-

268 2075 447 2138 ϐαίως
479 2074 834 2141 ἀντιδοξάζων
870 2077 896 2127 6
930 2075 1137 2146 Πατὴρ,
1171 2076 1264 2128 καὶ
1296 2076 1518 2145 Κύριον,
1552 2079 1644 2128 καὶ
1666 2078 1849 2147 Σωτῆ-

269 2184 368 2239 ρα,
393 2168 487 2219 καὶ
516 2166 646 2219 Θεὸν
676 2168 784 2218 τῶν
814 2166 969 2231 ὅλων,
996 2167 1089 2219 καὶ
1120 2167 1402 2237 σύνθρονον
1434 2167 1533 2237 τῆς
1562 2167 1724 2221 αὐτοῦ
1757 2168 1851 2237 βα-

269 2257 482 2320 σιλείας
505 2257 757 2323 ἀνέδειξε.
784 2258 849 2309 "A
870 2257 933 2327 δὴ
961 2258 1359 2329 πεπαιδευμένη
1384 2260 1417 2328 ἡ
1449 2260 1739 2331 Ἐκκλησία
1756 2258 1847 2311 τοῦ

266 2349 433 2413 Θεοῦ,
461 2350 658 2419 ἑαυτῆς
684 2350 779 2419 μὲν
807 2351 898 2403 καὶ
923 2350 1075 2412 Θεὸν,
1108 2352 1200 2403 καὶ
1244 2351 1444 2422 Κύριον
1478 2354 1571 2405 καὶ
1605 2355 1847 2424 Σωτῆρα,

266 2441 372 2494 τοῦ
422 2440 465 2493 δ’
493 2441 585 2493 ἐπὶ
619 2443 833 2494 πάντων
864 2442 997 2494 Θεοῦ
1029 2442 1153 2493 Υἰὸν
1185 2443 1445 2512 μονογενῆ
1495 2444 1654 2499 αὐτὸν
1688 2444 1849 2512 γινὼ-

269 2548 429 2584 σκειν
449 2571 463 2594 ,
491 2534 582 2584 καὶ
608 2534 797 2587 οὐδένα
824 2534 921 2603 μὲν
947 2533 1102 2586 ἀλλον
1122 2532 1229 2585 τῶν
1254 2534 1523 2602 γεννητῶν
1554 2533 1850 2605 ἀναγορεύ-

267 2639 360 2675 ειν
394 2622 528 2676 Θεὸν
554 2622 713 2687 ἀξιοῖ,
746 2624 903 2693 μόνον
926 2625 981 2677 δὲ
1018 2625 1202 2677 τοῦτον
1236 2620 1341 2677 οἶδε
1370 2624 1523 2687 Θεὸν,
1552 2624 1610 2676 ὃν
1636 2626 1791 2694 μόνον
1823 2629 1851 2679 6

267 2714 469 2787 Πατὴρ
493 2715 553 2778 ἐξ
578 2715 769 2768 ἑαυτοῦ
799 2716 1008 2783 ἐγέννα.
1047 2718 1253 2787 ’Ὠσπερ
1280 2712 1371 2769 οὖν
1401 2715 1561 2778 αὐτὸς
1584 2715 1671 2768 διὰ
1698 2717 1851 2769 Σολο-

276 2804 464 2875 μῶνος
519 2805 757 2877 παρίστη
785 2806 959 2875 λέγων
984 2824 998 2837 ο
1045 2806 1165 2875 Πρὸ
1191 2806 1295 2860 τοῦ
1331 2806 1435 2874 ὄρη
1470 2805 1846 2873 ἑδρασθῆναι,

272 2896 398 2965 ,πρὸ
425 2898 493 2950 δὲ
518 2897 758 2951 πάντων
781 2899 1024 2963 ,Βουνῶν
1051 2898 1231 2968 γεννᾷ
1261 2916 1354 2967 με,
1391 2893 1491 2951 ὧδέ
1525 2917 1599 2969 πη
1629 2900 1729 2970 δρη
1760 2900 1852 2953 καὶ

273 2986 503 3056 βουνοὺς
527 2987 803 3079 τάς.θείας
838 2990 928 3041 καὶ
962 2987 1361 3058 ὑπερκοσμίους
1390 2988 1645 3057 δυνάμεις
1677 2990 1848 3041 αἰνιτ-

274 3079 526 3148 τόμενος.

918 3346 1071 3404 ΚΕΦ.
1124 3351 1221 3403 ΙΒ’.

326 3440 426 3505 Ὠς
464 3441 725 3509 ἇῤῥητος
751 3443 937 3496 αὐτοῦ
962 3445 999 3510 ἡ
1020 3444 1088 3495 ἐκ
1119 3444 1224 3497 τοῦ
1256 3443 1484 3511 Πατρός
1513 3442 1816 3513 γέννησις.

354 3533 421 3584 Ei
456 3531 512 3584 δὲ
547 3532 610 3603 δὴ
639 3532 749 3600 (42)
785 3534 1195 3604 περιεργάζοιτό
1224 3552 1327 3597 τις,
1368 3535 1461 3587 καὶ
1493 3533 1607 3596 πῶς
1634 3534 1699 3586 ἂν
1733 3549 1853 3601 γεν-

275 3627 498 3696 νήσειεν
519 3627 549 3677 6
579 3626 731 3689 Θεὸς,
758 3627 873 3690 πῶς
900 3626 945 3679 δ’
971 3627 1121 3681 ἔσται
1146 3628 1335 3698 Πατὴρ
1364 3628 1430 3697 (6)
1462 3627 1715 3680 ἐπέκεινα
1746 3628 1853 3680 τῶν

274 3719 456 3781 ὅλωνς
512 3717 569 3769 τὸ
598 3718 868 3788 τολμηρὸν
894 3719 989 3771 τοῦ
1021 3712 1300 3790 πύσματος
1331 3722 1669 3790 κατασιγάσῃ
1698 3722 1725 3771 6
1745 3722 1851 3789 φή-

276 3828 385 3873 σας
404 3827 416 3840 ·
463 3808 759 3877 Βαθύτερά
793 3810 901 3879 (45)
932 3826 1046 3862 σου
1071 3810 1156 3878 μὴ
1188 3810 1358 3875 ζήτει,
1389 3811 1484 3863 καὶ
1513 3812 1855 3881 ὑψηλότερά

273 3920 400 3957 σου
410 3900 497 3970 μὴ
514 3901 745 3964 ἐξέταζε
769 3919 783 3932 ο
813 3900 851 3955 ἅ
872 3902 1207 3970 προσετάγη
1235 3918 1352 3967 σοι,
1378 3902 1559 3955 ταῦτα
1588 3903 1848 3957 διανοοῦ·

272 3996 355 4047 οὐ
373 3992 483 4061 γάρ
501 3993 634 4045 ἐστι’
646 4002 742 4045 σοι
758 3993 925 4060 χρεία
942 3993 1059 4045 τῶν
1086 3993 1378 4059 κρυπτῶν.
1400 3996 1506 4046 Καὶ
1520 3995 1547 4045 6
1567 3995 1772 4058 Παῦλος
1797 3995 1854 4047 δὲ

274 4082 474 4138 εἰπών·
499 4083 566 4135 Ὢ
579 4081 770 4147 βάθος
794 4082 1056 4135 πλούτου
1076 4082 1174 4134 καὶ
1199 4084 1433 4151 σοφίας,
1458 4083 1553 4138 καὶ
1586 4084 1855 4152 γνώσεως

279 4172 472 4228 Θεοῦ]
509 4174 587 4236 ὼς
624 4172 1059 4240 ἀνεξερεύνητα
1104 4174 1176 4226 τὰ
1219 4174 1466 4241 κρίματα
1502 4174 1726 4229 αὑτοῦ]
1757 4174 1855 4227 καὶ

281 4263 741 4331 ἀνεξιχνίαστοι
774 4266 831 4317 αἱ
865 4263 989 4316 ὁδοὶ
1019 4264 1239 4317 αὐτοῦ]
1269 4264 1371 4316 Τὸν
1410 4265 1714 4335 περαιτέρω
1746 4282 1853 4333 χω-

281 4358 400 4427 ρεῖν
433 4355 747 4424 τολμῶντα,
782 4354 854 4425 μὴ
887 4355 1192 4423 άνεφίκτοις
1234 4356 1527 4425 ἐπιχειρεῖν
1559 4356 1591 4425 ἢ
1627 4354 1856 4407 πειθέτω

277 4446 459 4513 λέγων
479 4446 737 4517 πρότερον
762 4444 941 4507 αὐτὸς,
969 4443 1003 4496 ἃ
1021 4444 1083 4514 δή
1119 4462 1279 4514 φησιν
1306 4444 1364 4508 ἐξ
1390 4446 1489 4497 οὐκ
1514 4445 1679 4498 ὀντων
1702 4462 1855 4513 γεγο-

1952 1996 2224 2051 quemque
2259 1981 2433 2035 adhuc
2473 1997 2635 2051 super
2662 1982 2866 2048 omnia,
2901 1997 3057 2036 suum
3090 1998 3304 2054 quoque
3346 1985 3511 2039 Deum

1951 2087 2092 2136 esse,
2127 2087 2223 2127 nos
2249 2088 2438 2127 omnes
2473 2084 2527 2127 et
2572 2072 2814 2142 singulos
2846 2073 2986 2127 scire
3031 2074 3219 2130 voluit.
3248 2076 3415 2144 Quem
3447 2080 3513 2131 ad

1953 2164 2115 2219 istum
2153 2166 2368 2219 modum
2413 2163 2629 2218 Patrem
2662 2179 2816 2219 suum
2868 2164 3284 2235 gloriﬁcantem,
3328 2167 3512 2233 Pater,

1950 2257 2240 2311 viceversa
2288 2254 2627 2326 gloriﬁcavit,
2680 2268 2909 2321 eumque
2962 2256 3265 2324 Dominum,
3317 2259 3514 2313 Serva-
3574 2242 3580 2248 ’

1956 2356 2150 2413 torem,
2180 2346 2349 2401 Deum
2379 2345 2778 2413 universorum,
2816 2358 3126 2402 consortem
3169 2350 3251 2404 sui
3297 2365 3515 2420 quoque

1954 2438 2161 2508 imperii
2195 2438 2369 2507 palam
2394 2437 2710 2493 declaravit.
2743 2438 2868 2493 llaec
2897 2454 2927 2491 a
2960 2439 3068 2495 Deo
3100 2442 3288 2496 edocta
3332 2442 3514 2496 Eccle-

1951 2531 2029 2586 sia
2068 2530 2216 2586 illutn
2248 2533 2436 2595 Deum,
2467 2532 2773 2595 Dominum,
2800 2532 3167 2600 Servatorem,
3199 2532 3394 2589 Filium
3420 2534 3513 2591 bei

1961 2626 2197 2692 supremi
2234 2623 2577 2695 Unigenitum
2615 2626 2881 2696 agnoscit,
2916 2642 3017 2681 nec
3043 2628 3111 2682 ab
3148 2643 3214 2683 eo
3262 2644 3383 2683 cum
3438 2647 3517 2684 re-

1953 2717 2199 2782 cesserit,
2240 2717 2381 2771 inter
2419 2726 2720 2781 creaturas,
2755 2726 3013 2786 prmterea
3060 2720 3355 2789 quidquam
3386 2736 3514 2789 pro-

1952 2811 2137 2862 litetur
2182 2808 2372 2862 Deum.
2427 2807 2611 2864 Solum
2674 2806 2827 2861 illum
2862 2808 3059 2878 quippe
3110 2808 3277 2863 Deum
3331 2812 3506 2874 novit,

1950 2916 2112 2970 quem
2136 2899 2310 2955 solum
2356 2900 2422 2955 de
2452 2914 2510 2954 se
2542 2898 2727 2969 genuit
2751 2899 2930 2953 Pater.
2968 2900 3428 2966 Quemadmodum
3462 2912 3516 2954 et

1952 2993 2069 3061 ipse
2100 3007 2196 3060 per
2234 2990 2577 3046 Salomonem
2617 2992 2859 3062 loquitur
2898 3009 2913 3044 :
2952 2989 3271 3060 Priusquam
3317 3002 3515 3045 monte:

1950 3081 2333 3144 stabilirentur,
2392 3094 2515 3136 ante
2550 3099 2725 3137 omnes
2785 3083 2942 3136 colles
2969 3083 3243 3152 progenuit
3271 3098 3368 3136 me.
3415 3082 3520 3136 Pe:

1880 3211 1925 3271 Ο
1957 3184 2167 3228 montes
2191 3182 2247 3228 et
2277 3172 2444 3228 colles
2496 3174 2569 3228 ibi
2604 3174 2845 3228 indicare
2883 3173 3049 3227 voluit
3089 3173 3302 3229 divinas
3333 3182 3389 3229 et
3422 3188 3517 3227 su-

1954 3264 2352 3333 permundanas
2390 3272 2706 3334 potestates.

2581 3354 2732 3410 CAP.
2776 3354 2883 3409 XII.

1994 3452 2052 3510 ›Ῑ‹
2077 3446 2226 3511 Quod
2252 3447 2317 3500 sit
2353 3447 2718 3501 inenarrabilis
2744 3447 2890 3501 illius
2913 3448 2976 3501 de
3006 3446 3169 3503 Patre
3195 3452 3481 3519 generatio.

2026 3537 2181 3603 Quod
2213 3538 2258 3591 si
2286 3538 2405 3606 quis
2439 3538 2705 3593 curiosius
2740 3538 2829 3592 hic
2858 3540 3138 3609 sategerit,
3159 3550 3214 3594 et
3249 3542 3519 3609 quomodo

1954 3629 2025 3683 sit
2054 3630 2143 3685 ille
2175 3628 2319 3684 Deus
2351 3640 2503 3699 roget
2530 3650 2542 3684 :
2574 3630 2842 3700 quomodo
2874 3632 2978 3685 erit
3023 3630 3204 3695 Pater,
3235 3634 3324 3701 qui
3356 3648 3521 3703 super

1954 3721 2133 3775 omnia
2177 3722 2304 3777 est?
2350 3723 2607 3777 audacem
2654 3723 2811 3793 hujus
2860 3723 3091 3777 hominis
3141 3723 3521 3795 interrogatio—

1957 3826 2077 3864 nem
2116 3824 2429 3883 compescet
2455 3814 2501 3869 is
2527 3814 2618 3883 qui
2651 3816 2750 3878 ait,
2782 3811 3143 3881 Profundiora
3166 3824 3215 3869 le
3239 3854 3256 3880 ,
3290 3833 3351 3870 ne
3376 3833 3520 3886 qutt-

1954 3899 2139 3953 siveris
2159 3942 2173 3965 ,
2222 3912 2269 3954 et
2310 3901 2596 3955 excelsiora
2643 3911 2691 3955 te
2716 3941 2733 3968 ,
2777 3916 2839 3955 ne
2867 3902 3122 3970 ,exquiras
3149 3918 3168 3954 :
3198 3901 3293 3955 illa
3323 3904 3521 3971 cogite,

1954 4007 2071 4060 qua:
2107 3988 2199 4041 tibi
2227 3989 2493 4055 imperavit
2522 4005 2540 4041 :
2567 4005 2727 4058 neque
2761 3990 2897 4042 enim
2925 3991 3020 4043 tibi
3045 4006 3173 4057 opus
3195 4003 3269 4043 est
3294 4003 3521 4046 secreto-

1957 4097 2072 4134 rum
2099 4082 2181 4145 “,'
2214 4090 2268 4135 et
2296 4079 2494 4133 Paulus
2516 4079 2591 4132 ait
2613 4080 2779 4133 etiam
2827 4094 2840 4130 :
2876 4079 2920 4135 0
2946 4080 3168 4133 altitudo
3193 4081 3515 4150 divitiarum,

1956 4172 2225 4239 sapientia
2253 4180 2299 4225 et
2338 4172 2569 4224 scientiis
2598 4170 2694 4223 Dei
2719 4171 2739 4223 !
2770 4186 2926 4239 quam
2974 4172 3517 4237 incomprehensibilia

1957 4273 2075 4314 sunt
2116 4264 2327 4332 judicia
2356 4263 2469 4332 ejus
2495 4262 2514 4313 ί
2564 4270 2614 4316 et
2656 4262 3141 4333 intpert'estigabiles
3175 4266 3269 4320 vite
3307 4267 3419 4335 ejus
3451 4267 3516 4319 ε’.

1957 4353 2117 4408 IIunc
2142 4368 2273 4407 vero
2306 4366 2715 4422 progressurum
2736 4351 2927 4406 audaci
2958 4353 3200 4409 facinore
3236 4356 3409 4409 adhuc
3439 4356 3523 4410 ul-

1962 4445 2131 4498 terius
2161 4444 2415 4499 coliibere
2451 4443 2641 4497 saltem
2675 4443 2925 4510 debeant,
2972 4452 3029 4498 ut
3056 4444 3328 4501 inaccessa
3370 4462 3523 4517 pror-

278 4538 453 4601 νέναι,
498 4536 613 4600 πῶς
640 4538 733 4589 καὶ
780 4536 900 4589 τίνα
927 4536 1123 4607 τρόπον
1157 4538 1385 4606 ὑπέστη,
1425 4537 1645 4607 μηδαμῆ
1686 4537 1850 4606 μηδα-

1962 4550 2053 4589 sus
2098 4536 2461 4606 aggrediatur,
2490 4551 2551 4590 ea
2584 4549 2705 4605 quae
2750 4544 2875 4589 sunt
2904 4535 2972 4589 ab
3000 4536 3115 4605 ipso
3149 4538 3297 4607 prius
3324 4540 3521 4608 posita,

282 4629 406 4699 μῶς
438 4628 567 4680 ὄντα
591 4628 869 4698 πρότερον.
899 4628 972 4679 Οὐ
999 4626 1105 4698 γὰρ
1140 4627 1203 4697 δὴ
1239 4628 1377 4681 κατά
1411 4629 1535 4690 τοὺς
1565 4630 1691 4699 παρ’
1725 4630 1853 4699 ἡμῖν

280 4716 556 4787 τεχνίτας,
580 4716 709 4786 ὓλην
738 4716 1205 4787 προῦποκειμένην
1229 4716 1403 4769 λαϐὼν
1428 4719 1545 4779 ταῖς
1570 4718 1772 4788 χερσὶν,
1800 4718 1858 4770 τὸ

280 4809 399 4861 πᾶν
427 4807 768 4877 ἐτεκτήνατο.
799 4808 1007 4877 Ὥσπερ
1036 4807 1100 4877 δὴ
1144 4807 1317 4869 τοῦτο,
1349 4809 1415 4876 τῇ
1451 4805 1608 4873 φύσει.
1642 4808 1856 4877 ἀμήχα-

280 4916 399 4962 νον,
428 4898 549 4951 ὅσον
578 4898 662 4950 ἐπ’
694 4896 1015 4968 ἀνθρώποις,
1041 4896 1182 4963 λέγω
1210 4897 1264 4948 δὲ
1297 4896 1356 4948 τὸ
1392 4895 1653 4965 μηδαμῶς
1686 4896 1859 4967 ὑπάρ-

282 5007 382 5062 χον
409 4992 473 5042 ἐκ
495 4989 590 5041 τοῦ
617 4989 689 5059 μὴ
724 4988 873 5051 ὄντος
906 4990 985 5050 εἰς
1012 4988 1072 5040 τὸ
1098 4984 1235 5040 εἶναι
1266 4988 1552 5057 παράγειν,
1600 4987 1748 5057 αὐτῷ
1769 4988 1858 5041 δυ-

284 5082 446 5149 ·ξατὸν
475 5081 733 5149 κατέστη,
766 5081 859 5132 καὶ
880 5080 1066 5148 γέγονε
1101 5079 1209 5150 (44)
1231 5079 1335 5131 τῶν
1361 5078 1493 5131 ὅλων
1524 5078 1770 5149 ποιητὴς,
1797 5079 1857 5131 οὐ

366 5208 425 5265 >11
456 5200 551 5255 Ed.
584 5198 782 5264 Paris.,
817 5215 938 5269 pag.
969 5200 1057 5252 7i.

362 5360 474 5431 (6i)
528 5360 598 5413 ’Υ
595 5358 1075 5428 ποστησάμενος.
1102 5360 1259 5431 Deest
1295 5359 1444 5431 αὐτῷ
1469 5400 1483 5424 ,
1519 5375 1717 5431 nempe
1769 5359 1859 5414 Fi-

282 5431 384 5484 lio.
420 5430 544 5482 Haec
574 5432 777 5492 omnia,
806 5432 871 5483 de
904 5433 1119 5485 homine
1151 5430 1369 5486 Christo
1418 5430 1472 5484 in
1506 5436 1676 5485 sacris
1708 5430 1856 5485 litte-

286 5503 370 5554 ris
400 5500 647 5565 recitata,
682 5503 746 5552 ad
771 5502 1025 5552 deitatem
1054 5501 1235 5555 retulit
1294 5501 1575 5565 Eusebius,
1607 5501 1854 5554 Arianaaa

293 5570 397 5619 lide
421 5585 665 5636 prorsus.
694 5568 766 5622 Μ.
791 5571 1006 5639 εξ-,Μοχ
1035 5572 1193 5638 vulgo
1216 5570 1305 5623 τὸν
1330 5574 1393 5624 ὲκ
1418 5570 1593 5636 δεξιᾶς
1629 5588 1679 5623 τ.
1707 5586 1764 5639 μ.
1804 5581 1858 5625 et

287 5639 450 5691 ὲταπ.
481 5639 669 5711 έαῦτὸν
702 5657 759 5698 μ.
793 5638 946 5711 δούλ.
971 5640 1146 5711 λαθὼν
1178 5641 1487 5711 γενόμενος,
1511 5644 1723 5711 omisso
1746 5656 1857 5711 Ase-

287 5720 488 5782 quente
515 5708 756 5782 γέγονεν,
783 5720 835 5782 et
867 5710 960 5761 καὶ
991 5709 1258 5763 κελεύοντι
1291 5708 1343 5765 et
1380 5711 1476 5782 τῆς
1520 5709 1852 5779 ἑαυτοῦβασ.

289 5788 348 5831 et
371 5778 461 5831 ἃδε
484 5795 613 5849 πεῄπ.
639 5786 691 5830 et
722 5778 919 5849 Σαλομ,

352 5848 478 5929 με)
520 5847 685 5917 Vulgo
713 5847 776 5919 δή
805 5847 937 5918 οιιι.;
985 5849 1107 5907 dein
1150 5850 1304 5923 vulgo
1357 5851 1456 5921 τῆς
1510 5852 1755 5917 πεύσεως
1807 5860 1858 5910 et

1961 4628 2027 4681 de
2050 4626 2503 4697 progeneratione
2530 4641 2559 4680 e
2600 4641 2706 4681 non
2735 4620 3127 4684 eisistentibus
3161 4647 3174 4683 :
3210 4632 3352 4699 quod
3384 4647 3522 4700 quo-

1965 4718 2125 4772 modo
2156 4718 2268 4772 ﬂeri
2303 4720 2475 4787 potuit
2522 4717 2682 4773 velim
2734 4721 3006 4790 explicet,
3038 4735 3158 4775 cum
3212 4724 3523 4794 neutiquam

1965 4808 2152 4862 nullibi
2198 4818 2473 4862 exstarent
2504 4808 2611 4863 illa.
2646 4808 2764 4864 Non
2811 4812 2977 4874 enim,
3026 4820 3083 4866 ut
3115 4811 3351 4868 artiﬁces
3384 4815 3523 4882 apud

1966 4913 2064 4952 nos
2090 4896 2282 4963 solent,
2316 4898 2599 4953 materiam
2628 4900 3006 4970 prmjacentem
3054 4910 3327 4969 acceptam
3357 4901 3526 4953 mani-

1965 4990 2086 5055 bus,
2126 4989 2436 5045 universum
2464 4991 2660 5047 exinde
2708 4993 3110 5048 cont‘ormavit:
3144 4993 3238 5047 sed
3266 5002 3325 5047 ut
3348 4992 3521 5062 ipsum

1967 5081 2067 5136 hoc
2119 5092 2323 5136 natura:
2373 5083 2589 5153 quidem
2644 5084 2975 5153 impossibile
3022 5083 3217 5148 luerat,
3265 5092 3519 5153 quantum

1154 5200 1197 5230 “
1220 5198 1370 5256 Eccl.
1406 5213 1487 5264 ιιι,
1518 5196 1611 5255 2‘2.
1691 5199 1736 5230 “
1761 5196 1919 5254 Rom.
1946 5216 2023 5267 xi,
2053 5201 2143 5258 35.

1960 5364 2303 5433 κατασιγάση
2316 5402 2329 5416 .

2031 5435 2143 5503 (45)
2169 5430 2472 5500 Βαθῦτερά
2500 5448 2635 5486 σου.
2669 5431 2843 5486 Locus
2866 5441 2953 5503 est
2978 5430 3151 5503 Sirae.
3175 5446 3256 5495 tu,
3284 5430 3388 5503 9.2,
3434 5431 3525 5503 ubi

1959 5501 2190 5572 legimus
2220 5502 2574 5573 χαλεπώτερά
2603 5518 2696 5573 σου
2735 5503 2810 5572 μὴ
2859 5501 3029 5572 ζήτει,
3064 5502 3156 5554 καὶ
3205 5501 3528 5573 ἰσχυρότερά

1963 5591 2053 5625 σου
2079 5574 2152 5643 μὴ
2185 5573 2435 5639 ἐξέταζε,
2472 5572 2556 5626 ubi
2586 5572 2689 5624 alia
2726 5585 2831 5643 sint
2874 5576 2924 5624 in
2957 5577 3196 5626 eamdem
3240 5572 3357 5643 cum
3382 5573 3527 5643 istis

1961 5640 2301 5697 sententiam.
2323 5643 2391 5695 Μ.
2416 5673 2484 5682 -
2512 5643 2640 5696 Dein
2674 5642 2829 5710 vulgo
2850 5644 3139 5713 ἐπιχωρεῖν
3176 5643 3214 5713 ἦ
3236 5652 3289 5697 et
3318 5640 3355 5696 ἃ
3374 5641 3432 5696 δὲ
3462 5658 3523 5712 φ.

1962 5724 2015 5767 et
2050 5716 2156 5767 πᾶν
2190 5714 2536 5766 ἐπεκτείνατο
2572 5721 2625 5766 et
2652 5716 3004 5780 προαγαγεῖν.
3158 5714 3162 5719 ’

2037 5786 2144 5855 (Η)
2179 5783 2299 5835 Τῶν
2324 5784 2479 5855 ὅλων
2510 5782 2784 5855 ποιητής.
2816 5782 2919 5855 _Vel
2947 5792 3005 5836 ut
3129 5784 3370 5851 margine
3400 5780 3521 5855 fuit:

1966 5850 2181 5924 ποιητῇ,
2216 5855 2396 5912 statim
2422 5853 2583 5909 αὑτοῦ
2614 5852 2728 5906 υἱοῦ
2764 5853 2999 5925 γένησις.
3040 5852 3112 5911 Μ.
3144 5883 3211 5897 σκ-
3254 5850 3387 5910 Dein
3427 5850 3520 5908 τοῦ
