3970 6518
474 454 579 513 847

1181 443 1450 501 EUSEBII
1487 437 1964 499 CAESARIENSIS
2005 434 2153 489 OPP.
2197 432 2374 487 PARS
2412 432 2499 489 IV.
2544 464 2611 475 —-
2650 429 3068 487 DOGMATICA.

3595 426 3696 480 818

475 570 696 639 quidem
738 565 804 619 ad
850 562 1145 617 humanum
1200 560 1458 629 operandi
1522 561 1738 611 modum
1793 562 2035 623 spectat,

2144 551 2259 602 κατ’
2294 548 2595 619 ἄνθρωπον,
2625 548 2881 618 ἀρρήτοις
2912 546 2967 598 δὲ
3003 543 3095 596 καὶ
3127 540 3423 613 ἀφράστοις
3450 540 3582 609 ἡμῖν
3611 538 3694 592 λό-

476 662 731 718 nimirum
753 698 767 724 ,
819 658 887 712 de
935 654 1119 710 nullibi
1146 655 1441 709 exsistente
1469 652 1725 713 materia,
1754 647 2037 702 essentiam

479 768 659 809 rerum
690 758 1054 805 constructam
1104 746 1237 801 dare
1272 762 1287 798 :
1319 745 1416 814 ipsi
1456 753 1635 797 tamen
1671 739 2039 795 universitatis

477 843 745 901 conditori
774 840 1029 913 possibile
1052 839 1149 893 fuit
1168 839 1345 908 plane,
1371 846 1423 893 et
1448 836 1649 889 factum
1674 846 1777 887 est.
1812 831 2037 899 Captum

477 938 581 993 hoc
631 938 924 991 humanum
976 930 1306 986 transcendit
1348 941 1615 997 prorsus:
1658 937 1831 992 neque
1885 922 2041 989 hujus

481 1032 558 1087 rei
592 1032 729 1086 ratio
759 1025 1143 1097 comprehendi
1190 1035 1441 1078 sermone
1482 1029 1574 1074 aut
1603 1016 1909 1072 annuntiari
1946 1030 2039 1081 po-

478 1132 604 1180 test.
652 1122 733 1177 Ad
775 1120 1020 1174 eumdem
1070 1116 1320 1178 modum,
1346 1123 1400 1169 et
1433 1113 1601 1167 multo
1622 1109 1836 1179 quidem
1872 1106 2043 1173 magis

478 1214 739 1285 unigeniti
774 1210 888 1279 ejus
931 1208 1051 1263 Filii
1078 1206 1373 1277 generatio,
1400 1198 1957 1271 incomprehensibilis
1988 1207 2043 1251 et

480 1302 893 1373 investigabilis,
925 1314 1029 1354 non
1066 1298 1219 1353 nobis
1238 1294 1595 1357 solummodo,
1628 1292 1719 1346 sed
1742 1301 1795 1345 et
1829 1290 2043 1343 virtuti-

483 1400 579 1452 hus
631 1397 697 1450 iis
729 1394 911 1456 fuerit,
943 1408 1066 1462 quae
1091 1404 1188 1443 nos
1232 1389 1392 1457 longo
1426 1394 1687 1453 superant
1733 1384 2039 1437 intervallo.

481 1488 758 1556 Siquidem
784 1484 871 1538 illa
913 1497 1030 1552 qua:
1070 1496 1164 1550 per
1192 1490 1439 1532 naturam
1467 1492 1618 1529 suam
1647 1474 1869 1531 inferius
1915 1476 2043 1529 sub-

478 1579 699 1640 sidunt,
727 1576 876 1631 etab
905 1573 991 1627 illa
1035 1572 1214 1626 divina
1252 1567 1606 1623 inenarrabili
1638 1568 1877 1621 essentia
1920 1574 2043 1621 sunt

480 1668 787 1737 longissimo
809 1676 863 1720 et
907 1663 1146 1720 inferiori
1185 1670 1359 1715 tractu
1389 1668 1617 1724 semota,
1644 1658 1913 1727 quomodo
1944 1671 2040 1724 po-

482 1761 642 1814 terint
689 1758 998 1829 cognitione
1047 1770 1145 1810 sua
1197 1753 1262 1807 ad
1314 1752 1569 1807 sublimia
1620 1751 1751 1805 etin
1780 1749 2043 1802 altissimo

480 1852 674 1920 posita,
722 1849 1007 1920 aspirare?
1048 1846 1150 1914 Qui
1204 1845 1402 1914 poterit
1440 1842 1577 1905 ﬁeri,
1620 1852 1678 1894 ut
1705 1841 1886 1893 animo
1921 1840 2042 1909 quis

2140 657 2274 708 γοις,
2304 639 2442 691 οὕτω
2475 640 2568 691 καὶ
2610 638 2742 689 πολὺ
2777 636 2935 688 πλέον
2984 636 3016 706 ἡ
3052 633 3143 686 τοῦ
3174 632 3507 699 Μονογενοῦς
3542 632 3701 686 αὑτοῦ

2140 732 2389 802 γέννησις
2414 732 2562 798 ἀνεξε
2573 730 2823 802 ρεύνητος
2844 730 2936 782 καὶ
2969 726 3362 798 ἀνεξιχνίαστος
3387 725 3450 779 ἂν
3477 726 3585 795 εἴη,
3613 725 3701 797 οὐ)

2140 824 2289 892 ἡμῖν,
2317 822 2391 884 ὡς
2417 820 2481 874 ἂν
2514 821 2645 890 φαίη
2676 837 2778 881 τις,
2827 820 3026 888 μόνοις,
3069 816 3201 870 ἀλλὰ
3231 817 3324 869 καὶ
3362 815 3562 876 πάσαις
3592 818 3709 877 ταῖς

2140 913 2437 982 κρείττοσιν
2465 912 2496 981 ἥ
2527 910 2645 964 καθ’
2673 910 2817 980 ἡμᾶς
2846 909 3126 978 δυνάμεσι.
3158 906 3237 958 Τὰ
3260 907 3367 976 γὰρ
3395 904 3589 975 μακρῷ
3612 904 3707 973 τὴν

2140 1004 2299 1072 φύσιν
2334 1000 2725 1072 ὑποϐεϐηκότα,
2782 1000 2930 1052 κάτω
2974 1016 3031 1051 τε
3078 1000 3170 1051 καὶ
3222 995 3554 1067 πορρωτάτω
3614 997 3710 1064 τῆς

2141 1097 2377 1168 ἀρρήτου
2416 1096 2507 1147 καὶ
2534 1093 2720 1163 θεῖκῆς
2758 1091 3069 1146 καθεστῶτα
3097 1090 3302 1152 οὐσίας,
3348 1088 3463 1149 πῶς
3498 1087 3566 1140 ἂν
3594 1087 3709 1155 mg-

2143 1204 2289 1239 κοιτο
2314 1186 2415 1255 τῆς
2453 1184 2704 1236 ἐπέκεινα
2738 1184 2830 1237 καὶ
2862 1182 3120 1235 ἀνωτάτω
3159 1179 3543 1249 καταλήψεως
3590 1178 3711 1240 Πῶς

2141 1278 2183 1331 δ’
2214 1278 2277 1332 ἂν
2297 1278 2364 1330 τὰ
2394 1276 2468 1347 μὴ
2496 1276 2621 1328 ὄντα
2645 1275 2921 1344 πρότερον,
2947 1273 3011 1325 δι’
3040 1270 3203 1324 αὑτοῦ
3237 1271 3281 1323 δ’
3312 1271 3375 1323 ὲκ
3400 1268 3494 1322 τοῦ
3529 1270 3606 1338 μὴ
3629 1269 3715 1321 ιν-

2141 1388 2231 1433 τος
2266 1371 2343 1432 είς
2372 1368 2433 1421 τὸ
2467 1362 2604 1420 εἶναι
2646 1367 3002 1437 προαχθέντα,
3036 1362 3130 1415 τοῦ
3172 1362 3603 1432 παραγαγόντος,
3638 1363 3715 1413 αἱ·

2142 1462 2253 1514 τίον
2283 1478 2341 1512 τε
2374 1461 2552 1522 αὐτοῖς
2581 1459 2679 1529 τῆς
2703 1457 2983 1528 ὑπάρξεως
3006 1453 3313 1524 γενομένου,
3348 1453 3495 1523 σχοίη
3531 1454 3597 1505 ἄν
3629 1468 3712 1514 τις

2144 1552 2249 1623 πρὸ
2289 1552 2389 1621 τῆς
2418 1552 2683 1619 γενέσεως
2733 1549 2830 1617 τὴν
2886 1546 3117 1615 γνῶσιν;
3167 1547 3344 1596 Ἠπου
3377 1560 3439 1611 γε
3472 1544 3633 1612 ἡμεῖς
3664 1544 3711 1594 οἱ

2143 1640 2337 1712 χθιζοὶ,
2385 1639 2557 1711 δέρμα
2604 1639 2696 1691 κα)⁵
2751 1636 2920 1708 κρέας
2957 1632 3324 1705 ἐνδεδυμένοι·
3376 1632 3582 1693 ὀστέοις
3621 1630 3715 1682 καὶ

2143 1732 2353 1803 νεύροις
2392 1730 2707 1801 ἐνειρμένοι,
2769 1728 2862 1780 καὶ
2901 1727 3031 1797 μηδὲ
3064 1725 3130 1778 τὰ
3162 1725 3282 1778 καθ’
3313 1725 3457 1795 ἡμᾶς
3491 1723 3711 1785 εἰδότες,

2143 1824 2241 1895 τὴν
2278 1823 2403 1894 περὶ
2442 1822 2548 1875 τῶν
2577 1821 2830 1892 ἀρρήτων
2859 1818 3137 1872 ἀκίνδυνον
3180 1814 3516 1886 ποιησόμεθα
3551 1815 3717 1885 ζήτη-

478 1960 545 2002 ea
565 1952 889 2012 assequatur
937 1941 1076 2011 (qua:
1124 1940 1251 1994 olim
1301 1936 1523 1991 omnino
1576 1950 1681 1989 non
1732 1931 2037 1996 exstabant,

2146 1932 2259 1980 σιν;
2285 1916 2402 1977 πῶς
2438 1915 2623 1983 ἐγέννα
2656 1913 2746 1964 τὸν
2773 1911 2898 1964 Υἰὸν
2925 1912 2953 1963 6
2978 1908 3164 1980 Πατὴρ
3199 1908 3717 1978 πολυπραγμονοῦν-

478 2040 573 2093 sed
620 2038 685 2091 de
733 2052 836 2091 non
873 2048 1023 2097 esse,
1057 2032 1120 2083 ad
1170 2030 1465 2083 subsistere
1511 2042 1703 2088 suum,
1748 2039 1844 2094 per
1873 2024 2037 2077 [lt-um

478 2138 604 2185 sunt.
645 2128 903 2199 producta
937 2123 1166 2194 originis
1197 2130 1470 2173 auctorem
1501 2157 1514 2181 ,
1546 2129 1878 2183 causamque
1910 2114 2042 2179 ipsis

478 2218 778 2277 exsistendi
816 2216 1190 2279 exsistentem)
1218 2220 1341 2265 ante
1363 2225 1511 2265 suam
1544 2210 1783 2276 ipsorum
1812 2206 2039 2275 primam

478 2306 940 2385 productionem?
979 2306 1085 2358 Aut
1129 2317 1227 2357 nos
1258 2301 1375 2355 heri
1421 2311 1581 2368 atque
1616 2298 1815 2352 nudius
1852 2297 2043 2351 tertius

480 2406 671 2474 pellem
714 2400 886 2455 induti
920 2408 1080 2468 atque
1109 2411 1328 2451 carnem
1360 2411 1373 2448 :
1411 2394 1623 2447 ossibus
1664 2402 1827 2461 atque
1855 2389 2038 2444 nervis

480 2491 893 2565 compaginati:
934 2491 1025 2559 qui
1079 2504 1177 2543 nec
1220 2488 1309 2541 illa
1357 2486 1572 2555 quidem
1630 2486 1877 2537 novimus
1924 2497 2043 2551 qua:

475 2590 628 2659 juxta
664 2600 763 2641 nos
791 2584 1095 2639 consistunt
1121 2621 1137 2648 ,
1177 2581 1449 2649 quomodo
1500 2578 1619 2631 sine
1650 2573 1889 2645 periculo
1930 2574 2043 2628 dis-

480 2678 827 2750 quisitionem
881 2676 946 2732 de
996 2672 1359 2729 inell'abilibus
1393 2669 1783 2724 instituemus?
1815 2667 2047 2736 qualiter

486 2778 545 2837 ἧς
584 2771 779 2824 Filium
807 2783 961 2823 suum
1000 2766 1289 2836 progenuit
1318 2762 1504 2828 Pater,
1534 2770 1841 2827 satagentes
1875 2778 1889 2814 :
1922 2772 2045 2812 cum

482 2865 765 2918 innumera
800 2860 907 2914 sint
935 2858 1044 2923 illa,
1071 2871 1187 2925 quae
1218 2870 1339 2909 cum
1388 2852 1453 2908 ad
1508 2852 1672 2921 pedes
1718 2851 1878 2905 etiam
1918 2865 2047 2903 nos-

481 2967 595 3013 tros
626 2954 1030 3025 provolvantur,
1073 2950 1225 3005 nobis
1258 2957 1438 3003 tamen
1478 2946 1693 3016 penitus
1733 2952 1860 2997 sunt
1891 2942 2044 2996 inco-

482 3049 651 3119 gnita.
679 3043 941 3113 Exemplo
980 3056 1091 3096 rem
1136 3040 1293 3094 istam
1330 3036 1631 3091 illustrabo.
1666 3034 1861 3102 Ecquis
1900 3032 2043 3086 enim

481 3140 614 3194 mihi
648 3137 902 3207 expedire
934 3133 1154 3204 poterit,
1189 3130 1367 3185 anima
1392 3128 1603 3196 corpori
1630 3126 1898 3195 quomodo
1915 3140 2046 3179 con-

480 3229 808 3287 catenatur?
846 3228 1079 3296 qualiter
1125 3223 1250 3277 inde
1288 3221 1495 3275 exeat?
1529 3217 1761 3287 qualiter
1798 3215 2039 3285 ingressa

483 3323 582 3378 fuit
614 3322 682 3376 ab
734 3320 931 3375 initio?
963 3332 1082 3386 qua:
1112 3315 1283 3387 ipsius
1324 3310 1577 3381 species?
1624 3308 1801 3379 qualis
1852 3310 2045 3378 ligura,

481 3416 678 3479 forma,
701 3414 935 3475 habitus,
967 3410 1204 3485 essentia
1231 3407 1253 3460 ?
1283 3405 1525 3459 Nondum
1556 3418 1650 3473 per
1680 3401 2044 3456 curiositatem

481 3524 656 3565 meam
688 3506 849 3561 ullam
893 3516 1139 3557 naturam
1163 3513 1262 3569 ego
1288 3499 1584 3551 dmmonum
1609 3491 1858 3563 indagavi
1889 3508 1904 3547 :
1942 3508 2045 3547 non

482 3600 713 3671 explicui
768 3595 1104 3652 substantias
1153 3591 1469 3661 angelorum
1504 3604 1517 3641 :
1555 3601 1657 3640 non
1704 3585 1938 3655 qualiter
1990 3600 2048 3639 se

483 3694 719 3749 habeant
750 3688 1106 3759 principatus,
1144 3683 1347 3745 throni,
1384 3678 1785 3735 dominationes
1816 3694 1829 3731 :
1862 3677 1927 3731 de
1951 3690 2047 3745 po-

485 3782 773 3839 testatibus
801 3819 816 3843 ,
844 3788 897 3833 et
952 3775 1134 3830 mundi
1173 3770 1604 3828 moderatoribus
1647 3769 1842 3825 rescivi
1895 3770 2045 3823 nihil.

484 3875 550 3930 Et
577 3874 620 3929 si
643 3886 775 3927 sane
806 3871 873 3923 ab
903 3869 1021 3923 istis
1050 3882 1134 3921 me
1166 3881 1271 3920 non
1289 3863 1591 3932 expediam,
1615 3862 1740 3930 quid
1770 3861 1899 3915 mihi
1928 3876 2051 3930 pro-

483 3966 628 4021 derit
661 3962 987 4032 investigare
1035 3960 1321 4014 scientiam
1346 3998 1361 4021 ,
1392 3956 1456 4010 de
1484 3955 1685 4010 deitate
1734 3953 2047 4025 ingenerata

482 4067 539 4114 et
583 4056 846 4128 principio
880 4054 1029 4109 omni
1079 4053 1356 4121 superiore
1382 4051 1409 4105 ?
1459 4049 1597 4117 Quid
1634 4048 1699 4103 de
1753 4046 2050 4102 inaccessis

485 4150 812 4222 qtimstlortes
850 4147 1117 4202 instituo?
1158 4145 1427 4214 quomodo
1460 4143 1600 4198 Deus
1642 4141 1905 4213 prodierit
1940 4140 2049 4196 Pa—

489 4254 571 4317 ter
598 4242 719 4296 Filii
757 4240 838 4295 sui
870 4239 1175 4309 unigeniti?
1208 4237 1362 4307 quasi
1396 4252 1499 4289 non
1528 4233 1798 4290 sufﬁceret
1825 4235 1877 4288 in
1917 4234 2052 4286 dile-

485 4334 558 4389 eti
590 4334 671 4387 sui
697 4332 1063 4387 testimonium
1103 4340 1324 4399 paterna
1358 4329 1445 4381 illa
1477 4343 1603 4393 vox,
1637 4342 1799 4396 quam
1823 4326 1891 4389 de
1911 4324 2050 4380 cmlo

485 4424 843 4497 promulgavit
874 4425 1078 4488 dicens,
1109 4421 1207 4475 llic
1237 4431 1314 4475 est
1346 4420 1522 4475 Filius
1551 4438 1692 4474 meus
1724 4418 1968 4481 dilectus,
1994 4418 2048 4471 in

484 4531 590 4586 quo
624 4514 937 4581 complacui,
972 4513 1142 4581 ipsum
1171 4512 1350 4565 audite
1374 4511 1442 4563 ⁸³.
1476 4510 1626 4576 Quod
1657 4511 1699 4563 si
1746 4508 2043 4577 praecipiat,

486 4608 630 4661 hunc
654 4603 863 4670 audire,
898 4605 1149 4658 mandato
1181 4604 1305 4658 huic
1332 4604 1479 4671 regio
1510 4605 1941 4669 obtemperantes
1962 4600 2052 4653 Fi-

486 4698 615 4752 lium
667 4696 921 4753 dilectum
961 4699 1266 4752 audiamus.
1310 4695 1588 4762 Quodnam
1624 4709 1753 4747 vero
1794 4695 1926 4749 illud
1958 4694 2051 4759 sit,

485 4789 630 4859 quod
655 4802 752 4843 nos
776 4786 844 4842 de
875 4788 1053 4857 seipso
1079 4786 1376 4855 intelligere
1407 4783 1654 4847 volebat,
1688 4786 1799 4852 ipse
1826 4800 1923 4840 nos
1952 4787 2049 4839 do-

492 4880 655 4947 cebit,
675 4879 761 4933 ubi
780 4879 887 4933 ait:
920 4878 1009 4934 Sic
1029 4880 1168 4932 enim
1196 4872 1329 4931 Deus
1351 4877 1532 4930 dilexit
1553 4878 1825 4943 mundum,
1856 4887 1909 4930 ut
1944 4875 2053 4931 Fi-

492 4968 621 5024 lium
654 4986 807 5023 suum
839 4969 1161 5039 unigenitum
1196 4969 1363 5030 daret,
1393 4979 1447 5021 ut
1480 4970 1646 5022 omnis
1677 4968 1768 5037 qui
1805 4972 1965 5021 credit
1998 4970 2053 5022 in

2143 2022 2252 2069 τες.
2281 2007 2399 2057 ’Ότι
2424 2004 2480 2057 δὲ
2500 2003 2595 2056 καὶ
2621 2001 2726 2055 τῶν
2756 1999 2909 2073 παρὰ
2930 1999 3093 2063 πόδας
3123 1997 3288 2069 μυρία
3311 1998 3408 2068 τὴν
3437 1996 3713 2067 ἡμετέραν

2141 2094 2500 2167 διαδιδράσκει
2532 2092 2729 2162 γνῶσιν
2758 2091 2912 2162 δῆλον
2939 2089 3004 2143 ἂν
3032 2089 3116 2160 εἴη
3145 2088 3372 2143 ἐνθένδε.
3398 2087 3493 2148 Τίς
3520 2086 3629 2159 γὰρ
3649 2087 3710 2140 ἂν

2142 2183 2314 2234 εἰπεῖν
2348 2181 2478 2251 ἔχοι,
2517 2182 2632 2242 πῶς
2654 2179 2968 2249 καθεῖρκται
2994 2177 3070 2247 τῷ
3098 2177 3307 2247 σώματι
3340 2176 3565 2248 ἡψυχὴ,
3600 2177 3710 2239 πῶς

2142 2272 2343 2339 ἕξεισι;
2389 2273 2504 2336 πῶς
2527 2272 2583 2325 δὲ
2609 2271 2707 2340 τὴν
2746 2272 2917 2342 ἀρχὴν
2951 2268 3263 2340 είσεκρίθη;
3298 2270 3479 2320 ὁποῖον
3518 2268 3576 2321 δὲ
3616 2270 3711 2321 αὐ-

2141 2363 2241 2433 τῆς
2270 2364 2328 2417 τὸ
2364 2360 2537 2428 εἷδος;
2570 2363 2622 2415 τί
2659 2364 2719 2415 τὸ
2758 2362 2973 2431 σχῆμας
3013 2360 3093 2423 τίς
3131 2361 3165 2431 ἡ
3209 2360 3420 2431 μορφῆς
3456 2360 3539 2423 τίς
3573 2360 3713 2430 ἡού-

2144 2455 2260 2519 σία;
2297 2455 2461 2509 Ούπω
2497 2472 2584 2525 μοι
2617 2452 2708 2508 τὸν
2734 2456 2859 2524 περὶ
2879 2452 3144 2524 δαιμόνων
3176 2451 3286 2523 (45)
3320 2452 3514 2524 (λόγον)
3551 2453 3713 2506 πολυ-

2142 2546 2493 2615 πραγμονεῖν,
2519 2534 2592 2597 ὀὐ
2616 2543 2706 2596 τὸν
2734 2544 2861 2616 περὶ
2886 2543 3072 2607 οὐσίας
3101 2541 3343 2611 ἀγγέλων
3364 2557 3379 2572 ο
3409 2543 3472 2595 ού
3498 2542 3592 2595 τὸν
3622 2560 3712 2595 πε-

2145 2635 2200 2706 ρὶ
2226 2634 2405 2706 ἀρχῶν
2433 2634 2529 2687 καὶ
2556 2634 2781 2706 θρόνων,
2830 2633 2924 2685 καὶ
2965 2633 3327 2704 κυριοτήτων⁶
3374 2632 3434 2684 οὐ
3470 2631 3563 2686 τὸν
3589 2632 3714 2705 περὶ

2145 2724 2420 2791 ἐξουσιῶν,
2448 2726 2541 2778 καὶ
2574 2725 3045 2795 κοσμοκρατὸρων.
3082 2725 3143 2776 Εἰ
3173 2723 3218 2777 δ’
3257 2724 3313 2775 ὲν
3339 2723 3549 2786 τούτοις
3574 2725 3713 2776 ἃπα-

2144 2836 2228 2871 σιν
2258 2817 2662 2888 ἀμηχανοῦμεν,
2700 2816 2753 2869 τί
2787 2816 2866 2869 δεῖ
2904 2816 3003 2886 τὴν
3034 2814 3159 2886 περὶ
3199 2814 3297 2885 τῆς
3336 2814 3574 2884 ἀνάρχου
3624 2815 3713 2865 καὶ

2143 2912 2437 2980 ἀγεννήτου
2471 2909 2720 2977 θεότητος
2752 2907 2948 2976 γνῶσιν
2979 2904 3381 2976 διερευνᾶσθαι;
3425 2904 3490 2956 Τί
3518 2904 3587 2957 τὰ
3619 2905 3715 2956 ἁν-

2143 3002 2336 3070 έφικτα
2359 3000 2601 3071 ὲρωτᾷν;
2635 2999 2749 3061 πῶς
2773 2997 2903 3051 Υἱοῦ
2944 2995 3259 3068 μονογενοῦς
3289 2997 3317 3048 6
3346 2995 3475 3058 Θεὸς
3508 2994 3715 3063 ὑπέστη

2144 3094 2370 3164 Πατήρ;
2405 3091 2480 3155 ὡς
2509 3092 2581 3162 μὴ
2620 3088 2971 3161 ἁπαρκούσης
3006 3090 3135 3158 ἡμῖν
3160 3087 3255 3157 τῆς
3291 3085 3565 3157 πατρικῆς
3602 3103 3714 3152 (gm-

2145 3182 2243 3251 νῆς
2277 3180 2411 3253 πρὸς
2445 3179 2745 3249 μαρτυρίαν
2791 3177 2884 3230 τοῦ
2924 3176 3251 3248 Ἀγαπητοῦ,
3302 3175 3361 3228 ὃν
3416 3175 3714 3245 ἀνεκήρυξε

2074 3267 2115 3324 C
2148 3271 2319 3326 εἰπών
2339 3288 2351 3302 ο
2391 3267 2576 3335 Οὗτός
2595 3270 2762 3323 ἐστιν
2798 3271 2831 3322 ό
2868 3269 2998 3333 Υἱός
3023 3285 3140 3336 μου
3174 3271 3206 3321 ό
3229 3265 3552 3335 ἀγαπητὸς,
3580 3266 3650 3319 ἐν
3672 3258 3721 3331 ᾧ

2147 3359 2480 3427 ηὐδόκησα,
2507 3355 2696 3410 αὐτοῦ
2720 3357 2985 3410 ἀκούετε.
3008 3356 3071 3407 Ei.
3103 3354 3165 3425 δὴ
3191 3354 3404 3407 ἀκούειν
3431 3352 3593 3406 αὑτοῦ
3628 3356 3716 3418 ἐγ-

2149 3450 2447 3514 κελεύεται,
2476 3446 2734 3517 βασιλικῷ
2763 3446 2911 3517 νόμῳ
2938 3443 3375 3517 πειθαρχοῦντες,
3400 3444 3719 3513 ἀκούσωμεν

2148 3542 2245 3596 τοῦ
2277 3538 2556 3611 ἀγαπητοῦ
2598 3538 2749 3590 Υἱοῦ.
2787 3538 2849 3590 Τί
2882 3538 2941 3589 δὲ
2970 3531 3124 3600 οὗτος
3151 3535 3280 3606 περὶ
3310 3536 3497 3589 ἑαυτοῦ
3540 3536 3719 3606 βούλε-

2147 3648 2238 3684 ται
2297 3630 2441 3700 ἡμᾶς
2499 3627 2714 3688 εἰδέναι,
2777 3628 3116 3697 παραστήσει
3147 3625 3351 3694 λέγων·
3404 3625 3567 3679 Οὕτω
3611 3627 3719 3694 γὰρ

2148 3720 2462 3792 ἠγάπησεν
2497 3722 2529 3773 ὁ
2559 3719 2701 3783 Θεὸς
2732 3717 2840 3773 τόν
2868 3720 3116 3786 κόσμον,
3141 3714 3295 3769 ὥστε
3315 3716 3421 3769 τὸν
3455 3715 3593 3770 Υίόν
3616 3719 3717 3768 αὐ-

2148 3814 2255 3867 τοῦ
2299 3810 2406 3863 τὸν
2445 3808 2739 3878 μονογενῆ
2779 3808 3018 3872 ἔδωκεν,
3070 3809 3168 3860 ἵνα
3199 3805 3315 3872 πᾶς
3354 3810 3386 3859 ό
3426 3809 3723 3860 πιστεύων

2148 3905 2236 3968 εἰς
2280 3900 2468 3954 αὑτὸν
2492 3901 2602 3969 ἑχῃ
2638 3899 2788 3967 ζωὴν
2811 3901 3067 3952 αἰώνιον.
3115 3898 3431 3951 ΙΙιστευτέον
3461 3897 3593 3968 δῆτα
3625 3900 3722 3950 αύ-

2149 3992 2248 4062 τῷ,
2297 3992 2372 4053 ὡς
2414 3990 2478 4044 ἂν
2510 3990 2609 4059 τῆς
2648 3988 2863 4041 αἰωνίου
2894 3988 3150 4058 τύχοιμεν
3177 3986 3341 4055 ζωῆς.
3397 3986 3460 4039 'O
3491 3986 3603 4054 γὰρ
3630 4001 3721 4039 πι-

2150 4082 2400 4145 στεύων,
2448 4082 2631 4150 φησὶν,
2662 4082 2748 4145 εὶς
2780 4079 2964 4131 αὐτὸν
2987 4078 3109 4147 ἔχει
3142 4077 3294 4144 ζωὴν
3330 4076 3589 4139 αἰώνιον,
3624 4078 3719 4146 οὐχ

2150 4172 2179 4223 6
2208 4168 2486 4238 γινώσκων
2520 4170 2665 4230 ὅπως
2687 4168 2750 4219 ἐκ
2772 4166 2867 4219 τοῦ
2902 4166 3114 4237 Πατρός
3149 4164 3483 4234 γεγέννηται·
3521 4164 3583 4214 ού
3613 4165 3721 4233 γαρ

2154 4262 2218 4315 ἄν
2241 4278 2344 4313 τινι
2374 4258 2540 4329 μετῆν
2574 4259 2717 4328 ζωῆς
2747 4258 2986 4319 αἰωνίου,
3019 4258 3069 4308 εί
3102 4256 3166 4325 δὴ
3210 4255 3351 4307 τοῦτ’
3379 4254 3621 4326 εἴρηται,
3642 4257 3721 4307 ὅτι

2151 4350 2367 4417 Μηδεὶς
2392 4349 2544 4419 ἔγνω
2587 4350 2695 4401 τὸν
2724 4347 2952 4415 Πατέρα
2991 4350 3043 4400 εὶ
3069 4346 3154 4416 μὴ
3190 4349 3223 4399 ό
3258 4348 3418 4412 Υἱόςμ
3440 4348 3595 4416 μηδὲ
3618 4348 3723 4401 τὸν

2163 4441 2296 4494 Υἱόν
2330 4457 2419 4505 τις
2456 4440 2607 4508 ἔγνω
2655 4440 2707 4491 εὶ
2733 4437 2811 4505 μὴ
2844 4439 3030 4507 μόνος
3078 4440 3110 4490 ό
3140 4436 3439 4506 γεννήσας
3470 4438 3659 4490 αὑτὸν
3691 4442 3721 4491 d

2152 4531 2373 4599 Πατήρ.
2420 4532 2687 4601 Ἀπαρκεί
2714 4528 2997 4599 τοιγαροῦν
3022 4530 3150 4598 ἡμῖν
3185 4530 3217 4597 ὴ
3247 4530 3426 4591 πίστις
3453 4530 3590 4598 πρὸς
3619 4546 3723 4581 σω-

2086 4616 2129 4670 D
2156 4623 2357 4693 τήριον,
2383 4622 2417 4692 ἡ
2450 4621 2579 4673 Θεὸν
2604 4619 2823 4690 Πατέρα
2856 4618 3265 4690 παντοκράτορα
3294 4620 3606 4689 παρέχουσα
3637 4638 3723 4687 γι-

2159 4711 2404 4775 νώσκειν,
2433 4713 2526 4765 καὶ⁸
2556 4711 2647 4763 τὸν
2687 4710 2944 4781 μονογενῆ
2978 4709 3142 4761 αὑτοῦ
3175 4710 3299 4762 Υἱὸν
3328 4712 3718 4781 ἐπιγράφεσθαι

2160 4805 2403 4873 Σωτῆρα.
2446 4806 2541 4867 Ὃς
2589 4803 2652 4873 δὴ
2705 4802 2837 4873 πρὸς
2884 4804 2989 4864 τοῖς
3039 4802 3235 4864 ἄλλοις,
3292 4803 3386 4855 καὶ
3440 4802 3591 4855 ταῦθ’
3623 4797 3720 4855 ('08:

2161 4895 2462 4967 παρεδίδου,
2491 4894 2662 4963 λέγων
2678 4911 2692 4925 ο
2731 4893 2799 4947 Τὸ
2822 4893 3255 4961 γεγεννημένον
3284 4894 3351 4946 ἐκ
3373 4892 3482 4960 τῆς
3501 4893 3723 4965 σαρκὸς

2160 4987 2316 5054 σάρξ
2334 4987 2484 5048 ἐστι,
2534 4988 2629 5038 καὶ
2664 4986 2730 5039 τὸ
2774 4985 3205 5054 γεγεννημένον
3229 4985 3297 5037 ἐκ
3324 4986 3431 5038 τοῦ
3466 4988 3721 5053 πνεύμα-

487 5078 602 5115 cum
622 5078 723 5116 non
748 5070 946 5129 pereat,
965 5061 1053 5115 sed
1068 5060 1251 5113 habeat
1269 5061 1679 5114 vimmwmnwm
1695 5062 1760 5118 “.
1805 5061 1876 5115 Illi
1899 5063 2044 5130 igitul

2157 5094 2260 5142 τος
2304 5076 2538 5146 ,πνεῦμά
2578 5077 2735 5129 ἐστι·
2789 5075 3024 5143 πνεῦμα
3062 5076 3129 5128 δὲ
3159 5080 3191 5131 ό
3214 5078 3377 5142 Θεός.
3416 5078 3504 5128 Διὸ
3537 5079 3719 5129 ἕπεται

487 5156 814 5209 credendum
863 5162 984 5213 est,
1041 5163 1098 5205 ut
1126 5152 1293 5206 vitam
1324 5163 1579 5207 wternam
1629 5170 2049 5224 consequamur.

484 5248 619 5304 Nam
657 5249 747 5319 qui
774 5248 828 5303 in
855 5262 1003 5308 enin,
1034 5244 1229 5313 inquit,
1259 5245 1455 5315 credit,
1491 5247 1653 5301 habet
1694 5247 1858 5297 vitam
1891 5255 2050 5299 aeter-

483 5357 639 5407 nam;
680 5356 783 5395 non
818 5339 909 5411 qui
944 5339 1226 5409 cognoscit
1263 5338 1537 5406 quomodo
1561 5346 1723 5391 natus
1751 5348 1835 5391 est
1861 5337 1926 5392 de
1951 5337 2053 5391 Pa-

559 5484 617 5540 ›Ι‹
658 5477 759 5533 Ed.
784 5480 983 5543 Paris.,
1012 5494 1133 5548 pag.
1163 5478 1252 5535 72.
1348 5479 1394 5511 ⁸³
1416 5477 1601 5533 Matth.
1635 5479 1833 5545 “11,5.

485 5678 888 5752 προαγαγόντος
912 5680 1082 5752 αἰτίου
1112 5710 1178 5720 --
1212 5681 1364 5751 σχοίη
1394 5680 1457 5734 ἂν
1487 5680 1584 5750 τῆς
1602 5679 1821 5752 πρῴτης
1853 5682 2047 5752 γεννή-

487 5764 624 5822 σεως
659 5750 838 5822 (codd.
877 5751 1159 5817 γενέσεως)
1192 5767 1245 5822 τἶ
1274 5750 1361 5819 γν.
1392 5754 1457 5807 ιι.
1486 5768 1540 5821 p.
1567 5750 1655 5806 99.
1684 5750 1851 5807 Porro
1892 5750 2050 5822 vulgo

487 5818 521 5887 ἦ
554 5832 656 5890 που
686 5821 843 5890 ἡμεῖς
871 5831 924 5872 et
945 5818 1313 5888 ποιησώμεθα.

559 5888 667 5958 (45)
699 5888 1238 5958 Πολυπριιγμονεῖν.
1265 5891 1423 5947 Deest
1450 5888 1627 5958 λόγον,
1656 5892 1861 5962 opinor.
1895 5892 2047 5948 Μ.-

2156 5168 2323 5230 νοεῖν,
2362 5166 2436 5229 ὡς
2482 5167 2576 5218 καὶ
2604 5167 2663 5218 τὸ
2703 5167 3096 5237 γεγεννημένον
3128 5169 3192 5220 ὲκ
3215 5167 3309 5219 τοῦ
3337 5166 3469 5219 Θεοῦ
3498 5166 3629 5229 Θεὸς
3658 5165 3720 5217 ἂν

2154 5257 2261 5327 εἴη.
2293 5259 2440 5327 "ch:
2476 5258 2531 5310 δὲ
2585 5259 2684 5328 τῆς
2725 5257 2960 5326 γεώδους
3010 5258 3208 5330 σαρκὸς
3247 5260 3275 5310 6
3319 5256 3719 5313 ἐπέκειναοτῶν

2152 5346 2286 5401 ὅλων
2311 5348 2439 5413 Θεὸς
2473 5349 2907 5421 ἀπηλλοτρίωται
2952 5351 3043 5403 καὶ
3084 5349 3488 5419 ἁπεσχοίνισται
3520 5352 3586 5419 τῇ
3621 5347 3715 5416 φύ-

1925 5482 1976 5513 “
1999 5482 2155 5539 han.
2191 5502 2272 5550 Ill,
2308 5489 2396 5543 Hi.

2156 5683 2285 5759 Dein
2314 5685 2471 5754 vulgo
2501 5686 2558 5739 ὃν
2588 5688 2817 5759 ἐκήρυξε
2846 5689 3020 5757 λέγων
3051 5696 3104 5742 et
3131 5690 3178 5741 εί
3208 5688 3261 5740 δὲ
3295 5688 3512 5743 ἀκούειν
3548 5699 3598 5741 et
3631 5705 3721 5759 γε-

2154 5754 2376 5835 γένηται
2402 5767 2455 5808 et
2490 5754 2849 5835 μ-ετείηζωῆς
2877 5754 2931 5813 et
2958 5760 3105 5835 πρὸς
3124 5760 3401 5835 σωτηρίαν
3425 5770 3491 5835 et_
3510 5760 3600 5813 τὸν
3631 5754 3720 5835 αύ-

2155 5828 2249 5900 τοῦ
2290 5829 2558 5900 μονογενῆ,
2589 5828 2713 5900 ἴίίὸν
2736 5829 2932 5900 ὑπογρ.
2960 5830 3189 5899 Σωτῆρα
3209 5846 3221 5858 ·
3254 5831 3314 5892 ὃς
3344 5830 3425 5881 δέ.
3458 5828 3623 5886 Porro
3648 5830 3724 5895 ὡς

2153 5895 2213 5947 τὸ
2256 5910 2435 5963 γεγεν.
2466 5895 2736 5961 ει“θ.Θεός
2762 5895 2890 5952 ἐστι’
2909 5909 2961 5955 et
2993 5895 3157 5969 σαρκ.
3188 5901 3505 5970 γεννήσεως.
