3970 6510
255 396 358 450 M9

1283 393 1371 450 DE
1413 390 1946 451 ECCLESIASTICA
1990 390 2382 450 THEOLOGIA
2425 396 2554 452 LIB.
2596 396 2638 452 1.

3403 399 3509 458 850

255 535 360 580 σει,
386 527 626 587 τοσουτῳ
651 516 757 588 χρὴ
786 518 925 569 νοεῖν
955 516 1048 570 καὶ
1073 516 1172 587 τῆς
1201 515 1309 568 τῶν
1331 516 1549 587 σαρκῶν
1577 515 1825 584 γενέσεως

1948 522 2046 567 tre.
2075 513 2240 570 Nemo
2267 517 2408 572 enim
2437 527 2547 572 tum
2576 518 2742 573 vitam
2775 526 3197 589 consequeretur
3222 528 3503 586 aeternam,

254 606 730 678 ἀπηλλπριῶσθαι
764 606 853 659 τὸν
882 607 1102 676 τρόπον,
1134 606 1253 660 καθ’
1283 606 1341 661 ὃν
1374 607 1402 658 6
1425 605 1612 676 Πατὴρ
1645 605 1836 674 ἐγέννα

251 699 340 750 τὸν
367 698 518 751 Υἰόν.
563 698 635 750 οὐ
667 697 774 769 γάρ
813 716 866 751 τι
908 696 1248 769 προϊέμενος9
1293 697 1404 752 οὐδ’
1436 696 1832 769 ἁλλοιούμενος,

250 789 372 842 οὑδέ
401 807 467 857 γε
498 789 814 860 παθητικῶς
840 789 1173 860 κινούμενος,
1196 790 1304 842 οὐδ’
1337 789 1476 854 ὅλως
1506 807 1559 843 τι
1577 790 1684 843 τῶν
1706 791 1836 861 ἡμῖν

250 879 732 950 συνεγνωσμένων,
769 880 1073 950 ὑπομένων,
1109 881 1306 952 ὑφίστη
1338 882 1520 936 αὑτόν.
1558 882 1691 934 Οὐδὲ
1728 884 1834 952 γὰρ

250 969 415 1040 σῶμα
445 965 534 1040 ἦν,
564 971 640 1034 ὡς
673 971 972 1042 ἀπόρροιαν
999 971 1107 1040 (46)
1143 971 1176 1043 ἢ
1221 972 1466 1043 μείωσιν,
1524 971 1557 1043 ἧ
1593 971 1832 1034 ἔκτασιν,

246 1062 279 1132 ἢ
327 1061 654 1133 μεταδολὴν,
695 1062 728 1133 ἢ
762 1063 992 1136 τροπῆν,
1037 1063 1070 1135 ἢ
1103 1066 1252 1134 ῥοὴν,
1303 1064 1335 1136 ἢ
1381 1065 1568 1137 μέρος,
1601 1065 1634 1137 ἢ
1666 1064 1835 1130 πάθος

246 1153 338 1203 ἐπ’
370 1151 522 1222 αύτῷ
548 1152 897 1221 λογίσασθαι*
929 1155 1132 1208 τούτων
1164 1156 1210 1209 δ’
1247 1155 1402 1219 ἐκτὸς
1444 1157 1699 1211 ἁπάντων
1737 1159 1835 1230 ἄῤ-

250 1247 418 1314 ρητον
447 1247 578 1315 ἡμῖν
624 1247 717 1298 καὶ
747 1247 1176 1314 ἀνεπιλόγιστον,
1213 1248 1412 1318 μᾶλλον
1445 1250 1501 1302 δὲ
1536 1250 1683 1323 πάσῃ
1714 1269 1835 1320 γεν-

247 1340 386 1407 νητῇ
423 1336 584 1404 φύσει
607 1337 1023 1409 ἀνεξερεύνητον
1056 1339 1150 1392 καὶ
1181 1339 1580 1410 ἀνεξιχνίαστον
1611 1343 1709 1414 τὴν
1737 1360 1832 1412 γε·-

245 1430 598 1499 νεσιουργίαν
644 1431 864 1502 ὑφίστη.
904 1433 944 1483 Γ
947 1433 1071 1502 εννᾷ
1106 1434 1202 1503 μὲν
1231 1432 1324 1488 οὖν
1357 1436 1452 1488 καὶ
1494 1437 1522 1488 6
1557 1436 1708 1506 ἥλιος
1735 1437 1832 1508 τὴν

246 1520 462 1591 αὐγὴν,
505 1521 722 1590 λέγεται
764 1523 819 1575 δὲ
856 1524 950 1576 καὶ
989 1525 1018 1576 6
1058 1524 1184 1589 Υἱὸς
1231 1528 1598 1596 ἀπαύγασμα
1639 1530 1833 1597 φωτὸς

243 1614 446 1667 ἀϊδίου
477 1613 575 1666 καὶ
599 1614 961 1684 ἀπαύγασμα
986 1616 1097 1686 τῆς
1121 1616 1327 1684 δόξης,
1354 1619 1414 1671 οὑ
1442 1620 1539 1690 μὲν
1564 1620 1703 1673 κατά
1733 1622 1832 1692 τὴν

243 1704 515 1777 αἰσθητὴν
545 1705 639 1758 τοῦ
664 1707 840 1774 φωτὸς
864 1709 1048 1762 εἰκόνα
1072 1709 1348 1776 (ἐπέκεινα
1372 1710 1480 1782 γὰρ
1506 1710 1706 1774 παντὸς
1735 1728 1832 1764 πα-

246 1798 937 1870 ραδείγματος),ἀρῤήτοις
967 1801 1128 1854 αὑτὸν
1166 1803 1260 1855 καὶ
1303 1803 1705 1875 ἀκαταλήπτοις
1747 1806 1830 1860 λό-

243 1907 365 1957 γοις
393 1889 614 1960 ὑφίστη,
635 1890 731 1942 καὶ
754 1890 941 1944 τοῦτον
964 1891 1062 1946 ἕνα
1093 1893 1184 1945 καὶ
1205 1895 1502 1966 Μονογενῆ.
1534 1897 1824 1952 Δυσσεὸὦν

239 1980 304 2032 δὲ
336 1979 430 2032 καὶ
467 1978 642 2032 ἀθέων
683 1979 914 2052 ἀνδρῶν,
963 1981 1060 2053 τὴν
1088 1983 1345 2037 πολύθεον
1379 1984 1586 2054 πλάνην
1608 2005 1828 2059 νενοση-

241 2072 442 2135 κότων,
471 2073 880 2143 ἀποπεφράχθω
926 2077 1033 2128 πᾶν
1068 2076 1259 2145 στόμα,
1297 2079 1345 2130 οἰ
1383 2077 1476 2132 τοῦ
1511 2079 1830 2149 μονογενοῦς

243 2164 379 2217 Υἰοῦ
403 2163 501 2234 τὴν
522 2165 794 2236 ἐξαίρετον
814 2167 908 2219 καὶ
931 2167 1234 2232 ἰδιάζουσαν
1250 2169 1500 2241 γέννησιν
1526 2174 1604 2235 εἰς
1627 2172 1831 2242 πλῆθος

241 2257 676 2320 καταϐάλλοντες
717 2258 946 2327 Πατέρα
973 2259 1207 2329 ἀνδρῶν
1247 2279 1311 2316 τε
1341 2262 1492 2317 θεῶν
1523 2265 1828 2337 τε-άνειρή-

242 2361 426 2410 κασιν,
493 2347 629 2417 ὁμοῦ
680 2348 778 2418 μὲν
829 2349 1026 2420 ἄνδρας
1071 2350 1324 2421 μίξαντες
1372 2352 1535 2417 θεοῖς,
1581 2353 1717 2425 ὁμοῦ
1771 2355 1827 2408 δὲ

239 2438 458 2500 τούτοις
489 2439 706 2509 ὁμοφυῆ
740 2439 832 2492 καὶ
859 2440 952 2492 τὸν
986 2442 1145 2494 αὑτὸν
1172 2445 1550 2515 εἰσηγούμενοι
1586 2448 1825 2518 Πατέρα.

254 2530 398 2582 Ἀλλ’
427 2530 548 2583 οὑδὲ
591 2531 688 2600 μὲν
718 2531 966 2602 ἐνεργείᾳ
992 2532 1276 2605 δαιμονικῇ
1311 2535 1371 2587 τὸ
1395 2536 1652 2600 δυσσεϐὲς
1677 2538 1828 2591 τουτὶ

240 2622 340 2674 καὶ
372 2621 530 2675 ἄθεον
563 2623 873 2694 προήκαντο
909 2625 1079 2694 ῥῆμα,
1111 2623 1189 2695 τῷ
1213 2624 1391 2696 θνητῷ
1423 2628 1516 2680 καὶ
1542 2629 1828 2702 παθητικῷ

237 2714 338 2766 καὶ
378 2713 738 2783 ἁμαρτητικῷ
765 2714 910 2782 γένει
941 2714 1047 2767 τῶν
1086 2715 1386 2786 ἀνθρώπων
1427 2719 1686 2788 ὁμοφυεῖς
1735 2723 1828 2775 καὶ

237 2803 544 2872 ὁμοπαθεῖς
576 2803 752 2866 θεοὺς,
793 2804 885 2857 καὶ
923 2803 1013 2856 τὸν
1056 2803 1261 2857 τούτων
1291 2807 1466 2859 κοινὸν
1506 2809 1827 2880 ὑποθέμενοι

239 2895 484 2966 Πατέρα,
537 2895 752 2958 πάντως
791 2911 893 2948 που
929 2898 1040 2960 τοῖς
1069 2897 1255 2949 παισὶν
1289 2900 1773 2970 παρωμοιωμένον,
1799 2905 1828 2956 6

235 2989 284 3040 δ’
306 2987 757 3056 ἐκκλησιαστικὺς
782 2987 956 3058 κήρυξ
983 2988 1099 3050 ἑνὸς
1127 2987 1259 3040 Θεοῦ
1281 2988 1378 3041 ἕνα
1415 2994 1674 3064 μονογενῆ
1700 2993 1826 3047 Υἱὸν

235 3083 353 3143 τοῖς
405 3081 570 3132 πᾶσιν
627 3079 1010 3150 ἀνακηρύττει,
1064 3079 1122 3133 ὃν
1183 3081 1323 3151 ὑπὲρ
1380 3084 1478 3152 τῆς
1541 3083 1648 3136 τῶν
1711 3102 1830 3153 γεν-

1939 607 1982 662 si
2037 608 2149 662 haec
2191 610 2428 663 conditio
2461 619 2659 665 statuta
2708 610 2940 666 fuisset:
2976 612 3133 681 quia,
3165 611 3336 665 Nemo
3366 618 3506 668 not-it

1938 694 2157 750 Patrem
2187 698 2288 752 nisi
2335 696 2524 762 Filius,
2541 716 2700 768 neque
2736 697 2936 754 Filium
2963 702 3080 770 quis
3105 703 3243 756 novit
3273 703 3378 757 nisi
3407 703 3511 757 Pa-

1937 801 2017 844 ter
2038 793 2202 853 solus,
2231 793 2320 861 qui
2355 790 2504 843 illum
2553 794 2818 860 generavit
2847 793 2913 848 “.
2961 789 3167 848 Sufﬁcit
3193 807 3324 864 ergo
3354 796 3508 848 nobis

1937 883 2002 934 ad
2035 882 2262 938 salutem
2301 883 2433 936 lides
2456 921 2472 944 ,
2509 897 2569 937 ea
2621 898 2739 951 quae
2778 884 2940 936 Deum
2971 886 3125 938 nobis
3154 886 3376 940 exhibet
3413 885 3507 938 Pa-

1940 978 2116 1033 trem,
2147 970 2572 1040 omnipotentem
2605 1011 2620 1036 ,
2655 982 2707 1025 et
2759 970 2954 1025 Filium
3008 973 3180 1040 ipsius
3225 972 3507 1041 subsignat

1941 1063 2311 1116 Servatorem.
2346 1061 2448 1127 Qui
2477 1071 2529 1116 et
2570 1062 2684 1122 ipse
2727 1061 2868 1116 inter
2895 1062 3000 1116 alia
3035 1061 3189 1116 nobis
3215 1062 3316 1116 ista
3357 1075 3507 1116 com-

1941 1155 2215 1208 mendavit
2245 1155 2529 1224 inquiens:
2561 1154 2712 1220 Quod
2753 1164 2932 1206 natum
2967 1163 3044 1207 est
3086 1169 3150 1207 ex
3173 1168 3351 1219 carne,
3383 1166 3506 1206 cura

1938 1255 2014 1300 est
2045 1263 2064 1312 ;
2091 1259 2136 1300 et
2168 1249 2307 1315 quod
2351 1259 2528 1300 natum
2579 1256 2652 1298 est
2685 1261 2748 1298 ea:
2790 1247 2977 1310 spiritu
3001 1285 3015 1308 ,
3059 1245 3274 1313 spiritus
3303 1254 3378 1297 est
3416 1243 3502 1310 “;

1938 1337 2080 1392 Deus
2127 1347 2301 1392 autem
2347 1339 2564 1403 spiritus
2598 1348 2671 1389 est
2712 1336 2776 1389 °’.
2814 1337 3163 1404 Consequens
3212 1334 3372 1403 igitur
3398 1342 3504 1399 est,

1935 1441 1995 1486 ut
2018 1430 2563 1500 intelligamus,quod
2596 1437 2778 1481 natum
2802 1437 2887 1482 est
2919 1427 2985 1481 de
3017 1425 3146 1491 Deo,
3179 1425 3346 1479 Deum
3363 1439 3501 1482 esse.

1939 1523 2206 1590 Quantum
2239 1537 2368 1576 vero
2401 1521 2542 1575 Deus
2567 1521 2656 1575 ille
2694 1521 3068 1574 universorum
3100 1531 3262 1585 super
3287 1529 3503 1568 carnem

1935 1618 2074 1671 hanc
2101 1629 2374 1671 terrenam
2413 1615 2680 1670 exaltatus
2707 1653 2724 1678 ,
2769 1613 2837 1668 ab
2889 1611 3034 1666 illius
3085 1609 3246 1665 modo
3279 1606 3506 1662 recessit

1932 1719 1987 1764 et
2015 1723 2272 1763 mensura
2302 1725 2315 1762 :
2344 1707 2397 1762 in
2449 1716 2659 1760 tantum
2694 1704 2851 1759 nobis
2879 1704 3059 1758 animo
3090 1699 3504 1769 concipiendum

1932 1809 2017 1855 est
2050 1839 2064 1864 ,
2114 1801 2329 1854 modum
2379 1799 2530 1852 illum
2557 1837 2572 1863 ,
2613 1796 2909 1851 secundum
2937 1808 3095 1863 quem
3130 1791 3290 1846 Pater
3322 1791 3505 1860 genuit

1939 1891 2161 1957 Filium,
2197 1890 2380 1945 multis
2414 1889 2628 1957 quidem
2664 1887 2996 1956 parasangis,
3029 1884 3305 1939 carnalem
3338 1898 3502 1952 gene-

1934 1981 2088 2034 randi
2131 1980 2346 2034 modum
2385 1991 2735 2046 exsuperare.
2773 1982 2829 2039 >14
2884 1975 3067 2042 Neque
3112 1975 3255 2028 enim
3299 1972 3502 2041 aliquid

1932 2071 2253 2136 emittenda,
2291 2070 2486 2125 nedum
2536 2069 2652 2137 ipse
2703 2069 2962 2122 alteratus
2987 2106 3003 2130 ,
3040 2077 3132 2119 aut
3164 2081 3260 2134 per
3290 2064 3502 2132 passio-

1933 2181 2054 2220 nem
2094 2163 2325 2219 aﬂ'ecnts
2365 2162 2696 2232 aliqualiter,
2722 2173 2816 2227 et,
2847 2173 2907 2215 ut
2957 2160 3237 2230 expediam
3291 2156 3499 2218 verbo,

1933 2255 2066 2311 nihil
2097 2271 2283 2311 eorum
2320 2255 2623 2316 subeundo,
2663 2269 2783 2322 quae
2819 2253 3019 2309 nostris
3045 2251 3240 2305 animis
3259 2258 3388 2303 sunt
3412 2262 3504 2304 co-

1930 2348 2169 2418 guitione
2204 2345 2684 2415 apprehensibilia,
2717 2343 2866 2399 illum
2894 2344 3190 2398 subsistere
3221 2337 3505 2394 fecit.Non

1929 2441 2072 2496 enim
2107 2454 2307 2509 corpus
2341 2448 2457 2494 erat
2487 2438 2654 2501 Patri,
2707 2445 2768 2491 ut
2801 2435 3054 2489 emuxum
3099 2435 3234 2502 ipsi,
3262 2432 3504 2486 diminu-

1933 2534 2156 2596 tionem,
2196 2531 2599 2596 extensionem,
2628 2528 3158 2587 transmutationem,
3195 2523 3505 2578 conversio-

1931 2641 2052 2680 nem
2080 2663 2098 2691 ,
2125 2622 2327 2678 ﬂuxum
2355 2661 2370 2687 ,
2400 2632 2584 2692 partes
2603 2659 2619 2685 ,
2657 2621 2966 2690 passionem
3010 2618 3369 2672 attribuamus
3394 2614 3504 2669 alio

1930 2726 2106 2787 pacto.
2139 2717 2221 2770 Ab
2271 2714 2391 2768 istis
2421 2722 2603 2767 autem
2640 2713 2897 2774 omnibus
2946 2709 3084 2763 liber
3115 2718 3170 2762 et
3217 2714 3459 2763 semotus
3485 2745 3500 2770 ,

1929 2804 2294 2875 generationis
2331 2803 2548 2856 modum
2597 2800 2798 2856 subivit
2824 2799 2937 2863 ille,
2972 2813 3076 2852 non
3104 2795 3500 2865 explicabilem,

1929 2893 2524 2963 incomprehensibilem
2562 2916 2573 2948 ;
2615 2893 2722 2946 imo
2749 2900 2804 2945 et
2834 2889 3099 2944 universae
3125 2897 3498 2942 creaturarum

1930 2997 2135 3041 natura:
2163 3026 2178 3052 ,
2213 2986 2373 3042 nullis
2403 2985 2645 3054 vestigiis
2694 2982 3025 3039 odorandam
3053 3021 3069 3049 ,
3103 2979 3246 3033 nulla
3279 2978 3503 3032 investio

1928 3081 2150 3148 gatione
2201 3079 2614 3149 assequendam.
2658 3074 2936 3146 Progignit
2985 3074 3199 3141 quidem
3241 3067 3499 3140 splend0--

237 3169 424 3233 νητιῖω
493 3169 749 3223 ἁπάντων
818 3170 1088 3239 σωτηρίας
1148 3187 1207 3222 τε
1272 3172 1366 3224 καὶ
1409 3173 1665 3241 προνοίας
1722 3175 1825 3245 ὑφ-

1932 3187 2043 3226 rem
2072 3171 2138 3227 de
2165 3187 2223 3226 se
2252 3171 2354 3226 sol.
2388 3169 2599 3224 Dicitur
2633 3177 2812 3222 autem
2842 3165 3029 3230 Filius,
3079 3163 3326 3232 splendor
3363 3159 3500 3213 lucis

239 3253 389 3326 ίστη.

1932 3275 2141 3319 wterna.’
2173 3264 2217 3295 ⁵⁸
2252 3281 2267 3319 :
2314 3273 2362 3317 et
2402 3261 2586 3330 gloria:
2610 3259 2858 3329 splendor
2886 3259 2952 3324 θ’,
3000 3257 3095 3311 sed
3144 3269 3249 3308 non
3301 3263 3498 3306 secun-

238 3345 372 3397 dmn
422 3345 560 3401 lucis
614 3345 887 3401 sensibilis
919 3345 1230 3417 imaginem.
1273 3347 1407 3403 Nam
1444 3365 1608 3421 supra
1639 3356 1818 3410 onmis
1857 3357 2086 3426 exempli
2158 3355 2564 3410 similitudinem
2593 3392 2608 3417 ,
2678 3347 3140 3406 inenarrabilibus
3165 3361 3289 3400 eum
3325 3342 3500 3397 modis

237 3450 290 3494 et
351 3439 934 3509 incompreheudendis
983 3443 1239 3511 produxit
1301 3443 1464 3501 Pater
1513 3465 1526 3500 :
1583 3464 1815 3521 eumque
1854 3468 2019 3508 unum
2055 3461 2111 3507 et
2160 3450 2532 3522 Unigenitum.
2601 3446 2788 3515 lmpiis
2850 3454 3027 3499 autem
3067 3442 3338 3507 omnibus,
3369 3447 3424 3493 et
3466 3455 3498 3492 a

238 3533 448 3602 pietate
490 3535 750 3597 remotis,
797 3549 887 3603 qut
941 3537 1132 3590 morbo
1177 3535 1427 3592 laborant
1473 3540 1539 3594 de
1594 3542 1816 3598 deorum
1857 3545 2224 3609 multitudine,
2289 3543 2614 3598 obturantur
2673 3555 2766 3595 ora
2803 3557 2817 3594 :
2854 3540 2942 3606 qui
2974 3537 3299 3608 singularem
3336 3535 3496 3588 istam

236 3637 297 3683 et
319 3639 578 3682 aeternam
607 3629 866 3698 unigeniti
907 3629 1023 3708 Filii
1064 3633 1502 3700 generationem,
1538 3635 1590 3690 in
1629 3639 2029 3696 multitudinem
2093 3641 2346 3695 deorsum
2409 3635 2741 3705 conjiciunt,
2801 3632 3017 3688 Patrem
3095 3633 3363 3685 hominum
3401 3643 3500 3683 no—

239 3724 515 3780 minantes
556 3726 872 3795 dearumque
895 3765 912 3792 ,
957 3726 1204 3782 homines
1247 3728 1348 3781 diis
1372 3733 1821 3803 commiscentes,
1861 3735 2076 3792 Patrem
2106 3745 2470 3807 supponentes
2530 3735 2614 3790 bis
2679 3747 3059 3802 congenerem.
3095 3729 3234 3795 Alii,
3265 3743 3361 3798 per
3385 3727 3495 3781 dae-

240 3830 468 3869 monum
526 3815 938 3883 operationem,
994 3815 1216 3880 impium
1279 3817 1420 3872 istud
1479 3824 1696 3875 verbum
1765 3834 1820 3878 et
1859 3826 2125 3880 atlteismo
2185 3827 2400 3896 plenum
2474 3825 2770 3896 protulere,
2819 3825 2946 3878 deos
2987 3836 3342 3890 congeneres,
3399 3818 3497 3874 iis-

239 3909 478 3973 demque
512 3904 852 3976 passiouibus
886 3902 1173 3970 obnoxios,
1198 3905 1393 3972 quibus
1431 3909 1680 3975 mortale,
1738 3914 2010 3980 possibile,
2081 3924 2136 3969 et
2200 3915 2475 3984 peccabile
2497 3929 2666 3984 genus
2712 3914 2992 3967 hominum
3022 3911 3284 3980 subiacet,
3305 3910 3494 3966 horum

237 3999 488 4052 omnium
541 4005 595 4050 et
641 3995 973 4064 singulorum
1035 3995 1249 4050 Patrem
1320 3996 1510 4065 Deum,
1561 4003 1788 4072 singulis
1836 4013 1891 4058 et
1943 4008 2210 4060 universis
2256 4008 2565 4061 assimilari.
2615 4004 2802 4058 Praeco
2848 4013 3025 4058 autent
3080 4001 3492 4057 Ecclesiasticus

240 4090 402 4141 unius
432 4089 545 4151 Dei,
575 4103 737 4140 unmn
772 4088 1074 4150 annuntiat,
1103 4097 1158 4142 et
1198 4091 1535 4157 unigenitum
1564 4094 1759 4149 Filium
1793 4114 1806 4148 :
1849 4112 2006 4165 quem
2065 4100 2225 4154 Pater
2275 4100 2342 4153 ad
2389 4099 2617 4154 salutem
2652 4099 3069 4160 universorum,
3153 4103 3206 4147 et
3271 4093 3494 4163 singulis

243 4180 640 4250 providendum
671 4180 957 4242 creaturis,
988 4181 1283 4236 subsistere
1311 4183 1462 4238 fecit.

893 4271 1051 4324 ΚΕΦ.
1065 4272 1160 4327 II".

2540 4273 2691 4327 CAP.
2736 4271 2871 4326 Xlll.

893 4271 1160 4327 ΚΕΦΛΡ.

239 4363 371 4415 Ὅτι
414 4362 712 4430 ἀναγκαία
751 4361 850 4415 καὶ
887 4363 1182 4436 ρ’ῳτήριος
1224 4364 1350 4431 τοῖς
1394 4365 1586 4421 πᾶσιν
1641 4369 1675 4436 ἡ
1718 4369 1824 4423 τοῦ

2540 4273 2691 4328 CAP.
2736 4271 2871 4326 Xlll.

2003 4366 2155 4432 Quod
2184 4365 2435 4419 adventus
2465 4361 2595 4417 Filii
2631 4364 2869 4417 omnibus
2900 4363 3057 4434 fuerit
3098 4362 3345 4417 salutaris
3375 4371 3423 4417 et

779 4433 912 4486 Υἱοῦ
947 4433 1290 4506 ἐπιστασία,
1664 4433 1670 4436 ¹

2545 4451 2886 4489 necessarius.

322 4525 542 4597 Ἐπειδὴ
566 4528 674 4597 γὰρ
696 4530 728 4596 ή
753 4526 861 4580 τῶν
893 4527 1191 4595 γεγονότων
1214 4527 1375 4596 φύσις
1405 4529 1462 4580 ἐν
1494 4527 1705 4599 σώμασι
1730 4530 1823 4583 καὶ

1998 4527 2443 4596 Quamloquidem
2476 4541 2608 4581 vero
2657 4540 2836 4579 rerum
2879 4534 3356 4595 progeneratarum
3400 4508 3496 4580 na-

237 4621 576 4691 ἀσωμάτοις,
610 4619 873 4688 ἐμψύχοις
898 4635 956 4670 τε
988 4619 1080 4670 καὶ
1104 4618 1350 4690 ἀψύχοις,
1379 4619 1614 4688 λογικοῖς
1643 4638 1702 4673 τε
1728 4624 1822 4676 καὶ

236 4714 474 4782 ἀλόγοις,
524 4711 735 4781 θνητοῖς
775 4728 834 4763 τε
877 4711 971 4764 καὶ
999 4710 1301 4775 ἀθανάτοις,
1337 4712 1398 4764 τὸ
1438 4712 1693 4785 διάφορον
1725 4729 1819 4765 κε-

237 4807 488 4877 κτημένη
513 4843 527 4866 ,
557 4804 636 4874 τῷ
671 4804 808 4876 ὑπὲρ
835 4805 1052 4858 πάντων
1087 4806 1178 4857 καὶ
1205 4805 1299 4858 ἐπὶ
1331 4806 1545 4858 πάντων
1572 4805 1690 4876 Θεῷ
1720 4823 1817 4858 πε-

234 4900 420 4962 “άζειν
450 4898 541 4949 καὶ
569 4896 675 4949 τῶν
698 4896 798 4966 τῆς
823 4895 986 4948 αὑτοῦ
1020 4895 1272 4965 θεότητος
1309 4897 1684 4967 μαρμαρυγῶν
1718 4898 1816 4967 οὐχ

231 5009 263 5031 σι
286 5006 319 5043 α
352 5007 411 5042 τε
446 4985 514 5059 ἦν
552 4987 796 5058 μετέχειν
827 4987 893 5040 δι’
924 4987 1230 5058 ὑπερϐολὴν
1260 4988 1357 5058 τῆς
1382 4989 1489 5042 ἀπὸ
1518 4986 1610 5040 τοῦ
1641 4987 1818 5058 κρείτ-

232 5099 387 5145 ιονος
410 5080 719 5150 ἐλλείψεως,
755 5079 969 5151 μακρὰν
997 5079 1053 5131 δὲ
1095 5080 1188 5132 καὶ
1217 5079 1570 5151 πορρωτάτω,
1603 5078 1814 5146 φύσεως

231 5172 510 5242 ἀσθενείᾳ,
541 5169 798 5223 διολισθὲν
823 5171 887 5223 ἂν
917 5168 1026 5239 εἴη,
1056 5169 1165 5239 (47)
1205 5171 1253 5222 εἰ
1287 5169 1361 5240 μὴ
1387 5169 1520 5222 Θεοῦ
1567 5171 1818 5241 Σωτῆρος

231 5263 392 5332 ἔτυχε
445 5259 658 5332 βοηθοῦ,
699 5259 920 5323 εἰκότως
953 5261 984 5329 ὴ
1021 5261 1256 5331 πατρικὴ
1294 5259 1693 5332 φιλανθρωπία,
1729 5250 1818 5313 τὸν

1926 4630 2064 4684 tura,
2103 4635 2223 4690 qua:
2249 4617 2610 4674 diﬂ‘ereutiam
2647 4619 2838 4673 sortita
2877 4627 2962 4672 est
2988 4617 3364 4687 multiplicem,
3397 4631 3495 4687 per

1924 4726 2215 4779 corporeus
2242 4721 2294 4766 et
2321 4712 2670 4778 incorporeas
2704 4713 2971 4765 essentias
2989 4749 3004 4775 ,
3031 4711 3297 4766 animatas
3326 4721 3382 4765 et
3408 4711 3493 4765 in-

1923 4808 2193 4859 auimatas
2224 4845 2237 4868 ,
2268 4806 2562 4858 rationales
2583 4845 2597 4866 ,
2625 4814 2681 4859 et
2711 4803 3088 4871 irrationales,
3133 4806 3384 4860 mortales
3439 4792 3496 4860 et

1923 4896 2260 4951 immortales
2286 4936 2300 4961 ,
2351 4899 2786 4966 appropinquare
2817 4898 2926 4953 Deo
2952 4937 2968 4965 ,
2997 4900 3085 4966 qui
3119 4913 3280 4967 super
3311 4899 3490 4951 omnia

1921 4995 1974 5041 et
2009 5001 2103 5054 per
2136 4988 2318 5040 omnia
2348 4997 2562 5056 praeest,
2586 4993 2644 5051 ›Ῑ‹
2681 4987 2825 5042 illius
2847 4988 3146 5042 divinitatis
3173 4987 3491 5056 Splendores

1922 5076 2066 5130 nullo
2120 5077 2278 5130 modo
2324 5077 2501 5145 potuit
2541 5078 2865 5146 participare
2893 5116 2906 5140 ,
2951 5075 3021 5130 ob
3072 5074 3290 5126 nimiam
3344 5072 3488 5125 illam

1921 5185 2073 5222 suam
2109 5150 2473 5239 deiicientiam
2500 5209 2514 5233 ,
2543 5183 2639 5239 per
2687 5183 2846 5238 quam
2886 5185 2915 5221 a
2954 5175 3144 5220 natura
3194 5165 3280 5219 illa
3320 5162 3487 5220 subli-

1925 5262 2164 5317 missima
2205 5273 2531 5319 semovetur.
2566 5259 2715 5316 llude
2745 5273 2940 5330 magno
2963 5299 2979 5325 ,
3028 5261 3138 5313 imo
3171 5257 3486 5327 longissimo

311 5431 373 5490 ὦ
403 5425 499 5480 Ed.
534 5424 731 5490 Paris,
755 5440 912 5495 pagg.
935 5423 1117 5488 75,74.
1147 5423 1400 5480 “Matth.
1441 5421 1954 5493 xr,27._“Joan.n:,
1990 5421 2042 5476 6.
2082 5421 2299 5478 "Joan.
2323 5420 2503 5487 “324.
2579 5419 2624 5452 “
2641 5418 2766 5487 Sap.
2799 5434 2904 5483 vu,
2935 5415 3022 5471 26.
3102 5415 3387 5485 δηλοίη-,1,
3427 5417 3480 5471 5.

313 5663 422 5734 (46)
453 5664 622 5736 Vtugo
652 5667 754 5736 καῖ
791 5662 1045 5736 μείωσιν,⁸
1070 5660 1190 5736 dein
1221 5661 1344 5733 ῥοὴν
1375 5673 1425 5718 ct
1453 5681 1799 5736 γεννησιουρ-

230 5731 444 5807 γίανμιιι
474 5731 572 5787 καῖ
590 5735 618 5786 6
646 5731 880 5807 ἥλιος-οι
904 5733 1001 5784 ἀπ.
1025 5731 1392 5807 δόξης,]ιοίϊο
1441 5731 1695 5807 αἰσθητόν
1739 5731 1796 5789 ιιι

233 5808 291 5858 αὶ
315 5803 485 5859 ἀΐδιον
518 5813 570 5857 et
603 5803 1029 5866 καταϐάλλοντες
1057 5816 1110 5856 et
1139 5803 1293 5872 ἀνδρ.
1326 5806 1415 5859 καὶ
1449 5803 1607 5861 θεῶνζ
1656 5806 1790 5862 Dein

231 5877 383 5930 ἄλλοι
415 5875 470 5928 δὲ
511 5875 608 5946 μέν
633 5885 686 5930 ct
715 5874 793 5940 τῷ
820 5875 968 5942 διαφ.
1003 5873 1106 5943 Μι).
1133 5875 1201 5927 is.
1230 5873 1306 5928 τό.

1989 5670 2098 5738 (47)
2135 5673 2202 5733 Et
2224 5669 2312 5741 μὴ
2339 5669 2502 5741 ΔΘεοῦ
2529 5667 2843 5737 Σωτήριος.
2880 5666 2962 5741 lta_
2996 5667 3202 5741 legend.
3261 5665 3482 5741 omnino

1912 5733 2060 5807 patet
2081 5733 2261 5812 [vulgo
2291 5733 2390 5812 εἴη
2409 5740 2529 5812 μή],
2559 5733 2761 5804 statim,
2789 5733 3072 5811 χωροῦντα
3093 5738 3195 5812 [sic
3225 5745 3275 5794 ct
3295 5733 3480 5811 codd.]

1909 5811 2098 5882 nempe
2125 5813 2308 5868 lilium.
2349 5811 2415 5865 Μ.
