3970 6568
497 436 592 491 851

1170 438 1439 496 EUSEBII
1481 439 1962 496 CAESARIENSIS
2001 439 2150 496 OPP.
2193 441 2369 498 PARS
2409 442 2496 498 IV.
2534 475 2604 485 —-
2647 441 3057 500 DOGMATICA.

3616 437 3715 500 852

497 554 803 617 in'ervallo,
831 563 1053 624 propter
1076 554 1376 608 naturalem
1407 569 1560 609 suam
1593 555 1962 612 infirmitatem
1993 557 2042 610 al

2166 558 2328 611 αὑτοῦ
2376 559 2638 629 μονογενῆ
2684 560 2856 612 Παῖδα
2903 559 2994 611 ἐπὶ
3031 558 3163 610 πᾶσι
3213 556 3462 625 καθίστη,
3511 555 3604 608 καὶ
3637 552 3717 610 διὰ

497 648 586 700 illo
614 648 941 712 excidisset,
975 647 1078 700 nisi
1122 647 1288 701 Deum
1323 646 1624 714 adjutorem
1663 648 1837 717 ipsum
1871 650 2056 703 nanci-

495 749 760 802 sceretur,
796 747 1023 806 paterna
1055 738 1146 792 illa
1189 739 1280 792 Dei
1314 739 1706 802 misericordia,
1739 754 1837 793 nec
1869 743 2058 795 imme-

495 832 620 896 rito,
653 846 810 884 suum
841 830 1031 886 Filium
1081 831 1414 900 unigenitum
1444 846 1607 900 super
1637 846 1827 888 omnes
1855 833 2060 888 consti-

493 923 617 989 tuit,
650 932 835 992 utpote
860 923 948 992 qui
981 938 1077 993 per
1105 924 1286 977 omnia
1305 933 1652 990 commearet,
1677 925 2057 979 omnibusloco

491 1016 852 1069 moderatoris
883 1015 1220 1084 praesideret,
1257 1025 1310 1068 et
1339 1015 1458 1069 illos
1487 1014 1705 1083 largiter
1727 1015 1793 1068 de
1823 1031 1918 1070 sua
1946 1031 2059 1069 mu-

493 1104 766 1159 niﬁcentia
807 1105 1079 1174 irrigaret.
1132 1104 1409 1161 Universis
1449 1106 1715 1172 siquidem
1757 1116 1810 1161 et
1836 1107 2060 1176 singulis

491 1212 615 1251 eum
667 1197 849 1262 Pater,
881 1199 970 1264 qui
1003 1207 1305 1266 genuerat,
1353 1210 1459 1251 tam
1511 1197 1599 1264 qui
1633 1207 1759 1252 sunt
1803 1198 1856 1252 in
1883 1199 2056 1265 caelis,

491 1301 654 1356 quam
688 1291 778 1360 qui
820 1304 980 1359 super
1011 1298 1203 1356 terras,
1239 1298 1508 1358 pastorem
1543 1289 1821 1344 constituit
1853 1298 1908 1345 et
1930 1291 2057 1345 Ser-

490 1390 729 1435 vatorem
754 1421 768 1440 .
798 1391 1100 1434 curatorem
1145 1381 1290 1435 dedit
1327 1391 1380 1434 et
1423 1382 1718 1447 custodem,
1785 1381 2054 1436 medicum

493 1475 550 1525 et'
571 1458 986 1540 gubernatorem
1031 1472 1226 1526 solum.
1263 1471 1336 1526 Illi
1372 1487 1552 1527 rerum
1587 1472 1825 1527 omnium
1854 1472 2054 1540 guber-

490 1563 686 1616 nacula
733 1563 784 1615 in
839 1578 1030 1618 manus
1080 1561 1263 1626 dedit,
1297 1563 1386 1631 qui
1417 1573 1472 1617 et
1506 1563 1592 1617 illa
1629 1563 1970 1632 produceret,
2002 1572 2056 1616 et

489 1655 753 1722 producta
807 1665 1139 1721 procuraret.
1173 1655 1227 1708 Id
1256 1658 1397 1724 quod
1433 1657 1546 1724 ipse
1575 1655 1730 1709 docet
1753 1696 1769 1719 ,
1820 1654 1907 1708 ubi
1958 1656 2051 1720 ait,

489 1745 682 1800 Omnia
704 1748 830 1799 mihi
855 1747 1052 1800 tradita
1087 1759 1206 1801 sunt
1252 1765 1284 1802 a
1312 1746 1471 1802 Patre
1493 1766 1602 1803 meo
1629 1749 1697 1803 7°.
1730 1749 1793 1803 Et
1825 1765 2007 1803 rur-sus
2036 1767 2048 1803 :

489 1836 653 1891 Pater
680 1840 816 1891 enim
843 1839 1012 1908 diligit
1043 1838 1266 1905 Filium,
1291 1851 1337 1894 et
1363 1843 1535 1895 omnia
1560 1840 1637 1894 illi
1661 1841 1714 1893 in
1749 1858 1933 1895 manus
1965 1844 2052 1918 de-

2164 649 2376 702 πάντων
2405 650 2702 721 χωροῦντα,
2733 652 2828 704 καὶ⁸
2858 654 2969 714 τοῖς
2993 653 3157 703 πᾶσιν
3194 649 3604 715 ἐπιστατοῦντα,
3633 652 3718 702 καὶ

2161 739 2258 802 τὰς
2311 739 2369 804 ἐξ
2425 741 2587 794 αὑτοῦ
2648 741 2908 811 χορηγίας
2961 740 3282 811 ἐπάρδοντα.
3350 741 3572 794 Πάντων
3619 740 3719 813 γὰρ

2161 831 2388 903 ἀθρόως,
2423 834 2530 886 τῶν
2563 851 2621 886 τε
2649 836 2768 888 κατ’
2793 835 3039 905 οὐρανὸν,
3074 835 3166 886 καὶ
3197 833 3303 887 τῶν
3347 834 3438 886 ἐπὶ
3474 834 3578 902 γῆς
3619 851 3722 887 ποι-

2163 924 2298 992 μένα
2351 923 2444 976 καὶ⁸
2486 925 2732 995 Σωτῆρα,
2782 924 3048 995 κηδεμόνα
3099 940 3156 975 τε
3205 923 3300 975 καὶ
3347 922 3580 991 φύλακα,
3636 923 3722 975 καὶ

2164 1013 2380 1084 ἰατρὸν,
2431 1015 2525 1067 κα)⁸
2573 1015 2906 1086 κυϐερνήτην
2957 1014 3114 1086 μόνον
3165 1015 3326 1068 αὑτὸν
3382 1014 3410 1065 ὁ
3461 1014 3724 1082 γεννήσας

2161 1106 2399 1172 ἀνέδειξε
2452 1106 2661 1176 Πατὴρ,
2707 1109 2805 1178 τῆς
2843 1107 2950 1159 τῶν
2991 1106 3126 1160 ὅλων
3175 1103 3483 1168 συστάσεως
3531 1121 3589 1157 τε
3634 1104 3722 1158 καὶ

2157 1197 2472 1266 διοικήσεως
2517 1198 2660 1268 μόνῳ
2680 1199 2804 1261 τοὺς
2830 1197 3020 1260 οἴακας
3039 1197 3172 1267 (47⁸)
3189 1195 3498 1267 ἐγχειρίσας
3517 1213 3528 1224 ο
3548 1195 3576 1247 ὃ
3593 1193 3744 1247 διδῶ

2163 1305 2278 1340 σκει
2319 1287 2490 1356 λέγων
2523 1289 2712 1352 αὑτός·
2765 1289 2966 1342 Πάντα
3003 1305 3104 1357 μοι
3146 1287 3441 1355 παρεδόθη
3473 1288 3591 1341 ὑπὸ
3619 1285 3720 1338 τοῦ

2155 1381 2384 1448 Πατρός
2393 1399 2531 1448 μου.
2551 1381 2660 1434 Καὶ
2675 1376 2846 1444 αὖθις,
2865 1380 3042 1449 Ὀγὰρ
3061 1380 3258 1448 Πατὴρ
3276 1378 3439 1448 φιλεῖ
3455 1378 3559 1431 τὸν
3570 1377 3720 1437 my,

2159 1473 2256 1524 καὶ
2286 1472 2481 1524 πάντα
2507 1471 2765 1524 δέδωκεν⁹
2799 1472 2869 1524 ἐν
2895 1470 2968 1538 τῇ
3007 1469 3158 1538 χειρὶ
3188 1471 3394 1525 αὑτοῦ.
3436 1470 3492 1522 '0
3518 1470 3589 1533 δ’,
3637 1462 3722 1521 οἷα

2159 1563 2320 1632 σοφὸς
2347 1563 2702 1634 κυϐερνήτης,
2734 1562 2823 1614 τὸν
2845 1561 3044 1633 κλῆρον
3073 1560 3223 1632 παρὰ
3247 1560 3340 1614 τοῦ
3369 1561 3580 1631 Πατρὸς
3603 1559 3723 1612 ὑπο·

2153 1654 2490 1723 δεδεγμένος,
2527 1652 2722 1716 ἐπιϐὰς
2751 1653 2843 1705 τοῦ
2895 1653 3205 1722 σύμπαντος
3251 1652 3475 1722 κόσμου,
3521 1653 3634 1705 ἄνω
3665 1669 3720 1704 τε

2157 1747 2292 1817 πρὸς
2317 1747 2406 1799 τὸν
2433 1746 2597 1799 αὑτοῦ
2621 1746 2837 1816 Πατέρα
2861 1745 3092 1815 βλέπων,
3125 1745 3244 1812 ἄγει
3265 1745 3355 1797 καὶ
3381 1744 3533 1813 φέρει
3559 1743 3724 1811 πηδα-

2153 1841 2376 1912 λιουχῶν
2404 1842 2463 1894 τὸ
2485 1843 2610 1905 πᾶν,
2641 1842 2758 1894 οὑδὲ
2798 1841 2860 1894 τὸ
2901 1839 3260 1910 σμικρότατον
3309 1835 3416 1888 τῶν
3456 1835 3720 1905 δεομένων

487 1929 563 1980 dit
588 1930 653 1980 ⁷¹.
701 1928 858 1998 Isque
902 1929 1050 1984 velut
1102 1931 1335 1997 prudens
1367 1933 1698 2002 gubernator
1743 1933 2042 2002 quispiam,

2156 1933 2255 2001 τῆς
2305 1932 2362 1998 ἐξ
2415 1931 2579 1985 αὑτοῦ
2625 1931 2886 2003 χορηγίας
2928 1928 3201 2001 παρορῶν,
3232 1927 3338 1980 οὐδ’
3368 1925 3720 1997 ὑπερφρονῶν

487 2031 686 2075 sortem
719 2023 863 2078 illam
897 2025 985 2079 ubi
1019 2025 1086 2080 de
1115 2024 1273 2079 Patre
1303 2035 1635 2094 susceperat,
1683 2041 1844 2094 super
1893 2043 2048 2080 mun-

487 2113 612 2167 dum
655 2119 956 2172 ascendens
994 2118 1308 2172 universum
1335 2157 1352 2184 ,
1383 2133 1703 2186 sursumque
1736 2121 1802 2172 ad
1837 2118 2049 2173 Patrem

486 2221 643 2258 suum
673 2208 918 2268 intuitus.
951 2196 1354 2262 universitatem
1405 2222 1584 2261 rerum
1616 2209 1762 2278 agit,
1802 2209 1904 2265 fert
1935 2225 2051 2265 mo-

487 2299 728 2352 derando
762 2298 996 2368 singula,
1029 2312 1130 2352 nec
1160 2298 1241 2353 vel
1277 2299 1668 2355 minutissimas
1701 2316 1785 2355 res
1826 2316 1927 2370 ope
1972 2301 2051 2372 ip-

487 2390 599 2443 sius
631 2404 899 2458 operaque
928 2390 1230 2457 indigentes
1250 2432 1264 2456 ,
1295 2391 1512 2460 insuper
1554 2392 1752 2458 habet,
1783 2403 1873 2446 aut
1906 2393 2050 2448 vilis-

487 2481 651 2535 simas
689 2481 989 2549 dcspectui.
1042 2481 1286 2550 Cumque
1333 2483 1534 2552 jugiter
1584 2483 1804 2558 assistat
1854 2485 2044 2538 horum

486 2574 712 2644 singulis
734 2613 750 2637 ,
786 2574 982 2644 cuique
1011 2577 1088 2628 rei
1122 2574 1314 2629 dividit
1351 2591 1411 2629 ea
1446 2591 1562 2644 quae
1610 2576 1914 2630 conducunt
1948 2593 1962 2630 :
1995 2586 2050 2630 et

485 2659 740 2736 tanquam
776 2666 1015 2722 medicus
1060 2669 1367 2736 suppeditat
1425 2669 1715 2732 universis,
1751 2682 1870 2737 quae
1901 2666 2047 2722 salu-

485 2769 590 2812 tem
637 2758 883 2813 videntur
950 2758 1197 2814 allatura.
1233 2755 1388 2813 “Hinc
1437 2759 1721 2814 admodum
1761 2773 1998 2828 congrue
2029 2798 2044 2824 ,

483 2867 657 2920 neque
690 2852 854 2906 vitam
891 2851 1221 2909 abhorrebat
1247 2852 1558 2920 victumque
1590 2852 1904 2905 humanum.
1939 2848 2045 2905 Sed

482 2959 604 2999 cum
635 2945 702 2998 ab
733 2945 878 2998 omni
900 2953 1044 2999 retro
1074 2943 1419 3012 antiquitate,
1452 2941 1748 2997 subsidium
1783 2940 2045 2997 submini-

480 3033 690 3088 strabat
739 3032 1041 3096 alllueuter,
1077 3033 1386 3087 hominibus
1441 3031 1531 3099 qui
1586 3046 1615 3085 a
1649 3030 1848 3086 saeculo
1895 3030 2046 3084 vixe-

481 3135 631 3189 runt,
689 3125 797 3179 Deo
825 3126 966 3178 caris
995 3137 1049 3177 et
1085 3124 1278 3191 amicis
1309 3143 1322 3178 :
1362 3139 1501 3178 nunc
1526 3124 1758 3177 humana
1786 3123 1954 3177 forma
1984 3138 2045 3178 se

481 3216 918 3286 conspiciendum
968 3215 1249 3269 insinuans
1295 3214 1590 3284 majoribus
1645 3213 2037 3270 IIebrazorum:

480 3322 624 3362 nunc
667 3321 796 3362 vero
830 3306 1061 3374 posteris
1099 3304 1344 3370 illorum,
1411 3304 1554 3375 leges
1599 3305 1730 3373 ipsis
1779 3320 2044 3375 congruas

478 3399 828 3470 promulgans
862 3416 876 3452 :
915 3405 970 3450 et
1000 3405 1273 3464 postremo
1303 3409 1399 3464 per
1426 3395 1736 3465 prophetas,
1763 3396 2044 3451 vaticiniis

479 3490 668 3555 variis,
704 3487 843 3556 apud
888 3487 1262 3555 posteritatem
1287 3525 1302 3546 .
1337 3501 1492 3540 suam
1516 3485 1749 3540 divinam
1784 3487 1922 3542 inter
1949 3487 2046 3541 IIO-

480 3582 655 3636 mines
686 3577 1142 3647 dispensationem
1181 3577 1350 3631 multo
1377 3585 1502 3629 ante
1529 3577 1878 3632 annuntians.
1902 3575 2044 3644 Qua-

479 3688 600 3726 rum
630 3671 872 3741 quidem,
903 3669 1041 3738 apud
1072 3667 1324 3722 saeculum
1362 3668 1510 3737 prius
1541 3668 1879 3723 oraculorum
1902 3684 2043 3724 com-

479 3765 831 3835 plementum,
884 3760 974 3814 ubi
1012 3771 1221 3828 tempus
1253 3760 1584 3826 advenerat,
1616 3761 1990 3829 consignatum
2020 3803 2034 3825 ,

479 3854 653 3921 reipsa
682 3850 933 3906 elfectum
968 3850 1138 3905 dedit.
1177 3849 1384 3917 Suique
1416 3848 1638 3917 factum,
1674 3857 1734 3903 ut
1763 3850 2038 3920 deinceps,

477 3945 616 4014 apud
663 3943 912 3998 homines
959 3942 1195 3996 humano
1235 3955 1387 3995 more
1417 3949 1751 3997 versaretur.
1805 3941 2041 4012 Eratque

477 4035 787 4105 unigenitus
833 4034 925 4088 Dei
964 4031 1134 4086 Filius
1165 4033 1300 4098 ipse,
1346 4031 1440 4100 qui
1482 4032 1533 4085 in
1569 4031 1801 4102 imagine
1834 4033 2037 4098 divina,

473 4128 578 4184 hoc
610 4137 694 4183 est
717 4141 947 4195 corpore
974 4125 1335 4178 instrumento
1365 4163 1380 4187 ,
1413 4139 1534 4177 cum
1569 4123 1806 4179 humano
1847 4141 2041 4196 genere

472 4219 938 4275 conversationem
971 4217 1158 4270 habuit
1185 4256 1200 4281 ,
1231 4214 1472 4269 docendo
1493 4255 1506 4280 ,
1537 4216 1780 4270 sanando
1803 4259 1818 4282 ,
1848 4217 2040 4270 divinae

471 4326 583 4367 suae
629 4309 908 4380 sapientia:
948 4307 1208 4363 ineffabili
1262 4307 1509 4360 doctrina
1555 4308 1935 4362 tnstituendo:
1976 4316 2034 4373 ᾖ

470 4405 670 4472 quique
707 4402 901 4465 adhuc,
934 4399 999 4454 ad
1028 4411 1216 4454 nutum
1257 4401 1338 4455 sui
1371 4398 1549 4453 Patris
1577 4440 1593 4464 ,
1628 4404 1696 4454 de
1727 4401 2038 4455 misericor-

468 4494 555 4548 dia
589 4491 706 4561 ejus
735 4492 1084 4561 exsuperanti
1118 4507 1288 4560 usque
1319 4491 1384 4544 ad
1419 4501 1605 4558 portas
1631 4494 1820 4546 mortis
1845 4496 2032 4558 evasit,

2158 2024 2263 2075 τῶν
2315 2023 2684 2096 βραχυτάτων.
2726 2023 2817 2075 Διὸ
2843 2021 2926 2092 δὴ,
2966 2023 3074 2084 τοῖς
3102 2021 3286 2081 πᾶσιν,
3308 2017 3429 2072 ἐπεὶ
3460 2017 3720 2086 πάρεστιν

2158 2115 2398 2184 ἑκάστῳ,
2433 2115 2611 2185 νέμων
2636 2113 2704 2166 τά
2735 2112 3038 2183 πρόσφορα,
3067 2113 3130 2180 τῇ
3167 2127 3225 2161 τε
3257 2108 3363 2161 τῶν
3400 2106 3534 2161 ὅλων
3564 2107 3719 2177 θερα-

2159 2207 2284 2276 πείᾳ
2316 2205 2469 2275 δίκην
2505 2204 2686 2276 ίατροῦ
2724 2203 2792 2257 τὰ
2832 2203 3066 2274 ἁρμόδια
3092 2202 3226 2272 πρὸς
3254 2198 3524 2271 σωτηρίαν
3551 2199 3717 2268 ἐπαρ-

2156 2295 2286 2350 κῶν.
2324 2296 2484 2350 ’Ὁθεν
2518 2297 2743 2356 εἰκότως
2773 2295 2891 2348 οὐδὲ
2935 2293 3027 2346 τοῦ
3053 2293 3171 2346 κατ’
3207 2291 3488 2362 ἄνθρωπον
3521 2290 3712 2359 ὑπερε-

2155 2394 2390 2464 φρόνησε
2443 2391 2580 2461 βίου,
2635 2389 2769 2442 ἀλλὰ
2828 2390 2920 2443 καὶ⁴
2973 2387 3139 2440 πάλαι
3188 2386 3451 2456 πρότερον
3497 2387 3612 2445 τοῖς
3657 2383 3710 2448 ἐξ

2153 2484 2345 2547 αἰῶνος
2375 2483 2640 2552 φιλοθέοις
2669 2481 2892 2550 ἀνδράσι
2922 2479 3018 2552 τὴν
3043 2477 3101 2544 ἐξ
3126 2476 3288 2531 αὐτοῦ
3319 2478 3578 2547 παρεῖχεν
3608 2477 3719 2527 ἐπι-

2154 2577 2393 2646 κουρίαν,
2429 2570 2529 2629 ὧδε
2567 2576 2664 2645 μὲν
2699 2572 3019 2645 ἀνθρωπείῳ
3054 2573 3285 2642 σχήματι
3310 2572 3420 2630 τοῖς
3453 2566 3712 2637 Ἐϐραίων

2153 2667 2520 2738 προπάτορσιν
2545 2665 2981 2735 ἐπιφαινόμενος,
3003 2657 3104 2715 ὦδε
3125 2662 3181 2714 δὲ
3216 2663 3325 2722 τοῖς
3343 2659 3547 2712 τούτων
3585 2659 3714 2710 dm-

2151 2759 2323 2825 γόνοις
2363 2757 2650 2828 ἀρμοδίους
2697 2757 3106 2824 διαταττόμενος
3155 2753 3369 2823 νόμους,
3418 2751 3515 2821 ἤδη
3546 2749 3603 2802 δὲ
3625 2749 3714 2803 καὶ

2149 2852 2259 2912 τοῖς
2290 2849 2598 2920 μετέπειτα,
2627 2848 2714 2901 διὰ
2742 2847 3050 2919 προφητῶν,
3084 2844 3377 2916 μελλούσης
3405 2840 3566 2895 αὑτοῦ
3597 2841 3710 2892 Oso-

2150 2941 2372 3010 φανείας
2399 2942 2596 2995 ἅπασιν
2621 2940 2914 3010 ἐκλάμψειν
2939 2937 3264 3010 ἀνθρώποις,
3278 2935 3505 3002 ἐξεδίδου
3534 2932 3711 2985 θεσπί-

2152 3051 2348 3103 σματα,
2403 3034 2489 3096 Ὠς
2533 3034 2589 3087 δὲ
2631 3034 2660 3086 ὁ
2705 3032 2816 3102 (48)
2873 3031 3073 3084 τούτων
3123 3028 3460 3099 προσήλαυνε
3501 3025 3708 3096 χρόνος,

2149 3128 2327 3198 ἔργοις
2383 3125 2615 3196 ἐπλήρου
2669 3124 2910 3177 παλαιῶν
2963 3120 3226 3192 χρησμῶν
3279 3118 3707 3188 ἀποτελέσματα,

2151 3201 2243 3270 καί
2271 3217 2335 3287 δὴ
2366 3216 2546 3288 παρῆν
2565 3215 2749 3270 λοιπὸν
2782 3211 2982 3283 ἀναμὶξ
3008 3212 3086 3283 τῷ
3117 3210 3294 3280 θνητῷ
3323 3209 3421 3280 βίῳ
3453 3207 3563 3277 (49)
3593 3223 3712 3260 συν-

2069 3283 2114 3365 C
2147 3283 2557 3377 αγελαξόμενος.
2609 3307 2778 3370 Αὐτός
2833 3323 2891 3357 τε
2946 3301 3016 3375 ἦν
3057 3306 3085 3356 ὁ
3122 3302 3214 3355 τοῦ
3241 3301 3374 3354 Θεοῦ
3419 3299 3709 3371 μονογειὴς

2147 3404 2291 3466 Υἱὸς,
2314 3403 2389 3464 ὡς
2414 3402 2472 3454 ὲν
2499 3399 2772 3470 ἀγάλματι
2802 3397 2950 3468 θείῳ,
2978 3397 3052 3466 τῷ
3078 3397 3170 3449 τοῦ
3202 3395 3448 3466 σώματος
3474 3393 3706 3464 ὀργάνῳ,

2143 3493 2220 3564 τῷ
2273 3493 2379 3547 τῶν
2429 3491 2725 3564 ἀνθρώπων
2771 3490 3079 3561 καθομιλῶν
3126 3490 3272 3558 γένει
3319 3487 3705 3550 διδασκαλίαις,

2144 3585 2456 3658 θεραπείαις
2481 3584 2664 3637 ἐνθέου
2701 3584 2891 3652 σοφίας
2915 3623 2929 3642 ,
2964 3583 3291 3653 ἀπορρήτοις
3324 3579 3702 3649 παιδεύμασιν.

2144 3679 2252 3750 (50)
2289 3678 2425 3748 Ἤδη
2470 3677 2524 3729 δὲ
2575 3675 2751 3728 αὐτῶν
2799 3674 2958 3745 μέχρι
3007 3673 3235 3726 θανάτου
3285 3671 3465 3724 πυλῶν
3514 3670 3705 3741 ἤλαυνε

2145 3769 2406 3842 πατρικοῦ
2452 3766 2715 3837 νεύματος
2758 3764 3167 3837 ὑπερϐαλλούσῃ
3201 3762 3595 3833 φιλανθρωπίᾳ,
3633 3761 3707 3824 ὡς
3737 3816 3743 3822 _

2142 3858 2207 3911 ἂν
2235 3857 2329 3910 καὶ
2369 3857 2492 3918 τοὺς
2525 3856 2650 3927 τῇδε
2698 3855 2798 3923 τῆς
2841 3854 3034 3907 ἑαυτοῦ
3070 3851 3421 3916 καταξιώσειε
3465 3851 3703 3923 χάριτος,

2143 3949 2233 4002 ἐπὶ
2283 3948 2379 4018 τὴν
2429 3947 2555 4018 παρ’
2594 3945 2741 4016 αὐτῷ
2784 3945 2927 4009 ζωὴν
2963 3943 3329 4016 παρελκύσας.
3379 3941 3536 3996 Οὕτω
3577 3942 3706 4006 Θεδς

2138 4035 2204 4108 ἦν
2238 4040 2295 4090 έν
2325 4037 2540 4109 Χριστῷ
2583 4037 2782 4107 κόσμον
2819 4035 3199 4089 καταλλάσσων
3227 4033 3434 4104 ἑαυτῷ·
3477 4033 3573 4087 καὶ
3610 4033 3706 4104 τὴν

2140 4132 2400 4202 ένσαρκον
2441 4130 2729 4200 ὑπέμεινεν
2777 4129 3107 4198 οἰκονομίαν,
3150 4127 3328 4199 προὼν
3379 4127 3474 4198 μὲν
3516 4125 3702 4196 αὐτῆς,

2139 4222 2230 4275 καὶ
2257 4221 2644 4293 προϋπάρχων,
2682 4219 2893 4291 θεότητι
2923 4219 3194 4289 πατρικῆς
3220 4219 3374 4287 δόξης
3409 4217 3705 4288 τετιμημέ-

2138 4331 2224 4376 νος
2244 4332 2256 4344 ·
2285 4313 2345 4365 οὑ
2371 4313 2476 4384 μὴν
2513 4333 2530 4362 ι
2550 4314 2840 4383 ἁρπαγμὸν
2868 4311 3164 4382 ἡγούμενος
3193 4311 3252 4363 τὸ
3281 4305 3417 4362 εἶναι
3450 4309 3542 4361 ῐσα
3565 4307 3701 4379 Θεῷ,

2143 4425 2159 4456 ί
2189 4405 2377 4457 ἑαυτὸν
2413 4404 2457 4456 δ’
2488 4400 2580 4457 οὖν
2609 4403 2868 4466 κενώσας,
2909 4405 3001 4457 καὶ
3047 4403 3258 4472 μορφὴν
3286 4403 3473 4455 δούλου
3502 4401 3700 4465 λαϐὼν,

2142 4515 2158 4548 ι
2195 4495 2550 4548 ἐταπείνωσεν
2583 4495 2791 4557 ἑαυτὸν,
2825 4496 3060 4565 ὑπήκοος
3099 4493 3176 4564 τῷ
3213 4494 3385 4564 Πατρὶ
3416 4493 3702 4562 γενόμενος

468 4601 574 4656 quo
604 4595 658 4638 et
689 4583 840 4648 illos,
873 4584 965 4654 qui
1014 4584 1087 4639 ibi
1138 4584 1543 4649 detinebantur,
1583 4584 1769 4653 gratiae
1820 4600 2033 4654 quoque

2147 4607 2160 4638 ι
2199 4587 2359 4659 μέχρι
2415 4586 2664 4650 θανάτου,
2706 4605 2724 4638 ›
2783 4587 2870 4661 ivi,
2928 4585 3115 4655 ὥσπερ
3155 4587 3183 4637 ὁ
3224 4584 3449 4647 θάνατος
3491 4584 3559 4637 δι’
3587 4585 3700 4647 ἐνὸς

469 4677 758 4748 participes
788 4691 898 4732 sua:
936 4675 1138 4731 faceret
1163 4716 1178 4739 ,
1211 4677 1275 4728 ad
1300 4675 1466 4728 vitam
1500 4689 1602 4727 una
1625 4687 1804 4728 secum
1853 4683 2032 4734 extra-

465 4783 603 4827 ctos.
651 4772 729 4824 Ad
763 4770 924 4825 istum
949 4769 1170 4824 modum
1204 4769 1344 4822 Deus
1376 4767 1428 4820 in
1473 4767 1687 4822 Christo
1709 4776 1848 4830 erat,
1875 4757 2030 4821 mun-

464 4865 590 4919 dum
619 4862 981 4918 reconcilians
1027 4861 1168 4916 sibi:
1202 4861 1281 4915 sic
1316 4861 1368 4913 in
1401 4875 1565 4914 carne
1612 4860 1785 4914 obivit
1810 4875 2028 4915 oecono-

463 4961 628 5013 miam
660 4997 676 5023 ,
712 4964 999 5024 antequam
1033 4955 1146 5022 ipse
1204 4953 1566 5016 subsistebat,
1609 4952 1894 5008 divinitate
1944 4968 2028 5021 pa-

459 5060 630 5105 ternae
656 5049 841 5119 gloriae
884 5047 1181 5102 honoratus
1209 5062 1223 5099 :
1258 5060 1363 5099 non
1399 5045 1639 5113 rapinam
1672 5045 1875 5099 ducens
1907 5058 2027 5099 esse

2137 4679 2550 4749 ἁμαρτήσαντος
2595 4677 2878 4748 ἀνθρώπου
2925 4677 3122 4739 παντὸς
3173 4677 3562 4746 κατεκυρίευσε
3611 4677 3700 4743 γέ-

2135 4787 2279 4831 νους,
2317 4768 2458 4820 οὕτω
2486 4770 2576 4821 καὶ
2609 4770 2640 4840 η
2675 4768 2888 4832 αἰώνιος
2916 4769 3028 4840 ζωὴ
3050 4769 3136 4821 διὰ
3166 4768 3266 4838 τῆς
3295 4767 3458 4821 αὑτοῦ
3481 4768 3698 4838 χάριτος

2135 4860 2242 4913 τῶν
2301 4861 2413 4934 (SI)
2462 4865 2541 4926 είς
2596 4862 2754 4916 αὑτὸν
2815 4860 3220 4932 [πιστευόντων]
3285 4861 3378 4913 καὶ
3429 4860 3496 4912 δι’
3538 4859 3693 4912 αὑτοῦ

2134 4951 2210 5022 τῷ
2257 4953 2373 5023 Θεῷ
2425 4955 2516 5007 καὶ
2548 4955 2720 5024 Πατρὶ
2758 4953 2920 5007 αὑτοῦ
2970 4953 3402 5024 γνωριζομένων,
3455 4951 3694 5021 βασιλεύ-

2136 5063 2296 5100 σειεν.

455 5145 719 5216 aequalem
765 5145 910 5210 Deo,
940 5142 1287 5216 semetipsum
1323 5150 1502 5202 tamen
1547 5139 1871 5195 exinaniens
1899 5181 1914 5205 ,
1971 5149 2024 5194 et
2063 5139 2290 5195 formam
2360 5145 2498 5199 servi
2574 5159 2855 5200 assumens
2883 5186 2897 5211 ,
2945 5142 3247 5199 humiliavit
3274 5155 3333 5197 se
3362 5141 3537 5225 iactus
3564 5141 3688 5196 obe-

541 5337 598 5394 ᾖ(
634 5329 731 5383 Ed.
765 5328 960 5392 Paris.,
988 5343 1109 5398 pag.
1136 5329 1222 5383 75.

525 5549 661 5611 (47⁸)
694 5548 862 5618 Vung
886 5550 1210 5618 ἐγχειρήσας
1229 5559 1282 5603 et
1313 5550 1478 5600 πᾶσιν
1517 5547 1639 5598 ἐπεὶ
1677 5546 1935 5617 πάρεστιν
1980 5555 2031 5601 et

451 5610 495 5684 ᾧ
528 5618 582 5670 δι
615 5610 713 5687 μέν
746 5610 1070 5682 eisesse.

526 5686 638 5753 (48⁷)
679 5689 740 5739 'U
784 5693 1008 5742 τούτων
1053 5689 1448 5756 προσὲλαυνε.
1507 5686 1740 5739 Τούτων.
1788 5686 2024 5753 Nempe,

453 5759 648 5830 quibus
690 5757 1008 5830 πολυμερῶς
1055 5760 1156 5830 καὶ
1208 5759 1580 5830 πολυτρόπως,
1644 5768 1824 5823 patres
1890 5757 2018 5830 olim

460 5828 722 5881 allocutus
749 5826 840 5898 est
865 5845 877 5879 :
913 5829 1336 5898 ideolegendum
1365 5826 1688 5898 παρέλαυνε,
1713 5827 1973 5898 praeteriit
2001 5845 2014 5881 :

465 5898 694 5966 explicat
719 5897 884 5963 enim,
915 5897 1052 5965 quod
1089 5897 1301 5966 ponitur
1332 5914 1359 5952 a
1402 5895 1460 5952 BL
1509 5897 1670 5952 Paulo
1700 5898 1765 5952 ad
1795 5895 1924 5954 Ileb.
1965 5913 2010 5965 ι,

1314 5329 1358 5360 ⁷⁰
1388 5327 1574 5384 Matth.
1600 5344 1674 5395 ru,
1701 5327 1789 5381 2'7.
1867 5327 1908 5358 '“
1935 5326 2089 5382 Joan.
2122 5343 2203 5392 ut,
2231 5329 2316 5382 3;”).

2135 5547 2213 5622 ‘2._
2332 5579 2398 5588 —-
2433 5549 2547 5602 Mox
2568 5550 2734 5622 ’νηιᾳο
2758 5550 2848 5603 καὶ
2878 5549 3184 5622 δὲὶπαρείη.

2198 5619 2308 5692 (
2331 5619 2898 5692 ξυναγελιιζόμενρς.
2926 5619 3086 5674 Forte
3113 5619 3579 5692 συναυλιζόμενος.
3612 5619 3681 5674 Μ.

2199 5689 2310 5763 (50)
2339 5689 2504 5763 vulgo
2532 5690 2630 5763 ἤδη
2656 5691 2717 5763 δή
2745 5701 2798 5744 et
2820 5690 2924 5760 Mp.
2956 5707 3048 5763 γρ.
3080 5692 3204 5763 ᾅδου
3250 5693 3368 5746 loco
3401 5689 3680 5752 ’θανάτου-ς

2125 5759 2244 5812 dein
2292 5759 2448 5829 vulgo
2481 5763 2544 5831 τῇ
2603 5759 2831 5832 θεότητι,
2859 5759 2912 5815 ει
2963 5759 3053 5814 ἶσα
3092 5759 3158 5816 ἐι
3188 5763 3304 5825 ἑνὸς
3347 5763 3683 5833 ἁμαρτάνον-

2130 5848 2230 5881 :O’.
2554 5857 2555 5860 ‘

2183 5863 2300 5964 ἷὸί)
2316 5902 2418 5963 Εἰς
2435 5902 2636 5954 αὐτόν.
2655 5901 2885 5966 Apparet
2911 5905 3093 5972 deesse
3117 5905 3200 5962 hic
3221 5905 3591 5958 πιστευόντων.
3610 5899 3678 5954 Η.
