3970 6518
294 340 401 399 833

1287 348 1374 403 DE
1414 350 1943 408 ECCLESIASTICA
1976 354 2366 410 TllEOLOClA
2404 358 2527 411 LIB.
2570 360 2605 410 Ι.

3430 362 3531 415 854

294 458 453 515 diens
479 457 623 512 Patri
650 473 818 528 usque
847 462 912 515 ad
971 471 1219 517 mortem.
1290 465 1363 518 lta
1402 475 1457 519 ut
1491 469 1937 534 quemadmodum
1978 486 2125 525 mors
2160 488 2254 540 per
2282 488 2443 525 unum
2470 474 2739 530 hominem
2776 486 3105 544 peccantem,
3137 478 3187 531 in
3221 492 3388 545 genus
3415 482 3532 532 uni-

294 569 517 610 versum
554 556 829 610 dominata
876 559 1045 612 fuerat
1079 576 1090 611 :
1121 561 1199 615 sic
1237 570 1290 612 et
1336 562 1443 615 vita
1497 572 1715 623 a-terua,
1768 579 1863 630 per
1903 564 2071 630 ipsius
2134 566 2397 635 gratiam,
2436 566 2716 636 imperium
2785 571 2839 623 in
2878 585 2971 625 eos
3022 585 3208 625 omnes
3242 570 3530 637 obtineret,

290 649 385 718 qui
422 649 478 702 in
507 648 655 703 illum
704 650 988 704 crederent
1012 690 1026 711 ,
1052 660 1104 704 et
1134 665 1228 718 per
1256 651 1441 718 illum,
1476 654 1582 708 Deo
1618 666 1673 708 et
1722 654 1865 707 Patri
1909 656 2095 723 ipsius,
2134 658 2334 727 cogniti
2368 656 2895 714 commendarentur.

935 742 1091 793 ΚΕΦ.
1131 744 1223 795 1Δ’.

292 831 421 887 ὀτι
463 834 718 900 εὐλόγως
758 834 795 899 ἡ
837 834 1163 903 Ἐκκλησία
1206 834 1276 886 τὰ
1313 837 1464 889 αὐτὰ
1491 836 1875 903 φρονήσαντα

507 904 808 967 Σαϐελλίῳ
833 902 1188 969 Μάρκελλον
1223 902 1646 973 ἀπεδοκίμασε.

362 991 602 1053 Εἰκότως
636 990 747 1060 (52)
798 990 863 1060 δὴ
904 991 1076 1043 ταῦτα
1111 992 1453 1064 κηρύττουσα
1487 997 1519 1063 ἡ
1559 996 1869 1066 Ἐκκλησία,

290 1083 483 1154 ὥσπερ
512 1100 562 1135 τι
593 1081 845 1150 κίϐδηλον
873 1082 1333 1152 παραχαράξαντα
1358 1085 1617 1154 νόμισμα,
1649 1086 1745 1153 τὴν
1778 1086 1873 1154 ἅρ-

287 1191 449 1243 νησιν
475 1172 569 1224 τοῦ
608 1171 735 1225 Υίοῦ
788 1171 882 1223 τοῦ
938 1171 1107 1235 Θεοῦ,
1153 1173 1242 1225 τὸν
1289 1174 1568 1227 Σαϐέλλιον
1625 1176 1872 1228 ἀπεδοκί-

290 1282 458 1337 μασε,
500 1264 673 1319 καίτοι
726 1263 857 1315 Θεὸν
883 1263 979 1315 ἕνα
1027 1263 1243 1326 εἰδέναι,
1282 1264 1391 1335 (55)
1424 1266 1517 1317 καὶ
1544 1265 1680 1335 πλὴν
1706 1266 1867 1321 αὐτοῦ

288 1353 367 1423 μὴ
394 1350 556 1416 εἶναι,
597 1352 898 1423 Μαρκέλλῳ
933 1351 1325 1421 παραπλησίως
1357 1352 1581 1421 λέγοντα
1604 1371 1616 1382 ·
1648 1354 1739 1405 καὶ
1774 1355 1871 1406 αὑ-

282 1446 383 1500 τοῦ
423 1445 479 1497 δὲ
526 1444 620 1497 τοῦ
654 1445 903 1515 Σωτῆρος
936 1443 1091 1514 ἡμῶν
1130 1446 1178 1496 οἱ
1222 1446 1644 1515 πρωτοκήρυκες
1686 1446 1869 1498 Ἐϐιω-

284 1537 473 1598 ναίους
507 1532 785 1604 ὠνόμαζον
821 1534 1093 1605 Ἐϐραῖκῇν
1125 1537 1274 1605 φωνῇ
1302 1575 1316 1597 ,
1347 1535 1459 1601 (54)
1492 1554 1737 1605 πτωχους
1768 1536 1866 1606 τὴν

283 1626 531 1684 διάνοιαν
564 1622 985 1686 ἀποκαλοῦντες,
1016 1624 1141 1686 τοὺς
1178 1624 1273 1675 ἕνα
1303 1624 1399 1692 μὲν
1429 1624 1559 1677 Θεὸν
1613 1624 1867 1691 λέγοντας

284 1717 508 1781 εἰδέναι,
540 1718 634 1769 καὶ
675 1714 767 1767 τοῦ
794 1715 1045 1785 Σωτῆρος
1079 1716 1139 1767 τὸ
1175 1714 1332 1784 σῶμα
1375 1714 1449 1785 μὴ
1481 1715 1863 1789 ἀρνουμένους,

281 1808 384 1878 τὴν
416 1808 471 1860 δὲ
501 1808 592 1860 τοῦ
628 1805 753 1859 Υίοῦ
782 1805 1007 1876 θεότητα
1044 1805 1118 1876 μὴ
1152 1807 1376 1870 εἰδότας.
1416 1807 1525 1860 Καὶ
1570 1807 1660 1859 τὸν
1694 1808 1865 1877 Σαμο-

285 1900 457 1963 σατέά
484 1899 547 1969 δὴ
576 1900 778 1967 καίπερ
820 1898 1026 1970 Ἰησοῦν
1064 1899 1155 1951 τὸν
1194 1900 1427 1968 Χριστὸν
1456 1898 1547 1951 τοῦ
1567 1898 1701 1951 Θεοῦ
1727 1895 1869 1951 εἶναι

279 1991 624 2053 διδάσκοντα,
655 1990 786 2041 Θεόν
810 2006 868 2041 τε
901 1988 996 2041 ἕνα
1023 1989 1113 2041 τὸν
1145 1990 1237 2041 ἐπὶ
1265 1991 1481 2043 πάντων
1509 1990 1706 2059 ὁμοίως
1736 1993 1863 2059 όμοτ

1890 759 1937 809 Α

2575 750 2721 802 CAP.
2770 750 2904 804 XIV.
3009 753 3026 767 ⁵

2024 835 2175 899 Quod
2208 834 2468 915 Ecclesia,
2503 854 2593 915 iter
2616 843 2891 915 intnterito,
2924 842 3229 898 Marcellum
3262 848 3487 915 eiecerit,

2122 910 2352 957 eamdem
2390 923 2505 959 cum
2530 907 2759 961 Sabellio
2793 910 3042 976 [aventem
3073 907 3387 981 opinionEm.

2046 995 2174 1049 Jure
2205 997 2409 1065 optimo
2454 998 2719 1064 Ecclesia,
2750 1017 2866 1067 qua:
2914 1005 3189 1058 veritatem
3215 1007 3370 1060 istaut
3408 1023 3528 1077 pro-

1976 1086 2181 1149 fitetur,
2214 1085 2502 1142 Sabellium
2530 1104 2559 1143 a
2593 1105 2650 1144 se
2681 1090 2933 1157 rejectum
2969 1094 3256 1164 ablegavit,
3289 1096 3378 1162 qui
3412 1106 3531 1150 tan-

1972 1191 2132 1246 quam
2174 1178 2533 1232 adulterinum
2590 1181 2855 1249 quoddam
2904 1184 3205 1248 numisma,
3261 1185 3379 1241 Filii
3437 1189 3529 1242 Dei

1972 1270 2744 1341 consignavitabnegationem
2778 1291 2792 1325 :
2848 1284 3120 1343 utcunque
3152 1292 3315 1331 unum
3363 1279 3526 1333 Deum

1972 1361 2059 1415 ille
2109 1362 2453 1416 confiteretur
2480 1403 2494 1426 ,
2530 1373 2619 1428 et,
2656 1365 3101 1431 quemadmodum
3138 1384 3279 1424 nunc
3301 1370 3526 1425 Marcel-

1972 1452 2074 1514 lus,
2140 1453 2316 1520 palam
2351 1454 2784 1523 proloquerctur,
2824 1471 2881 1509 se
2915 1458 3125 1511 nonnisi
3169 1474 3330 1511 unum
3363 1460 3527 1513 Deum

1969 1542 2299 1608 agniturum.
2337 1542 2445 1596 Sed
2476 1553 2531 1597 et
2564 1544 2866 1600 Servatoris
2902 1550 3068 1603 nostri
3100 1551 3257 1619 primi
3290 1550 3361 1604 illi
3392 1566 3528 1620 pra:-

1966 1649 2131 1688 cones
2161 1633 2465 1701 Ebionccos,
2496 1636 2599 1690 hoc
2633 1645 2715 1690 est
2740 1640 3033 1703 mendicos,
3073 1640 3333 1697 Hebraice
3355 1644 3527 1697 nomi-

1968 1736 2169 1778 narunt
2194 1725 2333 1789 illos,
2366 1738 2585 1794 propter
2616 1727 2916 1784 intellectus
2962 1732 3236 1800 animique
3264 1734 3524 1786 mendici-

1968 1826 2152 1880 tatem,
2187 1817 2279 1886 qui
2314 1832 2373 1871 se
2407 1818 2572 1872 Deum
2606 1835 2769 1872 unum
2813 1829 3020 1873 tantum
3075 1822 3352 1890 aguituros
3379 1824 3523 1877 dice-

1966 1904 2113 1967 bant,
2140 1914 2193 1959 et
2223 1906 2349 1960 licet
2376 1922 2594 1961 carnem
2620 1908 2816 1963 Christi
2852 1925 2953 1963 non
3008 1911 3364 1979 abnegarent,
3399 1911 3519 1965 Filii

1968 2007 2142 2051 tamen
2168 1997 2259 2051 Dei
2301 1998 2637 2054 divinitatem
2678 2016 2781 2054 non
2819 2000 3139 2056 fatebantur.
3174 2002 3277 2065 Sed
3310 2013 3361 2057 ct
3389 2003 3524 2057 Pau-

278 2081 544 2150 λογοῦντα
574 2080 874 2150 Μαρκέλλῳ
893 2121 908 2146 ,
940 2082 1041 2151 τῆς
1078 2081 1398 2149 Ἑκκλησίας
1419 2080 1511 2133 τοῦ
1538 2079 1671 2133 Θεοῦ
1708 2081 1854 2135 ἁλλό-

1967 2086 2075 2139 lum
2113 2086 2178 2140 de
2204 2087 2508 2151 Samosata,
2542 2088 2773 2141 alienum
2832 2091 2899 2143 ab
2946 2091 3184 2145 Ecclesia
3213 2095 3522 2161 pronuntia-

277 2191 435 2245 τριον
464 2173 750 2242 ἀπέφηναν
808 2173 858 2223 oi
895 2172 1329 2242 ὲκκλησιαστικοὶ
1368 2171 1627 2242 Πατέρες,
1671 2172 1750 2224 ὅτι
1788 2174 1860 2243 μὴ

279 2248 379 2319 καὶ
408 2265 533 2317 Υἱὸν
558 2263 714 2326 Θεοῦ,
746 2265 839 2315 καὶ
866 2263 1017 2327 Θεὸν,
1044 2264 1149 2333 πρὸ
1176 2263 1273 2333 τῆς
1305 2264 1571 2331 ὲνσάρκου
1598 2262 1862 2330 γενέσεως

278 2358 414 2409 ὄντα
444 2356 534 2408 τὸν
564 2355 797 2425 Χριστὸν
825 2354 1107 2424 ὡμολόγει.
1150 2353 1287 2405 Ἀλλ’
1312 2347 1463 2416 οὗτος
1495 2355 1592 2422 μὲν
1612 2394 1626 2415 ,
1674 2353 1749 2416 ὡς
1781 2356 1861 2416 εἰς

277 2448 372 2499 τὸν
410 2446 641 2517 Χριστὸν
676 2445 915 2509 ἀσεϐῶν,
952 2446 1050 2515 τῆς
1084 2446 1404 2513 Ἐκκλησίας
1441 2445 1602 2498 αὑτοῦ
1646 2444 1861 2515 μακρὰν

275 2538 571 2605 ἠλαύνετο·
609 2535 890 2600 Σαϐέλλιος
917 2536 982 2603 δ’,
1016 2536 1089 2599 ὡς
1119 2538 1198 2599 εἰς
1220 2537 1385 2589 αὑτὸν
1415 2535 1744 2606 πλημμελῶν
1769 2536 1860 2588 τὸν

280 2630 524 2700 Πατέρα,
554 2628 613 2681 ὃν
636 2628 763 2681 Υἰὸν
794 2627 972 2695 λέγειν
1006 2627 1225 2697 ἐτόλμα,
1259 2628 1353 2696 τὴν
1394 2626 1514 2696 ἴσην
1543 2629 1652 2689 τοῖς
1682 2626 1860 2689 ἀθέοις

277 2719 633 2789 αίρεσιώταις
666 2718 855 2788 ὑπεῖχε
888 2718 1173 2788 τιμωρίαν.
1228 2718 1337 2788 (55)
1383 2718 1462 2771 Τὰ
1508 2718 1594 2771 ἴσα
1641 2717 1857 2787 δἀὺτῷ

279 2810 634 2879 ὑπειδόμενος
660 2808 976 2879 Μάρκελλος
1024 2808 1234 2873 παθεῖν,
1294 2810 1612 2879 καινοτέραν
1669 2807 1856 2878 ἐξεῦρε

280 2906 347 2973 τῇ
387 2902 565 2975 πλάνῃ
594 2903 859 2972 μηχανὴν,
884 2900 1015 2953 Θεὸν
1044 2901 1250 2953 καὶτὸν
1284 2902 1340 2953 ὲν
1378 2900 1525 2969 αὑτῷ
1558 2902 1727 2968 Λόγον
1760 2902 1856 2953 ἕνα

285 2996 387 3071 μὲν
428 2990 567 3047 εἶναι
615 2992 945 3065 ὁριζόμενος,
981 2991 1073 3044 δύο
1110 2992 1154 3045 δ’
1190 2990 1336 3061 αὑτῷ
1370 2992 1579 3062 Πατρὸς
1608 2992 1701 3044 καὶ
1727 2990 1854 3043 Υίοῦ

279 3087 639 3158 χαριζόμενος
676 3085 991 3155 ὲπηγορίας.
1041 3085 1115 3136 Οὐ
1154 3084 1258 3154 μὴν
1287 3083 1471 3139 ἔλαθεν
1492 3124 1506 3145 ,
1537 3082 1643 3135 οὐδ’
1668 3082 1857 3150 ἐξέφυ-

279 3194 399 3245 γεν,
432 3176 529 3245 ὀψέ
565 3193 693 3228 ποτε
724 3174 994 3245 φωραθεὶς
1017 3177 1129 3238 τοῖς
1154 3174 1266 3243 (56)
1293 3174 1452 3235 αὐτὸς
1483 3173 1645 3226 αὐτοῦ
1673 3173 1855 3225 δικτύ-

277 3288 383 3333 οις.
425 3268 591 3339 Πλὴν,
613 3268 707 3320 καὶ
734 3268 859 3338 πρὶν
887 3264 1107 3328 ἁλῶναι,
1144 3264 1439 3334 συνειδήσει
1469 3263 1851 3333 πληττόμενος,

278 3364 361 3423 είς
386 3360 696 3429 ἀποσκευὴν
721 3359 817 3427 τῆς
848 3357 1117 3420 ὑπονοίας,
1147 3356 1482 3426 βλασφημεῖν
1511 3354 1734 3425 ὥρμητο
1762 3357 1854 3408 τὸν

280 3452 589 3505 Σαϐέλλιον.

1968 2186 2087 2228 runt
2112 2174 2301 2229 Patres
2324 2176 2703 2242 ecclesiastici,
2732 2178 2855 2233 licet
2880 2179 3059 2234 Jesum
3096 2182 3186 2236 Dei
3243 2182 3517 2237 Christum

1965 2267 2308 2333 profiteretur
2338 2282 2351 2320 :
2388 2268 2551 2322 Deum
2597 2286 2758 2324 unum
2786 2287 2945 2341 super
2969 2288 3173 2338 omnes,
3205 2274 3427 2342 perinde
3456 2288 3521 2327 ac

1964 2352 2270 2420 Marcellus,
2322 2369 2663 2427 agnosceret,
2704 2372 2988 2429 propterea
3021 2364 3161 2431 quod
3192 2380 3297 2417 non
3358 2364 3517 2417 simul

1963 2448 2212 2501 crederet
2245 2448 2517 2503 Christum
2547 2450 2714 2505 fuisse
2763 2450 2955 2506 Filium
2992 2454 3083 2509 Dei
3112 2466 3167 2509 et
3204 2456 3367 2509 Deum
3394 2466 3519 2510 ante

1962 2550 2111 2589 suam
2166 2538 2611 2594 incarnationem.
2647 2541 2931 2607 Quocirca,
2966 2544 3127 2599 veluti
3169 2546 3218 2599 in
3245 2546 3516 2601 Christum

1963 2628 2178 2695 impius,
2216 2627 2370 2699 longe
2424 2631 2522 2683 fuit
2573 2633 2639 2686 ab
2692 2635 2926 2689 Ecclesia
2958 2636 3153 2691 Christi
3189 2637 3514 2691 eliminatus.

1962 2718 2227 2774 Sabellius
2258 2720 2474 2792 insuper
2508 2730 2563 2786 at
2597 2726 2755 2779 veluti
2789 2727 2981 2795 impius
3004 2728 3241 2797 inipsum
3276 2727 3513 2791 Patrem,

1961 2827 2119 2880 quem
2155 2811 2345 2865 Filium
2386 2816 2653 2882 appellare
2682 2833 2842 2871 ausus
2878 2818 3071 2881 fuerat,
3100 2820 3340 2873 eamdem
3378 2835 3517 2885 quo-

1960 2918 2063 2970 que
2092 2916 2305 2970 poenam
2351 2918 2471 2957 cum
2505 2905 2766 2959 haereticis
2790 2907 3067 2975 sacrilegis
3096 2906 3314 2961 subivit.
3374 2905 3514 2960 Mar-

1959 2992 2127 3046 cellus
2180 2994 2384 3047 veritus
2423 3009 2489 3048 ne
2521 2996 2632 3063 pari
2664 3011 2783 3049 cum
2808 2996 2895 3050 illo
2929 3011 3083 3065 paena
3144 2996 3510 3063 mulctaretur,

1960 3083 2149 3136 haeresi
2186 3098 2295 3137 suae
2343 3085 2648 3138 machinam
2689 3085 3106 3140 sulllaminandat
3142 3102 3330 3140 novam
3362 3088 3515 3140 adin-

1958 3174 2138 3237 venit;
2203 3174 2367 3227 Deum
2398 3184 2556 3244 atque
2584 3177 2815 3230 Verbum
2847 3177 2898 3230 in
2943 3178 3080 3242 Deo,
3106 3193 3265 3231 unum
3295 3180 3511 3247 quidem

1958 3264 2381 3329 determinando,
2408 3267 2500 3319 sed
2528 3267 2700 3320 eidem
2731 3267 2995 3337 geminam
3033 3268 3509 3335 uomenclaturam,

1959 3356 2133 3409 Patris
2198 3367 2356 3425 atque
2405 3355 2523 3409 Filii
2578 3357 2897 3424 adaptaudo.
2976 3356 3081 3411 Sed
3122 3373 3292 3426 neque
3323 3357 3411 3414 ille
3436 3360 3507 3411 ita

1878 3443 1919 3498 C
1954 3447 2111 3500 latuit
2142 3465 2155 3500 :
2191 3462 2287 3501 nec
2321 3462 2441 3500 sero
2476 3448 2599 3501 licet
2634 3435 2899 3512 irretitus,
2943 3463 3037 3501 sua
3083 3449 3248 3519 ipsius
3278 3449 3408 3504 retia
3435 3448 3514 3503 el—

282 3546 472 3615 l'ugere
502 3544 697 3613 potuit.
730 3543 797 3597 At
832 3543 1144 3607 enimvero,
1198 3542 1507 3609 priusquam
1577 3542 2089 3610 deprehenderetur,
2159 3542 2496 3597 conscientia
2564 3543 2873 3598 stimulante
2924 3545 3163 3614 propria,
3196 3553 3253 3597 ut
3294 3558 3507 3601 omnem

282 3660 312 3695 a
346 3660 405 3697 se
431 3641 794 3711 suspicionem
827 3640 1249 3701 amoliretur,ad
1279 3637 1572 3691 Sabellium
1599 3638 1845 3707 prorupit
1885 3638 2321 3722 conviciandum.

910 3734 1065 3787 ΚΕΦ.
1118 3733 1217 3784 ΙΕ’.

290 3828 541 3892 Ὀποίοις
558 3825 786 3896 ῥήμασι
797 3822 1139 3896 Μάρκελλος
1159 3822 1264 3896 τὸν
1280 3824 1603 3896 Σαὸόλλιον
1615 3822 1843 3896 ἔκοπτε,

389 3892 900 3966 προσποιούμενος
932 3893 1017 3963 μὴ
1052 3895 1121 3947 τὰ
1156 3895 1258 3945 ἶσα
1282 3892 1440 3958 αὐτῷ
1474 3892 1733 3961 φρονεῖν.

360 3986 543 4048 Ὅπως
570 3984 625 4038 δὲ
659 3984 748 4036 τὸν
782 3982 947 4054 ἄνδρα
980 3982 1219 4035 διέϐαλεν
1260 3981 1516 4052 ὀνομαστὶ
1549 3981 1847 4051 μνημονεύ-

283 4094 381 4139 σας
417 4075 600 4137 αὑτοῦ,
636 4075 957 4135 ἐπάκουσον,
985 4073 1155 4127 ταῦτα
1183 4074 1307 4143 περὶ
1351 4072 1514 4126 αὐτοῦ
1550 4074 1848 4143 γράφοντος

280 4170 471 4230 αὑταῖς
495 4166 805 4228 συλλαϐαῖς’
845 4186 862 4216 ι
885 4156 1164 4227 Σαϐέλλιος
1196 4165 1302 4235 γὰρ
1334 4166 1427 4216 καὶ
1458 4164 1618 4226 αὐτὸς
1644 4164 1739 4233 τῆς
1766 4164 1849 4232 ὀρ-

286 4280 304 4309 (
344 4256 444 4327 θῆς
487 4256 771 4326 όλισθήσας
828 4254 1077 4317 πίστεως,
1132 4253 1254 4305 οὗτε
1305 4254 1396 4306 τὸν
1440 4253 1570 4306 Θεὸν
1608 4251 1847 4322 ἀκριϐῶς

286 4372 304 4400 ‹
344 4350 504 4417 έγνω.
535 4347 657 4401 οὔτε
686 4348 775 4400 τὸν
817 4346 968 4414 ἅγιον
1000 4344 1163 4398 αὐτοῦ
1192 4345 1380 4412 Λόγον.
1422 4344 1479 4397 '0
1506 4342 1613 4412 γὰρ
1655 4342 1728 4413 μὴ
1757 4344 1845 4395 τὸν

284 4462 302 4491 ι
344 4440 513 4507 Λόγον
534 4440 692 4506 γνοὺς
715 4437 947 4507 ἠγνόησε
976 4438 1067 4490 καὶ
1092 4435 1183 4489 τὸν
1207 4436 1444 4505 Πατέρα.
1492 4434 1697 4500 Οὐδεὶς
1737 4436 1846 4505 γὰρ

2587 3732 2735 3792 CAP.
2770 3733 2884 3788 XV.

1957 3867 2160 3932 Quibus
2197 3868 2361 3921 verbis
2426 3866 2711 3920 Marcellus
2766 3866 3055 3921 Sabellium
3095 3866 3349 3933 concidit,
3385 3869 3513 3922 dum

2294 3937 2357 3989 ab
2387 3954 2445 3991 eo
2478 3954 2531 3990 se
2564 3938 2724 3991 videri
2756 3940 2859 3990 vult
2886 3939 3179 3993 dissentire.

2026 4070 2159 4123 Audi
2204 4086 2331 4124 vero
2374 4070 2568 4139 quibus
2606 4071 2696 4126 ille
2734 4073 2909 4127 verbis
2941 4070 3230 4126 Sabellium
3265 4081 3507 4134 accusat,

1954 4160 2007 4213 iu
2042 4162 2242 4228 quibus
2292 4162 2439 4214 illum
2488 4162 2772 4230 compellat
2799 4164 2864 4216 de
2889 4165 3121 4216 nomine.
3163 4161 3299 4214 Sunt
3330 4170 3508 4215 autem

1953 4268 2074 4322 quae
2097 4251 2287 4308 scribit
2325 4254 2439 4307 haec
2486 4255 2780 4321 ipsissima.
2812 4251 2899 4324 [Β.
2946 4252 3235 4323 XXXVIII]
3268 4271 3287 4302 ι
3319 4252 3510 4307 Sabel-

1959 4363 1975 4392 ι
2008 4342 2107 4397 lius
2143 4352 2321 4396 autem
2350 4343 2439 4396 ille
2472 4358 2593 4396 cum
2620 4358 2647 4395 a
2675 4355 2820 4397 recta
2861 4343 2963 4396 fide
3015 4343 3301 4403 deviasset,
3336 4356 3509 4409 neque

1959 4453 1976 4484 ι
2017 4435 2179 4487 Deum
2219 4444 2409 4488 exacte
2468 4434 2829 4503 agnoscebat,
2884 4448 3055 4504 neque
3107 4433 3505 4487 sanctissimum

284 4554 300 4583 ι
341 4528 486 4590 οἶδε,
534 4532 687 4601 φησὶ,
736 4530 838 4582 τὸν
896 4527 1123 4595 Πατέρα
1188 4530 1239 4579 εὶ
1280 4526 1364 4595 μὴ
1434 4529 1464 4580 ὀ
1528 4526 1678 4591 Υἱὸς,
1736 4527 1846 4595 (57)

1959 4545 1975 4576 ι
2016 4524 2429 4612 eius‘Verbum.
2470 4525 2600 4579 Nam
2633 4526 2723 4595 qui
2757 4526 2996 4581 Verbum
3028 4524 3319 4588 nesciebat,
3366 4526 3411 4580 is
3460 4536 3511 4579 et

283 4646 300 4672 ο
336 4623 631 4683 τουτέστιν,
670 4623 697 4674 ὁ
728 4620 894 4687 Λόγος
922 4620 987 4672 δι’
1019 4619 1182 4671 αὐτοῦ
1215 4618 1311 4689 τὴν
1350 4617 1441 4670 τοῦ
1478 4618 1689 4687 Πατρὸς
1715 4635 1848 4689 παρ-

284 4735 302 4765 (
340 4714 455 4782 έχει
492 4711 709 4779 γνῶσιν.
753 4710 908 4763 Οὕτω
970 4710 1076 4781 γὰρ
1113 4712 1204 4762 καὶ
1235 4710 1369 4780 πρὸς
1412 4710 1536 4771 τοὺς
1571 4708 1844 4779 οἰομένους

282 4822 300 4852 ι
351 4800 645 4872 τηνικαῦτα
688 4800 793 4851 τῶν
836 4800 1100 4852 Ἰουδαίων
1149 4799 1343 4853 εἰδέναι
1396 4798 1486 4851 τὸν
1517 4798 1667 4862 Θεὸν,
1719 4799 1843 4851 ἀθε-

356 4920 415 4978 ›Ι‹
455 4915 553 4972 Ed.
581 4914 777 4979 Paris.,
804 4930 922 4985 pag.
956 4915 1044 4967 76.
1104 4916 1147 4946 τ’
1182 4914 1368 4973 Matth.
1399 4932 1476 4980 XI,
1506 4914 1597 4972 27,

375 5073 463 5141 52)
496 5072 663 5141 Vulgo
689 5072 745 5124 δέ
767 5081 819 5125 et
845 5071 1001 5138 Θεοῦ,
1031 5072 1335 5126 Σαϐἐλλιον.

375 5076 463 5141 52)
496 5076 663 5141 Vulgo
689 5076 745 5124 δέ
767 5081 819 5125 et
845 5076 1001 5138 Θεοῦ,
1031 5076 1335 5126 Σαϐέλλιον.

351 5076 467 5211 i555)
531 5144 637 5195 Καὶ
696 5141 880 5207 πλήν.
941 5144 1251 5196 Addeutlunt
1305 5144 1410 5204 hic,
1457 5141 1537 5195 vel
1584 5141 1722 5211 ἑνός,
1765 5141 1846 5194 vel

277 5207 456 5269 αὑτοῦ
477 5213 601 5283 [hoc
630 5224 709 5266 est
741 5215 790 5264 in
816 5211 1200 5283 codd.],ietiatu
1229 5212 1444 5283 ei§évat,
1468 5228 1560 5283 pro
1590 5207 1748 5283 εἶναι.
1773 5211 1842 5267 Μ.

354 5281 773 5355 (ὅθίιζτωχοὺς
812 5281 923 5349 τὴν
945 5281 1230 5355 διάνοιαν.
1255 5281 1546 5355 Transtulit
1581 5282 1650 5355 ab
1698 5283 1844 5355 lgna-

282 5351 381 5413 tio,
423 5354 487 5405 ad
528 5352 858 5423 Philadelph.
897 5353 991 5405 καὶ
1036 5352 1223 5423 έστινὸ
1254 5352 1509 5415 τοιοῦτος,
1534 5351 1701 5422 πένης
1746 5351 1841 5423 τὴν

280 5425 518 5477 διάνοιαν
552 5422 626 5484 ὡς
655 5422 881 5491 ἐπίκλην
921 5422 1133 5487 Ἐϐιών,
1165 5427 1229 5473 de
1274 5424 1356 5475 his
1387 5422 1603 5489 Origen.
1658 5432 1841 5475 contra

283 5496 516 5555 (etsunt,
549 5492 637 5545 lib.
669 5507 726 5554 tl,
778 5494 837 5543 0i
890 5492 995 5562 ἀπὸ
1038 5492 1301 5562 Ἰουδαίων
1343 5494 1421 5555 εἰς
1479 5492 1708 5562 Χριστὸν
1758 5510 1843 5543 πι-

284 5564 594 5631 στεύαδτες,
650 5562 708 5614 οὺ
770 5560 1197 5631 καταλελοίπασιγ
1240 5562 1330 5614 τὸν
1390 5560 1613 5631 πάτριον
1659 5561 1839 5631 νόμον.

284 5630 468 5687 Βιοῦσι
529 5632 633 5702 γὰρ
686 5632 801 5683 κατ’
853 5632 1046 5702 αὑτὸν,
1099 5630 1370 5701 ἐπώνυμοι
1415 5630 1513 5702 τῆς
1562 5631 1710 5702 κατα
1748 5631 1843 5702 τὴν

284 5702 507 5772 ἐκδοχὴν
542 5700 830 5771 πτωχείας,
852 5700 945 5753 τοῦ
974 5702 1133 5772 νόμου
1166 5700 1533 5771 γεγενημένοι.
1568 5700 1754 5772 Ἐϐιών
1785 5700 1841 5753 τε

283 5770 441 5842 γάρὸ
465 5770 671 5842 πτωχὸς
708 5772 852 5843 παρὰ
893 5771 1160 5835 Ἰουδαίοις
1186 5770 1456 5826 καλεῖται·
1521 5772 1609 5826 καὶ
1658 5770 1843 5825 Ἐϐιω-

1960 4635 1983 4665 ι
2021 4616 2226 4671 Patrem
2265 4617 2448 4685 utique
2476 4618 2775 4685 ignorabat.
2810 4614 2977 4669 Nemo
2998 4617 3151 4677 enim,
3185 4616 3374 4684 inquit,
3400 4613 3503 4667 ιια.

1958 4728 1973 4758 ι
2019 4719 2143 4761 trem
2173 4710 2305 4761 novit
2338 4710 2434 4761 nisi
2462 4707 2631 4762 Filius
2659 4710 2728 4773 ⁷¹,
2752 4708 2854 4763 hoc
2908 4720 2990 4761 est
3044 4707 3276 4763 Verbum
3302 4724 3397 4777 per
3429 4723 3495 4759 se

1963 4820 1979 4849 (
2022 4799 2197 4853 Patris
2226 4800 2585 4869 cognitionem
2609 4800 2842 4854 exhibet.
2893 4798 3004 4854 Hoc
3052 4800 3195 4853 enim
3226 4800 3385 4854 modo
3414 4796 3494 4853 Ju-

1860 5090 1861 5093 ‘
1953 5074 2089 5123 ναῖοι
2143 5071 2582 5141 χρηματίζουσιν,
2614 5074 2660 5125 οἱ
2701 5074 2807 5125 ἀπὸ
2865 5071 3145 5124 Ἰουδαίωνε
3173 5071 3263 5122 τὸν
3302 5070 3487 5141 Ἰησοῦι

1950 5141 2023 5203 ὡς
2068 5140 2297 5211 Χριστὸν
2321 5142 2766 5213 παραδεξάμενοι.
2795 5141 2947 5197 M.-—-
2977 5142 3098 5196 Mox
3128 5141 3283 5210 vulgo
3314 5140 3483 5209 ὲνσάρ

1952 5229 2047 5263 κου
2079 5212 2403 5282 γεννήσεως.

2021 5282 2130 5349 (55)
2160 5280 2327 5350 Vulgo
2358 5282 2423 5335 τὰ
2461 5283 2505 5335 δ’
2534 5282 2621 5335 ἴσα
2647 5282 2794 5351 αὐτῷ
2817 5292 2869 5333 et
2903 5280 3207 5347 ὲξέφευγεν.

2022 5348 2133 5421 (56)
2163 5348 2289 5416 Τοῖῤ
2322 5352 2522 5417 αὐτοῖς
2546 5353 2729 5417 αὑτοῦ
2764 5348 3044 5421 δικτύοις.
3081 5351 3260 5421 Deest
3284 5348 3503 5421 aliquid

1947 5418 2220 5477 sententia:
2246 5422 2548 5484 iniciendae.
2576 5424 2841 5475 irretitum
2872 5420 2980 5472 vult
3008 5419 3123 5473 suis
3172 5420 3395 5472 retibus.
3425 5418 3497 5471 Μ.

1944 5524 2011 5531 —
2028 5492 2192 5545 Codd.
2216 5495 2327 5554 τοῖς
2348 5491 2505 5555 αὐτὸς
2532 5491 2691 5544 αὐτοῦ
2716 5509 2729 5556 ;
2762 5491 2883 5544 dein
2914 5489 3070 5556 vulgo
3096 5488 3391 5541 διέϐαλλεν.

2017 5560 2124 5631 (57)
2138 5563 2455 5615 Τουτέστινὸ
2478 5561 2629 5629 λόγος
2652 5579 2664 5591 ·
2694 5564 2719 5613 ὁ
2737 5560 2840 5630 γὰρ
2860 5560 3013 5631 λόγος
3030 5559 3094 5631 δι’
3112 5559 3272 5631 αὐτοῦ
3300 5560 3340 5612 Β
3358 5569 3409 5611 et
3430 5572 3495 5631 _p.

2017 5572 2455 5631 (5Ί)Ἰ“ουτέστινο
2478 5572 2629 5629 λόγος
2652 5579 2664 5591 ·
2694 5572 2719 5613 ο
2737 5572 2840 5630 γαρ
2862 5572 3012 5627 λόγος
3030 5572 3094 5612 οι·
3112 5572 3272 5612 αυτου
3301 5572 3340 5612 Ii
3358 5572 3409 5611 et

1946 5633 2013 5686 78
2044 5636 2106 5685 A.
2142 5633 2270 5685 Dein
2304 5632 2461 5701 vulgo
2492 5631 2741 5701 παρέχοι,
2783 5648 2902 5685 ιιιοχ
2934 5630 3107 5693 οὐδεὶς
3140 5629 3422 5701 γινώσκειΔ
3481 5646 3495 5687 ς

1946 5681 2106 5773 porro
2128 5681 2280 5773 vulgo
2302 5681 2505 5772 ἢὲςῖἀλέ
2574 5681 2768 5758 ll:
2776 5681 2862 5756 ιῖἱῖ
2876 5681 3112 5772 άκριϐῶξ
3123 5743 3134 5765 ,
3148 5681 3296 5765 findi
3314 5681 3501 5771 Vvttlgo

1947 5771 2167 5841 ἔγραψε.
