3970 6512
308 358 417 414 857

1288 361 1379 419 DE
1416 362 1955 420 ECCLESIASTIIZA
1996 365 2402 423 THEOLOGIA
2440 365 2568 423 LIB.
2608 366 2652 422 l.

3447 357 3555 424 8'68

308 473 403 536 τὰς
449 469 544 526 τοῦ
576 471 829 544 Σωτῆρος
856 474 1060 543 φωνὰς,
1099 476 1165 528 δι’
1208 466 1282 529 ὧν
1314 476 1417 548 ἔφη
1444 494 1458 509 ’
1497 478 1707 545 Οὐδεὶς
1736 478 1876 549 erro.

1996 478 2049 532 In
2088 478 2179 533 illo
2204 487 2383 532 autem
2410 494 2566 548 passu
2599 492 2704 547 quo
2738 478 3033 534 Satellium
3089 485 3333 544 accusat,
3388 474 3553 532 verba

306 563 415 617 τὸν
436 563 669 631 Πατέρα
692 567 743 617 εὶ
772 565 857 634 μὴ
890 569 922 619 ό
962 566 1114 633 Υἱὸς,
1144 567 1241 619 καὶ
1269 561 1316 633 ᾧ
1341 568 1416 622 ἂν
1449 572 1481 623 ὀ
1509 570 1639 636 Υἱὸς
1660 571 1885 624 ἀποκα-

304 655 513 722 λύψει.
549 655 760 727 ’Ὠσπερ
802 656 859 708 δὲ
910 658 1377 729 ἐπανορθούμενος
1408 660 1596 725 αὐτὰς,
1640 662 1760 716 ἀντὶ
1792 661 1886 715 τοῦ

313 745 455 798 Υἱοῦ
496 748 693 816 Λόγον
732 742 887 807 αὖθις
932 748 1211 818 ὀνομάζει,
1250 744 1351 803 ὦδε
1386 752 1576 819 λέγων’
1617 771 1635 800 r
1678 750 1888 817 Οὐδεὶς

306 855 326 888 ι
366 837 479 907 γὰρ
498 833 646 903 οἵδε,
676 840 828 909 φησι,
858 840 963 893 τὸν
990 842 1217 911 Πατέρα
1242 846 1291 896 εί
1326 842 1411 911 μὴ
1452 847 1483 896 ό
1521 844 1670 908 Υἱός,
1705 843 1888 896 τουτέη

306 947 327 979 ο
368 947 483 982 στιν
527 933 556 983 6
605 933 815 1000 Λόγος,
856 952 873 981 ι
904 934 997 986 καὶ
1031 935 1279 1005 ἐπιφέρει
1303 954 1315 965 ο
1350 955 1367 986 ‹
1404 937 1459 988 ’0
1486 935 1592 1005 γὰρ
1622 936 1791 1003 Λόγος
1820 936 1886 988 δι’

309 1041 327 1071 ι
376 1021 572 1073 ἑαυτοῦ
601 1021 697 1092 τὴν
711 1022 921 1093 Πατρὸς
942 1023 1165 1094 παρέχει
1197 1024 1417 1091 γνῶσιν,
1447 1044 1462 1072 ι
1490 1025 1582 1077 καὶ
1602 1023 1887 1094 προστίθη-

304 1130 411 1164 σιν·
445 1132 461 1164 ι
504 1112 786 1167 ’Λδύνατον
817 1110 883 1184 ἦν
917 1115 1114 1185 ἑτέρως
1140 1115 1340 1183 γνῶναι
1358 1116 1446 1167 τὸν
1463 1115 1662 1186 Θεὸν,ἢ
1687 1114 1772 1171 διὰ
1791 1115 1884 1168 τοῦ

308 1223 327 1255 s
345 1204 473 1256 ίδίου
488 1205 685 1272 Λόγου.
704 1225 719 1254 ι
732 1207 839 1258 Καὶ
856 1202 1007 1268 αὖθις
1025 1208 1235 1274 Λόγον,
1257 1206 1376 1259 ἀντὶ
1393 1206 1483 1259 τοῦ
1510 1206 1665 1270 Υίοῦ,
1683 1206 1879 1275 τίθησιο

305 1297 403 1349 xui.
441 1296 531 1347 τὸν
558 1296 711 1363 ἆγιον
750 1296 913 1349 αὑτοῦ
950 1297 1120 1365 Λόγον
1154 1295 1435 1351 ἀποκαλεῖ.
1493 1298 1601 1349 Καὶ
1641 1300 1698 1350 ἐν
1744 1298 1884 1351 οὕτω

303 1387 666 1458 βραχυτάτοις
701 1389 907 1459 ῥήμασι
939 1386 1197 1451 πολλάκις
1250 1390 1346 1458 μὲν
1380 1390 1747 1459 ἐμνημόνευσε
1784 1390 1885 1443 Λό-

300 1497 427 1548 γου,
466 1480 595 1533 Υἱοῦ
615 1481 670 1533 δὲ
696 1481 802 1533 οὐδ’
820 1481 984 1545 ἅπαξ.
1016 1482 1169 1533 Ἀλλὰ
1188 1482 1281 1534 καὶ
1311 1483 1477 1550 αὐτὴν
1502 1482 1593 1534 τοῦ
1634 1483 1882 1553 Σωτῆρος

305 1573 598 1640 μεταποιεί
627 1571 724 1641 τὴν
748 1570 925 1640 ῥῆσιν,
952 1572 1071 1624 ἀντὶ
1103 1571 1217 1635 τοῦ,
1238 1573 1264 1622 ό
1285 1571 1410 1633 Υἱὸς
1431 1571 1671 1639 ἐπάγων,
1699 1572 1883 1624 τουτέ-

304 1677 428 1712 στιν
469 1663 501 1712 ό
532 1662 723 1729 Λόγος
745 1703 759 1725 ,
806 1660 923 1730 ούχὶ
960 1660 1159 1730 μᾶλλον
1190 1661 1287 1731 τῆς
1321 1660 1413 1713 τοῦ
1452 1661 1578 1713 Υἱοῦ
1610 1662 1881 1730 σημασίας

304 1752 655 1825 ἁρμοζούσης
686 1755 749 1823 τῇ
774 1752 865 1806 τοῦ
898 1754 1109 1824 Πατρὸς
1144 1753 1431 1824 ἐπηγορίᾳ.
1464 1752 1625 1805 Ὅθεν
1657 1752 1878 1815 εἰκότως

298 1848 331 1899 6
356 1846 459 1915 μὲν
480 1844 666 1917 Σωτὴρ
697 1844 987 1915 προσφυῶς
1018 1846 1293 1914 ἐφήρμοσε
1322 1847 1385 1915 τῇ
1413 1843 1504 1896 τοῦ
1538 1843 1743 1913 Πατρὸς
1781 1842 1879 1914 τὴν
1913 1827 1951 1882 Β

298 1937 399 1989 τοῦ
432 1935 561 1989 Υἱοῦ
597 1934 888 2003 συζυγίαν*
907 1937 934 1987 6
976 1934 1031 1993 δέ
1063 1934 1310 1999 τὸνηΐὶὸν
1337 1936 1507 1986 εἰπεῖν
1536 1932 1879 2003 παραιτησά-

306 2046 470 2098 μενος
494 2029 605 2081 ἄνω
628 2027 775 2080 κάτω
802 2027 892 2079 τὸν
923 2027 1092 2093 Λόγον
1121 2025 1230 2093 (6‘3)
1264 2025 1447 2095 Θρυλεί
1478 2026 1572 2077 καὶ
1592 2023 1879 2077 Σαϐελλίου

305 2121 409 2191 μὲν
458 2121 774 2189 κατηγορεῖ,
826 2118 917 2170 τὸν
965 2118 1091 2169 Υἰὸν
1148 2116 1513 2187 ἀρνουμένου·
1573 2116 1764 2169 ταύτὸν
1823 2116 1879 2168 δὲ

301 2212 561 2284 πράττων
607 2212 819 2281 ἐκείνῳ,
857 2209 1269 2281 σχηματίζεται,
1312 2212 1378 2281 τῇ
1409 2210 1528 2267 κατ’
1559 2207 1720 2261 αὐτοῦ
1764 2208 1879 2261 δια-

301 2304 433 2375 ϐολῇ
454 2306 554 2377 τὴν
573 2308 672 2375 τῆς
701 2303 1016 2369 κακοδοξίας
1041 2304 1295 2356 ὑπόνοιαν
1322 2302 1588 2356 ἐκκλίνειν
1614 2302 1875 2372 οἰόμενος.

300 2398 365 2449 Εἰ
399 2396 497 2466 μὲν
526 2391 618 2449 οὖν
643 2394 721 2465 τῷ
743 2396 1011 2466 Σαϐελλίῳ
1044 2394 1316 2465 μέμφεται
1345 2394 1435 2448 τὸν
1466 2395 1594 2447 Υἱὸν
1622 2393 1714 2448 τοῦ
1744 2394 1877 2447 Θεοῦ

298 2487 644 2559 ἀρνουμένῳ,
696 2488 870 2557 ἐαυτῷ
893 2489 1155 2559 πρότερον
1178 2487 1313 2558 χρῆν
1351 2486 1698 2557 μέμψασθαιτ
1742 2488 1790 2539 εἰ
1822 2486 1877 2539 δέ

299 2582 385 2633 ὅτι
424 2580 485 2634 ὃν
517 2581 678 2645 αὐτὸς
719 2580 946 2651 ὡρίζετο
980 2581 1170 2648 Λόγον,
1206 2580 1490 2642 Σαϐἐλλιος
1532 2580 1747 2648 ἠγνόει·
1779 2580 1879 2633 οὐκ

296 2672 477 2744 ὀρθῶς
502 2670 658 2725 τοῦτό
682 2689 745 2739 γε
772 2674 980 2745 ᾐτιᾶτο.
1015 2671 1152 2725 Οὔτε
1178 2671 1287 2742 γὰρ
1310 2670 1616 2735 Σαϐέλλιον,
1639 2670 1749 2724 οὔτ’
1779 2671 1878 2724 αὑ-

295 2765 427 2829 τοὺς
469 2764 775 2829 Ἰουδαίους,
809 2766 934 2827 τοὺς
962 2764 1051 2817 τὸν
1077 2762 1309 2834 Χριστὸν
1336 2762 1428 2814 τοῦ
1448 2761 1581 2814 Θεοῦ
1614 2760 1879 2839 ἀρνουμέ-

296 2874 445 2919 νους,
479 2857 538 2909 ὃν
566 2873 697 2926 φησι
723 2856 1041 2927 Μάρκελλος
1064 2858 1120 2908 ἐν
1150 2854 1226 2925 τῷ
1253 2854 1371 2924 Θεῷ
1403 2850 1542 2906 εἶναι
1570 2854 1772 2922 Λόγον,
1807 2851 1875 2904 δι’

296 2944 360 3002 οὗ
386 2949 576 3001 Μωσεῖ
603 2948 697 3000 καὶ
730 2949 843 3011 τοῖς
878 2948 1181 3019 προφήταις
1204 2945 1630 3017 κεχρημάτικεν,
1680 2943 1877 3013 ἀγνοῆ-

298 3057 414 3102 σαι,
449 3038 638 3092 τοῦτον
681 3038 736 3091 δὲ
766 3037 1009 3109 ἀκριϐῶς
1042 3038 1261 3102 εἰδέναι,
1292 3037 1387 3090 καὶ
1421 3038 1449 3090 6
1475 3038 1581 3099 πᾶς
1610 3034 1750 3088 εἴποι
1785 3032 1870 3100 ἂν,

1991 568 2298 623 Servatoris
2352 570 2837 634 commemoravit,
2880 570 3077 638 quibus
3110 570 3223 623 ait:
3261 567 3430 621 Nemo
3460 582 3555 620 no-

1988 662 2058 714 vit
2086 655 2301 712 Patrem
2326 659 2426 711 nisi
2460 656 2655 723 Filius,
2679 672 2724 712 et
2744 662 2828 712 cui
2856 659 3030 714 Filius
3055 661 3209 713 uoluit
3237 659 3464 712 revelare
3484 658 3552 713 ".

1989 750 2118 815 Quae
2166 750 2291 803 dum
2345 749 2557 814 recitat,
2601 759 2852 819 tanquam
2922 762 3292 815 correcturus,
3340 757 3399 813 ἦ(
3457 766 3554 820 pro

1993 840 2135 895 Filio
2190 840 2418 895 Verbum
2465 854 2589 895 eum
2649 842 2963 895 nominavit.
3020 842 3109 897 Sic
3160 843 3300 897 enim
3358 841 3548 894 fatur:

1996 950 2013 983 ι
2062 930 2229 985 Nemo
2254 933 2389 986 novit
2444 930 2658 984 Patrem
2687 932 2785 984 nisi
2818 930 3012 999 Filius,
3046 934 3147 987 hoc
3175 943 3260 988 est
3302 931 3550 999 Verbum,

1992 1042 2010 1073 ‹
2045 1023 2246 1091 quibus
2282 1023 2431 1077 addit
2468 1042 2480 1077 :
2524 1021 2758 1076 Verbum
2794 1022 2991 1076 etenim
3020 1038 3114 1091 per
3148 1038 3207 1077 se
3248 1022 3424 1077 Patris
3454 1038 3552 1077 ex-

1994 1134 2011 1167 ‹
2046 1114 2193 1168 hibet
2221 1114 2583 1185 cognitionem
2613 1130 2627 1167 :
2657 1113 2852 1182 quibus
2885 1112 3128 1181 adjungit
3156 1132 3169 1169 :
3215 1113 3550 1183 [inpossibile

1994 1229 2009 1259 ι
2044 1206 2307 1275 siquidem
2336 1214 2456 1260 erat
2480 1204 2723 1272 alioquin
2751 1204 2915 1258 Deum
2941 1218 3286 1275 cognoscere,
3327 1205 3427 1258 nisi
3453 1218 3550 1273 per

1991 1320 2008 1351 ι
2045 1300 2315 1368 proprium
2347 1298 2513 1368 ipsius
2552 1296 2809 1353 Verbum.
2847 1318 2867 1351 ι
2905 1298 3099 1354 Iterum
3124 1308 3302 1353 antem
3334 1314 3430 1367 pro
3462 1298 3551 1354 ἰδίη

1985 1391 2056 1445 lio
2118 1392 2397 1446 substituit
2465 1389 2727 1446 Verbum:
2761 1399 2816 1445 et
2854 1401 3099 1445 sanctum
3156 1388 3271 1459 ejus
3320 1389 3548 1445 Verbum

1984 1483 2246 1538 nominat.
2284 1481 2438 1549 Szrpe
2468 1497 2693 1538 numero
2728 1492 2907 1536 autem
2945 1498 3041 1552 per
3084 1496 3244 1537 voces
3272 1492 3378 1536 tam
3413 1497 3549 1551 pau-

1983 1576 2233 1630 cissimas
2265 1574 2450 1641 Verbi,
2485 1574 2670 1628 nullibi
2707 1582 2886 1628 autem
2934 1573 3080 1637 Filii,
3120 1574 3446 1629 mentionem
3479 1573 3552 1628 fa-

1982 1668 2077 1721 cit.
2107 1664 2246 1732 Qnin
2274 1676 2327 1722 et
2357 1666 2531 1737 ipsam
2584 1664 2891 1720 Servatoris
2943 1667 3233 1721 dictionem
3285 1663 3550 1720 transfor-

1989 1766 2099 1810 mat
2134 1773 2148 1809 :
2184 1757 2272 1811 ubi
2310 1770 2409 1825 pro
2443 1757 2603 1822 Filio,
2637 1757 2923 1820 subinfert.
2985 1758 3088 1813 hoc
3135 1768 3221 1813 est
3269 1759 3546 1816 Verbum:

1983 1847 2145 1917 idque
2168 1863 2291 1902 cum
2324 1846 2447 1904 Filii
2485 1851 2796 1922 appellatio,
2836 1851 3004 1905 multo
3057 1850 3225 1920 magis
3248 1849 3549 1919 paternita-

1983 1939 2051 1993 tis
2074 1939 2337 1996 vocabulo
2361 1942 2684 1998 conveniret
2724 1957 2882 2012 quam
2914 1941 3075 1997 Verbi
3107 1959 3121 1996 :
3164 1957 3285 1995 cum
3326 1951 3382 1996 et
3434 1941 3551 2009 ipse

1982 2028 2419 2101 Servatorjuxta
2470 2034 2900 2103 congruentiam,
2957 2032 3148 2087 Filium
3203 2047 3326 2087 cum
3388 2030 3551 2085 Patre

1981 2122 2348 2191 copulaverat.
2412 2124 2490 2180 Ita
2536 2138 2750 2195 semper
2809 2125 3078 2195 refugiens
3130 2124 3547 2194 appellationem

1980 2213 2122 2277 Filii,
2153 2215 2409 2283 Verbum,
2440 2230 2632 2271 vocem
2666 2232 2866 2287 susque
2893 2217 3066 2285 deque
3101 2223 3298 2270 versat.
3332 2214 3552 2279 ,Sabel-

1981 2305 2109 2359 lium
2140 2314 2287 2361 certe
2326 2306 2545 2360 damna:
2585 2305 2944 2377 abnegantem
2988 2305 3206 2371 Filium,
3256 2314 3312 2359 et
3370 2315 3547 2358 tamen

1979 2411 2038 2451 se
2064 2394 2396 2451 conformem
2422 2396 2596 2451 eidem
2621 2407 2838 2464 praestat
2864 2414 2878 2451 :
2908 2396 3062 2465 quasi
3098 2405 3278 2464 posset
3325 2404 3381 2450 et
3437 2393 3549 2449 vel-

1980 2489 2075 2557 let,
2126 2490 2195 2543 ab
2242 2490 2385 2545 illius
2419 2480 2800 2553 accusatione,
2857 2490 3221 2558 suspicionem
3280 2488 3550 2544 haereseos

1978 2581 2214 2636 amoliri.
2244 2581 2375 2638 Cum
2404 2582 2446 2637 si
2474 2581 2636 2636 vellet
2660 2582 2950 2637 Sabellium
2982 2584 3051 2637 ob
3085 2582 3136 2636 id
3167 2582 3339 2649 ipsum
3366 2581 3549 2634 redar-

1977 2688 2161 2745 guere,
2191 2676 2336 2743 quod
2363 2672 2559 2727 Filium
2587 2672 2675 2727 ille
2715 2675 2807 2729 Dei
2840 2674 3157 2741 abnegaret.
3194 2673 3546 2742 semetipsum

1977 2773 2101 2819 ante
2122 2779 2244 2819 eum
2277 2764 2511 2820 debebat
2541 2779 2820 2821 accusare.
2850 2766 3002 2832 Quod
3029 2765 3075 2819 si
3103 2763 3371 2820 Sabellius
3397 2765 3549 2832 igno-

1976 2857 2337 2925 rabat,quem
2369 2867 2527 2911 vocat
2568 2856 2683 2927 ipse
2721 2858 2983 2922 Verbum,
3028 2873 3131 2912 non
3168 2866 3287 2911 erat
3311 2856 3415 2911 hoc
3447 2871 3545 2909 no-

1976 2949 2120 3004 mine
2144 2950 2493 3005 incnsandus.
2522 2951 2657 3005 Nam
2702 2964 2801 3007 nec
2823 2960 2972 3006 certe
2992 2949 3285 3015 Sabellius,
3331 2964 3400 3004 ne
3426 2948 3550 3018 qui-

1977 3038 2096 3093 dem
2147 3038 2317 3095 Judaai
2370 3041 2462 3110 qni
2520 3041 2795 3098 Christum
2834 3042 2979 3097 illmn
3027 3042 3119 3097 Dei
3182 3042 3546 3106 abnuebant,

293 3133 359 3186 ού
391 3132 550 3202 μόνον
584 3131 850 3185 Ἰουδαίων
879 3129 1013 3183 ἀλλὰ
1042 3130 1135 3184 καὶ
1176 3130 1460 3200 Ἑλλήνιον.
1514 3128 1743 3196 Λογικὸν
1768 3126 1876 3198 γὰρ

1983 3144 2137 3200 quem
2166 3130 2452 3220 Marcellus
2481 3132 2735 3199 amrmat,
2774 3134 2826 3188 in
2862 3135 2973 3189 Deo
3007 3131 3243 3187 Verbum
3268 3147 3408 3195 esse.
3451 3146 3549 3200 per

292 3224 382 3286 τίς
408 3225 507 3275 οὐκ
529 3222 594 3275 ἂν
613 3222 995 3294 ὁμολογήσειεν
1021 3218 1160 3275 εἶναι
1188 3222 1278 3274 τὸν
1302 3220 1455 3285 Θεὸν,
1474 3219 1548 3282 ὡς
1576 3219 1669 3272 καὶ
1692 3218 1874 3287 σοφὸν,

295 3316 395 3372 καὶ
419 3315 622 3385 ἀγαθὸν
655 3316 748 3368 καὶ
779 3314 1002 3369 δυνατόν
1025 3332 1040 3379 ;
1076 3313 1362 3377 Σαϐἑλλιος
1387 3313 1444 3366 δὲ
1467 3313 1625 3365 τοῦτο
1658 3312 1754 3382 μὲν
1779 3312 1880 3363 οὐκ

295 3408 365 3461 ἂν
414 3407 676 3478 ἀρνηθείη
718 3407 950 3471 είδέναις
993 3408 1074 3459 ὅτι
1107 3406 1162 3459 δέ
1195 3407 1269 3478 μὴ
1316 3406 1407 3458 καὶ
1440 3404 1569 3457 Υἱὸν
1609 3403 1702 3455 τοῦ
1741 3400 1877 3462 Θεοῦ

272 3492 477 3563 ’ζῶντα
515 3498 607 3551 καὶ
638 3497 944 3566 ὑφεστῶτα,
971 3497 1103 3550 ὄντα
1124 3513 1183 3550 τε
1205 3498 1297 3549 καὶ
1327 3496 1560 3567 προόντα
1591 3494 1689 3563 τῆς
1745 3511 1879 3566 σαρ-

294 3594 393 3655 κὸς
452 3592 722 3662 ὁμολογεῖ.
763 3588 979 3660 Ταύτης
1015 3590 1176 3642 ἕνεκα
1224 3590 1322 3659 τῆς
1360 3589 1496 3658 πρὸς
1560 3586 1878 3657 Μάρκελλον

297 3679 640 3751 συμφωνίας,
678 3680 878 3749 ὁμοίως
918 3678 1069 3748 αύτῴ
1106 3680 1204 3749 τῆς
1236 3678 1328 3733 τοῦ
1368 3678 1503 3731 Θεοῦ
1557 3677 1881 3747 Ἐκκλησίας

293 3773 494 3843 ἠλάθη.
530 3772 651 3835 Πῶς
673 3772 730 3825 δὲ
754 3772 823 3824 τὰ
857 3770 947 3825 ἴσα
977 3771 1294 3842 Μάρκελλος
1317 3771 1393 3841 τῷ
1415 3771 1689 3842 Σαϐελλίῳ
1720 3771 1881 3841 ὲφρό-

291 3884 398 3928 νει,
428 3864 589 3935 δῆλος
642 3863 707 3918 ἂν
757 3863 844 3933 εἴη
893 3863 952 3927 ἐξ
987 3856 1061 3915 ὧν
1108 3862 1166 3917 ἓν
1203 3864 1297 3915 καὶ
1351 3863 1545 3916 ταύτὸν
1603 3858 1743 3916 εἶναι
1791 3862 1881 3915 τὸν

290 3958 429 4009 Θεὸν
482 3959 577 4010 καὶ
635 3957 726 4009 τὸν
780 3956 944 4009 αὑτοῦ
976 3956 1145 4025 Λόγον
1195 3955 1545 4022 διεστείλατο,
1612 3955 1741 4009 ποτέ
1782 3955 1882 4026 μὲν

292 4050 481 4111 αὐτοῖς
514 4050 750 4120 ῥήμασιν
778 4046 967 4101 εἰπών.

1980 3235 2140 3289 quem
2163 3219 2364 3275 Mosem
2423 3231 2476 3278 et
2516 3224 2808 3293 prophetas
2858 3222 3253 3291 alloquebatur.
3292 3220 3404 3277 lmo
3442 3236 3547 3275 non

1979 3309 2079 3365 soli
2103 3324 2160 3364 se
2180 3308 2347 3365 Judaei
2377 3312 2481 3369 hoc
2532 3313 2713 3368 dicent
2772 3313 3014 3384 apprime
3069 3312 3406 3382 intelligere,
3453 3309 3550 3366 sed

1978 3400 2079 3469 ipsi
2115 3402 2280 3456 etiam
2314 3404 2535 3473 pagani.
2565 3403 2700 3458 Nam
2724 3404 2848 3474 quis
2873 3420 2974 3458 non
3012 3404 3176 3457 Deum
3227 3411 3407 3458 mente
3430 3416 3550 3458 esse

1979 3494 2263 3562 praeditum
2291 3494 2570 3562 fatebitur,
2604 3505 2663 3551 ut
2716 3497 3041 3566 sapientem,
3099 3504 3160 3549 ut
3217 3496 3414 3550 bonum
3443 3534 3459 3560 ,
3490 3508 3551 3547 at

1980 3586 2295 3652 potentem?
2331 3585 2599 3641 Sabeliius
2629 3586 2777 3641 nullo
2799 3596 2945 3641 certe
2987 3596 3145 3641 modo
3199 3592 3459 3639 tateretur
3488 3600 3552 3641 so

1978 3676 2080 3731 hoc
2113 3677 2384 3745 ignorare.
2415 3679 2554 3745 Qnin
2604 3678 2799 3735 Filium
2825 3678 2918 3734 Dei
2944 3679 3124 3732 vivum
3159 3690 3214 3732 et
3249 3676 3551 3731 subsisten-

1977 3778 2106 3836 tem,
2139 3772 2227 3840 qui
2253 3780 2496 3834 etesset,
2524 3782 2577 3826 et
2609 3783 2733 3827 ante
2763 3786 2981 3826 carnem
3018 3779 3351 3839 assumptam
3382 3776 3546 3832 esset,

1977 3872 2319 3931 agnosceret.
2361 3862 2428 3917 Et
2460 3873 2637 3917 tamen
2678 3862 2746 3917 ob
2769 3862 2910 3915 banc
2940 3861 3107 3930 ipsam
3133 3875 3256 3914 cum
3288 3859 3389 3913 hoc
3418 3857 3553 3911 Mar-

1979 3953 2116 4007 cello
2145 3956 2687 4020 conlesserationem,
2713 3955 2921 4025 ejectus
2950 3953 3037 4007 ille
3076 3952 3176 4005 fuit
3208 3949 3278 4003 ab
3308 3949 3549 4005 Ecclesia

1981 4045 2095 4100 Dci.
2124 4045 2242 4111 Quo
2298 4058 2458 4117 pacto
2516 4059 2698 4101 antem
2758 4046 3039 4101 Marcellus
3075 4045 3305 4107 dicatur,
3359 4038 3551 4095 eadeni

294 4154 419 4192 cum
450 4138 685 4193 Sabellio
714 4141 987 4209 opinatus,
1055 4141 1400 4197 manifestum
1470 4141 1601 4203 ﬁet,
1655 4147 1941 4208 propterea
1979 4138 2119 4206 quod
2158 4152 2322 4193 unum
2374 4149 2535 4209 atque
2592 4140 2733 4194 idem
2778 4138 3094 4211 proﬁteatur
3140 4136 3329 4199 Deum,
3385 4142 3552 4203 atque

294 4232 467 4301 ipsius
495 4230 591 4286 Dei
622 4229 877 4297 Verbum,
914 4233 1066 4287 hisce
1104 4233 1398 4303 aliquando
1429 4234 1610 4288 verbis
1637 4246 1789 4286 usus.

930 4329 1090 4383 ΚΕΦ.
1132 4328 1232 4383 1Ζ’.

296 4417 501 4484 Ὅπως
534 4416 770 4486 ἠρνεῖτο
800 4417 999 4488 γυμνῇ
1008 4418 1310 4543 ητῇΥθρεξραλ
1321 4420 1354 4489 ᾖ
1386 4421 1502 4488 τὴν
1533 4420 1875 4475 ὑπόστασιν

928 4507 1035 4543 του
1126 4508 1237 4543 mu.

928 4507 1035 4543 του
1084 4507 1110 4543 1
1126 4508 1237 4545 (0U.

373 4602 393 4635 ‹
428 4584 491 4636 Εἰ
532 4583 630 4653 μὲν
655 4582 762 4653 γὰρ
792 4583 825 4653 ή
855 4582 950 4636 τοῦ
986 4582 1097 4651 (65)
1144 4582 1456 4653 πνεύματος
1499 4581 1742 4648 ἐξέτασις
1788 4582 1875 4653 γί-

301 4694 322 4726 σ
366 4691 549 4740 γνοιτο
609 4660 764 4744 μόνη,
800 4673 858 4726 ἐν
908 4673 1001 4726 καὶ
1037 4674 1233 4727 ταύτὸν
1280 4674 1509 4739 εἰκότως
1543 4674 1610 4727 ἂν
1648 4674 1677 4726 ὁ
1707 4672 1877 4741 Λόγος

308 4787 326 4816 σ
369 4763 509 4820 εἶναι
537 4765 615 4835 τῷ
642 4764 761 4836 Θεῷ
789 4767 1048 4833 φαίνοιτο·
1074 4786 1092 4818 ι
1122 4766 1232 4834 (64)
1264 4766 1394 4819 ποτὲ
1421 4766 1478 4819 δὲ
1515 4766 1876 4837 παραϐάλλων

288 4860 371 4930 τῷ
404 4859 729 4930 ἀνθρωπείῳ
768 4858 911 4928 λόγῳ
953 4859 1044 4911 τὸν
1084 4858 1180 4911 τοῦ
1228 4857 1386 4920 Θεοῦ,
1428 4858 1521 4911 καὶ
1583 4858 1868 4926 ἐπιλέγων,

296 4973 314 5004 ι
352 4952 412 5003 ἓν
463 4951 556 5004 καὶ
587 4950 780 5003 ταύτὸν
818 4945 955 5003 εἶναι
990 4948 1068 5020 τῷ
1124 4949 1447 5019 ἀνθρωπείῳ
1490 4948 1581 5000 τὸν
1636 4948 1693 4999 ἐν
1724 4947 1872 5018 αύτῷ

296 5062 315 5096 s
355 5043 550 5111 Λόγον,
602 5041 777 5094 οὐδενὶ⁵
810 5038 1173 5112 χωριζόμενον
1204 5041 1375 5111 ἐτέρῳ
1408 5040 1441 5111 ἢ
1496 5040 1633 5113 μόνῃ
1669 5041 1736 5109 τῇ
1770 5038 1869 5108 τῆς

373 5181 433 5238 ἂι
465 5174 574 5231 Ed.
605 5174 805 5240 Paris.,
835 5190 955 5247 pag.
989 5175 1079 5240 78,
1108 5175 1195 5231 79.
1271 5174 1318 5206 "
1354 5174 1542 5231 Matth.
1570 5191 1647 5240 xx,
1670 5176 1757 5231 27.

375 5389 487 5459 (ϐε)
525 5387 694 5465 νυὶειο
726 5387 949 5465 θριὲλλεξ
993 5390 1259 5465 eam
1313 5390 1485 5461 μέμψο
1544 5401 1600 5447 ει
1635 5392 1873 5465 ὁρίζεται

375 5408 487 5459 (υτ)
534 5408 694 5457 vulgo
726 5408 941 5459 υρυλλει
993 5408 1048 5443 et
1092 5408 1201 5511 εέρπ

302 5461 461 5528 λόγον
494 5470 548 5513 et
577 5459 892 5528 Μάρκελλος
913 5458 1111 5530 Σαδελλ
1135 5479 1201 5530 ῳ.

376 5530 486 5599 (65)
540 5530 885 5598 Πνεύματος
914 5528 1209 5595 ἐξέτασις.
1270 5528 1418 5597 Vult,
1448 5530 1657 5599 opinor,
1689 5540 1745 5587 ut
1788 5547 1875 5589 se-

299 5602 538 5657 cundum
570 5600 848 5662 deitatem,
885 5600 974 5650 vel
997 5600 1229 5653 divinam
1270 5603 1536 5656 rationem
1566 5602 1876 5658 considere-

305 5686 427 5741 anns
453 5670 776 5741 λόγονῃιςιηι
797 5666 1045 5741 πνεῦμα,
1078 5669 1174 5735 ipsi
1199 5669 1413 5741 ponitur
1433 5686 1531 5741 pro
1561 5671 1672 5726 Deo
1702 5690 1717 5727 :
1748 5674 1875 5740 quia

304 5740 565 5796 Servator
595 5739 750 5797 dixit.
790 5738 926 5791 Deus
956 5739 1174 5808 spiritus
1209 5750 1281 5794 est
1308 5738 1489 5808 (Icari.
1524 5756 1597 5808 Iv,
1625 5742 1739 5808 24).
1765 5738 1836 5795 Μ.

378 5810 488 5877 (66)
521 5808 670 5863 Ποτὲ
700 5808 766 5864 δὲ
806 5807 1225 5878 παραϐάλλων.
1278 5807 1593 5879 Marcellus,
1641 5807 1873 5870 Verbum

2506 4326 2565 4383 is
2604 4318 2757 4374 CAP.
2796 4317 2959 4374 XVII.

2088 4410 2241 4477 Quod
2265 4410 2691 4479 manifestissime
2717 4420 2953 4481 perneget
2984 4410 3292 4480 hypostasin
3318 4406 3475 4462 Filii.

2051 4523 2071 4555 ο
2114 4504 2201 4577 [Β.
2229 4503 2365 4558 LXII
2388 4504 2511 4559 coll.
2537 4520 2592 4574 p.
2648 4502 2797 4577 507.]
2827 4504 3099 4572 Siquidem
3122 4502 3291 4557 solius
3328 4501 3551 4569 spiritus

1985 4616 2004 4649 ι
2048 4597 2353 4665 disquisitio
2417 4596 2530 4659 ﬂat,
2583 4596 2824 4660 omnino,
2886 4610 2987 4650 nec
3047 4594 3262 4663 injuria,
3308 4592 3547 4647 Verbum

1981 4708 1999 4740 ι
2043 4704 2203 4743 unum
2231 4699 2392 4758 atque
2423 4689 2562 4744 idem
2594 4704 2717 4743 cum
2751 4688 2859 4743 Deo
2890 4686 3157 4741 videbitur
3176 4701 3315 4741 esse.
3337 4704 3356 4737 ›
3382 4684 3548 4739 Com-

1976 4795 2181 4849 ponens
2231 4790 2407 4834 antem
2454 4778 2739 4849 aliquando
2782 4779 3016 4834 Verbum
3047 4775 3139 4830 Dei
3163 4792 3284 4831 cum
3310 4775 3549 4829 humano

1979 4868 2173 4930 verbo,
2233 4867 2480 4937 ndjnngit
2525 4886 2537 4920 :
2576 4886 2595 4919 ι
2651 4866 2822 4921 Unum
2863 4878 3025 4935 atque
3061 4882 3155 4935 per
3176 4864 3357 4919 omnia
3400 4862 3546 4916 idem

1983 4975 2001 5007 ι
2043 4974 2164 5011 cum
2213 4960 2431 5013 homine
2460 4974 2582 5013 esse
2637 4959 2763 5013 illud
2810 4961 2949 5028 quod
2987 4961 3039 5011 in
3068 4959 3181 5025 ipso
3212 4958 3369 5016 inest,
3413 4953 3544 5006 Ver-

1981 5066 2001 5099 s
2042 5050 2167 5104 bum
2216 5050 2385 5105 nibilo
2414 5053 2628 5122 quidem
2672 5053 2740 5108 ab
2783 5050 2890 5107 alio
2932 5050 3392 5141 discriminatum,
3441 5042 3543 5099 nisi

1975 5393 2238 5453 Dei.-cnm
2275 5391 2508 5444 hominis
2537 5389 2703 5445 verbo
2731 5388 3118 5455 componebat,
3146 5395 3196 5439 et
3241 5383 3543 5455 ἐνδιάθετον

1971 5472 2028 5533 et
2054 5462 2403 5533 προφορικόν.
2435 5460 2710 5533 legendum
2735 5458 2815 5530 τῷ
2838 5453 2896 5511 ἐν
2915 5456 3206 5533 ἀνθρῶπῳ,
3232 5471 3335 5533 n_o_n
3358 5453 3542 5533 madv-

1976 5525 2248 5603 θρωᾶτείῳζ
2280 5539 2423 5603 patet
2444 5525 2511 5584 ei
2535 5529 2695 5603 paulo
2718 5525 2853 5603 post~
2860 5525 3232 5603 sequentibus.
3250 5525 3537 5603 _M.—-_-Dein

1976 5550 2248 5655 υρωπειιρ,
2280 5550 2423 5599 patet
2444 5550 2511 5584 ex
2535 5550 2695 5595 paulo
2718 5550 2838 5593 [IUSl
2860 5550 3232 5597 δεψιεηιιυυδ.
3252 5550 3537 5579 Μ.-υιςιη

1972 5604 2199 5686 vulgar;
2231 5602 2297 5686 ὴν
2317 5600 2367 5654 θ.
2405 5617 2468 5686 μζ
2501 5599 2653 5686 οὐδὲν
2705 5600 2791 5684 ἐτ.
2824 5593 2913 5667 ἦν.
2957 5594 3541 5686 ξυντοῗεν-ιιιβολέγρ-

1974 5666 2157 5743 ψεννθι
2177 5666 2384 5743 τούτοις
2405 5666 2571 5743 αὑτὸν
2602 5668 2787 5733 εἰπὼν,
2814 5666 2910 5743 πρ.
2948 5679 3001 5724 ct
3031 5666 3283 5740 χωρῆσαι
3312 5675 3365 5723 et
3415 5667 3539 5721 ἔπι·

1979 5739 2199 5799 σκόπτει
2223 5753 2275 5799 et
2304 5742 2361 5797 οὐ
2392 5740 2499 5820 γὰρ
2534 5739 2597 5794 ἄν
2627 5750 2679 5797 cl
2703 5740 2923 5812 παρείη.
