3970 6514
459 365 568 426 8.59

1160 368 1428 423 EUSEBll
1466 370 1931 430 CAESARIENSIS
1968 375 2117 432 OPP.
2161 376 2334 433 PARS
2370 378 2459 435 IV.
2499 410 2568 424 —
2604 380 3022 439 DOGMATICA.

3588 393 3692 450 860

467 503 492 540 ς
529 485 707 553 operis
739 488 1103 543 tantummodo
1139 490 1395 547 efﬁcacia.
1443 511 1463 545 ι
1495 493 1758 561 Quocirca
1802 497 1891 550 ubi
1950 496 2010 549 ita

2134 515 2152 547 ι
2189 498 2439 569 πράξεως
2477 500 2744 572 ἐνεργείᾳ.
2774 520 2793 554 ι
2818 503 3038 575 Διόπερ,
3072 506 3200 559 ποτὲ
3241 506 3337 576 μὲν
3362 508 3693 579 ἀπεφαίνετο

462 578 666 643 statuit,
720 578 1030 647 priusquam
1086 584 1317 637 mundus
1374 587 1762 650 produceretur
1796 628 1809 649 ,
1893 589 2023 642 nihil

2128 588 2351 659 πρὸτῆς
2376 590 2468 644 τοῦ
2501 592 2707 662 κόσμου
2754 595 3063 659 συστάσεως
3107 597 3270 668 μηδὲν
3318 598 3505 669 ἕτερον
3553 598 3691 657 εἶναι

461 669 685 721 omnino
737 677 929 735 praeter
1000 670 1165 724 Deum
1234 674 1520 738 exstitisse,
1577 685 1631 729 et
1696 676 1819 731 alibi
1875 678 2010 732 hisce

2128 681 2263 752 πλὴν
2305 681 2473 745 Θεοῦ,
2534 685 2629 737 καὶ
2678 685 2841 739 πάλιν
2889 688 3069 751 αὐτοῖς
3109 691 3344 759 ῥήμασιν
3380 691 3581 760 ἔλεγεν,
3611 695 3690 749 ὅτι

459 755 591 820 ipsis
630 756 808 812 verbis
857 759 1069 813 utitur:
1119 779 1136 811 ι
1176 759 1311 816 Cum
1362 764 1595 817 nondum
1644 766 1747 819 iste
1794 767 2022 820 mundus

465 864 484 897 ι
526 847 815 915 productus
860 848 1051 915 fuerat,
1105 861 1300 920 prmtcr
1340 854 1505 907 Deum
1545 856 1759 924 quidem
1825 857 2019 921 solum,

466 955 484 988 ι
528 937 660 992 nihil
714 948 832 993 erat
883 940 1061 1008 aliud;
1094 961 1113 994 ι
1157 955 1209 995 et
1255 944 1341 997 ubi
1393 944 1631 999 divinum
1695 947 1825 1001 illud
1890 947 2022 1003 Ver-

459 1030 626 1095 bum,
695 1040 878 1085 nostro
935 1033 1223 1088 indicativo
1286 1050 1380 1103 per
1442 1037 1622 1090 omnia
1702 1038 2021 1093 assimilavit

457 1124 641 1187 verbo,
694 1123 745 1176 in
784 1124 978 1193 quibus
1014 1125 1113 1179 ista
1148 1127 1339 1180 scribit
1395 1126 1486 1198 [Β.
1543 1127 1631 1181 LV
1668 1131 1789 1185 coll.
1849 1146 1899 1199 p.
1953 1132 2021 1186 59

457 1213 521 1267 ί).
555 1214 656 1267 116
688 1216 743 1268 D.
775 1214 874 1269 125
894 1214 977 1286 8.]
1025 1232 1083 1269 ει
1126 1216 1581 1283 Quemadmodum
1637 1236 1721 1275 res
1758 1224 2020 1279 universm

464 1323 482 1355 ι
524 1320 643 1374 qua:
671 1306 944 1375 productae
968 1306 1197 1373 fuerunt,
1223 1325 1253 1363 a
1281 1308 1439 1365 Patre
1467 1312 1901 1380 producebantur
1924 1330 2019 1382 per

466 1415 484 1445 ι
530 1395 784 1462 Verbum,
842 1397 907 1451 ad
939 1399 1184 1454 eumdem
1209 1400 1423 1455 modum
1451 1412 1506 1458 et
1526 1418 1645 1472 qua:
1678 1420 1706 1456 a
1755 1405 1913 1459 Patre
1934 1406 2017 1460 di-

462 1506 480 1536 ι
518 1489 797 1548 cebantur,
829 1505 924 1559 per
942 1490 1174 1546 Verbum
1210 1494 1437 1549 indicem
1460 1496 1811 1554 edebantur.»
1839 1499 2017 1568 Atque

456 1580 552 1644 ita,
582 1593 702 1632 cum
734 1580 835 1634 hoc
862 1589 1015 1650 pacto
1058 1583 1406 1638 indicativum
1434 1585 1657 1640 verbum
1693 1588 2011 1657 compellas-

454 1678 538 1721 set
582 1668 776 1738 ipsum.
813 1684 1064 1726 sermone
1109 1675 1486 1743 progrediente
1534 1684 1711 1730 tamen
1762 1679 2012 1733 eumdem

454 1758 628 1826 ipsum
674 1774 701 1811 a
733 1758 892 1814 Patre
922 1762 1333 1830 inseparabilem
1358 1768 1693 1834 pronuntiat,
1722 1769 1863 1836 quod
1890 1784 2011 1837 spe-

2129 792 2146 821 ι
2195 774 2359 843 μήπω
2391 775 2484 827 τοῦ
2517 777 2719 847 κόσμου
2746 779 3044 846 γεγονότος,
3068 780 3219 833 οὐδὲν
3260 781 3445 853 ἓτερον
3466 778 3534 854 ἦν
3556 784 3685 854 πλὴν

2129 882 2146 912 ι
2193 863 2325 916 Θεοῦ
2377 866 2571 936 μόνουο
2615 886 2633 918 ›
2686 869 2815 921 ποτὲ
2856 868 2913 922 δὲ
2949 869 3026 941 τῷ
3064 872 3318 943 ἡμετέρῳ
3370 877 3686 947 σημαντικᾷ

2124 956 2265 1026 λόγῳ
2301 957 2390 1009 τὸν
2422 957 2517 1011 τοῦ
2543 958 2676 1012 Θεοῦ
2708 960 3061 1031 παρέϐαλλεν,
3093 964 3151 1015 ἐν
3176 958 3257 1027 οἷς
3287 956 3388 1018 ὧδε
3410 966 3650 1038 ἔγραφεν
3677 985 3687 997 ·

2128 1066 2146 1097 ι
2172 1049 2383 1120 Ὥσπερ
2410 1048 2479 1102 τὰ
2499 1052 2757 1118 γεγονότα
2786 1052 2961 1106 πάντα
2990 1054 3093 1107 ὑπὸ
3124 1054 3219 1108 τοῦ
3255 1056 3470 1127 Πατρὸς
3489 1058 3578 1111 διὰ
3596 1060 3688 1113 τοῦ

2127 1157 2144 1187 ‹
2194 1138 2365 1206 Λόγου
2405 1140 2645 1207 γέγονεν,
2700 1141 2843 1194 οὑτω
2878 1143 2971 1195 καὶ
3022 1144 3090 1195 τὰ
3140 1144 3406 1214 λεγόμενα
3445 1146 3549 1198 ὑπὸ
3598 1147 3689 1200 τοῦ

2124 1247 2142 1274 ε
2186 1229 2399 1300 Πατρὸς
2428 1230 2515 1284 διὰ
2546 1230 2639 1284 τοῦ
2670 1232 2841 1300 Λόγου
2867 1234 3207 1303 σημαίνεται.
3251 1253 3270 1286 ι
3313 1236 3423 1288 Kal.
3449 1236 3512 1307 δὴ
3535 1236 3688 1305 λόγον

2121 1320 2447 1389 σημαντικὸν
2472 1324 2528 1375 ἐν
2571 1322 2777 1385 τούτοις
2808 1322 2969 1375 αὑτὸν
3009 1324 3263 1388 ἀνειπὼν,
3304 1327 3505 1396 προῖὼν
3541 1329 3684 1398 ἐξῆ-ς.

2120 1409 2418 1481 ἀχώριστον
2464 1412 2625 1464 αὑτὸν
2658 1415 2724 1483 τῇ
2769 1414 3080 1477 ὑποστάσει,
3107 1414 3165 1469 ἓν
3197 1417 3291 1469 καὶ
3319 1418 3513 1470 ταὺτὸν
3547 1416 3687 1471 εἶναι

2115 1500 2192 1570 τῷ
2242 1502 2415 1571 Πατρὶ
2463 1502 2817 1572 παρίστησιν,
2863 1496 2965 1581 ὧδέ
3010 1521 3083 1575 πη
3136 1504 3337 1573 λέγων’
3379 1523 3398 1556 ι
3439 1505 3689 1559 Τοῦτοδὲ

2122 1610 2141 1641 ι
2187 1593 2364 1662 ῥᾴδιον
2388 1589 2664 1662 οἷμαιτοῖς
2690 1594 3027 1665 εὑφρονοῦσι,
3062 1595 3154 1648 καὶ
3183 1596 3290 1648 άπὸ
3317 1597 3513 1668 μικροῦ
3542 1615 3689 1661 τινος

2121 1702 2138 1732 ι
2184 1684 2276 1736 καὶ
2290 1683 2542 1736 ταπεινοῦ
2559 1684 2678 1737 καθ’
2696 1686 2843 1755 ἡμᾶς
2856 1684 3292 1756 παραδείγματος
3315 1686 3539 1755 γνῶναι.
3553 1688 3688 1740 Οὑδὲ

2122 1792 2138 1824 ι
2181 1772 2289 1845 γὰρ
2323 1774 2414 1827 τὸν
2445 1774 2536 1827 τοῦ
2558 1774 2844 1847 ἀνθρώπου
2865 1775 3021 1843 λόγον
3035 1776 3259 1847 δυνάμει
3282 1778 3376 1831 καὶ
3396 1779 3689 1834 ὑποστάσει

451 1854 565 1900 etat
605 1848 672 1901 ad
726 1848 1042 1919 hypostasin
1101 1869 1289 1921 suam,
1350 1833 1622 1925 unumque
1674 1833 1798 1912 cum
1854 1833 2010 1915 Patre

2124 1884 2142 1916 ι
2173 1833 2412 1947 ito-pica:
2434 1869 2541 1920 τινὶ
2571 1833 2811 1921 δυνατόν.
2844 1833 2949 1921 Ἐν.
2983 1868 3090 1939 γάρ
3119 1833 3232 1921 ἐστι
3266 1869 3357 1922 καὶ
3387 1833 3583 1923 ταύτὸν
3611 1872 3690 1942 τῷ

450 1946 614 2006 atque
660 1938 796 1992 idem
851 1940 1027 2005 docet,
1079 1944 1226 1999 hisce
1273 1946 1499 2001 verbis:
1542 1967 1561 2000 ι
1603 1949 1781 2019 Atque
1844 1950 2010 2017 istud,

454 2045 473 2075 ι
514 2027 725 2096 opinor,
779 2031 869 2101 qui
903 2044 1049 2088 recte
1095 2036 1279 2090 volunt
1319 2049 1533 2106 sapere,
1580 2055 1685 2094 non
1720 2041 2010 2097 admodum

454 2135 473 2166 σ
511 2117 799 2175 diﬂiculter
827 2122 1101 2178 collecturi
1135 2135 1259 2179 sunt
1290 2128 1357 2181 ab
1384 2129 1508 2182 exili
1541 2131 1775 2199 quodam
1828 2144 1880 2187 et
1907 2134 2010 2187 hu-

452 2225 471 2256 c
515 2207 624 2261 tnili
675 2209 817 2264 inter
847 2211 1091 2269 homines
1114 2216 1377 2286 exemplo.
1404 2217 1537 2272 Nam
1570 2235 1667 2275 nec
1692 2222 2007 2289 humanum,

454 2318 471 2345 ι
521 2299 588 2353 ab
620 2300 835 2356 homine
866 2306 1107 2373 verbum,
1134 2318 1403 2375 potestate
1440 2313 1619 2380 quivis
1650 2323 1703 2367 et
1734 2314 2010 2385 hypostasi

454 2411 470 2438 ι
514 2393 867 2458 separaverit.
906 2395 994 2449 Est
1029 2398 1173 2452 enim
1203 2401 1450 2467 verbum,
1479 2418 1642 2457 unum
1677 2413 1837 2475 atque
1869 2407 2008 2461 idem

452 2498 470 2527 ι
505 2496 625 2534 cum
654 2483 867 2537 homine
900 2500 914 2537 :
946 2501 1048 2539 non
1074 2487 1230 2541 aliter
1255 2491 1474 2546 omnino
1505 2495 1825 2562 separabile,
1845 2511 2006 2564 quam

454 2588 473 2620 ι
510 2571 675 2625 solius
716 2575 1046 2641 operationis
1092 2575 1306 2631 eﬂ'ectu.
1340 2599 1359 2632 ι
1385 2580 1499 2646 Qua
1553 2583 1901 2638 similitudine
1952 2595 2008 2638 et

447 2661 573 2715 alibi
606 2677 731 2717 usus
758 2674 859 2729 est,
893 2667 979 2721 ubi
1013 2668 1087 2720 ait
1119 2668 1208 2740 [Β.
1245 2670 1375 2744 LVI]
1406 2690 1419 2723 :
1458 2691 1477 2723 ‹
1508 2673 1849 2741 Quaecunque
1883 2686 2008 2729 sunt

452 2770 471 2801 c
510 2766 634 2821 “qua:
658 2751 815 2813 Pater
839 2755 982 2824 loqui
1014 2757 1454 2826 deprehenditur,
1501 2763 1588 2816 illa
1619 2764 1798 2817 omnia
1828 2765 2008 2834 prolo-

448 2860 469 2892 ι
511 2843 694 2912 quitur
725 2860 821 2912 per
853 2844 1082 2901 Verbum
1133 2865 1308 2903 suum.
1353 2855 1530 2921 Atque
1582 2853 1683 2907 hoc
1741 2854 1793 2907 in
1853 2857 2008 2912 nobis

454 2949 472 2985 ι
517 2935 646 3001 ipsis
673 2946 896 3005 apparet
923 2950 1044 2990 esse
1078 2938 1169 2999 ita,
1200 2940 1462 3009 siquidem
1487 2944 1667 3012 parvis
1698 2945 1856 2999 liceat
1887 2962 2004 3000 ma-

452 3043 470 3074 ‹
510 3041 615 3095 gua
643 3042 982 3097 componere.
1035 3027 1168 3083 Nam
1199 3046 1530 3103 quaecunque
1580 3051 1677 3090 nos
1720 3036 1872 3105 juxta
1909 3056 2008 3094 tto-

449 3148 458 3159 .
512 3128 683 3169 strum
714 3131 901 3185 posse,
945 3119 1124 3174 dicere
1156 3121 1236 3173 vel
1274 3121 1455 3179 facere
1492 3128 1875 3196 cupiveritnus,
1912 3146 2007 3195 per

450 3224 472 3258 σ
513 3217 751 3261 nostrum
802 3224 900 3264 nos
950 3210 1172 3265 verbum
1221 3213 1311 3268 illa
1340 3214 1532 3270 eﬂ‘ecta
1560 3219 1769 3275 damus.
1828 3240 1845 3272 ι
1881 3221 2006 3277 llaec
2037 3180 2081 3240 ε

445 3313 544 3353 nos
587 3310 798 3367 oportet
843 3303 1155 3359 existimare
1205 3322 1309 3360 non
1341 3309 1517 3362 minus
1555 3309 1866 3367 Marcellum
1926 3316 2007 3368 di-

445 3396 657 3443 centem
698 3390 905 3454 audire,
943 3409 1105 3461 quam
1142 3394 1457 3453 Sabelliunt.
1500 3399 1609 3456 Nisi
1659 3401 1796 3458 forte
1824 3405 2005 3460 riden-

442 3481 568 3533 dum
611 3480 829 3537 volebat
858 3483 1151 3540 Sabelliutn
1196 3487 1481 3545 Marcellus
1520 3492 1840 3562 propinare;
1881 3498 2006 3565 quia

446 3588 550 3626 non
603 3574 857 3639 audebat,
922 3578 1062 3645 quod
1111 3594 1275 3635 ausus
1302 3592 1387 3635 est
1441 3584 1572 3652 ipse,
1608 3585 1839 3640 Verbum
1882 3588 2009 3644 illud

445 3662 539 3717 Dei
579 3664 963 3732 indicativum,
1009 3672 1152 3739 quod
1193 3673 1464 3728 existimat
1520 3684 1760 3743 tantum,
1812 3678 2006 3735 Filium

443 3755 539 3809 Dei
581 3757 879 3813 nominare.
924 3759 1083 3815 Certe
1134 3779 1240 3817 non
1291 3780 1356 3818 eo
1383 3768 1625 3836 prorupit
1670 3769 1714 3823 is
1762 3771 2005 3837 insani-.v,

446 3856 504 3898 ut
539 3861 867 3914 sermonem,
924 3866 1018 3919 per
1069 3855 1248 3907 omnia
1284 3856 1523 3911 humano
1573 3860 1904 3915 simillimum
1946 3868 2004 3926 ᾖ(

445 3937 556 3992 Deo
581 3937 819 3991 omnium
869 3955 1125 4008 supremo
1158 3944 1383 3999 auderet
1413 3946 1706 4002 ascribere.
1758 3949 1864 4003 Sed
1908 3966 2010 4004 nec

439 4041 507 4081 eo
532 4028 777 4084 stultitiae
806 4031 1041 4093 devenit.
1072 4043 1129 4086 ut
1166 4034 1389 4088 verbum
1424 4036 1640 4106 aliquod
1694 4054 1795 4092 non
1829 4042 2009 4095 subsi-

441 4137 611 4194 stens,
659 4127 854 4182 Filium
911 4131 1002 4184 Dei
1035 4130 1357 4185 nominaret.
1415 4131 1677 4198 Quocirca
1713 4136 1803 4204 qui
1846 4151 2007 4189 unum

440 4218 572 4271 dixit
615 4218 780 4273 Deum
829 4218 1116 4286 Sabellius,
1169 4219 1362 4276 Filium
1386 4238 1513 4277 vero
1546 4224 1851 4292 abnegavit.
1882 4242 2009 4280 con-

438 4321 764 4379 sequenter,
823 4314 1113 4368 secundum
1167 4330 1317 4368 suam
1372 4316 1789 4383 suppositionem
1860 4333 2011 4370 euut-

437 4401 555 4454 dem
612 4401 897 4457 allirmavit
922 4403 1159 4467 Patrem,
1194 4419 1353 4473 quem
1393 4414 1448 4459 et
1487 4404 1700 4459 Filium.
1732 4404 2011 4461 Marcellus

2125 1977 2142 2009 ι
2183 1958 2450 2031 ἀνθρώπῳ
2475 1960 2502 2011 ὀ
2530 1959 2704 2028 λόγος,
2745 1960 2837 2013 καὶ
2863 1960 3038 2013 οὐδενὶ
3081 1961 3446 2033 χωριζόμενος
3492 1962 3686 2035 ἑτέρῳ,

2124 2070 2141 2101 ι
2187 2051 2219 2121 ἢ
2251 2052 2390 2122 μόνῃ
2425 2053 2490 2122 τῇ
2521 2051 2620 2121 τῆς
2650 2051 2903 2122 πράξεως
2936 2052 3207 2124 ἐνεργείᾳ.
3241 2070 3259 2101 ι
3300 2053 3411 2106 Καὶ
3437 2049 3593 2116 αὖθις
3621 2058 3687 2124 τῇ

2117 2143 2250 2213 αὑτῇ
2289 2142 2549 2213 κέχρηται
2581 2142 2747 2195 εἰκόνι
2779 2144 2836 2194 ὲν
2876 2138 2958 2206 οἷς
2986 2159 3117 2213 φησι
3137 2159 3150 2173 ο
3189 2161 3209 2193 ι
3248 2144 3431 2197 Πάντα
3455 2145 3563 2215 γὰρ
3586 2146 3693 2199 ὅσα.

2124 2252 2141 2283 ι
2184 2233 2249 2286 ἂν
2279 2236 2308 2285 ό
2344 2233 2531 2304 Πατὴρ
2560 2232 2716 2306 λέγῃ,
2740 2233 2913 2286 ταῦτα
2959 2234 3235 2303 πανταχοῦ
3269 2234 3358 2287 διὰ
3383 2235 3476 2288 τοῦ
3512 2236 3687 2305 Λόγου

2123 2345 2139 2376 ι
2181 2324 2351 2394 λέγων
2383 2326 2645 2395 φαίνεται.
2666 2325 2836 2381 Τοῦτο
2866 2328 2922 2381 δὲ
2949 2327 3105 2398 δῆλόν
3140 2328 3377 2381 ἐστικαὶ
3408 2331 3501 2398 ἀφ’
3526 2330 3685 2400 ἡμῶν

2122 2436 2139 2467 ι
2186 2417 2386 2480 αὐτῶν,
2422 2417 2521 2469 ὅσα
2553 2416 2723 2489 μικρὰ
2757 2418 3013 2488 μεγάλοις
3038 2418 3130 2472 καὶ
3160 2418 3324 2483 θείοις
3362 2420 3683 2474 ἀπεικάσαι.

2120 2528 2137 2558 ι
2184 2510 2294 2562 Καὶ
2341 2510 2505 2578 ἡμεῖς
2534 2508 2661 2579 γάρ,
2701 2508 2877 2562 πάντα
2907 2509 3009 2563 ὅσα
3036 2508 3101 2562 ἂν
3142 2508 3416 2580 θέλωμεν,
3450 2510 3593 2563 κατὰ
3624 2510 3689 2563 τὸ

2120 2620 2137 2650 ι
2176 2599 2394 2651 δυνατὸν
2423 2598 2598 2665 λέγειν
2623 2615 2685 2651 τε
2717 2599 2809 2653 καὶ
2833 2602 3025 2663 ποιεῖν,
3043 2599 3121 2669 τῷ
3145 2600 3398 2671 ἡμετέρῳ
3424 2601 3687 2671 ποιοῦμεν

2120 2711 2137 2741 ι
2178 2691 2337 2761 λόγῳ.
2384 2710 2402 2743 ι
2436 2688 2621 2743 Ταῦτα
2652 2690 2712 2743 οὐ
2755 2690 2955 2761 μᾶλλον
2988 2690 3306 2762 Μαρκέλλου
3335 2691 3687 2762 ἢΣαϐε).λίου

2112 2780 2354 2851 λέγοντος,
2394 2780 2615 2835 ἀκούειν
2652 2784 2914 2852 προσήκει
2936 2781 3192 2851 νομίζειν,
3219 2784 3267 2835 εί
3302 2782 3375 2853 μὴ
3401 2783 3507 2854 ἄρα
3538 2784 3690 2838 τοῖς⁹

2113 2872 2447 2926 ὲπισκώπτοι
2476 2872 2746 2943 Σαϐελλίῳ
2776 2872 3116 2945 Μάρκελλος,
3134 2874 3215 2925 ὅτι
3245 2872 3319 2944 μὴ
3346 2874 3573 2938 ἀναιδῶς
3593 2875 3688 2929 τὸν

2113 2968 2170 3019 ὲν
2199 2963 2275 3035 τῷ
2302 2962 2420 3035 Θεῷ
2449 2964 2780 3035 σημαντικὸν
2808 2966 2998 3033 Λόγον,
3039 2963 3117 3029 ὡς
3148 2966 3310 3029 αὑτὸς
3332 2966 3520 3032 οἴεται,
3553 2967 3690 3021 Υίὸν

2112 3054 2311 3126 ἐτόλμα
2330 3054 2631 3126 ὀνομάζειν.
2663 3056 2737 3109 Οὑ
2762 3056 2869 3126 γὰρ
2896 3052 2963 3110 αὖ
2996 3055 3229 3127 τοσαύτη
3258 3056 3405 3127 αὑτῷ
3419 3056 3688 3128 λογισμοῦ

2113 3149 2292 3220 παρῆν
2314 3149 2487 3211 ἄνοια,
2508 3148 2582 3212 ὡς
2611 3148 2779 3216 Λόγον
2808 3148 3006 3218 ὁμοίως
3022 3146 3347 3219 ἀνθρώποις,
3372 3149 3466 3200 καὶ
3494 3147 3572 3218 τῷ
3591 3149 3690 3200 ἐπὶ

2112 3240 2327 3294 πάντων
2361 3241 2557 3294 διδόναι
2587 3239 2723 3309 Θεῷ.
2770 3238 2890 3291 Οὐδ’
2918 3237 3090 3301 οὕτως
3123 3238 3327 3308 ἠλίθιος
3356 3234 3445 3309 ἦν,
3474 3239 3549 3300 ὡς
3592 3238 3689 3291 τὸν

2113 3331 2186 3403 μὴ
2210 3331 2490 3399 ὑφεστῶτα
2515 3332 2698 3400 λόγον,
2728 3329 2854 3383 Υίὸν
2870 3329 3003 3382 Θεοῦ
3025 3329 3227 3383 καλεῖν.
3252 3330 3468 3399 Διόπερ,
3494 3328 3693 3381 Σαὸέλ-

2107 3423 2219 3486 λιος
2274 3422 2367 3475 ἕνα
2424 3422 2554 3475 Θεὸν
2606 3420 2798 3485 εἰπὼν,
2851 3420 2944 3473 τὸν
3002 3420 3061 3473 δὲ
3109 3420 3235 3472 Υίὸν
3282 3420 3685 3491 ἀρνησάμενος.

2109 3514 2391 3585 ἑπομένως
2428 3516 2493 3583 τῇ
2540 3512 2686 3582 αὑτῷ
2717 3511 2931 3584 δοθείσῃ
2967 3510 3238 3575 ὑποθέσει,
3268 3510 3357 3564 τὸν
3388 3510 3545 3564 αὑτὸν
3571 3510 3693 3562 Παν-

2109 3604 2241 3673 τέρα
2263 3598 2398 3655 εἶναι
2420 3604 2511 3654 καὶ
2528 3600 2652 3653 Υἱὸν
2674 3600 2897 3669 ἔφασκε.
2917 3599 3235 3671 Μάρκελλος
3255 3599 3310 3653 δὲ
3329 3599 3458 3671 (65),
3484 3599 3693 3669 ὁμοίως

2110 3693 2303 3762 ἐκείνῳ
2327 3691 2383 3744 ἓν
2409 3692 2502 3743 καὶ
2524 3691 2719 3744 ταὺτὸν
2750 3686 2887 3743 εἶναι
2924 3689 3015 3742 τὸν
3036 3688 3188 3755 Θεὸν,
3224 3690 3316 3743 καὶ
3338 3690 3427 3742 τὸν
3454 3692 3509 3743 ὲν
3530 3689 3694 3759 αὐτῷ

2110 3778 2281 3845 Λόγον
2314 3776 2506 3840 διδοὺς,
2544 3777 2718 3847 μάτην
2747 3776 3009 3844 ἐσφάλθαι
3037 3777 3125 3829 τὸν
3150 3776 3451 3839 Σασέλλιον,
3485 3778 3603 3849 οὐχὶ
3624 3778 3691 3829 δὲ

2112 3871 2204 3922 καὶ
2230 3868 2419 3922 ἑαυτὸν
2446 3867 2711 3938 ὁμολογεῖ.
2760 3868 2829 3920 Ἦ
2880 3868 2990 3938 γὰρ
3028 3868 3273 3921 κάκεῖνον
3322 3868 3688 3939 ἀποδέχεσθαι

2111 3959 2267 4029 χρῆν,
2296 3958 2329 4028 ἢ
2362 3960 2455 4010 καὶ
2493 3955 2655 4010 αὑτὸν
2694 3957 3003 4027 μέμφεσθαι
3030 3972 3043 3985 ’
3078 3958 3111 4028 ἢ
3152 3959 3498 4030 μεμφόμενον
3534 3960 3687 4011 ἐκεῖ-

2112 4068 2224 4116 νον,
2261 4050 2359 4121 τὴν
2397 4049 2587 4118 ὁμοίαν
2620 4048 2771 4119 αύτῷ
2810 4047 3127 4113 κακοδοξίαν
3168 4050 3542 4120 ἐκτρέπεσθαι,
3581 4052 3692 4103 καὶ

2115 4138 2189 4210 μὴ
2218 4137 2651 4209 ἀνδριαντοποιοῦ
2690 4137 2845 4207 δίκην
2881 4137 3227 4191 ὑποτίθεσθαι
3269 4138 3359 4191 τὸν
3404 4138 3552 4201 Θεὸν,
3609 4143 3687 4210 τῇ

2113 4228 2303 4283 ἑαυτοῦ
2345 4229 2638 4301 ὲνθυμήσει
2666 4229 2759 4281 καὶ
2782 4227 2858 4298 τῷ
2886 4227 2999 4298 ἰδίῳ
3019 4227 3264 4300 λογισμῷ
3306 4228 3696 4301 προσδιαλεγόε

2116 4340 2294 4393 μενον,
2329 4322 2488 4374 αὑτόν
2516 4339 2574 4375 τε
2604 4321 2779 4391 ἐαυτῷ
2814 4320 3314 4393 παρακελευόμενον
3336 4322 3529 4391 λέγειν,
3558 4322 3689 4392 (66)

2116 4412 2248 4481 Ἀγε
2293 4412 2627 4481 ποιήσωμεν,
2672 4410 2772 4478 ἄγε
2818 4410 3111 4482 πλάσωμεν
3157 4410 3467 4481 ἀνδριάντα.
3523 4410 3694 4466 Οὕτω

438 4506 565 4546 vero
595 4494 686 4562 qui
726 4495 947 4556 perinde
1000 4504 1163 4565 atque
1211 4498 1297 4552 ille
1334 4499 1496 4551 Deum
1542 4513 1705 4550 unum
1758 4499 2005 4569 idemque

2116 4505 2220 4571 γὰρ
2242 4503 2335 4554 καὶ
2356 4502 2445 4554 τὸν
2456 4502 2584 4553 Θεὸν
2601 4501 2876 4572 εἰρηκέναι
2890 4501 2972 4566 τὸ,
2989 4502 3336 4571 Ποιήσωμεν
3350 4503 3691 4571 ἄνθρωπον,

436 4586 707 4640 statuebat
736 4602 858 4641 cum
895 4587 1070 4644 Verbo
1096 4605 1214 4653 suo,
1244 4590 1424 4659 inepte
1452 4601 1675 4644 accusat
1701 4590 1999 4646 Sabelliutn

435 4679 659 4744 erroris,
689 4694 909 4746 prorsus
936 4682 1036 4736 nisi
1070 4698 1129 4737 se
1153 4692 1207 4736 et
1236 4697 1447 4737 errasse
1473 4683 1724 4738 fateatur.
1756 4683 1889 4737 Natu
1924 4685 2004 4738 vel

438 4784 561 4823 cum
607 4771 840 4825 Sabellio
870 4775 1190 4842 conspirare
1242 4775 1493 4839 debebat,
1537 4775 1618 4829 vel
1648 4777 2000 4842 semetipsum

437 4863 790 4931 redarguere.
830 4875 922 4919 aut
962 4867 1007 4920 si
1060 4866 1387 4935 redarguere
1428 4866 1723 4921 Sabellium
1765 4865 1999 4929 volebat,

436 4956 678 5010 eamdem
728 4974 943 5027 pravam
980 4976 1130 5014 suam
1177 4960 1424 5013 haeresim
1468 4957 1719 5026 abjurare
1749 4974 1871 5014 eum
1912 4961 2004 5013 de-

434 5049 550 5103 cuit
588 5065 601 5101 :
646 5065 745 5105 nee
794 5051 1086 5125 admodum
1143 5052 1372 5122 alicujus
1417 5062 1611 5107 statua:
1663 5051 2001 5116 conﬂatnris,

437 5142 603 5195 Deum
643 5159 946 5213 supponere
986 5145 1399 5215 colloquentem,
1431 5160 1552 5198 cum
1584 5160 1679 5199 sua
1705 5142 1997 5197 ratiocina-

440 5237 606 5297 tione,
653 5245 708 5289 et
756 5237 918 5289 animi
977 5238 1057 5291 sui
1116 5236 1516 5307 intelligentia:
1562 5237 1846 5305 ipsumque
1901 5231 2002 5285 sibi

438 5325 539 5395 ipsi
566 5328 918 5397 imperantem
948 5330 1287 5385 introducere
1317 5332 1382 5385 ad
1418 5331 1559 5384 hunc
1600 5328 1816 5383 modum
1852 5341 1864 5376 ε
1900 5322 2003 5377 Fa-

525 5472 586 5531 ἦ(
621 5468 717 5523 Ed.
741 5468 935 5538 Paris.,
965 5487 1085 5542 pag.
1124 5472 1212 5528 80.

511 5630 621 5706 (65)
656 5631 821 5706 Vulgo
846 5634 1042 5706 ὁμοίως
1074 5635 1221 5705 αὑτῷ
1245 5646 1297 5689 et
1317 5635 1471 5688 ἁποδ.
1501 5636 1687 5706 ἐχρῆν.

511 5700 785 5777 (ϐϋλᾌγε
823 5700 1203 5773 πὸιήσιομεν.’
1228 5700 1911 5777 ιλιυειιιιιίηιιιί’ποιήσωμεν,
1951 5714 2006 5757 ιιι

442 5772 572 5827 altas
628 5774 871 5839 habetur,
918 5772 1096 5830 statim
1135 5793 1228 5846 pro
1270 5775 1568 5844 μηδέποτε,
1620 5772 1837 5832 restitue
1882 5777 2005 5829 ποτὲ

2112 4598 2235 4667 ἔφη,
2267 4595 2398 4665 μηδὲ
2411 4594 2538 4645 ποτὲ
2570 4594 2667 4664 μὲν
2686 4593 3003 4658 ἐνδιάθετον,
3029 4595 3103 4658 ὼς
3126 4593 3488 4666 ἐπ’άνθρὼπῳ
3502 4595 3690 4663 λόγον,

2114 4687 2242 4740 ποτὲ
2283 4684 2340 4737 δὲ
2366 4683 2718 4754 σημαντικὸν,
2736 4684 2810 4748 ὡς
2827 4686 2917 4737 τὸν
2952 4688 3008 4739 ἐν
3032 4688 3159 4756 ἡμῖν
3186 4685 3512 4757 προφορικὸν
3535 4726 3549 4745 .
3588 4686 3694 4738 καὶ

2114 4783 2169 4832 ἐν
2208 4778 2285 4849 τῷ
2301 4776 2420 4847 Θεῷ
2449 4776 2811 4831 ὑποτίθεσθαι.
2845 4776 3031 4830 Ταῦτα
3055 4779 3163 4848 γὰρ
3192 4777 3473 4831 Σαδελλίου
3500 4778 3693 4850 ἢΊου-

2113 4869 2278 4923 δαίων
2309 4868 2452 4931 τινὸς
2486 4866 2595 4919 τῶν
2620 4868 2709 4921 τὸν
2743 4868 2871 4920 Υἱὸν
2901 4867 2996 4919 τοῦ
3035 4866 3169 4919 Θεοῦ
3206 4867 3692 4939 ἀπαρακαλύπτως

2112 4960 2455 5032 ἀρνουμένων
2470 4958 2693 5012 ἀνεκτὸν
2716 4954 2782 5030 ἦν
2817 4958 3013 5029 μᾶλλον
3030 4956 3061 5028 ἢ
3083 4957 3405 5028 Χριστιανοῦ
3438 4958 3692 5025 λέγοντος

2112 5050 2349 5106 ἀκούειν.
2391 5051 2449 5104 '0
2470 5051 2537 5118 δ’,
2557 5050 2743 5121 ὥσπερ
2764 5049 3299 5119 ὲγκαλλωπιζόμενος
3326 5051 3392 5119 τῇ
3421 5049 3689 5120 Ἰουδαϊκῇ

2110 5142 2442 5214 διδασκαλίᾳ,
2470 5145 2534 5213 τῇ
2560 5142 2855 5213 Ἐκκλησία
2881 5140 3115 5212 Χριστοῦ
3146 5142 3273 5210 περὶ
3314 5141 3413 5220 τοῦ
3449 5141 3521 5210 μὴ
3549 5136 3695 5194 εἶναι

2109 5235 2200 5287 τὸν
2234 5235 2359 5287 Υίὸν
2400 5234 2495 5287 τοῦ
2537 5233 2691 5298 Θεοῦ,
2740 5233 2800 5285 τὸ
2846 5232 3101 5296 δυσσεϐὲς
3160 5234 3309 5284 τουτὶ
3372 5231 3464 5283 καὶ
3527 5229 3689 5282 ἄθεον

2114 5326 2320 5394 εἰσάγει
2354 5327 2550 5397 δόγμα,
2584 5325 2691 5396 πρὸ
2727 5324 2820 5376 τοῦ
2863 5324 2954 5377 τὸν
2990 5324 3189 5394 κόσμον
3232 5321 3484 5391 γενέσθαι
3520 5319 3687 5390 μηδὲν

2119 5633 2238 5703 μέν.
2281 5631 2349 5684 Μ.
2373 5662 2441 5670 -
2460 5628 2627 5709 Vulgo
2659 5645 2817 5709 supra
2853 5629 3198 5707 πλάσσωμεν.
3225 5626 3340 5709 illo:
3368 5624 3540 5709 vulgo‘

2115 5697 2178 5775 δὴ
2205 5720 2333 5817 σηέι.
2387 5710 2440 5753 et
2474 5700 2624 5754 ὲκκλ.
2658 5700 2749 5753 τοῦ
2782 5718 2866 5775 χρ.
2903 5711 2951 5757 et
2984 5697 3088 5751 τοῦ
3111 5697 3423 5767 ποιηθέντος
3460 5697 3602 5763 αὐτῷ
3629 5706 3691 5748 ει

2118 5792 2189 5817 τα
2201 5790 2262 5817 na
2282 5770 2623 5817 ,εδειγιιένονΔ

2118 5770 2191 5827 πα
2201 5770 2439 5837 ραδεδειγ
2447 5770 2623 5838 μένον.
