3970 6552
1275 429 1362 484 DE
1409 426 1947 485 ECCLESIASTICA
1989 425 2385 484 THEOLOGIA
2425 427 2550 484 LIB.
2593 427 2632 486 Ι.

3480 432 3584 485 διε

314 544 502 615 ἕτερον
536 542 675 601 εἶναι
712 549 850 620 πλὴν
882 550 1016 603 Θεοῦ
1053 551 1236 622 μόνου,
1265 551 1330 604 δι’
1362 551 1482 604 ὅλου
1511 548 1604 602 τοῦ
1642 549 1881 620 πονηθέν·

2004 549 2212 604 ciamus
2242 548 2492 616 agedum,
2536 550 2763 617 agedum
2801 550 3086 622 tingamus,
3144 565 3246 619 age
3277 550 3505 607 conIlem
3521 565 3585 603 us

313 654 406 699 τος
423 638 574 708 αὐτῷ
600 641 1028 713 συγγράμματος
1049 643 1491 707 κατασκευάζων,
1515 642 1580 694 ἵν’
1597 642 1894 714 ἀποκλείσῃ

312 729 389 798 τῷ
433 731 548 802 Υξῷ
592 731 689 803 τὴν
742 734 993 805 πάροδον.
1040 736 1200 789 Ἀλλὰ
1229 737 1323 788 καὶ
1357 734 1676 804 σεμνύνεται
1710 734 1892 804 αὐχῶν

311 822 409 874 ἕνα
465 822 598 877 Θεὸν
645 824 859 900 εἰδέναι·
911 827 987 890 ὡς
1043 827 1162 897 οὐχ).
1214 828 1307 880 καὶ
1335 827 1492 897 ἡμῶν
1517 826 1674 880 τοῦτο
1705 826 1891 894 λεγόν-

309 931 440 975 των,
473 914 566 967 τὸν
593 915 721 970 Υξὸν
768 917 860 971 τοῦ
891 918 1024 971 Θεοῦ
1060 918 1273 988 ἀληθῶς
1312 917 1440 970 Υἱὸν
1486 914 1625 971 εἶναι
1655 917 1891 989 παραδε-

309 1005 633 1076 δειγμένων,
672 1012 801 1080 παρ’
820 1010 981 1063 αὐτοῦ
997 1028 1056 1063 τε
1073 1010 1474 1081 μεμαθηκότων
1493 1011 1588 1063 ἕνα
1605 1010 1889 1081 γνωρίζειν

307 1097 466 1162 Θεὸν,
501 1101 661 1154 αὐτόν
693 1119 751 1154 τε
776 1097 912 1156 εἶναι
936 1103 1068 1156 Θεὸν
1101 1104 1234 1174 ὁμοῦ
1258 1106 1352 1158 καὶ
1376 1103 1596 1175 Πατέρα
1615 1101 1728 1172 (67)
1758 1102 1886 1154 Υἱοῦ

305 1190 404 1242 τοῦ
439 1192 783 1261 μονογενοῦς,
812 1196 1004 1249 ἑαυτοῦ
1019 1197 1389 1268 δηλαδὴιῦντος
1403 1195 1616 1267 ἀληθῶς
1631 1195 1760 1247 Υἱοῦ
1785 1193 1889 1266 πρὸ

306 1281 530 1336 πάντων
560 1283 769 1337 αἰώνων
805 1284 864 1350 ἐξ
899 1287 1063 1340 αὑτοῦ
1089 1288 1479 1358 γεγενημένου,
1505 1287 1600 1338 καὶ
1627 1286 1688 1339 οὐ
1729 1285 1886 1356 μόνον

303 1372 484 1442 Λόγου
528 1374 864 1446 κεκλημένου
916 1378 1022 1450 πρὸ
1053 1379 1150 1449 τῆς
1191 1378 1505 1449 ἀναλήψεως
1535 1377 1634 1447 τῆς
1664 1377 1885 1448 σαρκὸς,

303 1466 445 1536 ὅπερ
473 1467 501 1517 ό
531 1470 776 1535 γενναῖος
817 1468 1133 1540 διορίζεται,
1184 1469 1318 1522 ἀλλά
1357 1469 1451 1521 καὶ
1495 1468 1667 1539 μυρία
1699 1467 1883 1537 ἔτερα,

2002 649 2258 694 statuam.
2292 640 2366 692 Ita
2399 641 2542 693 enim
2573 643 2830 709 supponit
2868 643 3031 696 Deum
3077 641 3366 712 aliquand’o
3395 646 3573 714 prolo-

2001 740 2204 792 cutum,
2239 727 2526 782 Faciamus
2557 731 2816 784 hominem
2845 733 2910 786 ".
2938 732 3211 802 Nusquam
3235 744 3387 789 certe
3421 742 3576 788 vocat

1999 822 2233 876 Verbum
2271 823 2416 875 intus
2444 823 2816 888 constitutum,
2847 829 3115 892 quomodo
3149 825 3298 894 loqui
3333 840 3450 879 mos
3483 835 3575 878 est

1998 915 2049 967 in
2087 915 2366 967 humanis:
2394 925 2449 967 at
2486 915 2755 968 interdum
2797 927 2950 970 vocat
2986 919 3359 981 indicativum,
3401 918 3573 972 simil-

1995 1009 2180 1062 limum
2215 1018 2401 1062 nostro
2431 1011 2594 1063 verbo
2618 1009 2910 1080 prolatitio.
2943 1011 3096 1065 Esset
3121 1011 3224 1066 hoc
3255 1012 3307 1064 in
3337 1010 3574 1065 Sabellio

1995 1102 2213 1168 quidem
2291 1102 2611 1156 tolerabile:
2643 1103 2727 1156 vel
2773 1103 2823 1157 in
2857 1102 3166 1158 Judmorum
3234 1104 3416 1172 aliquo
3478 1102 3572 1172 qui

1993 1195 2109 1248 sine
2141 1194 2589 1262 tergiversatione
2620 1196 2796 1264 aliqua
2835 1195 3026 1249 Filium
3052 1195 3149 1260 Dei
3177 1205 3572 1266 pernegaturus

1991 1295 2134 1339 esset
2171 1307 2185 1340 :
2223 1297 2277 1338 at
2311 1287 2432 1355 quis
2469 1288 2583 1341 haec
2613 1288 2881 1341 dicentem
2909 1286 3279 1342 Christianum
3306 1287 3478 1342 ferat?
3504 1288 3574 1342 At

1993 1377 2084 1432 ille
2131 1378 2290 1432 veluti
2329 1381 2419 1448 qui
2475 1380 2800 1451 gloriaretur
2849 1381 2915 1435 de
2962 1379 3279 1443 .Iudaismo,
3343 1381 3570 1450 impium

1993 1471 2186 1541 dogma
2225 1482 2387 1538 atque
2426 1473 2648 1526 atheum
2691 1472 2988 1526 introducit
3039 1472 3089 1525 in
3133 1470 3450 1535 Ecclesiam,
3485 1471 3573 1524 Fi-

301 1559 330 1610 ό
349 1558 408 1610 δὲ
443 1557 550 1611 κᾶν
580 1559 773 1630 τούτῳ,
803 1561 901 1631 τῆς
923 1560 1075 1625 θείας
1094 1562 1320 1633 Γραφῆς
1347 1561 1760 1631 καταψεύδεται,
1780 1562 1881 1633 πρὸ

1994 1563 2122 1617 lium
2150 1564 2242 1619 Dei
2267 1566 2579 1633 neutiquam
2612 1566 2907 1630 exstitisse,
2955 1576 3082 1618 ante
3127 1563 3311 1617 mundi
3365 1563 3569 1632 produ-

301 1651 404 1721 τῆς
463 1653 730 1724 ὲνσάρκου
789 1655 1092 1725 παρουσίας
1145 1656 1308 1728 μηδὲν
1347 1655 1533 1729 ἕτερον
1589 1655 1881 1728 κεκλῆσθαι

1993 1654 2223 1709 ctionem
2255 1676 2268 1710 :
2303 1672 2423 1709 cum
2451 1657 2568 1710 solo
2599 1657 2705 1710 Deo
2737 1668 2964 1725 excepto
2997 1656 3128 1710 nihil
3153 1656 3311 1726 plane
3335 1663 3572 1709 exstaret

302 1745 468 1798 αὑτὸν
491 1745 977 1818 ἀπισχυριζόμενος
1004 1747 1036 1816 ἢ
1060 1747 1247 1815 Λόγον.

1993 1747 2110 1800 ibi:
2157 1749 2366 1817 hocque
2417 1749 2590 1818 ipsum
2641 1748 3016 1813 constabilire,
3057 1764 3155 1820 per
3201 1747 3392 1816 scripti
3424 1747 3572 1801 illius

304 1839 388 1892 sui
421 1854 734 1908 processum
764 1850 994 1894 conatur
1029 1841 1342 1896 universum
1376 1859 1390 1896 :
1431 1842 1482 1895 in
1513 1857 1634 1897 eum
1688 1842 1874 1906 Iluem,
1910 1850 1968 1896 ut
2000 1841 2138 1897 Filio
2204 1859 2421 1897 omnem
2488 1845 2692 1900 aditum
2727 1845 2794 1898 ad
2840 1843 3251 1898 subsistentiam
3304 1841 3570 1896 interclu-

302 1937 418 1989 dat.
459 1933 564 1990 Sed
597 1945 650 1991 et
679 1936 900 2007 inSIIper
932 1939 1282 1994 vehementer
1315 1939 1594 2008 gloriatur,
1630 1954 1688 1994 se
1719 1955 1882 1993 unum
1925 1941 2299 1994 tantummodo
2345 1942 2508 1994 Deum
2581 1956 2910 2012 agnoscere:
2975 1942 3132 2010 quasi
3168 1942 3268 1995 hoc
3314 1956 3411 1994 nos
3462 1956 3571 1992 non

302 2029 689 2084 conﬁteremur
719 2047 841 2086 cum
867 2032 980 2098 illo,
1012 2034 1102 2102 qui
1134 2043 1310 2088 tamen
1346 2033 1435 2087 Dei
1468 2050 1652 2088 revera
1683 2034 1880 2088 Filium
1921 2049 2044 2090 esse
2096 2036 2429 2104 accepimus,
2478 2046 2532 2090 et
2590 2036 2658 2090 ab
2699 2037 2926 2104 ipsomet
2967 2037 3132 2089 etiam
3196 2035 3336 2089 Filio
3401 2051 3575 2093 unum

302 2124 472 2179 Deum
506 2140 804 2196 agnoscere
839 2128 1016 2182 edocti
1056 2128 1278 2192 fuimus,
1311 2129 1595 2199 ipsumque
1630 2130 1795 2184 Deum
1817 2144 1937 2186 esse
1977 2131 2138 2186 simul
2159 2142 2322 2200 atque
2343 2130 2554 2185 Patrem
2584 2131 2705 2185 Filii
2731 2132 3021 2201 unigeniti,
3051 2133 3134 2185 sui
3159 2131 3567 2200 nempeipsius,

299 2219 394 2286 qui
431 2234 527 2273 nos
565 2220 644 2274 sic
669 2221 872 2286 docuit,
915 2223 1005 2293 qui
1057 2239 1181 2280 vere
1220 2223 1385 2278 Filius
1425 2225 1724 2280 exsistebat
1749 2237 1876 2278 ante
1922 2226 2104 2280 omnia
2147 2226 2366 2290 saecula,
2411 2228 2476 2281 de
2507 2226 2604 2282 illo
2656 2227 2818 2281 Patre
2875 2227 3108 2296 genitus,
3137 2241 3295 2296 quem
3334 2241 3437 2280 non
3475 2241 3565 2279 so-

299 2314 410 2367 lum
456 2314 692 2370 Verbum
765 2319 1088 2388 compellare
1137 2318 1376 2374 solemus
1407 2362 1422 2385 ,
1476 2320 1639 2375 etiam
1677 2329 1802 2375 ante
1844 2332 2152 2391 susceptam
2179 2336 2419 2387 carnem,
2456 2323 2532 2374 uti
2564 2321 2712 2374 illum
2759 2318 3162 2375 circumscribit
3227 2319 3402 2374 bonus
3464 2319 3574 2380 iste

297 2413 404 2477 vir,
441 2411 535 2466 sed
569 2412 748 2467 multis
777 2412 895 2468 aliis
929 2415 1242 2470 nominibus
1270 2455 1284 2478 ,
1340 2417 1431 2484 qui
1499 2416 1601 2470 hoc
1660 2415 1774 2484 ipso
1826 2415 2090 2470 mendacii
2153 2415 2400 2487 coarguit
2427 2415 2788 2484 Scriptorum,
2835 2415 2961 2468 dum
3015 2413 3389 2468 vehementius
3423 2427 3569 2467 asse-

294 2515 454 2559 verat
507 2505 655 2560 illum
705 2506 849 2562 nullo
881 2507 986 2562 alio
1034 2508 1254 2568 nomine
1311 2507 1584 2563 exstitisse
1615 2517 1824 2575 notum,
1858 2517 1986 2562 ante
2017 2523 2170 2561 suam
2205 2508 2660 2562 incarnationem.

939 2603 1094 2656 ΚΕΦ.
1138 2605 1246 2668 ΠΡ.

2523 2609 2580 2666 ἧς
2611 2599 2763 2656 CAP.
2818 2599 2998 2654 XVIII.

293 2691 499 2765 Ὄξτως
545 2691 659 2759 πρὸ
707 2691 820 2765 ξ’ἧς
869 2694 1376 2765 ἑνανθρωπήσεως
1446 2693 1640 2765 οῠδὲνᾲ
1675 2695 1881 2762 ἕτερον

1993 2695 2143 2764 Quod
2172 2695 2389 2765 afﬁrmet
2440 2692 2789 2765 Filiumame
2817 2699 3145 2765 assumptam
3186 2705 3402 2765 carnem,
3437 2690 3569 2765 nihil

364 2758 961 2834 ξφιισκένᾷεἷναιτιῖν
1008 2758 1144 2834 flor
1168 2758 1449 2834 ἥΛότὸν,
1495 2763 1656 2830 αὐτῷ
1690 2758 1881 2834 μόθον

1993 2758 2026 2764 ’⁷
2053 2758 2272 2833 prorsa:
2308 2763 2457 2816 aliud
2488 2763 2746 2816 exstitisse
2768 2777 2928 2829 quam
2981 2758 3224 2821 Verbum,
3259 2760 3563 2814 consimilli-

363 2831 575 2901 ὅμοιον
602 2832 680 2898 τῷ
707 2833 842 2902 παρ’
867 2831 1217 2903 ἀνθρώποις.

377 2923 713 2974 Ἐπάκουσον
761 2921 912 2990 γοῦν,
955 2923 1030 2985 ὼς
1067 2915 1501 2987 διαϐεϐαιοῦται,
1550 2922 1737 2984 αὐτοῖς
1783 2920 1882 2992 ρή-

296 3030 432 3085 μασι
483 3013 670 3068 τοῦτον
710 3015 937 3086 γράφων
978 3014 1069 3068 τὸν
1109 3015 1341 3087 τρόπον·
1398 3034 1416 3067 ι
1465 3015 1626 3068 Ὥστε
1675 3029 1881 3066 παντα-

298 3130 317 3161 ι
367 3109 525 3180 χόθεν
559 3108 668 3179 (68)
708 3110 822 3162 ἐστὶ
863 3108 1044 3179 δῆλον,
1079 3110 1242 3180 μηδὲν
1276 3109 1462 3180 ἕτερον
1503 3110 1568 3180 τῇ
1617 3107 1880 3178 ἁῖδιότητι

300 3221 317 3250 ι
365 3199 460 3252 τοῦ
485 3198 656 3267 Λόγου
687 3198 978 3270 ἁρμόττειν
1004 3197 1193 3269 ὄνομα,
1233 3198 1264 3268 ἢ
1294 3197 1462 3264 τοῦθ’,
1495 3198 1630 3268 ὅπερ
1654 3199 1682 3250 ό
1713 3195 1884 3264 ἁγιώ-

296 3314 316 3345 ι
365 3309 525 3354 τατος
558 3290 652 3344 τοῦ
685 3290 819 3343 Θεοῦ
865 3290 1112 3361 μαθητὴς
1150 3289 1244 3342 καὶ
1277 3288 1572 3351 ἀπόστολος
1607 3287 1878 3359 Ἰωάννης,

295 3406 316 3437 ο
366 3388 425 3437 ὲν
477 3386 616 3455 ἀρχῇ
667 3383 760 3436 τοῦ
816 3381 1149 3450 Εὑαγγελίου
1200 3381 1442 3455 εἴρηκεν.
1500 3379 1718 3451 Ἐπειδὴ
1773 3378 1879 3450 γὰρ

298 3499 314 3528 ι
372 3477 510 3546 μετά
556 3475 654 3547 τὴν
699 3475 800 3546 τῆς
856 3475 1055 3546 σαρκὸς
1095 3474 1358 3545 ἀνάληψιν
1406 3473 1642 3545 Χριστός
1687 3489 1747 3525 τε
1790 3471 1881 3524 καὶ

294 3588 312 3618 ‹
379 3567 584 3638 Ἰησοῦς
612 3565 958 3638 κηρύττεται,
989 3565 1100 3636 ζωή
1135 3583 1192 3618 τε
1229 3566 1321 3618 καὶ
1360 3565 1509 3630 ὁδὸς,
1566 3565 1660 3617 καὶ
1701 3564 1882 3636 ἡμέρα

297 3677 316 3708 ι
370 3660 462 3710 καὶ
495 3659 824 3724 ἀνάστασις,
871 3657 966 3710 καὶ
1016 3655 1154 3726 θύρα
1219 3656 1313 3709 καὶ
1359 3655 1559 3727 ἄρτος,
1607 3655 1702 3707 καὶ
1749 3655 1802 3708 εἴ
1825 3672 1879 3708 τι

296 3769 314 3800 ι
366 3739 552 3820 ἕτερον
609 3749 714 3803 ὑπὸ
775 3748 886 3802 τῶν
934 3748 1092 3801 θείων
1140 3747 1455 3819 ὀνομάζοιτο
1511 3747 1761 3818 Γραφῶν,
1818 3747 1878 3800 οὐ

296 3863 314 3894 ι
371 3843 520 3914 παρά
576 3842 732 3896 τοῦτο
775 3843 988 3912 ἀγνοεῖν
1042 3843 1188 3913 ἡμᾶς
1237 3842 1502 3910 προσήκει
1560 3840 1621 3892 τὸ
1667 3839 1881 3910 πρῶτον

2059 2852 2201 2889 mum
2225 2835 2457 2887 humano
2487 2836 2662 2886 verba.

2056 2928 2192 2982 Audi
2215 2938 2397 2981 autem
2416 2926 2687 2996 quomodo
2703 2925 2805 2978 hoc
2825 2923 2998 2994 ipsum
3019 2921 3232 2982 doceat,
3255 2922 3381 2975 dum
3401 2920 3571 2976 diser—

1985 3018 2055 3074 tis
2079 3018 2296 3088 quidem
2325 3015 2595 3071 verbisita
2631 3015 2822 3070 scribit
2851 3013 2942 3087 [Β.
2965 3012 3236 3086 XXXVII}
3261 3029 3305 3066 τι
3328 3013 3477 3066 Adeo
3510 3021 3569 3066 ut

1989 3127 2009 3161 ι
2054 3109 2209 3180 plane
2231 3110 2377 3163 omni
2397 3109 2558 3162 modo
2589 3108 2936 3163 manifestum
2964 3108 3146 3173 fuerit,
3167 3106 3371 3162 nullum
3402 3106 3567 3160 alium

1989 3217 2008 3249 ι
2052 3212 2246 3254 nomen
2273 3198 2558 3252 azteruitati
2582 3196 2740 3252 Verbi
2759 3199 3144 3253 convenienter
3165 3197 3565 3260 ascribendum,

1989 3311 2006 3342 ι
2049 3307 2208 3361 quam
2236 3291 2338 3346 hoc
2364 3290 2561 3361 ipsum,
2586 3291 2728 3360 quod
2759 3306 2787 3344 a
2820 3290 3164 3346 sanctissimo
3200 3289 3292 3344 Dei
3319 3289 3570 3358 apostolo

1989 3401 2007 3434 ι
2051 3393 2105 3438 et
2134 3383 2402 3451 discipulo
2446 3382 2677 3449 Joanne,
2730 3384 2781 3436 in
2823 3382 3345 3453 priueipio‘ponitur
3383 3379 3565 3434 Evan-

1990 3496 2007 3527 ι
2049 3475 2193 3546 gelii.
2260 3475 2540 3546 Siquidem
2595 3477 2660 3541 is,
2721 3486 2842 3544 post
2898 3484 3229 3545 assumptam
3296 3487 3563 3536 carnem,

1990 3588 2010 3621 ι
2048 3569 2295 3624 Christus
2334 3577 2388 3623 et
2412 3567 3175 3638 lesuSprzedicatur,vitaque
3199 3575 3255 3620 et
3285 3565 3393 3629 via,
3426 3565 3560 3628 dies.

1990 3681 2007 3712 ι
2055 3662 2404 3725 resurrectio,
2441 3661 2664 3726 ostium,
2696 3660 2872 3730 panis,
2909 3669 2962 3716 et
2995 3674 3114 3730 qua:
3137 3668 3335 3715 caetera
3365 3657 3439 3712 illi
3469 3671 3566 3712 no-
3602 3731 3604 3734 τ

1990 3772 2007 3803 ι
2056 3755 2196 3808 mina
2257 3754 2310 3808 itt
2370 3753 2670 3823 Scripturis
2737 3752 3106 3807 sacrosanctis
3167 3751 3559 3811 ascribuutur,

1991 3865 2009 3897 ι
2057 3857 2235 3901 tamen
2276 3864 2382 3902 non
2414 3848 2672 3901 debemus
2716 3849 2988 3916 ignorare,
3023 3845 3166 3914 quod
3211 3843 3462 3913 princeps
3489 3841 3563 3896 illi

298 3959 317 3989 ι
369 3939 560 4006 ὄνομα,
595 3936 675 3989 ὅτι
714 3935 887 4004 Λόγος
930 3933 1038 4004 (69)
1083 3929 1174 4005 ἦν.
1219 3932 1316 3985 Διά
1346 3933 1504 3985 τοῦτο
1550 3930 1679 4002 γὰρ,
1714 3930 1808 3984 καὶ
1857 3933 1881 3983 ό

1993 3957 2010 3988 ι
2057 3952 2249 3993 nomen
2303 3935 2537 3990 Verbum
2591 3936 2786 3992 fuerat.
2820 3934 2900 3991 0b
2952 3936 3090 4014 hanc
3123 3934 3295 4002 ipsam
3344 3946 3564 3986 causam

295 4050 314 4081 ι
364 4030 666 4100 ἀγιώτατος
707 4027 1097 4098 εὐαγγελιστὴς
1127 4027 1220 4080 καὶ
1257 4024 1501 4096 μαθητὴς
1524 4024 1616 4078 τοῦ
1646 4022 1872 4094 Κυρίου,

293 4144 313 4176 ι
367 4122 567 4194 σφόδρα
602 4120 919 4193 ἐγρηγορὼς
949 4120 1028 4192 τῷ
1060 4119 1350 4190 πνεύματι,
1380 4117 1477 4188 τῆς
1512 4116 1715 4171 ἀνωθεν
1752 4133 1880 4186 μνη·

293 4238 312 4268 ι
367 4202 605 4288 μονεύων
639 4215 846 4286 ἀρχῆς,
889 4214 982 4266 καὶ
1038 4211 1262 4283 μηδενὸς
1300 4210 1412 4282 (70)
1457 4208 1744 4280 νεωτέρου,
1783 4208 1879 4259 Ἐν

293 4329 312 4360 ι
364 4307 520 4377 ἀρχῇ
560 4303 639 4377 ἦν
665 4309 697 4360 ὀ
735 4307 944 4377 Λόγος,
990 4303 1114 4375 ἔφη,
1159 4302 1256 4356 καὶ
1297 4305 1330 4355 ό
1368 4302 1557 4370 Λόγος
1605 4295 1686 4367 ἦν
1729 4295 1878 4366 πρὸς

294 4422 312 4452 ι
363 4399 470 4454 τὸν
506 4397 675 4463 Θεὸν,
704 4398 800 4451 καὶ
843 4396 986 4463 Θεὸς
1022 4393 1101 4466 ἦν
1136 4398 1168 4448 ό
1197 4396 1406 4463 Λόγος,
1442 4393 1530 4445 ἴνα
1558 4391 1707 4463 δείξῃ
1741 4389 1794 4442 εἴ
1821 4407 1875 4442 τι

294 4513 313 4539 ι
364 4491 548 4556 καινὸν
574 4492 667 4545 καὶ
706 4489 967 4561 νεώτερον
994 4488 1185 4557 ὄνομα,
1217 4486 1358 4539 τοῦτ’
1397 4484 1505 4538 ἀπὸ
1539 4483 1636 4554 τῆς
1685 4483 1876 4552 καινῆς

293 4607 313 4640 ι
364 4585 512 4657 αὑτῷ
557 4585 653 4638 καὶ
692 4583 820 4646 νέας
848 4580 1055 4652 ὑπῆρξε
1089 4577 1231 4642 κατά
1277 4578 1453 4648 σάρκα
1495 4575 1824 4645 οἰκονομίας.
1852 4593 1870 4624 r

289 4680 402 4734 Καὶ
435 4677 562 4755 ἑξῆς
610 4675 881 4744 ἐπιλέγει·
925 4693 942 4724 ι
973 4671 1202 4733 Οὐκοῦν,
1248 4669 1354 4741 πρὸ
1400 4668 1499 4739 μὲν
1541 4665 1636 4719 τοῦ
1685 4664 1879 4718 κατελ-

294 4794 314 4827 c
363 4752 491 4827 θεῖν.
527 4770 622 4825 καὶ
673 4769 759 4822 διὰ
806 4768 904 4838 τῆς
942 4765 1217 4836 Παρθένου
1260 4761 1551 4833 τεχθῆναι,
1599 4759 1770 4827 Λόγος
1809 4752 1875 4827 ἦν

280 4889 298 4918 ο
365 4866 545 4938 μόνον.
586 4864 761 4937 Ἐπεὶ,
792 4862 845 4913 τί
875 4860 987 4931 (7|)
1022 4860 1208 4929 ἕτερον
1239 4852 1329 4926 ἦν,
1364 4855 1469 4925 πρὸ
1500 4853 1594 4905 τοῦ
1641 4851 1740 4922 τὴν
1781 4852 1873 4903 ἁν-

281 4983 298 5011 ι
363 4958 645 5029 θρωπίνην
669 4955 957 5010 ἀναλαϐεῖν
985 4954 1164 5024 σάρκα
1194 4950 1256 5002 τὸ
1293 4945 1550 5000 κατελθὸν
1582 4945 1667 4998 ἐπ’
1710 4942 1873 5014 ἐσχά-

281 5078 297 5105 ς
361 5071 471 5108 των
500 5051 607 5104 τῶν
649 5048 908 5121 ήμερῶν;
951 5046 1025 5109 ὼς
1067 5044 1160 5097 καὶ
1195 5041 1356 5103 αὐτὸς
1400 5037 1627 5110 ἔγραφε.
1675 5036 1784 5088 Καὶ
1815 5034 1876 5087 τὸ

280 5168 298 5197 ι
357 5144 620 5216 γεννηθὲν
647 5145 712 5195 ὲιι
761 5141 859 5211 τῆς
905 5137 1065 5207 ἁγίας
1098 5135 1395 5207 Παρθένου,
1437 5132 1588 5184 οὐδὲν
1619 5129 1805 5200 ἕτερον
1840 5128 1872 5198 ἢ

281 5263 298 5292 ς
366 5239 601 5307 Λόγος.»
655 5234 766 5287 Καὶ
811 5232 973 5286 πάλιν
1025 5228 1307 5299 ἐπιφέρειο
1365 5245 1382 5276 ι
1418 5223 1688 5294 Πρότερον
1745 5221 1872 5293 γὰρ,

280 5348 299 5379 1
362 5327 554 5398 ὥσπερ
600 5323 857 5385 πολλάκις
891 5321 1047 5391 ἔφην,
1074 5318 1225 5372 οὐδὲν
1255 5317 1438 5387 ἕτερον
1469 5310 1536 5386 ἦν
1571 5313 1604 5383 ἢ
1635 5312 1822 5380 Λόγος.
1849 5331 1867 5363 ι

1987 4045 2004 4077 ι
2048 4026 2422 4080 sanctissimus
2463 4025 2793 4094 evangelista
2850 4033 2904 4078 et
2968 4022 3262 4091 discipulus
3313 4019 3560 4082 Domini,

1990 4136 2013 4170 ο,
2055 4116 2205 4170 valde
2232 4117 2449 4185 quidem
2478 4117 2564 4169 ille
2589 4117 2779 4184 spiritu
2812 4116 3071 4184 vigilans,
3103 4114 3192 4166 ubi
3219 4111 3384 4173 illius,
3415 4109 3561 4179 quod

1989 4230 2010 4262 ι
2045 4221 2162 4264 erat
2186 4209 2253 4262 ab
2283 4210 2428 4264 omni
2461 4219 2610 4263 retro
2643 4209 2948 4262 aeternitate
2985 4207 3238 4276 principii
3284 4203 3556 4266 meminit,

1988 4321 2006 4352 ι
2054 4315 2151 4355 nec
2180 4300 2405 4360 inferius
2432 4301 2790 4364 descendens,
2830 4299 2898 4354 1η
2931 4297 3211 4368 principio,
3249 4297 3406 4360 dixit,
3446 4304 3559 4349 erat

1987 4411 2005 4444 ι
2056 4390 2275 4454 Verbum
2301 4407 2319 4456 ξ
2349 4402 2399 4444 et
2452 4390 2672 4445 Verbum
2735 4401 2846 4444 erat
2887 4390 3027 4458 apud
3068 4389 3235 4442 Deum
3263 4405 3281 4439 :
3320 4397 3366 4442 et
3419 4387 3556 4440 Deus

1986 4505 2002 4535 ι
2039 4495 2150 4548 erat
2198 4483 2332 4538 illud
2385 4483 2612 4540 Verbum
2629 4484 2696 4547 ⁷⁸,
2754 4493 2810 4536 ut
2841 4484 2919 4537 sic
2959 4480 3297 4545 ostenderet,
3335 4481 3379 4534 si
3411 4479 3556 4548 quod

1987 4596 2004 4628 ι
2045 4577 2190 4630 aliud
2217 4577 2283 4631 de
2306 4591 2443 4630 novo
2467 4586 2521 4630 et
2544 4576 2803 4630 novitium
2835 4575 2910 4628 illi
2945 4573 3308 4642 adaptabatur
3335 4587 3555 4636 nomen,

1985 4688 2004 4720 ι
2049 4670 2175 4722 illud
2200 4669 2249 4723 ei
2283 4668 2599 4740 accessisse,
2634 4683 2662 4720 a
2697 4682 2832 4720 nova
2865 4665 2953 4718 illa
2983 4680 3080 4718 sua
3113 4662 3409 4718 secundum
3434 4677 3558 4716 car-

1986 4780 2002 4812 ι
2048 4777 2167 4814 neut
2193 4760 2616 4830 dispensatione.
2668 4777 2688 4810 ι
2722 4755 2931 4824 Quibus
2958 4755 3209 4822 adjunxit
3236 4755 3289 4809 in
3324 4769 3558 4823 sequen-

1981 4854 2159 4907 tibus:
2199 4871 2216 4905 ι
2255 4853 2522 4922 Quocirca
2552 4851 2866 4922 priusquam
2889 4849 2996 4904 huc
3024 4848 3092 4902 ad
3131 4864 3230 4902 nos
3259 4847 3553 4903 descende-

1987 4965 2004 4996 ι
2049 4952 2150 5010 ret,
2184 4955 2238 4999 et
2283 4947 2348 4999 de
2400 4945 2616 5014 Virgine
2658 4952 2992 5008 nasceretur,
3021 4940 3251 5001 Verbum
3287 4954 3386 4993 nec
3421 4953 3558 5006 prae-

1983 5059 2002 5090 ι
2044 5052 2185 5092 terea
2218 5038 2507 5108 quidquam
2534 5038 2652 5093 fuit.
2680 5038 2814 5093 Nam
2842 5037 2968 5108 quid
3007 5044 3122 5088 erat
3145 5033 3318 5095 aliud,
3347 5045 3557 5098 quaeso,

1983 5151 2000 5181 ι
2047 5131 2355 5199 priusquam
2395 5131 2680 5183 humanam
2731 5139 3030 5184 assumeret
3065 5139 3304 5184 carnem,
3334 5122 3382 5174 id
3413 5121 3559 5189 quod

1983 5242 2001 5273 ε
2045 5224 2319 5278 descendit
2349 5224 2401 5276 in
2427 5223 2734 5277 novissimis
2766 5221 2991 5276 diebus?
3017 5217 3156 5288 quod
3192 5225 3242 5268 et
3280 5214 3452 5277 ipsum
3492 5211 3559 5266 ab

1985 5333 2003 5366 ι
2043 5331 2110 5370 eo
2143 5316 2401 5384 scriptum
2427 5312 2743 5368 allirmatur.
2773 5313 3077 5375 Enimvero,
3108 5305 3247 5376 quod
3274 5306 3339 5359 de
3370 5313 3558 5356 sancta

373 5475 434 5533 »Β
473 5469 571 5526 Ed.
597 5466 940 5535 Paris.,pag.
963 5462 1051 5519 8|.
1103 5462 1146 5493 ⁷⁷
1181 5460 1321 5533 Gen.
1355 5477 1398 5525 ι,
1429 5456 1519 5511 26.
1595 5454 1640 5486 "‘
1667 5451 1825 5508 Joan.
1851 5467 1890 5519 ι,
1924 5453 1976 5508 1.

368 5635 484 5703 (6⁵1)
528 5632 635 5687 Kal
667 5631 804 5703 Υἱόν
825 5627 1214 5703 μονογενοῇς.
1266 5623 1438 5703 Patct_
1477 5621 1760 5703 legendum
1788 5620 1876 5702 (ex

298 5691 614 5761 coddfdedi
642 5691 864 5772 Πατέρα
895 5691 1026 5772 Tini}
1060 5697 1152 5772 τοῦ
1180 5714 1296 5767 μον.
1333 5705 1381 5759 et
1408 5693 1577 5772 delevi
1621 5706 1744 5772 mox
1767 5691 1877 5742 τῶν

1158 5762 1497 5838 μονογενοῦς.
1544 5762 1734 5838 Statim
1767 5776 1879 5838 _t_'e-

300 5785 428 5830 ante
459 5773 690 5841 αἰώνων)
722 5769 942 5842 Πατέρα
971 5769 1100 5842 Υἱοῦ

297 5827 499 5907 scribe,
532 5846 618 5898 ὅδε
645 5827 751 5897 κ’ἂν
770 5827 951 5910 τούτῳ
980 5839 1082 5908 [sic
1113 5827 1169 5895 et
1195 5827 1384 5905 ροιίίίι,
1413 5827 1570 5904 volgo
1592 5827 1738 5888 ὦδεΊ.
1767 5830 1838 5886 Μ.

374 5915 484 5987 (68)
518 5915 683 5986 Vulgo
717 5915 830 5967 ἐστὶ
856 5911 1034 5982 δῆλον.

2051 5625 2164 5694 (69)
2190 5624 2359 5691 Vulgo
2390 5622 2485 5675 ὢν.

2054 5680 2164 5765 (70)
2192 5680 2320 5748 Post
2347 5699 2396 5746 h.
2434 5709 2481 5744 v.
2514 5692 2579 5744 Il.
2605 5690 2864 5759 ὀνόματος
2880 5685 3122 5758 ἐμνήσθη
3140 5684 3221 5740 vel
3238 5682 3412 5738 simile
3429 5680 3562 5753 quid

1981 5767 2247 5820 excidisse
2277 5765 2466 5819 credit.

2051 5839 2162 5908 (7|)
2190 5835 2359 5909 Vulgo
2387 5829 2452 5905 ἦν
2483 5833 2701 5904 ἓτερςθζ
2735 5847 2857 5889 mox
2898 5829 3051 5901 vulgo
3080 5823 3307 5898 ἔγραψε.
