3970 6510
438 374 543 431 865

1109 372 1378 430 EUSEBII
1418 374 1901 432 CIESARIENSIS
1939 376 2091 432 OPP.
2134 377 2313 434 PARS
2350 378 2438 433 IV.
2481 411 2549 421 —
2587 379 3008 438 DOGMATICA.

3595 380 3700 435 861

445 513 463 545 ι
508 490 727 563 Virgine
760 492 1109 555 nascebatur,
1155 493 1286 548 nihil
1322 494 1422 549 nisi
1466 495 1700 549 Verbum
1730 506 1866 551 erat.
1913 516 1931 547 ι
1964 497 2025 551 Ει

2144 498 2239 552 (αὶ
2269 498 2620 570 προστίθησιν
2647 495 2802 563 αὖθις
2831 499 3087 568 φάσκων·
3124 519 3143 551 ι
3177 500 3236 553 '0
3271 500 3370 569 μὲν
3398 497 3507 566 γὰρ
3530 496 3703 564 Λόγος

440 581 711 638 subiufcrl
728 583 902 638 denuo
925 582 1016 654 [Β.
1047 582 1206 637 XLIII
1224 584 1348 641 coll.
1375 601 1427 654 p.
1451 586 1544 647 '55,
1565 586 1623 637 ι).
1646 585 1714 639 [ι.
1748 584 2013 658 XXXVI]

446 696 461 727 ι
513 675 670 729 Prius
703 677 871 741 enim,
908 681 979 731 uti
1014 679 1215 732 dictum
1244 688 1328 734 est
1357 694 1519 748 stupe,
1566 679 1696 732 nihil
1748 681 1850 734 nisi
1888 678 2019 733 Ver—

443 786 459 812 ι
508 766 848 821 humfuerat.
892 786 911 819 ι
963 768 1041 822 Ad
1088 784 1206 837 qua:
1250 769 1503 836 deinceps
1552 768 1815 822 accedunt
1870 770 2013 822 ista:

441 877 458 905 ι
506 857 741 911 Verbum
768 859 983 927 quidem
1019 861 1068 913 in
1112 860 1379 930 principio
1419 871 1554 921 erat,
1583 861 1715 914 nihil
1753 861 2019 915 exsisteus

444 968 460 995 ι
506 949 675 1013 aliud,
702 966 864 1019 quam
890 950 1151 1006 Verbum.
1189 952 1362 1007 Verbo
1392 954 1732 1007 autem‘huic
1764 954 2018 1007 adnuitus

442 1059 459 1087 ι
510 1040 693 1103 homo,
726 1058 846 1095 cum
871 1043 1019 1109 prius
1038 1059 1140 1096 non
1161 1052 1335 1109 esset,
1366 1045 1524 1097 homo
1547 1042 1727 1107 ﬁebat,
1755 1044 1894 1112 quod
1922 1059 2019 1097 nos

442 1151 457 1181 ‹
512 1131 693 1186 docuit
735 1132 1013 1188 Joannes:
1050 1134 1119 1188 Et
1169 1133 1390 1189 Verbum
1439 1150 1563 1187 caro
1611 1138 1808 1203 factum
1842 1145 1917 1188 est
1949 1136 2018 1199 τ’,

444 1242 460 1271 ι
506 1231 563 1277 ut
606 1224 774 1279 solius
819 1224 983 1278 Verhi
1021 1228 1271 1281 videatur
1308 1229 1376 1280 ob
1429 1228 1533 1280 hoc
1584 1229 1756 1296 ipsum
1822 1226 2022 1283 fecisse

445 1334 462 1362 ι
509 1318 860 1372 mentionem.
908 1316 1043 1371 Nam
1091 1318 1204 1373 sive
1237 1318 1461 1381 Christi,
1495 1333 1588 1372 seu
1620 1318 1855 1372 nominis
1892 1316 2019 1374 Jesu

445 1429 463 1458 ι
511 1410 855 1466 meminerint
886 1425 1056 1464 sacrm
1074 1410 1312 1474 Litteraa,
1341 1410 1590 1463 videntur
1610 1411 1696 1464 his
1715 1411 2022 1465 nominibus

448 1518 465 1549 ι
503 1500 830 1570 compellare
853 1499 1091 1555 Verhnm
1135 1501 1264 1555 illud
1310 1501 1425 1564 Dei,
1470 1506 1528 1564 ›Ῑ‹
1570 1511 1691 1571 post
1716 1512 2020 1569 susceptam

446 1612 465 1639 ι
509 1607 751 1648 carnem.
815 1591 968 1658 Quod
1012 1591 1055 1645 si
1115 1592 1240 1661 quis
1292 1592 1559 1661 receperit
1588 1608 1645 1648 se
1677 1602 2021 1648 ostensurum

448 1704 463 1732 σ
511 1698 702 1738 nomen
736 1682 957 1750 Christi,
990 1682 1147 1745 Filii,
1182 1692 1307 1737 ante
1341 1682 1476 1736 Novi
1506 1683 1845 1738 Testamenti
1886 1693 2024 1737 tem-

449 1794 465 1823 ι
509 1790 636 1843 pora
658 1785 999 1843 usurpatum,
1026 1784 1080 1829 et
1101 1772 1273 1829 Verbo
1297 1776 1614 1843 ascriptum,
1636 1774 1680 1828 is
1704 1774 1841 1828 sciat
1860 1788 2021 1842 opor-

2124 608 2142 640 ι
2190 592 2247 642 ὲν
2296 591 2436 661 ἀρχῇ
2476 587 2564 663 ἦν,
2604 592 2768 663 μηδὲν
2817 593 3001 664 ἓτερον
3045 591 3120 645 ῶν
3166 592 3198 661 ἢ
3241 590 3430 659 Λόγος·
3462 591 3492 642 ό
3523 590 3579 641 δὲ
3625 588 3705 657 τῷ

2124 700 2141 732 ι
2190 682 2346 752 Λόγῳ
2382 682 2603 747 ὲνωθεὶς
2652 684 2961 755 ἄνθρωπος.
3005 684 3104 737 οὑκ
3136 683 3211 736 ῶν
3250 683 3513 753 πρότερον
3544 678 3707 747 γέγο-

2125 792 2143 824 ‹
2191 791 2279 826 νεν
2326 774 2628 845 ἄνθρωπος,
2660 775 2735 839 ὡς
2776 776 3016 830 διδάσκει
3064 776 3210 845 ἡμᾶς
3261 774 3373 844 (7‘2)
3409 773 3661 841 Ἰωάννης
3686 786 3701 799 ⁸

2126 883 2144 914 ι
2191 865 2301 918 Καὶ
2336 867 2369 916 ό
2416 868 2610 935 Λόγος
2656 864 2813 932 σὰρξ
2864 865 3119 933 ἐγένετο.
3176 862 3274 915 Διά
3321 860 3479 913 τοῦτο
3522 858 3707 911 τοίνυν

2126 976 2144 1007 ι
2192 956 2284 1009 τοῦ
2319 958 2490 1025 Λόγου
2530 957 2882 1029 μνημονεύων
2925 958 3171 1025 φαίνεται
3218 955 3394 1025 μόνον.
3431 954 3550 1005 Εἴτε
3593 950 3707 1019 γὰρ

2127 1069 2146 1102 ι
2206 1050 2401 1120 Ἰησοῦ.
2440 1050 2550 1102 εἴτε
2582 1049 2817 1121 Χριστοῦ
2849 1050 3107 1120 ὀνόματος
3152 1046 3477 1119 μνημονεὺοι
3514 1045 3545 1114 ἠ
3582 1042 3708 1094 θεία

2126 1159 2145 1191 ί
2193 1140 2403 1210 FPM“),
2430 1140 2519 1193 τὸν
2555 1139 2691 1209 μετὰ
2719 1140 2818 1209 τῆς
2842 1138 3185 1210 ἀνθρωπίνης
3224 1136 3353 1190 ὄντα
3382 1131 3584 1204 σαρκὸς
3605 1128 3709 1183 τοῦ

2130 1251 2148 1284 ι
2197 1232 2332 1285 Θεοῦ
2366 1233 2536 1300 Λόγον
2562 1231 2851 1301 ὀνομάζειν
2892 1232 3160 1301 φαίνεται.
3194 1230 3256 1282 Εἰ
3278 1228 3333 1281 δέ
3368 1244 3452 1289 τις
3478 1224 3572 1278 καὶ
3596 1222 3712 1294 πρὸ

2130 1343 2147 1375 ι
2192 1324 2291 1393 τῆς
2324 1324 2467 1386 Νέας
2490 1322 2782 1393 Διαθὴκης,
2804 1323 2911 1391 (75)
2943 1320 3036 1374 τοῦ
3068 1318 3325 1390 Χριστοῦ,
3353 1316 3484 1368 Υίοῦ
3512 1314 3708 1383 ὄνομα,

2129 1434 2147 1467 ‹
2197 1416 2304 1483 (74)
2332 1413 2407 1485 τῷ
2440 1414 2597 1484 Λόγῳ
2630 1415 2774 1485 μόνῳ
2817 1412 3087 1466 δεικνύναι
3126 1409 3383 1464 δύνασθαι
3431 1404 3711 1475 ἐπαγγέλ-

2130 1526 2147 1558 ι
2193 1506 2355 1569 λοιτο,
2383 1506 2603 1576 εὑρήσει
2634 1505 2792 1558 τοῦτο
2820 1502 3171 1576 προφητικῶς
3206 1500 3510 1571 εἰρημένον.
3537 1517 3555 1549 ι
3595 1497 3715 1551 Καὶ

2130 1598 2246 1668 μεθ’
2290 1598 2450 1668 ἕτερα
2500 1598 2694 1666 ἐπάγει
2738 1597 2947 1666 λέγων·
2996 1613 3014 1643 ι
3048 1593 3284 1655 Εἰκότως
3327 1587 3419 1643 οὖν
3461 1588 3566 1659 πρὸ
3607 1587 3715 1657 τῆς

2132 1708 2150 1740 ι
2195 1689 2421 1742 καθόδου
2464 1690 2625 1743 τοῦτο
2691 1684 2780 1760 ἦν,
2839 1690 2974 1759 ὅπερ
3024 1685 3281 1747 πολλάκις
3327 1682 3553 1752 ἔφαμεν,
3593 1678 3714 1749 (75)

2135 1800 2152 1831 ι
2201 1780 2402 1849 Λόγοςο
2434 1782 2572 1851 μετά
2614 1782 2670 1835 δὲ
2703 1780 2798 1852 τὴν
2830 1781 3073 1842 κάθοδον,
3104 1778 3198 1831 καὶ
3237 1777 3332 1848 τὴν
3374 1776 3472 1845 τῆς
3510 1772 3719 1844 σαρκὸς

453 1886 469 1915 ο
518 1875 612 1931 let,
652 1865 766 1920 haec
810 1866 992 1919 omnia
1031 1865 1348 1935 prophetice
1405 1864 1479 1918 ita
1517 1864 1682 1918 dicta.
1722 1883 1741 1916 ι
1797 1863 1863 1917 Ει
1905 1871 2027 1933 post

2144 1891 2158 1923 r
2204 1848 2469 1942 ἀνάληψιν
2530 1848 2802 1943 διαφόρων
2868 1872 2961 1925 καὶ
3024 1871 3133 1923 τῶν
3189 1866 3497 1938 ἐπηγοριῶν
3548 1863 3718 1917 τετύ-

444 1968 637 2011 uetera
674 1956 944 2011 subinfert
981 1956 1277 2025 inquiens:
1314 1974 1333 2008 ι
1373 1956 1491 2011 Non
1526 1956 1796 2011 immerito
1826 1956 2022 2026 igitur,

451 2067 467 2095 ε
518 2047 620 2107 iam
672 2063 815 2119 saepe
858 2048 1122 2113 diximus,
1162 2057 1289 2103 ante
1335 2064 1491 2103 suum
1532 2049 1851 2104 descensum
1909 2058 2027 2104 erat

447 2160 464 2189 ι
510 2126 742 2193 verbum
770 2156 783 2191 ε
816 2148 938 2209 post
969 2140 1291 2194 descensum
1315 2147 1369 2193 et
1394 2140 1574 2195 carnis
1595 2139 2018 2209 assumptionem

450 2254 468 2285 ι
509 2236 688 2288 varias
730 2235 925 2288 exinde
972 2233 1361 2303 appellationes
1403 2234 1659 2288 obtinuit.
1721 2253 1739 2287 ι
1783 2234 1847 2287 Et
1907 2233 2021 2287 haec

442 2334 571 2379 Sunt
599 2326 816 2393 quidem
857 2324 967 2386 illa,
1023 2323 1221 2392 quibus
1249 2323 1685 2387 demonstratur,
1710 2321 2018 2376 Marcellum

444 2417 841 2483 deprehensum
866 2414 1065 2468 Filitttn
1095 2414 1185 2467 Dei
1205 2413 1351 2467 illum
1381 2413 1649 2467 viventem
1691 2428 1817 2468 vere
1840 2422 1893 2467 et
1923 2428 2021 2467 ex-

447 2513 728 2566 sistenlem
772 2524 899 2564 vere
933 2510 1231 2580 abnegasse
1261 2526 1273 2561 :
1313 2520 1367 2565 et
1399 2509 1598 2564 nudum
1642 2520 1849 2565 tantum
1885 2509 2019 2564 Ver-

446 2602 904 2671 bumimaginari.
940 2600 1045 2656 Sed
1073 2609 1129 2656 et
1160 2602 1378 2670 insuper
1412 2611 1654 2671 apparet,
1693 2617 1759 2656 ex
1796 2603 1861 2657 iis
1901 2618 2021 2672 qua:

445 2693 499 2746 in
531 2693 962 2762 praecedentibus
990 2693 1057 2746 de
1099 2691 1266 2761 ipsius
1310 2691 1449 2747 libro
1494 2692 1667 2761 posita
1720 2701 1868 2758 sunt,
1932 2709 2025 2747 cu-

439 2782 683 2853 jusmodi
715 2784 864 2836 illum
890 2783 1126 2837 Verbum
1156 2798 1276 2837 esse
1305 2783 1647 2852 opinabatur,
1677 2798 1798 2837 cum
1831 2799 2021 2838 eremo

446 2873 538 2944 pio
562 2875 630 2928 de
656 2874 891 2929 humano
920 2874 1087 2927 verbo
1115 2883 1377 2927 uteretur.
1429 2873 1605 2927 Unum
1634 2887 1826 2944 nempe
1852 2874 2023 2929 idem-

2140 1982 2159 2014 ι
2205 1980 2359 2034 χηκε.
2390 1983 2408 2014 ι
2452 1964 2638 2017 Ταῦτα
2684 1964 2782 2035 μὲν
2810 1962 2921 2026 οῦν,
2949 1964 3014 2017 δι’
3049 1957 3122 2016 ὧν
3149 1958 3465 2032 Μάρκελλος
3496 1956 3719 2011 ἁλίσκε-

2132 2073 2245 2119 ται,
2285 2055 2373 2108 τὸν
2414 2057 2510 2126 μὲν
2541 2058 2667 2110 Υἱὸν
2695 2057 2787 2109 τοῦ
2824 2056 2958 2109 Θεοῦ
2986 2056 3079 2108 τὸν
3114 2054 3263 2118 ὄντα,
3295 2053 3388 2105 καί
3413 2050 3591 2115 ζῶντα
3618 2049 3721 2102 καὶ

2126 2144 2339 2215 ἀληθῶς
2366 2146 2492 2199 Yle
2524 2147 2651 2200 ὄντα
2678 2146 3029 2218 ἀρνούμενος,
3075 2145 3246 2214 Λόγον
3282 2142 3339 2195 δὲ
3374 2140 3525 2212 ψιλὸν
3560 2138 3721 2192 εἱσά-

2126 2256 2257 2307 γων.
2297 2238 2575 2293 Δέδεικται
2610 2239 2667 2293 δὲ
2698 2239 2786 2292 διὰ
2817 2237 2924 2291 τῶν
2968 2235 3274 2308 ἔμπροσθεν
3303 2228 3722 2303 παρατεθεισῶν

2127 2331 2290 2384 αὑτοῦ
2322 2332 2514 2402 φωνῶν
2553 2333 2647 2385 καὶ
2674 2333 2854 2384 ὁποῖον
2884 2332 3044 2384 αὑτὸν
3077 2328 3212 2382 εἶναι
3236 2328 3404 2395 Λόγον
3432 2322 3726 2377 ὑπετίθετο

2130 2425 2538 2495 παραδείγματι
2571 2425 2850 2495 χρώμενος
2888 2423 2965 2494 τῷ
2998 2422 3322 2494 ἀνθρωπείῳ
3365 2420 3527 2487 λόγῳ,
3556 2417 3613 2468 ἒν
3656 2431 3723 2467 τε

2132 2517 2226 2569 καὶ
2258 2517 2453 2570 ταύτὸν
2483 2513 2621 2569 εἶναι
2653 2517 2827 2585 λέγων
2861 2514 3023 2569 αὑτὸν
3064 2514 3141 2584 τῷ
3173 2512 3310 2583 θεῷ.
3340 2511 3449 2564 Καὶ
3481 2509 3543 2577 δὴ
3586 2504 3726 2558 ταύ-

2130 2626 2230 2679 την
2274 2610 2445 2681 ἀρχὴν
2499 2610 2980 2681 ὑποστησάμενος,
3039 2605 3343 2668 ἀκολούθως
3384 2606 3447 2655 ἐκ
3479 2600 3578 2668 τῆς
3627 2598 3722 2651 δο-

2132 2698 2317 2770 θείσης
2347 2698 2494 2769 αὑτῷ
2543 2700 2893 2761 ὑποστάσεως
2938 2698 3027 2749 ἐπὶ
3074 2695 3134 2748 τὸ
3167 2689 3590 2761 καταψεύδεσθαι
3619 2687 3767 2756 τῆς*

2132 2790 2490 2845 θεοπνεύστου
2521 2792 2743 2864 Γραφῆς
2779 2790 3133 2861 διαστρόφους
3162 2805 3220 2839 τε
3256 2785 3423 2854 αὑτῆς
3452 2778 3726 2835 ποιεῖσθαι

2129 2882 2229 2946 τάς
2256 2886 2569 2956 ἑρμηνείας.

448 2982 555 3036 que
602 2967 747 3021 illum
802 2983 923 3022 eum
973 2967 1082 3021 Deo
1132 2982 1251 3021 esse
1303 2976 1568 3022 statuens.
1624 2966 1735 3021 Hoc
1768 2973 1834 3021 ad
1890 2969 2034 3027 hunc
2109 2977 2333 3031 modum
2399 2980 2696 3034 constituto
2725 2976 2994 3047 principio
3039 2983 3433 3041 consequenter
3463 2968 3527 3022 ad
3575 2966 3725 3021 hanc

447 3077 601 3116 suam
654 3061 1107 3130 suppositionem,
1165 3060 1339 3128 pergit
1386 3061 1449 3114 ad
1522 3061 1864 3115 mendacium
1919 3062 2215 3134 Scriptura:
2281 3070 2710 3140 impingendum,
2781 3079 2835 3123 et
2880 3068 2945 3122 ad
3000 3066 3147 3119 illam
3216 3058 3723 3131 interpretandam,

448 3156 717 3209 detortam
740 3154 794 3208 iu
834 3156 1159 3209 sententiam
1189 3170 1362 3208 suam.

1080 3247 1230 3304 CAP.
1275 3248 1414 3302 ΧΙΧ.

452 3342 606 3408 Quod
632 3360 798 3396 sacra:
816 3342 1126 3412 Scriptura',
1156 3358 1255 3396 non
1281 3342 1645 3395 tantummodo
1678 3341 1906 3396 Verbum
1938 3362 2037 3412 ap-

518 3414 706 3481 pellent
738 3413 832 3466 Dei
868 3411 1087 3475 Filium,
1119 3416 1208 3467 sed
1246 3414 1501 3466 sexcentis
1537 3412 1655 3465 aliis
1686 3414 1904 3469 diversis
1946 3433 2040 3469 no-

522 3484 771 3547 minibus,
800 3486 961 3537 eliam
988 3493 1109 3536 ante
1134 3482 1554 3535 iucanmtionem
1576 3499 1752 3537 suam.

528 3572 603 3627 De
626 3574 823 3640 quibus
846 3575 1089 3642 quidem,
1111 3573 1154 3627 si
1182 3574 1233 3627 in
1269 3574 1541 3642 praesenti,
1570 3574 1844 3644 paulisper
1870 3576 2038 3646 dispi-

455 3672 688 3729 ciamus,
728 3682 837 3718 non
881 3666 1115 3720 absurde
1140 3666 1384 3719 facturos
1405 3664 1755 3731 arbitramur,
1786 3676 1843 3721 ut
1867 3669 2037 3736 ignari

456 3760 649 3811 barum
682 3772 861 3809 rerum
900 3756 1224 3826 intelligant,
1266 3756 1470 3811 nullam
1509 3757 1668 3827 plaue
1699 3757 2037 3828 Scripturam

457 3850 607 3903 illius
644 3850 829 3903 favere
867 3850 1131 3919 opinioni,
1160 3848 1251 3917 qui
1292 3848 1520 3903 novitati
1567 3850 1793 3903 studens
1828 3866 1859 3904 a
1893 3859 2038 3904 recta

457 3943 564 3995 lide
606 3941 917 3996 aberravit:
948 3940 1057 3994 imo
1081 3940 1240 4010 plane
1270 3940 1605 3995 contrarium
1647 3942 2041 4010 proloquantur

457 4049 649 4089 onmes
665 4050 677 4085 :
696 4033 1061 4087 etocclamant
1077 4031 1194 4087 suis
1209 4031 1534 4086 testimoniis
1552 4043 1738 4087 contra
1758 4047 2042 4102 perversas

457 4126 631 4195 ipsius
671 4124 1029 4179 narrationes.
1063 4123 1296 4178 Omnino
1325 4132 1505 4177 autem
1538 4138 1760 4178 necesse
1780 4122 2041 4177 fuitistud

462 4214 705 4286 aggredi,
737 4224 1020 4283 propterea
1065 4214 1207 4283 quod
1239 4222 1388 4276 sunt,
1417 4213 1506 4281 qui
1542 4214 1849 4279 suspiciunt
1878 4213 2039 4266 ismm

458 4307 761 4373 hominem,
810 4322 877 4361 ne
928 4306 1049 4374 quis
1115 4303 1349 4359 fortasse
1404 4304 1472 4357 de
1502 4304 1717 4357 illorum
1794 4317 2040 4366 numero,

460 4414 557 4468 per
618 4413 895 4454 sacrarum
983 4396 1313 4451 Litterarum
1395 4395 1781 4466 ignorantiam,
1854 4394 2043 4449 existi-

460 4500 575 4545 ntet
613 4490 779 4545 ferire
813 4490 959 4542 illum
979 4503 1200 4557 scopum
1241 4487 1507 4542 veritatis.
1549 4488 1727 4554 Atque
1756 4486 1888 4539 illud
1918 4496 2043 4538 ante

460 4585 569 4639 alia
604 4583 657 4636 in
694 4583 1051 4650 qumstiouem
1083 4594 1362 4643 vocemus,
1406 4579 1547 4648 quod
1578 4579 1847 4632 aﬂirmare
1879 4594 2042 4633 ausus

461 4685 566 4738 est,
600 4675 798 4730 Filium
834 4675 920 4729 Dei
947 4673 1089 4728 nullo
1113 4673 1221 4727 alio
1256 4672 1494 4735 nomine,
1530 4671 1633 4725 nisi
1664 4671 1826 4725 Verbi
1855 4682 2040 4725 notum

464 4766 843 4837 appellatione,
911 4765 1225 4834 priusquam
1290 4764 1355 4818 de
1410 4762 1634 4832 Virgine
1692 4772 2033 4818 nasceretur.

463 4852 628 4924 quue
655 4854 724 4908 oh
761 4868 881 4908 eam
903 4867 1129 4931 causam
1156 4853 1300 4921 quod
1330 4862 1457 4906 ante
1480 4852 1824 4922 praesentiam
1856 4853 2037 4906 incaro

461 4921 703 5001 nationis
734 4944 867 5001 nihil
892 4921 1034 4999 aliud
1082 4952 1140 5010 Ψ
1190 4961 1350 5013 quam
1396 4921 1632 4998 Verbum
1661 4953 1781 4998 erat
1814 4961 1826 4997 :
1866 4957 2044 5011 neque

461 5038 570 5092 alio
603 5038 713 5093 ullo
778 5039 1022 5103 nomine,
1066 5039 1168 5093 nisi
1220 5037 1535 5107 prophetice
1566 5045 1873 5089 vocaretur.
1912 5035 2045 5090 Ver-

543 5164 601 5222 ᾖ(
639 5157 732 5215 Eli.
768 5158 964 5225 Paris.,
996 5175 1118 5227 pag.
1161 5156 1343 5224 82,85.
1383 5156 1426 5186 7”
1457 5153 1617 5208 Joau.
1650 5154 1799 5208 1.14.

542 5299 656 5371 (72)
700 5298 870 5369 Vulgo
899 5301 926 5352 ό
965 5301 1139 5352 Ἰωάν.
1171 5298 1236 5353 II.
1272 5297 1495 5351 alterum
1519 5292 1804 5365 ἄνθρωπος
1827 5293 1965 5347 delet
1999 5303 2054 5347 et

470 5388 593 5425 num
634 5388 792 5441 μονον
821 5372 987 5425 scrib.

543 5431 823 5561 (7.3)“Toi3
874 5438 1157 5508 Χριστοῦ,
1212 5437 1321 5490 τοῦ
1362 5434 1525 5489 Υἱοῦ.
1595 5432 1831 5503 Legeud.
1880 5432 1912 5501 ἢ
1955 5431 2048 5485 τοῦ

546 5528 629 5561 ου.
664 5552 674 5561 .
720 5550 729 5560 .

474 5509 629 5566 Υἱοῦ.
664 5510 729 5561 Μ.

547 5580 658 5650 (74)
696 5578 783 5644 Τῷ
821 5582 979 5651 λόγῳ
1022 5580 1207 5651 μόνῳ.
1269 5574 1513 5651 Obscura
1546 5613 1559 5635 ,
1620 5582 1672 5627 et
1734 5570 2049 5651 imperfecte

477 5643 791 5720 ἰΙίιίιίξιιιιοίιΙ
825 5643 1075 5720 τῷλόγὶρ
1108 5649 1272 5719 μόνῳ,
1312 5649 1449 5700 idem
1481 5656 1595 5708 est,
1629 5660 1691 5720 ac.
1726 5643 1769 5696 si
1821 5643 2045 5720 «liceret,

473 5720 555 5789 τῷ
596 5711 739 5790 λόγῳ
772 5711 928 5789 μονον
989 5711 1145 5782 diti,
1194 5711 1358 5790 tileestg
1388 5725 1569 5790 autem
1597 5784 1606 5790 _
1634 5711 2047 5790 διαφερόμενον,

478 5782 922 5861 προστίθεμενον,
956 5800 1048 5842 ant
1078 5789 1251 5861 simile
1274 5786 1421 5861 quid.
1456 5784 1710 5861 Δοθείσης
1742 5782 2050 5861 αὑτῴὑπο-

481 5836 939 5929 σξάσεωςΓειιιεξι
972 5859 1189 5913 memini
1219 5836 1471 5909 ὑπόθεσιν
1504 5836 1783 5925 δοτίριίἶιη,
1825 5836 1911 5907 ubi
1934 5863 2051 5909 erat

2063 3258 2111 3320 ϐ

2783 3251 2940 3305 ΚΕΦ.
2983 3248 3080 3302 19'.

2142 3345 2333 3410 Ὅπως
2363 3346 2421 3397 al
2451 3342 2596 3397 θεῖαι
2617 3342 2844 3412 Γραραὶ
2877 3343 2948 3394 οὐ
2977 3340 3170 3412 μόνον
3191 3338 3403 3412 Λόγον,
3426 3330 3589 3412 ἀλλο
3621 3330 3723 3383 καὶ

2204 3401 2391 3485 ιιι.ιριά
2426 3401 2675 3485 Αέτεραί
2703 3401 2800 3485 καὶ
2872 3401 3015 3485 .1967
3046 3407 3153 3485 τῆῌς
3214 3401 3727 3474 ἐνονθρωπήσεως

2210 3479 2510 3553 ῶιῖόμαζον
2541 3479 2650 3537 τὸν
2681 3482 2818 3537 Υἱόν
2848 3482 2952 3535 τοῦ
2985 3479 3153 3534 Θεοῦ.

2214 3574 2327 3644 (76)
2368 3570 2466 3628 Ὧν
2500 3576 2779 3645 βραχείας,
2808 3573 2900 3625 ἐπὶ
2928 3570 3018 3623 τοῦ
3055 3569 3340 3640 παρόντος,
3376 3565 3556 3627 καλῶς
3583 3564 3730 3635 ἔχειν

2142 3668 2313 3738 ἐφάνη
2344 3686 2431 3737 μοι
2459 3663 2873 3735 διασκέψασθαι,
2902 3666 3012 3727 τοῖς
3042 3680 3097 3714 τε
3124 3660 3407 3729 ἀγνοοῦσιν
3437 3657 3727 3723 ἐπιδεῖξαι,

2141 3762 2217 3824 ὼς
2262 3762 2483 3831 οὐδεμία
2532 3760 2629 3831 μὲν
2661 3757 2809 3827 αὑτῷ
2854 3754 3225 3827 νεωτερίζοντι
3258 3753 3352 3805 καὶ
3402 3753 3500 3822 τῆς
3540 3751 3730 3819 ὑγιοῦς

2146 3854 2530 3926 ἐκτρεπομένῳ
2584 3853 2816 3914 πίστεως
2867 3850 3082 3920 συνᾴδει
3146 3845 3356 3919 Γραφὴ,
3416 3843 3730 3898 τούναντίον

2144 3941 2199 3993 δὲ
2237 3943 2405 3993 πᾶσαι
2448 3939 2918 4009 ἀντιφθέγγονται,
2954 3938 3048 3990 καὶ
3094 3932 3561 4006 ἀντιμαρτυροῦσι
3608 3934 3731 3994 ταῖς

2144 4033 2242 4084 οὐκ
2279 4032 2452 4102 ὀρθῶς
2490 4030 2635 4101 αὑτῴ
2676 4029 3147 4101 παραληφθείσαις
3188 4027 3525 4095 διηγήσεσιν.
3552 4024 3730 4093 Ὅπερ

2146 4126 2309 4195 ἐχρῆν
2344 4125 2575 4195 μάλιστα
2607 4127 2716 4187 τοῖς
2762 4124 2853 4176 τὸν
2889 4122 3057 4193 ἄνδρα
3090 4120 3320 4191 τιμῶσιν
3362 4115 3725 4183 ἐνδείξασθαι,

2153 4220 2353 4289 μήποτ’
2393 4218 2502 4287 ἄρα
2528 4234 2609 4280 τις
2672 4216 2851 4269 αὑτῶν
2881 4214 3107 4287 ἀπειρίᾳ
3139 4214 3249 4267 τῶν
3293 4213 3452 4266 θείων
3493 4212 3732 4279 ἀναγνω-

2152 4312 2336 4381 μάτων
2386 4311 2672 4379 τυγχάνειν
2715 4309 2876 4362 αὑτὸν
2922 4309 3017 4361 τοῦ
3074 4309 3172 4379 τῆς
3222 4306 3478 4378 ἀληθείας
3524 4305 3729 4359 σκοποῦ

2148 4402 2437 4471 νομίσειεν.
2474 4402 2584 4454 Καὶ
2610 4402 2674 4469 δὴ
2707 4401 2893 4453 τοῦτον
2920 4400 3135 4472 πρῶτον
3159 4397 3571 4468 διασκοπητέον,
3605 4398 3633 4449 ὃ
3663 4397 3726 4469 δὴ

2148 4495 2241 4547 καὶ
2267 4494 2601 4565 τετόλμηκεν
2631 4494 3033 4565 ἀποφήνασθαι,
3064 4494 3191 4564 πρὶν
3240 4491 3494 4562 τεχθῆναι
3520 4490 3607 4544 διὰ
3632 4490 3729 4559 τῆς

2076 4619 2118 4672 D
2152 4582 2428 4653 Παρθένου
2458 4582 2547 4636 τὸν
2563 4583 2687 4635 Υἰὸν
2708 4582 2801 4634 τοῦ
2824 4581 2983 4645 Θεοῦ,
3014 4582 3086 4672 μη
3112 4580 3221 4649 (77)
3240 4578 3539 4648 κεκλῆσθαι
3560 4577 3730 4648 ἑτέρῳ

2151 4672 2431 4742 ὀνόματιῆ
2471 4672 2658 4740 Λόγον.
2696 4672 2845 4741 Μηδὲ
2894 4672 3002 4742 γάρ
3034 4666 3169 4722 εἶναι
3207 4670 3367 4723 αὑτόν
3399 4688 3452 4723 τι
3490 4670 3597 4740 πρὸ
3634 4669 3730 4742 τῆς

2148 4762 2414 4831 ὲνσάρκου
2438 4763 2738 4833 παρουσίας
2758 4762 2789 4832 ἦ
2817 4762 3006 4829 Λόγον,
3035 4760 3156 4831 μηδ’
3175 4758 3487 4830 ὠνομάσθαι
3507 4759 3727 4828 ἑτέρως.

2148 4857 2195 4907 εἰ
2238 4856 2312 4926 μὴ
2358 4856 2463 4923 ἄρα
2505 4854 2889 4927 προφητικῶς
2935 4853 3106 4920 Λόγον
3170 4852 3277 4922 γὰρ
3332 4847 3469 4904 εἷναί
3523 4868 3583 4903 τε
3637 4852 3727 4903 καὶ

2151 4944 2489 5014 ὠνομάσθαι,
2522 4946 2616 4997 καὶ
2660 4945 2810 4997 οὐδὲν
2856 4943 3043 5013 ἕτερον
3094 4944 3309 5009 φάσκει,
3354 4940 3489 5011 μετά
3540 4942 3595 4993 δὲ
3632 4942 3728 5011 τὴν

2155 5034 2418 5105 ἕνσαρκον
2454 5035 2771 5106 παρουσίαν,
2814 5034 3083 5105 διαφόρων
3132 5034 3225 5086 καὶ
3278 5032 3385 5085 τῶν
3422 5031 3727 5103 ἐπηγοριῶν

2161 5294 2371 5361 legend.
2434 5294 2752 5355 ὑπόστασιν,
2806 5293 2893 5347 hic,
2952 5306 3049 5361 pro
3094 5291 3464 5354 ὑποστάσεως,
3522 5286 3724 5357 legend.

2160 5365 2469 5437 ὑποθέσεως
2496 5365 2571 5437 [et
2588 5364 2674 5437 Asie
2696 5362 2927 5437 _codd.].-

2230 5436 2340 5499 (75)
2381 5430 2547 5504 Vulgo
2576 5435 2605 5485 ό
2636 5433 2806 5500 Λόγος
2839 5430 2892 5486 ei
2918 5434 3053 5504 infra
3086 5430 3334 5485 ὑπέθετο.

2226 5507 2336 5573 (7(3)
2355 5500 2572 5573 Initium
2597 5505 2765 5571 ipsum
2789 5502 3351 5573 eapiti_s_depra_vatum
3379 5508 3480 5573 est,
3512 5500 3721 5573 legend.

2158 5568 2285 5645 περὶ
2322 5568 2419 5628 ’ὧν
2470 5574 2565 5645 διά
2618 5568 2768 5645 βρα.,
2805 5568 2909 5627 etc.
2945 5569 3018 5624 Μ.
3047 5568 3115 5612 4-—
3150 5570 3272 5625 Mox
3310 5572 3466 5640 vulgo
3507 5570 3725 5642 οὐδεμία

2155 5643 2302 5698 αὑτῶ
2329 5662 2377 5699 ν.
2409 5655 2463 5698 et
2491 5647 2519 5696 ὁ
2548 5644 2605 5696 δὲ
2634 5643 2746 5696 καί.

2227 5698 2340 5799 (7⁸7)
2369 5714 2465 5799 ψ,
2483 5713 2814 5799 κεκλήσθω.
2831 5712 2942 5793 ιφυ
2958 5710 3271 5799 κεκλῇσθαι.
3291 5709 3556 5799 u—uqx
3578 5710 3726 5779 vulgo

2157 5781 2470 5857 ὠνομάσθαι
2506 5786 2690 5857 ἕτερον
2724 5796 2777 5843 et
2802 5783 2953 5839 τοῦτο
2989 5783 3042 5835 δὲ
3069 5781 3162 5836 οὖν
3189 5798 3285 5851 πρ.
3312 5781 3544 5836 δεκτέον.
