3970 6508
263 413 371 468 865

1253 411 1340 469 DE
1375 412 1910 471 ECCLESIASTICA
1952 414 2349 472 THEOLOGIA
2391 415 2519 470 LIB.
2561 417 2602 472 l.

3415 419 3522 478 866

263 536 645 607 τετυχηκέναι.
691 534 860 588 Τοῦτο
887 534 952 606 δὴ
985 530 1080 588 οὖν
1108 534 1326 607 πρῶτον
1357 537 1592 604 δεκτέον,
1618 538 1832 609 ἀμαθῶς

1950 539 2078 593 bum
2106 552 2235 592 vero
2251 549 2307 593 et
2329 549 2452 594 erat
2475 549 2586 594 tum
2610 549 2663 595 et
2689 539 2988 604 dicebatur,
3014 549 3070 595 et
3095 541 3233 596 nihil
3261 541 3430 598 aliud.
3454 547 3523 598 At

263 629 362 682 καὶ
397 628 507 681 τῶν
541 627 699 682 θείων
744 627 978 700 Γραφῶν
1017 628 1482 699 ἀνεπιστημόνως,
1518 629 1678 683 αὐτὸν
1711 631 1832 683 ἀπο·

1947 636 2232 698 postquam
2266 644 2430 684 carne
2479 641 2691 700 sumpta
2721 631 2960 695 advenit,
3011 634 3248 689 diversis
3301 635 3519 701 quidem

267 721 601 794 φηνάμενον.

918 983 1072 1037 ΚΕΦ.
1115 984 1199 1038 K'.

254 1073 630 1143 Παραθέσεις
661 1073 758 1145 aea}
798 1072 1098 1145 ἑρμηνεῖαι
1139 1075 1371 1143 μερικαὶ
1409 1072 1529 1128 τῶν
1576 1075 1695 1128 ἀπὸ
1734 1075 1845 1145 τῆς

330 1142 498 1210 θείας
542 1142 786 1212 Γραφῆς
814 1142 1196 1211 ἀποδείξεων,
1214 1142 1218 1143 ί
1235 1146 1305 1198 ἐν
1333 1145 1497 1211 ὅλοις
1527 1142 1844 1212 τριάκοντα

329 1215 702 1283 κεφαλαίοις.

326 1312 400 1359 α’.
441 1305 664 1378 Πρῶτον
712 1305 812 1376 μὲν
845 1303 956 1376 γὰρ
987 1304 1149 1370 αὐτὸς
1183 1307 1211 1358 6
1249 1305 1389 1370 θεῖος
1451 1307 1844 1380 εὐαγγελιστὴς

268 1397 550 1468 Ἰωάννης,
569 1397 597 1448 6
615 1395 679 1466 δὴ
696 1396 831 1467 (77‘)
850 1397 1022 1464 Λόγον
1039 1397 1199 1451 αὑτὸν
1226 1397 1481 1458 ἀνειπὼν,
1501 1399 1600 1451 οὐκ
1624 1402 1703 1462 εἰς
1735 1417 1842 1464 μα-

253 1489 416 1561 κρὸν,
453 1488 570 1542 ἀλλ’
616 1487 777 1551 εὐθὺς
827 1489 920 1540 καὶ
963 1488 1115 1559 παρὰ
1167 1489 1300 1543 πόδα
1334 1489 1466 1544 Θεὸν
1506 1491 1665 1544 αὐτὸν
1703 1491 1841 1544 ὠνό-

254 1597 422 1652 μασε,
469 1581 682 1651 φήσας·
742 1579 852 1633 Καὶ
907 1578 1052 1645 Θεὸς
1088 1575 1166 1649 ἦν
1198 1584 1231 1634 ὁ
1277 1582 1486 1650 Λόγος.
1537 1583 1842 1652 Δυνάμενος

250 1672 387 1740 γοῦν
415 1673 612 1736 εἰπεῖν,
642 1670 754 1742 (78)
781 1671 875 1724 κα)⁹
897 1671 1031 1725 Θεοῦ
1059 1667 1127 1744 ἦν
1149 1673 1178 1724 ὁ
1214 1671 1404 1740 Λόγος,
1430 1672 1587 1726 τοῦτο
1618 1675 1713 1745 μὲν
1741 1675 1841 1728 οὐκ

249 1765 384 1836 ἔφη,
411 1763 488 1827 ὡς
511 1763 576 1816 ἂν
619 1765 692 1834 μή
724 1779 805 1826 τις
834 1763 995 1818 αὐτὸν
1033 1762 1109 1834 τῷ
1139 1763 1290 1836 παρὰ
1318 1763 1621 1836 ἀνθρώποις
1653 1767 1838 1837 ὅμοιον

1948 718 2120 772 titulis
2159 719 2542 790 usurpabatur.
2573 721 2729 787 Quod
2775 723 2977 777 ab.i|lo
3016 723 3090 777 ita
3119 725 3376 793 positum,
3404 724 3523 781 ’ἰω-

1945 809 2121 878 perite
2147 811 2374 873 dictum,
2405 820 2460 865 et
2483 826 2578 880 per
2608 827 2875 867 summam
2915 813 3319 883 Scripturarum
3364 816 3517 884 igno-

1948 902 2202 968 rantiam,
2227 911 2353 957 ante
2379 903 2561 957 omnia
2604 888 3084 959 demonstrandum
3103 915 3207 961 est.

2576 993 2730 1049 CAP.
2772 993 2891 1048 XX.

1946 1103 2244 1172 Proposita
2283 1124 2376 1176 per
2421 1118 2600 1182 partes
2629 1125 2655 1162 e
2683 1111 2847 1163 sacris
2898 1109 3130 1175 Litteris,
3163 1121 3210 1165 et
3241 1111 3520 1182 explicata:

2406 1193 2513 1232 xxx
2553 1180 3056 1234 demonstrationes.

2019 1314 2071 1367 l.
2109 1311 2376 1380 Imprimis
2420 1312 2749 1382 evangelista
2803 1312 3044 1368 Joannes
3107 1313 3245 1382 ipse,
3302 1315 3396 1384 qui
3456 1317 3523 1369 de

1945 1403 2108 1458 Verbi
2142 1403 2506 1475 appellatione
2552 1421 2675 1459 eum
2708 1407 2955 1475 agnovit,
2989 1420 3092 1460 non
3126 1407 3310 1462 multis
3351 1406 3523 1462 inter-

1942 1495 2156 1564 positis,
2188 1497 2316 1565 quin
2362 1498 2566 1561 statim,
2603 1506 2658 1551 et
2711 1496 2764 1552 in
2816 1500 3101 1566 procinctu
3150 1498 3316 1564 velut,
3356 1499 3521 1553 Deum

1943 1589 2194 1642 eumdem
2228 1588 2480 1658 appellat,
2512 1588 2766 1658 inquiens
2801 1607 2814 1642 :
2844 1588 2914 1642 Et
2949 1589 3091 1644 Deus
3118 1601 3230 1644 erat
3277 1589 3524 1644 Verbum.

1943 1678 2076 1732 Cum
2112 1679 2256 1733 enim
2295 1679 2342 1734 ei
2393 1679 2550 1734 facile
2577 1679 2770 1735 fuisset
2795 1681 2977 1736 dicere
3007 1699 3021 1734 :
3051 1691 3107 1736 et
3141 1683 3378 1737 divinum
3404 1695 3524 1737 erat

1942 1768 2204 1836 Verbum,
2243 1770 2345 1825 hoc
2379 1787 2485 1825 non
2537 1773 2608 1825 ita
2661 1773 2864 1840 posuit,
2897 1788 2966 1828 ne
2996 1775 3120 1844 quis
3152 1773 3303 1827 illum
3333 1776 3524 1842 opina-

250 1852 395 1910 εἶναι
453 1855 679 1926 φήσειε·
728 1854 860 1908 Θεὸν
904 1855 961 1907 δὲ
1011 1854 1174 1909 αὑτὸν
1215 1856 1402 1920 καλεῖ,
1447 1857 1510 1908 τὸ
1565 1858 1832 1928 ὑπερφυὲς

1945 1869 2099 1912 retur
2146 1859 2380 1914 similem
2435 1864 2674 1915 humano
2723 1863 2937 1917 cuidam
2988 1864 3153 1918 verbo
3198 1865 3518 1918 exstitisse:

249 1947 349 2000 τοῦ
387 1948 516 2016 περὶ
565 1947 727 1999 αὑτὸν
775 1945 1112 2018 θεοπρεποῦς
1157 1944 1498 2018 ἀξιώματος,
1549 1948 1690 2001 οὕτω
1723 1949 1835 2002 δει-

249 2037 412 2101 κνύς.

325 2130 394 2202 β’.
431 2127 688 2192 Μεταϐὰς
717 2128 774 2181 δὲ
812 2129 896 2198 ἐφ’
923 2128 1112 2200 ἑτέραν
1157 2130 1398 2183 ἐπίνοιαν
1441 2131 1540 2202 τῆς
1571 2131 1698 2202 περὶ
1742 2133 1838 2184 αὐ-

246 2222 346 2275 τοῦ
395 2221 733 2290 δοξολογίας,
774 2222 904 2287 Φῶς
951 2221 1110 2273 αὑτὸν
1142 2221 1423 2293 ὠνόμασε,
1463 2225 1837 2295 προϋπάρχειν

246 2313 417 2369 αὑτὸν
467 2313 564 2384 τῆς
619 2312 715 2366 τοῦ
762 2311 1031 2393 ,σώματος
1077 2312 1430 2384 ἀναλήψεως,
1493 2312 1636 2365 κατὰ
1678 2311 1840 2365 τοῦτο

246 2408 389 2462 αὐτὸ
444 2405 725 2478 δηλώσας,
788 2406 846 2459 ὲν
908 2399 989 2470 οἷς
1047 2406 1176 2476 περὶ
1220 2405 1314 2458 τοῦ
1375 2404 1679 2459 Βαπτιστοῦ
1729 2424 1834 2478 φη-

247 2519 362 2556 σιν’

319 2593 391 2663 γ’.
439 2594 560 2646 Οὐκ
597 2587 677 2662 ἦν
724 2589 954 2656 ἐκεῖνος
1002 2589 1068 2643 τὸ
1106 2588 1250 2659 φῶς,
1292 2588 1429 2642 ἀλλ’
1471 2588 1572 2640 ἵνα
1612 2604 1835 2656 μαρτυ-

235 2687 416 2758 ρήσῃ
441 2685 576 2754 περὶ
603 2682 710 2738 τοῦ
738 2682 950 2753 φωτὸς,
979 2681 1009 2735 ὃ
1037 2680 1264 2752 φωτίζει
1291 2680 1486 2733 πάντα
1524 2680 1837 2748 ἄνθρωπον

241 2780 578 2850 ἐρχόμενον
623 2779 707 2842 εὶς
747 2775 852 2829 τὸν
902 2776 1155 2844 κόσμον.
1206 2773 1302 2824 Ἐν
1345 2770 1425 2836 τῷ
1482 2773 1688 2840 κόσμῳ
1733 2767 1832 2841 ἦν,

243 2871 352 2927 καὶ
393 2873 425 2924 ό
461 2871 688 2938 κόσμος
735 2866 808 2919 δι’
854 2865 1039 2919 αὐτοῦ
1089 2863 1346 2932 ἐγένετο,
1383 2863 1481 2914 καὶ
1529 2863 1561 2914 ὀ
1605 2862 1834 2929 κόσμος

243 2963 442 3020 αὐτὸν
488 2963 599 3016 οὐκ
629 2961 800 3029 ἔγνω.
832 2959 936 3023 Εἰς
984 2955 1056 3008 τὰ
1093 2954 1212 3008 ἴδια
1253 2951 1422 3024 ἦλθε,
1464 2953 1563 3005 καὶ
1597 2955 1650 3005 οὶ
1697 2952 1834 3005 ἴδιοι

245 3053 439 3109 αὐτὸν
467 3053 538 3105 οὐ
587 3047 946 3118 παρέλαϐον.
988 3046 1149 3117 Ὁρᾷς
1192 3045 1339 3108 ὅπως
1384 3042 1595 3106 τούτοις
1632 3043 1692 3096 οὐ
1733 3043 1834 3096 Λό-

245 3162 346 3216 γον
381 3144 560 3215 μόνον,
587 3141 661 3204 ὡς
690 3139 864 3193 ἐδόκει
903 3136 1230 3208 Μαρκέλλῳ,
1260 3134 1394 3188 ἀλλὰ
1425 3136 1518 3188 καὶ
1550 3135 1704 3199 Θεὸν,
1735 3136 1832 3187 καὶ

1940 1953 2036 2006 sed
2066 1953 2302 2023 appellat
2333 1969 2455 2008 eum
2491 1954 2658 2009 Deum
2689 1962 2705 2008 τ’
2727 1961 2833 2024 quo
2864 1957 3059 2010 divina:
3094 1957 3371 2028 dignitatis
3405 1957 3521 2028 ejus

1939 2044 2453 2099 excellentissimam
2498 2047 2755 2100 indicaret
2785 2058 3052 2101 naturam.

2008 2135 2064 2188 Ξ.
2108 2131 2406 2190 Transiens
2466 2137 2594 2191 hinc
2666 2139 2730 2192 ad
2794 2138 2954 2192 aliain
3021 2137 3518 2193 considerationem

1939 2226 2251 2294 quamdam,
2286 2226 2432 2282 illius
2477 2241 2638 2297 quam
2673 2229 2909 2283 habebat
2938 2227 3374 2297 gloriﬁcationis,
3409 2227 3518 2280 Lu-

1939 2331 2047 2370 cem
2101 2317 2249 2370 illum
2299 2325 2479 2384 vocat,
2516 2329 2571 2374 et
2620 2334 2717 2388 per
2744 2319 2895 2374 illum
2928 2321 3102 2390 ipsum
3141 2321 3349 2375 titulum
3383 2336 3521 2391 pra:-

1938 2408 2215 2462 exstitisse
2249 2421 2370 2462 eum
2403 2409 2649 2464 indicare
2677 2410 2847 2465 voluit
2879 2421 3004 2466 ante
3029 2422 3366 2480 assumptum
3397 2427 3520 2467 cor-

1939 2514 2038 2567 pus
2065 2515 2220 2553 suum
2253 2519 2269 2553 :-
2297 2501 2565 2568 siquidem
2590 2501 2656 2556 de
2685 2502 2927 2570 Baptista
2967 2503 3179 2558 locutus
3197 2504 3273 2558 ait
3292 2521 3306 2557 :
3325 2551 3340 2570 ,

2008 2592 2062 2646 3.
2103 2591 2229 2644 Non
2258 2601 2375 2645 erat
2407 2592 2494 2645 ille
2531 2591 2644 2656 lux,
2678 2593 2767 2646 sed
2806 2603 2861 2646 ut
2889 2596 3245 2648 testimonium
3283 2594 3523 2664 perhibe-

1937 2694 2014 2738 ret
2045 2684 2108 2737 de
2139 2683 2337 2737 lumine
2375 2682 2491 2750 illo,
2520 2683 2659 2754 quod
2700 2684 2966 2738 illuminat
3011 2702 3213 2740 onmem
3253 2689 3520 2740 hominem

1937 2776 2220 2829 venientem
2240 2775 2294 2828 in
2329 2775 2466 2828 hunc
2490 2776 2765 2829 mundum.
2801 2773 2866 2829 In
2905 2779 3100 2830 mundo
3129 2788 3268 2842 erat,
3301 2788 3349 2831 et
3372 2793 3520 2831 mun-
3564 2847 3578 2854 _

1936 2866 2034 2917 dus
2055 2881 2146 2934 per
2179 2866 2348 2933 ipsum
2379 2865 2553 2934 [actus
2576 2876 2672 2929 est,
2697 2875 2744 2918 et
2777 2866 3004 2920 mundus
3044 2883 3161 2919 eum
3189 2885 3292 2920 non
3321 2884 3518 2937 cogno-

1936 2961 2024 3010 vit.
2059 2956 2123 3009 In
2154 2956 2371 3025 propria
2403 2957 2565 3019 venit,
2603 2965 2654 3009 et
2683 2957 2767 3010 sui
2818 2974 2938 3010 eum
2980 2974 3083 3011 non
3126 2972 3422 3026 receperunt
3446 2961 3517 3016 ”.

1939 3045 2099 3102 Vides
2131 3059 2336 3114 autem,
2369 3058 2424 3102 nt
2467 3048 2520 3102 in
2561 3049 2680 3103 isnis
2731 3065 2838 3103 non
2875 3047 3111 3103 Verbum
3149 3051 3519 3121 solummodo,

1936 3141 2029 3194 sed
2081 3150 2135 3194 et
2182 3141 2347 3195 Deum
2396 3149 2452 3194 et
2508 3140 2708 3205 lucem,
2743 3141 2896 3194 illum
2950 3140 3277 3206 nominavit,
3327 3153 3517 3201 contra

247 3239 369 3310 φῶς
411 3236 573 3291 αὑτὸν
605 3234 877 3305 ὠνόμασε,
913 3230 1285 3304 προῦπάρχειν
1320 3245 1378 3283 τε
1415 3229 1577 3283 αὐτὸν
1607 3228 1829 3296 ἐδίδαξε,

1944 3249 2095 3302 quam
2162 3233 2414 3287 Marcello
2479 3233 2788 3287 videbatur.
2845 3231 3245 3288 Przeexstitisse
3303 3249 3520 3304 quoque

245 3333 347 3387 καὶ
384 3330 477 3383 τὸν
521 3329 725 3398 κόσμον
752 3325 818 3379 δι’
847 3323 1011 3378 αὑτοῦ
1040 3322 1340 3393 γεγονέναι.
1368 3323 1576 3392 Ὥσπερ
1609 3323 1717 3393 γὰρ
1744 3321 1832 3375 διὰ

245 3424 345 3480 τοῦ
389 3421 526 3475 Θεοῦ
588 3417 698 3492 (79)
768 3417 941 3486 Λόγου
990 3414 1345 3485 γεγεννῆσθαι
1385 3414 1452 3468 τὰ
1486 3415 1691 3480 πάντα,
1741 3415 1835 3467 καὶ

246 3517 421 3590 χωρὶς
451 3513 615 3567 αὐτοῦ
656 3509 910 3581 γενέσθαι
958 3508 1109 3561 οὐδὲν
1154 3507 1519 3579 προείρηκεν,
1564 3505 1706 3559 οῦτω
1739 3507 1833 3559 καὶ

244 3611 338 3664 διὰ
366 3608 477 3680 (80)
515 3605 610 3660 τοῦ
643 3604 817 3673 φωτός
838 3620 852 3634 ·
884 3603 936 3655 '0
964 3601 1074 3671 γὰρ
1102 3602 1348 3669 κόσμος,
1373 3600 1528 3671 φησὶ.
1556 3600 1832 3654 διἀῠτοῦ

244 3702 509 3773 ἐγένετο.
547 3699 635 3763 Ὠς
672 3694 810 3751 εἶναι
841 3695 898 3749 ἓν
938 3695 1032 3748 καὶ
1072 3693 1265 3746 ταύτὸν
1306 3692 1372 3746 τὸ
1416 3692 1541 3762 φῶς
1584 3692 1682 3746 καὶ
1726 3692 1834 3749 τὸν

249 3795 405 3851 Θεὸν
441 3796 654 3863 Λόγον.
684 3790 870 3858 Λέγων
897 3787 953 3840 δὲ
986 3787 1052 3840 δι’
1081 3785 1246 3839 αὐτοῦ
1283 3785 1662 3856 γεγεννῆσθαι,
1701 3787 1833 3839 ποτὲ

251 3884 354 3954 μὲν
381 3881 473 3934 τὸν
507 3877 731 3948 κόσμον,
765 3875 896 3929 ποτὲ
934 3873 990 3926 δὲ
1032 3872 1099 3926 τὰ
1133 3873 1330 3936 πάντα,
1380 3872 1441 3925 τὸ
1481 3872 1587 3943 (81)
1624 3873 1831 3944 ὑπηρε-

244 3975 402 4028 τικὸν
431 3970 528 4025 τοῦ
560 3969 694 4023 Θεοῦ
725 3968 1044 4040 παρίστησι.
1085 3965 1392 4036 Δυνάμενος
1428 3963 1558 4034 γοῦν
1597 3967 1625 4018 6
1667 3966 1831 4034 εὐαγ-

248 4063 504 4135 γελιστὴς
559 4064 752 4122 εἰπεῖν,
801 4057 1004 4113 Πάντα
1056 4057 1157 4111 ὑπ’
1205 4056 1390 4111 αὐτοῦ
1439 4056 1695 4127 ἐγένετο,
1738 4056 1833 4109 καὶ

245 4155 436 4221 αὖθις,
471 4154 582 4209 Καὶ
620 4157 653 4208 d
690 4153 917 4220 κόσμος
945 4151 1044 4205 ὑπ’
1071 4148 1258 4203 αὑτοῦ
1287 4148 1543 4218 ἐγένετο,
1569 4149 1688 4219 οὐχ,
1731 4151 1830 4202 ὑπ’

244 4248 458 4312 αὑτοῦ,
493 4246 617 4317 ἔφη,
652 4245 784 4298 ἀλλὰ
810 4242 883 4296 δι’
905 4242 1090 4296 αὐτοῦ
1123 4237 1202 4311 ἦν
1231 4257 1244 4270 ·
1273 4241 1336 4292 ἵν’
1361 4241 1506 4311 ἡμᾶς
1537 4240 1836 4314 ἀναπέμψῃ

246 4347 341 4398 ὲπὶ
369 4343 469 4413 τὴν
497 4341 606 4394 τῶν
633 4338 770 4392 ὅλων
802 4333 1112 4406 ποιητικὴν,
1145 4331 1239 4385 τοῦ
1279 4331 1490 4403 Πατρὸς
1525 4329 1828 4384 αὑθεντίαν.

259 4434 424 4489 Ἀλλὰ
454 4431 553 4487 καὶ
582 4434 614 4485 ό
644 4430 901 4499 κόσμος,
930 4427 1112 4497 φησιν,
1154 4423 1340 4478 αὐτὸν
1371 4426 1479 4477 οὐκ
1512 4421 1684 4493 ἔγνω.
1727 4423 1830 4476 Τὸν

243 4527 304 4582 δὲ
343 4526 439 4579 ἐπὶ
481 4523 697 4576 πάντων
725 4520 855 4573 Θεὸν
886 4520 1140 4588 φυσικαῖς
1172 4516 1402 4578 ἐννοίαις
1433 4516 1668 4578 ἅπαντες
1696 4517 1828 4586 ὁμο-

1937 3323 2166 3379 allirntat
2225 3325 2373 3378 illum
2423 3341 2436 3377 :
2488 3333 2542 3378 et
2598 3325 2858 3377 mundum
2921 3339 3018 3393 per
3070 3325 3246 3394 ipsum
3309 3329 3518 3383 factum

1936 3417 2124 3472 fuisse.
2152 3415 2618 3484 Quemadmodum
2648 3417 2794 3470 enim
2825 3416 2878 3470 in
2903 3418 3336 3485 praecedentibus
3365 3421 3522 3474 dixe-

1936 3517 2042 3574 rat,
2072 3510 2253 3563 omnia
2279 3507 2536 3578 producta
2569 3507 2740 3560 fuisse
2767 3521 2863 3577 per
2901 3507 3140 3562 Verbum
3169 3508 3286 3577 Dei,
3312 3521 3367 3565 et
3396 3511 3521 3566 sine

1935 3601 2027 3656 illo
2087 3600 2219 3655 nihil
2262 3600 2422 3671 plane
2475 3609 2864 3670 procreatunt,
2927 3600 3005 3654 ita
3060 3615 3276 3670 quoque
3325 3612 3379 3656 et
3423 3618 3519 3672 per

1935 3689 2110 3745 lucem
2141 3690 2219 3743 ait
2245 3707 2259 3743 :
2290 3687 2434 3742 Nam
2468 3688 2719 3750 mundus,
2766 3686 2966 3757 inquit,
3004 3703 3096 3756 per
3141 3688 3291 3740 illum
3341 3689 3516 3756 [actus

1934 3792 2030 3844 est,
2072 3790 2132 3834 ut
2165 3782 2236 3834 ita
2270 3795 2408 3834 unus
2441 3780 2690 3846 idemque
2725 3776 2909 3843 fuerit,
2940 3774 3081 3841 Lux,
3114 3785 3168 3831 et
3200 3776 3344 3831 Deus
3385 3775 3515 3831 Ver-

1936 3873 2342 3938 bum-Cumque
2376 3887 2472 3941 per
2502 3871 2648 3925 illum
2681 3867 2916 3923 aﬂirmet
2948 3868 3149 3924 factum
3182 3885 3326 3924 nunc
3358 3886 3518 3924 mun-

1934 3970 2086 4030 dum,
2127 3981 2269 4019 nune
2327 3975 2525 4019 caetera
2575 3963 2784 4028 omnia,
2833 3961 3142 4016 subindicat
3196 3961 3344 4015 illum
3401 3962 3520 4016 Deo

1934 4056 2394 4111 subministrasse.
2425 4051 2558 4105 Nam
2597 4056 2656 4114 ᾖ(
2691 4066 2813 4105 cum
2861 4058 3047 4118 posset
3079 4048 3146 4102 ad
3187 4049 3350 4102 istum
3399 4064 3512 4102 mo-

1935 4148 2058 4203 dum
2083 4145 2328 4216 prol'erre
2349 4141 2678 4210 evangelista
2706 4156 2721 4192 :
2761 4140 2956 4194 Omnia
2984 4140 3050 4193 ab
3082 4139 3174 4193 illo
3197 4139 3340 4207 facta
3362 4149 3512 4204 sunt,

1935 4249 2096 4307 atque
2131 4239 2324 4290 iterum
2359 4250 2373 4288 :
2406 4232 2639 4287 Mundus
2671 4237 2734 4284 ab
2768 4231 2861 4284 illo
2892 4229 3068 4299 factus
3110 4239 3208 4298 est,
3243 4244 3348 4284 non
3379 4230 3514 4286 i!!ud

1933 4332 2132 4404 posuit,
2166 4330 2229 4383 ab
2257 4345 2318 4382 eo
2342 4345 2360 4382 :
2393 4327 2487 4382 sed
2517 4339 2610 4395 per
2632 4341 2770 4381 eum.
2813 4323 2932 4391 Quo
2966 4323 3176 4379 scilicet
3207 4323 3514 4380 remitteret

1933 4441 2028 4481 nos
2075 4423 2141 4478 ad
2194 4421 2560 4476 authenticatn
2592 4418 2769 4472 Patris
2799 4417 2982 4472 omnia
3013 4415 3232 4471 creandi
3268 4425 3509 4485 potesta-

1936 4531 2062 4572 tem.
2111 4515 2218 4570 Sed
2268 4523 2316 4568 et
2357 4515 2607 4576 mundus,
2642 4511 2840 4580 inquit,
2875 4509 3046 4577 ipsum
3091 4523 3194 4561 non
3246 4508 3513 4576 cognovit.

246 4615 499 4686 λογοῦσιν
539 4612 833 4684 ἄνθρωποι,
862 4609 954 4663 καὶ
988 4607 1194 4680 πρῶτοί
1231 4624 1294 4676 γε
1331 4607 1596 4660 Ἰουδαίων
1640 4609 1830 4672 παῖδες

1944 4609 2065 4665 Cum
2098 4610 2286 4673 Deum,
2319 4606 2413 4676 qui
2465 4604 2538 4660 sit
2581 4618 2745 4673 super
2774 4600 2979 4664 omnia,
3019 4614 3118 4670 per
3148 4599 3397 4654 notiones
3429 4599 3514 4652 in-c

245 4712 313 4763 ἐκ
344 4707 454 4760 τῶν
508 4699 858 4775 προφητικῶν
912 4699 1140 4772 Γραφῶν
1187 4697 1712 4769 χειραγωγούμενοι,
1751 4698 1827 4761 ὡς

245 4803 345 4858 καὶ
376 4799 538 4862 αὐτὸς
569 4797 804 4868 παρίστη
839 4791 1177 4866 Μάρκελλος,
1205 4794 1260 4844 ὲν
1286 4795 1398 4856 τοῖς
1440 4792 1564 4863 ἑξῆς
1597 4790 1822 4862 προῖὼν.

246 4892 461 4948 Οὐκοῦν
497 4891 681 4961 ἕτερος
706 4883 774 4958 ἦν
805 4881 976 4948 οὗτος,
1002 4884 1060 4938 ὃν
1084 4886 1114 4937 6
1144 4885 1346 4954 κόσμος
1379 4884 1480 4936 οὐκ
1511 4883 1669 4951 ἔγνω,
1694 4882 1826 4946 Θεὸς

245 4988 342 5040 καὶ
357 4985 550 5054 Λόγος,
581 4980 694 5052 φῶς
713 4979 972 5051 ὑπάρχων
1001 4995 1059 5030 τε
1076 4978 1167 5030 καὶ
1183 4976 1569 5047 ὠνομασμένος
1589 4993 1601 5004 -
1624 4975 1738 5044 φῶς
1761 4975 1818 5028 δὲ

243 5080 347 5134 οὐκ
361 5075 639 5147 αἰσθητὸν,
660 5072 782 5127 οὐδὲ
801 5073 908 5144 (8‘2)
925 5069 1143 5142 σαρκῶν
1157 5070 1288 5142 (82‘)
1303 5067 1609 5139 ὀφθαλμοὺς
1624 5067 1824 5138 ὁμοίως

324 5272 386 5331 >3
411 5263 509 5320 Ed.
538 5263 743 5324 Paris.,
778 5275 901 5331 pag.
927 5257 1016 5316 8i.
1098 5257 1151 5290 ⁸⁰
1177 5256 1335 5312 Joan.
1369 5271 1407 5321 t,
1442 5253 1501 5320 8,
1537 5253 1624 5308 ll.

345 5471 803 5544 77')V|"tt055€-_
1166 5538 1184 5544 _
1392 5531 1524 5544 η.

343 5527 573 5616 78)’Ka_l
589 5527 746 5616 ’Θεὸς
765 5541 845 5610 ἦν
873 5541 906 5592 ὁ
927 5537 1136 5616 Λόγος.
1166 5532 1416 5616 ltno,__xa_tl.
1442 5531 1582 5593 θεῖος
1598 5527 1760 5616 ‘[d'ed.i
1782 5542 1814 5583 e

247 5589 738 5683 ςοῖιὶιῗιὲῗόεόῧῖῖ
761 5589 1500 5683 pote'rattloapties'dixisse,
1526 5589 1649 5683 καιῖ
1671 5598 1813 5683 θεῖος

1944 5589 2210 5683 ιῷξκόσμῳ
2234 5589 2350 5683 γᾶρ.
2379 5589 2467 5683 ἦν,
2497 5593 2593 5683 καὶΣ
2618 5594 2646 5644 6
2675 5591 2880 5683 κξξμος

1933 4702 2070 4755 sitas
2098 4717 2127 4753 a
2157 4709 2352 4753 natura
2386 4703 2719 4768 cognoscant
2745 4707 2938 4748 omnes
2967 4709 2982 4747 :
3013 4690 3284 4760 imprimis
3326 4693 3507 4744 autem

1934 4793 2027 4848 lllii
2068 4791 2395 4856 Judaaorum,
2465 4787 2884 4842 manuductione
2925 4783 3332 4854 Scripturarum
3385 4797 3510 4850 pro-

1933 4885 2312 4956 pheticarum,
2360 4879 2505 4950 quod
2565 4879 2945 4949 prOgrediente
3011 4889 3261 4930 sermone
3323 4872 3510 4927 docuit

1933 4975 2161 5045 ipsemet
2193 4972 2499 5027 Marcellus.
2533 4970 2802 5038 Quocirca
2847 4977 2967 5023 erat
3011 4967 3151 5021 alius
3192 4966 3294 5019 iste
3338 4977 3504 5030 quem

1932 5067 2168 5123 mundus
2212 5082 2317 5121 non
2354 5064 2628 5136 cognovit,
2678 5061 2820 5116 Deus
2859 5069 3023 5129 atque
3070 5055 3332 5120 Verbum,
3386 5052 3505 5108 Lux

1993 5455 2106 5526 (79l
2135 5455 2243 5526 "le.
2273 5453 2434 5522 λόγον
2449 5445 2716 5526 Melior
2739 5445 2898 5526 vulgo
2921 5442 3041 5497 οὐδὲ
3069 5439 3128 5526 ἔγ
3166 5457 3260 5513 πρ.

2137 5524 2247 5578 Τοῦ
2282 5507 2525 5598 ’φωῖόςί
2569 5520 2764 5598 ξΟ-τὰρ
2804 5507 3063 5598 κ’ὂσμρς..
3086 5507 3369 5598 Lege-llam,

2943 5588 2976 5638 ι’
3004 5581 3188 5639 αὐτοῦ.
3226 5581 3336 5638 lloc
3388 5589 3498 5648 est,

245 5658 387 5758 ἧῖἴέ
397 5658 967 5758 ’λὲὲρξεξὶᾐῖκῖῐζξᾶἱ
991 5658 1139 5758 stag
1149 5658 1249 5748 ἦῆ
1277 5658 1652 5758 aliquid'a'liiu‘d
1681 5658 1818 5758 agni

1944 5658 2011 5738 [ui
2040 5658 2138 5720 lux.
2162 5658 2277 5719 erat
2302 5658 2356 5718 et
2386 5658 2686 5716 dicebatur.
2723 5658 2794 5717 Μ.

1998 5736 2104 5758 ιοιι
2158 5734 2537 5758 σψμμΑΑ-...ιλιρ
2595 5732 2755 5758 ιἾΛ-ΙΔ
2784 5747 2794 5758 Α

248 5739 526 5825 Era-teda
544 5739 797 5822 ’ὶρωτίςει
823 5739 1008 5825 ’πάντας
1044 5739 1326 5825 ἄνθρωπον
1343 5739 1666 5825 ;'.muti.late_
1684 5739 1817 5825 citat.

248 5808 643 5898 Evangelistaut
666 5863 681 5889 ,
725 5808 1064 5898 apudﬁuent
1090 5808 1312 5898 _légitnr
1333 5808 1352 5878 ζ
1377 5809 1564 5898 ἦν’-τὸ,
1583 5808 1721 5898 φῶς
1752 5808 1818 5898 τὸ

248 5887 543 5968 ἁληῶνὸν
557 5893 588 5948 ὃ
604 5887 848 5963 φωτίζει.
873 5887 1016 5952 Μζ-
1028 5887 1108 5944 lnf
1111 5905 1165 5943 ra
1180 5887 1337 5958 vulgo
1353 5887 1723 5956 προϋπάρχειν
1737 5896 1814 5932 τε.

1995 5736 2106 5803 (81)
2158 5734 2554 5802 Ὑπηρετικόν.
2595 5732 2756 5788 Forte
2783 5726 2973 5796 αὐτοῦ,
3001 5726 3080 5799 τῷ
3107 5723 3245 5794 Θεῷ.
3281 5721 3352 5780 Μ.

1999 5806 2112 5872 (82)
2141 5805 2310 5874 Vulgo
2333 5803 2615 5874 σαρκικᾴν.

1994 5871 2132 5948 (θεέ)
2167 5873 2298 5930 Οὐδὲ
2331 5871 2479 5948 age,
2511 5871 2616 5945 Μμ.
