3970 6510
298 424 414 481 859
1263 432 1346 487 DE
1385 432 1917 491 ECCLESIASTICA
1956 436 2348 495 THEOLOGIA
2388 441 2519 500 LIB.
2560 442 2599 499 l.
3444 447 3549 501 870

299 539 484 606 λέγων
517 540 546 592 6
578 538 787 614 Πατήρ·
827 542 935 597 Καὶ
967 542 1229 608 ἐδόξασα
1276 546 1373 598 καὶ
1402 546 1587 600 πάλιν
1622 548 1861 613 δοξάσω

1988 554 2318 621 respondens
2358 554 2433 609 ait
2476 554 2639 611 Pater
2671 571 2686 609 :
2716 554 2783 609 Et
2815 557 3112 626 gloriﬁcavi
3156 567 3227 624 te,
3261 570 3307 613 et
3357 562 3544 615 iterum

300 633 420 686 Καὶ
460 633 541 687 ἐτι
589 635 789 706 μᾶλλον
828 637 929 710 τὴν
979 638 1275 694 ὑπόστασιν
1319 640 1483 694 αὑτοῦ
1521 643 1867 713 συνίστησιν(

1985 642 2375 711 gloriﬁcabo“.
2433 647 2537 699 Sed
2578 649 2756 702 adhuc
2794 649 3023 704 ulterius
3075 652 3406 721 evangelista
3458 654 3546 707 ille

297 723 473 787 αὐτὸς
521 724 911 799 εὐαγγελιστὴς
942 729 1251 800 ἐπιφέρων,
1318 733 1567 802 Ἰωάννης
1615 738 1867 806 μαρτυρε

1984 732 2126 787 idem
2154 734 2221 787 de
2251 735 2527 804 hypostasi
2554 738 2724 805 ipsius
2749 739 2996 807 perbibet
3026 743 3417 809 testimonium,
3453 746 3541 798 ubi

294 814 435 885 περὶ
461 815 625 868 αὑτοῦ
652 817 745 868 καὶ
770 816 1009 889 κέκραγε
1050 819 1223 887 λέγων
1250 839 1263 852 ·
1292 819 1484 890 Οὗτος
1515 822 1594 895 ἦν
1624 830 1656 880 d
1691 829 1882 881 ὀπίσω

294 917 421 966 μου
443 900 766 971 ἐρχόμενος
790 943 804 967 ,
834 905 902 972 ὃς
932 908 1270 977 ἔμπροσθέν
1304 929 1421 979 μου
1458 915 1703 984 γέγονεν
1723 955 1738 979 ,
1792 917 1882 971 ὅτι

294 990 535 1060 πρῶτός
559 1012 677 1065 μου
719 995 819 1069 ἦν,
855 998 943 1051 ὅτι
994 1000 1063 1053 ἐκ
1108 1002 1217 1055 τοῦ
1264 1003 1654 1072 πληρώματος
1694 1008 1879 1061 αὐτοῦ

291 1082 475 1150 ἡμεῖς
504 1086 728 1154 πάντες
775 1090 1085 1160 ἐλάϐομεν.
1139 1092 1300 1146 ‘me
1351 1094 1577 1163 βοῶντος
1614 1098 1877 1161 Ἰωάννου,

291 1174 379 1226 ὅτι
411 1175 629 1245 πρῶτος
672 1174 739 1249 ἦν
776 1180 939 1233 αὐτοῦ
966 1221 981 1245 ,
1007 1183 1104 1235 οὐκ
1146 1184 1329 1237 ἀκούει
1370 1188 1399 1238 6
1426 1186 1542 1249 νέος
1570 1188 1875 1252 Σαϐέλλιος.

292 1265 479 1319 καίτοι
506 1268 646 1321 κατὰ
667 1271 846 1342 σάρκα
866 1273 1073 1344 προῆγε
1118 1274 1211 1327 τοῦ
1239 1273 1454 1347 (88-89)
1492 1277 1590 1347 τὴν
1616 1280 1827 1347 γένεσιν
1850 1283 1878 1334 6

290 1355 612 1428 Βαπτιστὴς
656 1359 923 1430 Ἰωάννης.
957 1362 1081 1426 Πῶς
1113 1357 1205 1415 οὖν
1227 1364 1582 1435 μαρτύρεται,
1618 1368 1701 1419 ὅτι
1726 1368 1875 1439 πρῶ-

286 1463 389 1511 τος
418 1448 581 1501 αὑτοῦ
617 1444 683 1520 ἦν
707 1454 804 1522 ,τῇ
831 1453 929 1522 μὲν
957 1453 1064 1524 γὰρ
1088 1456 1230 1509 κατὰ
1258 1458 1433 1527 σάρκα
1464 1460 1741 1528 γεννήσει,
1776 1460 1874 1513 οὐκ

287 1532 363 1609 ἦν
387 1540 607 1610 πρῶτος
632 1541 797 1595 αὐτοῦ
821 1546 848 1596 6
872 1545 1060 1616 Σωτήρ
1084 1562 1099 1576 ·
1135 1546 1332 1600 οὐκοῦν
1355 1548 1476 1600 καθ’
1508 1549 1537 1602 ὃ
1562 1550 1875 1622 Μονογενὴς

284 1623 360 1699 ἦν
391 1626 488 1681 τοῦ
510 1628 666 1695 Θεοῦ,
697 1630 909 1701 πρῶτος
938 1628 1006 1703 ἦν
1034 1633 1127 1687 τοῦ
1158 1636 1424 1695 Ἰωάννου.
1450 1638 1544 1691 καὶ
1567 1638 1873 1711 ἔμπροσθεν

286 1717 463 1771 αὐτοῦ
490 1720 729 1788 γέγονεν.
761 1717 887 1793 'Ap‘
907 1719 999 1777 οὖν
1020 1726 1323 1797 ἐπιδέχεται
1338 1728 1509 1782 ταῦτα
1532 1730 1625 1782 ἐπὶ
1649 1729 1738 1783 τὸν
1763 1733 1873 1784 Πα-

286 1807 433 1879 τέρα
456 1811 549 1863 καὶ
563 1808 695 1864 Θεὸν
718 1812 823 1865 τῶν
843 1814 978 1866 ὅλων
1012 1816 1396 1888 ἀναφέρεσθαι,
1425 1818 1457 1890 ἢ
1493 1821 1584 1873 ἐπὶ
1616 1820 1870 1875 ἀνούσιον

1982 822 2215 879 Joannes
2261 825 2503 895 Baptista
2552 829 2917 883 testimonium
2948 832 2996 885 ei
3027 834 3318 901 perhibuit,
3341 845 3395 890 et
3428 836 3543 890 cla-

1982 918 2151 971 mavit
2181 918 2364 973 dicens
2399 919 2544 973 :liic
2592 930 2705 973 erat
2746 923 2835 989 qui
2862 932 2975 991 post
3017 942 3098 977 me
3143 928 3373 991 ueniens,
3421 940 3543 980 ante

1980 1027 2061 1064 me
2092 1010 2263 1078 factus
2294 1022 2391 1076 est,
2422 1014 2545 1082 quia
2578 1016 2726 1080 prior
2752 1030 2833 1067 me
2876 1028 3010 1080 erat,
3042 1021 3164 1087 quia
3206 1022 3270 1074 de
3312 1022 3539 1088 plenitu—

1979 1107 2102 1160 dine
2129 1106 2242 1177 ejus
2270 1123 2443 1161 omnes
2472 1109 2763 1177 accepimus
2779 1110 2845 1165 ⁸⁸.
2891 1111 2994 1166 Sed
3029 1114 3347 1167 clamantem
3372 1114 3540 1168 Joan-

1979 1213 2101 1251 nem
2133 1198 2274 1266 quod
2322 1200 2472 1267 prior
2510 1199 2627 1268 ipso
2667 1198 2848 1266 fuerit,
2876 1202 3144 1257 Sabellius
3203 1220 3307 1259 non
3366 1208 3535 1269 audit,

1978 1303 2251 1360 utcunque
2292 1292 2359 1346 de
2390 1294 2742 1359 generatione
2779 1287 2918 1362 apud
2952 1294 3165 1349 Patrem
3192 1295 3432 1365 Baptista
3457 1299 3540 1352 in-

1977 1385 2233 1437 stituebat
2289 1397 2611 1438 sermonem.
2664 1384 2944 1450 Quomodo
2988 1386 3151 1453 igitur
3194 1387 3243 1441 ei
3294 1388 3538 1441 testimo-

1976 1476 2122 1529 nium
2150 1475 2414 1542 perhibet,
2452 1476 2596 1544 quod
2627 1476 2753 1532 an'te
2790 1477 2964 1545 ipsum
3009 1476 3170 1530 erat?
3197 1476 3363 1531 Certe
3391 1480 3534 1545 quod
3622 1548 3625 1549 ν

1975 1574 2184 1633 spectat
2236 1565 2417 1619 carnis
2461 1566 2901 1636 generationem,
2941 1565 3201 1620 Servator
3262 1580 3367 1619 non
3417 1575 3539 1620 erat

1974 1664 2099 1707 ante
2120 1670 2241 1709 eum
2272 1671 2286 1707 :
2316 1659 2627 1711 necessario
2653 1657 2763 1711 vult
2800 1658 3094 1711 secundum
3123 1672 3267 1724 eam,
3297 1671 3401 1726 qua
3441 1656 3534 1711 Dei

1973 1746 2170 1799 dicitur
2206 1745 2543 1817 Unigenitus.
2586 1746 2893 1803 Secundum
2943 1748 3087 1803 hanc
3143 1752 3292 1816 prior
3330 1748 3536 1803 Joanne

1974 1828 2097 1894 fuit,
2129 1841 2185 1885 et
2212 1843 2338 1886 ante
2373 1847 2494 1886 eum
2558 1833 2905 1887 nascebatur.
2948 1832 3264 1886 Patieturne
3314 1835 3416 1886 ista
3467 1836 3535 1887 ad

289 1900 390 1952 καὶ
403 1900 772 1955 ἀνυπόστατον
787 1904 843 1955 ὲν
874 1903 953 1973 τῷ
982 1904 1099 1975 Θεῷ
1137 1906 1305 1974 Λόγον
1317 1907 1406 1962 τὸν
1442 1907 1600 1962 αὐτὸν
1636 1909 1765 1964 ὄντα
1794 1910 1867 1981 τῷ

1972 1912 2183 1967 Patrem
2217 1924 2272 1969 et
2301 1916 2673 1970 universorum
2703 1916 2869 1971 Deum
2901 1917 3115 1981 referri,
3147 1933 3214 1971 an
3246 1918 3425 1985 potius
3461 1919 3529 1969 ad

288 1990 449 2062 Θεῷς
501 1993 611 2045 Καὶ
640 1993 756 2057 πῶς
793 1994 858 2050 ἂν
885 1996 970 2065 εἴη
992 1996 1212 2050 δυνατὸν
1242 2000 1367 2069 περὶ
1400 2001 1492 2053 τοῦ
1523 2000 1598 2071 μὴ
1630 2001 1873 2071 ὑφεστῶ-

286 2099 385 2147 τος
413 2082 572 2150 λόγου
589 2084 840 2153 λέγεσθαι
861 2087 939 2151 τὸ,
968 2088 1343 2156 Ἐμπροσθέν
1364 2108 1482 2159 μου
1503 2090 1709 2160 γέγονε
1733 2109 1750 2154 ;
1776 2093 1871 2155 Τίς

283 2172 338 2224 δ’
371 2172 515 2227 οὕτω
541 2174 755 2247 μανείη,
788 2176 862 2241 ὡς
916 2179 1135 2249 νομίσαι
1169 2179 1419 2251 Ἰωάννην
1449 2180 1540 2233 τὸν
1562 2182 1869 2254 Βαπτιστὴν

284 2265 534 2335 περὶτοῦ
550 2266 686 2319 Θεοῦ
704 2267 810 2321 τῶν
828 2268 963 2321 ὅλων
980 2270 1255 2341 εἰρηκέναι
1271 2270 1740 2340 militumad“?
1750 2292 1869 2343 μου

283 2354 505 2423 γέγονε
522 2396 537 2420 ,
569 2358 664 2410 καὶ
707 2359 792 2413 ὅτι
846 2360 1073 2429 πρῶτός
1094 2380 1213 2431 μου
1237 2358 1349 2432 ἧν;
1377 2363 1582 2417 Οὐκοῦν
1604 2365 1869 2419 δέδεικται

284 2445 383 2499 διὰ
425 2448 629 2502 τούτων
685 2452 1050 2522 προῦπάρχων
1096 2453 1195 2523 τῆς
1244 2454 1485 2508 Ἰωάννου
1537 2458 1796 2525 γενέσεως
1841 2459 1870 2511 ό

290 2539 735 2611 θεολογούμενος,
770 2544 864 2596 καὶ
921 2543 1225 2615 ἔμπροσθεν
1268 2546 1432 2599 αὐτοῦ
1475 2548 1713 2616 γεγονὼς
1756 2548 1866 2612 ι90)

295 2630 525 2702 συνέστη
548 2651 606 2686 τε
639 2634 699 2687 οὐ
736 2635 895 2705 μόνον
930 2636 1100 2704 Λόγος
1119 2678 1133 2702 ,
1165 2637 1299 2691 ἀλλὰ
1335 2640 1426 2691 καὶ
1453 2638 1584 2702 Θεὸς
1609 2640 1701 2693 καὶ
1730 2639 1865 2707 φῶς,

291 2725 389 2777 καὶ
412 2725 741 2796 Μονογευὴς,
774 2726 880 2798 πρὸ
913 2727 1011 2798 τῆς
1050 2728 1314 2800 ἐνσάρκου
1357 2732 1656 2801 παρουσίας
1697 2732 1868 2804 ὑπάρ-

290 2834 404 2885 χων
432 2833 491 2869 τε
518 2818 612 2869 καὶ
637 2817 1038 2889 ὠνομασμένος.
1066 2821 1281 2874 Τούτων
1314 2820 1369 2874 δὲ
1402 2821 1564 2875 πόθεν
1603 2824 1635 2883 ἠ
1669 2824 1867 2890 γνῶσις

288 2906 368 2977 τῷ
403 2906 779 2979 εὐαγγελιστῇ,
810 2910 967 2972 αὐτὸς
1004 2910 1230 2982 δηλώσει
1253 2910 1424 2978 λέγων
1455 2910 1613 2981 ἑξῆς,
1644 2915 1672 2965 6
1696 2915 1867 2966 Μονο-

284 3000 457 3069 γενὴς
490 2999 617 3063 Υἱὸς
649 3003 679 3053 6
700 2999 774 3053 ὢν
808 3002 886 3064 εἰς
907 3002 996 3054 τὸν
1024 3002 1221 3055 κόλπον
1245 3002 1337 3055 τοῦ
1364 3004 1577 3074 [ἰατρὸς
1597 3043 1611 3067 ,
1660 3006 1866 3067 ἐκεῖνος

281 3089 617 3160 ἐξηγήσατο.
673 3092 834 3163 Ὁρᾷς
886 3091 1035 3162 παρὰ
1086 3092 1229 3156 τίνος
1272 3092 1554 3163 μεμάθηκε
1600 3094 1693 3146 τοῦ
1739 3094 1863 3148 Υίοῦ

282 3182 393 3252 τὴν
419 3180 713 3250 θεολογίαν.

1974 2005 2197 2058 verbum
2244 2005 2667 2060 involuntarium
2708 2017 2762 2061 et
2801 2008 3095 2063 inexisteus
3132 2007 3186 2061 in
3216 2008 3357 2073 Deo,
3390 2011 3532 2077 quod

1972 2112 2092 2150 cum
2110 2095 2220 2151 Deo
2249 2098 2387 2152 idem
2410 2097 2523 2152 sit?
2544 2098 2647 2153 Sed
2667 2099 2731 2152 de
2757 2100 2917 2153 verbo
2943 2116 3047 2155 non
3075 2099 3424 2163 subsistente,
3446 2113 3531 2152 est

1973 2184 2302 2255 impossibile
2323 2196 2385 2240 ut
2411 2187 2624 2241 dicatur
2663 2186 2795 2241 illud
2830 2204 2843 2240 :
2881 2190 3017 2242 Ante
3060 2204 3140 2242 me
3180 2188 3372 2256 fuerat.
3398 2188 3529 2255 Quis

1972 2280 2107 2331 adeo
2138 2277 2360 2331 insanus
2392 2288 2495 2340 est,
2528 2289 2586 2332 ut
2616 2278 2867 2347 opinetur
2892 2278 3190 2348 Baptistam
3225 2281 3288 2334 de
3310 2280 3529 2334 univer-

1972 2383 2153 2424 sorum
2198 2369 2309 2423 Deo
2361 2369 2549 2423 istbec
2606 2385 2940 2437 usurpasse:
2971 2370 3104 2424 Erat
3144 2381 3264 2425 ante
3321 2388 3420 2434 me,
3475 2383 3531 2426 et

1970 2462 2116 2530 prius
2141 2476 2217 2513 me
2262 2461 2469 2529 genitus
2492 2470 2566 2514 est
2589 2462 2615 2514 Ρ
2651 2466 2709 2525 >3
2740 2460 2875 2515 lliuc
2906 2462 3073 2531 igitur
3099 2463 3528 2516 demonstratum

1971 2561 2078 2617 est,
2110 2566 2233 2606 eum
2281 2552 2350 2605 de
2397 2551 2553 2617 cujus
2592 2551 2877 2607 divinitate
2910 2553 3108 2622 agitur,
3139 2561 3264 2607 ante
3291 2553 3528 2623 genitum

1968 2642 2229 2698 Joannem
2283 2640 2629 2697 substitisse:
2664 2651 2718 2697 et
2766 2643 2915 2712 prius
2954 2641 3044 2697 illo
3092 2644 3326 2712 genitum
3360 2645 3529 2698 exsti-

1971 2731 2150 2788 tisse:
2189 2731 2280 2802 qui
2332 2746 2437 2787 non
2476 2732 2647 2786 solum
2696 2732 2853 2787 modo
2908 2731 3169 2797 Verbum,
3225 2734 3320 2789 sed
3368 2735 3527 2797 Deus,

1970 2823 2086 2888 lux,
2118 2821 2461 2894 Unigenitus',
2491 2832 2618 2878 ante
2645 2822 2934 2876 adventum
2963 2822 3015 2876 in
3045 2837 3209 2877 carne
3235 2832 3289 2877 et
3331 2833 3447 2878 erat
3471 2834 3528 2877 et

1967 2914 2269 2969 dicebatur.
2332 2914 2485 2970 Unde
2542 2929 2671 2969 vero
2724 2914 2838 2969 haec
2888 2912 3127 2981 cognitio
3183 2913 3527 2981 evangelistze

1967 3005 2411 3075 accesserit,ipse
2431 3022 2528 3060 nos
2555 3005 2766 3061 docebit
2792 3006 2845 3059 in
2870 3003 3246 3072 sequentibus,
3270 3003 3527 3072 Unigeni-

1968 3104 2055 3147 tus
2094 3093 2284 3158 Filius,
2328 3096 2420 3164 qui
2451 3107 2569 3149 erat
2608 3096 2658 3149 in
2698 3096 2818 3148 sinu
2854 3094 3056 3155 Patris,
3083 3095 3196 3161 ipse
3223 3093 3522 3148 enarravit.

1972 3183 2129 3238 Vides
2156 3185 2314 3240 Verbi
2346 3185 2644 3239 divinitatis
2682 3184 2918 3239 rationes
2946 3183 3084 3238 unde
3106 3183 3315 3237 didicit.

360 3271 422 3325 ε’.
452 3275 526 3326 Οὐ
555 3273 661 3344 γὰρ
694 3275 897 3345 Μωσῆς
920 3291 1082 3345 φησιν
1107 3274 1239 3344 (9|).
1288 3275 1408 3329 οὐδὲ
1449 3278 1741 3347 προφητῶν
1783 3297 1864 3341 τις

2036 3275 2087 3330 5.
2128 3274 2246 3330 Non
2292 3275 2504 3346 Moyses
2551 3277 2645 3342 ait,
2682 3276 2775 3331 sed
2821 3290 2921 3330 nec
2960 3273 3338 3343 prophetarum
3381 3274 3530 3343 quis-
3608 3256 3609 3259 η

281 3362 399 3415 τῶν
430 3362 567 3432 μετὰ
594 3362 797 3416 Μωσέα
816 3379 829 3393 ο
860 3362 979 3415 οὐδέ
1004 3379 1067 3430 γε
1087 3363 1333 3432 ἀγγέλων
1358 3382 1460 3427 τις,
1490 3366 1522 3435 ἢ
1551 3365 1656 3417 τῶν
1690 3384 1867 3436 xpete-

281 3451 460 3506 τόνων
506 3452 789 3521 δυνάμεων
807 3491 821 3515 ,
853 3450 966 3504 ἀλλ’
988 3452 1149 3516 αὐτὸς
1181 3454 1209 3504 6
1259 3455 1549 3525 μονογενὴς
1577 3455 1701 3518 Υἱὸς
1726 3457 1865 3509 τοῦτ’

281 3543 612 3613 ἐξηγήσατο.
639 3542 844 3596 Οὐκοῦν
886 3547 914 3597 6
954 3544 1051 3614 μὲν
1092 3545 1318 3615 ἀόρατος
1358 3546 1488 3609 Θεὸς
1531 3546 1629 3600 οὐκ
1673 3547 1867 3619 ἐξηγή-

285 3651 459 3699 σατο,
496 3636 526 3687 6
570 3634 628 3687 δὲ
678 3634 967 3706 μονογενὴς
1007 3635 1133 3698 Υἱὸς
1179 3636 1370 3707 ὁρατὸς
1406 3636 1723 3707 γενόμενος,
1768 3640 1865 3709 τὴν

282 3727 423 3797 περὶ
443 3726 536 3779 τοῦ
565 3726 777 3797 Πατρὸς
809 3724 1112 3798 ἀνθρώποις
1138 3727 1396 3796 ἐξήγησιν
1424 3729 1731 3798 ἐποιήσατο,
1760 3730 1867 3782 ἕτε-

287 3840 385 3896 ρος
428 3822 503 3875 ὢν
546 3821 745 3893 δηλαδὴ
792 3821 941 3892 παρὰ
968 3822 1056 3874 τὸν
1108 3822 1337 3890 ἀόρατον
1391 3822 1554 3875 Θεόν·
1597 3823 1733 3876 ἀλλὰ
1770 3825 1864 3877 καὶ

285 3914 660 3986 προῦπάρχων
688 3910 778 3984 ἦν,
813 3914 914 3965 οὐκ
958 3914 1014 3965 ἐν
1041 3916 1107 3984 τῇ
1156 3912 1361 3984 διανοίᾳ
1392 3912 1481 3966 τοῦ
1510 3914 1720 3986 Πατρὸς
1742 3952 1757 3978 ,
1789 3916 1863 3978 ὡς

284 4003 467 4056 ἐδόκει
495 4003 817 4073 Μαρκέλλῳ,
850 4002 964 4055 ἀλλ’
989 4004 1045 4055 ἐν
1076 4005 1187 4065 τοῖς
1210 4002 1426 4065 κόλποις
1460 4002 1649 4067 αὑτοῦ,
1676 4003 1863 4076 ὥσπερ

287 4094 408 4163 (92)
434 4094 497 4165 δὴ
526 4096 657 4163 ἡμῖν
686 4092 1013 4164 ἐπήγγελται
1035 4094 1065 4147 6
1098 4093 1286 4165 Σωτὴρ
1309 4094 1387 4157 είς
1407 4094 1638 4158 κόλπους
1669 4094 1862 4166 Ἀδρα-

287 4188 323 4239 ὰ
333 4204 374 4256 μ
400 4187 495 4238 καὶ
531 4184 716 4238 Ἰσαὰκ
741 4186 831 4237 καὶ
869 4182 1059 4237 Ἰακὼὸ
1088 4183 1579 4245 διαναπαύσασθαι,
1605 4184 1747 4238 οὕτω
1770 4187 1861 4239 καὶ

285 4281 316 4331 6
352 4278 479 4349 Tit);
507 4281 584 4341 είς
607 4277 695 4330 τὸν
724 4277 920 4330 κόλπον
948 4271 1015 4347 ἦν
1044 4275 1138 4328 τοῦ
1164 4276 1376 4347 [ἰατρὸς
1398 4317 1412 4342 ,
1443 4277 1539 4346 οὐχ
1586 4274 1667 4339 εἷς
1711 4278 1804 4330 καὶ
1833 4278 1861 4329 6

286 4368 452 4432 αὐτὸς
492 4367 567 4421 ὢν
595 4368 671 4439 τῷ
709 4368 900 4439 Πατρὶ,
931 4367 1053 4419 ἐπεὶ
1086 4366 1218 4437 μηδὲ
1248 4368 1407 4437 ἡμεῖς
1432 4367 1587 4419 αὐτοὶ
1626 4367 1859 4438 ἐσόμεθα

285 4463 403 4524 τοῖς
427 4461 603 4529 ἁγίοις
642 4460 930 4529 πατράσιν.
976 4458 1135 4510 Ἀλλὰ
1160 4457 1267 4528 γὰρ
1294 4458 1388 4510 ἐπὶ
1426 4457 1637 4522 τούτοις
1682 4460 1856 4529 τήρει,

285 4557 438 4615 ὅπως
462 4553 597 4623 μετὰ
613 4553 671 4605 τὸ
686 4550 830 4615 ἅπαξ
850 4550 1109 4621 ὀνομάσαι
1128 4550 1297 4617 Λόγον
1321 4548 1414 4603 καῖ⁵
1428 4548 1558 4602 Θεὸν
1581 4550 1670 4602 τὸν
1696 4550 1856 4604 αὑτὸν

286 4646 555 4707 ἀνειπεῖν,
588 4644 681 4697 καὶ
705 4643 817 4711 φῶς
840 4641 1203 4704 ἀποκαλέσαι,
1234 4640 1329 4693 καὶ
1360 4640 1636 4711 Μονογενῆ
1665 4641 1851 4710 φάναι,

286 4738 385 4791 καὶ
410 4736 536 4788 Υίὺν
562 4734 694 4788 Θεοῦ
737 4732 1095 4805 ὁμολογῆσαι,
1126 4735 1225 4787 οὐκ
1262 4733 1341 4786 ἔτι
1370 4732 1540 4800 Λόγον
1577 4732 1851 4803 ὀνομάζει,

285 4828 426 4883 ἀλλὰ
457 4828 551 4881 καὶ
582 4826 742 4879 αὑτὸν
771 4825 953 4878 λοιπὸν
992 4827 1192 4895 ἱστορεῖ
1238 4825 1328 4879 τὸν
1362 4826 1623 4895 Σωτῆρα,
1656 4824 1717 4878 οὐ
1748 4826 1851 4877 Λό-

285 4938 384 4989 γον
413 4918 605 4972 ἐαυτὸν
627 4915 1001 4971 ἀποκαλοῦντα
1023 4954 1038 4978 ,
1085 4916 1220 4969 ἀλλὰ
1254 4917 1381 4970 Υἰὺν
1410 4917 1504 4969 καὶ
1552 4916 1850 4986 Μονογενῆ,

286 5012 380 5065 καὶ
413 5011 546 5079 φῶς,
580 5011 673 5065 καὶ
698 5008 842 5079 ζωὴν
865 5047 880 5073 ,
923 5008 1017 5060 καὶ
1042 5006 1330 5077 ἀλήθειαν,
1364 5008 1459 5061 καὶ
1481 5006 1616 5060 ἄλλα
1653 5008 1851 5078 μυρία·

284 5105 477 5174 ὥσπερ
498 5100 591 5156 οὖν
614 5102 844 5155 ἀκοῦσαι
876 5102 1135 5175 πάρεστιν
1156 5100 1320 5154 αὑτοῦ
1346 5093 1446 5153 ὧδέ
1473 5116 1551 5170 πη
1573 5098 1853 5151 διδάσκον-

286 5211 378 5255 τος
400 5210 413 5225 ·
450 5194 611 5246 Οὕτω
631 5191 739 5261 γὰρ
764 5190 1079 5259 ἠγάπησεν
1093 5194 1125 5245 ό
1145 5189 1287 5256 Θεὸς
1310 5189 1416 5243 τόν
1426 5189 1676 5258 κόσμον,
1696 5185 1852 5241 ὥστε

287 5286 399 5339 τὸν
440 5282 574 5338 Υἱόν
596 5282 779 5337 αὑτοῦ
820 5282 926 5335 τόν
944 5279 1241 5352 μονογενῆ
1280 5280 1503 5334 ἔδωκεν
1525 5317 1540 5342 ,
1574 5278 1675 5331 Ira
1733 5274 1851 5343 πᾶς

362 5472 425 5531 ›Ῑ‹
450 5465 549 5520 Ed.
571 5463 767 5531 Paris.,
799 5478 923 5535 pag.
947 5460 1036 5517 86.
1110 5459 1157 5493 “
1188 5460 1345 5517 Joan.
1375 5475 1472 5524 xit,
1499 5456 1589 5513 28.
1645 5457 1689 5490 ⁸⁵
1714 5454 1867 5511 Joan.
1902 5468 1942 5522 ι,

363 5707 575 5777 (88-89)
605 5704 770 5777 Vulgo
794 5670 1000 5776 traepd;
1021 5712 1074 5759 et
1106 5702 1239 5758 infra
1264 5700 1476 5771 πρῶτος
1509 5698 1671 5754 αὐτοῦ
1692 5693 1759 5769 ἦν
1795 5707 1850 5753 et

286 5776 382 5833 ἐπὶ
405 5776 653 5832 ἀκούσιον
679 5776 732 5831 et
752 5776 996 5846 νομίσας.

361 5849 468 5919 (90)
498 5838 833 5917 Συνέστηκεν
862 5846 921 5899 οὐ
957 5838 1113 5916 vulgo
1146 5853 1197 5900 et
1226 5843 1318 5897 τοῦ
1351 5842 1479 5897 Υἱοῦ
1511 5838 1809 5908 Θεολογίαν.

1966 3366 2111 3435 piam
2143 3374 2265 3436 post
2305 3366 2543 3437 Moysem
2568 3381 2583 3419 :
2609 3380 2713 3422 non
2744 3381 2774 3420 e
2817 3380 3042 3420 numero
3070 3363 3406 3433 angelorum,
3434 3376 3529 3417 aut

1966 3457 2277 3514 sublimium
2307 3458 2504 3527 aliquis
2528 3466 2855 3527 potestatum
2886 3473 2901 3510 :
2927 3457 3020 3511 sed
3060 3456 3174 3524 ipse
3202 3453 3371 3510 Filius
3398 3457 3525 3509 uni-

1965 3550 2201 3617 genitus,
2242 3551 2345 3604 hoc
2381 3549 2693 3605 enarrabat.
2750 3537 3072 3618 Unigenitus
3106 3546 3297 3609 Filius,
3344 3546 3523 3602 factus

1964 3638 2217 3703 visibilis,
2253 3642 2649 3695 enarrationem
2693 3639 2760 3694 de
2795 3638 2956 3692 Patre
2986 3638 3127 3708 apud
3171 3639 3416 3693 homines
3440 3639 3526 3692 in-

1964 3731 2224 3786 stituebat
2246 3731 2412 3796 alius,
2435 3745 2626 3801 nempe
2649 3731 2946 3795 exsisteus,
2986 3730 3054 3785 ab
3082 3729 3336 3784 invisibili
3374 3730 3521 3783 Deo:

1962 3821 2056 3875 sed
2081 3832 2136 3875 et
2166 3822 2579 3887 praeexsistebat
2613 3820 2703 3874 ille
2737 3836 2868 3884 non,
2896 3821 3039 3889 quod
3068 3818 3319 3873 Marcello
3350 3820 3523 3873 visum

1962 3919 2065 3975 est,
2105 3910 2159 3965 in
2208 3922 2389 3966 mente.
2428 3910 2640 3975 Patris;
2665 3911 2759 3965 sed
2802 3912 2856 3964 in
2901 3912 3023 3964 sinu
3065 3909 3222 3978 ejus:
3254 3911 3524 3979 quomodo

1962 4001 2213 4065 promisit
2265 4000 2522 4055 Servator
2578 4000 2752 4065 nobis,
2810 4015 2908 4055 nos
2959 4000 3013 4054 in
3054 4000 3174 4054 sinu
3222 4001 3518 4065 Abraham,

1962 4088 2131 4156 Isaac,
2163 4098 2217 4144 et
2246 4089 2413 4145 Jacob
2450 4090 2729 4160 quieturos
2762 4106 2777 4145 :
2810 4090 2884 4144 ita
2917 4099 2973 4145 et
3016 4090 3130 4158 ipse
3166 4099 3287 4143 erat
3319 4089 3371 4142 in
3399 4089 3519 4143 sinu

1961 4180 2158 4247 Patris,
2187 4196 2294 4237 non
2322 4197 2461 4237 unus
2498 4181 2746 4249 idemque
2771 4196 2891 4235 cum
2923 4195 3020 4235 suo
3047 4180 3225 4233 Patre.
3253 4179 3384 4233 Nam
3422 4196 3521 4235 nec

1962 4286 2060 4326 nos
2089 4272 2254 4327 futuri
2288 4287 2478 4326 sumus
2507 4272 2667 4327 iidem
2702 4288 2823 4326 cum
2865 4271 3068 4326 sanctis
3111 4271 3217 4325 illis
3254 4272 3516 4341 patribus.

1961 4364 2067 4419 Sed
2098 4374 2154 4419 et
2195 4364 2323 4419 illu‘d
2368 4365 2589 4434 insuper
2619 4363 3015 4418 observandum
3049 4363 3213 4427 venit,
3256 4362 3399 4433 quod
3431 4364 3520 4418 ubi

1959 4457 2125 4512 semel
2142 4456 2371 4511 Verbum
2391 4456 2786 4518 nominaverant,
2815 4454 3060 4510 eumdem
3088 4454 3251 4509 etiam
3276 4464 3330 4509 et
3354 4454 3520 4509 Deum

1959 4558 2014 4602 et
2041 4547 2214 4603 lucem
2252 4548 2408 4613 dixit,
2433 4557 2488 4602 et
2516 4547 2855 4615 Unigenitum
2888 4545 3196 4617 appellavit,
3233 4557 3288 4600 et
3327 4544 3520 4600 Filium

1960 4639 2053 4693 Dei
2084 4640 2390 4693 conﬁtetur.
2426 4635 2535 4692 Nee
2592 4638 2845 4705 deinceps
2878 4637 3029 4691 illum
3076 4635 3312 4692 Verbum
3360 4652 3519 4691 usur-

1958 4744 2071 4802 pat,
2103 4733 2198 4787 sed
2226 4741 2281 4787 et
2310 4730 2651 4785 Servalorem
2678 4738 3085 4793 commemorat,
3105 4728 3323 4797 insuper
3348 4728 3521 4796 ipsum

1961 4833 2019 4875 se
2049 4818 2319 4877 dicentem
2358 4834 2467 4875 non
2494 4818 2752 4883 Verbum,
2785 4818 2879 4871 εοιι
2920 4816 3114 4871 Filium
3160 4816 3517 4885 unigenitum,

1958 4911 2155 4977 lucem,
2192 4910 2379 4974 vitam,
2422 4910 2729 4973 veritatem,
2762 4917 2818 4962 et
2844 4916 3099 4962 sexcenta
3136 4909 3352 4976 quidem
3388 4906 3513 4959 alia.

1954 5002 2218 5058 Nimirum
2248 5003 2437 5058 audire
2463 5003 2591 5057 licet
2624 5003 2796 5072 ipsum
2837 5002 2917 5055 sic
2951 5002 3233 5056 docentem
3264 5016 3278 5052 :
3312 4998 3399 5053 Sic
3436 5001 3518 5055 di-

1955 5093 2083 5145 lexit
2128 5092 2269 5146 Deus
2313 5095 2586 5156 mundum,
2634 5102 2689 5144 ut
2733 5089 2933 5163 Filium
2981 5106 3134 5143 suum
3196 5088 3517 5157 unigenitum

1956 5191 2128 5248 daret,
2158 5193 2213 5237 ut
2241 5186 2407 5237 omnis
2436 5185 2525 5255 qui
2558 5183 2729 5236 credet
2776 5184 2829 5235 in
2864 5198 2979 5234 eum
3017 5196 3117 5232 non
3151 5192 3324 5245 pereat
3351 5180 3416 5231 ⁸⁸.
3452 5180 3518 5233 Ει

1958 5277 2151 5332 iterum
2178 5296 2190 5331 :
2220 5275 2401 5347 Neque
2448 5279 2585 5331 enim
2630 5277 2771 5330 misit
2832 5276 2972 5329 Deus
3027 5273 3223 5327 Filium
3276 5289 3427 5325 suum
3463 5275 3518 5327 in

1975 5454 2061 5520 l5,
2097 5456 2178 5509 l6.
2254 5456 2299 5487 ⁸⁸
2329 5453 2483 5509 Joan.
2515 5454 2713 5519 111,16.

2024 5690 2469 5764 (9t__u.ufpoas
2512 5689 2836 5764 προφητῶν
2889 5689 3150 5764 τιςηῐίωε
3192 5698 3273 5746 est
3306 5702 3431 5745 vera
3452 5688 3515 5745 lt’z

1955 5760 2080 5819 otio.
2109 5761 2251 5815 M.—-
2281 5762 2411 5831 (Ego
2443 5763 2599 5818 codd.
2624 5772 2840 5818 secutus
2866 5776 2982 5819 sum
3010 5760 3029 5831 )

2023 5832 2134 5904 (92)
2176 5831 2343 5902 Vulgo
2373 5831 2449 5885 δέ.
