3970 6514
424 440 521 495 sn
1169 418 1440 491 EUSEBII
1478 420 1956 489 cmssmsusts
1994 422 2145 489 opp.
2189 428 2369 486 PARS
2403 429 2490 485 iV.
2530 458 2598 469 -
2635 427 3054 485 DOGMATICA.
3572 433 3681 487 872

426 554 706 616 viandum,
747 559 801 602 ut
823 548 1024 617 judicet
1059 548 1317 600 mundum
1336 547 1402 600 ⁸⁷.
1446 546 1508 599 Et
1540 548 1699 599 tertio
1726 563 1738 597 :
1769 546 1873 610 Qui
1901 562 2001 598 non

2109 546 2139 597 ό
2195 545 2499 597 πιστεύων
2536 546 2624 610 εὶς
2653 543 2842 597 αὐτὸν
2877 542 2963 613 μὴ
2984 544 3297 612 ἀπόληται.
3330 542 3443 597 Kal
3476 544 3640 598 πάλιν
3660 562 3673 574 ⁸

424 643 616 704 credit,
639 642 754 707 jam
787 639 1063 706 judicatus
1111 648 1209 700 est,
1244 638 1369 705 quia
1398 652 1501 688 non
1535 636 1704 688 credit
1728 637 1782 687 in
1813 651 2001 687 nomen

2109 638 2181 690 Οὐ
2231 636 2341 705 γὰρ
2399 636 2760 690 ἀπέστειλεν
2806 638 2839 688 ό
2903 635 3047 701 Θεὸς
3097 635 3204 687 τὸν
3258 635 3395 689 Υἱόν
3437 638 3525 701 εἰς
3572 637 3682 690 τὸν

425 732 685 803 unigeniti
736 728 867 782 Filii
898 728 992 782 Dei
1016 728 1082 780 ⁸⁸.
1117 725 1193 781 lta
1236 727 1337 780 hoc
1367 725 1419 778 in
1448 725 1561 778 loco
1593 724 1786 777 iterum
1816 739 1831 776 :
1861 723 2001 777 Deus

2109 730 2354 796 κόσμον,
2387 728 2488 782 ἵνα
2516 729 2688 797 κρίνῃ
2710 727 2817 780 τὸν
2846 729 3095 796 κόσμον.
3135 728 3243 780 Καὶ
3277 724 3431 791 αὖθις
3455 750 3469 763 ·
3511 730 3565 781 Ὀ
3612 730 3681 782 δέ

426 823 569 875 dedit
601 830 647 873 et
666 821 807 872 misit
834 816 1256 881 Filium,mundi
1279 815 1652 877 Servatorem;
1683 826 1736 868 et
1760 815 1848 883 qui
1887 816 2002 868 mit-

431 915 664 979 tebatur,
688 921 808 967 erat
836 912 1057 966 omnino
1078 910 1214 964 alius
1240 926 1268 963 a
1292 910 1556 963 mittente.
1588 908 1849 974 Quocirca
1872 908 2000 961 mihi

427 1005 644 1059 videtur
667 1003 993 1059 Servatorin
1018 1002 1390 1069 sequentibus,
1420 1011 1673 1069 tanquam
1693 998 2001 1053 Marcellum

428 1104 484 1151 et
525 1105 751 1152 caeteros
780 1097 873 1163 qui
932 1104 1139 1149 naturte
1160 1091 1278 1148 Filii
1325 1093 1582 1157 invident,
1627 1093 2005 1162 pronuntiasse

428 1192 575 1261 quod
601 1191 857 1259 scriptum
879 1198 961 1243 est
985 1205 997 1242 :
1016 1186 1204 1241 Nonne
1227 1190 1279 1241 in
1304 1187 1411 1254 leqe
1435 1198 1601 1241 vestra
1622 1187 1872 1253 scriptum
1893 1196 2000 1241 est:

438 1289 499 1349 ﬁt
536 1283 645 1353 Ego
691 1283 825 1347 dixi,
858 1282 931 1334 dii
968 1282 1110 1335 estis.
1156 1278 1260 1333 Eos
1304 1281 1441 1333 dixit
1485 1281 1628 1340 deos,
1664 1280 1733 1331 ad
1761 1294 1891 1346 quos
1922 1280 2006 1347 [a-

433 1389 573 1430 ctum
594 1384 669 1429 est
695 1376 900 1428 verbum
927 1373 1021 1427 Dei
1040 1387 1231 1441 :neque
1256 1372 1439 1439 poterit
1466 1370 1681 1423 dissolvi
1703 1368 2001 1438 Scriptura.

434 1467 598 1533 Quem
647 1464 807 1517 Pater
840 1462 1207 1530 sancti/ienuit,
1242 1472 1289 1515 et
1338 1463 1393 1514 in
1438 1462 1689 1514 mundum
1725 1463 1887 1524 misit,
1916 1478 2005 1515 vos

432 1558 606 1611 dicitis
635 1572 653 1609 :
678 1558 830 1621 Quod
858 1556 1204 1622 blasphemas,
1233 1552 1478 1621 quoniam
1505 1552 1640 1617 dixi,
1661 1554 1799 1620 quod
1830 1550 2006 1606 Filius

434 1651 529 1704 Dei
557 1666 671 1703 sum
691 1649 759 1700 ⁸⁸.
785 1648 1021 1700 Audisne
1060 1646 1146 1698 hic
1193 1644 1404 1713 quoties
1442 1658 1500 1697 se
1534 1642 1789 1698 Servalor
1836 1644 2007 1697 nomi—

433 1750 525 1795 net
563 1754 671 1793 non
710 1735 964 1800 Verbum,
993 1734 1085 1788 sed
1126 1732 1321 1787 Filium
1367 1740 1422 1786 et
1451 1731 1795 1801 Unigenitum
1827 1748 1840 1783 :
1874 1748 2007 1800 qua-

432 1831 557 1885 liter
604 1843 726 1883 sese
763 1842 792 1880 a
827 1825 987 1879 Patre
1042 1823 1263 1877 missum
1311 1822 1499 1876 doceat
1538 1831 1638 1875 :et
1694 1822 2003 1889 priusquam

434 1925 759 1984 mitteretur,
801 1916 1196 1972 sanctiﬁcatum
1229 1931 1245 1981 ;
1295 1924 1350 1969 et
1371 1954 1384 1979 ,
1406 1914 1883 1982 quemadmodum,
1912 1928 2007 1966 eos
2038 1890 2080 1944 Β

432 2013 520 2082 qui
554 2017 847 2081 gravantur
870 2005 1112 2061 conliteri
1145 2006 1320 2075 ipsum
1351 2004 1545 2058 Filium
1571 2018 1689 2058 esse
1712 2002 1829 2065 Dei,
1857 2018 2008 2056 aver-

431 2111 598 2166 setur,
626 2117 656 2156 e
686 2100 882 2155 divinis
914 2098 1212 2165 Scripturis
1246 2096 1467 2159 docens,
1495 2095 1637 2163 quod
1670 2108 1773 2148 non
1800 2101 2005 2147 tantum

434 2194 529 2247 ﬁlii
567 2193 681 2257 Dei,
735 2192 832 2246 sed
865 2190 1027 2243 etiam
1063 2188 1135 2241 dii
1178 2186 1432 2241 mortales
1462 2186 1705 2240 homines
1735 2184 2007 2254 appellen-

436 2294 527 2340 tur
558 2303 573 2339 :
607 2292 665 2339 ut
706 2284 925 2337 minime
959 2281 1276 2348 blaspheme
1302 2278 1505 2332 dictum
1534 2278 1816 2341 habeatur,
1840 2278 2010 2330 conli-

441 2376 544 2432 teri
576 2374 725 2429 illum
750 2371 933 2435 simul,
958 2382 1013 2425 et
1042 2369 1133 2424 Dei
1160 2368 1379 2432 Filium,
1406 2377 1462 2421 et
1498 2367 1688 2429 Deum,
1726 2381 1884 2435 quem
1909 2365 2010 2419 Pa-

435 2479 523 2524 ter
557 2464 915 2520 sanetilicavit
944 2471 997 2516 et
1026 2462 1077 2515 in
1117 2460 1371 2514 mundum
1399 2458 1565 2513 misit.
1596 2457 1735 2522 Quid
1765 2472 1895 2526 ergo
1921 2457 2009 2510 ille

434 2558 766 2629 patiebatur,
795 2555 885 2624 qui
914 2563 1035 2624 post
1067 2553 1227 2606 hasce
1256 2564 1416 2604 voces
1437 2564 1601 2604 ausus
1636 2558 1719 2603 est
1743 2549 2007 2603 exsertim

436 2649 638 2714 dicere,
664 2647 900 2702 Verbum
928 2660 1049 2699 esse
1075 2643 1246 2709 illum,
1266 2656 1368 2696 nec
1398 2651 1657 2711 praeterea
1680 2641 2005 2711 quidquam:

433 2748 598 2806 atque
636 2736 705 2792 ob
732 2751 851 2791 eam
888 2750 1107 2790 causam
1150 2734 1223 2786 ita
1270 2733 1496 2786 totidem
1534 2733 1715 2787 verbis
1746 2732 2005 2793 scribere,

435 2828 527 2901 [ιι.
556 2827 724 2883 XXIV
763 2827 885 2882 coll.
931 2843 982 2896 p.
1011 2824 1104 2896 42]
1138 2842 1157 2875 ι
1197 2822 1317 2879 Non
1356 2818 1596 2878 nominat
1636 2839 1760 2878 eum
1794 2823 1884 2878 Dei
1920 2822 2009 2876 Fi-

439 2935 462 2971 s
505 2918 638 2973 lium
675 2934 691 2971 :
719 2921 813 2973 sed
837 2917 1032 2986 ubique
1047 2915 1241 2969 Filium
1267 2914 1497 2968 hominis
1524 2916 1712 2983 seipse
1743 2914 2007 2983 appellat,

440 3027 461 3061 ι
506 3019 565 3065 ιιι
593 3011 672 3065 sic
703 3025 800 3078 per
832 3007 1134 3063 isuiusmodi
1160 3005 1583 3069 confessionem,
1604 3008 1879 3060 hominem
1912 3022 2009 3059 na-

438 3120 460 3156 ι
507 3103 752 3157 turaliter
772 3104 1141 3165 exsistentem,
1178 3099 1271 3153 Dei
1316 3099 1509 3153 Filium
1550 3097 1747 3153 factum
1791 3113 2013 3167 persua-

2097 820 2183 889 μὴ
2219 820 2522 873 πιστεύων
2569 816 2683 887 ἤδη
2716 818 2998 887 κέκριται,
3035 817 3124 871 ὅτι
3172 822 3242 871 οὺ
3278 822 3680 873 πεπίστευκεν

2102 908 2189 979 εις
2230 912 2296 966 τὸ
2326 912 2513 980 ὄνομα
2562 910 2670 964 τοῦ
2741 910 3111 979 μονογενοῦς
3162 909 3296 963 Υίοῦ
3350 910 3453 963 τοῦ
3506 911 3677 965 Θεοῦ.

2104 1005 2213 1057 Kal
2271 1003 2505 1056 ἐνταῦθα
2567 1002 2759 1056 πάλιν·
2822 1002 2888 1053 '0
2951 1002 3068 1070 μὲν
3121 1002 3266 1067 Θεὸς
3306 1002 3510 1056 ἐδίδου
3576 1002 3676 1055 καὶ

2103 1094 2441 1152 ἀπέστελλε
2484 1094 2592 1149 τὸν
2628 1094 2763 1148 Υίὸν
2804 1093 3044 1161 Σωτῆρα
3090 1093 3197 1147 τοῦ
3240 1094 3508 1162 κόσμου,
3554 1094 3584 1145 6
3622 1093 3679 1147 δὲ

2103 1189 2457 1243 ἀπεστέλλετο
2520 1188 2707 1259 ’ἕτερος
2769 1187 2844 1239 ὢν
2907 1185 3103 1258 δηλαδὴ
3178 1185 3329 1257 παρά
3398 1186 3488 1240 τὸν
3545 1188 3679 1243 ἀπο-

2105 1284 2411 1338 στέλλοντα.
2461 1283 2553 1335 Διό
2597 1300 2685 1353 μοι
2742 1282 2889 1334 δοκεῖ
2938 1280 3025 1335 διὰ
3081 1278 3188 1333 τῶν
3226 1280 3388 1349 ἑξῆς,
3428 1280 3504 1342 ὡς
3542 1280 3677 1351 πρὸς

2104 1373 2265 1428 αὐτὸν
2298 1372 2613 1443 Μάρκελλον
2643 1373 2731 1425 καὶ
2760 1372 2896 1443 πρὸς
2919 1374 3045 1435 τοὺς
3078 1371 3560 1441 διαφθονουμένους
3610 1376 3676 1443 τῇ

2104 1464 2197 1517 τοῦ
2224 1463 2354 1516 Υἱοῦ
2386 1464 2544 1532 φύσει
2582 1462 2997 1533 ἀναγεγράφθαι
3039 1464 3201 1525 αὐτὸς
3235 1466 3264 1516 6
3293 1464 3482 1534 Σωτὴρ
3521 1465 3677 1535 ἡμῶν

2105 1554 2373 1626 ειρηκώς·
2411 1557 2532 1608 Οὐκ
2569 1556 2700 1609 ἐστι
2729 1553 3133 1625 γεγραμμένον
3161 1556 3230 1608 ἐν
3262 1554 3343 1621 τῷ
3364 1558 3555 1623 νόμῳ,
3591 1554 3678 1609 ὅτι

2104 1648 2218 1716 ἐγὼ
2235 1644 2392 1701 εἷπω
2423 1649 2555 1701 Θεοί
2583 1648 2721 1700 ἐστε
2740 1664 2754 1713 ;
2792 1649 2857 1699 El
2878 1640 3147 1712 ἐκείνους
3164 1642 3293 1700 εἶπε
3315 1647 3506 1713 θεοὺς,
3529 1647 3680 1715 πρὸς

2107 1738 2216 1803 οὓς
2239 1742 2271 1792 ό
2304 1741 2485 1808 λόγος
2508 1737 2744 1806 ἐγένετο
2763 1738 2869 1792 τοῦ
2894 1739 3063 1792 Θεοῦν
3091 1739 3188 1791 καὶ
3213 1741 3285 1792 οὐ
3307 1738 3553 1792 δύναται
3571 1742 3682 1793 ,ιυ-

2109 1828 2282 1896 θῆναι
2305 1830 2342 1897 ἡ
2366 1828 2598 1897 Γραρή.
2619 1832 2721 1883 Ὃν
2742 1832 2775 1883 ό
2796 1829 2996 1897 Πατὴρ
3019 1831 3254 1899 ἡγίασε,
3282 1829 3381 1882 καὶ
3403 1830 3679 1883 ἀπέστεισ

2108 1924 2216 1973 λεν
2232 1923 2317 1986 εὶς
2335 1921 2439 1973 τὸν
2458 1920 2706 1990 κόσμον,
2729 1922 2897 1990 ὑμεῖς
2916 1921 3141 1992 λέγετε,
3166 1922 3253 1975 ὅτι
3271 1922 3679 1991 βλασφημεῖς.

2109 2012 2195 2064 ὅτι
2218 2002 2408 2075 εἷπον,
2430 2012 2561 2076 Υἱὸς
2594 2012 2699 2066 τοῦ
2732 2012 2880 2066 Θεοῦ
2922 2015 3059 2082 ειμι.
3085 2012 3327 2076 Ἀκούεις
3352 2013 3542 2075 ὁσάκις
3567 2011 3683 2083 (9'5)

2108 2104 2267 2165 αὐτὸς
2281 2107 2308 2156 6
2324 2103 2511 2175 Σωτὴρ
2526 2104 2719 2157 ἑαυτὸν
2738 2105 2797 2158 οὐ
2812 2106 3001 2173 Λόγον,
3017 2104 3151 2159 ἀλλὰ
3168 2104 3295 2158 Υἱὸν
3310 2106 3579 2176 ὠνόμασε,
3593 2105 3687 2157 καὶ

2108 2196 2384 2266 Μονογενῆ
2422 2200 2735 2267 προσεῖπεν
2755 2197 2901 2259 ὅπως
2932 2196 2987 2248 δὲ
3011 2197 3343 2250 ἀπεστάλθαι
3365 2197 3576 2260 ἑαυτὸν,
3593 2196 3688 2248 καὶ

2108 2285 2363 2355 ἠγιάσθαι
2395 2287 2498 2357 πρὸ
2524 2287 2619 2340 τοῦ
2642 2287 3010 2358 ἀποσταλῆναι
3045 2286 3148 2339 ὑπὸ
3176 2288 3268 2340 τοῦ
3287 2288 3496 2359 Πατρὸς
3513 2288 3686 2341 ἐδίδα-

2112 2393 2229 2438 σκε,
2266 2378 2359 2430 καὶ
2375 2378 2450 2441 ὡς
2470 2379 2597 2441 τοὺς
2614 2378 2904 2442 ὀκνοῦντας
2929 2380 3057 2433 Υἱὺν
3082 2381 3241 2433 αὑτὸν
3268 2381 3547 2451 ὁμολογεῖν
3590 2382 3688 2434 τοῦ

2108 2466 2243 2521 Θεοῦ
2265 2470 2521 2534 δυσωπεῖ,
2552 2469 2817 2523 διδάσκων
2844 2473 2905 2524 ἐκ
2931 2474 3027 2543 τῆς
3054 2468 3202 2536 θείας
3243 2474 3282 2525 Γ
3289 2473 3463 2544 ραιρῆς
3482 2511 3498 2536 ,
3520 2473 3595 2536 ὡς
3621 2474 3686 2525 οὑ

2114 2561 2271 2630 μόνον
2290 2561 2396 2612 υἱοὶ
2412 2560 2567 2625 Θεοῦ,
2584 2560 2720 2613 ἀλλὰ
2736 2561 2827 2613 καὶ
2847 2561 2958 2615 θεοὶ
2986 2563 3167 2633 θνητοὶ
3181 2563 3277 2636 τὴν
3308 2564 3376 2632 φῦ
3385 2581 3467 2617 σιν
3494 2565 3687 2635 ἄνδρες

2110 2659 2416 2730 ἐκλήθησαν
2436 2676 2451 2690 ⁸
2483 2660 2562 2713 διὸ
2585 2662 2657 2732 μὴ
2702 2662 2897 2733 χρῆναι
2927 2660 3165 2731 νομίζειν
3206 2660 3522 2731 βλάσφημον
3548 2656 3688 2713 εἶναι

2109 2748 2170 2803 τὸ
2221 2752 2315 2804 καὶ
2356 2751 2485 2805 Υίδν
2530 2752 2665 2805 Θεοῦ
2713 2753 2808 2806 καὶ
2842 2752 2973 2805 Θεὸν
3014 2752 3294 2823 ὁμολογεῖν
3334 2754 3392 2805 ὃν
3433 2754 3460 2804 6
3494 2751 3687 2823 Πατὴρ

2112 2838 2306 2910 ήγίασε
2332 2844 2427 2896 καὶ
2454 2843 2767 2898 ἀπέστειλεν
2794 2845 2871 2909 εἰς
2898 2843 2989 2897 τὸν
3034 2843 3255 2914 κόσμον.
3295 2843 3359 2895 Τί
3393 2839 3485 2896 οὖν
3519 2844 3690 2914 ἐχρῆν

2111 2934 2303 2988 παθεῖν
2352 2935 2442 2988 τὸν
2491 2937 2625 3007 μετά
2674 2935 2772 2999 τὰς
2806 2935 3070 2999 τοσαύτας
3118 2935 3300 3003 φωνὰς
3336 2936 3686 3005 τολμήσαντα

2114 3024 2300 3094 φάναι,
2321 3023 2429 3095 (94)
2449 3042 2466 3074 ι
2502 3024 2622 3078 ὅλον
2645 3020 2781 3078 εἶναι
2812 3026 2995 3089 αὑτὸν,
3014 3025 3107 3078 καὶ
3137 3025 3286 3077 οὐδὲν
3308 3024 3511 3094 ἕτερον,
3545 3044 3563 3076 ι
3595 3024 3690 3077 αῦ-

2113 3116 2315 3182 τολεξεί
2348 3134 2407 3169 τε
2435 3116 2710 3187 εἰρηκότα,
2750 3136 2767 3168 ι
2799 3118 2891 3170 καὶ
2917 3116 3005 3172 διὰ
3031 3116 3185 3171 τοῦτο
3203 3156 3217 3179 ,
3246 3118 3344 3187 οὐχ
3374 3118 3502 3171 Υίὸν
3547 3117 3685 3171 Θεοῦ

376 3239 387 3247 .
443 3216 461 3249 ι
509 3200 654 3263 deat,
698 3212 797 3265 per
840 3194 1143 3263 hujusmodi
1176 3208 1296 3248 cum
1328 3192 1436 3247 Deo
1479 3191 1934 3245 communionem.
1979 3209 1998 3243 ι

2122 3226 2139 3259 ι
2173 3207 2332 3260 αὑτὸν
2351 3204 2623 3276 ὀνομάζει,
2646 3206 2779 3260 ἀλλά
2806 3206 3078 3277 πανταχοῦ
3105 3207 3230 3259 Υίὸν
3258 3206 3543 3277 ἀνθρώπου
3567 3208 3689 3258 ἐαυ-

435 3288 564 3344 Haec
593 3304 715 3343 cum
774 3288 1024 3341 dicantur
1070 3300 1100 3338 a
1137 3284 1413 3347 Marcello,
1470 3283 1639 3337 miror
1680 3297 1779 3351 ego
1815 3282 2010 3350 quibus

2119 3317 2137 3350 ι
2170 3299 2260 3351 τὸν
2290 3298 2456 3366 λέγει,
2494 3298 2581 3351 ἴνα
2613 3297 2701 3350 διὰ
2728 3299 2827 3368 τῆς
2854 3298 3105 3369 τοιαύτης
3132 3298 3415 3369 ὁμολογίας
3449 3297 3559 3367 (95)
3595 3296 3688 3349 θέο

436 3382 609 3438 oculis
663 3392 859 3437 contra
919 3378 1099 3445 tueri,
1158 3378 1353 3447 quibus
1398 3375 1601 3430 labellis
1642 3376 2013 3428 contradicere

438 3485 518 3530 tot
549 3477 746 3528 audeat
788 3471 1129 3526 testimoniis.
1159 3470 1297 3535 Quin
1343 3478 1397 3522 et
1435 3467 1627 3521 ducem
1680 3481 1801 3521 esse
1841 3468 2011 3535 ipsum

436 3579 495 3619 se
518 3563 779 3617 Servator
822 3562 898 3614 ait
925 3571 1286 3629 congruenter
1317 3558 1383 3612 iis
1420 3572 1539 3627 qua:
1584 3560 1649 3612 de
1711 3558 1828 3612 luce
1888 3566 2014 3611 sunt

437 3655 716 3723 praedicta,
743 3651 877 3722 Ego,
914 3652 1186 3720 inquiens,
1221 3667 1335 3704 sum
1363 3651 1459 3703 tua:
1497 3649 1680 3703 mundi
1697 3652 1766 3703 ⁹⁰.
1816 3652 1879 3704 Et
1915 3654 2015 3705 ite-

437 3758 557 3797 rum
589 3758 603 3794 :
635 3740 747 3810 Ego
776 3758 892 3793 sum
924 3739 1037 3805 lux,
1067 3750 1114 3793 et
1143 3741 1355 3801 veritas,
1374 3750 1419 3793 et
1449 3741 1553 3793 vita
1574 3740 1641 3792 ⁸⁸.
1664 3740 1727 3793 Et
1756 3740 1968 3795 demum
1993 3755 2010 3794 ε

439 3832 557 3887 Lux-
594 3833 728 3886 venit
760 3833 813 3886 in
843 3833 1117 3895 mundum,
1157 3844 1206 3885 et
1237 3834 1531 3885 dilexerunt
1563 3832 1798 3887 homines
1847 3837 2014 3904 magis

439 3924 679 3980 tenebras
700 3940 857 3995 quam
884 3924 1053 3977 lucem
1076 3926 1143 3977 “.
1162 3923 1313 3990 Quod
1340 3924 1385 3978 si
1419 3924 1540 3993 quis
1564 3925 1882 3994 interroget,
1914 3944 2015 3980 un-

439 4019 507 4071 de
557 4015 800 4079 advenit,
848 4013 1195 4083 respondebit
1247 4014 1292 4067 is
1329 4016 1420 4083 qui
1467 4014 1650 4079 dixit,
1686 4012 1788 4080 Qui
1828 4017 2015 4068 desur-

440 4123 556 4162 sum
600 4106 731 4160 venit
779 4121 934 4174 super
985 4121 1163 4158 omues
1204 4116 1276 4159 est
1307 4103 1376 4170 ",
1411 4116 1465 4158 et
1501 4104 1605 4170 Qui
1645 4107 1708 4159 de
1758 4106 1886 4159 caelo
1930 4123 2017 4160 ve-

443 4197 540 4263 nit,
565 4196 704 4265 quod
740 4194 886 4256 vidit,
912 4204 960 4248 et
987 4196 1205 4261 audivit,
1250 4197 1580 4264 testiﬁcatur.
1607 4197 1652 4229 "
1683 4198 1814 4263 Quis
1837 4208 2018 4251 autem

443 4298 561 4343 erat
580 4288 667 4342 ille
700 4289 792 4358 qui
825 4288 889 4343 de
920 4286 1058 4341 caelo
1089 4286 1283 4341 venit?
1326 4286 1463 4341 Num
1512 4303 1616 4342 non
1658 4303 1785 4343 caro
1807 4329 1822 4353 ,
1858 4303 2019 4356 quam

446 4380 737 4448 assumpsit
781 4377 1087 4433 Servator?
1144 4378 1530 4448 Nequaquam,
1579 4381 1671 4434 sed
1716 4380 1830 4449 ipse
1882 4388 2019 4444 erat,

2119 3408 2138 3442 ι
2168 3405 2250 3441 σει
2293 3388 2383 3441 τὸν
2416 3386 2700 3458 ἄνθρωπον
2722 3428 2737 3453 ,
2768 3387 2854 3441 διὰ
2904 3388 3002 3459 τῆς
3032 3387 3166 3457 πρὸς
3193 3387 3353 3439 αὑτὸν
3381 3387 3687 3449 κοινωνίας,

2119 3498 2136 3530 ι
2165 3478 2295 3531 Υἰὸν
2340 3477 2475 3530 Θεοῦ
2521 3476 2775 3545 γενέσθαι
2826 3477 3241 3550 παρασκευάσῃ.
3279 3493 3297 3528 t
3348 3476 3533 3529 Ταῦτα
3576 3475 3690 3546 γὰρ

2111 3568 2429 3642 Μάρκελλος
2469 3567 2638 3621 εἰπὼν
2661 3607 2674 3632 ,
2705 3569 2803 3621 οὐκ
2844 3565 2938 3621 οἷδ’
2969 3568 3116 3631 ὁπως
3146 3568 3350 3630 ὁποίοις
3388 3567 3691 3638 ὀφθαλμοῖς

2111 3656 2222 3722 οἷός
2252 3675 2311 3711 τε
2351 3654 2417 3730 ἦν
2445 3658 2815 3722 ἀντιϐλέπειν,
2846 3657 2879 3727 ἢ
2917 3658 3087 3721 ποίοις
3134 3657 3365 3727 χείλεσιν
3396 3658 3689 3727 ἀντιφθέγ-

2111 3750 2323 3819 γεσθαι,
2350 3751 2471 3811 ταῖς
2499 3748 2790 3810 τοσαύταις
2824 3748 3170 3819 μαρτυρίαις.
3212 3750 3321 3801 Kal
3355 3748 3468 3817 φῶς
3501 3748 3557 3800 δὲ
3585 3749 3687 3801 αὑ-

2112 3843 2202 3896 τὸν
2233 3838 2368 3895 εἶναι
2387 3842 2417 3893 6
2445 3841 2632 3913 Σωτὴρ
2660 3841 2920 3911 παρίστη,
2948 3840 3252 3911 συμφώνως
3282 3844 3394 3904 τοῖς
3426 3842 3551 3911 περὶ
3590 3841 3689 3895 τοῦ

2114 3932 2290 4000 φωτὸς
2321 3930 2733 4001 προαποδοθεῖσι
2760 3971 2773 3993 ,
2799 3928 2971 3998 λέγων
2991 3968 3007 3993 ,
3024 3929 3168 3998 Ἐγώ
3198 3932 3313 4000 ειμι
3344 3929 3409 3982 τὸ
3437 3930 3563 3999 φῶς
3579 3931 3689 3985 τοῦ

2114 4023 2364 4091 κόσμου,
2388 4021 2496 4074 Kal
2509 4020 2693 4074 πάλινο
2710 4020 2851 4091 Ἐγώ
2868 4024 2983 4091 εἰμι
3002 4021 3065 4075 τὸ
3083 4019 3225 4091 φῶς,
3244 4022 3341 4075 καὶ
3360 4022 3398 4090 ἡ
3414 4021 3689 4088 ἀλήθεια,

2115 4116 2212 4167 καὶ
2236 4116 2271 4182 ἡ
2291 4112 2423 4182 ζωή.
2446 4114 2553 4167 Kal
2580 4109 2734 4176 αὖθις
2751 4128 2765 4142 ⁸
2787 4114 2907 4167 Ὅτι
2927 4112 2993 4166 τὸ
3013 4112 3139 4183 φῶς
3160 4114 3457 4180 ἐλήλυθεν
3479 4117 3566 4181 είς
3580 4114 3691 4167 τὸν

2118 4206 2364 4273 κόσμον,
2408 4203 2506 4257 καὶ
2546 4204 2874 4273 ἠγάπησαν
2918 4207 2973 4257 οἱ
3012 4204 3305 4271 ἅνθρωποι
3333 4203 3575 4274 μᾶλλον
3618 4205 3690 4257 τὸ

2118 4294 2337 4359 σκότος
2367 4294 2405 4361 ἢ
2431 4292 2497 4346 τὸ
2522 4294 2665 4362 φῶς.
2700 4295 2808 4347 Kal
2840 4293 2980 4361 εῖγέ
3011 4312 3094 4357 τις
3121 4294 3325 4364 ἔροιτο,
3363 4294 3527 4347 πὸθεν
3559 4294 3688 4364 ὲλή-

2120 4385 2296 4449 λυθεν,
2332 4387 2708 4457 ἀποκρινεῖται
2729 4390 2757 4440 6
2790 4386 2977 4452 εἰπὼν,
3022 4388 3076 4440 '0
3108 4388 3325 4442 ἀνωθεν
3342 4388 3688 4457 ἐρχόμενος,

444 4484 636 4539 nempe
663 4471 749 4523 lux
772 4470 1208 4539 Verbum,atque
1236 4472 1394 4535 Deus,
1422 4470 1744 4540 Unigenitus
1780 4471 2010 4526 existens

2121 4478 2319 4532 ἐπάνω
2350 4478 2591 4532 πάντων
2609 4479 2807 4543 ἐστίν,
2838 4482 2952 4543 καὶ,
2999 4480 3063 4534 '0
3088 4482 3156 4534 ἐκ
3185 4481 3289 4536 τοῦ
3307 4481 3566 4553 οίιρανοῦ
3597 4483 3689 4551 ἑρ-

444 4569 499 4615 et
529 4560 719 4617 Filius.
759 4562 809 4617 ls
834 4561 921 4615 illa
955 4563 1135 4616 omnia
1170 4578 1290 4633 quae
1312 4564 1464 4628 vidit,
1492 4573 1547 4617 et
1573 4562 1798 4627 audivit,
1825 4565 2010 4618 teStili-

2114 4572 2386 4640 χόμενος,
2426 4572 2457 4625 ὅ
2491 4572 2711 4641 ἑώρακε
2742 4572 2841 4625 καὶ
2868 4573 3129 4641 ἤκουσε,
3154 4577 3458 4645 μαρτιιρεῖ.
3505 4580 3600 4643 Τίς
3640 4581 3687 4632 δ’

445 4661 619 4708 catur.
654 4655 734 4708 An
763 4655 967 4709 audivit
991 4656 1104 4710 haec
1126 4663 1180 4709 et
1217 4656 1367 4721 vidit,
1386 4670 1517 4710 cum
1550 4655 1603 4708 in
1645 4656 1805 4710 terr-is
1833 4670 2010 4710 versa-

2114 4659 2181 4734 ἦν
2210 4665 2238 4715 6
2269 4664 2557 4733 ἐρχόμενος
2579 4666 2643 4716 ὲκ
2662 4662 2757 4716 τοῦ
2780 4664 3045 4735 οῦρανοῦ;
3078 4667 3226 4737 Μήτι
3251 4685 3314 4735 γε
3357 4670 3390 4740 ή
3428 4670 3585 4743 σὰρξ,
3618 4674 3689 4743 ἢν

445 4745 643 4800 retur?
674 4744 809 4809 Non,
836 4746 928 4801 sed
962 4748 1129 4817 prius.
1169 4748 1238 4800 At
1273 4762 1519 4815 quaenam
1557 4746 1643 4801 illa
1690 4758 1867 4813 erant,
1895 4764 2010 4818 quae

2116 4755 2401 4825 ἀνείληφεν
2426 4759 2453 4807 ὁ
2483 4754 2673 4825 Σωτήρ
2700 4772 2714 4819 ;
2746 4756 3029 4826 Οὐδαμῶς,
3069 4758 3185 4810 ἀλλ’
3221 4760 3381 4823 αὐτὸς
3422 4762 3685 4833 δηλονότι,

445 4845 501 4889 et
526 4837 676 4901 vidit,
704 4837 804 4891 nisi
835 4837 997 4893 Pater
1024 4839 1047 4892 ?
1082 4838 1252 4903 Quem
1304 4837 1391 4892 ille
1422 4839 1647 4905 audivit,
1689 4850 1886 4908 praeter
1915 4839 2010 4893 Pa-

2112 4847 2174 4900 τὸ
2196 4847 2329 4915 φῶς,
2364 4847 2460 4899 καὶ
2486 4848 2514 4899 6
2551 4847 2720 4916 Λόγος
2742 4888 2757 4912 ,
2791 4849 2882 4901 καὶ
2910 4850 2938 4901 6
2968 4841 3099 4913 Θεὸς
3121 4890 3135 4914 ,
3165 4852 3258 4905 καὶ
3293 4854 3321 4905 ὁ
3351 4855 3684 4928 Μονογενὴς,

448 4928 619 4981 trem?
649 4928 798 4982 Adeo
820 4939 999 4983 autem
1022 4930 1376 4999 semetipsum
1400 4929 1637 4985 Verbum
1676 4946 2010 5001 nequaquam

2115 4939 2211 4993 καὶ
2245 4940 2273 4991 6
2307 4939 2455 5004 Υἱὸς,
2476 4938 2636 5002 αὐτὸς
2671 4938 2745 4991 ὣν
2763 4941 2933 4993 ταῦτα
2971 4942 3164 4997 πάντα.
3216 4945 3283 4997 Ἀ
3327 4943 3539 5017 ἑώρακε
3580 4950 3688 5001 τοί-

448 5019 863 5088 signiﬁcativum
887 5036 1007 5075 esse
1032 5022 1308 5091 professus
1340 5030 1444 5087 est,
1480 5030 1538 5086 iis
1564 5026 1656 5077 sed
1672 5023 1866 5079 Filium
1892 5039 2010 5079 vere

2116 5048 2210 5085 νυν
2238 5024 2392 5094 οὗτος
2416 5031 2509 5085 καὶ
2534 5030 2569 5084 ἃ
2594 5032 2814 5101 ἤκουσε,
2854 5033 3015 5103 φησὶ,
3050 5038 3332 5107 μαρτυρεῖ.
3364 5038 3573 5092 Οὐκοῦν
3595 5041 3685 5092 καὶ

448 5112 626 5166 vivum
684 5127 739 5168 et
787 5115 1212 5184 subsistentem,
1247 5127 1305 5175 ut
1351 5120 1423 5174 ita
1462 5120 1624 5173 fuerit
1668 5118 2010 5188 prolocutus,

2114 5119 2261 5191 ἐώρα
2287 5122 2381 5173 καὶ
2402 5120 2601 5190 ἢκουσε
2642 5120 2770 5190 πρὶν
2813 5122 2904 5174 ἐπὶ
2933 5122 3035 5191 γῆς
3075 5123 3265 5177 ἐλθεῖν.
3296 5124 3426 5179 Τίνα
3451 5126 3508 5180 δὲ
3540 5127 3684 5197 ἐώρα

448 5202 610 5258 Pater
627 5206 796 5277 diligit
828 5204 1048 5274 Filium,
1066 5218 1115 5262 et
1147 5212 1323 5264 omnia
1347 5211 1563 5264 tradidit
1586 5212 1642 5262 in
1668 5226 1827 5263 manu
1856 5214 1967 5278 ejus
1992 5229 2005 5265 :

2120 5211 2230 5283 (96)
2264 5214 2297 5285 ἤ
2332 5213 2423 5267 τὸν
2454 5212 2704 5283 Πατέρα;
2732 5210 2887 5275 Τίνος
2914 5213 2971 5266 δὲ
2998 5214 3227 5285 ἡκουσεν
3261 5217 3295 5287 ἢ
3320 5216 3412 5269 τοῦ
3437 5219 3679 5290 Πατρὸςς

447 5296 535 5362 qui
566 5299 724 5350 credit
761 5300 814 5351 in
848 5296 1073 5366 Filium,
1101 5303 1258 5354 vitam
1293 5303 1446 5357 habet
1484 5312 1739 5356 wternam
1777 5302 1848 5353 ".
1877 5303 2010 5357 Cre-

2120 5305 2262 5359 οῦτω
2303 5306 2361 5359 δὲ
2396 5305 2589 5359 ἑαυτὸν
2610 5343 2625 5370 ,
2662 5304 2722 5357 οῦ
2762 5305 2933 5376 Λόγον
2974 5309 3337 5379 σημαντικὸν,
3381 5310 3515 5364 ἀλλὰ
3559 5310 3680 5363 Υίὸν

448 5450 1227 5595 ινῖἶ⁴6ῗ³¹¹”ξ’“ἶῖιῗῦ.ρῗξξιδιῖ’
1299 5453 1764 5582 “milia;
1795 5454 2794 5602 lbidtbigéfsg'Ibid{0%lg,€’>li§‘.36.
2866 5468 3096 5528 "mw
3136 5485 3251 5538 ω’
3286 5470 3375 5529 η’
3450 5469 3675 5528 Mm.

522 5716 833 5804 (εξόληγιιιεο
864 5736 973 5776 om.
1006 5724 1166 5791 αὑτός
1190 5743 1205 5794 ;
1232 5741 1352 5783 mox
1398 5724 1554 5800 vulgo
1613 5730 1928 5803 ἀπεστάλθη
1953 5741 2009 5789 et

436 5788 479 5839 Θ
496 5788 585 5839 εοῦ
616 5788 775 5852 Υἱός.

523 5858 633 5929 (9-5)
668 5858 772 5929 Mp.
802 5859 874 5912 ῐσ.
901 5860 1074 5929 λόγον.

2188 5737 2299 5811 (95)
2326 5737 2433 5811 ἓν.
2459 5753 2532 5795 ta.
2568 5742 2748 5811 φύσει.

2188 5808 2297 5880 (96)
2329 5807 2496 5884 Vulgo
2518 5807 2632 5868 κάς.
