3970 6558
441 434 544 486 87ἲί
1118 428 1380 483 EUSL‘BII
1418 426 1884 482 C.£S.~\RIENSIS
1921 425 2070 480 OPP.
2112 424 2287 479 PARS
2325 423 2414 480 IV.
2453 455 2519 464 —
2559 423 2974 480 DOGMATICA.

3583 428 3688 481 87:3

441 553 668 605 virtutes
691 550 922 619 irrigans
949 556 1111 615 atque
1145 547 1413 610 nutriens,
1443 559 1540 613 per
1575 559 1687 599 suae
1716 545 2004 598 divinitatis

2114 544 2183 595 ἐν·
2207 542 2416 607 ἐαυτῷ.
2448 544 2570 614 ’Ἆρ’
2598 539 2692 596 οὖν
2721 543 2815 596 καὶ
2841 541 3001 613 ἀρτος
3027 538 3092 614 ἦν
3114 542 3255 614 ζωῆς
3276 561 3288 574 ·
3321 545 3414 597 καὶ
3442 545 3690 618 ὑπῆρχεν

441 649 780 709 potestatem.
814 638 939 692 Haec
975 645 1097 692 erat
1121 635 1230 702 ille,
1269 635 1584 704 priusquam
1615 636 1666 689 in
1691 645 1888 690 terram
1919 635 2011 691 de-

441 732 722 786 scenderet
754 728 964 794 ;Filius
994 739 1133 794 erat,
1159 730 1326 783 vitam
1360 730 1412 783 in
1463 729 1642 797 seipso
1684 730 2009 783 continens:

441 825 507 877 ad
536 837 659 876 eum
686 823 903 876 modum
936 835 1043 890 quo
1075 822 1128 875 in
1162 835 1220 876 se
1255 821 1484 876 habebat
1504 821 1671 875 vitam
1703 820 1882 876 Pater.
1913 821 2012 874 Pa-

440 917 536 970 tris
562 915 707 969 enim
739 914 822 969 sui
869 913 1035 968 vitam
1082 923 1136 968 et
1165 913 1363 968 divinae
1407 928 1518 968 suae
1559 913 1682 968 vita:
1715 913 1856 982 quod
1889 929 2013 982 pro--

437 1008 612 1077 prium
675 1006 852 1061 Inerat
900 1014 1063 1075 atque
1100 1006 1371 1072 peculiare
1406 1005 1510 1077 (ob
1542 1007 1683 1075 quod
1720 1006 1868 1060 solus
1917 1006 2013 1060 ba—

438 1098 567 1154 bere
610 1097 812 1152 dicitur
843 1096 1329 1159 immortalitatem,
1369 1098 1823 1164 quemadmodum
1859 1096 2009 1150 locu-

437 1199 524 1243 tus
585 1199 668 1243 est
713 1187 929 1243 divinus
985 1187 1501 1257 Apostolus)netno
1557 1199 1756 1259 praeter
1816 1186 2010 1242 Filium

435 1280 712 1350 possidere
759 1279 958 1348 poterit
994 1280 1124 1348 :qui
1153 1288 1223 1334 et
1262 1280 1438 1350 imago
1477 1281 1564 1333 sui
1614 1278 1793 1335 Patris
1835 1281 1928 1346 sit,
1957 1289 2014 1334 et

437 1372 612 1427 factus
638 1387 854 1442 quoque
881 1372 950 1425 ad
1007 1371 1300 1441 imaginem
1344 1368 1542 1425 Patris.
1574 1369 1717 1426 Ante
1757 1387 1886 1427 vero
1931 1373 2014 1427 di-

434 1474 578 1518 ctam
632 1463 723 1518 ille
767 1465 932 1520 vitam
965 1463 1238 1532 possidet,
1268 1476 1376 1516 non
1431 1462 1548 1516 sine
1578 1463 1868 1532 principio,
1907 1479 2012 1518 non

437 1554 755 1624 ingenitam,
795 1569 948 1609 suam
996 1552 1298 1622 propriam,
1330 1553 1479 1608 velut
1506 1553 1684 1609 Patris
1712 1556 2012 1624 possessio-

435 1659 581 1707 nem,
604 1644 695 1698 sed
718 1657 878 1712 quam
904 1643 1114 1711 accepit
1136 1657 1165 1694 a
1198 1641 1379 1697 Patre.
1430 1644 1507 1698 lta
1524 1644 1677 1698 enim
1708 1645 1804 1708 ait,
1821 1643 1891 1697 Et
1919 1643 2015 1698 Fi-

435 1737 507 1789 lio
539 1736 684 1791 dedit
722 1737 884 1789 vitam
916 1734 1107 1790 habere
1138 1733 1195 1787 in
1240 1735 1536 1803 semetipso,
1570 1735 2013 1804 quemadmodum

435 1823 598 1880 Pater
617 1824 776 1880 habet
809 1824 988 1887 vitam,
1025 1825 1080 1880 in
1111 1825 1302 1892 seipse.
1329 1822 1428 1878 Ille
1455 1825 1778 1894 ergodedit,
1805 1825 2014 1892 accepit

2113 638 2170 688 ἐν
2201 634 2278 705 τῷ
2305 633 2538 706 οὐρανῷ,
2572 633 2670 698 τὰς
2701 633 2999 702 ἀγγελικάς
3025 634 3279 704 δυνάμεις
3311 637 3559 708 ἐπάρδων
3594 639 3687 690 καὶ

2109 727 2325 796 τρέφων
2353 729 2417 795 τῇ
2444 725 2544 794 τῆς
2573 723 2822 794 θεότητος
2847 723 3011 776 αὑτοῦ
3040 724 3284 794 δυνάμει.
3317 727 3428 777 Καὶ
3452 725 3690 778 τοσαῦτα

2110 813 2199 887 ἦν,
2237 819 2364 890 πρὶν
2415 818 2508 870 ἐπὶ
2541 818 2643 888 γῆς
2677 817 2868 870 ἐλθεῖν·
2925 816 3049 879 Υἱός
3091 834 3150 869 τε
3182 814 3249 887 ἦν
3283 815 3427 888 ζωὴν
3456 816 3595 887 ἔχων
3630 819 3688 870 ἐν

2111 908 2291 980 ἑαυτῷ
2337 909 2538 980 ὁμοίως
2566 909 2644 980 τῷ
2676 910 2851 982 Πατρὶ
2885 910 3031 982 ζωὴν
3059 909 3232 979 ἔχοντι
3285 912 3342 962 ἐν
3377 911 3577 978 ἐαυτῷ.
3615 911 3690 964 Τὸ

2111 999 2224 1069 γὰρ
2253 998 2527 1071 ἐξαίρετον
2557 999 2652 1053 καὶ
2683 999 2882 1065 ἰδιάζον
2912 1001 3011 1071 τῆς
3038 999 3132 1053 τοῦ
3150 999 3362 1073 [ἰατρὸς
3386 1001 3684 1070 ἀγεννήτου

2111 1095 2206 1147 καὶ
2240 1094 2425 1165 θεῖκῆς
2451 1092 2619 1164 ζωῆς,
2645 1095 2713 1152 δι’
2746 1095 2812 1167 ἢν
2845 1096 3002 1166 μόνος
3044 1095 3186 1165 ἔχειν
3220 1095 3518 1149 ἀθανασίαν
3548 1095 3690 1148 κατά

2110 1183 2201 1237 τόν
2235 1183 2376 1237 θεῖον
2420 1185 2738 1238 Ἀπόστολον
2759 1185 2994 1256 εἴρηται,
3034 1186 3193 1256 μόνος
3223 1185 3288 1240 ἂν
3317 1185 3430 1256 ἔχοι
3456 1187 3484 1238 ὁ
3518 1186 3645 1249 Υἱός
3669 1202 3684 1216 ’

2111 1274 2208 1328 ἅτε
2239 1270 2402 1328 εἰκὼν
2451 1273 2544 1327 τοῦ
2580 1274 2791 1346 Πατρὸς
2840 1275 2935 1328 καὶ
2985 1275 3124 1328 κατά
3165 1275 3322 1328 τοῦτο
3381 1277 3684 1346 τυγχάνων.

2117 1365 2270 1434 Ἔχει
2314 1364 2373 1418 δὲ
2416 1363 2514 1436 τὴν
2563 1365 2856 1437 εἰρημένην
2905 1365 3073 1438 ζωὴν,
3117 1367 3212 1420 οὑκ
3263 1367 3516 1438 ἄναρχον,
3563 1368 3688 1421 οὐδὲ

2111 1455 2426 1526 ἀγέννητον,
2461 1455 2580 1509 οὑδὲ
2627 1457 2924 1528 ἰδιόκτητον
2952 1458 3151 1528 ὁμοίως
3189 1457 3268 1528 τῷ
3314 1458 3508 1530 Πατρὶ,
3550 1460 3687 1512 ἀλλά

2113 1547 2262 1616 παρὰ
2301 1546 2394 1600 τοῦ
2436 1549 2648 1619 Πατρὸς
2689 1547 2888 1602 λαὸὠν.
2925 1547 3080 1603 Οὕτω
3119 1551 3226 1622 γάρ
3255 1568 3416 1620 φησι·
3452 1552 3560 1604 Καὶ
3607 1550 3694 1616 τῷ

2123 1639 2231 1705 Υὶῷ
2253 1639 2435 1696 ἔδωκε
2463 1639 2616 1708 ζωὴν
2639 1639 2709 1692 ἐν
2743 1638 2934 1706 ἐαυτῷ
2971 1640 3136 1710 ἔχειν
3159 1641 3256 1712 (4),
3286 1643 3478 1710 καθὼς
3510 1647 3543 1698 d
3569 1647 3689 1697 Πα-

2111 1731 2223 1798 τὴρ
2247 1728 2400 1798 ζωὴν
2433 1731 2560 1800 ἔχει
2587 1733 2657 1784 ἐν
2673 1730 2882 1796 ἑαυτῷ.
2919 1731 3127 1785 Οὐκοῦν
3150 1733 3178 1784 ό
3207 1731 3304 1802 μὲν
3332 1733 3550 1799 ἔδωκεν,
3572 1736 3601 1786 ὁ
3626 1734 3686 1786 δὲ

2114 1821 2322 1892 εἴληφε.
2357 1822 2468 1876 Καὶ
2521 1823 2679 1893 μόνος
2729 1822 2872 1876 τοῦτ’
2913 1822 3102 1893 εἴληφε
3144 1823 3207 1876 τὸ
3248 1823 3437 1896 γέρας,
3485 1825 3560 1889 ὡς
3607 1827 3688 1897 μὴ

433 1918 560 1970 iste.
593 1915 860 1985 Solusque
885 1915 1024 1970 hanc
1048 1916 1212 1974 habet
1239 1917 1340 1971 iste
1363 1917 1872 1987 praemgativam,ut
1902 1931 2004 1970 non

2109 1911 2307 1975 ἔξωθέν
2353 1914 2516 1967 ποθεν
2541 1907 2705 1985 ἀὑτῷ
2752 1913 3070 1986 πορίζεσθαι
3111 1915 3310 1984 ὁμοίως
3342 1918 3452 1980 τοῖς
3479 1917 3686 1981 λοιποῖς

432 2026 462 2060 e
495 2007 648 2063 foris-
672 2007 893 2063 aliunde
928 2007 994 2064 ad
1047 2007 1202 2063 illum
1251 2009 1552 2064 accesserit
1592 2009 1723 2071 vita,
1752 2011 2014 2078 quemad-

435 2098 649 2158 modum
693 2098 912 2157 cwteris
937 2099 1208 2153 creaturis
1239 2098 1511 2153 accedere
1539 2097 1695 2162 solet,
1718 2099 1812 2153 sed
1843 2099 1896 2153 in
1928 2114 2014 2153 se-

434 2189 552 2258 ipso
581 2189 967 2260 scaturientem
1001 2187 1146 2245 illam
1176 2197 1376 2255 teneat,
1407 2190 1701 2244 secundum
1743 2192 2011 2245 conditio-

430 2297 556 2336 nem
583 2280 697 2350 ejus
718 2297 840 2351 quae
873 2283 929 2336 in
949 2281 1111 2336 Patre
1149 2283 1254 2337 est.
1287 2282 1580 2349 Quocirca,
1615 2297 1736 2351 quae
1781 2284 2006 2353 partici-

435 2386 566 2448 pant
595 2377 665 2431 de
718 2375 828 2431 vita
878 2375 1083 2441 omnia,
1122 2375 1309 2430 vivunt
1356 2376 1444 2430 illa
1489 2376 1556 2430 de
1605 2375 1727 2431 Filii
1765 2375 2012 2447 largitate

430 2477 835 2540 supererogata,
880 2468 1026 2523 solus
1078 2477 1258 2522 autem
1300 2469 1416 2538 ipse
1446 2469 1608 2524 vitam
1644 2470 1802 2525 liabet
1841 2471 1895 2525 in
1924 2485 2012 2526 se-

432 2563 550 2634 ipso
574 2562 981 2628 scaturientem,
1018 2558 1177 2616 Patre
1217 2559 1362 2615 illam
1393 2561 1677 2632 largiente,
1712 2565 1778 2617 ad
1819 2577 2008 2617 eorum

432 2671 588 2710 usum
617 2661 674 2710 et
711 2653 1026 2710 fruitionem
1049 2696 1063 2721 ,
1093 2655 1186 2724 qui
1220 2653 1475 2723 deinceps
1514 2663 1670 2708 erant
1705 2655 1809 2709 vita
1833 2654 2007 2708 viviﬁ-

431 2747 611 2803 candi.
643 2746 868 2816 ldquod
910 2747 1138 2816 ipsemet
1175 2753 1405 2800 testatur
1433 2745 1706 2815 inquiens.
1743 2746 2008 2812 Quemad-

430 2839 640 2893 modum
659 2853 740 2892 me
768 2837 910 2890 misit
937 2837 1108 2896 vivens
1133 2834 1312 2900 Pater,
1333 2847 1381 2890 et
1408 2852 1501 2906 ego
1531 2839 1640 2891 vivo
1666 2850 1877 2907 promer
1899 2839 2008 2894 Pa-

429 2939 580 2984 trem.
613 2927 679 2984 Et
706 2944 719 2979 :
749 2925 852 2991 Qui
878 2927 1123 2990 comedit,
1148 2926 1238 2979 ille
1267 2937 1477 2993 propter
1497 2942 1579 2980 me
1603 2927 1749 2981 vivet.
1795 2925 2004 2981 llic-est

424 3013 602 3080 panis,
634 3013 725 3084 qui
747 3012 812 3064 de
846 3015 972 3067 creto
999 3014 1321 3071 descendit’.
1344 3012 1506 3068 Vides
1528 3024 1734 3086 autem,
1767 3026 1825 3070 ut
1850 3018 2004 3086 panis

428 3112 548 3160 erat
591 3106 739 3172 vitaz,
768 3105 935 3164 etiam
976 3105 1103 3160 dum
1153 3106 1327 3160 adhuc
1358 3106 1412 3160 in
1444 3107 1598 3175 culis
1637 3118 1801 3164 esset.
1831 3115 1894 3174 ᾗ
1921 3109 2002 3165 0b

428 3211 591 3265 quam
621 3196 796 3266 ipsam
833 3211 1056 3254 causam
1086 3195 1283 3266 legitur
1311 3197 1506 3252 alicubi
1541 3198 1763 3264 dictum,
1799 3200 2001 3256 Panem

430 3285 743 3355 angelorum
778 3285 1078 3346 comedebat
1102 3285 1258 3341 homo
1286 3288 1330 3340 ⁸.
1359 3285 1679 3358 Priusquam
1711 3305 1839 3360 ergo
1873 3293 1999 3347 mit-

431 3385 654 3441 teretur,
682 3376 896 3432 vivebat
924 3377 985 3430 in
1038 3376 1212 3442 cmlo,
1242 3385 1298 3432 et
1336 3393 1430 3448 per
1466 3379 1682 3436 Patrem
1733 3382 1950 3439 vivebat
1982 3404 1998 3440 :

430 3484 535 3522 non
567 3475 626 3523 ut
649 3467 878 3524 Verbum
906 3468 1352 3537 signiﬁcativum;
1398 3486 1503 3526 non
1535 3481 1590 3526 ut
1634 3489 1798 3528 unum
1840 3485 2003 3546 atque

432 3561 571 3614 idem
615 3576 738 3614 cum
769 3559 880 3614 Deo
915 3562 1204 3627 exsistens,
1234 3563 1330 3616 sed
1369 3571 1627 3632 tauquam
1661 3565 1707 3620 is
1749 3566 1841 3633 qui
1869 3567 1998 3622 sub-

431 3651 669 3714 sisteret,
699 3661 762 3706 et.
797 3648 962 3702 vitam
1010 3649 1112 3708 sibi
1158 3651 1428 3720 propriam
1468 3654 1777 3720 possidebat
1809 3674 1821 3709 :
1854 3655 1998 3711 illam

433 3739 658 3806 scilicet,
687 3754 850 3809 quam
883 3739 1040 3796 Pater
1062 3739 1322 3810 elargitus
1354 3741 1426 3798 illi
1451 3741 1649 3811 fuerat.
1674 3744 2002 3815 Progressus

431 3834 629 3895 denuo,
661 3830 1033 3886 excellentiam
1083 3842 1322 3900 patet-ate
1352 3833 1537 3902 gloria:
1573 3835 1697 3890 dum
1729 3835 1996 3902 insinuat,

431 3922 551 3986 ait;
597 3921 1046 3987 Quemadmodum
1082 3939 1162 3984 me
1189 3921 1352 3980 Pater
1382 3911 1580 3996 docuit,
1623 3929 1723 3982 ista
1751 3929 1996 3996 loquor“.

432 4011 519 4078 Et,
561 4011 666 4079 Qui
699 4030 778 4068 me
807 4014 972 4078 misit,
1004 4016 1048 4072 is
1076 4026 1276 4072 mecum
1307 4025 1382 4072 est
1405 4031 1425 4072 :
1459 4034 1564 4074 non
1594 4037 1676 4080 me
1696 4024 1893 4078 dimisit
1921 4041 2002 4078 so-

431 4108 562 4171 lum,
587 4109 835 4176 quoniam
863 4124 954 4177 ego
971 4108 1181 4177 ubique,
1197 4125 1314 4179 qua:
1333 4122 1451 4164 sunt
1471 4113 1575 4179 ipsi
1600 4115 1997 4190 complacentia,

431 4198 626 4266 facio“.
657 4196 816 4254 Omni
856 4199 1014 4262 modo
1039 4201 1126 4260 hic
1150 4202 1277 4263 mihi
1307 4203 1564 4260 observes
1594 4205 1774 4281 velim,
1800 4208 1930 4277 quid
1946 4217 2000 4262 et

431 4290 718 4357 quomodo,
755 4291 970 4360 ubique,
1005 4291 1360 4354 dicatur.Non
1385 4293 1726 4360 enim-Nunc
1761 4295 2002 4360 ait,dum

433 4379 484 4434 in
535 4381 694 4434 terris
742 4394 839 4450 per
875 4393 1100 4438 carnem
1132 4396 1253 4436 cum
1291 4382 1604 4440 hominibus
1632 4400 1840 4453 versor,
1880 4401 1999 4455 quae

431 4467 574 4521 Patri
607 4477 729 4522 sunt
750 4472 1166 4540 complacentia,
1195 4470 1338 4525 facio
1369 4475 1502 4528 :sed
1544 4489 1758 4544 semper
1794 4486 1849 4531 et
1879 4479 1998 4532 ubl-

2113 2003 2246 2067 ζῶσι
2275 2005 2374 2076 τὴν
2399 2005 2568 2076 ζωὴν,
2605 2006 2719 2060 ἀλλ’
2751 2008 2810 2061 ὲν
2836 2005 3014 2078 ἑαυτῷ
3043 2005 3392 2078 πηγάζουσαν
3420 2008 3563 2079 ἔχειν
3586 2012 3689 2062 αὑ-

2110 2092 2228 2163 τὴν,
2268 2093 2410 2146 κατά
2456 2095 2554 2164 τὴν
2600 2096 2659 2148 ὲν
2692 2094 2770 2167 τῷ
2802 2097 2995 2167 Πατρί.
3027 2097 3116 2150 Διὺ
3149 2096 3326 2151 πάντα
3359 2097 3457 2168 μὲν
3485 2099 3554 2153 τά
3584 2100 3687 2168 τῆς

2113 2181 2256 2254 ζωῆς
2291 2185 2491 2256 μέτοχα
2527 2186 2586 2253 ἐξ
2621 2189 2978 2261 ἐπιχορηγίας
3003 2188 3095 2243 τοῦ
3132 2188 3261 2242 Υἱοΰ
3293 2189 3392 2261 ζῇ·
3432 2190 3592 2261 μόνος
3623 2192 3686 2244 δὲ

2109 2276 2269 2339 αὑτὸς
2296 2278 2650 2348 πηγάζουσαν
2683 2280 2826 2352 ζωὴν
2856 2281 2967 2351 ἔχει
3012 2282 3069 2333 ὲν
3103 2280 3299 2351 ἑαυτῷ,
3339 2281 3433 2335 τοῦ
3470 2283 3688 2355 Harpe;

2111 2366 2260 2438 αὑτῷ
2285 2368 2440 2421 τοῦτο
2467 2369 2855 2442 δωρησαμένου
2887 2374 2966 2435 εἰς
2993 2373 3291 2427 ἀπόλαυσιν
3323 2373 3430 2427 τῶν
3463 2375 3688 2444 μελλόν-

2106 2476 2214 2512 των
2226 2460 2292 2512 δι’
2308 2461 2472 2518 αὑτοῦ
2485 2460 2884 2525 ζωοποιεῖσθαι.
2912 2465 2976 2517 Ὃ
2991 2465 3053 2535 δὴ
3074 2464 3151 2534 (5)
3168 2466 3260 2519 καὶ
3272 2467 3430 2531 αὑτὸς
3441 2467 3654 2522 stam:
3664 2488 3686 2521 ι

2108 2549 2309 2619 λέγων’
2344 2553 2545 2618 Καθὼς
2578 2553 2899 2610 ἀπέστειλέ
2920 2572 2996 2625 με
3046 2561 3080 2610 ό
3121 2556 3233 2618 ζῶν
3269 2560 3491 2628 Πατὴρ,
3521 2559 3690 2630 κάγὼ

2108 2641 2180 2702 (To
2204 2643 2303 2698 διὰ
2331 2645 2439 2699 τὸν
2461 2645 2714 2715 Πατέρα.
2761 2648 2902 2700 Καί·
2942 2649 3003 2702 '0
3025 2649 3258 2719 τρώγων
3279 2667 3376 2719 με,
3405 2651 3688 2718 κάκεῖνος

2107 2733 2267 2801 (ridet
2295 2735 2369 2790 δι’
2397 2738 2521 2806 ἐμέ.
2546 2735 2736 2806 Οὗτός
2767 2741 2938 2794 ἐστιν
2955 2743 2986 2794 d
3013 2739 3190 2810 ἄρτος
3224 2745 3256 2795 ό
3285 2743 3352 2795 ἐκ
3374 2742 3478 2804 τοῦ
3507 2746 3688 2812 οὐρο-

2105 2828 2216 2881 νοῦ
2244 2829 2521 2896 καταϐάς.
2565 2831 2726 2904 Ὁρᾷς
2751 2833 2897 2896 ὅπως
2933 2833 3026 2886 καὶ
3060 2835 3116 2885 ἐν
3153 2833 3364 2903 οὐρανῷ
3395 2833 3686 2906 ὑπάρχων,

2105 2919 2267 2990 ἄρτος
2295 2915 2364 2990 ἦν
2392 2918 2555 2992 ζωῆς.
2575 2922 2665 2975 Διὸ
2694 2922 2939 2976 λέλεκταί
3001 2940 3101 2977 που
3125 2939 3138 2952 ·
3164 2924 3368 2991 Ἄρτον
3414 2925 3687 2994 ἀγγέλων

2103 3011 2322 3080 ἔφαγεν
2333 3015 2364 3065 ὁ
2377 3011 2702 3082 ἅνθρωπος.
2716 3014 2825 3068 Καὶ
2846 3014 2974 3086 πρὶν
2991 3015 3324 3070 ἀπεστάλθαι
3338 3018 3444 3088 ἀρα
3470 3015 3575 3070 ὑπὺ
3583 3016 3684 3070 τοῦ

2107 3104 2338 3174 ηατρὸς,
2367 3106 2425 3156 ὲν
2469 3104 2679 3176 οὐρανῷ
2705 3101 2774 3175 ἦν
2807 3105 2904 3178 (6),
2936 3107 3030 3160 καὶ
3070 3104 3166 3178 ἔζη
3203 3107 3288 3160 διὰ
3330 3107 3419 3161 τὸν
3459 3110 3689 3181 Πατέρα

2103 3197 2199 3265 οὑχ
2224 3195 2299 3257 ὡς
2311 3196 2483 3266 Λόγος
2511 3197 2970 3268 σημαντικὸς,οὑδ’
2995 3198 3069 3261 ὡς
3093 3198 3152 3252 ἓν
3172 3201 3265 3253 καὶ
3284 3201 3479 3254 ταὺτὺν
3502 3203 3694 3273 ὑπάρ-

2103 3304 2213 3357 χων
2241 3286 2320 3358 τῷ
2345 3288 2484 3358 Θεῷ,
2511 3289 2624 3343 ἀλλ’
2650 3289 2726 3353 ὡς
2753 3291 2997 3360 ὑφεστὼς
3038 3293 3134 3346 καὶ
3163 3291 3305 3362 ζωὴν
3337 3292 3472 3346 ἰδίαν
3510 3295 3680 3364 ἔχων,

2099 3380 2166 3451 ἢν
2212 3382 2241 3433 ὁ
2287 3381 2475 3454 Πατὴρ
2505 3382 2655 3453 αὑτῷ
2698 3383 2917 3437 δέδωκε.
2952 3384 3061 3439 Καὶ⁸
3091 3385 3293 3456 προῖὼν
3338 3387 3394 3440 δὲ
3444 3387 3570 3457 ἑξῆς
3613 3389 3684 3440 τὸ

2102 3471 2364 3542 ὑπερέχον
2415 3473 2516 3544 τῆς
2577 3474 2670 3528 τοῦ
2706 3476 2918 3549 Πατρὸς
2965 3477 3123 3549 δόξης
3170 3477 3440 3549 παριστὰς
3485 3477 3634 3546 ἔλεγε
3658 3494 3678 3508 ο

2098 3561 2302 3629 Καθὼς
2340 3563 2577 3628 ἐδίδαξέ
2603 3581 2680 3634 με
2700 3566 2936 3634 Πατὴρ,
2985 3567 3174 3622 ταῦτα
3195 3565 3564 3628 λιιλῶιῇαἰ·
3610 3569 3680 3625 '0

2099 3653 2339 3723 πέμψας
2367 3672 2446 3724 με
2461 3657 2589 3724 μετ’
2618 3657 2762 3725 ἐμοῦ
2787 3659 2976 3714 ἐστιν.
3000 3662 3121 3716 Οὐκ
3146 3661 3342 3730 ἀφῆκέ
3360 3679 3435 3731 με
3462 3665 3685 3732 μόνον,

2099 3745 2186 3801 ὅτι
2213 3747 2328 3816 ἐγὼ
2348 3748 2420 3804 τὰ
2455 3749 2680 3817 ἀρεστὰ
2718 3749 2878 3816 αὐτῷ
2920 3753 3069 3807 ποιῶ
3103 3754 3378 3810 πάντοτε.
3411 3757 3579 3828 Τήρει
3613 3757 3686 3811 δὲ.

2099 3839 2361 3911 ἀκριϐῶς,
2377 3841 2524 3902 ὃπως
2540 3843 2753 3913 εἴρηται
2781 3845 3056 3901 πάντοτε.
3075 3848 3149 3899 Οὑ
3178 3847 3306 3918 γὰρ,
3331 3847 3468 3914 Νῦν,
3484 3850 3682 3920 φησιν,

2098 3929 2184 3984 ὅτε
2217 3931 2309 3983 ἐπὶ
2345 3931 2447 4001 γῆς
2474 3931 2778 4004 ἀνθρώποις
2811 3933 2900 3988 διὰ
2943 3937 3142 4006 σαρκὸς
3172 3938 3365 4008 ὁμιλῶ,
3436 3941 3503 3993 τά
3545 3941 3681 4010 ἀρε-

2101 4021 2290 4093 στάτῷ
2321 4023 2396 4094 (7)
2418 4024 2594 4095 Πατρὶ
2641 4023 3064 4098 διαπράττομοιι,
3107 4029 3242 4083 ἀλλὰ
3279 4033 3375 4083 καὶ
3418 4031 3680 4088 πάντοτε.

2099 4112 2207 4165 Καὶ
2237 4111 2408 4165 ταῦτα
2446 4112 2503 4166 δὲ
2553 4114 2733 4168 λαλεῖν
2776 4119 3134 4190 μαρτύρεται,
3189 4119 3352 4191 ἅπερ,
3396 4120 3473 4185 ὡς
3519 4123 3678 4192 παρὰ

2096 4201 2449 4270 διδασκάλου,
2482 4205 2634 4276 παρά
2671 4207 2766 4262 τοῦ
2817 4209 3027 4280 Πατρὸς
3087 4210 3436 4282 μεμάθηκεν·
3477 4209 3682 4266 οὐκοῦν

2097 4294 2192 4345 καὶ
2225 4293 2542 4349 διδάσκαλον
2569 4298 2934 4370 ἐπιγράφεται
2956 4301 3050 4354 τὸν
3080 4303 3321 4376 Πατέρα,
3363 4304 3546 4376 ἕτερος
3570 4305 3677 4370 ὢν,

2096 4385 2314 4459 δηλαδὴ,
2365 4389 2494 4460 παρ’
2543 4391 2731 4455 αὑτὸν,
2783 4391 2918 4461 εῐγε
2945 4395 3049 4458 πᾶς
3087 4396 3194 4466 ὅτῳ
3232 4394 3674 4468 μαθητευόμενος

2097 4479 2282 4552 ἕτερος
2305 4482 2559 4552 τυγχάνει
2587 4484 2680 4536 τοῦ
2705 4484 3059 4551 διδάσκοντος.
3092 4489 3154 4544 Εἰ
3196 4487 3240 4540 δ’
3267 4489 3325 4542 ὲν
3351 4488 3429 4560 τῷ
3453 4488 3572 4560 Θεῷ
3598 4485 3672 4561 ἦν

430 4566 552 4620 que.
589 4551 714 4610 Πωο
739 4565 919 4611 autem
956 4558 1029 4612 ita
1060 4573 1120 4614 se
1146 4558 1382 4616 locutum
1409 4569 1659 4627 testatur.
1688 4574 1744 4618 ut
1781 4566 1871 4635 qui
1906 4567 1995 4622 illa

2104 4551 2340 4642 5Λόγος,
2483 4575 2541 4627 ὃν
2583 4577 2676 4628 καὶ
2713 4575 2930 4645 λογικὸς
2968 4577 3034 4632 ἂν
3059 4581 3250 4651 ῥηθείη
3285 4551 3510 4636 τῶντοῦ
3543 4551 3674 4636 ’Παὶ-

431 4652 712 4712 acceperat
737 4658 766 4696 a
793 4642 954 4702 Patre
973 4660 1094 4702 suo.
1126 4645 1388 4714 Quocirca
1413 4653 1684 4722 doctorem
1713 4668 1868 4709 suum
1907 4655 1992 4710 in-

422 4725 617 4788 'scribit
649 4733 888 4798 Patrem,
918 4735 1054 4792 alius
1084 4737 1152 4792 ab
1181 4753 1245 4794 eo
1288 4741 1472 4808 procul
1495 4742 1660 4798 dubio
1687 4745 1992 4803 exsistens:

431 4825 695 4894 siquidem
727 4826 902 4881 omnis
925 4829 1016 4895 qui
1045 4829 1112 4883 ab
1140 4829 1246 4885 alio
1265 4831 1811 4895 edocetur,diversus
1841 4839 1997 4908 plane

432 4919 500 4972 ab
526 4917 620 4972 illo
639 4919 872 4984 exsistit,
898 4921 990 4989 qui
1029 4921 1207 4976 docet.
1243 4923 1395 4990 Quod
1438 4925 1483 4979 si
1524 4925 1578 4979 in
1610 4925 1722 4982 Deo
1758 4927 1994 4986 Verbum

431 5018 546 5062 erat
577 5011 818 5079 (propter
866 5010 1010 5080 quod
1044 5010 1252 5080 logicus
1289 5013 1499 5070 dicatur.
1539 5017 1670 5089 ille),
1708 5021 1996 5092 cogitatio-

431 5115 559 5153 num
593 5101 675 5155 sui
713 5099 888 5154 Patris
919 5109 972 5154 et
1006 5115 1259 5156 sensuum
1307 5109 1679 5163 tantummodo
1719 5109 1991 5179 signiﬁca-

433 5187 598 5243 tivum
630 5206 646 5244 :
676 5189 769 5260 qui
824 5199 1000 5260 potest
1050 5190 1188 5259 ﬁeri,
1234 5202 1293 5248 ut
1336 5193 1407 5252 sit
1456 5194 1570 5266 ipse
1610 5200 1868 5267 magister
1905 5202 1988 5255 sui

433 5277 598 5347 ipsius
644 5278 1005 5337 informatur?
1036 5279 1334 5350 Quomodo,
1365 5298 1485 5339 cum
1530 5301 1561 5342 a
1599 5286 1711 5343 Deo
1733 5289 1804 5343 sit
1842 5289 1991 5346 iuse-

513 5420 572 5490 ᾖς
600 5414 696 5470 Ed.
728 5416 905 5474 Paris.
932 5434 1056 5490 pag.
1091 5421 1159 5476 90

2097 4663 2224 4736 τρὸς
2267 4666 2552 4736 νοημάτων
2602 4672 2939 4739 σημαντικός
2983 4689 3067 4736 τις
3105 4673 3214 4726 ὤν’
3251 4672 3367 4734 πῶς
3403 4672 3469 4726 ἂν
3504 4673 3678 4737 αὐτὸς

2099 4753 2288 4808 ἑαυτοῦ
2318 4755 2525 4824 γένοιτο
2545 4758 2863 4824 διδάσκαλος
2887 4779 2903 4826 ;
2932 4763 3056 4826 Πῶς
3080 4763 3122 4816 δ’
3148 4762 3448 4834 άχώριστος
3470 4763 3545 4816 ὣν
3570 4764 3672 4817 τοῦ

2097 4845 2251 4912 Θεοῦ,
2275 4846 2464 4901 ἑαυτὸν
2489 4848 2671 4918 ἔλεγεν
2697 4851 3062 4918 ἀπεστάλθαις
3089 4855 3213 4919 Πῶς
3236 4855 3313 4919 δὲ,
3333 4855 3391 4909 ἓν
3413 4857 3510 4910 καὶ
3534 4857 3670 4910 ταὺ-

2097 4936 2188 4990 τὺν
2235 4938 2494 5010 ὑπάρχων
2533 4942 2611 5013 τῷ
2661 4945 2806 5017 Θεῷ,
2848 4946 2918 5001 τὰ
2963 4947 3175 5017 ἀρεστά
3217 4948 3478 5019 πράττειν
3516 4950 3675 5020 αὑτῷ

2095 5025 2522 5100 διεμαρτύρετο;
2563 5033 2627 5087 Ei
2659 5035 2718 5088 δὲ
2747 5036 2882 5107 πρὸς
2921 5037 3094 5091 ταῦτα
3135 5037 3283 5106 λέγοι
3322 5039 3665 5109 Μάρκελλος,

2095 5112 2152 5164 ὲν
2193 5117 2260 5187 τῇ
2293 5119 2458 5188 σαρκὶ
2487 5119 2616 5174 ὄντα
2657 5123 2750 5178 τὸν
2793 5124 2986 5192 Λόγον,
3024 5126 3225 5191 ταύτας
3268 5129 3543 5199 εἰρηκέναι
3566 5131 3665 5193 τὰς

2097 5207 2298 5273 φωνὰς,
2333 5210 2430 5264 καὶ
2462 5212 2514 5266 τί
2534 5215 2692 5269 τοῦτο
2714 5218 2958 5289 φήσομεν
2989 5220 3124 5290 πρὸς
3149 5220 3242 5273 τὸν
3283 5220 3358 5292 μὴ
3378 5220 3666 5291 ὁμολογεῖν

2095 5296 2187 5351 τὸν
2239 5300 2365 5354 Υὶὸν
2406 5303 2480 5375 (8)
2539 5307 2703 5360 αὑτὸν
2761 5303 2920 5375 εἶναι,
2946 5310 3082 5364 ἀλλὰ
3114 5313 3282 5380 Λόγον
3316 5313 3507 5384 μόνον;
3539 5311 3660 5374 Πῶς

504 5459 696 5540 5303.72
1093 5459 1322 5548 "toPsal.
1351 5510 1554 5560 uxvu,
1577 5495 1680 5562 25;
1713 5497 1755 5550 ll
1792 5498 1945 5556 Esdr.
1976 5519 2004 5557 ιε

2104 5505 2171 5558 [ΐὶ.
2247 5507 2268 5538 ⁵
2301 5505 2456 5563 Joan.
2493 5526 2610 5575 rm,
2640 5513 2730 5569 28.
2807 5514 2981 5570 ‘ibid.
3006 5515 3098 5571 29.

505 5622 583 5695 (4)
610 5623 779 5697 Vulgo
807 5629 863 5681 ὲν
881 5630 1058 5702 ἑαυτῴ
1078 5631 1254 5703 ἐχειν;
1293 5649 1454 5706 supra
1479 5637 1638 5707 vulgo
1682 5639 1822 5693 κατά
1869 5640 1992 5695 τοῦ-

431 5712 544 5751 τον.
1508 5737 1513 5743 ⁵

502 5765 580 5837 (ξ)
606 5763 776 5837 Vulgo
793 5768 877 5837 δέ.

505 5833 580 5905 (6)
611 5833 731 5890 Mss}
755 5836 882 5904 ἔζην
907 5856 923 5906 ;
947 5856 1071 5896 mox
1091 5843 1248 5912 vulgo
1269 5843 1375 5898 οὐδ’
1393 5846 1468 5909 ὡς
1485 5859 1536 5903 et
1557 5849 1682 5927 ἑξῆς
1699 5851 1985 5924 ὑπεροχήν,

2097 5655 2150 5699 et
2184 5645 2316 5698 inira
2347 5648 2428 5700 ὃτι
2454 5650 2564 5703 sui.

2168 5715 2246 5793 (ξι)
2274 5715 2609 5793 xutso
2960 5741 2962 5744 ν

2169 5785 2242 5857 (8)
2274 5784 2440 5859 Vulgo
2471 5791 2563 5846 τὸν
2580 5784 2667 5865 ’μὴ
2684 5784 2844 5865 ’ὁμολ.
2883 5795 2973 5848 τὸν
2999 5795 3146 5852 Υξόν.
