3970 6514
390 392 495 446 879

1085 388 1349 443 EUSEBII
1390 386 1866 443 CIESARIENSlS
1904 386 2054 443 OPP.
2099 385 2276 441 PARS
2315 383 2405 445 IV.
2444 414 2513 426 —
2554 381 2973 441 DOGMATICA.

3536 378 3645 433 380

392 510 521 565 illud
543 512 686 580 quod
716 510 766 564 in
804 509 912 571 Deo
942 509 1135 573 fuerat,
1163 510 1389 579 ipsemet
1417 509 1557 564 idem
1589 509 1751 573 Deus,
1783 519 1840 563 ιιι
1868 509 1965 563 Sa-

2074 506 2219 578 Θεῷ;
2246 507 2367 568 Πῶς
2391 503 2706 558 διδάσκαλον
2728 501 2892 556 αὐτοῦ
2920 515 3082 569 φησιν
3106 491 3245 551 εἶναι
3272 496 3363 551 τὸν
3390 495 3643 567 Πατέρα;

390 602 556 655 hellin
593 600 787 669 placuit
815 600 837 653 ?
861 609 955 653 aut
984 601 1163 669 potius
1207 600 1368 670 (quod
1396 616 1517 654 cum
1551 602 1836 654 sanctitate
1858 609 1963 654 stat

392 702 445 743 et
480 690 725 755 veritate)
759 691 944 743 vivens
993 699 1049 744 et
1082 690 1389 744 subsistens
1431 692 1743 759 unigenitus
1796 690 1963 743 Filius

397 784 489 840 Dei
512 784 535 810 “
563 784 712 848 Quod
742 782 786 835 si
826 782 955 835 nihil
990 782 1182 835 horum
1218 782 1317 851 ipsi
1355 782 1624 847 arriserit,
1654 781 1964 836 omnimodo

394 875 683 928 substituet
720 873 805 927 hic
827 874 1115 926 humanam
1141 874 1413 939 animam;
1444 883 1603 942 atque
1631 874 1703 926 ita
1756 872 1860 927 erit
1890 872 1963 927 illi

394 966 570 1019 nudus
602 965 762 1018 homo
798 962 1061 1017 Christus.
1098 962 1208 1017 Nec
1238 963 1466 1016 ulterius
1504 962 1657 1017 nobis
1700 961 1967 1016 Sabellius

395 1056 649 1124 prodibit,
676 1055 771 1108 sed
808 1054 873 1108 de
897 1064 1042 1109 secta
1068 1052 1475 1117 Paulianorum,
1505 1069 1674 1107 novus
1706 1055 1962 1123 scriptor.

393 1148 545 1213 Quod
577 1148 620 1201 si
674 1147 907 1201 Verbum
963 1146 1089 1199 illud
1124 1146 1324 1200 dixerit
1366 1145 1639 1199 hominem
1698 1146 1963 1211 habitare,

395 1238 535 1306 quod
574 1238 625 1290 in
660 1236 768 1291 Deo
827 1236 951 1302 fuit,
998 1237 1126 1290 nihil
1162 1236 1306 1290 aliud
1364 1237 1559 1305 ipsum,
1594 1237 1693 1291 nisi
1733 1235 1963 1291 Verbum

395 1332 683 1393 cxsistens,
716 1339 768 1383 et
792 1327 1021 1383 Verbum
1054 1328 1469 1397 signiﬁcativum
1502 1328 1585 1382 vel
1608 1330 1962 1398 operativum,

395 1436 501 1489 quo
530 1429 685 1490 pacto
702 1422 805 1474 hoc
824 1420 1052 1483 dicatur,
1078 1422 1240 1471 vitam
1269 1418 1538 1489 propriam
1562 1430 1616 1475 et
1643 1420 1966 1490 peculiarem

396 1510 581 1563 vivere
626 1494 927 1578 seiunctam
964 1526 991 1562 a
1024 1508 1216 1563 Patre?
1249 1508 1367 1573 Quo
1400 1509 1597 1563 missus
1638 1510 1737 1564 fuit
1765 1511 1851 1565 ille
1878 1510 1969 1581 qui

398 1602 615 1669 quidem
669 1602 917 1655 counitus
943 1616 1176 1669 semper,
1206 1609 1257 1653 et
1299 1600 1576 1670 copulatus
1613 1601 1759 1657 Patri
1794 1604 1970 1657 consi-

397 1692 614 1747 stebat?
640 1692 755 1757 Quo
785 1703 940 1761 pacto
962 1703 1341 1761 prmeeptnrem
1370 1708 1523 1745 suum
1547 1692 1773 1746 atiirmat
1800 1693 1967 1747 Demn

399 1782 657 1837 Patrem?
687 1798 793 1851 quo
823 1795 985 1851 pacto
1030 1799 1088 1838 se
1120 1798 1334 1851 semper
1375 1792 1430 1837 et
1481 1790 1539 1847 ἦ(
1578 1786 1775 1855 ubique
1822 1786 1967 1839 Patri

2064 598 2187 661 Πῶς
2211 599 2267 651 δὲ
2289 598 2356 651 τὰ
2379 596 2585 668 ἀρεστὰ
2623 595 2701 665 τῷ
2745 596 2921 663 Ila.sz
2945 592 3177 645 πάντοτε
3218 591 3478 661 πράττειν
3522 590 3655 641 tau-

2062 691 2395 757 τὸνκέλεγεν;
2443 682 2604 741 αὗται
2646 687 2755 759 γὰρ
2811 685 3108 757 διαρρήδην
3150 683 3281 736 Υἱοῦ
3335 682 3651 753 ὑφεστῶτος

2065 784 2155 836 καὶ
2179 782 2379 848 ζῶντος
2407 782 2518 851 (14)
2542 776 2651 833 εἷεν
2676 779 2742 833 ἂν
2767 778 2964 847 φωναὶ,
2983 778 3076 830 καὶ
3098 777 3166 829 δι’
3191 776 3311 829 ὅλου
3335 775 3391 829 δὲ
3414 776 3525 845 (15)
3552 774 3651 827 τοῦ

2064 875 2391 943 Εὑαγγελίου
2429 874 2458 925 ὁ
2496 873 2783 943 εὐχόμενος
2823 870 2902 941 τῷ
2938 870 3132 940 Πατρὶ,
3170 868 3404 935 δοξάζων
3424 870 3515 921 τὸν
3540 869 3657 921 Ila-

2064 966 2196 1034 τέρα
2220 968 2247 1017 ὁ
2275 963 2425 1034 παρὰ
2459 962 2554 1015 τοῦ
2587 961 2797 1031 Πατρὸς
2820 959 3145 1028 δοξασθῆναι
3170 958 3355 1022 ἀξιῶν,
3380 957 3432 1010 τί
3462 958 3653 1027 ἕτερον

2067 1055 2100 1125 ἢ
2130 1053 2413 1123 ὑφεστῶτα
2442 1053 2632 1105 ἑαυτὸν
2653 1052 2913 1113 δείκνυσι,
2963 1051 3057 1102 καὶ
3099 1050 3334 1119 μάλιστα
3370 1052 3460 1102 ὅτε
3491 1050 3649 1117 φησι,

2068 1148 2182 1200 Δύο
2228 1143 2553 1212 ἀνθρώπων
2588 1145 2625 1210 ἡ
2660 1143 2955 1210 μαρτυρία
2999 1139 3233 1207 ἀληθής
3273 1140 3463 1192 ἐστιν.
3504 1137 3654 1206 Ἐγώ

2066 1242 2179 1308 εἰμι
2212 1241 2244 1292 ό
2284 1234 2601 1305 μαρτυρῶν
2630 1234 2763 1301 περὶ
2799 1233 3087 1303 ἐμαυτοῦ·
3122 1233 3237 1286 καί·
3295 1232 3357 1285 '0
3407 1233 3653 1300 πέμψας

2064 1348 2140 1400 με
2169 1330 2371 1397 Πατὴρ
2397 1327 2688 1397 μαρτυρεῖ
2710 1327 2841 1395 περὶ
2871 1326 3037 1395 ἐμοῦ.
3064 1324 3165 1377 Διὰ
3194 1323 3463 1377 τοσούτων
3487 1323 3650 1384 αὐτὸς

2069 1425 2097 1474 ὁ
2148 1421 2335 1491 Σωτὴρ
2379 1419 2557 1483 ζῶντα
2617 1420 2809 1472 ἑαυτὸν
2850 1419 3227 1490 παραστήσας,
3265 1414 3504 1486 οὐδαμοῦ
3550 1415 3653 1485 μὲν

2070 1515 2264 1582 Λόγον
2286 1509 2475 1563 ἑαυτὸν
2499 1508 2803 1577 ὠνόμασεν,
2830 1506 2958 1558 Υἱὸν
2981 1505 3058 1570 δὲ,
3084 1505 3177 1557 καὶ
3201 1502 3336 1573 φῶς,
3362 1502 3455 1555 καὶ
3478 1502 3653 1554 Μονο-

2070 1607 2225 1674 γενῆ,
2251 1604 2345 1656 καὶ
2368 1602 2531 1673 ἄρτον
2556 1601 2699 1671 ζωῆς
2729 1598 2859 1669 (16).
2908 1596 3042 1670 [Καὶ
3066 1596 3246 1650 πάντα
3269 1594 3445 1663 λόγον,
3475 1594 3509 1664 ἢ
3544 1593 3650 1645 Λό-

2071 1694 2214 1765 γον,]
2258 1694 2365 1748 Καὶ
2408 1693 2564 1761 λόγον
2612 1691 2710 1762 μὲν
2745 1690 2888 1761 ἔχειν
2937 1689 3173 1743 διδάσκει
3222 1686 3467 1755 φάσκων.
3511 1683 3655 1737 Ἐάν

2072 1802 2161 1851 τις
2189 1784 2389 1853 ἀγαπᾷ
2415 1802 2512 1853 με,
2551 1783 2657 1836 τόν
2684 1784 2879 1851 Λόγον
2906 1798 3022 1850 μου
3056 1778 3333 1847 τηρήσει·
3371 1775 3561 1829 ἑαυτὸν
3591 1772 3652 1826 δὲ

400 1890 497 1928 suo
526 1873 911 1941 complacentia
948 1874 1143 1929 fecisse
1175 1874 1351 1929 dicet?
1390 1873 1526 1928 Sunt
1570 1877 1711 1930 enim
1760 1878 1841 1930 hac
1869 1892 1966 1930 vo-

2074 1877 2240 1945 Λόγον
2274 1873 2409 1929 εἶναι
2449 1874 2508 1928 οὔ
2542 1891 2726 1944 φησιν.
2763 1874 2885 1937 Πῶς
2926 1867 3017 1925 οὖν
3054 1871 3189 1942 μετὰ
3233 1870 3406 1923 ταῦτα
3451 1867 3649 1924 πάντα.

400 1985 493 2024 ces
532 1969 662 2023 satis
697 1967 857 2021 clarae
890 1976 942 2021 et
979 1966 1278 2020 manifestze
1308 1967 1399 2020 lilii
1448 1967 1587 2021 illius
1620 1968 1722 2021 vivi
1757 1978 1811 2023 et
1838 1969 1970 2023 sub-

401 2060 662 2121 sistentis,
699 2058 790 2128 qui
824 2058 1018 2126 ubique
1068 2071 1214 2112 certe
1251 2074 1347 2127 per
1403 2058 1751 2129 Evangelium
1775 2060 1967 2129 depre-

400 2162 557 2205 catur
602 2150 840 2217 Patrem,
901 2160 957 2204 et
992 2165 1021 2203 a
1053 2149 1235 2212 Patre,
1288 2159 1347 2203 ut
1397 2165 1456 2203 se
1486 2150 1769 2220 gloriﬁcet,
1814 2154 1966 2220 petit.

400 2244 529 2309 Quae
582 2242 799 2313 quidem
871 2241 1075 2308 omnia,
1130 2242 1260 2311 quid
1330 2241 1472 2295 aliud
1531 2242 1746 2307 ducent,
1806 2259 1967 2313 quam

400 2338 575 2405 ipsum
625 2350 811 2389 revera
844 2333 1189 2389 substitisse?
1236 2332 1505 2403 imprimis
1534 2332 1622 2385 ubi
1670 2334 1743 2387 ait
1778 2334 1970 2389 :Duo-

402 2446 516 2481 rum
556 2429 819 2480 hominum
860 2427 1206 2477 testimonium
1238 2440 1414 2478 rerum
1441 2434 1535 2477 est.
1582 2424 1691 2494 Ego
1720 2442 1857 2491 sum,
1882 2428 1970 2497 qui

401 2519 753 2573 testimonium
799 2518 1041 2585 perhibeo
1076 2516 1409 2584 mihimetipsi
1462 2530 1481 2567 :
1509 2525 1555 2567 et
1603 2515 1689 2583 qui
1724 2516 1864 2569 misit
1892 2532 1971 2570 me

403 2609 587 2672 Pater,
610 2608 673 2661 de
694 2624 773 2660 me
799 2608 843 2659 is
867 2607 1096 2674 perhibet
1121 2607 1471 2659 testimonium
1491 2606 1533 2657 ⁷.
1565 2604 1665 2658 Τοι
1690 2604 1821 2658 locis
1848 2619 1969 2658 cum

403 2714 463 2753 se
496 2700 673 2752 vivum
706 2697 1077 2766 pnedicaverit
1106 2696 1383 2762 Servator,
1416 2709 1682 2765 nusquam
1704 2709 1761 2748 se
1792 2703 1969 2749 tamen

414 2788 635 2845 Verbum
672 2788 987 2852 nominavit,
1032 2788 1124 2842 sed
1168 2786 1382 2852 Filium,
1436 2796 1489 2840 et
1525 2786 1722 2850 lucem,
1769 2795 1822 2840 et
1857 2787 1971 2839 uni-

403 2881 662 2952 genitum,
687 2889 740 2934 et
775 2894 965 2949 panem
994 2884 1134 2931 vitae.
1179 2875 1349 2930 Verba
1386 2886 1566 2931 autem
1596 2891 1691 2931 sua
1731 2885 1785 2930 et
1811 2876 1970 2930 verba

402 2986 464 3027 se
499 2971 697 3025 habere
730 2970 943 3039 quidem
997 2968 1175 3033 docet,
1230 2966 1321 3021 ubi
1352 2966 1447 3031 ait,
1483 2965 1544 3021 Si
1590 2966 1705 3035 quis
1750 2962 1972 3019 Verbum

403 3077 574 3115 meum
620 3058 997 3113 custodiverit"
1026 3074 1039 3111 :
1073 3067 1126 3111 at
1154 3056 1524 3125 semetipsum,
1564 3055 1795 3111 Verbum
1846 3070 1974 3109 nus-

403 3167 564 3221 quam
609 3152 871 3205 nominat.
914 3149 979 3203 Et
1011 3158 1156 3203 certe
1190 3148 1613 3202 erubescendum
1651 3147 1724 3201 illi
1774 3147 1967 3207 fuerat,

402 3244 517 3312 qui,
549 3242 695 3297 hisce
734 3241 985 3299 omnibus
1015 3254 1122 3293 non
1154 3239 1514 3307 obstantibus,
1561 3237 1790 3294 Verbum
1824 3238 1971 3293 illum

403 3343 457 3388 et
487 3332 618 3387 nihil
661 3330 803 3385 aliud
830 3332 934 3385 nisi
974 3330 1209 3384 Verbum
1258 3331 1577 3398 designavit.
1600 3330 1819 3386 Audisis
1844 3346 1974 3402 ergo

403 3440 521 3493 quae
554 3423 794 3491 scripsit,
831 3422 985 3477 dixit.
1016 3422 1105 3495 [Β.
1149 3420 1440 3494 XXXVll.]
1480 3440 1499 3474 ι
1528 3422 1676 3477 Adeo
1711 3431 1770 3477 ut
1794 3422 1974 3475 omni-

408 3516 612 3569 «modo
660 3513 1007 3567 manifestum
1073 3515 1255 3576 fuerit,
1330 3513 1532 3567 nullum
1588 3512 1729 3567 aliud
1778 3528 1970 3567 nomen

409 3624 428 3656 ι
456 3605 617 3660 Verbi
643 3606 931 3660 aeternitati
958 3619 1255 3675 congruere
1274 3614 1471 3674 praeter
1495 3605 1595 3659 hoc
1619 3605 1813 3674 ipsum,
1836 3604 1975 3673 quod

407 3717 427 3749 ι
451 3696 828 3753 sanctissimus
858 3696 947 3750 Dei
1003 3696 1298 3765 discipulus
1346 3705 1401 3749 et
1438 3700 1714 3764 apostolus
1742 3694 1977 3751 Joannes

407 3809 428 3841 ι
457 3790 508 3844 in
537 3788 808 3859 principio
858 3787 1133 3858 Evangelii
1182 3788 1502 3841 nominavit.
1542 3805 1561 3840 ›
1590 3787 1654 3840 Et
1694 3786 1971 3842 secundo:

406 3901 426 3933 ι
463 3880 528 3937 Ut
559 3881 889 3946 ostenderet,
942 3879 1083 3948 quod
1128 3879 1170 3933 si
1196 3893 1392 3932 novum
1446 3892 1639 3933 nomen
1679 3878 1892 3947 aliquod
1919 3888 1973 3933 et

407 3989 429 4023 ι
458 3987 632 4040 nuper
662 3970 846 4025 datum
874 3971 921 4024 ei
960 3969 1333 4033 conveniebat,
1361 3982 1391 4022 a
1412 3982 1552 4024 novo
1578 3978 1633 4022 et
1665 3982 1834 4039 nuper
1861 3977 1971 4023 tra-

407 4083 427 4115 ι
456 4064 566 4120 dito
605 4074 947 4129 testamento,
979 4063 1082 4117 hnc
1119 4072 1235 4116 erat
1281 4062 1455 4132 ipsum
1487 4076 1781 4132 congruum
1811 4062 1882 4116 illi
1918 4063 1972 4117 in

405 4175 424 4208 ι
450 4172 613 4211 carne
645 4156 1051 4225 dispensationi.
1081 4172 1100 4206 ι
1138 4154 1203 4208 Et
1223 4154 1414 4208 tertio:
1435 4172 1453 4204 ‹
1480 4152 1765 4220 Quocirca,
1793 4155 1973 4224 prius-

406 4270 425 4299 ι
446 4262 609 4317 quam
646 4248 1016 4311 descenderet,
1045 4256 1100 4300 et
1126 4246 1190 4299 de
1216 4242 1438 4316 Virgine
1466 4254 1802 4299 nasceretur.
1834 4243 1971 4298 Ver-

406 4356 427 4389 ι
444 4338 571 4391 bum
589 4346 707 4391 erat
729 4336 1119 4390 tantummodo.
1145 4334 1283 4401 Quid
1304 4334 1446 4391 enim
1466 4344 1609 4389 esset
1628 4334 1770 4388 aliud
1794 4334 1971 4405 prius-

2070 1969 2169 2022 οὐκ
2206 1968 2429 2039 ἐρυθριᾷ
2456 1970 2483 2020 ὁ
2516 1967 2673 2037 μόνον
2718 1965 2908 2032 Λόγον,
2951 1964 3043 2016 καὶ
3086 1963 3237 2016 οὐδὲν
3278 1964 3461 2032 ἕτερον
3509 1957 3650 2013 εἶναι

2072 2061 2232 2114 αὑτὸν
2262 2059 2713 2129 ἀποφηνάμενος;
2752 2056 3081 2109 Ἐπάκουσον
3095 2054 3224 2120 γοῦν
3248 2054 3391 2116 ὅπως
3419 2052 3649 2123 ἔγραφε,

2072 2152 2263 2219 λέγων,
2302 2170 2320 2200 ι
2349 2151 2509 2202 Ὥστε
2554 2147 2885 2216 πανταχόθεν
2922 2145 3077 2215 δῆλόν
3121 2146 3237 2197 ἐστι
3270 2142 3431 2213 μηδὲν
3464 2141 3651 2207 ἕτερον

2078 2261 2095 2293 ι
2124 2245 2189 2311 τῇ
2228 2241 2487 2311 άῖδιότητι
2519 2238 2611 2292 τοῦ
2641 2239 2819 2307 Λόγου
2851 2235 3139 2308 ἁρμόττειν
3185 2233 3375 2304 ὄνομα,
3408 2234 3440 2303 ἢ
3478 2232 3649 2292 τοῦθ’,

2080 2354 2096 2384 ι
2122 2335 2255 2404 ὅπερ
2276 2334 2303 2384 ό
2326 2330 2629 2401 άγιὼτατος
2649 2329 2744 2383 τοῦ
2767 2328 2901 2383 Θεοῦ
2934 2327 3179 2399 μαθητὴς
3212 2328 3307 2379 καὶ
3356 2323 3653 2385 ἀπόστολος

2079 2447 2095 2477 ι
2139 2426 2409 2495 Ἰωάννης,
2437 2426 2495 2476 ὲν
2527 2425 2668 2495 ἀρχῇ
2704 2420 2797 2475 τοῦ
2828 2420 3154 2490 Εὐαγγελίου
3186 2416 3486 2487 εἶπεν(17).
3514 2416 3653 2488 [Καὶ

2079 2538 2097 2569 ‹
2118 2515 2327 2587 πά).ιν·]
2350 2518 2462 2569 Ἵνα
2484 2516 2632 2588 δείξῃ
2651 2516 2733 2568 ὃτι
2748 2514 3056 2584 εἴτιικαινὸν
3076 2513 3169 2566 καὶ
3184 2512 3438 2581 νεώτερον
3453 2510 3649 2579 ὄνομα,

2081 2627 2100 2659 ι
2121 2607 2265 2660 τοῦτ’
2300 2607 2406 2659 ἀπὸ
2434 2606 2534 2676 τῆς
2575 2608 2767 2676 καινῆς
2798 2603 2951 2673 αὐτῷ
2985 2604 3079 2658 καὶ
3118 2604 3244 2666 νέας
3275 2603 3481 2673 ὑπῆρξε
3510 2600 3650 2654 κατὰ

2080 2719 2096 2750 ι
2125 2699 2305 2769 σάρκα
2331 2698 2659 2769 οἰκονομίας.
2680 2695 2814 2768 [Καὶ
2828 2692 3029 2769 αὖθις]
3053 2694 3262 2747 Οὐκοῦν
3292 2694 3395 2763 πρὸ
3427 2692 3527 2763 μὲν
3552 2689 3653 2743 τοῦ

2081 2812 2099 2844 ι
2130 2791 2534 2851 κατελθεῖν,καὶ
2562 2791 2650 2844 διὰ
2670 2792 2765 2861 τῆς
2800 2790 3071 2862 Παρθένου
3095 2789 3369 2859 τεχθῆναι,
3387 2787 3554 2853 Λόγος
3583 2781 3655 2856 ἦν

2081 2906 2099 2936 ι
2127 2888 2306 2957 μόνον.
2348 2885 2503 2937 Ἐπεὶ
2528 2884 2579 2937 τί
2609 2884 2795 2954 ἕτερον
2824 2879 2916 2953 ἦν,
2943 2883 3048 2953 πρὸ
3071 2881 3161 2935 τοῦ
3189 2880 3285 2951 τὴν
3306 2878 3652 2950 ἀνθρωπίνην

2081 2999 2100 3030 ι
2122 2976 2408 3031 ἀναλαϐεῖν
2440 2976 2715 3045 σάρκα,τὸ
2746 2974 3011 3044 κατῆλθον
3034 2974 3119 3025 ἐπ’
3146 2972 3383 3041 ἐσχάτων
3412 2970 3517 3021 τῶν
3541 2968 3655 3037 (l8)

2081 3086 2099 3119 ι
2130 3066 2348 3137 ἡμερῶν
2368 3083 2381 3129 ;
2401 3065 2475 3127 ὡς
2504 3066 2599 3118 καὶ
2625 3066 2787 3127 αὐτὸς
2813 3065 3076 3135 γέγραφε.
3095 3062 3203 3114 Καὶ
3224 3062 3283 3113 τὸ
3310 3058 3567 3128 γεννηθὲν
3589 3059 3651 3109 ὲκ

2081 3171 2099 3202 ι
2133 3152 2229 3222 τῆς
2258 3151 2535 3222 Παρθένου
2564 3152 2713 3204 οὐδὲν
2741 3152 2925 3223 ἕτερον
2950 3147 3018 3221 ἧν
3046 3151 3078 3221 ἢ
3116 3149 3305 3216 Λόγος.
3337 3166 3354 3198 ι
3404 3146 3653 3200 Τοσαῦτα

2078 3242 2381 3315 Μαρκέλλῳ
2422 3244 2594 3295 εἰπεῖν
2642 3242 2735 3294 καὶ
2773 3238 3147 3310 ἀποφήνασθαι
3191 3239 3439 3309 πάρεστι,
3465 3235 3551 3287 διὰ
3592 3236 3657 3287 τὸ

2082 3336 2155 3406 μὴ
2182 3334 2464 3406 ὁμολογεῖν
2493 3336 2584 3388 τὸν
2624 3334 2751 3387 Υἱὸν
2788 3332 2882 3386 τοῦ
2920 3331 3075 3397 Θεοῦ,
3108 3330 3243 3401 πρὸς
3268 3330 3327 3383 ὃν
3357 3326 3508 3382 εἶπεν
3537 3327 3602 3381 ἂν
3622 3329 3655 3379 ὁ

2078 3425 2484 3496 Εὑαγγελιστὴς
2541 3424 2679 3495 μέγα
2716 3422 3036 3492 έπιϐοήσας.
3075 3420 3138 3472 Τί
3174 3421 3307 3489 φῂς,
3363 3417 3649 3488 ἄνθρωπε;

2079 3518 2151 3570 Ub
2179 3519 2377 3586 Λόγον
2425 3516 2584 3569 αὐτὸν
2622 3516 2757 3586 ἔφην
2795 3514 2954 3584 μόνον
2978 3553 2994 3575 ,
3042 3511 3201 3565 ἀλλὰ
3244 3510 3341 3564 καὶ
3376 3510 3524 3563 Θεὸν
3554 3508 3651 3561 καί

2076 3606 2203 3677 φῶς
2226 3606 2292 3661 τὸ
2323 3605 2574 3677 φωτίζον
2615 3590 2811 3659 narra
2857 3603 3171 3673 ἄνθρωπον
3213 3603 3538 3671 ἐρχόμενον
3564 3603 3653 3663 εἰς

2075 3698 2182 3751 τόν
2215 3698 2467 3767 κόσμον,
2499 3696 2595 3751 καὶ
2626 3695 2935 3767 Μονογενίῆ
2974 3694 3111 3749 Υιόν
3141 3694 3246 3749 τὸν
3268 3696 3354 3757 εἱς
3385 3691 3491 3745 τὸν
3513 3693 3655 3744 κόλ-

2075 3808 2193 3845 πον
2224 3791 2327 3845 τοῦ
2371 3790 2619 3857 Πατρός.
2640 3791 2732 3861 Μὴ
2751 3790 2816 3860 δὴ
2850 3790 3008 3861 μόνον
3036 3784 3128 3842 οὖν
3150 3785 3548 3855 συκοφαντείτω
3570 3800 3652 3845 τις

2074 3883 2165 3935 τὸν
2182 3882 2427 3951 θεολόγον
2448 3882 2582 3953 (19),
2603 3882 2716 3934 ἀλλ’
2742 3882 2985 3953 ἀκριϐῶς
3011 3881 3252 3934 ὲπαῖέτω
3274 3878 3456 3941 αὑτοῦ,
3471 3878 3651 3929 ὁποίον

2074 3974 2302 4026 ὑπέθετο
2330 3973 2522 4043 Λόγον,
2540 3973 2690 4045 παρὰ
2722 3975 2887 4037 πόδας
2911 3973 3171 4041 συνάψας,
3214 3971 3322 4026 Καὶ
3350 3968 3495 4033 Θεὸς
3518 3964 3598 4037 ἦν
3618 3970 3654 4020 ό

2074 4070 2265 4139 Λόγος
2285 4084 2298 4098 ·
2326 4069 2418 4122 καὶ
2440 4066 2747 4139 προστιθεὶς
2773 4066 2855 4130 τὸ,
2873 4063 3076 4117 Πάντα
3093 4062 3167 4116 δι’
3183 4059 3368 4116 αὐτοῦ
3390 4056 3647 4127 ἐγένετο.

2075 4159 2231 4212 Κατὰ
2265 4158 2323 4212 δὲ
2375 4158 2536 4211 αὐτὸν
2584 4156 2675 4209 τὸν
2724 4154 2831 4208 τῶν
2871 4154 3006 4207 ὅλων
3048 4153 3279 4223 Σωτῆρα
3328 4148 3449 4202 οὐδὲ
3501 4146 3652 4211 ἅπαξ

2074 4250 2390 4321 ὠνόμασται
2420 4248 2611 4316 Λόγος,
2661 4246 2799 4300 ἀλλὰ
2831 4244 2961 4308 Υἱὸς
2992 4243 3149 4306 Θεοῦ,
3184 4242 3277 4296 καὶ
3313 4238 3649 4307 Μονογενὴς.

2076 4342 2171 4395 καὶ
2204 4342 2339 4411 φῶς,
2386 4342 2483 4395 καὶ
2524 4340 2658 4412 ζωὴ,
2706 4340 2799 4393 καὶ
2830 4337 3077 4409 ἀλήθεια,
3111 4336 3205 4389 κα)⁵
3238 4334 3415 4389 πάντα
3449 4330 3649 4401 μᾶλλον

405 4443 608 4497 «quam
666 4444 887 4483 carnem
960 4428 1252 4482 humanam
1326 4428 1659 4491 assumebat,
1717 4427 1786 4493 is,
1853 4421 2335 4502 αυί,Ι)ῆΛόγος.

407 4522 596 4591 equod
638 4520 705 4574 ab
743 4522 859 4589 ipso
905 4521 1164 4590 scriptum
1228 4528 1332 4585 est,
1398 4519 1679 4574 descendit
1717 4520 1770 4571 in
1845 4521 2157 4578 novissimis
2214 4525 2582 4595 temporibus?
2633 4534 2779 4578 certe
2834 4530 2992 4577 natus
3026 4520 3093 4575 de
3148 4516 3368 4587 Virgine
3415 4515 3550 4571 nihil
3593 4532 3651 4568 a-

405 4635 426 4666 ι
452 4616 562 4670 liud
589 4623 725 4668 erat.
760 4631 778 4665 ι
809 4613 932 4668 Haec
965 4611 1124 4667 facile
1145 4611 1246 4667 fuit
1308 4612 1544 4665 sciscere
1580 4620 1631 4664 et
1693 4611 1900 4667 sentire
1957 4612 2235 4679 Marcello,
2288 4626 2572 4686 propterea
2630 4615 2771 4684 quod
2796 4612 2992 4667 Filium
3042 4611 3134 4665 Dei
3171 4624 3275 4662 non
3310 4608 3648 4677 proﬁteatur,

400 4710 467 4764 ad
500 4720 660 4776 quem
692 4720 786 4759 sua
836 4703 1105 4760 referebat
1152 4702 1504 4771 evangelista.
1551 4700 1691 4769 Quid
1741 4706 1842 4769 ais,
1908 4705 1981 4758 mi
2022 4705 2225 4761 homo?
2291 4706 2406 4762 Non
2454 4707 2603 4762 illum
2664 4704 3002 4761 solummodo
3046 4696 3346 4755 nominavit
3394 4693 3642 4764 Verbum,

398 4800 489 4854 sed
514 4806 563 4850 et
598 4794 803 4849 Deum:
834 4797 923 4847 sed
950 4800 1138 4858 lucem,
1166 4793 1555 4846 illuminantem
1615 4808 1817 4847 omnem
1856 4794 2117 4848 hominem
2162 4799 2217 4850 in
2285 4798 2423 4851 hunc
2492 4798 2747 4852 mundum
2812 4797 3097 4851 venientem
3137 4813 3156 4851 :
3195 4800 3287 4851 sed
3321 4798 3645 4867 unigenitum

403 4888 624 4953 Filium,
662 4887 749 4955 qui
786 4886 884 4955 fuit
924 4887 979 4939 in
1018 4888 1139 4939 sinu
1178 4883 1357 4938 Patris
1380 4887 1422 4939 '.
1466 4882 1636 4940 Nemo
1694 4886 1895 4941 idcirco
1919 4887 1988 4940 de
2026 4887 2153 4943 hinc
2201 4890 2505 4962 theologum
2575 4900 2628 4945 et
2675 4890 3055 4961 evangelistam
3102 4890 3486 4953 calumnietur,
3548 4890 3647 4943 sed

400 4996 523 5035 cum
573 4978 925 5033 accuratione
963 4976 1111 5030 illum
1163 4975 1366 5037 audiat,
1418 4975 1709 5043 qualenam
1744 4975 1981 5029 Verbum
2021 4976 2361 5048 designabat,
2424 4995 2547 5035 cum
2576 4982 2759 5035 statim
2788 4979 3053 5047 intulerit,
3083 4978 3148 5033 Et
3187 4979 3328 5034 Deus
3352 4990 3467 5034 erat
3522 4976 3646 5032 Ver-

400 5076 543 5127 bum.
599 5070 697 5126 Cui
750 5080 804 5124 et
842 5068 1041 5139 adjecit
1082 5069 1232 5133 illud,
1288 5066 1477 5123 Omnia
1514 5084 1606 5137 per
1642 5068 1793 5122 illum
1832 5070 1973 5139 facta
2008 5074 2225 5129 sunt“.
2278 5076 2348 5130 At
2396 5074 2467 5130 ab
2516 5077 2750 5146 ipsomet
2810 5076 3101 5131 Servatore
3165 5074 3553 5140 universitatis,
3583 5087 3649 5126 ne

472 5218 533 5275 r14
569 5211 668 5265 Ed.
706 5207 884 5261 Paris.
912 5222 1033 5276 pag.
1061 5206 1153 5260 92.

468 5273 675 5336 ’"Joan.
699 5294 817 5345 VIII,
859 5273 1059 5343 17,18.
1134 5278 1154 5307 ⁸
1191 5274 1321 5329 ibid.
1352 5273 1442 5338 5|,
1466 5273 1555 5329 52.
1631 5276 1651 5306 ’
1682 5273 1837 5329 Joan.
1877 5291 1914 5338 ι,
1964 5296 1967 5307 ι

2074 5286 2099 5338 ι,
2142 5273 2231 5327 18.
2309 5274 2354 5305 ¹⁰
2377 5273 2509 5328 ibid.
2537 5275 2591 5329 5.

467 5421 581 5492 (Ν)
604 5420 772 5492 Vulgo
796 5418 994 5492 ζῶντος
1028 5415 1122 5469 καὶ
1156 5416 1344 5492 ὑφεστ.

466 5485 577 5555 (153
605 5485 777 5555 Vulgo
805 5491 891 5551 ἄν,
921 5500 975 5542 et
1011 5502 1133 5540 mox
1161 5485 1391 5555 οὐδαμῆ.

468 5498 555 5555 (I5
607 5498 777 5555 Vulgo
805 5498 891 5551 av,
921 5500 975 5542 et
1011 5502 1133 5540 mox
1161 5498 1391 5555 ουοαμη.

468 5498 577 5631 (l6;
630 5559 740 5613 Kal
804 5560 1001 5611 πάντα
1044 5558 1278 5631 λόγον,
1308 5556 1345 5623 ἢ
1387 5552 1956 5631 λόγυνὶιξΕηίεπιοιιι

396 5624 519 5686 Sunt
546 5624 669 5708 ista,
707 5631 844 5708 forte
873 5624 1175 5708 legendtnn,
1200 5628 1293 5708 καὶ
1314 5624 1599 5708 ,τξανταχρῦ
1616 5624 1770 5708 λόγον
1798 5625 1955 5708 στρξ-

397 5719 529 5771 φων,
566 5700 660 5753 καὶ
694 5699 891 5762 πάντα,
918 5697 952 5768 ἢ
992 5696 1086 5749 xa‘t
1118 5696 1278 5771 αὑτὸν
1314 5693 1595 5771 λόγονλμξν
1628 5695 1769 5763 ἔχειν
1806 5693 1953 5771 διδά-

396 5764 540 5824 σκων
570 5772 786 5838 φάσκει.
820 5764 1021 5838 ξιβιιέιιξ
1035 5767 1236 5838 opinor
1263 5775 1343 5817 est
1375 5766 1597 5838 abistis
1629 5780 1736 5838 non
1765 5764 1949 5838 admo-

392 5844 517 5894 dutu
542 5832 803 5896 diversus.
824 5834 1115 5906 M.—[Kai
1138 5836 1313 5889 πάντα
1348 5833 1780 5905 μᾶλλονῆΛόγον
1817 5832 1861 5888 ιι
1886 5834 1957 5887 cl.

2068 5429 2121 5484 p.
2148 5411 2218 5467 92
2250 5410 2335 5482 D].
2368 5440 2438 5453 --
2470 5412 2585 5466 Mox
2621 5411 2781 5478 vulgo
2809 5412 3036 5484 ἔγραψε.

2141 5484 2253 5553 (li)
2276 5474 2904 5553 Edamllousixein.
2932 5474 3074 5551 llege
3097 5474 3271 5535 εἶπεν.
3304 5481 3379 5536 Μ.

2134 5552 2244 5623 (l8)
2274 5552 2442 5623 Vulgo
2464 5552 2585 5607 ⁷οιιι.
2614 5552 2743 5604 τῶν.
2775 5552 2893 5605 Mox
2920 5554 3082 5619 Vulgo
3115 5556 3210 5606 καὶ
3241 5553 3355 5619 φῶς
3376 5568 3433 5623 τ.
3482 5566 3537 5617 φ.
3574 5562 3633 5598 π.

2060 5624 2214 5744 ἄνερ.
2243 5625 2363 5693 έρχ.
2390 5622 2486 5684 εἰς
2504 5640 2554 5675 τ.
2586 5640 2640 5675 κ,
2675 5625 2767 5675 καὶ
2790 5622 2921 5677 Θεὸν
2953 5624 3050 5710 ita}
3091 5640 3148 5692 μ.
3190 5624 3313 5707 Υἱὸν
3341 5622 3431 5709 Ιξὺν
3464 5623 3541 5683 είς
3582 5635 3637 5669 ιι.

2060 5712 2103 5744 τ.
2184 5733 2221 5744 ..
2258 5693 2349 5744 καὶ
2380 5695 2439 5744 οὐ
2467 5692 2620 5744 λόγον
2658 5693 2812 5744 μόνον
2842 5692 2942 5744 ἔφη
2976 5694 3157 5744 αυτόν.
3194 5694 3283 5744 Μὴ
3312 5710 3428 5744 ουν.

2056 5712 2103 5746 τ.
2132 5688 2221 5755 Π.,
2258 5688 2349 5746 καὶ
2380 5695 2439 5746 οὐ
2467 5692 2620 5764 λόγον
2657 5693 2812 5763 μόνον
2842 5692 2943 5764 ἔφη
2976 5688 3157 5745 αὐτόν.
3194 5694 3284 5763 Μὴ
3299 5688 3428 5757 ςοῦν.

2128 5766 2243 5834 (l9)
2273 5764 2443 5833 Vulgo
2460 5762 2714 5833 θεολόγον
2744 5765 2834 5817 καὶ
2863 5762 3275 5834 εὐαγγελιστήν.
