3970 6514
320 446 425 499 881

1282 450 1369 504 DE
1404 451 1939 511 ECCLESIASTICA
1980 457 2375 515 ‘IliEOLOGlA
2418 463 2544 521 LIB.
2587 464 2628 519 Ι.

3478 471 3584 527 832

322 562 507 619 semel.
536 563 750 632 quidem
790 552 1024 620 Verbum
1062 569 1395 634 nominatur,
1427 572 1522 627 sed
1580 572 1749 629 Filius
1791 577 1905 644 Dei,
1945 577 2039 632 sed
2072 578 2401 652 unigenitns.
2442 586 2537 638 sed
2566 583 2678 649 lux.
2742 585 2838 640 sed
2882 586 3018 652 vita,
3072 587 3164 643 sed
3201 588 3448 643 veritas:
3485 592 3578 646 sed

319 658 502 709 omnia
535 659 711 724 potius
742 673 902 727 quam
934 660 1189 716 Verbum.

393 753 464 817 η’.
499 747 562 799 Ei
594 746 650 800 δὲ
682 747 827 817 λέγοι
842 750 1014 804 ταῦτα
1046 754 1111 805 ἐκ
1144 753 1244 824 τῆς
1269 757 1476 828 Καινῆς
1508 758 1783 831 Διαοήκης
1814 763 1889 814 εί-

2067 761 2121 815 8.
2151 760 2301 828 Quod
2319 761 2363 815 si
2382 761 2468 817 hic
2489 774 2742 832 opponat,
2762 766 2859 821 has
2884 764 2949 821 ile
2980 765 3128 821 Novo
3144 764 3488 823 Testamento
3513 774 3573 832 >14

318 835 544 905 ρῆσθαι,
568 835 888 909 λεχθήσεται
912 841 1079 911 αὐτῷ,
1111 844 1194 896 ὃτι
1227 845 1321 898 καὶ
1350 846 1433 909 τὸ,
1484 848 1586 901 Ἐν
1602 849 1759 918 ἀρχῇ
1774 847 1901 921 ἧνό

314 928 532 995 Λόγος,
559 927 665 982 οὐδ’
697 929 959 1001 ἑτέρωθεν
987 928 1053 1005 ἦν
1078 933 1111 1004 ἦ
1142 934 1200 999 ἐξ
1232 937 1421 1008 αὐτῆς.
1456 939 1550 992 Ἕν
1574 940 1683 1011 (20)
1717 941 1780 1012 δὴ
1808 939 1900 996 οῦν

315 1016 414 1066 καὶ
444 1015 504 1067 τὸ
532 1016 667 1069 αὐτὸ
703 1018 1052 1087 Εὑαγγέλιον,
1081 1023 1111 1073 6
1145 1022 1305 1087 αὑτός
1342 1041 1399 1076 τε
1432 1025 1841 1098 εὐαγγελιστὴς,
1870 1031 1899 1082 6

311 1106 495 1174 Λάγον
535 1108 695 1162 αὑτὸν
724 1109 913 1177 εἰπὼν,
946 1112 1043 1164 καὶ
1074 1113 1141 1166 τὰ
1172 1114 1333 1169 λοιπὰ
1363 1118 1539 1170 πάντα
1571 1118 1699 1189 περὶ
1733 1119 1897 1173 αὑτοῦ

313 1199 716 1269 ωνεγράψατο.
777 1203 888 1255 Καὶ
947 1204 1156 1267 Παῦλος
1204 1207 1263 1261 δὲ
1317 1210 1345 1263 6
1393 1209 1533 1273 θεῖος
1576 1212 1899 1277 Ἀπόστολος

310 1286 516 1356 λέγων·

386 1464 449 1519 Θ’.
486 1466 649 1536 Ἡμῖν
674 1464 763 1535 εἷς
796 1471 938 1537 Θεὸς
960 1476 993 1527 ό
1016 1474 1240 1545 Πατὴρ,
1258 1477 1329 1542 ἐξ
1353 1474 1425 1534 οὗ
1456 1480 1527 1533 τὰ
1548 1479 1763 1546 πάντα,
1795 1483 1893 1537 καὶ

304 1551 401 1623 εἷς
424 1558 641 1626 Κύριος
676 1560 915 1630 Ἰησοῦς
942 1566 1215 1633 Χριστὸς,
1245 1568 1318 1622 δι’
1349 1566 1421 1626 οὗ
1454 1571 1526 1625 τὰ
1554 1572 1768 1640 πάντα,
1801 1574 1894 1644 δῆ-

308 1648 402 1712 λός
436 1650 552 1703 ἐστι
590 1652 683 1704 τὸν
718 1655 823 1725 πρὸ
852 1656 951 1726 τῆς
980 1660 1245 1730 ὲνσάρκου
1288 1663 1590 1734 παρουσίας
1639 1665 1766 1718 Υἱὺν
1799 1667 1891 1720 τοῦ

307 1739 471 1802 Θεοῦ,
515 1740 581 1794 δι’
624 1735 685 1795 οὗ
718 1744 787 1798 τὰ
820 1747 996 1801 πάντα
1031 1750 1265 1818 ἐγένετο,
1296 1754 1357 1807 οὐ
1389 1756 1560 1824 Λόγον
1590 1758 1889 1829 ὀνομάζων,

306 1831 446 1885 ἀλλὰ
464 1832 668 1904 Κύριον
703 1836 908 1908 Ἰησοῦν
944 1840 1034 1892 καὶ
1056 1842 1309 1913 Χριστόν.
1344 1845 1481 1898 Ἀλλ’
1508 1846 1620 1916 (21)
1650 1850 1702 1900 εἰ
1749 1848 1890 1902 κατὰ

308 1923 630 1995 Μάρκελλον
657 1921 737 1991 εἷς
764 1932 856 1982 καὶ
886 1932 913 1983 6
938 1932 1095 1996 αὐτὸς
1122 1930 1189 2004 ἦν
1220 1936 1249 1987 6
1284 1935 1436 2000 Θεὸς,
1473 1938 1566 1991 καὶ
1595 1940 1622 1991 ὁ
1656 1942 1713 1993 ὲν
1744 1941 1890 2012 αὐτῷ

308 2015 482 2083 Λόγος
505 2016 636 2087 (22),
667 2021 898 2093 ἐπήρκει
927 2023 1005 2094 τῷ
1034 2026 1339 2098 Ἀποστόλῳ
1369 2030 1566 2097 φάναι·
1606 2031 1777 2100 Ἡμῖν
1800 2029 1889 2100 εἷς

2001 857 2315 923 desumptas
2342 867 2464 908 esse
2512 855 2971 922 nomenclaturas,
3022 858 3311 913 dicendum
3360 859 3436 914 illi
3473 872 3577 924 est,

2000 946 2145 1016 quod
2184 955 2239 1000 et
2264 944 2394 999 illttd
2427 945 2817 1010 testimonium,
2880 946 2946 1000 1η
2980 949 3242 1017 principio
3287 961 3401 1003 erat
3446 943 3580 1003 Ver-

2000 1035 2118 1088 bum
2144 1035 2209 1099 ”,
2245 1050 2351 1089 non
2381 1044 2464 1090 est
2495 1036 2831 1104 deaumptum
2860 1037 3092 1104 aliunde,
3122 1049 3180 1092 ut
3213 1055 3379 1094 unum
3415 1048 3579 1109 atque

2000 1127 2139 1182 idem
2166 1126 2534 1199 Evangelium,
2563 1138 2724 1197 atque
2744 1129 2970 1197 ipsemet
2990 1132 3338 1201 evangelista,
3361 1134 3451 1203 qui
3480 1149 3579 1187 no-

1999 1216 2225 1271 minavi'.
2257 1217 2425 1278 illum.
2458 1217 2719 1283 Verbum,
2757 1219 2845 1272 illa
2887 1215 3079 1275 etetera
3123 1221 3191 1275 de
3221 1223 3407 1279 eodem
3435 1224 3575 1277 scri-

1998 1307 2103 1376 ptis
2148 1306 2506 1362 mandaverit.
2558 1307 2663 1363 Sed
2694 1318 2749 1362 et
2798 1309 3011 1364 divinus
3062 1312 3346 1380 Apostolus
3375 1311 3573 1367 Paulus

1996 1397 2154 1459 dixit,

2065 1489 2119 1545 9.
2150 1487 2295 1544 Unus
2337 1491 2478 1544 Deus
2541 1490 2701 1546 Pater
2734 1509 2761 1546 e
2802 1509 2905 1561 quo
2958 1503 3079 1548 sunt
3108 1496 3306 1560 omnia,
3351 1506 3401 1550 et
3436 1514 3574 1571 unus

1994 1582 2249 1635 Dominus
2280 1580 2437 1637 Iesus
2473 1580 2737 1649 Christus,
2794 1601 2885 1654 per
2920 1602 3070 1655 quem
3133 1594 3253 1640 sunt
3294 1586 3469 1640 omnia
3495 1588 3573 1654 “;

1993 1673 2129 1727 satis
2152 1676 2317 1734 clare,
2354 1671 2448 1727 Dei
2479 1671 2698 1739 Filium,
2722 1689 2818 1743 per
2849 1690 3005 1744 quem
3035 1676 3217 1730 omnia
3246 1675 3388 1731 facta
3420 1686 3548 1732 sunt

1992 1765 2156 1819 etiam
2203 1772 2333 1818 ante
2387 1763 2557 1832 ipsius
2612 1765 2666 1818 in
2700 1780 2867 1819 carne
2922 1766 3237 1827 adventum,
3273 1783 3379 1822 non
3416 1783 3549 1822 voca

1992 1854 2248 1920 Verbum,
2274 1856 2368 1910 sed
2398 1854 2683 1910 Dominttm
2737 1855 2916 1911 Jesum
2948 1856 3242 1913 Christum.
3300 1846 3454 1926 Quod
3501 1861 3569 1926 si,

1991 1944 2444 2014 quemadmodum
2482 1944 2734 2000 Marcello
2767 1946 2961 2015 placet,
3001 1948 3144 2003 idem
3171 1959 3291 2002 erat
3317 1959 3372 2004 et
3401 1949 3565 2015 Deus,

1991 2036 2117 2090 etin
2151 2036 2261 2091 Deo
2285 2036 2546 2102 Verbum,
2571 2037 2875 2095 suffecisset
2903 2038 3159 2107 Apostolo
3181 2039 3309 2094 illud
3343 2040 3566 2103 dixisse,

309 2105 457 2201 θεὸς
486 2108 519 2158 ὀ
550 2107 775 2175 Πατὴρ,
809 2110 879 2175 ἐξ
911 2108 983 2167 οὗ
1014 2115 1084 2167 τὰ
1116 2114 1330 2170 πάντα.
1364 2118 1585 2190 Πλήρης
1612 2120 1719 2193 γὰρ
1756 2118 1824 2194 ἦν
1856 2126 1889 2195 ἡ

1999 2128 2164 2183 Nobis
2203 2145 2338 2184 unus
2370 2128 2510 2185 Deus
2544 2128 2728 2194 Pater,
2762 2147 2790 2184 e
2841 2147 2941 2201 quo
2969 2140 3091 2185 sunt
3128 2134 3323 2186 omnia.
3364 2132 3569 2187 Sensus

302 2194 535 2260 διάνοια,
556 2200 669 2279 ικαὶ
701 2204 728 2253 6
765 2202 936 2271 Λόγος
980 2206 1291 2279 αὐτοτελὴς,
1329 2211 1420 2263 τὸν
1462 2212 1594 2265 Θεὸν
1643 2194 1895 2287 εἰσηγούέ

305 2302 470 2354 μενος
515 2289 743 2361 ποιητὴν
774 2292 881 2345 τῶν
913 2294 1070 2351 ὅλων.
1126 2299 1285 2353 Ἀλλὰ
1311 2301 1467 2357 τοῦτο
1496 2304 1590 2358 καὶ
1642 2306 1891 2371 Ἰουδαῖος

302 2376 371 2429 ἄν
405 2394 490 2472 τις
529 2381 692 2472 εἴποι.
747 2384 804 2437 '0
845 2384 900 2438 δὲ
944 2387 1383 2463 τῆςἘκκλησίας
1430 2396 1606 2468 κήρυξ
1641 2399 1776 2470 πρὸς
1811 2401 1889 2472 τῷ

302 2470 559 2542 προτέρῳ
592 2466 683 2527 καὶ
713 2476 771 2528 τὸ
803 2475 1052 2550 δεύτερον
1088 2484 1163 2555 μὴ
1192 2486 1407 2554 ἀγνοεῖν
1438 2466 1698 2545 διδάσκει.
1735 2493 1801 2545 Τί
1830 2466 1887 2547 δὲ

298 2557 371 2632 ἦν
413 2562 605 2631 τοῦτο;
632 2568 743 2620 Καὶ
789 2563 877 2634 εἷς
923 2573 1137 2641 Κύριος
1182 2576 1420 2645 Ἰησοῦς
1457 2582 1728 2649 Χριστός.
1794 2585 1887 2638 Διὸ

301 2653 627 2746 προστίθησι
665 2658 726 2710 τὸ
776 2658 1021 2731 δεύτερον
1060 2661 1185 2735 ἑξῆς
1228 2665 1420 2734 λέγων,
1453 2669 1633 2738 ἡμῖν’
1672 2674 1720 2725 εί
1752 2673 1883 2746 γὰρ,

299 2745 399 2796 καὶ
430 2745 504 2815 μὴ
530 2748 714 2811 πᾶσιν,
744 2748 859 2802 ἀλλ’
890 2751 1052 2820 ἡμῖν,
1081 2755 1265 2825 φησὶν,
1293 2752 1380 2823 εἷς
1408 2760 1620 2828 Κύριος
1656 2745 1884 2830 Ἰησοῦς

299 2835 577 2902 Χριστός.
628 2837 727 2890 Διὰ
760 2840 811 2892 τί
852 2840 908 2894 δὲ
954 2844 1092 2913 μετὰ
1124 2846 1216 2899 τὸν
1253 2846 1362 2901 ἕνα
1402 2849 1550 2903 Θεὸν
1595 2854 1689 2906 καὶ
1730 2849 1885 2919 οὗτος

298 2925 449 2995 ἡμῖν
497 2922 585 2993 εἷς
629 2930 845 2999 Κύριος
887 2936 1233 3007 παρίστησιν,
1269 2940 1557 3009 ἐπιλέγων,
1598 2944 1674 2998 δι’
1707 2942 1777 3003 οὗ
1811 2950 1883 3003 τὰ

295 3015 497 3070 πάντα
516 3035 536 3082 ;
554 3020 766 3090 Ἐπειδὴ
782 3022 888 3095 γὰρ
904 3026 977 3079 τὰ
995 3026 1191 3083 πάντα
1216 3028 1289 3083 δι’
1305 3033 1491 3089 αὐτοῦ
1518 3034 1770 3107 ἐγένετο,
1802 3044 1879 3095 εἱ-

515 3111 667 3181 ήμῖν,
716 3116 827 3178 τοῖς
862 3116 1005 3170 τοῦτ’
1040 3119 1444 3192 ἐπισταμένοις,
1490 3128 1696 3200 Κύριος
1739 3127 1879 3188 εἶναι

294 3196 405 3250 τῶν
434 3198 571 3253 ὅλων
618 3202 756 3273 μετὰ
791 3204 881 3259 τὸν
930 3207 1025 3260 ἐπὶ
1065 3210 1281 3267 πάντων
1323 3214 1453 3269 Θεὸν
1501 3222 1875 3281 πεπίστευται.

1992 2221 2191 2274 etenim
2240 2221 2407 2300 plene
2440 2221 2725 2285 constabat
2770 2240 2783 2273 :
2820 2230 2874 2275 et
2922 2237 3101 2277 sermo
3130 2223 3399 2291 perlectus
3427 2236 3567 2291 erat,

1992 2328 2098 2380 quo
2122 2312 2264 2368 Deus
2294 2314 2532 2369 universi
2577 2314 2827 2370 conditor
2856 2314 3175 2383 ponebatur.
3223 2314 3327 2370 Sed
3369 2301 3568 2372 vel'Ju-

1991 2406 2140 2461 dteus
2170 2408 2243 2461 ita
2277 2405 2589 2460 alIirmarct.
2628 2405 2883 2460 Ecclesia:
2934 2421 3062 2476 ergo
3099 2421 3297 2476 praeco,
3346 2408 3410 2461 ad
3436 2407 3566 2463 illud

1990 2498 2161 2566 prius,
2186 2497 2287 2552 hoc
2319 2498 2551 2565 positum
2597 2498 2649 2550 in
2682 2497 2935 2551 secundis
2959 2512 3056 2552 nos
3088 2498 3262 2553 noluit
3290 2500 3561 2568 ignorare.

1990 2589 2267 2653 Quodnam
2310 2605 2441 2644 vero
2474 2589 2642 2645 illud?
2671 2589 2742 2642 Et
2772 2606 2909 2643 unus
2934 2589 3193 2644 Dominus
3219 2591 3378 2646 Iesus
3411 2590 3567 2646 Citri-

1986 2693 2117 2736 stus.
2159 2681 2451 2749 Quocirca,
2488 2683 2540 2735 in
2566 2681 2820 2736 secundis
2870 2682 3051 2752 posuit
3094 2682 3251 2746 illud,
3280 2684 3429 2737 nobis
3460 2686 3563 2738 ho'c

1986 2790 2172 2842 sensu,
2218 2784 2296 2839 ut,
2352 2790 2457 2830 non
2510 2776 2582 2829 sit
2609 2774 2894 2841 omnibus,
2934 2784 2990 2829 at
3041 2777 3190 2831 nobis
3241 2785 3421 2830 tamen
3453 2788 3558 2842 est,

1986 2883 2121 2920 unus
2162 2865 2419 2921 Dominus
2448 2866 2605 2922 Jesus
2642 2866 2903 2921 Christus.
2937 2866 3202 2932 Quorsum
3238 2881 3369 2922 vero
3410 2879 3560 2937 post-

1985 2973 2143 3027 quam
2175 2957 2437 3022 edixerat,
2484 2944 2619 3011 unus
2649 2957 2810 3024 Deus,
2848 2966 2902 3013 et
2939 2974 3102 3011 unum
3138 2972 3350 3027 quoque
3372 2958 3559 3011 Domi-

1983 3065 2107 3103 num
2141 3046 2335 3117 adjecit
2382 3048 2521 3103 idem
2568 3049 2836 3119 inquiens,
2884 3066 2976 3118 per
3000 3066 3152 3119 quem
3187 3046 3306 3103 sunt
3344 3051 3558 3105 omina?

1982 3140 2139 3196 Certe
2166 3140 2288 3209 quia
2313 3155 2405 3209 per
2429 3140 2575 3193 illum
2604 3141 2781 3194 omnia
2827 3139 2972 3209 facta
2998 3140 3231 3210 fuerant,
3263 3156 3368 3197 non
3413 3140 3559 3210 inju-

1981 3233 2081 3298 ria,
2120 3240 2239 3301 post
2265 3231 2430 3286 Deum
2469 3231 2615 3284 illum
2641 3231 3038 3296 universorum,
3078 3246 3106 3284 a
3132 3230 3307 3297 nobis,
3334 3230 3424 3300 qui
3453 3230 3555 3285 ltoc

297 3292 423 3343 Ὀτι
461 3290 603 3393 δίε-οὑ
636 3297 762 3365 περὶ
789 3297 889 3366 τῆς
922 3301 1123 3370 σαρκὸς
1158 3303 1309 3358 ταῦτ’
1345 3306 1456 3377 (25)
1503 3308 1709 3380 ἔλεγεν,
1738 3314 1876 3371 ἀλλὰ

1994 3321 2144 3376 Jrobe
2165 3320 2491 3385 noverimus,
2525 3320 2786 3377 Dominus
2812 3322 3185 3377 universorum
3210 3330 3550 3393 agnoscetur.

293 3385 426 3454 περὶ
458 3384 550 3437 τοῦ
582 3385 718 3439 Θεοῦ
747 3389 942 3459 Λόγου,
979 3392 1135 3463 δῆλὸς
1166 3396 1315 3451 ἐστιν
1342 3400 1406 3452 ὲκ
1433 3401 1528 3455 τοῦ
1567 3405 1870 3479 ἐπιφέρειν,

293 3474 369 3509 R.‘
415 3472 485 3509 νει-’ξ
512 3476 582 3509 σλ-
630 3478 818 3509 πέμ-..
969 3484 1138 3509 οιι..τ.-
1182 3486 1283 3509 μὶ-
1354 3508 1357 3509 ,
1402 3508 1407 3509 ,
1454 3492 1466 3509 ε
1594 3490 1621 3509 ιν
1688 3499 1719 3509 Α
1768 3498 1779 3509 .
1861 3503 1872 3509 -

1994 3413 2200 3468 lonstat
2248 3426 2379 3469 vero
2416 3413 2552 3478 lucc,
2590 3428 2691 3468 non
2720 3415 2785 3469 de
2825 3430 2987 3469 carne
3018 3415 3219 3471 dixisse
3261 3414 3429 3479 illum,
3455 3418 3551 3470 sed

290 3474 369 3528 δι’
413 3472 485 3578 οὗ
512 3476 584 3557 τὰ
627 3478 841 3534 πάντα.
872 3513 942 3521 —-
969 3484 1138 3553 Ἡμῖν
1178 3486 1309 3557 γὰρ,
1344 3492 1528 3561 φησιν,
1558 3490 1647 3563 εἷς

1994 3506 2042 3560 le
2075 3505 2167 3561 Dei
2210 3505 2396 3571 verbo,
2424 3472 2709 3576 propterea
2742 3506 2881 3575 quod
2917 3505 3237 3570 subinl'erat,
3275 3522 3367 3575 per
3396 3472 3551 3578 quem

291 3565 519 3636 Πατὴρ,
566 3568 635 3633 ἐξ
669 3566 740 3625 οὗ
769 3572 841 3625 τὰ
877 3573 1093 3643 πάντα,
1137 3579 1236 3632 καὶ
1267 3576 1354 3645 εἷς
1381 3584 1594 3653 Κύριος
1646 3565 1873 3657 Ἰησοῦς

1994 3607 2093 3650 :unt
2125 3597 2321 3650 omnia.
2355 3626 2425 3637 -η
2458 3594 2650 3662 Nobis,
2690 3598 2959 3667 inquiens,
3014 3614 3152 3653 unus
3185 3597 3323 3652 Deus
3365 3597 3547 3662 Pater,

289 3660 565 3755 Χριστὸς,
604 3661 677 3714 δι’
716 3660 787 3719 οὗ
822 3665 892 3720 τὰ
920 3666 1139 3723 πάντα.
1172 3673 1237 3725 "0
1263 3673 1326 3742 δὴ
1353 3674 1461 3746 (24)
1491 3678 1585 3731 καὶ
1618 3682 1745 3753 περὶ
1778 3684 1870 3737 τοῦ

1994 3704 2127 3753 rquo
2160 3697 2284 3742 sunt
2310 3690 2508 3752 omnia,
2542 3698 2590 3742 et
2622 3705 2757 3742 unus
2798 3689 3056 3744 Dominus
3094 3689 3252 3746 Jesus
3282 3690 3546 3755 Christus,

290 3751 489 3850 φωτος,
527 3756 638 3850 grai.-
658 3757 784 3827 περὶ
821 3757 914 3812 τοῦ
949 3762 1225 3833 περιόντος
1267 3766 1439 3835 Λόγου
1484 3769 1594 3842 (25)
1635 3751 1866 3846 εἴρηται.

1994 3796 2060 3834 μιν
2084 3795 2236 3850 quem
2287 3791 2408 3834 sunt
2455 3782 2652 3836 omnia.
2686 3782 2840 3848 Quod
2884 3783 3060 3850 ipsum
3113 3784 3177 3839 de
3216 3783 3354 3847 luce,
3398 3793 3451 3836 ct
3482 3786 3548 3837 de

288 3843 463 3950 ἒὺτὸέ
493 3840 586 3898 οὖν
612 3841 678 3917 ἦν
719 3849 926 3919 Ἰησοῦς
960 3850 1189 3923 Χριστὸς
1230 3856 1289 3909 τὸ
1336 3857 1449 3927 φῶς
1475 3840 1581 3915 και
1616 3865 1644 3917 6
1675 3840 1863 3934 λόγος,

1994 3872 2152 3938 ἐι-ὺο,
2189 3873 2330 3943 quod
2355 3872 2631 3941 circumit,
2660 3876 2841 3930 omnia
2883 3875 3086 3930 dictum
3118 3886 3222 3932 est.
3267 3877 3397 3930 Erat
3426 3878 3547 3930 ideo

284 3935 357 3987 δι’
394 3935 455 3987 οῦ
484 3937 551 3990 τὰ
578 3938 754 3993 πάντα
781 3942 1023 4010 γέγονεν,
1055 3944 1169 3998 ἀλλ’
1198 3949 1296 4019 οὐχ
1326 3952 1357 4019 ἡ
1388 3950 1541 4022 σάρξ.
1569 3955 1644 4007 Οὐ
1672 3957 1778 4028 γὰρ
1801 3958 1866 4013 ἂν

1994 3979 2079 4033 pse
2101 3935 2259 4019 Jesus
2287 3963 2535 4020 Christus
2577 3935 2688 4031 lux,
2730 3976 2786 4021 et
2817 3965 3074 4032 Verbum,
3100 3982 3195 4034 per
3215 3982 3377 4037 quem
3416 3980 3544 4021 sunt

284 4028 419 4127 περ)
450 4027 565 4127 τῆς.
592 4032 791 4100 σαρκὸς
821 4034 1205 4108 ὰσυναρτήτως
1246 4039 1356 4111 (26)
1396 4042 1569 4109 οὕτως
1603 4027 1758 4104 εἶπεν
1798 4052 1865 4106 ἂν

1994 4055 2164 4122 ιιιιηία,
2201 4070 2309 4110 non
2336 4065 2512 4110 autem
2543 4071 2691 4111 caro.
2717 4055 2899 4127 Neque
2922 4057 3064 4113 enim
3088 4057 3160 4111 ita
3190 4059 3539 4114 indistinctim

286 4120 366 4186 τὸ,
385 4119 460 4173 δι’
494 4118 565 4177 οὗ
601 4123 671 4177 τὰ
698 4123 913 4182 πάντα.

1994 4152 2030 4201 1e
2088 4160 2254 4201 carne
2299 4148 2525 4213 diceret,
2582 4166 2674 4217 per
2701 4165 2852 4217 quem
2883 4159 3000 4202 sunt
3033 4151 3229 4203 omnia.

354 4209 476 4266 Οἴδὲ
527 4214 586 4267 δὲ
640 4216 731 4269 τὸν
768 4218 866 4287 τῆς
903 4221 1104 4291 σαρκὸς
1147 4228 1567 4301 προϋπάρχοντα
1600 4233 1692 4285 τοῦ
1725 4235 1860 4287 Θεοῦ

2034 4234 2139 4291 Sed
2162 4251 2263 4291 nec
2286 4236 2378 4293 Dei
2392 4236 2586 4291 Filium
2613 4249 2740 4293 ante
2768 4252 2988 4292 carnem
3010 4239 3363 4293 exsistentem
3380 4240 3538 4295 Chri-

282 4301 415 4355 Υιὸν
453 4305 687 4375 Χριστὸν
727 4308 1010 4378 ὀνομάζειν
1054 4314 1082 4364 6
1128 4316 1290 4379 αὐτὸς
1336 4318 1565 4384 Παῦλος,
1615 4325 1755 4378 κατὰ
1797 4326 1861 4379 τὸ

1994 4335 2101 4382 tum
2119 4328 2454 4385 nominasset
2482 4328 2619 4383 idem
2645 4328 2861 4395 Paulus,
2909 4330 2974 4383 ad
3012 4330 3261 4384 eumdem
3295 4332 3537 4398 modum,

280 4394 435 4457 αὐτὸ,
458 4395 691 4465 Πέτραν
718 4401 880 4453 αὐτὸν
928 4403 1237 4472 ἀποκαλῶν,
1272 4409 1340 4463 δι’
1384 4404 1460 4465 ὧν
1492 4414 1691 4484 γράφει
1731 4419 1859 4490 περὶ

1998 4420 2049 4474 bi
2075 4435 2195 4474 eum
2214 4420 2446 4492 appellat
2462 4430 2666 4490 petram
2692 4422 2744 4474 in
2773 4394 2961 4476 eodem
2980 4423 3119 4484 loco,
3157 4423 3224 4477 de
3242 4423 3438 4493 pepulo
3466 4394 3536 4478 lo;

277 4486 387 4539 τῶν
416 4489 473 4540 ὲν
496 4490 559 4559 τῇ
587 4490 779 4562 ἐρήμῳ
802 4492 1291 4566 συνδιατριψάντων
1303 4502 1381 4573 τῷ
1397 4504 1633 4568 Μωῦσεί,
1661 4486 1852 4577 λέγων,

1997 4526 2129 4567 uens
2146 4513 2233 4581 qui
2253 4528 2372 4567 cum
2391 4512 2571 4584 Moyse
2588 4514 2641 4567 in
2659 4514 2873 4568 deserto
2887 4515 3262 4571 versabantur.
3280 4513 3533 4571 Bibebant

281 4579 539 4633 Ἐπινον
564 4579 676 4677 γὰρ
694 4583 761 4635 ἐκ
793 4586 1196 4655 πνευματικῆς
1236 4592 1694 4665 ἀκολουθούσης
1747 4602 1852 4655 πέ-

1994 4579 2303 4673 espirituali
2334 4607 2565 4673 sequenti
2594 4624 2680 4660 eos
2708 4617 2854 4674 petra
2877 4623 2896 4671 ;
2918 4618 3065 4677 petra
3098 4620 3274 4664 autem
3298 4610 3390 4663 illa
3420 4622 3534 4664 erat

275 4687 440 4771 τρας,
480 4670 518 4736 ἡ
552 4670 620 4723 δὲ
641 4672 825 4742 πέτρα
850 4672 929 4745 ἦν
960 4681 994 4731 ὁ
1025 4681 1295 4748 Χριστός.
1329 4687 1437 4738 Καὶ
1464 4690 1853 4761 ὲπισφραγίζε-

1999 4670 2193 4751 hristus
2220 4698 2282 4750 ¹³.
2326 4670 2479 4764 Quod
2525 4670 2717 4767 ipsum
2745 4670 3030 4771 consiénat
3067 4702 3205 4757 idem
3232 4704 3413 4757 statim
3444 4703 3531 4756 in-

274 4780 363 4816 ται
392 4763 453 4815 τὸ
482 4764 633 4832 αὐτὸ,
680 4767 797 4835 μεθ’
834 4768 995 4841 ἕτερα
1036 4771 1280 4841 φάσκων
1311 4779 1477 4845 Μηδὲ
1509 4782 1854 4852 ἑκπειράζω-
1888 4790 1889 4839 Ῐ

1998 4791 2171 4855 uiens,
2223 4789 2335 4845 Nec
2386 4801 2639 4846 tentemus
2676 4798 2734 4855 ὦ
2780 4791 3048 4847 Christum
3085 4804 3138 4847 ut
3177 4794 3418 4847 nonnulli
3452 4810 3533 4846 eo-

263 4872 384 4923 μεν
407 4855 513 4908 τὸν
539 4858 815 4925 Χριστὸν,
851 4862 1042 4929 καθώς
1072 4881 1230 4933 τινες
1267 4868 1462 4924 αὐτῶν
1493 4872 1838 4945 ἐπείρασαν,

1994 4900 2066 4934 tm
2094 4862 2423 4936 tentauerunt
2465 4895 2511 4937 et
2548 4902 2579 4938 a
2614 4887 2935 4954 serpentibus
2966 4888 3123 4939 occisi
3158 4897 3275 4939 sunt
3307 4886 3369 4941 ιδ.
3416 4885 3521 4939 Sed

269 4947 370 5000 καὶ
410 4949 527 5002 ὑπὸ
568 4947 684 5002 τῶν
734 4951 930 5020 ὄφεων
976 4955 1309 5017 ἀπώλοντο.
1362 4963 1472 5016 Καὶ
1516 4964 1597 5018 ἔτι
1643 4968 1841 5037 μᾶλλον

1994 4974 2236 5028 )nlirmat
2281 4975 2407 5031 illttd
2460 4978 2632 5045 ipsum
2696 4947 2785 5033 ubi
2838 4979 2930 5040 ait,
2980 4978 3086 5033 Per
3128 4980 3287 5046 [idem
3321 4978 3528 5046 Moyses

265 5037 414 5090 τοῦτ’
446 5039 576 5091 αὐτὸ
606 5039 813 5108 βεϐαιοῖ
840 5042 1028 5112 λέγων·
1054 5048 1258 5103 Πίστει
1282 5054 1543 5123 Μωῢσῆς
1551 5056 1740 5126 μέγας
1751 5078 1842 5129 γε-

1994 5066 2201 5118 Γαηάὶον
2237 5066 2432 5135 factus,
2475 5037 2680 5137 negavit
2707 5087 2762 5123 se
2792 5085 2903 5124 esse
2918 5037 3093 5139 ⁷Ῑὶιὶιιηι
3127 5037 3254 5136 'ﬁliaz
3282 5037 3527 5121 Pharao-

266 5129 892 5233 νόρενος,νήρνήσατο
924 5134 1202 5204 λέγεσθαι
1234 5140 1366 5207 υἱὸς
1404 5145 1694 5213 θυγατρὸς
1726 5152 1839 5203 Φα-

1994 5158 2047 5210 is.
2100 5155 2334 5225 Majores
2369 5161 2580 5213 divitias
2623 5161 2894 5216 azstimans
2937 5162 3197 5217 thesauris
3231 5160 3521 5231 Egyptian

254 5218 407 5284 ραώ·
434 5218 674 5320 μείζονα
700 5223 967 5277 πλοῦτον
992 5228 1374 5299 ἡγησάμενος
1393 5234 1513 5288 τῶν
1535 5240 1836 5307 Αἰγύπτου

1994 5264 2058 5298 tm
2092 5218 2462 5318 iinp'roperium
2501 5250 2698 5305 Christi
2725 5252 2787 5308 ”’.
2832 5251 2940 5307 Sed
2963 5263 3016 5306 et
3041 5252 3180 5307 idem
3215 5218 3388 5322 ipsum
3417 5253 3517 5306 ad-

212 5330 215 5331 '
259 5313 585 5377 θησαυρῶν
616 5313 721 5366 τὸν
746 5316 1087 5387 ὀνειδισμὸν
1120 5325 1225 5378 τοῦ
1261 5328 1535 5395 Χριστοῦ.
1581 5333 1832 5404 Ἐναργέ-

1994 5354 2048 5393 rc
2076 5340 2345 5396 eﬂicacius
2401 5343 2638 5398 insinuat
2670 5343 2758 5397 ubi
2800 5344 2913 5400 ait:
2956 5344 3065 5399 Hoc
3092 5346 3227 5400 idem
3255 5350 3514 5402 sentiatur

337 5454 396 5523 ξς
418 5450 519 5523 ea.
553 5450 727 5508 Paris.
769 5470 889 5523 pag.
921 5456 1099 5518 93.94.

336 5520 375 5551 “
408 5519 562 5574 Joan.
593 5538 631 5584 ι,
670 5523 718 5576 Ι.
771 5519 875 5577 ’¹¹Ι
901 5527 1021 5581 Cor.
1052 5546 1165 5596 νηί,
1200 5531 1249 5585 6.
1332 5533 1417 5588 “l
1454 5535 1577 5591 Cor.
1612 5552 1664 5603 Χ,
1692 5539 1746 5593 4.
1827 5540 1870 5571 ίδ

1994 5543 2029 5597 l.
2056 5546 2109 5599 9.
2192 5549 2419 5606 "Hebr.
2461 5552 2646 5613 v.24,
2680 5552 2767 5605 26.

329 5682 443 5749 (20)
470 5680 640 5753 Vulgo
662 5687 739 5740 δέ.

334 5753 445 5781 .an
472 5751 639 5781 V..I....
671 5774 752 5781 η---
818 5759 926 5781 :A‘.‘

2009 5708 2122 5781 (at)
2158 5710 2327 5781 Vulgo
2352 5712 2380 5763 δ
2402 5713 2478 5765 δέ.

334 5710 443 5749 [ἦν]
480 5710 640 5753 ΥΙΙΙὸυ
662 5710 739 5740 ΟΞ,

334 5753 446 5817 121)
472 5751 642 5823 Vulgo
668 5774 776 5809 om.
812 5759 947 5813 ἀλλ’.

334 5823 445 5859 (*)q\
477 5822 647 5859 ‘Ynlnn
679 5828 785 5859 ,ἰασυᾶ
801 5847 908 5859 λυρ-

2009 5710 2122 5843 (24)
2158 5710 2327 5781 Vulgo
2352 5712 2380 5763 ὂ
2402 5713 2478 5765 δέ.

2147 5783 2464 5859 (inponor;
2487 5785 2693 5852 λόγου.
2730 5786 2889 5847 Forte
2921 5788 3199 5859 προόντος.
3232 5786 3307 5846 Μ.

331 5823 445 5882 (22)
477 5822 647 5892 Vulgo
679 5828 912 5898 ὑπήρχει

333 5892 445 5963 (25)
476 5895 644 5965 Vulgo
674 5897 837 5951 τοῦθ’.

2032 5822 2095 5831 -.,
2147 5822 2223 5839 ...,
2251 5822 2341 5834 ω...
2367 5822 2425 5835 η.
2487 5822 2560 5837 ...υ
2604 5822 2693 5838 υυ.
2730 5830 2731 5837 η

2008 5822 2119 5919 (26)
2150 5822 2314 5922 Vulgo
2347 5822 2731 5926 ds;apri}1o);.
