3970 6510
295 420 403 473 883

1235 422 1322 474 DE
1366 422 1896 477 ECCLESMSTICA
1936 417 2325 473 'lllEOLOGlA
2360 418 2487 473 LlB.
2530 417 2568 473 Ι.

3431 414 3533 467 88:3

298 533 508 602 μάζων,
547 534 749 604 μεταξὺ
791 534 880 587 τὸν
923 534 1145 606 μεσίτην
1191 538 1420 605 εἰσάγει,
1466 536 1657 605 λέγων’
1709 538 1769 589 '0
1807 535 1874 589 δὲ

1989 551 2119 597 rem,
2154 534 2240 586 ubi
2282 534 2374 594 ait,
2406 532 2508 585 Sed
2541 531 2797 584 mediator
2819 530 2975 583 unius
3016 544 3116 581 non
3142 535 3239 580 est.
3272 524 3536 578 Eratideo

288 625 547 690 μεσίτης
571 624 709 691 ἐνὸς
729 628 838 679 οὐκ
867 627 1057 679 ἐστιν.
1088 621 1193 678 Ἦν
1219 627 1326 699 ἄρα
1349 628 1442 682 καὶ
1464 628 1570 698 πρὸ
1593 629 1689 698 τῆς
1719 630 1868 681 ὲναν-

296 716 634 785 θρωπήσεως
678 717 819 770 κατά
844 718 966 781 τοὺς
994 718 1269 782 Μωῦσέως
1303 719 1524 789 χρόνους
1576 720 1871 790 μεσιτεύων

293 808 365 878 τῇ
391 806 700 877 νομοθεσίᾳ.

371 894 456 964 ιβ’.
501 897 609 949 Καὶ
651 898 909 969 ἀρχιερέα
946 897 1013 953 ’δὲ
1063 900 1223 952 αὐτὸν
1264 901 1292 952 ό
1337 900 1500 964 αὐτὸς
1560 899 1871 965 Ἀπόστολος

300 988 569 1040 ἀποκαλεῖ
594 987 1075 1058 λέγωνοἚχοντες
1092 988 1205 1046 οὖν
1222 992 1496 1061 ἀρχιερέα
1518 992 1726 1061 μέγαν,
1753 993 1870 1046 διε-

298 1082 609 1144 ληλυθότα
641 1081 779 1147 τοὺς
808 1083 1120 1149 οὐρανοὺς,
1176 1084 1416 1150 Ἰησοῦν
1448 1084 1553 1137 τὸν
1604 1086 1739 1139 Flor
1767 1085 1874 1139 τοῦ

299 1170 475 1223 Θεοῦ.

374 1268 464 1330 ιγ’.
507 1265 581 1315 Οὐ
630 1265 735 1335 μὴν
783 1266 919 1322 ἀλλά
977 1270 1068 1322 καὶ
1114 1270 1479 1337 ἀπαύγασμα
1524 1269 1633 1337 τῆς
1667 1270 1869 1337 δόξης,

301 1355 399 1405 καὶ
430 1356 775 1426 χαρακτῆρα
804 1360 908 1414 τοῦ
941 1362 1089 1416 Θεοῦ
1123 1364 1216 1415 καὶ
1252 1362 1405 1426 flor,
1437 1364 1531 1415 καὶ
1580 1366 1871 1430 κληρονό-

292 1462 433 1511 μον,
456 1445 545 1497 τὸν
579 1448 738 1500 αὑτὸν
763 1444 890 1512 οἶδε,
924 1449 1115 1517 λέγων,
1152 1449 1259 1503 Ea‘
1285 1450 1560 1519 ἐσχάτων
1593 1450 1712 1503 τῶν
1736 1453 1875 1520 ἡμε-

292 1534 425 1601 ρῶν
443 1538 666 1590 τούτων
680 1539 989 1607 ἐλάλησεν
1012 1542 1155 1609 ἡμῖν
1174 1543 1244 1594 ἐν
1277 1541 1409 1607 Υίῷ,
1438 1542 1510 1595 ὃν
1527 1545 1705 1611 ἔθηκε
1731 1548 1873 1610 κλη-

292 1627 561 1693 ρονόμον
577 1627 837 1695 πάντων,
866 1629 939 1682 δι’
969 1628 1040 1686 οὗ
1068 1634 1163 1685 καὶ
1189 1632 1437 1701 ἐποίησε
1468 1633 1608 1698 τοὺς
1634 1632 1873 1700 αἰῶνας,

298 1713 369 1779 ὃς
404 1714 489 1767 ὢν
524 1717 887 1789 ἀπαύγασμα
918 1720 1025 1789 τῆς
1065 1722 1251 1791 δόξης
1284 1724 1383 1777 καὶ
1428 1724 1728 1793 χαρακτὴρ
1766 1724 1875 1792 τῆς

300 1804 698 1872 ὑποστάσεως
726 1810 933 1864 αὐτοῦ.
970 1814 1076 1865 Καὶ
1124 1814 1353 1867 ἐνταῦθα
1394 1814 1580 1887 ὥσπερ
1621 1815 1875 1887 ἀνωτέρω

1978 635 2103 679 ante
2127 625 2550 678 incarnationem
2570 637 2720 676 suam
2759 636 2852 687 per
2871 630 3083 674 atatem
3114 616 3310 687 Moysis
3338 615 3536 669 media-

1978 717 2111 771 toris
2137 715 2352 769 functus
2384 728 2605 767 munere
2639 712 2691 766 in
2721 708 2943 765 ferendo
2970 710 3164 779 legem.

2050 891 2137 944 12.
2167 891 2271 945 Sed
2302 897 2357 943 ct
2388 889 2693 956 pontiﬁcem
2728 899 2888 943 vocat
2923 888 3170 942 eumdem
3223 888 3361 940 idem
3394 885 3538 953 Apo-

1977 984 2169 1038 stolus.
2238 980 2503 1035 Habentes
2559 981 2717 1049 igitur
2765 980 3054 1047 pontiﬁcem
3114 994 3393 1047 magnum,
3448 979 3537 1045 qui

1979 1075 2131 1130 caelos
2152 1074 2459 1144 penetravit,
2492 1071 2677 1126 Iesum
2708 1068 2756 1123 ιε’
2760 1070 2907 1123 ilium
2937 1069 3031 1124 Dei
3061 1071 3122 1123 ¹⁹.

2050 1254 2398 1321 15.1nsuper
2449 1252 2779 1321 splendorem
2831 1250 3046 1321 gloriae.
3090 1257 3145 1303 et
3185 1249 3539 1302 characterem

1982 1342 2079 1395 Dei
2107 1351 2161 1394 et
2186 1339 2405 1404 Filium,
2467 1346 2521 1393 et
2553 1338 2811 1392 heredem
2853 1338 3105 1392 eumdem
3138 1346 3313 1399 vocat,
3357 1335 3423 1389 In
3456 1352 3541 1388 no-

1978 1432 2199 1488 vissimis
2227 1432 2365 1485 hisce
2393 1430 2571 1484 diebus
2603 1430 2808 1483 locutus
2831 1441 2906 1483 est
2938 1430 3085 1482 nobis
3131 1430 3193 1487 in
3240 1427 3381 1481 Filio
3422 1444 3541 1493 suo,

1979 1539 2129 1592 quem
2174 1522 2443 1576 constituit
2493 1520 2753 1574 haeredem
2801 1520 3030 1573 omnium
3061 1534 3079 1571 :
3107 1533 3201 1587 per
3225 1533 3374 1587 quem
3421 1518 3543 1586 fecit

1980 1624 2025 1667 et
2051 1613 2292 1675 sazcula;
2322 1611 2414 1682 qui
2447 1627 2568 1664 cum
2603 1620 2735 1666 esset
2772 1610 3017 1679 splendor
3043 1610 3251 1680 glorite,
3281 1619 3329 1663 et
3351 1609 3543 1663 chara-

1980 1712 2090 1758 cler
2112 1704 2419 1758 substantias
2445 1702 2559 1771 ejus
2584 1702 2650 1755 “.
2687 1700 2787 1755 llic
2822 1702 2896 1755 uti
2936 1711 2992 1755 et
3039 1700 3290 1769 superius
3340 1700 3542 1753 dictum

1978 1804 2069 1851 est
2096 1795 2161 1850 de
2194 1793 2393 1859 Verbo,
2429 1793 2573 1863 quod
2598 1791 2778 1846 omnia
2804 1807 2897 1860 per
2922 1792 3095 1861 ipsum
3119 1790 3261 1844 facta
3291 1790 3420 1843 sint.
3455 1788 3547 1860 [Et

308 1894 532 1962 ἐλέγετο
566 1900 693 1969 περὶ
736 1900 828 1953 τοῦ
874 1902 1073 1971 Λόγου,
1117 1906 1177 1957 τὸ
1208 1906 1343 1977 (35),
1374 1884 1559 1960 πάντα.
1602 1907 1668 1960 δι’
1717 1884 1879 1960 αὑτοῦ

1989 1888 2047 1942 de
2079 1887 2198 1941 luce
2236 1901 2355 1955 quae
2385 1886 2438 1940 in
2478 1885 2677 1939 mundo
2723 1886 2876 1939 fuitxz
2906 1892 2965 1941 et
2989 1885 3219 1938 tnundus
3250 1898 3345 1953 per
3375 1884 3545 1950 ipsam

310 1985 530 2052 ἐγένετο
548 1988 679 2059 (36),
712 1992 805 2045 καὶ
832 1995 1074 2063 περὶτοῦ
1108 1998 1283 2065 φωτὸς
1298 1998 1380 2063 τὸ,
1407 1999 1465 2051 ὲν
1492 1998 1571 2069 τῷ
1598 1999 1786 2069 κόσμῳ
1812 1995 1880 2069 ἦν

295 2078 399 2129 καὶ
449 2079 479 2132 ὁ
524 2081 726 2152 κόσμος
769 2085 835 2137 δι’
880 2087 1043 2140 αὑτοῦ
1088 2090 1326 2156 ἐγένετο,
1358 2091 1450 2144 καὶ
1511 2092 1639 2163 περὶ
1707 2090 1878 2163 Ἰησοῦ

297 2171 565 2239 Χριστοῦ,
594 2174 675 2234 τὸ.
720 2175 889 2245 Ἡμῖν
914 2173 1003 2244 εἷς
1022 2180 1236 2247 Κύριος
1250 2183 1483 2249 Ἰησοῦς
1507 2184 1780 2252 Χριστὸς,
1807 2184 1879 2236 δι’

293 2257 373 2316 οὗ
406 2263 478 2315 τὰ
500 2263 715 2325 πάντα.
750 2267 847 2321 θέα
869 2308 882 2329 ,
907 2269 1055 2333 ὅπως
1084 2273 1212 2343 περὶ
1236 2273 1330 2326 τοῦ
1373 2274 1540 2328 αὑτοῦ
1574 2274 1773 2345 ὁμοίως
1804 2276 1880 2328 εἴ-

299 2371 467 2424 ρηται
505 2355 584 2419 τὸ,
639 2356 712 2410 δι’
761 2354 834 2414 οὗ
864 2360 975 2432 (37)
1020 2364 1119 2417 καὶ
1162 2365 1414 2432 ἐποίησε
1449 2366 1591 2433 τοὺς
1640 2366 1878 2435 αἰῶνας.

311 2445 639 2515 Ἐπιστῆσαι
671 2447 728 2501 δὲ
766 2448 877 2521 (58)
908 2451 1002 2505 τὸν
1040 2451 1163 2505 νοῦν
1192 2454 1250 2509 ὲν
1282 2454 1489 2519 τούτοις
1516 2456 1685 2522 ἄξιον,
1733 2461 1881 2522 ὅπως

294 2537 618 2607 ὠνόμασται
650 2539 1009 2613 ἀπαύγασμα.
1060 2538 1228 2615 Οἶμαι
1264 2548 1370 2617 γάρ
1397 2547 1495 2619 τῆς
1536 2552 1600 2602 ὲκ
1631 2549 1723 2603 τοῦ
1772 2552 1884 2606 Πα-

300 2630 433 2701 τρὸς
464 2629 558 2683 τοῦ
593 2632 722 2684 Υἱοῦ
750 2636 1053 2705 γεννήσεως
1082 2639 1484 2709 παραστατικὸν
1512 2637 1649 2695 εἶναι
1676 2643 1768 2696 τὸν
1796 2644 1882 2697 λό-

300 2736 421 2785 γον.
490 2721 757 2786 Πολλάκις
818 2724 928 2796 γὰρ
982 2727 1372 2799 ὠνομασμένον
1424 2731 1575 2796 Υίοῦ,
1642 2734 1735 2787 καὶ
1786 2734 1880 2787 τοῦ

299 2809 443 2862 Θεοῦ
474 2812 684 2882 Πατρὸς
706 2817 1139 2886 χρηματίσαντος
1165 2820 1297 2890 (59),
1326 2822 1449 2874 ἐπεὶ
1476 2824 1575 2887 τὰς
1595 2824 1703 2876 τῶν
1732 2826 1885 2889 ζώων

301 2903 553 2968 γενέσεις
583 2905 821 2960 τοιοῦτόν
850 2926 971 2963 τινα
997 2911 1198 2982 τρόπον
1231 2912 1605 2985 ἑπιλάὸοιμεν,
1644 2918 1750 2972 ὑπὸ
1790 2919 1882 2972 τοῦ

297 2993 445 3046 Θεοῦ
489 2995 931 3072 Θεοπρεπεστέρᾳ
978 3003 1238 3075 κέχρηται
1270 3005 1437 3059 εἰκόνι
1468 3009 1517 3067 ό,
1541 3008 1879 3077 Ἀπόστολος,

304 3085 438 3155 περὶ
463 3086 562 3155 μὲν
578 3087 670 3141 τοῦ
699 3088 930 3160 Πατρός,
966 3091 1154 3157 εἰπὼν,
1188 3093 1317 3160 Φῶς
1338 3095 1518 3150 οἰκῶν
1535 3098 1880 3166 ἀπρόσιτον·

304 3174 399 3226 τὸν
430 3174 488 3227 δὲ
524 3175 669 3241 Υἱὸν,
695 3178 1037 3251 ἀπαύγασμα
1067 3182 1158 3234 τοῦ
1192 3186 1459 3256 πατρικοῦ
1500 3188 1675 3256 φωτὸς
1699 3190 1885 3261 ὁρισά-

309 3281 495 3333 μενος,
529 3265 669 3320 ὦστε
701 3266 839 3322 εἶναι
864 3271 924 3323 τὸ
954 3272 1292 3346 ἀπαύγασμα
1335 3276 1582 3349 γέννημα
1612 3280 1704 3333 τοῦ
1735 3281 1883 3354 πρώο

302 3374 403 3413 του
441 3359 637 3429 φωτὸς,
672 3361 733 3413 οὐ
761 3362 898 3416 κατά
928 3365 1024 3434 τὴν
1043 3366 1149 3419 τῶν
1169 3367 1375 3440 ονητῶν
1401 3368 1555 3433 ζώων
1577 3373 1885 3428 ὑποστάντα

306 3453 548 3518 γένεσιν,
579 3455 721 3508 κατά
750 3455 809 3508 δὲ
841 3457 902 3508 τὸ
930 3458 1091 3528 ῥηθὲν
1129 3459 1496 3532 παράδειγμα.
1530 3461 1768 3526 Εἰκότως
1792 3460 1885 3518 οὖν

305 3542 405 3593 καὶ
447 3542 630 3597 εἰκόνα
687 3544 849 3598 αὐτὸν
883 3546 978 3597 τοῦ
1012 3545 1145 3599 Θεοῦ
1196 3545 1289 3600 τοῦ
1323 3548 1555 3619 ἀοράτου
1596 3549 1880 3613 ἀποκαλεῖ,

299 3633 398 3687 διά
416 3635 477 3687 τὸ
498 3637 554 3688 ὲν
583 3638 763 3707 μορφῇ
786 3636 916 3687 Θεοῦ
940 3636 1225 3708 ὑπάρχειν,
1250 3640 1341 3691 καὶ⁸
1360 3639 1445 3691 διά
1465 3640 1524 3692 τὸ
1544 3640 1886 3711 ἀπαύγασμα

307 3722 449 3779 εἶναι
474 3729 568 3780 καὶ
600 3732 921 3799 χαρακτῆρα
944 3730 1042 3799 τῆς
1072 3728 1441 3793 ὑποστάσεως.

383 3820 464 3873 ιδ’.
506 3820 603 3874 Διά
646 3820 816 3873 ταῦτα
865 3822 973 3892 γὰρ
1018 3822 1147 3892 περὶ
1194 3822 1357 3875 αὐτοῦ
1410 3822 1635 3893 γράφων
1678 3823 1882 3891 ἔλεγενο

312 3913 419 3977 ’ος
444 3913 615 3965 ἐστιν
642 3914 819 3965 elicior
849 3914 954 3965 τοῦ
985 3914 1133 3967 Θεοῦ
1159 3914 1261 3968 τοῦ
1292 3914 1568 3983 ἀοράτου,
1594 3918 1887 3983 Πρωτότο-

310 4022 419 4069 λιος
463 4004 665 4069 πάσης
716 4005 981 4069 κτίσεως.
1024 4005 1151 4058 ’Ὁτι
1204 4007 1273 4058 ἐν
1309 4004 1467 4071 αὐτῷ
1516 4006 1764 4074 ἐκτίσθη
1819 4006 1889 4061 τὰ

308 4098 530 4161 πάντα,
565 4098 636 4151 τὰ
670 4097 738 4149 ἐν
769 4097 1045 4165 οὐρανοῖς
1077 4099 1176 4154 καί
1204 4100 1278 4153 τὰ
1313 4100 1413 4153 ἐπὶ
1454 4098 1556 4168 τῆς
1596 4098 1731 4168 γῆς,
1766 4099 1887 4152 εἴτε

307 4189 556 4255 ἀόρατα,
587 4190 707 4259 εἴτε
739 4190 959 4258 θρόνοι,
986 4188 1106 4243 εἶτε
1150 4191 1510 4258 κυριότητες,
1534 4188 1655 4242 εἴτε
1684 4187 1884 4257 ἀρχαὶ,

308 4283 433 4336 εἴτε
458 4282 762 4347 ἐξουσίαι·
802 4284 875 4336 τὰ
920 4282 1113 4337 πάντα
1148 4282 1221 4335 δι’
1259 4282 1467 4348 αὑτοῦ,
1516 4282 1616 4337 καὶ
1660 4285 1747 4348 είς
1770 4283 1889 4351 [αὐ-

310 4373 421 4425 τὸν
436 4374 722 4438 ἔκτισται,
764 4375 979 4446 (40)καὶ
1002 4376 1184 4440 αὐτός
1206 4374 1337 4428 ἐστι
1364 4372 1479 4442 πρὸ
1505 4373 1763 4437 πάντων,
1792 4373 1889 4426 καὶ

308 4463 509 4519 πάντα
535 4465 607 4518 ἐν
646 4467 807 4531 αὐτῷ
840 4466 1198 4534 συνέστηκε.
1235 4465 1423 4520 Ταῦτα
1467 4466 1575 4536 γάρ
1614 4466 1743 4537 περὶ
1791 4467 1888 4537 τῆς

1983 1976 2160 2033 factus
2202 1975 2347 2046 fuit.]
2385 1977 2448 2030 Et
2481 1979 2546 2031 de
2575 1976 2699 2033 Iesu
2732 1976 2971 2042 Christo,
3008 1974 3173 2029 Nobis
3196 1989 3331 2027 unus
3364 1972 3547 2025 Domi-

1982 2088 2078 2127 nus
2111 2050 2267 2127 Iesus
2312 2072 2556 2127 Christus
2603 2090 2695 2140 per
2733 2089 2889 2142 quem
2929 2072 3105 2125 omnia
3136 2072 3203 2124 ²¹.
3255 2069 3329 2123 De
3355 2070 3545 2123 eodem

1980 2166 2201 2230 videsis,
2234 2166 2684 2234 quemadmodum
2719 2166 2939 2230 dicitur,
2983 2179 3076 2233 per
3118 2179 3267 2232 quem
3324 2162 3442 2231 fecit
3497 2172 3545 2214 et

1978 2260 2195 2315 secula.
2223 2260 2323 2315 Hic
2355 2276 2481 2317 vero
2514 2275 2693 2331 Operae
2722 2262 2953 2332 pretium
3001 2262 3088 2314 est
3123 2262 3402 2313 advertere
3431 2257 3549 2310 ani-

1983 2368 2125 2407 mum
2168 2352 2235 2406 ad
2277 2353 2328 2406 id
2373 2352 2514 2422 quod
2545 2354 2743 2407 dicitur
2774 2352 3059 2423 splendor;
3096 2351 3169 2405 ita
3199 2350 3340 2406 enim
3367 2358 3549 2403 statuo

1982 2458 2165 2499 vocem
2198 2444 2356 2498 istam
2401 2444 2746 2499 subindicare
2768 2484 2782 2508 ,
2817 2444 2962 2497 illam
3000 2444 3069 2499 de
3107 2442 3267 2496 Patre
3296 2440 3414 2495 Filii
3454 2455 3544 2507 ge-

1984 2535 2339 2589 nerationem.
2378 2534 2513 2589 Cum
2540 2535 2685 2589 enim
2726 2534 2846 2589 Filii
2890 2549 3085 2589 nomen
3135 2533 3332 2602 saepius
3360 2547 3551 2587 occur-

1984 2635 2151 2692 rerat,
2182 2636 2236 2681 et
2270 2624 2431 2680 Pater
2463 2626 2628 2681 etiam
2663 2625 2997 2694 frequentius
3046 2625 3185 2679 Deus
3216 2624 3497 2678 audiverat
3529 2641 3542 2675 :

1984 2730 2048 2769 ne
2082 2715 2298 2769 modum
2315 2715 2456 2771 forte
2482 2716 2713 2786 aliquem
2752 2716 2841 2770 hic
2862 2714 3220 2785 imaginemur
3241 2715 3333 2783 qui
3363 2714 3418 2768 in
3460 2728 3552 2780 ge-

1985 2804 2265 2861 neratione
2315 2822 2494 2861 rerum
2544 2810 2907 2861 animatarum
2941 2805 3215 2868 occurrit,
3259 2802 3551 2872 Apostolus

1982 2898 2389 2955 similitudinem
2426 2899 2750 2953 diviniorem
2795 2897 3037 2962 adhibet,
3067 2896 3157 2949 ubi
3181 2895 3248 2949 de
3279 2894 3388 2948 Deo
3418 2894 3548 2964 agit,

1985 2996 2051 3050 ad
2080 2995 2295 3049 Patrem
2344 2993 2474 3047 illud
2508 2991 2789 3061 applicans
2814 3030 2831 3055 ,
2868 2988 3131 3043 Habitans
3188 2988 3355 3040 lucem
3399 2988 3548 3039 ina:-

1984 3104 2219 3144 cessem:
2248 3087 2443 3141 Filium
2474 3100 2605 3139 vero
2638 3082 2968 3153 compellans
2996 3079 3340 3150 splendorem
3371 3086 3551 3146 pater-

1986 3195 2066 3235 na'
2092 3181 2257 3243 lucis;
2285 3187 2342 3232 ut
2368 3178 2626 3247 splendor
2669 3175 2738 3231 sit
2769 3176 2927 3245 primi
2975 3173 3120 3228 illius
3157 3172 3377 3227 luminis
3402 3171 3551 3240 geni-

1987 3281 2147 3327 tura:
2178 3270 2372 3325 nonad
2403 3270 2617 3323 modum
2649 3268 2920 3321 creaturis
2956 3266 3276 3321 mortalibus
3324 3277 3553 3329 usurpa-

1988 3373 2097 3416 tum
2134 3361 2427 3425 exsistens,
2459 3362 2585 3414 dum
2614 3368 2969 3430 generantur,
3011 3373 3199 3412 verum
3235 3352 3388 3425 juxta
3421 3354 3552 3409 alla-

1987 3461 2094 3507 tam
2130 3452 2557 3508 similitudinem.
2588 3450 2782 3506 Merito
2802 3466 2925 3506 eum
2961 3451 3148 3521 igitur,
3180 3461 3235 3505 et
3259 3451 3549 3520 imaginem

1987 3545 2222 3616 appellat
2252 3546 2541 3600 invisibilis
2563 3550 2621 3608 ᾖ
2660 3544 2752 3599 Dei
2787 3563 2801 3599 :
2836 3553 3125 3615 propterea
3151 3544 3294 3612 quod
3317 3543 3552 3597 exsiste-

1986 3650 2089 3705 ret,
2122 3640 2175 3694 in
2207 3640 2378 3694 forma
2402 3638 2495 3692 Dei
2525 3656 2539 3691 :
2575 3649 2630 3693 et
2653 3637 2779 3708 quia
2807 3646 2927 3692 erat
2958 3636 3213 3705 splendor
3259 3646 3313 3691 et
3350 3636 3550 3691 chara-

1987 3740 2101 3785 cter
2122 3730 2457 3787 substantiae.

2058 3823 2143 3878 14.
2178 3821 2327 3877 Hanc
2353 3823 2424 3877 ob
2452 3836 2667 3877 causam
2699 3822 2765 3876 de
2807 3821 2898 3876 illo
2920 3820 3169 3875 scribens
3195 3818 3268 3871 ait
3301 3838 3314 3871 :
3346 3817 3449 3883 Qui
3477 3827 3553 3869 est

1986 3920 2157 3987 imago
2192 3916 2287 3970 Dei
2322 3915 2607 3969 invisibilis
2655 3930 2673 3967 :
2711 3915 3089 3984 primogenitae
3128 3913 3294 3964 omnis
3345 3921 3554 3963 creatu-

1988 4031 2081 4069 rae.
2111 4014 2373 4079 Quoniam
2402 4014 2457 4065 in
2490 4013 2602 4079 ipso
2642 4021 2821 4063 creata
2858 4020 2979 4063 sunt
3014 4009 3223 4070 omnia,
3274 4022 3392 4075 qua:
3430 4018 3550 4058 sunt

1990 4106 2043 4157 in
2074 4102 2219 4167 coelo,
2255 4112 2301 4157 et
2338 4118 2454 4172 quae
2486 4117 2641 4168 super
2687 4111 2905 4164 terram,
2934 4102 3042 4153 sive
3079 4099 3323 4161 visibilia,
3354 4115 3445 4151 seu
3480 4101 3555 4152 in-

1988 4193 2247 4258 visibilia;
2287 4194 2391 4247 sive
2425 4192 2601 4245 throni
2625 4229 2639 4254 ,
2677 4206 2767 4243 seu
2801 4188 3185 4242 dominationes
3219 4203 3237 4240 :
3268 4188 3371 4241 sive
3407 4190 3553 4256 prin-

1987 4286 2214 4352 cipatus,
2252 4300 2343 4337 seu
2381 4292 2659 4353 potestates
2686 4296 2705 4334 :
2738 4280 2913 4334 omnia
2935 4297 3027 4349 per
3056 4282 3248 4349 ipsum,
3282 4290 3332 4334 et
3363 4284 3417 4334 in
3442 4284 3553 4350 ipso

1989 4379 2200 4435 condita
2237 4387 2379 4442 sunt,
2408 4387 2457 4430 et
2488 4376 2597 4441 ipse
2637 4384 2757 4426 ante
2794 4380 2869 4425 est
2909 4373 3109 4435 omnia,
3143 4381 3193 4425 et
3226 4375 3278 4424 in
3307 4374 3418 4439 ipso
3440 4388 3552 4424 om-

1990 4472 2081 4524 nia
2117 4470 2403 4524 subsistunt
2434 4468 2501 4520 υ.
2536 4465 2659 4519 Haec
2696 4466 2875 4519 omnia
2904 4504 2919 4531 ,
2954 4463 3080 4517 licet
3114 4476 3270 4517 secus
3302 4461 3555 4517 Marcello

308 4558 565 4628 (θεότητος
588 4558 683 4611 τοῦ
710 4559 839 4613 Υίοῦ
862 4559 955 4612 τοῦ
979 4558 1135 4623 Θεοῦ,
1165 4560 1269 4613 κᾶν
1297 4558 1370 4629 μὴ
1397 4557 1701 4629 Μαρκέλλῳ
1730 4558 1881 4628 δοκῇ,

1990 4564 2258 4623 videatur,
2286 4562 2353 4615 de
2373 4560 2492 4615 Filii
2510 4559 2792 4611 divinitate
2809 4557 3080 4610 dicuntur.
3109 4553 3293 4624 Neque
3309 4557 3451 4609 enim
3480 4566 3557 4609 tot

310 4646 550 4721 εἴρηται.
584 4646 662 4701 Οὐ
692 4648 801 4719 γὰρ
843 4648 972 4721 περὶ
1000 4651 1097 4719 τῆς
1138 4648 1339 4718 σαρκὸς
1366 4643 1517 4700 εἶπεν
1550 4647 1616 4700 ἂν
1647 4645 1885 4699 τοσαῦτα

310 4744 339 4790 ὁ
368 4738 511 4803 θεῖος
546 4739 884 4804 ’Δπόστολος.
906 4741 1102 4811 Μωρὸν
1126 4739 1235 4811 γὰρ
1258 4740 1416 4792 τοῦτο
1431 4741 1524 4792 καὶ
1546 4739 1878 4809 ἀδιανόητον,

316 4830 452 4898 πρὸς
488 4828 566 4897 τῷ
614 4831 706 4883 καὶ
755 4831 1125 4902 ἀσυνάρτητον
1158 4826 1297 4883 εἶναι
1327 4830 1439 4899 (Η)
1488 4830 1586 4899 τῆς
1628 4830 1879 4899 φράσεως

313 4920 414 4989 τὴν
449 4920 765 4991 ἑρμηνείαν.
812 4920 934 4983 Πῶς
974 4923 1082 4993 γάρ
1126 4922 1253 4991 περὶ
1289 4922 1387 4990 τῆς
1437 4920 1635 4991 σαρκὸς
1671 4919 1880 4989 ἥρμοζε

392 5080 449 5135 a4
474 5075 583 5145 Ed.
616 5076 788 5133 Paris.
826 5091 947 5145 pag.
984 5078 1071 5129 96.

390 5146 431 5175 ’θ
472 5143 634 5199 Hebr.
668 5160 741 5211 IV,
766 5143 852 5201 14.
901 5143 973 5177 "°
1006 5147 1166 5202 Hebr.
1188 5163 1227 5212 ι,
1262 5148 1374 5202 1-3.
1463 5148 1504 5178 ²¹
1537 5145 1557 5198 ι
1586 5147 1711 5201 Cor.
1743 5161 1862 5210 νιιι,
1888 5147 1940 5202 6.

319 5278 522 5341 nescio,
554 5279 695 5334 forte
718 5295 810 5342 an,
834 5280 981 5343 ἔνθα,
1019 5292 1070 5333 ιιι
1102 5282 1189 5342 sit,
1219 5282 1305 5333 ubi
1336 5280 1500 5334 Deum
1540 5280 1802 5344 nominat,
1827 5291 1880 5335 et

316 5349 537 5415 angelos
576 5360 861 5412 memorat,
920 5352 1292 5404 iutennedium
1360 5352 1562 5405 inducit
1617 5352 1879 5403 mediato-

319 5417 530 5490 rem_.M.
560 5448 631 5459 —
659 5417 862 5490 Scripsi
894 5437 1013 5472 cum
1042 5423 1201 5473 codd.
1248 5420 1391 5485 ἰδίως
1412 5438 1427 5487 ;
1451 5435 1573 5475 mox
1608 5421 1762 5490 vulgo
1792 5422 1885 5474 ἐπὶ

317 5488 626 5561 ἐσχάτοιιηεί
649 5488 838 5561 ὥσπερ
874 5491 965 5542 καὶ
988 5491 1261 5561 ἀνωτέρω.

391 5557 504 5627 (55)
532 5556 700 5627 Vulgo
726 5556 816 5611 ὅτι
835 5561 921 5612 τά.

393 5625 506 5697 (5G)
545 5625 715 5697 Vulgo
744 5628 836 5681 καὶ
862 5627 1027 5681 αὑτοῦ
1058 5630 1276 5695 ἐγένετο
1298 5648 1406 5685 υιιι.

392 5696 503 5764 (37)
538 5697 638 5766 Mp.
656 5696 852 5751 αὑτοῦ.

543 5767 904 5842 Ἑττιστήσας
945 5767 1030 5822 δέ.
1066 5768 1300 5842 Legend.
1336 5773 1624 5842 ἐπιστῆσαι
1666 5773 1743 5826 δέ.
1790 5774 1854 5825 .\l.

399 5839 511 5904 (59)
540 5838 643 5891 Kal
679 5838 823 5905 πρὸς
856 5840 1353 5909 χρηματίσαντος.
1385 5838 1547 5898 Error
1580 5860 1646 5897 cx
1699 5845 1888 5899 abbre-

1989 4657 2043 4702 et
2070 4649 2195 4701 talia
2214 4647 2439 4702 dixisset
2488 4646 2553 4701 de
2588 4660 2749 4699 carne
2796 4646 3105 4712 Apostolus.
3150 4643 3386 4700 Stultum
3408 4648 3551 4699 enim

1988 4739 2130 4796 foret
2182 4755 2355 4810 neque
2404 4738 2640 4810 cogitatu
2679 4736 2876 4801 facile,
2912 4747 2970 4792 ut
3022 4753 3090 4793 ne
3140 4739 3317 4793 dicam
3364 4739 3555 4791 incon-

1986 4845 2198 4899 gruum,
2224 4830 2366 4899 quod
2396 4831 2463 4885 ad
2488 4830 2780 4885 dictionem
2815 4831 3009 4885 attinet
3037 4840 3092 4885 et
3130 4832 3365 4885 nominis
3388 4831 3557 4884 inter-

1986 4923 2367 4991 pretationem.
2402 4920 2503 4991 Qui
2542 4924 2687 4977 enim
2719 4933 3083 4992 congruenter
3125 4924 3190 4979 de
3229 4940 3395 4980 carne
3446 4925 3555 4977 dici

2030 5148 2074 5179 "
2102 5146 2307 5200 Coloss.
2343 5164 2382 5211 ι,
2426 5148 2630 5204 15-17..

1990 5282 2153 5355 v_iata_
2185 5282 2452 5348 scriptura
2512 5286 2644 5355 πρός
2698 5295 2849 5341 ortus
2900 5295 3024 5340 est:
3086 5286 3363 5355 legendum
3408 5287 3554 5340 enim

1987 5353 2201 5426 ῌατρὸς
2224 5353 2707 5426 -χρηιέατίσαντος,
2741 5357 2827 5409 ἵνα
2888 5357 2961 5426 μὴ
3020 5356 3111 5407 ἐπὶ
3144 5353 3248 5418 τὰς
3276 5356 3555 5426 (ξι-ὑπολά-

1989 5422 2197 5492 ϐοιμεν.
2224 5422 2660 5478 Mhi—Emendavi
2681 5429 2854 5479 locum
2876 5422 3136 5483 summ"
3156 5426 3245 5479 ubi
3265 5424 3419 5492 vulgo
3434 5427 3556 5480 τινὰ

1990 5504 2114 5547 ante
2136 5495 2334 5563 τρόπον
2366 5493 2517 5547 deest
2542 5502 2595 5547 et
2624 5497 2884 5550 scribitur
2905 5494 3256 5549 ὲπιλάὸοιιιεν
3281 5495 3406 5549 ὑπό.
3433 5496 3551 5551 Mox

1988 5564 2148 5637 vulgo
2175 5566 2299 5637 περὶ
2321 5563 2419 5637 τοῦ
2450 5564 2546 5637 μέν
2569 5576 2632 5637 Δει
2648 5564 2976 5637 ὁριζόμενος.

2066 5634 2174 5706 (40)
2209 5634 2373 5706 Vulgo
2406 5634 2625 5706 ἐκτίσθη
2650 5634 2703 5690 el
2723 5634 2844 5706 mox
2877 5636 3022 5687 δοκεῖ
3045 5646 3097 5687 et
3122 5636 3258 5704 πρὸς
3282 5638 3363 5690 τό.

2066 5704 2176 5776 (41)
2236 5703 2350 5771 Τῆς
2397 5703 2669 5776 φράσεως
2726 5704 2838 5771 τὴν
2894 5703 3203 5774 ἁρμονίαν,
3266 5706 3339 5759 Ita
3382 5708 3559 5773 potius

1996 5774 2664 5847 ιιιιιιιιιἑρμηνείανηΝιιιιι
2700 5777 2960 5845 sequitur,
3001 5776 3114 5838 πῶς
3165 5776 3271 5846 γάρ
3313 5776 3563 5847 περὶτῆς

2002 5846 2195 5913 σαρκὸς
2227 5846 2449 5915 ἥρμοσε.
2484 5844 2552 5899 λι.
