3970 6514
433 395 529 449 88Ἱ

1169 395 1439 453 EUSEBII
1476 396 1940 454 CESARIENSIS
1977 395 2124 450 ΟΡΡ.
2166 395 2342 450 PARS
2379 395 2469 451 Ν.
2495 425 2564 434 --
2597 395 3014 450 DOGMATICA.

3583 395 3688 449 888

435 526 656 585 posset,
697 517 788 588 qui
821 524 907 573 est
953 505 1179 588 imago?
1220 518 1448 574 dixisset
1493 521 1717 589 utique,
1763 535 1882 589 qua:
1928 527 2000 573 εει

2115 517 2312 583 λέγειν,
2350 517 2407 579 ὃς
2441 518 2588 569 ἐστιν
2614 514 2810 578 εἰκώνς
2847 513 2968 567 δέον
2997 515 3045 567 εἰ
3081 510 3188 585 ἄρα
3229 513 3419 582 φῆσαι,
3453 513 3488 582 ἦ
3539 515 3688 564 ἐστιν

433 622 635 678 imago.

506 700 589 756 15.
620 700 762 755 Alibi
802 715 1018 771 quoque
1066 702 1207 758 idem
1251 703 1503 758 eumdem
1554 703 1788 774 appellat
1818 702 2008 772 imagi-

435 806 556 846 nem
607 791 723 857 Dei,
759 811 780 846 ι
815 793 966 861 Quod
1015 795 1061 850 si
1108 795 1487 851 absconditum
1540 797 1611 850 sit
1656 794 2006 864 Evangelium

440 901 459 933 ι
498 895 742 941 nostrum
767 928 782 950 ,
813 887 881 941 ab
911 888 977 943 iis
1002 896 1088 943 est
1119 887 1498 943 absconditum
1529 890 1619 959 qui
1656 896 1914 958 pereunt,
1954 888 2006 941 in

438 993 457 1026 ι
495 977 692 1045 quibus
733 979 875 1034 Deus
907 980 1088 1038 saeculi
1136 981 1296 1036 istius
1330 981 1631 1036 obcaecavit
1675 981 2008 1036 intellectum

439 1086 456 1118 ι
495 1069 892 1126 incredulorum
918 1113 934 1138 ,
967 1087 1034 1127 ne
1073 1072 1361 1128 irradiaret
1396 1074 1449 1126 in
1479 1073 1736 1128 cordibus
1761 1073 2009 1141 ipsorum

440 1180 460 1213 ι
497 1163 820 1222 illuminatio
847 1165 1124 1238 Evangelii
1151 1165 1278 1222 Jesu
1330 1165 1558 1226 Christi,
1600 1164 1692 1234 qui
1723 1173 1808 1220 est
1831 1165 2010 1235 imago

439 1272 458 1305 ι
493 1254 612 1310 Dei.
668 1273 687 1308 ι
745 1256 846 1312 Ubi
895 1257 1280 1313 advertendum
1317 1257 1474 1312 nobis
1505 1257 1690 1310 animo
1719 1265 1806 1312 est
1828 1297 1844 1322 ,
1867 1257 2008 1327 quod

433 1347 647 1402 divinus
663 1349 953 1418 Apostolus
980 1348 1277 1414 deter-mina
1287 1347 1452 1401 tivum
1481 1348 1549 1403 de
1567 1346 1785 1403 Christo
1803 1363 2010 1404 sermo-

433 1452 556 1492 nem
580 1438 834 1503 instituit,
865 1439 1153 1508 imaginem
1179 1438 1276 1492 Dei
1292 1436 1498 1492 scilicet
1517 1437 1794 1508 appellans
1813 1439 2008 1509 ipsum,

433 1543 503 1583 ne
533 1530 654 1598 quis
682 1529 818 1584 duos
842 1528 1127 1599 imaginari
1156 1527 1289 1582 deos
1317 1536 1518 1597 posset,
1537 1527 1631 1584 sed
1652 1543 1839 1596 unum,
1860 1543 2011 1582 nem-

431 1633 500 1687 pe
525 1633 647 1673 eum
673 1619 762 1688 qui
795 1631 954 1688 supra
989 1618 1170 1672 omnia
1194 1630 1294 1674 est.
1318 1619 1376 1675 Si
1400 1619 1544 1675 enim
1571 1633 1714 1674 unus
1740 1629 1824 1674 est
1847 1618 2008 1686 Deus,

434 1723 485 1764 et
515 1722 709 1782 praeter
734 1711 885 1766 illum
913 1726 1020 1766 non
1046 1718 1132 1766 est
1156 1711 1319 1780 alius,
1355 1712 1528 1781 ipsius
1551 1709 1624 1766 sit
1645 1717 1882 1779 oportet,
1917 1713 2006 1780 qui

433 1819 531 1873 per
550 1802 744 1858 Filium
782 1819 939 1859 suum
966 1814 1225 1875 tanquam
1247 1819 1343 1874 per
1361 1803 1655 1872 imaginem
1674 1803 2001 1873 agnoscitur.

432 1896 776 1964 Quapropter
793 1903 849 1948 et
885 1893 1057 1950 Filius
1097 1907 1314 1965 quoque
1344 1895 1486 1949 Deus
1506 1901 1612 1956 est,
1645 1903 1867 1964 propter
1904 1892 2006 1947 Pa-

431 1985 529 2039 tris
557 1987 806 2056 liguram,
846 1987 900 2040 in
928 1985 1066 2056 ipso,
1094 1996 1152 2040 ut
1181 1987 1232 2040 in
1259 1986 1515 2056 imagine,
1541 1984 1912 2056 resultantem.
1949 1984 2004 2039 id

430 2078 574 2146 quod
607 2077 819 2133 divinus
853 2078 1148 2146 Apostolus
1171 2078 1394 2142 indicat,
1427 2079 1553 2132 dum
1602 2076 1894 2148 aliquando
1931 2078 2006 2130 in-

429 2171 590 2238 quit,
619 2171 712 2239 qui
765 2185 884 2224 cum
923 2171 982 2224 in
1019 2169 1121 2224 Dei
1168 2169 1338 2237 {arma
1374 2179 1548 2223 esset:
1580 2168 1870 2240 aliquando
1903 2185 2001 2223 au-

428 2268 561 2326 tem,
591 2275 715 2315 eum
746 2260 1036 2328 imaginem
1073 2262 1163 2316 Dei
1211 2260 1400 2317 deﬁnit
1433 2276 1575 2316 esse.
1604 2263 1785 2329 Atque
1814 2261 1892 2315 ita
1919 2261 2002 2313 in-

434 2361 519 2404 ter
545 2360 778 2406 caeteras
804 2352 1248 2407 nomenclatnras
1292 2351 1465 2407 Filius
1516 2361 1574 2408 et
1605 2362 1723 2406 erat
1757 2363 1811 2406 et
1856 2353 2004 2408 dice-

430 2443 592 2496 batur
647 2443 824 2512 imago
858 2443 951 2499 Dei
981 2484 997 2510 ,
1031 2442 1343 2513 priusquam
1389 2444 1443 2498 in
1492 2458 1659 2499 carne
1703 2444 2000 2500 adveniret.

429 2537 607 2604 Atque
624 2536 727 2592 ista
757 2537 972 2606 quidem
1009 2551 1180 2607 pauca
1215 2536 1283 2592 de
1330 2537 1650 2602 innumeris,
1687 2551 1753 2592 ne
1787 2539 2002 2592 modum

427 2625 776 2691 excedamus,
816 2641 847 2681 e
867 2624 1016 2683 Novo
1048 2625 1399 2682 Testamento
1449 2629 1675 2683 adducta
1712 2628 1842 2682 sint.
1865 2625 2002 2694 Quin

429 2729 484 2774 et
514 2718 642 2773 olim
667 2720 1001 2775 ex-sistentes
1017 2721 1293 2790 prophetae
1321 2719 1440 2782 Dei,
1472 2722 1723 2777 eumdem
1771 2722 2005 2776 diversis

431 2810 752 2881 theologicis
779 2812 1088 2866 nominibus
1110 2813 1469 2868 honorarunt.

499 2901 589 2956 l6.
622 2902 716 2956 Est
738 2901 831 2972 qui
857 2918 978 2956 eum
1001 2943 1016 2966 ,
1049 2899 1311 2971 Spiritum
1358 2903 1450 2959 Dei
1482 2910 1678 2968 vocat,
1708 2903 1957 2973 inquiens
1988 2921 2001 2957 :

427 2993 742 3063 Egredietur
766 2995 915 3060 virga
940 2995 1004 3050 de
1033 2997 1208 3050 radice
1248 2996 1390 3050 Iesse
1429 3014 1449 3051 :
1493 3003 1559 3061 »Β
1593 3009 1640 3051 et
1669 2999 1769 3067 ﬂos
1813 3001 1879 3050 de
1917 3014 2006 3050 ra-

426 3087 543 3139 dice
565 3085 676 3156 ejus
702 3087 968 3153 ascendet,
1005 3098 1054 3140 et
1089 3089 1374 3157 requiescet
1407 3105 1566 3157 super
1589 3089 1737 3142 illum
1775 3087 2004 3157 Spiritus

2111 627 2290 662 εικων.

2185 708 2264 754 ιε’.
2307 701 2418 754 Καὶ
2468 702 2524 753 ἐν
2570 699 2741 770 ἑτέρῳ
2793 699 2849 752 δὲ
2899 698 3061 752 πάλιν
3103 699 3131 749 6
3176 696 3336 760 αὐτὸς
3377 696 3562 749 εἰκόνα
3593 695 3688 748 τοῦ

2113 791 2246 845 Θεοῦ
2264 792 2421 845 αὑτὸν
2437 791 2683 862 ὠνόμαζε
2714 791 2906 860 λέγων,
2931 811 2950 844 ι
2978 791 3041 845 ΕΞ
3070 791 3126 844 δὲ
3156 790 3248 843 καὶ
3270 789 3384 842 ἔστι
3413 788 3690 857 κεκαλυμ-

2118 907 2143 936 ι
2172 885 2330 956 μένον
2346 882 2407 936 τὸ
2425 883 2536 955 (42)
2552 883 2888 953 Εὐαγγέλιον.
2903 883 3080 955 ἡμῶν,
3100 885 3155 936 ὲν
3171 886 3282 946 τοῖς
3299 881 3501 935 ἀπολλυ
3509 882 3692 953 μένοις

2121 999 2140 1028 e
2173 979 2289 1032 ἐστὶ
2308 976 2744 1048 κεκαλυμμένον,
2765 979 2822 1029 ὲν
2843 972 2927 1040 οἷς
2947 979 2975 1030 ὁ
2996 976 3129 1040 Θεὸς
3155 975 3251 1028 τοῦ
3280 975 3473 1039 αἰῶνος
3495 975 3690 1028 τούτου

2117 1091 2136 1122 ι
2173 1070 2452 1139 ἐτύφλωσε
2480 1069 2548 1122 τὰ
2579 1071 2823 1142 νοήματα
2851 1070 2958 1123 τῶν
3009 1069 3273 1130 ἀπίστων,
3319 1067 3458 1138 πρὸς
3497 1065 3562 1119 τὸ
3615 1067 3691 1137 μὴ

2119 1181 2137 1211 t
2173 1158 2520 1229 καταυγάσαι
2545 1157 2656 1230 (45)
2692 1161 2882 1223 ὲνταῖς
2907 1160 3155 1231 καρδίαις
3185 1157 3364 1212 αὐτῶν
3398 1158 3489 1210 τὸν
3524 1173 3692 1226 φωτι-

2120 1272 2138 1302 ‹
2178 1250 2313 1321 σμὸν
2338 1249 2441 1304 τοῦ.
2465 1249 2798 1318 Εὐαγγελίου
2827 1248 2922 1302 τοῦ
2953 1249 3212 1319 Χριστοῦ,
3247 1250 3306 1312 ὃς
3345 1251 3493 1302 ἐστιν
3528 1245 3692 1300 εἰκὼν

2122 1364 2140 1395 ι
2175 1343 2267 1396 τοῦ
2286 1342 2443 1398 Θεοῦ.
2474 1361 2494 1393 ›
2525 1339 2695 1394 Ἔνθα
2714 1342 2808 1395 καὶ
2830 1343 3097 1412 προσήκει
3121 1341 3212 1394 τὸν
3235 1340 3358 1394 νοῦν
3377 1341 3689 1412 ἐπιστῆσαι,

2111 1436 2184 1499 ὡς
2218 1440 2245 1490 6
2278 1438 2419 1500 Θείος
2467 1436 2784 1500 Ἀπόστολος
2815 1436 2998 1508 ὁρικὸν
3018 1435 3344 1506 ἐξηνέγκατο
3372 1437 3528 1504 λόγον
3559 1436 3691 1504 περὶ

2113 1530 2206 1582 τοῦ
2242 1528 2501 1601 Χριστοῦ,
2523 1527 2692 1581 εἰπὼν
2725 1528 2886 1581 αὐτὸν
2934 1527 3115 1580 εἰκόνα
3145 1526 3240 1579 τοῦ
3281 1525 3436 1589 Θεοῦ,
3472 1526 3562 1578 ἵνα
3611 1527 3688 1595 μή

2113 1639 2195 1684 τις
2226 1621 2318 1674 δύο
2350 1621 2504 1683 θεοὺς
2542 1619 2802 1673 ὑπολάϐοι
2833 1617 2968 1673 εἶναι
2989 1659 3005 1684 ,
3033 1617 3146 1672 ἀλλ’
3185 1618 3280 1670 ἕνα
3310 1617 3403 1669 τὸν
3430 1618 3523 1670 ἐπὶ
3549 1616 3690 1670 πάν-

2111 1730 2239 1766 των.
2269 1714 2330 1766 Εἰ
2357 1713 2466 1785 γὰρ
2494 1709 2574 1776 εἷς
2597 1712 2751 1775 Θεὸς,
2785 1710 2878 1764 καὶ
2907 1710 3006 1763 οὐκ
3039 1708 3185 1762 ἔστιν
3211 1706 3393 1777 ἕτερος
3418 1706 3558 1776 πλὴν
3584 1706 3691 1758 αὑ-

2111 1805 2231 1870 τοῦ,
2268 1805 2429 1868 αὐτὸς
2459 1804 2525 1858 ἂν
2557 1804 2643 1875 εἴη
2671 1806 2700 1856 6
2742 1804 2836 1857 καὶ
2864 1801 2952 1856 διὰ
2981 1800 3075 1854 τοῦ
3109 1799 3240 1854 Υἱοῦ
3265 1799 3342 1862 ὡς
3373 1797 3438 1851 δι’
3478 1798 3690 1859 εἰκόνος

2110 1897 2526 1969 γνωριζόμενος.
2556 1897 2646 1948 Διὸ
2681 1896 2774 1948 καὶ
2807 1897 2836 1949 ὁ
2868 1894 2992 1957 Υἱὸς
3022 1893 3176 1956 Θεὸς,
3207 1891 3294 1946 διὰ
3320 1891 3416 1962 τὴν
3450 1892 3507 1943 ὲν
3540 1889 3691 1959 αὐτῷ

2105 1990 2203 2044 τοῦ
2230 1990 2451 2061 Πατρὸς.
2474 1990 2549 2052 ὡς
2576 1991 2632 2041 ἐν
2659 1989 2826 2042 εἰκόνι
2854 1987 3154 2059 μόρφωσιν.
3184 1987 3250 2037 Ὃ
3271 1983 3337 2054 δὴ
3357 1983 3689 2054 παρίστησιν

2105 2087 2134 2138 6
2169 2083 2310 2148 θεῖος
2347 2082 2688 2146 Ἀπόστολος,
2730 2082 2850 2134 τοτὲ
2886 2081 2987 2150 μὲν
3018 2078 3214 2147 λέγων,
3255 2077 3324 2141 ὃς
3369 2077 3441 2129 ἐν
3484 2073 3692 2144 μορφῇ

2108 2175 2256 2230 Θεοῦ
2282 2175 2598 2244 ὑπάρχων,
2631 2173 2754 2227 τοτὲ
2782 2173 2838 2226 δὲ
2869 2173 3028 2226 αὑτὸν
3071 2171 3250 2224 εἰκόνα
3278 2168 3370 2222 τοῦ
3402 2168 3538 2220 Θεοῦ
3567 2170 3690 2239 ὀρι-

2105 2270 2347 2339 ζὸμενος.
2401 2267 2609 2322 Οὐκοῦν
2666 2265 2805 2336 μετὰ
2852 2264 2961 2317 τῶν
3009 2262 3182 2316 ἄλλων
3229 2259 3539 2331 ὲπηγοριῶν
3593 2258 3694 2312 καὶ

2105 2363 2268 2417 εἰκὼν
2307 2361 2401 2415 τοῦ
2436 2359 2572 2413 Θεοῦ
2602 2359 2711 2430 πρὸ
2737 2357 2840 2426 τῆς
2884 2356 3149 2426 ἐνσὰρκου
3179 2353 3480 2424 παρουσίας
3504 2354 3532 2404 6
3560 2351 3691 2414 Υἱὸς

2103 2453 2171 2529 ἦν
2194 2473 2252 2508 τε
2286 2455 2380 2509 καὶ
2403 2450 2734 2523 ὠνόμασται.
2766 2448 2925 2502 Ἀλλὰ
2954 2445 3127 2501 ταῦτα
3155 2446 3253 2517 μὲν
3279 2444 3388 2498 ἀπὸ
3417 2443 3518 2514 τῆς
3544 2445 3690 2495 Και-

2106 2550 2202 2619 νῆς
2241 2546 2531 2617 Διαθήκης,
2564 2543 2718 2612 ὀλίγα
2749 2542 2854 2596 ἀπὸ
2888 2539 3094 2612 μυρίων
3119 2541 3250 2610 ἡμῖν
3277 2537 3438 2607 λόγου
3471 2553 3690 2608 συμμε-

2112 2640 2268 2711 τρίας
2295 2639 2452 2710 χάριν
2484 2636 2768 2706 συνῆκται.

2177 2915 2272 2973 ις’.
2293 2909 2402 2960 Καὶ
2431 2909 2479 2959 οἱ
2508 2904 2674 2968 πάλαι
2706 2905 2802 2974 μὲν
2823 2903 3102 2973 γενόμενοι
3128 2901 3222 2955 τοῦ
3247 2901 3381 2954 Θεοῦ
3407 2901 3691 2972 προφῆται

2105 3003 2196 3056 τὸν
2229 2999 2390 3056 αὑτὸν
2426 2998 2534 3069 (44)
2568 2997 2844 3068 διαφόροις
2888 2995 3090 3065 ἐτίμων
3119 2992 3434 3062 θεολογίαις.
3484 2994 3542 3045 ’0
3587 2993 3692 3063 μὲν

2105 3092 2214 3164 γὰρ
2244 3089 2509 3146 ἀπεκάλει
2541 3088 2704 3142 αὑτὸν
2755 3087 2972 3156 πνεῦμα
3007 3083 3102 3138 τοῦ
3131 3083 3288 3147 Θεοῦ,
3318 3085 3512 3153 λέγων.
3558 3085 3687 3148 Ἑξ-

426 3176 660 3244 Domiui,
699 3179 914 3247 spiritus
936 3178 1209 3248 sapientia:
1237 3189 1284 3232 et
1325 3178 1678 3249 intelligentiae
1705 3180 1772 3246 ”,
1796 3189 1852 3232 et
1880 3195 1998 3250 qua:

2112 3189 2409 3245 ελεύσεται
2422 3180 2644 3250 ῥάϐδος
2658 3181 2725 3234 ἐκ
2748 3179 2858 3249 τῆς
2870 3179 3037 3248 ῥίζης
3052 3179 3296 3234 Ἰεσσαί·
3313 3177 3408 3231 καὶ
3427 3175 3607 3242 ἄνθος
3616 3177 3688 3230 ἐκ

427 3281 748 3341 sequuntur.
794 3271 1086 3342 Perspicue
1107 3272 1376 3342 siquidem
1408 3271 1462 3326 in
1488 3272 1606 3328 istis
1629 3271 1998 3329 manifestavit

424 3377 547 3416 eum
574 3364 664 3432 qui
695 3362 761 3418 de
777 3364 982 3419 semine
1006 3364 1174 3419 David
1213 3363 1393 3418 fuerat
1426 3366 1721 3420 secundum
1755 3381 1994 3432 carnem,

428 3467 484 3508 ot
517 3449 832 3511 inhabitans
864 3457 1027 3510 etiam
1066 3458 1120 3511 in
1159 3456 1251 3511 illo
1282 3455 1373 3511 Dei
1424 3456 1681 3512 Verbum.
1721 3457 1873 3513 Unde
1913 3459 1999 3513 di-

429 3547 586 3598 vinus
612 3545 902 3614 Apostolus
928 3561 1072 3601 nunc
1112 3545 1654 3616 loquitur,.Dominus
1687 3558 1862 3601 autem
1897 3551 2001 3616 spi-

427 3636 559 3688 situs
584 3645 660 3688 est
693 3636 766 3700 υς
812 3651 956 3690 nunc
990 3636 1183 3691 iterum
1206 3676 1220 3699 ,
1271 3635 1508 3691 Christus
1541 3637 1637 3690 Dei
1673 3640 1924 3706 potentia,
1949 3651 1998 3694 et

425 3727 684 3794 sapientia
731 3726 825 3780 Dei
865 3728 932 3781 ".
986 3727 1142 3782 Alius
1188 3728 1412 3798 insuper
1461 3728 1723 3798 propheta
1768 3707 1888 3785 eum
1931 3731 1996 3784 ad

427 3815 675 3872 eumdem
713 3817 932 3871 modum
969 3817 1216 3888 spiritum
1269 3817 1531 3888 appellat,
1579 3819 1812 3888 Spiritus
1841 3821 1997 3891 faciei

423 3918 618 3964 nostra:
636 3907 878 3962 Christus
913 3907 1165 3963 Dominus
1198 3910 1263 3964 “.
1291 3909 1354 3964 Et
1389 3911 1443 3966 in
1482 3909 1777 3981 Evangelia
1805 3912 1874 3968 de
1904 3929 1998 3968 eo-

422 4002 544 4055 dem
591 4002 950 4070 liquitlissimo
1001 4001 1246 4057 dicitur:
1282 4000 1423 4057 Ecce
1477 4018 1608 4071 puer
1652 4021 1794 4058 meus
1844 4021 1995 4074 quem

423 4094 577 4164 elegi,
611 4095 843 4149 dilectus
875 4112 1020 4149 meus
1063 4095 1118 4148 in
1141 4112 1243 4166 quo
1287 4097 1414 4150 bene
1451 4097 1764 4164 complacuit
1805 4101 1996 4152 anima:

419 4200 570 4239 mete.
589 4183 797 4239 Ponant
825 4187 1071 4252 spiritum
1110 4201 1279 4240 meum
1305 4203 1462 4256 super
1493 4197 1700 4255 eum,et
1724 4188 1997 4256 judicium

419 4277 665 4343 gentibus
693 4276 955 4329 nuntiabit
972 4279 1038 4333 ".

489 4455 578 4509 l7.
610 4454 761 4508 Alius
790 4470 959 4524 porro
987 4458 1252 4525 propheta
1277 4456 1445 4510 vitam
1481 4469 1808 4518 eumvocat.
1833 4467 1882 4512 et
1907 4459 1994 4512 lu-

2101 3281 2210 3349 τῆς
2223 3275 2390 3347 ῥίζης
2402 3274 2513 3345 (45)
2532 3273 2919 3338 ἀναϐήσεται,
2941 3272 3041 3325 καὶ
3059 3271 3547 3325 ἐπαναπαύσεται
3572 3269 3687 3338 (46)

2099 3373 2192 3428 ἐπ’
2233 3368 2421 3424 αὑτὸν
2448 3366 2690 3435 πνεῦμα
2716 3365 2821 3419 τοῦ
2855 3364 3023 3426 Θεοῦ,
3051 3363 3287 3432 πνεῦμα
3316 3361 3556 3430 σοφίας,
3586 3359 3690 3412 καὶ

2100 3462 2432 3524 συνέσεως,
2457 3458 2551 3510 καὶ
2580 3457 2648 3510 τὰ
2687 3457 2832 3526 ἑξῆς.
2863 3453 3061 3524 Σαφῶς
3087 3454 3198 3523 γὰρ
3229 3452 3319 3505 τὸν
3344 3454 3408 3505 ὲκ
3435 3452 3686 3522 σπέρμα-

2099 3572 2199 3618 τος·
2235 3551 2420 3615 Δαϐὶδ,
2472 3547 2615 3603 κατὰ
2648 3548 2825 3618 σάρκα
2871 3548 2965 3598 καὶ
3007 3544 3096 3596 τὸν
3133 3544 3490 3613 ὲνοικήσαντα
3536 3540 3688 3610 αὑτῷ

2099 3647 2230 3700 Θεὸν
2253 3645 2443 3714 Λόγον,
2460 3642 2548 3696 διὰ
2573 3639 2776 3696 τούτων
2805 3639 3014 3710 ἐδήλου.
3047 3637 3238 3690 Ἔνθεν
3267 3638 3296 3689 6
3335 3634 3481 3697 θεῖος
3521 3634 3690 3686 Ἀπό-

2101 3738 2286 3802 στολος
2315 3735 2446 3790 ποτὲ
2483 3734 2582 3806 μὲν
2617 3731 2825 3800 ἔλεγεν·
2885 3731 2936 3782 Ὁ
2978 3728 3047 3782 δὲ
3088 3730 3304 3796 Κύριος
3340 3727 3406 3782 τὸ
3447 3728 3688 3797 πνεῦμά

2097 3831 2288 3884 ἐστιν·
2347 3828 2476 3880 ποτὲ
2521 3825 2598 3890 δὲ,
2630 3823 2884 3894 Χριστὸς
2929 3823 3078 3877 Θεοῦ
3115 3820 3366 3890 δύναμις
3393 3820 3494 3874 καὶ
3533 3820 3687 3873 Θεοῦ

2098 3922 2304 3990 σοφία.
2329 3920 2438 3973 Καὶ
2458 3918 2642 3987 ἕτερος
2667 3914 2723 3968 δὲ
2750 3916 2950 3986 ὁμοίως
2971 3912 3187 3985 πνεῦμα
3210 3913 3370 3966 αὐτὸν
3394 3912 3682 3972 ἀποκαλεῖ,

2098 4014 2290 4081 λέγων,
2325 4010 2568 4079 Πνεῦμα
2598 4006 2920 4076 προσώπου
2950 4005 3121 4075 ἡμῶν
3149 4003 3401 4072 Χριστὸς
3442 4005 3679 4073 Κύριος.

2098 4103 2207 4156 Καὶ
2236 4105 2294 4156 ὲν
2319 4103 2397 4173 τῷ
2430 4101 2745 4170 Εὑαγγελίῳ
2775 4098 2831 4152 δὲ
2866 4099 2993 4168 περὶ
3029 4096 3194 4151 αὐτοῦ
3226 4095 3412 4165 σαφῶς
3441 4097 3678 4166 εἴρηται·

2110 4193 2332 4248 Ἰδοὺ-ό
2357 4193 2652 4262 παῖςμου,
2699 4191 2774 4244 ὃν
2805 4189 3054 4259 ᾑρέτισα
3077 4207 3092 4220 ·
3140 4191 3174 4243 ὁ
3211 4188 3522 4258 ἀγαπητός
3560 4204 3682 4255 μου

2095 4287 2184 4350 εἰς
2207 4284 2280 4336 ὃν
2307 4283 2656 4352 ηὐδόκησεν
2677 4283 2716 4348 ἡ
2746 4279 2915 4350 ψυχή
2933 4297 3074 4350 μου.
3102 4277 3330 4332 Ἕδωκα
3353 4278 3420 4331 τὸ
3443 4277 3680 4347 πνεῦμά

2089 4393 2207 4444 μου
2240 4376 2334 4429 ἐπ’
2375 4374 2582 4442 αὐτὸν,
2615 4375 2818 4441 κρίσιν
2848 4371 2971 4437 τοῖς
2997 4371 3240 4425 ἔθνεσιν
3265 4371 3512 4435 ἐξοίσει.

2169 4466 2252 4529 ιζ’.
2289 4465 2590 4537 Προφητῶν
2614 4465 2671 4518 δὲ
2695 4463 2852 4527 ἄλλος
2902 4462 3046 4534 ζωὴν
3074 4461 3256 4526 αὐτὸν,
3281 4463 3374 4515 καὶ
3407 4461 3524 4530 φῶς
3552 4461 3679 4515 ὡνὸο

414 4561 560 4610 cem,
590 4545 679 4600 ubi
716 4544 883 4601 Deum
931 4547 1012 4602 sic
1037 4547 1331 4616 alloquitur
1360 4547 1642 4616 inquiens,
1671 4548 1823 4616 Apud
1847 4558 1896 4602 te
1916 4561 1990 4603 est

2112 4558 2237 4627 ααζε
2269 4557 2404 4628 (47),
2432 4559 2490 4609 ἐν
2535 4556 2615 4626 τῷ
2667 4555 3006 4627 προσφωνεῖν
3042 4553 3118 4624 τῷ
3149 4552 3287 4623 Θεῷ,
3332 4553 3425 4607 καὶ
3477 4553 3677 4621 λέγειν,

417 4636 541 4706 fons
559 4636 709 4703 sitat,
739 4645 790 4690 et
816 4636 870 4689 in
906 4636 1106 4691 tuth
1141 4647 1233 4688 tuo
1273 4636 1562 4689 uidebimus
1586 4634 1764 4690 lumen
1780 4635 1994 4702 ".Qui-

416 4747 540 4785 nam
569 4738 688 4786 erat
717 4728 805 4783 ille
826 4727 949 4783 vita;
995 4730 1116 4784 fons
1147 4728 1287 4798 apud
1335 4727 1548 4782 Deum?
1596 4727 1718 4797 quis
1765 4728 1941 4782 lumen
1965 4729 1996 4781 ’ἰ-

416 4825 586 4894 ipsius
618 4837 835 4890 nempe,
857 4823 949 4890 qui
977 4821 1032 4876 in
1069 4821 1365 4891 Evangelia
1395 4821 1553 4887 dixit,
1573 4819 1692 4889 Ego
1729 4837 1845 4874 sum
1893 4820 1989 4874 lux

416 4914 667 4968 mundi”
693 4931 710 4981 ;
739 4923 818 4980 et,
841 4911 952 4982 Ego
982 4928 1097 4966 sum
1121 4914 1200 4966 uia
1227 4923 1274 4965 et
1299 4913 1508 4973 ueritas,
1539 4923 1589 4965 et
1625 4911 1730 4966 vita
1755 4911 1818 4963 ³ο.
1850 4913 1999 4978 Qut».

489 5082 546 5150 ᾧ
581 5077 675 5132 Ed.
714 5077 1040 5150 Parisrpag.
1076 5077 1167 5150 r97.

488 5146 656 5202 "lea.
701 5163 776 5212 ιι,
805 5149 856 5206 1.
894 5146 950 5203 2.
995 5146 1014 5150 ’
1046 5149 1091 5181 "‘
1120 5148 1160 5200 11
1185 5147 1312 5202 Cor.
1348 5165 1430 5209 tu,
1462 5151 1544 5203 17..

413 5231 584 5281 xxxv,
624 5219 708 5273 l0.

485 5423 604 5494 (ιε)
621 5423 794 5494 Vulgo
819 5423 977 5476 τοῦτο
999 5424 1080 5494 το.

485 5488 598 5561 με)
642 5488 797 5561 Πρῦς
853 5495 922 5547 τὸ
977 5493 1063 5562 μὴ
1116 5491 1509 5563 καταυγιὶσαι.
1559 5493 1842 5562 Apostolus
1865 5496 1917 5549 in
1945 5497 1987 5551 ll

413 5563 542 5617 Cur.
570 5579 642 5627 tv,
669 5565 722 5624 5.
756 5564 948 5618 habet:
974 5567 1073 5628 Εἰς
1119 5563 1182 5616 τὸ
1207 5563 1302 5632 μὴ,
1343 5566 1602 5632 αὐγάσαι
1648 5565 1853 5631 αὐτοῖς
1882 5566 1995 5619 τὸν

415 5635 722 5704 φωτισμὸν
752 5634 870 5686 τῶν
897 5637 1081 5703 Ebur.
1112 5633 1222 5699 τῆς
1259 5634 1446 5704 δόξης
1481 5633 1589 5704 τοῦ
1614 5634 1893 5703 Χριστοῦ,
1933 5648 1987 5691 et

414 5703 537 5774 post
564 5703 720 5774 Θεοῦ,
755 5705 989 5767 additur,
1025 5704 1277 5774 ἀοράτου.
1304 5703 1373 5756 Μ.
1411 5735 1478 5746 -
1499 5703 1618 5759 Mox
1650 5705 1809 5774 vulgo
1839 5707 1868 5756 6
1897 5706 1985 5759 διὰ

415 5772 507 5830 τοῦ
525 5781 594 5844 (τι
610 5773 696 5826 ὅδε
717 5789 847 5844 παρ.

487 5843 596 5911 (Η)
619 5842 926 5914 Διαρόροις
965 5862 1036 5900 σε
1059 5847 1256 5914 timor.
1291 5842 1589 5913 Depravalc
1620 5865 1631 5908 ;
1669 5844 1761 5903 scd
1808 5846 1987 5903 facilis

1233 5165 1312 5222 nr.
1348 5151 1544 5222 ιιιηΠ..
1579 5221 1584 5222 ί
1645 5150 1747 5222 ’ξηΙ-
1773 5152 1898 5205 Cor.
1928 5168 1963 5216 t,

2175 5155 2437 5208 "Thrcn.
2479 5171 2563 5220 tv,
2615 5155 2704 5210 20.
2783 5156 2825 5187 ’⁷
2857 5153 3044 5209 Matth.
3101 5168 3214 5215 xu,
3273 5150 3360 5204 18.

785 5221 828 5250 ²⁹
855 5218 1010 5274 luat).
1043 5235 1161 5280 Vm,
1193 5220 1288 5287 l2;
1325 5233 1404 5282 Ix,
1574 5221 1614 5250 ³⁰
1653 5220 1809 5274 Joun.
1838 5239 1959 5287 xw,
1988 5225 2040 5281 6,

2097 4654 2196 4705 ὃτιο
2220 4651 2384 4719 Παρὰ
2399 4651 2497 4704 σοι
2529 4648 2689 4718 πηγὴ
2722 4646 2890 4715 ζωῆς,
2907 4647 2976 4699 ἐν
3002 4644 3080 4709 τῷ
3097 4647 3244 4714 φωτί
3267 4662 3382 4699 σου
3411 4647 3677 4713 ὀψόμεθα

2099 4742 2242 4812 φῶς.
2273 4743 2369 4806 Τίς
2401 4741 2509 4813 γὰρ
2536 4737 2603 4812 ἦν
2639 4743 2672 4812 ἡ
2727 4739 2876 4808 παρὰ
2905 4739 2980 4808 τῷ
3025 4737 3145 4808 Θεῷ
3181 4737 3330 4808 πηγὴ
3363 4737 3461 4808 τῆς
3508 4738 3672 4808 ζωῆς,

2096 4831 2187 4882 καὶ
2215 4828 2278 4881 τὸ
2327 4830 2463 4898 φῶς,
2495 4830 2529 4900 ἢ
2568 4829 2729 4892 αὐτὸς
2761 4829 2790 4879 ὁ
2821 4830 2880 4881 ἐν
2912 4827 3261 4896 Εὑαγγελίοις
3308 4826 3496 4888 εἰπὼν,

2092 4919 2291 4986 εὶμιτὸ
2313 4919 2438 4988 φῶς
2481 4921 2588 4974 τοῦ
2635 4920 2898 4987 κόσμου’
2945 4919 3056 4971 καί’
3100 4917 3245 4988 Ἐγώ
3281 4920 3398 4988 εἶμι
3444 4920 3483 4985 ή
3529 4919 3672 4984 ’ὁδὸς

3448 5150 3492 5179 ’⁸
3523 5145 3662 5200 Psul.

2097 5433 2382 5494 correctio,
2418 5432 2638 5499 ἐτίμων.
2677 5429 2748 5482 Μ.

2165 5503 2279 5572 (45)
2307 5501 2469 5566 Vulgo
2500 5498 2597 5570 τῆς
2620 5503 2670 5571 ρ.
2702 5498 2886 5552 αὐτοῦ.

2165 5554 2276 5640 liti}
2329 5554 2850 5624 Ἔπαναὲἱὰύσεται
2875 5569 2969 5625 ἐπ’
2998 5567 3201 5640 αὐτόν.
3249 5563 3660 5640 Apud_Prup_hc-

2097 5634 2200 5696 tam
2257 5634 2471 5709 legitur,
2519 5641 2932 5693 ἀναπαύσεται
2985 5637 3075 5690 ἐπ’
3106 5635 3522 5709 aeroman—
3541 5634 3653 5687 Mox

2092 5712 2249 5779 vulgo
2279 5706 2434 5778 λογον
2461 5710 2592 5762 Θεὸν
2623 5722 2676 5764 ct
2703 5709 2892 5762 ἄλλοτε
2927 5709 2999 5780 es;
3018 5726 3106 5780 χρἸ
3139 5720 3186 5759 ει
3212 5706 3485 5780 suam»

2160 5776 2267 5850 (l7)
2298 5776 2461 5850 vulgo
2489 5781 2737 5849 ὠνόμασε
2769 5790 2818 5835 cl
2849 5781 2905 5832 ἐν
2935 5778 3010 5851 τῷ
3039 5776 3357 5846 Ἐὺαγγελξιμ
3391 5776 3573 5828 εἰπών.
