3970 6510
263 434 369 486 895

1224 430 1309 482 DE
1350 427 1885 483 ECCLESIASTICA
1938 428 2331 484 THEOLOGIA
2374 430 2501 485 LIB-
2540 429 2579 484 Ι.

3403 431 3511 484 894'

260 544 394 603 τοῦ.
425 537 516 608 οἷς
542 542 841 609 ἑθέλησεν
857 544 888 595 ὁ
909 541 1050 607 Θεδς
1085 542 1387 611 γνωρίσαι,
1422 541 1558 605 τίςό
1580 540 1841 606 πλοῦτος

1955 560 2068 612 guos
2111 541 2270 595 voluit
2328 541 2465 595 Deus
2520 557 2844 610 cognoscere,
2888 557 3130 611 quietiam
3171 544 3276 595 sint
3308 542 3510 595 divitiis

258 631 370 698 τῆς
387 632 571 700 δόξης
588 633 693 687 τοῦ
699 635 1033 702 μυστηρίου
1050 634 1262 687 τούτου
1278 633 1346 685 ἐν
1359 631 1483 696 τοῖς
1497 632 1757 691 ἔθνεσιν,
1776 630 1841 697 ὅς

255 726 391 776 ἐστι
410 724 662 793 Χριστὸς
673 725 743 777 ἐν
758 724 917 794 ὑμῖν,
937 726 973 792 ἡ
990 725 1165 789 ἐλπὶς
1176 723 1285 793 τῆς
1300 722 1503 789 δόξης.
1520 723 1682 792 Ὁρᾷς
1698 722 1843 785 ὅπως

261 816 564 886 μυστήριον
607 810 675 885 ἦν
731 816 1222 887 ἀποκεκρυμμένον
1288 814 1570 886 πρότερον,
1629 813 1745 865 νυν)⁵
1787 813 1843 865 δὲ

260 908 601 977 φανερωοὲν,
630 910 658 960 ὁ
693 908 817 970 Υἱὸς
843 908 935 962 τοῦ
966 907 1120 963 Θεοῦ,
1148 908 1346 978 Διόπερ
1376 907 1426 960 οἱ
1464 907 1559 976 μὲν
1592 904 1683 958 τοῦ
1708 904 1842 957 Θεοῦ

260 1001 539 1069 προφῆται
578 1000 653 1071 τῷ
696 1000 1016 1073 προφητικῷ
1061 1000 1333 1070 πνεύματι
1370 998 1642 1070 μυστικῶς
1684 996 1842 1050 αὑτὸν

259 1095 599 1163 ἑθεολόγουν.
642 1094 716 1148 Τὸ
747 1094 803 1148 δὲ
848 1094 1049 1165 πλῆθος
1095 1093 1190 1147 τοῦ
1234 1092 1499 1146 Ἰουδαίων
1550 1090 1734 1153 ἔθνους
1787 1092 1843 1142 ὲν

260 1188 459 1255 ἀγνοίᾳ
493 1187 757 1257 ἐτύγχανε
799 1185 891 1239 τοῦ
942 1185 1321 1257 κεκρυμμένου
1370 1183 1688 1255 μυστηρίων
1724 1181 1842 1235 ὅθεν

258 1278 395 1330 Θεὸν
440 1278 537 1347 μὲν
570 1279 876 1332 ὲδιδάσκετο
903 1279 998 1331 ἕνα
1040 1278 1259 1342 εἰδέναι,
1288 1276 1376 1331 διὰ
1401 1275 1459 1328 τὸ
1498 1278 1562 1346 τῇ
1597 1274 1844 1343 πολυθέῳ

260 1371 443 1443 πλάνῃ
477 1370 715 1439 συνεχῶς
752 1369 1147 1441 ὑποσύρεσθαιῤ
1205 1369 1424 1439 Πατέρα
1469 1368 1524 1420 δὲ
1573 1366 1701 1420 ὄντα
1752 1364 1843 1418 τὸν

257 1463 396 1517 Θεὸν
429 1462 555 1515 Υίοῦ
580 1462 674 1515 τοῦ
700 1461 1037 1530 Μονογενοῦς
1070 1462 1272 1531 ἠγνόει·
1298 1460 1455 1512 τοῦτο
1482 1458 1589 1529 γὰρ
1618 1457 1845 1525 ἐφυλάτ-

256 1572 385 1608 τετο
445 1558 509 1625 τῇ
589 1554 649 1618 ἐξ
676 1553 845 1607 ἐθνῶν
887 1551 1181 1623 Ἐκκλησία
1225 1550 1286 1603 τὸ
1343 1550 1661 1620 μυστήριον,
1723 1546 1842 1600 κατ’

257 1646 541 1718 ἐξαίρετον
597 1645 754 1716 χάριν
801 1646 936 1716 αὐτῇ
984 1644 1376 1715 δεδωρημένον.
1423 1642 1507 1694 Ἐν
1534 1639 1682 1710 αὺτῷ
1737 1640 1845 1709 γάρ

256 1736 390 1800 εἰσι,
423 1733 563 1786 κατά
605 1734 695 1788 τὸν
734 1733 1073 1797 Ἀπόστολον,
1105 1733 1305 1795 πάντες
1346 1732 1394 1782 οἱ
1438 1728 1699 1800 θησαυροὶ
1745 1732 1844 1799 τῆς

259 1827 459 1895 σοφίας
510 1826 607 1879 καὶ
634 1826 889 1894 γνώσεως
923 1827 1247 1896 ἀπόκρυφοι.
1292 1822 1449 1876 Ἀλλὰ
1485 1821 1593 1893 γὰρ
1642 1822 1730 1876 διὰ
1757 1840 1843 1874 το-

1944 636 2176 704 mysterii
2202 635 2354 687 istius
2385 636 2437 685 in
2462 635 2722 702 gentibus,
2754 633 2843 702 qui
2884 643 2958 687 est
2993 632 3237 687 Christus
3264 634 3316 684 in
3346 633 3507 693 vobis,

1942 744 2056 796 spes
2095 728 2278 796 gloriw
2301 726 2414 795 ejus
2444 725 2509 778 ⁸¹.
2550 724 2711 779 Vides
2757 736 2815 778 ut
2841 724 3214 779 absconditum
3257 725 3360 778 hoc
3387 738 3509 792 my-

1942 819 2165 876 sterium
2207 819 2385 872 fuerat
2418 819 2564 888 prius
2593 857 2611 884 ,
2644 832 2786 872 nunc
2821 825 2998 871 autem
3026 814 3324 871 revelatum
3360 833 3373 869 :
3417 814 3508 868 Fi-

1942 912 2045 965 lius
2082 911 2199 967 Dei.
2254 909 2591 978 Quapropter
2644 910 2920 977 prophetae
2972 908 3063 961 Dei
3117 907 3402 977 mysticum
3454 907 3507 958 in

1945 1005 2162 1073 modum
2223 1000 2542 1073 prophetico
2590 998 2797 1069 Spiritu
2845 1014 2969 1054 eum
3025 999 3385 1063 deiﬁcarunt;
3414 996 3511 1052 Ju-

1940 1098 2182 1152 dteorum
2228 1085 2408 1149 autem
2430 1093 2607 1148 omnis
2634 1090 2927 1147 multitudo
2948 1091 3001 1145 in
3026 1091 3324 1161 ignorantia
3353 1090 3508 1144 istius

1944 1187 2189 1260 mysterii
2240 1186 2627 1258 persistebant.
2689 1184 2858 1239 Deum
2896 1182 3111 1252 quidem
3142 1197 3308 1235 unum
3339 1196 3508 1251 agno-

1942 1296 2093 1335 scere.
2122 1279 2322 1344 edocti,
2344 1293 2409 1333 eo
2440 1276 2583 1345 quod
2642 1274 2695 1329 in
2734 1288 2953 1329 errores
2984 1273 3050 1327 de
3088 1274 3308 1325 deorum
3367 1271 3509 1325 mul-

1946 1370 2175 1424 titudine
2204 1369 2398 1436 saepius
2422 1364 2913 1421 abstrahebantur:
2943 1361 3160 1416 Patrem
3189 1376 3316 1415 vero
3340 1362 3509 1414 Deum

1942 1458 2202 1529 unigeniti
2234 1458 2317 1512 sui
2343 1455 2461 1510 Filii
2495 1456 2841 1524 ignorabant.
2890 1453 3026 1508 Nam
3067 1453 3171 1508 hoc
3220 1452 3286 1506 de
3332 1453 3510 1520 genti-

1945 1550 2048 1605 bus
2094 1549 2355 1604 Ecclesiaz
2400 1547 2783 1601 reservabatur
2831 1544 3151 1615 mysterium
3180 1581 3195 1605 ,
3254 1552 3507 1610 tanquam

1947 1638 2127 1710 gratia
2163 1637 2409 1707 quaedam
2442 1634 2740 1697 excellens,
2766 1633 2867 1702 ipsi
2900 1631 3281 1702 impertienda.
3335 1637 3395 1693 at
3451 1628 3506 1682 In

1947 1732 2063 1799 ipso
2092 1728 2236 1784 enim
2271 1735 2419 1794 sunt,
2456 1727 2599 1796 quod
2616 1724 2906 1795 Apostolus
2934 1724 3189 1779 observat
3216 1721 3287 1786 ι’,
3320 1733 3511 1774 omnes

1950 1823 2190 1877 thesauri
2216 1818 2518 1875 absconditi
2540 1816 2889 1884 cognitionis.
2950 1813 3237 1867 Enimvero
3274 1820 3352 1863 tot
3397 1810 3511 1876 jam

260 1889 470 1971 σοῦ-ξων
491 1921 518 1971 ὁ
542 1889 800 1971 τοῦ-Θεοῦ
851 1918 1040 1985 Λόγος,
1134 1889 1190 1969 έν
1219 1918 1361 1987 ἀρχῇ
1401 1916 1537 1989 πρὸς
1562 1889 1667 1968 -τὸν
1689 1914 1842 1977 Θεὸν,

1955 1914 2296 1978 testimoniis,
2328 1911 2422 1966 Dei
2452 1909 2582 1965 illud
2623 1908 2857 1962 Verbum
2883 1904 3025 1975 quod
3080 1904 3133 1956 in
3186 1902 3340 1957 initio
3391 1908 3517 1954 erat

256 2009 321 2061 οὐ
378 2009 537 2078 μόνον
582 1994 751 2074 Λόγος
799 2005 1154 2075 κεκλημένος,
1192 2006 1267 2067 ὡς
1300 2004 1618 2081 Μάρκελλος
1649 2002 1842 2065 οἴεται,

256 2097 575 2168 ἀπεδείχθη,
613 2097 749 2150 ἀλλά
782 2097 874 2150 καὶ
906 2096 1051 2159 Υἱὸς,
1085 2098 1177 2149 καὶ
1204 2096 1535 2167 Μονογενὴς,
1569 2095 1661 2147 καὶ
1708 2093 1848 2162 φῶς,

257 2190 356 2241 καὶ
391 2191 573 2258 ἄρτος,
605 2186 943 2258 καὶίησοῦς,
971 2187 1065 2239 καὶ
1092 2187 1344 2254 Χριστὸς,
1375 2187 1470 2239 καὶ
1498 2185 1721 2257 Κύριος,
1753 2180 1847 2238 καὶ

256 2282 571 2351 ἀρχιερεὺς,
597 2282 690 2333 καὶ
713 2279 1072 2351 ἀπαύγασμα,
1097 2279 1191 2333 καὶ
1212 2280 1521 2351 χαρακτὴρ,
1545 2278 1639 2332 καὶ⁹
1662 2276 1844 2339 εἰκὼν,

256 2374 356 2425 καὶ
385 2371 734 2440 Πρωτότοκος
776 2373 954 2444 πάσης
987 2373 1237 2437 κτίσεως,
1268 2371 1363 2425 καὶ
1396 2372 1546 2444 πηγὴ
1567 2371 1729 2443 ζωῆς,
1754 2372 1849 2425 καὶ

259 2463 515 2533 ἀλήθεια,
546 2465 638 2515 καὶ
666 2464 928 2534 ποταμὸς,
977 2465 1072 2518 καὶ
1104 2464 1437 2535 δικαιοσύνη,
1474 2464 1569 2517 καὶ
1595 2465 1743 2534 ἥλιος
1773 2464 1850 2517 δι-

259 2554 581 2625 καιοσύνης,
631 2556 724 2607 καὶ
766 2555 949 2624 σοφία,
980 2556 1075 2609 καὶ
1105 2556 1259 2622 ξύλον
1301 2556 1463 2625 ζωῆς,
1499 2555 1592 2609 καὶ
1625 2555 1847 2624 Κύριος,

260 2648 359 2699 καὶ
388 2645 541 2708 Θεὸς,
578 2646 672 2699 καὶ
722 2646 1049 2717 ’Λγαπητὸς,
1087 2646 1179 2697 καὶ
1214 2647 1409 2716 ἱερεὺς,
1455 2645 1552 2698 καὶ
1590 2643 1847 2717 βραχίων,

261 2736 381 2806 (55)
429 2737 524 2789 καὶ
565 2738 846 2808 σωτήριον,
888 2739 981 2790 καὶ
1011 2737 1187 2791 πάντα
1219 2736 1411 2799 ταῦτα,
1482 2734 1556 2788 ὢν
1585 2736 1677 2789 καὶ
1720 2750 1853 2807 προ-

261 2832 532 2901 ῦπάρχων
563 2830 664 2898 τῆς
687 2830 908 2900 σαρκὸς,
930 2830 1257 2901 ὠνομάζετο
1289 2830 1363 2893 ὡς
1379 2831 1434 2882 αἱ
1465 2829 1852 2900 παρατεθεῖσαι

262 2924 484 2995 Γραφαὶ
528 2923 881 2991 δεδηλώκασι.
931 2923 1049 2975 Τίνι
1073 2921 1253 2974 τοίνυν
1280 2921 1446 2991 λόγῳ,
1470 2921 1642 2973 ταῦτα
1673 2920 1855 2974 πάντα

262 3019 468 3087 παρεὶς
500 3014 836 3085 Μάρκελλος,
861 3016 951 3067 ἐπὶ
987 3014 1146 3084 μόνου
1181 3012 1274 3066 τοῦ
1302 3014 1476 3081 Λόγου
1501 3013 1741 3077 ἵσταται;
1789 3012 1852 3064 οὐ

262 3104 557 3157 διαϐαίνων
594 3104 693 3173 μὲν
724 3104 818 3155 καὶ
858 3103 953 3155 ἐπὶ
985 3100 1083 3165 τὰς
1110 3102 1301 3166 λοιπὰς
1326 3102 1662 3173 ἐπωνυμίας,
1694 3102 1854 3172 μόνον

262 3197 322 3249 δὲ
377 3196 552 3264 Λόγον
598 3196 759 3249 αὐτὸν
812 3191 950 3247 εἶναι
988 3195 1211 3264 φάσκων
1245 3194 1338 3247 τοῦ
1367 3193 1521 3247 Θεοῦ·
1554 3195 1645 3247 καὶ
1696 3194 1852 3262 λόγον
1879 3232 1920 3289 c

269 3288 630 3359 σημαντικὸν,
678 3288 805 3340 ποτὲ
841 3286 941 3357 μὲν
970 3285 1306 3357 ἡσυχάζοντα
1343 3288 1398 3339 ὲν
1424 3284 1498 3357 τῷ
1531 3286 1670 3357 Θεῷ,
1724 3287 1854 3339 ποτὲ

266 3380 325 3433 δὲ
357 3379 609 3449 ἐνεργείᾳ
656 3379 791 3451 μόνῃ
826 3378 1087 3432 λαλοῦντα
1127 3379 1160 3449 ἢ
1198 3379 1536 3449 πράττοντας
1570 3373 1646 3430 ’Ἦ
1667 3377 1754 3430 διὰ
1793 3376 1855 3430 τὸ

268 3470 651 3534 Σαδελλιάζειν
684 3472 964 3543 ἄντικρυς,
996 3472 1089 3525 καὶ
1114 3472 1187 3542 μὴ
1218 3472 1490 3526 πιστεύειν
1520 3474 1597 3535 εἰς
1623 3473 1713 3525 τὸν
1728 3472 1856 3525 Υἱὸν

266 3563 365 3617 τοῦ
390 3562 546 3627 Θεοῦ,
585 3563 718 3633 μηδὲ
740 3563 1022 3634 γνωρίζειν
1056 3564 1115 3616 τὸ
1145 3565 1439 3633 μυστήριον
1476 3563 1537 3615 τὸ
1572 3563 1857 3634 προϋπάρ-

270 3674 368 3726 γον
401 3656 500 3727 μὲν
536 3655 723 3719 πάλαι,
786 3655 922 3725 μόνῃ
960 3654 1015 3708 δὲ
1067 3657 1132 3723 τῇ
1168 3655 1462 3725 Ἐκκλησία
1498 3653 1592 3707 τοῦ
1622 3653 1854 3725 Χριστοῦ

274 3749 365 3801 id
417 3749 516 3818 τῆς
569 3748 733 3802 αὑτοῦ
767 3746 1078 3819 φανερωθὲν
1111 3747 1349 3816 χάριτος.
1394 3749 1458 3799 Ei
1490 3747 1545 3799 δὲ
1583 3746 1725 3813 λέγοι
1760 3765 1860 3817 μυ-

279 3843 497 3912 στήριον
551 3836 689 3894 εἶναι
740 3839 1115 3909 ἀγνοούμενον,
1167 3838 1227 3890 τὸ
1407 3837 1576 3906 Λόγον
1625 3835 1766 3906 ἔχειν
1802 3840 1859 3890 ὲν

278 3933 457 4004 ἑαυτῷ
485 3933 574 3987 τὸν
599 3933 752 3994 Θεὸν,
780 3931 1077 4003 κεχρῆσθαι
1095 3930 1256 4001 λόγῳ,
1273 3930 1428 3983 τοῦτο
1454 3928 1560 4000 γὰρ
1578 3929 1725 3999 αὐτῷ
1740 3930 1861 3982 Μα-

280 4026 495 4097 ρκέλλῳ
526 4025 674 4078 δοκεῖ
696 4025 831 4092 (57),
878 4021 1065 4075 τοῦτον
1089 4022 1349 4093 γράφοντι
1375 4020 1464 4073 τὸν
1485 4020 1703 4091 τρόπον*
1740 4038 1757 4071 ι
1794 4020 1859 4071 Τί

284 4137 306 4168 ε
344 4117 452 4188 γὰρ
482 4117 668 4187 ἕτερον
715 4112 783 4187 ἦν
825 4114 1313 4184 ἀποκεκρυμμένον
1351 4115 1679 4185 μυστήριον,
1722 4114 1860 4166 κατὰ

285 4229 307 4259 ‹
339 4209 430 4261 τὸν
457 4208 625 4277 Λόγον
647 4226 662 4273 ;
689 4208 862 4270 οὕτως
888 4207 943 4259 δὲ
970 4203 1039 4277 ἦν
1064 4205 1554 4275 ἀποκεκρυμμένον
1579 4206 1635 4258 ὲν
1649 4204 1725 4275 τῷ
1744 4204 1862 4274 Θεῷ

287 4318 307 4349 ι
341 4298 497 4351 τοῦτο
550 4297 814 4369 πρότερον
867 4296 927 4349 τὸ
965 4296 1283 4367 μυστήριον,
1325 4293 1465 4347 ὥστε
1509 4294 1712 4365 μηδένα
1765 4292 1859 4346 τοῦ

288 4410 307 4441 ο
344 4389 607 4461 προτέρου
628 4388 758 4441 λαοῦ
800 4387 983 4456 σαφῶς
1008 4387 1077 4440 τὰ
1093 4387 1233 4441 κατὰ
1260 4385 1348 4438 τὸν
1374 4385 1543 4453 Λόγον
1576 4384 1791 4438 είδέναισ
1838 4403 1861 4435 ι

285 4485 334 4536 εἰ
358 4482 422 4553 δὴ
443 4478 534 4535 οὖν
562 4481 719 4534 τοῦτο
754 4480 923 4547 λέγοι,
963 4477 1299 4549 μανθανέτω,
1344 4478 1424 4529 ὅτι
1454 4476 1548 4530 καὶ
1579 4476 1686 4537 πᾶς
1730 4475 1861 4527 Ἰου-

1945 2001 2087 2070 apud
2115 2000 2308 2061 Deum,
2335 2015 2441 2054 non
2483 1997 2643 2052 modo
2687 1996 2826 2064 quod
2882 1992 3165 2047 Marcellus
3216 1991 3513 2063 Opittatur,

1948 2094 2180 2148 Verbum
2200 2092 2404 2147 dictum
2428 2099 2533 2153 est,
2569 2092 2662 2145 sed
2694 2098 2749 2142 et
2773 2087 2960 2151 Filius,
2995 2095 3048 2140 et
3083 2083 3424 2153 Unigenitus.
3457 2090 3515 2135 et

1947 2187 2059 2251 lux,
2079 2196 2133 2240 et
2161 2184 2336 2255 panis,
2366 2192 2421 2239 et
2450 2181 2629 2246 Jesus,
2656 2191 2712 2236 et
2734 2180 3003 2243 Christus,
3036 2186 3091 2231 et
3129 2173 3410 2235 Dominus,
3459 2181 3514 2224 et

1946 2278 2212 2341 Pontifex,
2262 2286 2315 2331 ct
2352 2276 2628 2344 splendor,
2657 2282 2709 2327 et
2752 2272 3057 2332 character,
3104 2276 3160 2321 et
3208 2266 3409 2335 imago,
3460 2273 3518 2316 et

1948 2369 2348 2439 Primogenitus
2390 2366 2566 2421 omnis
2604 2373 2903 2419 creaturae:
2944 2370 2999 2415 et
3030 2358 3152 2413 fons
3175 2358 3320 2421 vitae,
3354 2364 3405 2410 et
3432 2370 3517 2408 ve-

1949 2464 2101 2524 ritas,
2126 2462 2421 2526 ettlumen,
2464 2469 2520 2513 et
2547 2458 2783 2527 iustitia,
2815 2465 2870 2510 et
2920 2453 3001 2511 sol
3053 2452 3297 2521 justitize,
3337 2460 3393 2503 et
3435 2462 3519 2502 sa-

1950 2556 2174 2625 pientia,
2199 2564 2254 2609 et
2279 2554 2485 2622 lignum
2509 2552 2654 2617 vitae,
2688 2560 2744 2604 et
2773 2547 3052 2613 Dominus,
3080 2554 3137 2602 et
3174 2545 3336 2603 Deus,
3360 2548 3415 2595 et
3438 2539 3519 2592 di-

1949 2645 2141 2708 lectus,
2172 2654 2227 2697 et
2255 2642 2542 2703 Sacerdos,
2579 2649 2635 2693 et
2674 2638 2980 2701 brachium,
3012 2644 3067 2690 et
3115 2633 3355 2688 salutare
3395 2652 3407 2684 :
3463 2638 3519 2684 et

1950 2735 2100 2791 hisce
2129 2734 2347 2802 quidem
2373 2730 2624 2785 omnibus
2640 2726 3013 2798 appellabatur
3039 2723 3369 2786 nominibus,
3395 2735 3515 2772 cum

1950 2828 2261 2891 exsisteret,
2282 2834 2333 2879 et
2369 2822 2767 2895 praeexsisteret
2799 2828 2924 2872 ante
2955 2830 3175 2871 carnem
3204 2820 3471 2879 sumptam
3498 2823 3515 2864 :

1951 2929 2010 2973 ut
2031 2934 2061 2973 e
2081 2918 2305 2987 prolatis
2327 2917 2415 2971 hic
2449 2913 2751 2983 Scripturis
2778 2920 3055 2965 ostensum
3085 2914 3188 2963 est.
3224 2904 3354 2970 Qum
3376 2902 3518 2955 ratio

1952 3008 2262 3063 Marcellum
2292 3005 2385 3060 hic
2416 3003 2727 3067 commovit,
2759 3010 2816 3053 ut
2841 3000 2957 3053 istis
3000 2995 3270 3051 universis
3294 2999 3517 3061 praeter-

1953 3101 2158 3162 missis,
2186 3098 2239 3153 in
2270 3097 2385 3151 solo
2408 3096 2584 3151 Verbo
2616 3089 2915 3147 resideret?
2953 3088 3135 3156 Neque
3159 3084 3305 3139 enim
3341 3094 3520 3135 trans-

1956 3194 2055 3246 ivit
2080 3192 2147 3244 ad
2200 3197 2428 3245 caeteras
2478 3183 2938 3247 nomenclaturas,
2973 3175 3311 3234 solummodo
3369 3171 3516 3223 illum

1957 3284 2049 3338 Dei
2084 3282 2317 3338 Verbum
2345 3295 2464 3336 esse
2492 3277 2718 3342 statuit;
2753 3284 2808 3328 et
2840 3273 3066 3327 verbum
3093 3266 3311 3337 quidem
3348 3262 3521 3331 signi-

1956 3374 2254 3436 ﬁcativum,
2284 3370 2554 3424 interdum
2584 3368 2637 3422 in
2662 3367 2769 3420 Deo
2799 3361 3215 3430 conquiescens,
3250 3353 3520 3410 interdum

1954 3483 2013 3521 re
2042 3475 2096 3520 et
2131 3479 2228 3520 ore
2255 3463 2549 3533 prolatum,
2576 3457 2661 3512 vel
2696 3456 2861 3511 etiam
2904 3467 3156 3522 operans.
3186 3447 3346 3503 Certe
3390 3460 3522 3514 pro-

1954 3568 2134 3626 pterea
2166 3554 2308 3625 quod
2339 3551 2808 3610 Sabellianizaret,
2846 3559 2947 3597 nec
2967 3544 3021 3596 in
3051 3540 3141 3594 Dei
3172 3538 3364 3592 Filium
3400 3550 3523 3590 cre-

1954 3647 2130 3709 deret,
2180 3658 2279 3698 nec
2307 3648 2625 3712 agnosceret
2656 3636 2972 3708 mysterium
3026 3630 3176 3693 illud,
3211 3627 3353 3698 quod
3410 3626 3525 3696 qui-

1956 3739 2076 3793 dem
2106 3734 2516 3806 praaexsistebat
2548 3731 2673 3787 olim
2727 3744 2740 3783 :
2802 3736 2856 3781 at
2890 3725 2987 3780 soli
3019 3722 3220 3777 Christi
3273 3717 3526 3773 Ecclesia:

1956 3846 2051 3900 per
2086 3829 2255 3897 ipsius
2284 3825 2509 3895 gratiam
2545 3821 2843 3876 revelatum
2870 3826 2971 3871 est.
2999 3814 3149 3881 Quod
3175 3812 3219 3866 si
3243 3811 3385 3865 dicat
3413 3823 3527 3879 my-

1957 3921 2184 3975 sterium
2211 3917 2341 3972 illud
2368 3917 2700 3984 incognitum
2736 3926 2879 3976 esse,
2914 3910 3077 3962 Deum
3110 3920 3231 3959 cum
3254 3904 3307 3956 in
3336 3916 3394 3955 se
3424 3901 3525 3953 ha-

1959 4012 2112 4066 beret
2145 4010 2409 4071 Verbum,
2440 4005 2604 4059 verbo
2637 4002 2726 4057 illo
2760 4016 2939 4064 usum,
2967 3998 3069 4051 hoc
3092 3994 3357 4063 siquidem
3385 3989 3527 4042 Mar-

1959 4103 2097 4157 cello
2126 4101 2339 4153 videtur
2382 4100 2456 4152 ita
2508 4110 2648 4157 esse,
2681 4108 2802 4148 cum
2832 4092 2911 4145 sic
2943 4087 3223 4157 scripserit
3255 4103 3269 4139 :
3311 4102 3329 4134 ‹
3388 4081 3527 4148 Quid

1966 4212 1987 4246 ι
2022 4192 2166 4245 aliud
2198 4190 2377 4243 fuerat
2407 4186 2722 4258 mysterium
2762 4182 2896 4237 illud
2937 4176 3337 4237 absconditum,
3362 4187 3525 4241 quam

1968 4303 1989 4337 ι
2017 4279 2305 4337 Verbum?
2332 4278 2409 4331 lla
2443 4285 2622 4330 autem
2650 4276 2702 4328 in
2726 4274 2833 4327 Deo
2850 4271 3000 4334 olim,
3024 4278 3145 4324 erat
3168 4268 3268 4321 hoc
3297 4266 3527 4318 abscon-

1966 4393 1988 4427 ι
2019 4374 2189 4427 ditum
2240 4368 2582 4440 mysterium;
2628 4374 2687 4419 ut
2736 4377 2891 4417 nemo
2922 4360 3061 4430 apud
3107 4356 3346 4427 priorem
3376 4352 3524 4405 illum

1969 4485 1989 4520 ‹
2020 4463 2276 4535 populum
2312 4459 2641 4528 intelligeret
2703 4455 2867 4518 clare,
2918 4466 3040 4521 quae
3090 4446 3406 4516 spectabant
3461 4444 3525 4535 ad

288 4532 709 4553 νην-πρέ
829 4532 975 4549 .,,
1286 4532 1298 4541 ,
1667 4532 1681 4537 -

281 4575 449 4628 δαίων
490 4574 598 4625 τῶν
647 4572 737 4625 τὸν
785 4571 1017 4642 Χριστὸν
1056 4568 1149 4622 τοῦ
1186 4568 1318 4621 Θεοῦ
1368 4568 1443 4639 μὴ
1476 4567 1853 4635 ὲπεγνωκότωι

1973 4575 1993 4610 ι
2027 4532 2289 4609 Verbum.
2323 4570 2343 4603 ι
2379 4549 2435 4603 Si
2466 4553 2567 4602 hoc
2595 4544 2856 4615 posuerit,
2891 4542 3066 4596 discat
3108 4544 3339 4608 Oportet,
3387 4532 3528 4603 quod

281 4667 667 4737 ὁμολογήσειεν
708 4662 773 4717 ἂν
807 4663 896 4716 τὸν
948 4662 1117 4729 Λόγον
1171 4660 1313 4729 ἔχειν
1356 4660 1447 4712 τὸν
1490 4657 1644 4724 Θεὸν,
1667 4658 1760 4711 καὶ
1791 4658 1863 4728 μὴ

284 4758 427 4815 εἶναι
454 4759 664 4827 ἄλογον.
685 4756 854 4811 Τοῦτο
891 4756 947 4808 δὲ
978 4755 1072 4808 καὶ
1097 4752 1383 4815 Σαϐέλλιος
1411 4751 1591 4815 αὐτὸς,
1634 4751 1727 4804 καὶ
1758 4754 1865 4813 πᾶς

286 4851 494 4921 Ἕλλην
538 4867 598 4902 τε
630 4849 724 4902 καὶ
765 4846 1057 4918 βάρϐαρος,
1093 4845 1121 4897 ὀ
1149 4844 1279 4897 Θεὸν
1312 4838 1450 4895 εἶναι
1477 4842 1863 4912 ὑφιστάμενος,

286 4941 705 5012 ἀναμφιλέκτως
728 4942 967 5009 φήσειεν·
997 4939 1149 5007 ξ’Λμα
1176 4934 1285 5006 γὰρ
1304 4934 1381 5005 τῷ
1404 4934 1532 4987 Θεὸν
1563 4935 1754 4996 εἰπεῖν,
1772 4934 1867 4985 καὶ

289 5034 453 5102 σοφὸν
487 5033 649 5085 αὐτὸν
678 5034 807 5095 νοεῖ,
856 5029 949 5083 καὶ
981 5027 1216 5096 λογικὸν,
1251 5026 1343 5078 καὶ
1388 5025 1631 5089 δυνατὸν,
1664 5023 1758 5076 καὶ
1788 5023 1867 5076 δί-

290 5142 468 5188 καιον,
499 5125 594 5177 καὶ
636 5121 860 5192 ἀγαθόν.
898 5123 1055 5174 Ποῖον
1089 5116 1181 5174 οῦν
1224 5121 1520 5189 μυστήριον
1548 5114 1616 5189 ἦν
1663 5119 1864 5171 ἀποκε-

288 5217 606 5288 κρυμμένον
632 5216 693 5268 τὸ
739 5216 852 5277 τοῖς
905 5215 1070 5267 πᾶσιν
1123 5211 1577 5282 ὁμολογούμενον;
1618 5209 1713 5273 Τίς
1761 5209 1870 5281 γὰρ

288 5308 392 5360 οὐκ
439 5306 506 5357 ἂν
562 5304 706 5357 εἴποι
761 5306 817 5355 ἐν
863 5302 941 5373 τῷ
996 5301 1115 5371 Θεῷ
1166 5299 1357 5370 σοφίαν
1412 5296 1569 5363 εἶναι,
1629 5299 1722 5351 καὶ
1777 5298 1870 5350 δύ-

404 5466 462 5523 vis
501 5460 597 5512 Ed.
635 5459 801 5513 Paris.
839 5476 959 5520 patr.
1001 5456 1123 5510 100.

402 5533 442 5563 ⁵¹
468 5531 682 5585 Coloss.
721 5547 758 5596 ι,
789 5529 976 5611 Ξᾷ-Ἦ.
1054 5529 1098 5558 ⁸²
1130 5526 1339 5581 Coloss.
1381 5541 1443 5589 ιι,
1494 5524 1547 5575 3.

507 5645 601 5731 ξξρ.
640 5641 1069 5731 καὶ-δικαιοσύνη
1093 5641 1250 5731 codd.

374 5717 484 5782 (56)
519 5712 622 5767 Τόν
661 5718 817 5780 vulgo
840 5724 1027 5782 contra
1046 5712 1168 5782 cod.

374 5774 483 5855 (57}
513 5774 844 5855 Μαρκέλλῳ
869 5781 1050 5855 δοκεῖ.
1075 5778 1514 5855 Βεςιίιιειέδοκει,
1545 5778 1749 5855 statim,
1787 5774 1867 5826 ιςε-

299 5848 530 5927 gendum
563 5848 775 5923 opinor,
806 5854 841 5923 ἢ
873 5852 932 5907 τὸ
966 5850 1106 5906 κατὰ
1132 5850 1218 5904 τὸν
1248 5849 1425 5917 λόγον,
1466 5865 1605 5909 utut,
1637 5848 1866 5915 ἀναμφι-

1968 4649 2274 4705 Ιυάξιιοτυηι
2299 4643 2543 4714 quilibet,
2572 4640 2662 4709 qui
2691 4638 2967 4695 Christum
2994 4632 3085 4688 Dei
3122 4646 3227 4684 non
3249 4634 3529 4698 agnoscat,

1968 4742 2204 4797 Verbum
2237 4747 2416 4792 tamen
2461 4732 2662 4787 habere
2711 4729 2879 4783 Deum
2924 4723 3274 4780 conﬁtebitur
3306 4756 3320 4780 ,
3362 4732 3535 4785 neque

1969 4849 2086 4890 esse
2134 4832 2282 4886 illum
2339 4827 2579 4897 alogum.
2614 4823 2728 4878 Hoc
2794 4822 3025 4891 ipsemet
3079 4814 3389 4870 Sabellius:
3430 4809 3536 4862 boc

1968 4925 2220 4979 ethnicus
2248 4918 2426 4989 quivis
2461 4917 2718 4971 fatebitur
2747 4932 2761 4967 :
2809 4912 2910 4966 hoc
2936 4908 3221 4967 barbarus,
3245 4903 3335 4971 qui
3368 4902 3533 4953 Deum

1971 5019 2237 5087 agnoscit,
2264 5016 2380 5069 sine
2400 5012 2652 5083 scrupulo
2684 5007 3049 5063 conﬁtebitur.
3106 5002 3239 5055 Nam
3272 5000 3371 5051 hoc
3419 4997 3537 5063 ipso

1973 5110 2113 5180 quod
2155 5109 2319 5162 Deum
2346 5103 2726 5164 conﬁteantur,
2763 5098 3059 5167 sapientem
3088 5089 3412 5155 intelligunt,
3446 5098 3535 5134 ra-

1977 5175 2249 5261 tionalem,
2274 5205 2567 5267 potentem,
2594 5192 2798 5260 justum
2828 5228 2843 5253 ,
2891 5189 3112 5241 bonum.
3159 5180 3223 5234 Et
3268 5175 3535 5245 quodnam

1981 5302 2090 5345 tum
2128 5288 2441 5358 mysterium
2498 5287 2599 5339 hoc
2652 5280 2923 5336 occultum
2971 5276 3169 5335 fuerat,
3225 5267 3368 5338 quod
3419 5272 3540 5318 erat

1974 5636 2168 5696 λέκτῳ,
2206 5645 2257 5685 ct
2298 5632 2431 5685 Θεὸν
2466 5630 2655 5684 εἰπεῖν.
2694 5639 2795 5696 non
2821 5621 2966 5696 Θεῷ.
2993 5619 3135 5674 M.—-
3160 5617 3276 5696 φοι(
3313 5613 3548 5696 vulgo-im

1974 5680 2352 5775 ἀμφιλέκτως,
2418 5701 2521 5771 ΜΡ.
2568 5680 2979 5765 ἀναμφιλέκτως
3035 5703 3089 5746 ct
3136 5689 3194 5742 τὸ
3247 5686 3360 5757 Θεῷ
3391 5680 3545 5755 ,Mp.

1974 5777 2123 5829 Θεὸν.
