3970 6544
437 458 542 515 883

1112 455 1379 511 EUSEBII
1420 455 1891 512 CASSARIENSIS
1928 458 2076 513 OPP.
2115 458 2296 514 PARS
2333 458 2423 512 ιν.
2460 490 2529 499 —
2570 459 2968 515 DOGMATICA

3575 464 3685 518 896

437 577 579 647 apud
611 589 797 629 omnes
820 574 871 627 in
900 573 1147 628 confesso
1180 573 1412 642 positum
1437 574 1461 627 ?
1507 573 1639 640 Quis
1666 590 1773 628 non
1800 574 1998 629 dixerit

2105 593 2281 645 ναμιν,
2344 576 2436 628 καὶ
2486 574 2649 645 ζωὴν,
2694 576 2787 627 καὶ
2830 575 2965 642 φῶς,
3006 577 3098 628 καὶ
3144 576 3416 647 ἀλήθειαν,
3463 579 3558 631 καὶ
3602 578 3682 631 διο

439 672 491 723 in
526 669 633 721 Deo
681 664 1002 734 sapientiam
1033 681 1175 728 esse.
1200 676 1251 721 et
1288 668 1606 737 potentiam,
1635 678 1690 720 et
1730 669 1918 735 vitam,
1949 678 2003 721 et

436 758 635 819 lucem,
670 764 726 810 et
754 755 1059 820 veritatem,
1094 763 1147 809 et
1170 756 1461 826 justitiam,
1499 764 1551 810 et
1606 757 1894 821 rationem,
1950 767 2004 812 et

434 847 694 917 quidquid
725 848 922 900 bonum
954 855 1008 901 et
1035 846 1320 901 honestum
1352 846 1476 900 est?
1502 846 1639 913 Quin
1675 847 1853 916 potius
1880 864 2002 901 cum

433 953 574 1003 esse,
625 939 807 993 omnia
849 939 949 993 ista
984 956 999 992 :
1031 948 1125 993 aut
1153 939 1197 994 si
1232 946 1291 1004 >14
1334 939 1462 1009 quid
1506 941 1590 994 his
1630 942 1896 1009 superius,
1951 949 2006 994 et

435 1028 628 1083 melius
652 1029 945 1095 exstiterit,
980 1031 1123 1099 quod
1149 1029 1303 1084 nobis
1358 1030 1430 1084 sit
1485 1029 1836 1099 incognitum.
1882 1028 2005 1085 Haec

435 1132 649 1185 natura,
687 1136 715 1173 a
742 1121 916 1190 seipsa
939 1122 1129 1177 edocta
1165 1122 1310 1191 cogit
1338 1135 1774 1191 unumquemque
1799 1123 1864 1178 de
1895 1125 2005 1180 Deo

437 1214 698 1282 protiteri.
723 1213 875 1270 Uude
901 1224 957 1269 et
987 1216 1052 1269 de
1079 1214 1215 1269 Filio
1246 1214 1423 1269 edocti
1450 1229 1638 1269 sumus
1694 1217 1811 1271 haac
1837 1218 2002 1271 etiam

434 1301 673 1370 singula,
699 1302 1036 1372 unigenitum
1093 1303 1243 1358 illum
1284 1317 1424 1372 esse,
1454 1303 1673 1370 Filium,
1730 1308 2003 1362 hazredem

436 1396 615 1452 Patris
648 1397 756 1461 sui,
782 1398 962 1452 omnia
990 1401 1355 1469 possidentem
1392 1415 1512 1468 qua:
1539 1401 1774 1470 possidet
1822 1402 2002 1460 Pater.

442 1487 594 1542 Unde
625 1488 824 1543 dicitur
872 1489 1056 1553 fuisse,
1106 1490 1363 1558 informa
1396 1490 1511 1554 Dei,
1580 1501 1635 1547 et
1688 1493 1858 1562 imago
1885 1493 2001 1557 Dei,

430 1575 583 1644 juxta
602 1577 839 1632 divinum
859 1580 1193 1648 Apostolum,
1220 1581 1310 1633 ubi
1342 1582 1417 1634 ait
1444 1600 1459 1636 :
1496 1582 1599 1647 Qui
1624 1584 1811 1636 cumin
1832 1584 2004 1651 [arma

438 1669 534 1721 Dei
561 1680 713 1733 esset,
747 1688 847 1725 non
877 1682 949 1725 est
972 1675 1262 1727 arbitratus
1299 1676 1559 1744 rapinam,
1591 1693 1702 1729 esse
1740 1693 1797 1730 se
1823 1693 2005 1744 a'qua-

435 1761 534 1814 lem
557 1760 663 1815 Deo
699 1762 765 1816 ⁸³.
794 1762 858 1816 Et
886 1777 1073 1819 rursus
1105 1783 1120 1820 :
1165 1765 1271 1831 Qui
1298 1777 1372 1820 est
1396 1769 1567 1837 imago
1595 1768 1694 1821 Dei
1735 1769 1804 1823 ⁸⁵.
1861 1770 2005 1835 Quo-

435 1853 579 1906 circa
608 1855 749 1923 quod
780 1854 922 1910 Deus
947 1866 1066 1910 erat
1117 1857 1342 1924 logicus,
1386 1874 1491 1913 non
1530 1861 1627 1914 fuit
1668 1860 1763 1915 hoc
1810 1871 2004 1932 myste-

436 1941 597 2005 rium,
629 1943 771 2010 quod
800 1961 832 1995 a
861 1944 1053 1998 sarculo
1076 1944 1439 2001 absconditum
1478 1949 1675 2016 fuerat,
1714 1962 1762 2004 et
1790 1970 1821 2005 a
1853 1969 2001 2022 gene-

436 2033 749 2087 rationibus.
782 2032 965 2104 Neque
1022 2035 1151 2089 illutl
1207 2053 1349 2091 nunc
1403 2042 1699 2095 revelatum
1755 2042 1952 2099 dicitur
1986 2086 2001 2110 ,

433 2125 575 2192 quod
600 2125 824 2195 singulis
855 2128 1184 2191 hominibus,
1210 2143 1306 2196 per
1332 2131 1579 2186 notiones
1609 2134 1881 2190 naturales
1912 2151 2004 2191 co-

434 2214 799 2282 guitissintum
822 2228 928 2271 est.
964 2218 1119 2284 Quod
1157 2222 1200 2274 si
1250 2222 1550 2291 interroget
1584 2224 1871 2294 quispiam,
1936 2226 2001 2279 il-

434 2307 525 2360 lud
575 2308 858 2375 qualenam
916 2311 1069 2363 erat?
1102 2314 1388 2380 respondet
1430 2315 1739 2384 Apostolus,
1775 2317 1863 2371 ubi
1906 2318 2003 2380 ait,

434 2400 500 2452 At
529 2415 665 2452 nunc
686 2400 740 2453 in
772 2402 966 2455 sanctis
996 2404 1384 2471 manifestatum
1407 2416 1482 2460 est
1515 2407 1604 2472 δν,
1631 2408 1697 2462 iis
1726 2408 2001 2475 nimirum,

433 2491 630 2559 quibus
658 2491 826 2546 voluit
856 2494 957 2549 hoc
1010 2495 1184 2564 ipsum
1214 2495 1355 2552 Deus
1392 2498 1657 2563 revelare,
1707 2515 1827 2569 quae
1880 2510 2004 2555 sunt

435 2582 636 2637 divitiae
674 2583 878 2653 giorite,
917 2588 1156 2658 mysterii
1201 2589 1361 2658 huius
1397 2590 1449 2643 in
1510 2592 1762 2661 gentibus
1808 2592 2005 2662 quibus

434 2682 520 2730 est
550 2674 799 2730 Christus
825 2678 876 2730 in
902 2678 1078 2734 nobis.
1113 2680 1359 2736 Christus
1413 2692 1534 2736 erat
1581 2683 1745 2750 igitur
1803 2695 2004 2756 myste-

437 2767 574 2820 rium
611 2767 738 2821 illud
766 2787 779 2822 :
810 2767 979 2825 Filius
1009 2771 1056 2825 is
1083 2772 1336 2825 nimirum
1374 2772 1489 2827 Dei.
1515 2772 1779 2840 Quocirca
1813 2775 2005 2846 mysti-

432 2874 555 2911 cum
583 2859 636 2912 in
663 2860 900 2925 modum,
929 2860 1077 2915 illum
1125 2862 1253 2916 olim
1282 2864 1662 2919 diversimodis
1685 2866 2004 2935 appellatio~

434 2952 595 3007 nibus
618 2952 893 3023 prophetae
911 2952 1370 3021 gloriﬁcaverunt,
1395 2954 1447 3009 id
1474 2956 1613 3024 quod
1637 2966 1753 3010 erat
1786 2957 2001 3012 inenar—

432 3040 603 3096 rabile
628 3043 1023 3098 abscondentes
1054 3061 1069 3100 :
1112 3044 1363 3114 illiusque
1397 3045 1779 3101 revelationem
1818 3048 2003 3117 gratiae

433 3133 602 3203 ipsius
637 3134 688 3187 in
725 3149 913 3189 omnes
944 3133 1324 3201 ditl‘undendm,
1374 3137 1530 3205 quasi
1578 3139 1887 3193 thesaurum
1917 3156 2001 3195 re-

2105 666 2415 735 καιοσύνην,
2462 666 2554 718 καὶ
2580 665 2753 733 λόγον,
2802 667 2896 719 καὶ⁹
2936 668 3043 720 πᾶν
3076 669 3103 720 ὅ
3128 685 3179 720 τι
3229 668 3391 721 καλὸν
3414 669 3510 723 καὶ
3546 670 3684 738 ἁγα-

2105 756 2230 819 θόν;
2288 754 2487 826 μᾶλλον
2546 754 2602 808 δὲ
2668 756 2830 810 αὑτὸν
2892 753 3027 810 εἶναι
3088 758 3262 811 πάντα
3321 758 3529 823 ταῦτα,
3586 763 3682 812 καὶ

2104 845 2159 899 εἴ
2173 864 2223 899 τι
2246 846 2447 900 τούτων
2472 846 2739 918 ἀνώτερόν
2766 865 2824 899 τε
2852 848 2942 901 καὶ
2962 851 3226 920 κρεῖττον,
3243 852 3337 902 καὶ
3354 853 3489 921 ἡμῖν
3503 852 3683 919 ἄγνω-

2107 937 2363 1005 στον(58)
2398 953 2412 968 ⁸
2442 936 2616 991 ταῦτα
2663 938 2770 1010 γὰρ
2812 939 3184 1003 αὐτοδίδακτος
3214 940 3373 1010 φύσις
3398 940 3683 1010 ὁμολογεῖν

2105 1029 2351 1100 περὶτοῦ
2378 1028 2512 1082 Θεοῦ
2547 1030 2724 1083 πάντα
2766 1031 3050 1101 ἄνθρωπον
3076 1030 3454 1102 ἐξαναγκάζει.
3489 1033 3682 1087 Ἔνθεν

2106 1123 2199 1175 καὶ
2221 1122 2312 1175 τὸν
2340 1122 2467 1176 Υἱὸν
2485 1121 2844 1193 διδασκόμεθα
2873 1123 3049 1177 πάντα
3071 1123 3241 1177 ταῦτα
3269 1120 3427 1187 εἶναι,
3453 1126 3547 1179 ᾰτε
3571 1126 3682 1177 Μο-

2106 1216 2295 1287 νογενῆ
2322 1216 2468 1280 Υἱδν,
2506 1216 2601 1269 καὶ
2626 1216 2955 1288 κληρονόμον
2996 1215 3121 1269 ὄντα
3165 1216 3258 1269 τοῦ
3304 1217 3536 1288 Πατρός,
3584 1219 3683 1271 κα)⁵

2109 1307 2274 1359 πάντ’
2332 1304 2558 1375 ἔχοντα,
2604 1306 2702 1359 ὅσα
2754 1308 2848 1359 καὶ
2904 1308 2933 1359 ό
2986 1307 3194 1378 Πατήρ.
3232 1305 3323 1359 Διὸ
3362 1307 3433 1358 ἐν
3478 1306 3685 1375 μορφῇ

2107 1394 2251 1450 Θεοῦ
2290 1396 2537 1447 λέλεκται
2592 1396 2734 1465 (59)'
2794 1395 2886 1449 ml.
2945 1395 3122 1449 εἰκὼν
3174 1396 3279 1449 τοῦ
3333 1396 3480 1449 Θεοῦ
3544 1395 3679 1467 (60).

2104 1487 2247 1542 κατὰ
2274 1485 2363 1539 τὸν
2387 1486 2527 1539 θεῖον
2568 1486 2906 1553 Ἀπόστολον,
2937 1489 3181 1556 φήσαντα
3199 1526 3211 1538 .
3254 1489 3357 1551 Ὃς
3381 1487 3451 1539 ἐν
3477 1487 3689 1555 μορφῇ

2107 1582 2254 1635 Θεοῦ
2273 1579 2578 1648 ὑπάρχων,
2609 1580 2720 1645 οὐχ
2752 1577 3063 1645 ἁρπαγμὸν
3094 1576 3363 1646 ἡγήσατο
3392 1573 3541 1631 εἶναι
3567 1578 3682 1643 (61)

2106 1672 2211 1726 ἴσα
2236 1671 2374 1737 θεῷ.
2399 1671 2509 1723 Καὶ
2532 1669 2713 1722 πάλινσ
2746 1669 2850 1733 Ὃς
2869 1668 3039 1721 ἐστιν
3055 1666 3233 1720 εἰκὼν
3253 1667 3359 1720 τοῦ
3382 1667 3686 1737 Θεοῦ.ξοὺκ

2104 1764 2211 1835 ἄρα
2238 1764 2299 1817 τὸ
2330 1761 2547 1830 λογικὸν
2575 1755 2713 1813 εἶναι
2742 1760 2832 1812 τὸν
2857 1759 2987 1811 Θεὸν
3008 1758 3162 1812 τοῦτο
3182 1754 3249 1830 ἦν
3270 1758 3335 1810 τὸ
3348 1758 3687 1828 μυστήριον

2105 1858 2165 1909 τὸ
2176 1852 2702 1924 ἀποκεκρυμμένον
2716 1852 2833 1906 ἀπὸ
2851 1850 2968 1904 τῶν
2981 1849 3208 1904 αἰώνων
3223 1852 3321 1904 καὶ
3335 1850 3450 1904 ἀπὸ
3468 1849 3586 1903 τῶν
3598 1869 3687 1920 γε·

2103 1944 2285 1997 νεῶν·
2319 1942 2438 1996 οὐδὲ
2482 1941 2637 1995 τοῦτο
2676 1940 2769 1994 νῦν
2810 1939 3148 2011 ἐφανερώθη,
3194 1939 3255 1992 τὸ
3304 1943 3561 2009 φυσικαῖς
3592 1942 3684 1992 ὲν-

2104 2038 2277 2099 νοίαις
2331 2038 2495 2089 πᾶσιν
2561 2032 2866 2105 ἀνθρώποις
2930 2033 3290 2103 ἐγνωσμένον.
3354 2033 3516 2085 ’Λλλὰ
3574 2034 3685 2103 γὰρ

2107 2128 2275 2189 ποῖον,
2294 2127 2342 2178 εἰ
2366 2123 2539 2196 ἔροιτό
2567 2141 2670 2185 τις,
2708 2123 3059 2194 ἀποκρίνεται
3091 2124 3119 2175 ό
3155 2122 3502 2184 Ἀπόστολος⁸
3532 2124 3681 2176 Νυνὶ

2104 2218 2171 2271 δὲ
2181 2216 2536 2287 ἐφανερώθη,
2555 2216 2748 2284 λέγων,
2765 2214 2888 2280 τοῖς
2899 2214 3087 2283 ἁγίοις
3101 2213 3307 2277 αὑτοῦ,
3324 2208 3404 2277 οἷς
3420 2212 3585 2283 quas,
3593 2230 3687 2264 σεν

2104 2314 2131 2364 ὁ
2160 2310 2290 2373 Θεὸς
2313 2309 2596 2380 γνωρίσαι,
2626 2307 2707 2372 τίς
2730 2310 2758 2360 ὁ
2781 2306 3010 2369 πλοῦτος
3033 2307 3131 2377 τῆς
3164 2305 3319 2375 δόξης
3354 2304 3445 2357 τοῦ
3474 2320 3683 2375 μυστη-

2109 2400 2223 2471 ρίου
2245 2398 2435 2452 τούτου
2465 2400 2522 2451 ἐν
2548 2400 2660 2460 τοῖς
2689 2397 2916 2461 ἔθνεσιν,
2939 2390 3021 2460 οἷς
3051 2397 3164 2448 ἐστι
3190 2395 3421 2467 Χριστὸς
3446 2398 3506 2448 ὲν
3533 2397 3679 2466 ὑμῖν.

2104 2491 2344 2561 Χριστὸς
2366 2485 2458 2543 οὖν
2486 2484 2555 2560 ἧν
2582 2490 2641 2542 τὸ
2671 2490 2997 2561 μυστήριον·
3029 2488 3184 2559 δῆλον
3215 2489 3259 2541 δ’
3292 2490 3372 2543 ὅτι
3404 2490 3534 2554 Υἱὸς
3569 2491 3683 2561 (62)

2104 2582 2197 2635 τοῦ
2227 2582 2382 2635 Θεοῦ.
2421 2581 2511 2633 Διὸ
2563 2582 2839 2651 μυστικῶς
2888 2580 3151 2652 πρότερον
3182 2581 3454 2653 διαφόροις
3494 2583 3543 2634 οἱ
3588 2580 3682 2633 τοῦ

2104 2675 2237 2728 Θεοῦ
2270 2674 2544 2746 προφῆται
2573 2673 2733 2725 αὐτὸν
2759 2671 3007 2738 ἐδόξαζον
3038 2673 3374 2743 ὲπηγορίαις,
3407 2673 3467 2726 τὸ
3507 2674 3683 2745 ἀπόρο

2106 2766 2265 2835 ρητον
2301 2761 2761 2833 ἀποκρύπτοντες,
2795 2762 2890 2815 καὶ
2925 2764 2989 2832 τῇ
3025 2762 3191 2815 αὑτοῦ
3237 2763 3421 2833 χάριτι
3462 2764 3562 2835 τὴν
3602 2765 3685 2825 si;

2106 2856 2316 2919 πάντας
2353 2854 2694 2923 ἀποκάλυψιν
2720 2853 2883 2907 αὐτοῦ
2911 2855 3315 2925 ταμιευόμενοι.
3346 2856 3475 2907 Ὅτε
3503 2856 3684 2907 τοίνυν

2107 2947 2244 3018 μετὰ
2276 2945 2542 3009 τοσαύτας
2563 2944 2673 2999 τῶν
2698 2945 2928 3015 Γραφῶν
2958 2945 3261 3017 μαρτυρίας
3289 2945 3682 3016 διῐσχυρῑζεται

2104 3036 2441 3109 Μάρκελλος,
2480 3036 2588 3090 τὸν
2614 3037 2685 3089 ἐν
2714 3035 2871 3104 ἀρχῇ
2906 3038 3120 3105 Λόγον,
3152 3038 3279 3107 πρὶν
3308 3038 3340 3108 ἢ
3374 3039 3472 3107 τὴν
3504 3038 3682 3109 σάρκα

2106 3129 2411 3193 ἀναλαϐεῖν,
2442 3130 2604 3201 μηδὲν
2632 3130 2816 3199 ἕτερον
2846 3124 2981 3182 εῖναι
3006 3130 3037 3201 ἢ
3062 3131 3231 3199 Λόγον
3254 3148 3266 3160 ·
3299 3132 3392 3183 καὶ
3424 3131 3545 3201 μηδ’
3575 3133 3685 3183 ἐτέ-

432 3234 719 3279 servantes
750 3225 1109 3281 reconditum.
1141 3226 1274 3281 Cum
1307 3242 1432 3283 vero
1465 3238 1584 3295 post
1616 3238 1693 3283 tot
1745 3245 1777 3284 e
1829 3232 2002 3286 sacris

2110 3239 2185 3293 ρῳ
2211 3222 2547 3293 χρηματίσαι
2567 3220 2814 3290 ὀνόματι·
2850 3221 2969 3273 τότε
2993 3220 3047 3274 δὲ
3078 3221 3344 3293 διαφόρων
3371 3223 3683 3293 ὲπηγοριῶν

432 3316 737 3386 Scripturis
763 3316 1072 3371 testimonia
1099 3319 1389 3374 contendat
1412 3319 1691 3376 Marcellus
1720 3322 1998 3377 nihilomi-

430 3424 556 3472 nus,
585 3408 737 3476 illud,
765 3408 830 3462 In
855 3412 1115 3479 principio
1165 3415 1298 3467 erat'
1320 3410 1542 3467 Verbum
1564 3414 1634 3478 ³⁸,
1667 3414 1799 3468 nihil
1855 3414 1998 3470 aliud

433 3502 692 3568 indicare,
725 3517 885 3571 quam
907 3518 1051 3567 eum,
1077 3504 1388 3574 priusquam
1415 3508 1723 3561 assumebat
1753 3521 1998 3570 carnem,

431 3591 565 3647 nihil
596 3592 741 3647 aliud
796 3609 955 3662 quam
1008 3594 1238 3648 Verbum
1286 3595 1605 3652 exstitisse:
1666 3611 1841 3666 neque
1890 3595 2001 3651 ullo

432 3692 630 3750 praeter
656 3683 784 3738 illud
825 3684 1042 3739 nomine
1071 3685 1397 3753 appellatum
1426 3704 1439 3740 ε
1467 3696 1576 3740 tum
1606 3702 1734 3742 vero
1766 3688 1999 3759 primum

432 3788 529 3840 per
552 3776 732 3829 varias
759 3775 1056 3830 indicatum
1091 3780 1559 3844 nomenclaturas,
1612 3778 1827 3849 quando
1865 3777 2000 3832 Ver-

2104 3314 2477 3387 τετυχηκέναι,
2510 3313 2597 3365 ὅτε.
2626 3313 2654 3364 ό
2689 3314 2860 3381 Λόγος
2904 3312 3041 3384 σὰρξ
3078 3314 3311 3381 ἐγένετο,
3347 3313 3452 3385 πρὸ
3491 3313 3679 3365 τούτου

2109 3408 2273 3478 μηδὲν
2322 3406 2505 3476 ἕτερον
2560 3404 2687 3457 ὄντα
2736 3406 2768 3474 ἦ
2812 3406 3011 3475 Λόγον·
3059 3406 3177 3468 πῶς
3208 3406 3306 3458 οὐκ
3339 3404 3556 3476 ἀμαθὴς
3590 3407 3682 3458 καὶ

2107 3499 2361 3562 ἀσύνετος
2410 3498 2517 3550 τῶν
2569 3498 2728 3550 θείων
2775 3498 3036 3570 ἐλέγχοιτ’
3084 3499 3150 3552 ἂν
3200 3499 3677 3569 ἀναγνωσμάτων;

2120 3591 2279 3645 Ἀλλὰ
2339 3591 2467 3662 γὰρ,
2516 3589 2704 3643 τούτου
2754 3592 3065 3656 συστάντος,
3129 3593 3264 3664 φέρε
3318 3593 3523 3656 λοιπὸν,
3570 3593 3681 3645 ὦσ-

2109 3703 2216 3756 περ
2270 3683 2695 3746 ἀναδεὸιωκότα,
2754 3684 2844 3737 τὸν
2894 3685 3013 3740 νέον
3068 3685 3352 3739 Σαϐέλλιον
3415 3687 3680 3740 ἐποπτεύ-

2110 3794 2311 3847 σωμεν.

433 3867 559 3921 bum
592 3883 725 3923 caro
759 3869 958 3923 factum
985 3870 1181 3935 fuerat,
1213 3886 1338 3926 cum
1364 3872 1517 3943 prius
1572 3884 1771 3944 prmter
1799 3872 2037 3928 Verbum
2075 3874 2234 3943 plane
2255 3870 2387 3925 nihil
2455 3871 2792 3937 exstitisset;
2836 3881 2981 3929 certe
3026 3889 3250 3944 prorsus
3295 3875 3383 3929 hic
3429 3874 3680 3930 indoctus

430 3962 874 4033 deprehenditur,
905 3974 960 4019 et
994 3965 1043 4019 in
1079 3966 1376 4037 Scripturis
1416 3968 1587 4023 sacris
1636 3968 2001 4039 intelligendis
2036 3968 2193 4038 plane
2254 3967 2453 4022 infans.
2489 3965 2602 4022 Hoc
2665 3982 2796 4022 vero
2836 3966 2913 4022 sic
2942 3967 3227 4034 adornata,
3264 3967 3492 4038 agedum
3524 3968 3676 4023 uein-

432 4074 581 4131 ceps,
606 4060 773 4116 veluti
806 4061 1131 4127 redivivum,
1171 4079 1369 4119 novum
1404 4065 1547 4122 hunc
1573 4065 1868 4121 Sabellium
1903 4065 2365 4135 introspiciamus.

506 4226 564 4282 >14
603 4221 700 4277 Ed.
735 4219 910 4274 Paris.
947 4234 1069 4291 pag.
1101 4222 1223 4275 101.

501 4291 548 4323 ⁵³
578 4291 806 4361 Philipp.
834 4308 894 4358 ιι,
926 4290 979 4344 6.
1024 4288 1102 4323 ’⁸⁵
1133 4291 1295 4347 llebr.
1326 4307 1379 4356 1,.
1399 4292 1452 4347 '5.
1522 4291 1588 4323 ’δ’
1610 4290 1818 4347 Coloss.
1849 4305 1886 4354 ι,
1916 4288 2002 4345 26.

2109 4289 2310 4345 ’Joau.
2338 4306 2379 4353 ι,
2408 4291 2458 4344 1.

499 4470 614 4541 (58)
638 4470 806 4539 Vulgo
838 4471 959 4539 ἄγν.
1000 4472 1106 4541 εἴη.

497 4541 611 4608 (59)
644 4541 814 4607 Vulgo
855 4542 1091 4608 λέγεται.

505 4612 617 4683 (ου)
642 4611 837 4683 βικὼν
867 4612 971 4683 τοᾷ
1001 4612 1171 4667 Θεοῦ.
1207 4612 1355 4668 Adde
1382 4612 1636 4683 ἀοράτου,
1664 4610 1735 4665 Μ.

504 4680 617 4755 (61)
640 4681 810 4755 Vulgo
836 4684 897 4738 τὸ
920 4680 1079 4738 εἶναι.
1452 4680 1461 4683 ⁷
1712 4684 1715 4693 ’

2100 4516 2111 4541 ι
2181 4473 2292 4545 (62)
2328 4471 2523 4545 Λῆλον
2553 4474 2606 4527 δ’
2641 4474 2730 4528 ὅτι
2761 4477 2911 4542 Υἱός.
2958 4477 3116 4532 Forte
3170 4476 3330 4545 δῆλον
3382 4476 3459 4537 δὲ,
3494 4475 3677 4529 καθότι

2097 4543 2235 4607 ’Υἱὸς
2266 4544 2360 4596 τοῦ
2390 4544 2555 4607 Θεοῦ,
2594 4559 2786 4615 nempe
2823 4556 2946 4599 ante
2972 4546 3163 4601 saecula
3198 4543 3487 4609 e‘xsistcus,
3516 4564 3677 4615 oppu-

2108 4616 2242 4668 situs
2275 4615 2387 4687 tilio
2419 4615 2676 4671 hominis.
2697 4613 2766 4670 Μ.
2792 4616 2995 4673 -Μοι
3035 4617 3190 4687 vulgo
3224 4616 3479 4681 ἐδόξασαν
3507 4613 3675 4672 etn-

2110 4684 2403 4757 μιευμένοι.
