3970 6550
431 409 533 458 9d”.
1098 407 1365 461 EUSEBII
1407 406 1888 461 CASSARIENSIS
1925 407 2008 462 ΟΡ

2127 408 2306 464 PARS
2344 409 2411 463 ιν
2479 440 2545 448 --
2586 407 3007 462 ὓΟϐΜΑἸῚΟΛ.

3582 415 3693 472 ενοι

433 535 636 589 sancta,
668 539 784 594 ane
814 523 980 576 semel
1018 531 1237 592 accepta
1281 523 1481 577 Christi
1517 523 1753 577 Ecclesia
1788 525 1875 594 pie
1912 540 2001 578 cn-

2117 545 2243 595 ymv,
2278 546 2296 578 ι
2338 530 2505 599 μήπω
2554 526 2645 579 τοῦ
2700 527 2905 596 κόσμου
2955 524 3239 593 γεγονότος
3288 525 3454 595 μηδὲν
3503 525 3698 597 ἕτερον

432 618 616 671 stodit.
644 616 691 670 Is
722 630 873 679 vero,
899 615 989 685 qui
1012 625 1213 679 tuetur,
1234 633 1253 666 ‹
1281 626 1406 670 ante
1424 616 1680 670 mundum
1712 620 2008 682 conditum,

433 710 562 762 nihil
582 718 775 777 praeter
797 707 970 760 solum
992 707 1158 760 Deum
1177 708 1477 771 exstitisse,
1504 727 1523 759 ι
1555 722 1585 761 e
1612 709 1821 761 duobus
1846 724 2008 761 unum

432 800 738 855 necessario
769 799 1068 865 constituit,
1097 798 1391 854 Sabellium
1434 814 1511 863 se,
1542 800 1624 853 vel
1655 798 1921 853 Judaeum.
1946 806 2004 863 Ψ

431 891 563 945 Nam
595 892 637 947 si
675 892 741 946 de
767 891 847 946 sui
883 891 1045 945 animi
1081 891 1348 946 sententia
1386 889 1581 944 Filium
1617 901 1798 960 neget,
1832 890 2008 945 solum

432 984 599 1039 Deum
631 982 926 1054 professus,
970 980 1186 1037 Iudaeus
1235 992 1317 1037 est
1363 983 1454 1052 qui
1502 982 1777 1037 Christum
1814 983 2008 1052 rejicit.

436 1076 527 1131 Vel
550 1078 592 1131 si
624 1076 802 1130 Verbo
833 1086 988 1131 tenus
1019 1075 1262 1145 agnoscit
1289 1074 1412 1129 Filii
1446 1074 1803 1139 vocabulum,
1832 1075 2008 1143 ipsum

431 1178 610 1223 autem
643 1167 837 1223 Filium
871 1183 990 1223 esse
1026 1183 1193 1222 unum
1226 1167 1394 1221 Deum
1435 1166 1604 1232 dicat,
1632 1182 1798 1220 unum
1848 1175 2010 1236 atque

430 1262 702 1329 eumdem,
730 1261 803 1315 ita
832 1268 889 1315 et
920 1259 1130 1314 Patrem
1161 1270 1215 1313 et
1242 1259 1441 1313 Filium
1469 1258 1848 1313 arbitrabitur.
1874 1259 2009 1314 Nam

431 1356 477 1409 si
508 1361 635 1410 ante
663 1354 944 1420 mundum,
967 1353 1100 1408 nihil
1128 1351 1376 1407 exstabat
1408 1353 1565 1422 plane
1592 1363 1788 1420 przeter
1819 1352 2007 1419 Deum,

432 1449 548 1518 ipse
583 1448 667 1503 vel
710 1448 871 1504 Pater
898 1454 953 1503 et
985 1446 1151 1502 Filius
1206 1447 1369 1503 simul
1405 1448 1551 1502 erit:
1596 1448 1678 1503 vel
1714 1458 1864 1504 certe
1905 1466 2009 1505 non

431 1542 679 1609 genuerit
717 1540 908 1595 lilium.

1074 1633 1226 1689 CAP.
1272 1631 1360 1688 Ill.

433 1723 706 1790 Quomodo
743 1724 837 1778 Dei
880 1722 1104 1796 Verbum
1146 1726 1199 1777 in
1248 1724 1356 1778 Deo
1395 1724 1669 1789 exsislens,
1700 1726 1813 1780 sine
1863 1728 2011 1796 prin-

798 1795 931 1862 cipio
959 1794 1212 1862 deﬁnivit,
1241 1805 1289 1848 et
1325 1796 1642 1865 ingenitum.

500 1886 606 1941 Sed
656 1886 867 1939 videtur
904 1884 1186 1939 Marcellus
1217 1900 1362 1949 eum,
1392 1887 1481 1953 qui
1520 1886 1571 1940 in
1612 1886 1718 1939 Deo
1751 1897 1874 1941 erat
1907 1887 2009 1941 Lo-
2040 1908 2083 1962 Β

430 1993 556 2047 gon,
591 1977 883 2033 secundum
918 1992 1078 2048 quem
1116 1977 1319 2047 logicos
1369 1976 1708 2047 intelligitur,
1756 1979 2004 2031 eumdem

429 2080 549 2119 esse
588 2073 640 2121 et
671 2064 865 2119 Filium
905 2066 1198 2120 arbitrari:
1232 2075 1291 2121 ut
1329 2066 1403 2121 ita
1438 2066 1553 2136 ipse
1600 2068 1670 2121 sit
1708 2068 1791 2121 sui
1841 2068 2010 2136 ipsius

432 2155 616 2222 Pater,
642 2166 698 2211 et
724 2170 755 2211 e
784 2170 1046 2211 converso
1073 2156 1156 2210 sui
1187 2155 1358 2227 ipsius
1385 2156 1578 2212 Filius.
1608 2159 1827 2213 Audisis
1856 2175 2008 2229 ergo,

429 2264 551 2317 quae
581 2249 801 2303 totidem
830 2248 1007 2305 verbis
1032 2250 1291 2319 scripsit:
1322 2248 1394 2322 [Β
1433 2249 1563 2304 XCII
1598 2252 1726 2305 coll.
1754 2268 1807 2321 p.
1841 2252 1909 2306 59
1941 2252 2001 2324 Β]

434 2361 453 2393 ι
496 2343 638 2395 Ante
695 2341 935 2396 universi
985 2343 1397 2407 conditionem,
1447 2354 1603 2409 erat,
1658 2352 1720 2397 ut
1770 2345 2004 2410 videtur,

435 2451 455 2483 ε
504 2433 660 2501 quies
690 2432 829 2497 alta,
876 2432 930 2487 in
979 2431 1093 2488 Deo
1136 2434 1315 2489 Verbo
1364 2434 1663 2491 exsistente
1710 2454 1726 2493 :
1767 2437 1812 2491 si
1865 2436 2009 2491 enim

436 2542 455 2576 ι
503 2524 690 2578 credat
724 2523 970 2579 Asterius
1008 2523 1175 2579 Deum
1210 2538 1332 2579 esse
1365 2526 1605 2580 universi
1651 2526 2007 2592 conditorem,

437 2632 455 2664 ι
503 2622 648 2667 certe
690 2614 842 2669 nobis
887 2614 1013 2668 illud
1062 2629 1424 2670 concessurus
1451 2625 1571 2681 est,
1604 2616 1751 2670 illum
1797 2632 2012 2687 semper

437 2724 457 2756 ι
503 2706 800 2769 exstitisse,
847 2722 1121 2777 nunquam
1173 2707 1471 2763 exsistendi
1517 2709 1846 2777 principium
1887 2722 2007 2764 sor-

436 2815 455 2849 ι
505 2800 679 2861 litum,
722 2798 904 2851 omnia
954 2808 1131 2852 autem
1186 2799 1254 2854 ab
1303 2797 1393 2852 illo
1425 2798 1569 2853 facta
1627 2798 1820 2864 fuisse,
1865 2799 2011 2853 etde

435 2908 455 2940 ι
502 2889 671 2943 nihilo
718 2889 925 2943 facta.»
976 2889 1139 2945 Vides
1179 2899 1240 2943 ut
1289 2892 1457 2944 Deum
1504 2899 1752 2944 statuens
1805 2891 2011 2959 absque

428 2983 575 3035 omni
610 2982 872 3053 principio
903 2980 1141 3036 Verbum
1172 2982 1317 3052 quod
1359 2982 1411 3036 in
1452 2982 1543 3037 illo
1573 2990 1715 3047 erat,
1748 2983 1798 3036 in
1828 2984 2011 3052 quiete

429 3073 659 3134 statuit,
712 3080 839 3126 ante
913 3071 1097 3127 mundi
1176 3071 1559 3136 condituram,
1626 3073 2007 3127 constitutum.

430 3162 617 3233 Pergit
649 3178 828 3233 porro,
872 3171 927 3217 et
962 3163 1205 3233 adjnngit
1249 3180 1263 3217 :
1320 3181 1340 3215 ι
1381 3161 1437 3217 Si
1488 3161 1635 3218 istud
1678 3163 1903 3228 credat,
1955 3174 2010 3218 et

2115 615 2252 672 εἶναι
2292 619 2431 690 πλὴν
2462 617 2596 670 Θεοῦ
2636 618 2821 688 μόνου,
2856 637 2872 666 ν
2911 616 3056 669 δυεῖν
3082 615 3309 686 Θάτερον
3336 616 3527 669 ἑαυτὸν
3563 618 3698 671 ὄντα

2114 712 2374 783 παρίστη,
2408 712 2440 780 ἢ
2488 711 2761 770 Ἰουδαῖον,
2794 709 2825 780 ἢ
2856 708 3164 761 Σαὸἑλ).ιον.
3200 710 3267 760 Ἦ
3312 707 3421 778 γὰρ
3466 708 3700 762 αὐτόθεν

2112 802 2439 872 ἀρνούμενος
2476 802 2567 854 τὸν
2616 800 2764 863 Υἱὸν,
2796 800 2929 852 Θεὸν
2960 800 3016 852 δὲ
3073 799 3232 871 μόνον
3266 799 3519 869 εἰσάγων,
3558 800 3697 853 Ἰου-

2111 894 2260 956 δαῖος
2328 892 2480 946 ἔσται
2529 893 2621 945 τὸν
2668 892 2904 964 Χριστὸν
2958 891 3373 963 ἀρνούμενοςθῆ
3412 893 3573 963 μέχρι
3608 892 3702 944 λό-

2112 1003 2206 1054 γου
2239 986 2352 1058 (77)
2380 984 2478 1056 τὴν
2511 984 2605 1038 τοῦ
2622 984 2748 1038 Υἱοῦ
2767 984 3068 1057 πρόσρησιν
3097 983 3511 1056 ἀποδεχόμενος,
3530 986 3702 1039 αὐτὸν

2110 1079 2153 1131 δ’
2188 1074 2329 1131 εἶναι
2362 1078 2590 1147 φάσκων
2625 1078 2719 1130 τὸν
2774 1078 2872 1130 ἕνα
2915 1076 3068 1140 Θεὸν,
3127 1077 3251 1129 Υίὸν
3283 1076 3417 1146 ὁμοῦ
3452 1076 3562 1147 (78)
3598 1078 3701 1129 καὶ

2113 1171 2349 1241 Πατέρα,
2379 1170 2471 1223 τὸν
2500 1169 2785 1222 Σαϐἑλλιον
2810 1167 3188 1222 ἐνανεὼσεται.
3223 1169 3285 1220 Ei
3316 1168 3425 1239 γὰρ
3458 1167 3564 1241 πρὸ
3595 1166 3697 1219 τοῦ

2112 1261 2315 1331 κόσμου
2349 1260 2501 1313 οὐδὲν
2529 1260 2716 1331 ἓτερον
2745 1255 2814 1330 ἦν
2844 1259 2982 1329 πλὴν
3006 1259 3161 1325 Θεοῦ,
3214 1259 3378 1321 αὐτὸς
3402 1258 3548 1311 ἔσται
3579 1258 3696 1311 ﬂa-

2110 1350 2212 1424 τὴρ
2237 1353 2330 1405 καὶ
2357 1351 2505 1419 Υἱὸς,
2537 1352 2568 1423 ἢ
2597 1351 2716 1404 οὐδὲ
2745 1350 2855 1416 ἕξει
2889 1352 3020 1403 υἱόν.

2780 1624 2937 1675 ΚΕΦ.
2980 1623 3053 1675 Γ’.

2112 1706 2313 1771 Ὅπως
2341 1708 2445 1760 τὸν
2466 1709 2659 1781 Λιόγον
2686 1710 2792 1764 τοῦ
2819 1711 2966 1764 Θεοῦ
2993 1712 3063 1764 ἐν·
3093 1709 3176 1776 τῷ
3204 1709 3325 1775 Θεῷ
3344 1710 3489 1764 ὄντα
3508 1711 3697 1781 ἄναρο

2330 1797 2443 1848 χον
2466 1777 2620 1836 εἶναι
2646 1781 2743 1834 καὶ
2784 1782 3118 1851 ἀγέννητον
3156 1780 3409 1848 ὡρίζετο.

2194 1870 2331 1924 ‘AD.’
2362 1871 2507 1925 ἔοικε
2535 1872 2853 1943 Μάρκελλος
2868 1874 2959 1928 τὸν
2987 1876 3045 1927 ὲν
3078 1872 3229 1939 αὐτῷ
3258 1873 3335 1945 τῷ
3362 1873 3482 1945 Θεῷ
3497 1873 3699 1944 Λόγον,

2111 1964 2231 2017 καθ’
2247 1965 2307 2019 ὃν
2323 1966 2538 2034 λογικὸς
2565 1969 2785 2029 νοεῖται,
2803 1966 2987 2020 τοῦτον
3014 1963 3153 2021 εἶναι
3182 1967 3411 2036 φάσκειν
3427 1968 3516 2020 τὸν
3538 1968 3698 2020 Υἱόν·

2110 2057 2250 2111 ὥστε
2278 2053 2417 2113 εἶναι
2450 2058 2614 2111 αὑτὸν
2639 2058 2832 2112 ἑαυτοῦ
2868 2059 3088 2131 Πατέρα
3116 2060 3209 2113 καὶ
3234 2055 3301 2113 αὖ
3339 2060 3498 2114 πάλιν
3527 2061 3702 2112 αὐτὸν

2111 2150 2305 2203 ἑαυτοῦ
2335 2150 2483 2205 Υἱὸν.
2517 2152 2849 2205 Ἐπάκουσον
2875 2150 3006 2219 γοῦν
3041 2151 3149 2204 τῶν
3189 2152 3354 2205 αὐτοῦ
3380 2153 3591 2221 φωνῶν,
3625 2154 3701 2205 δι’

2109 2235 2182 2295 ὧν
2214 2241 2400 2296 τοῦτον
2440 2241 2643 2313 γράφει
2680 2242 2773 2296 τὸν
2816 2244 3016 2314 τρόπον
3042 2261 3057 2274 ·
3094 2262 3112 2294 ‹
3152 2244 3266 2315 Πρὸ
3307 2244 3415 2315 γὰρ
3457 2245 3557 2315 τῆς
3602 2246 3705 2315 δη-

2116 2351 2135 2384 (
2181 2332 2467 2403 μιουργίας
2509 2333 2731 2403 ἀπάσης
2776 2332 2975 2402 ἡσυχία
2996 2351 3079 2397 τις
3117 2329 3205 2403 ἦν,
3238 2334 3315 2397 ὡς
3341 2334 3510 2400 εἰκὸς,
3540 2334 3702 2396 ὄντος

2116 2443 2135 2475 ι
2172 2427 2228 2477 ὲν
2252 2425 2330 2496 τῷ
2357 2424 2475 2496 Θεῷ
2502 2425 2598 2479 τοῦ
2631 2425 2825 2493 Λόγου.
2850 2427 2912 2478 Εἰ
2941 2426 3048 2497 γάρ
3076 2427 3308 2499 ποιητὴν
3325 2427 3583 2480 ἀπάντων
3604 2427 3705 2479 τὸν

2118 2535 2136 2569 ι
2174 2517 2306 2570 Θεὸν
2371 2518 2647 2588 Ἀστέριος
2702 2518 3066 2573 πεπίστευκεν
3119 2515 3295 2581 εἶναι,
3382 2519 3541 2589 δῆλον
3613 2518 3703 2571 ὅτι

2117 2626 2136 2660 ι
2179 2609 2599 2680 συνομολογήσει
2634 2611 2767 2680 ἡμῖν
2802 2611 2897 2663 καὶ
2931 2610 3113 2673 αὐτὸς,
3147 2612 3237 2664 τὸν
3270 2611 3369 2682 μὲν
3404 2612 3491 2664 ἀεὶ
3514 2611 3701 2680 ὑπάρ-

2117 2718 2135 2750 ι
2178 2718 2325 2770 χειν,
2364 2701 2499 2769 μηδὲ
2530 2700 2753 2755 πώποτε
2784 2702 2956 2773 ἀρχὴν
2980 2701 3074 2755 τοῦ
3111 2702 3249 2755 εἶναι
3279 2702 3533 2765 λαϐόντα,
3562 2704 3698 2757 τάδε

2117 2808 2137 2841 ι
2176 2791 2502 2859 γεγενῆσθαί
2545 2808 2607 2844 τε
2638 2791 2745 2844 ὑπὸ
2771 2790 2957 2855 αὑτοῦ,
3002 2791 3095 2845 καὶ
3125 2791 3183 2857 ἐξ
3214 2793 3313 2846 οὐκ
3340 2793 3509 2846 ὄντων
3536 2811 3706 2863 γεγεο

2116 2900 2136 2933 ι
2177 2881 2389 2953 νῆσθαι.
2423 2900 2442 2935 ι
2492 2883 2654 2955 Ὁρᾷς
2697 2884 2867 2947 ὅπως,
2905 2884 2998 2937 τὸν
3029 2884 3161 2937 Θεὸν
3190 2886 3424 2956 ἄναρχον
3452 2888 3703 2959 ὑποστη-

2114 2974 2370 3045 σάμενος,
2390 2974 2482 3028 τὸν
2510 2975 2681 3044 Λόγον
2705 2977 2762 3029 ὲν
2794 2975 2944 3047 αὐτῷ
2961 2976 3088 3029 ὄντα
3108 2978 3166 3030 ὲν
3194 2978 3396 3049 ἡσυχίᾳ
3417 2975 3559 3034 εἶναι
3591 2982 3705 3051 πρὸ

2110 3066 2210 3137 τῆς
2234 3067 2594 3139 δημιουργίας
2617 3068 2728 3140 (79)
2760 3067 2889 3140 ἔφη,
2924 3068 3017 3121 καὶ
3043 3069 3247 3141 προῖὼν
3270 3070 3400 3140 ἑξῆς
3428 3071 3697 3140 ἐπιλέγει·

2116 3176 2135 3208 ι
2174 3159 2236 3211 El
2264 3159 2444 3212 τοίνυν
2488 3160 2648 3212 τοῦτο
2691 3159 2959 3227 πιστεύει,
3009 3162 3222 3233 ἀνάγκη
3270 3162 3432 3215 αὑτὸν
3477 3164 3704 3217 κάκεῖνο

436 3272 455 3304 ι
505 3254 633 3309 illud
690 3270 904 3325 quoque
968 3269 1090 3310 eum
1158 3253 1319 3309 fateri
1395 3268 1619 3309 necesse
1679 3263 1799 3321 est,
1869 3257 2008 3325 quod

2122 3269 2140 3302 ι
2181 3251 2580 3323 συνομολογεῖν,
2602 3253 2683 3305 ὅτι
2709 3252 2849 3325 πλὴν
2874 3253 3030 3319 Θεοῦ,
3055 3254 3206 3308 οὐδὲν
3225 3255 3311 3308 ἓτε
3321 3273 3411 3327 ρον
3432 3252 3520 3327 ἦν.
3540 3254 3703 3327 Εἴχεν

434 3361 454 3394 ι
499 3343 657 3412 plane
692 3356 887 3414 przeter
921 3345 1094 3400 Deum
1128 3345 1261 3400 nihil
1290 3356 1405 3399 erat
1433 3345 1601 3400 aliud.
1639 3345 1835 3401 Habuit
1858 3362 2010 3418 ergn,

434 3454 454 3487 ι
507 3428 738 3492 Verbum
790 3438 844 3492 in
920 3437 1079 3492 Patre
1151 3437 1486 3505 subsistens,
1536 3453 1695 3493 suam
1765 3441 2012 3509 peculia-

434 3546 455 3580 ι
504 3543 617 3582 rem
667 3529 913 3598 gloriam.
939 3548 959 3581 ι
1001 3528 1137 3584 Hinc
1161 3529 1453 3599 profectus,
1487 3538 1543 3584 et
1588 3539 1876 3595 aeternum,
1912 3534 2013 3588 hoe

428 3628 513 3673 est
542 3620 836 3689 ingenitum
864 3634 983 3675 esse
1014 3618 1246 3674 Verbum
1284 3621 1597 3690 pronuntiat
1623 3638 1639 3675 :
1671 3618 1764 3692 [R.
1798 3621 2010 3678 XLVIII

429 3712 556 3765 coll.
586 3727 639 3780 p.
665 3711 735 3765 '53
766 3710 831 3783 C]
866 3730 884 3763 ι
912 3711 1080 3766 Audis
1129 3727 1258 3782 ergo
1304 3711 1541 3782 Spiritus
1593 3715 1774 3770 sancti
1811 3731 2012 3772 conso-

434 3823 454 3855 ι
505 3805 775 3871 uantiam,
803 3805 893 3874 qui
938 3819 1036 3873 per
1082 3804 1282 3860 multas
1327 3816 1383 3859 et
1425 3806 1672 3862 diversas
1715 3822 2009 3878 personas,

437 3916 455 3948 ι
506 3897 664 3952 Verbi
698 3898 991 3953 aeternitati
1027 3897 1396 3953 testimonium
1433 3900 1701 3969 perhibet.
1731 3920 1749 3953 ι
1788 3902 1855 3955 Et
1886 3916 2009 3955 rur-

433 4004 563 4044 sus:
604 4007 621 4040 ι
653 3989 718 4042 Et
754 3989 824 4045 ob
876 3989 982 4045 hoc
1033 3989 1210 4060 ipsum
1268 3991 1550 4045 exorditur
1591 3992 1659 4047 ab
1706 3996 2012 4048 aeternitate

438 4098 456 4130 ι
506 4077 685 4144 Verbi,
725 4078 793 4132 In
819 4080 1079 4150 principio
1119 4090 1230 4134 erat
1265 4080 1517 4147 Verbum,
1546 4091 1596 4136 et
1640 4082 1865 4137 Verbum
1896 4094 2009 4137 erat

438 4188 458 4221 ι
505 4172 645 4240 apud
676 4170 864 4237 Deum,
891 4181 939 4225 et
970 4171 1111 4225 Deus
1154 4182 1265 4226 erat
1314 4171 1541 4227 Verbum
1568 4173 1634 4227 ⁸⁸.
1672 4173 1870 4230 Tribus
1922 4176 2008 4230 hic

437 4280 456 4313 ι
498 4264 767 4319 continuis
800 4265 1125 4320 testimoniis
1156 4281 1286 4321 usus
1312 4266 1673 4321 aeternitatem
1702 4266 1860 4323 Verbi
1894 4266 2009 4321 vult

437 4374 457 4407 ι
503 4356 917 4410 εοηειυὺίΙίτο.»
972 4355 1219 4422 Qualiter
1270 4371 1398 4411 vere
1444 4357 1678 4411 Verbum
1722 4359 2004 4413 counitnm

429 4458 551 4502 erat
581 4449 712 4513 Deo,
737 4458 794 4501 et
822 4463 946 4503 cum
978 4447 1071 4502 illo
1097 4464 1199 4501 una
1233 4448 1557 4517 ingenitum,
1595 4459 1809 4503 tueatur
1829 4464 2007 4518 operae

430 4540 663 4610 pretium
700 4551 817 4605 est,
864 4549 923 4595 ut
972 4539 1139 4609 ipsius
1184 4541 1363 4595 verbis
1412 4540 1651 4609 positum
1702 4540 2001 4595 audiamus.

2121 3362 2140 3394 ι
2180 3341 2273 3397 οὖν
2304 3346 2406 3415 τὴν
2452 3345 2659 3400 οἰκείαν
2685 3346 2842 3411 δόξαν
2868 3349 2895 3400 ό
2926 3348 3119 3417 Λόγος,
3150 3348 3226 3401 ὢν
3255 3351 3313 3403 ὲν
3342 3349 3421 3420 τῷ
3445 3352 3639 3422 Πατρί.
3676 3372 3695 3401 ι

2124 3434 2401 3488 Ἐντεῦθεν
2446 3437 2691 3503 εἰκότως,
2733 3439 2827 3491 καὶ
2886 3439 3076 3506 ἀΐδιον,
3131 3439 3430 3493 τοῦτ’ἔστιν
3476 3443 3702 3514 ἀγέννη-

2110 3545 2225 3592 τον,
2254 3524 2394 3581 εἶναί
2425 3546 2559 3600 φησι
2590 3531 2683 3583 τὸν
2719 3531 2913 3599 Λόγον,
2947 3525 3050 3587 ὧδε
3095 3534 3354 3604 γράφωνο
3383 3554 3402 3585 ι
3452 3534 3701 3600 ’Δκούεις

2118 3638 2135 3671 ι
2177 3620 2357 3673 τοίνυν
2388 3621 2489 3691 τῆς
2520 3624 2841 3693 συμφωνίας
2869 3625 2963 3677 τοῦ
3003 3625 3161 3693 ἁγίου
3205 3626 3556 3698 Πνεύματος,
3609 3630 3699 3683 διὰ

2118 3730 2136 3763 ι
2176 3711 2381 3765 πολλῶν
2408 3715 2501 3767 καὶ
2528 3714 2803 3787 διαφόρων
2825 3716 3133 3787 προσώπων
3158 3721 3223 3790 τῇ
3245 3720 3335 3773 τοῦ
3360 3722 3536 3789 Λόγου
3558 3740 3701 3793 μαρ-

2117 3823 2135 3857 ι
2176 3806 2442 3878 τυρούσης
2474 3808 2760 3880 ἀϊδιότητι.
2805 3828 2822 3859 ι
2855 3811 2965 3864 Καὶ
2994 3810 3189 3863 πάλιν·
3227 3831 3246 3863 ι
3287 3813 3394 3866 Καὶ
3425 3813 3516 3866 διὰ
3542 3813 3702 3867 τοῦτο

2116 3917 2134 3949 ι
2181 3898 2407 3971 ἄρχεται
2440 3900 2540 3971 μὲν
2583 3901 2692 3955 ἀπὸ
2736 3902 2837 3972 τῆς
2875 3903 3177 3974 ἀῖδιότητος
3212 3905 3307 3957 τοῦ
3338 3907 3535 3975 Λόγου,
3595 3909 3699 3961 ’E’r

2116 4010 2135 4045 ι
2169 3992 2329 4063 ἀρχῇ
2368 3990 2448 4064 ἦν
2474 3992 2589 4064 (80)
2622 3996 2655 4049 ὁ
2692 3996 2902 4065 Λόγος,
2942 3996 3138 4065 λέγων,
3184 3998 3281 4051 καὶ
3329 4002 3363 4053 ό
3402 4001 3594 4069 Λόγος
3624 3998 3699 4069 ἦν

2116 4103 2135 4136 ι
2183 4084 2331 4153 πρὸς
2349 4086 2459 4138 τὸν
2479 4084 2648 4150 Θεὸν,
2669 4087 2768 4140 καὶ
2795 4088 2941 4154 Θεὸς
2962 4084 3087 4159 ἦνό
3106 4092 3317 4159 Λόγος·
3336 4091 3515 4161 τρισὶν
3538 4092 3699 4145 ἐπαλ-

2116 4195 2134 4228 ι
2180 4176 2359 4249 λήλοις
2375 4179 2701 4252 μαρτυρίαις
2728 4179 3011 4251 χρώμενος
3041 4182 3138 4253 τὴν
3171 4183 3446 4255 ἀῖδιότητα
3478 4185 3574 4238 τοῦ
3593 4187 3697 4239 A6-

2116 4291 2134 4323 ‹
2176 4288 2273 4341 γου
2290 4272 2565 4326 δεικνύναι
2582 4273 2850 4343 βούλεται.
2880 4294 2899 4325 ι
2924 4275 3111 4338 Ὅπως
3127 4275 3183 4328 δὲ
3213 4275 3450 4346 ἡνῶσθαι
3486 4276 3565 4347 τῷ
3579 4277 3697 4347 Θεῷ

2110 4368 2204 4420 καὶ
2221 4367 2614 4437 συναγέννητον
2636 4362 2773 4421 εἶναι
2802 4366 2951 4437 αὐτῷ
2970 4368 3061 4420 τὸν
3096 4367 3267 4436 Λόγον
3299 4368 3527 4437 ἔφασκε,
3560 4370 3698 4440 πάρ-

2109 4475 2254 4511 εστιν
2281 4458 2446 4512 αὑτοῦ
2476 4458 2799 4524 ἐπακοῦσαι,
2846 4452 2948 4512 ὧδέ
2996 4474 3071 4529 πη
3112 4458 3380 4527 λέγοντος·
3406 4479 3425 4510 ι
3460 4460 3575 4531 Τὴν
3599 4462 3693 4530 μὲν

2110 4551 2255 4605 κατὰ
2277 4551 2457 4624 σάρκα
2502 4553 2815 4623 οἰκονομίαν
2832 4551 2908 4622 τῷ
2929 4551 3199 4624 ἀνθρώπῳ
3227 4552 3503 4623 διαφέρειν
3537 4553 3693 4621 γινώ-

436 4649 458 4683 ε
482 4630 942 4700 Dispensationem
959 4632 1173 4702 quidem
1203 4630 1440 4700 inparue
1471 4631 1612 4686 illi'us
1634 4631 1700 4685 ad
1737 4631 2007 4687 hominem

2117 4613 2474 4717 ωομεν-’τὴν
2501 4644 2559 4698 δὲ
2586 4613 2729 4699 κατά
2773 4613 2989 4716 πνεῦμα
3031 4613 3311 4716 ἀῖδιότητα
3330 4613 3579 4717 ’ἡνῶσθαι
3616 4647 3692 4717 τῷ

432 4731 683 4792 spectare
714 4722 1063 4793 intelligimus
1092 4741 1105 4775 :
1145 4732 1203 4775 at
1233 4737 1382 4787 vero,
1412 4723 1713 4776 secundum
1751 4722 2003 4791 spiritum

431 4812 793 4868 aeternitatem
840 4814 959 4883 ejus
1033 4814 1241 4868 unitam
1314 4829 1437 4868 cum
1501 4814 1665 4869 Patre
1732 4814 2009 4870 credimus

430 4920 570 4961 esse.
604 4924 626 4957 ι

1072 4995 1229 5050 CAP.
1286 4994 1373 5050 ιν.

470 5098 529 5154 »Β
574 5090 848 5156 Quomodo
888 5088 1411 5213 ununtIJatquzide‘m
1441 5103 1549 5143 esse
1578 5089 1786 5144 verbum
1815 5100 1971 5161 atque

1090 5174 1207 5213 eum
1269 5174 1341 5212 ixi
1374 5200 1388 5213 .

1090 5174 1207 5213 eum
1230 5168 1388 5216 dixit.

502 5253 604 5320 Qui
636 5254 701 5306 ad
734 5254 877 5307 hunc
919 5251 1135 5306 modum
1186 5250 1238 5304 in
1281 5253 1391 5307 Deo
1433 5252 1656 5306 verbum
1705 5267 1828 5308 esse
1877 5268 2011 5310 con-

504 5375 565 5432 bis
596 5368 696 5439 Ed.
719 5367 892 5423 Paris.
916 5384 1041 5439 pag.
1080 5367 1337 5433 105,106.

528 5442 548 5469 ’
587 5438 742 5493 10:1".
773 5456 811 5504 ι,
842 5441 894 5494 1.

504 5534 616 5600 ('77)
654 5533 715 5587 Ἠ
737 5533 911 5603 μέχρι
941 5534 1148 5603 λόγου.
1181 5532 1342 5585 Forte
1372 5532 1552 5602 μόνου.
1584 5533 1654 5586 Μ.

503 5604 615 5673 (78)
664 5604 771 5656 Καὶ
804 5603 1033 5673 Πατέρα
1083 5604 1493 5656 ἐνανεώσεται.
1533 5603 1714 5668 Forte,
1760 5604 1851 5657 ἕνα
1915 5605 2005 5658 καὶ

432 5675 593 5728 αὑτὸν
626 5674 925 5743 νομίσεται,
961 5684 1058 5727 huc
1090 5684 1192 5731 est.
1218 5674 1449 5743 Snbellil
1469 5676 1706 5727 tuebitur
1732 5676 2001 5730 haeresim.

432 5747 623 5799 Addidi
656 5742 719 5797 ex
756 5747 911 5799 codd.
943 5745 1033 5798 τὸν
1078 5742 1365 5795 Σαϐἐλλιον
1399 5742 1471 5796 cf.
1505 5758 1558 5811 p.
1600 5744 1698 5796 107
1746 5743 1787 5795 D
1817 5745 1911 5799 lin.
1944 5744 2002 5797 In

434 5820 538 5869 line
568 5816 776 5884 plenius
826 5816 985 5920 lefes.
1046 5812 1272 5885 ἢαὺτὸς
1316 5813 1467 5866 ἐσται
1514 5814 1705 5885 Πατὴρ
1746 5814 1880 5884 ὁμοῦ
1910 5816 2007 5867 καὶ

434 5886 559 5920 ῪἾλ-
601 5885 629 5920 -ἓ
663 5884 797 5920 Ἀλιη-
834 5901 861 5920 n
885 5882 1223 5920 ιίνὲεεγῖἾόυ
1270 5886 1316 5920 οἱ
1347 5885 1445 5920 Ιηιρ
1471 5894 1547 5920 ne!
1589 5883 1884 5920 Iudaican
1936 5885 1978 5920 Μ

431 5882 633 5955 Υἱὸς,ἢ
663 5882 1243 5950 ὃλως,οῦθ“ἓξει’·Υίόν,
1270 5886 1316 5937 ei
1347 5885 1447 5939 hoc
1471 5894 1552 5938 est
1581 5882 1907 5940 Judaisrnus.
1934 5885 2003 5938 Μ.

2116 4737 2291 4809 Πατρί
2324 4737 2785 4808 πεπιστεύκαμεν.
2828 4756 2848 4791 ο

2766 5009 2922 5061 ΚΕΦ.
2965 5010 3039 5060 Δ’.

2116 5096 2316 5161 Ὅπως
2337 5096 2406 5149 ἐν
2427 5098 2523 5152 καὶ
2542 5100 2732 5154 αὐτὸν
2756 5097 2911 5225 εέᾝι
2939 5100 3044 5155 τὸν
3073 5102 3159 5156 Ad

2904 5188 2988 5225 re.

2904 5188 2988 5241 τε.

2188 5257 2389 5313 Τοῦτον
2429 5260 2540 5330 (8|)
2583 5261 2649 5331 δὴ
2687 5263 2778 5315 τὸν
2810 5264 3009 5334 τρόπον
3044 5267 3101 5317 ἐν
3128 5263 3206 5334 τῷ
3231 5262 3354 5335 Θεῷ
3374 5265 3503 5327 δοὺς
3550 5259 3685 5316 εἶναι

3163 5119 3267 5172 γον
3289 5104 3386 5155 καὶ
3418 5102 3527 5155 τὸν
3547 5099 3687 5154 Θεὸν

2111 5570 2172 5580 -—
2212 5539 2357 5595 Infra
2391 5541 2461 5595 τὰ
2497 5543 2556 5596 δὲ
2594 5560 2715 5612 γεγ.
2756 5544 3035 5599 transtulit
3060 5543 3231 5599 Mont.
3266 5547 3443 5598 omnia
3469 5542 3675 5615 (πάντα)

2112 5622 2297 5664 autem
2331 5622 2437 5667 est.

2327 5682 2424 5760 _S_icA
2447 5682 2592 5760 Mpi
2622 5684 2877 5760 codtl._et_
2896 5686 3056 5754 vulgo
3086 5687 3171 5756 ἐφ’

2182 5750 2513 5829 (§|_l)_.vulgo;
2533 5753 2626 5829 _‘Ev
2649 5756 2791 5829 ἀρχῇ
2818 5750 2913 5829 οὖν
2943 5750 3146 5813 εἶιηωὶ
3176 5750 3264 5810 εἰτ’
3298 5757 3568 5829 ἀλλήλαις.

2180 5821 2469 5894 (ὃιξνιιιευ
2490 5823 2545 5876 δέ
2577 5836 2631 5881 et
2672 5821 2885 5895 ἐνδεῷ.
