  <div class='ocr_page' id='page_1' title='image "/cluster/home/n/w/nwhite01/storage/ocr_20150623/24/hvd.32044019207729/468.png"; bbox 0 0 3970 6512; ppageno 0'>
   <div class='ocr_carea' id='block_1_1' title="bbox 238 347 3489 421">
    <p class='ocr_par' dir='ltr' id='par_1_1' title="bbox 238 347 3489 421">
     <span class='ocr_line' id='line_1_1' title="bbox 238 347 3489 421; baseline -0.003 -11"><span class='ocrx_word' id='word_1_1' title='bbox 238 357 352 410; x_wconf 74' lang='lat'><strong>905</strong></span> <span class='ocrx_word' id='word_1_2' title='bbox 1194 358 1279 412; x_wconf 82' lang='lat' dir='ltr'><strong>DE</strong></span> <span class='ocrx_word' id='word_1_3' title='bbox 1310 355 1839 421; x_wconf 76' lang='lat' dir='ltr'><strong>ECCLESIASTICA</strong></span> <span class='ocrx_word' id='word_1_4' title='bbox 1878 352 2271 409; x_wconf 64' lang='lat' dir='ltr'><strong>TIIEOLOGIA</strong></span> <span class='ocrx_word' id='word_1_5' title='bbox 2310 353 2439 409; x_wconf 84' lang='lat' dir='ltr'><strong>LIB.</strong></span> <span class='ocrx_word' id='word_1_6' title='bbox 2480 354 2542 409; x_wconf 90' lang='lat' dir='ltr'><strong>II.</strong></span> <span class='ocrx_word' id='word_1_7' title='bbox 3384 347 3489 402; x_wconf 77' lang='lat'><strong>906</strong></span> 
     </span>
    </p>
   </div>
   <div class='ocr_carea' id='block_1_2' title="bbox 238 463 1831 541">
    <p class='ocr_par' dir='ltr' id='par_1_2' title="bbox 238 468 1825 541">
     <span class='ocr_line' id='line_1_2' title="bbox 238 468 1825 541; baseline -0.002 -15"><span class='ocrx_word' id='word_1_8' title='bbox 238 474 338 527; x_wconf 80' lang='grc' dir='ltr'>τδν</span> <span class='ocrx_word' id='word_1_9' title='bbox 364 472 521 540; x_wconf 87' lang='grc' dir='ltr'>λόγον</span> <span class='ocrx_word' id='word_1_10' title='bbox 555 471 690 540; x_wconf 69' lang='grc'>(82),</span> <span class='ocrx_word' id='word_1_11' title='bbox 708 472 771 524; x_wconf 69' lang='grc' dir='ltr'>ἓν</span> <span class='ocrx_word' id='word_1_12' title='bbox 804 473 898 524; x_wconf 67' lang='grc' dir='ltr'><strong>καὶ</strong></span> <span class='ocrx_word' id='word_1_13' title='bbox 928 472 1121 525; x_wconf 79' lang='grc' dir='ltr'>ταύτὸν</span> <span class='ocrx_word' id='word_1_14' title='bbox 1168 468 1307 524; x_wconf 74' lang='grc' dir='ltr'>εἶναι</span> <span class='ocrx_word' id='word_1_15' title='bbox 1358 471 1507 541; x_wconf 75' lang='grc' dir='ltr'>αὐτῷ</span> <span class='ocrx_word' id='word_1_16' title='bbox 1536 471 1661 541; x_wconf 79' lang='grc' dir='ltr'><strong>ὲξῆς</strong></span> <span class='ocrx_word' id='word_1_17' title='bbox 1690 472 1825 523; x_wconf 90' lang='grc' dir='ltr'>ἀπο-</span> 
     </span>
    </p>
   </div>
   <div class='ocr_carea' id='block_1_3' title="bbox 1944 463 3489 541">
    <p class='ocr_par' dir='ltr' id='par_1_3' title="bbox 1944 463 3489 537">
     <span class='ocr_line' id='line_1_3' title="bbox 1944 463 3489 537; baseline -0.004 -14"><span class='ocrx_word' id='word_1_18' title='bbox 1944 468 2113 533; x_wconf 85' lang='lat' dir='ltr'><strong>:essit,</strong></span> <span class='ocrx_word' id='word_1_19' title='bbox 2148 483 2310 520; x_wconf 89' lang='lat' dir='ltr'><strong>unum</strong></span> <span class='ocrx_word' id='word_1_20' title='bbox 2338 479 2499 537; x_wconf 81' lang='lat' dir='ltr'><strong>atque</strong></span> <span class='ocrx_word' id='word_1_21' title='bbox 2531 469 2670 522; x_wconf 87' lang='lat' dir='ltr'><strong>idem</strong></span> <span class='ocrx_word' id='word_1_22' title='bbox 2709 482 2831 522; x_wconf 92' lang='lat' dir='ltr'><strong>cum</strong></span> <span class='ocrx_word' id='word_1_23' title='bbox 2861 481 2925 521; x_wconf 91' lang='lat' dir='ltr'><strong>eo</strong></span> <span class='ocrx_word' id='word_1_24' title='bbox 2958 466 3084 521; x_wconf 92' lang='lat' dir='ltr'><strong>illud</strong></span> <span class='ocrx_word' id='word_1_25' title='bbox 3110 465 3363 533; x_wconf 78' lang='lat' dir='ltr'><strong>deinceps</strong></span> <span class='ocrx_word' id='word_1_26' title='bbox 3390 463 3489 517; x_wconf 85' lang='lat' dir='ltr'><strong>do-</strong></span> 
     </span>
    </p>
   </div>
   <div class='ocr_carea' id='block_1_4' title="bbox 242 552 1831 635">
    <p class='ocr_par' dir='ltr' id='par_1_4' title="bbox 242 560 1823 635">
     <span class='ocr_line' id='line_1_4' title="bbox 242 560 1823 635; baseline -0.002 -18"><span class='ocrx_word' id='word_1_27' title='bbox 242 567 521 633; x_wconf 82' lang='grc' dir='ltr'>φαίνεται,</span> <span class='ocrx_word' id='word_1_28' title='bbox 558 565 699 617; x_wconf 81' lang='grc' dir='ltr'>κατὰ</span> <span class='ocrx_word' id='word_1_29' title='bbox 741 564 885 627; x_wconf 82' lang='grc' dir='ltr'>λέξιν</span> <span class='ocrx_word' id='word_1_30' title='bbox 929 560 1029 617; x_wconf 79' lang='grc' dir='ltr'><strong>ὧδε</strong></span> <span class='ocrx_word' id='word_1_31' title='bbox 1066 565 1291 635; x_wconf 81' lang='grc' dir='ltr'>γράφων</span> <span class='ocrx_word' id='word_1_32' title='bbox 1317 581 1330 593; x_wconf 80' lang='lat'><strong><em>°</em></strong></span> <span class='ocrx_word' id='word_1_33' title='bbox 1358 583 1379 613; x_wconf 83' lang='grc'><strong><em>‹</em></strong></span> <span class='ocrx_word' id='word_1_34' title='bbox 1420 565 1481 615; x_wconf 87' lang='lat' dir='ltr'><strong>El</strong></span> <span class='ocrx_word' id='word_1_35' title='bbox 1516 563 1614 633; x_wconf 86' lang='grc' dir='ltr'>μὲν</span> <span class='ocrx_word' id='word_1_36' title='bbox 1644 562 1751 631; x_wconf 84' lang='grc' dir='ltr'><strong>γὰρ</strong></span> <span class='ocrx_word' id='word_1_37' title='bbox 1789 564 1823 630; x_wconf 77' lang='grc' dir='ltr'><strong>ἡ</strong></span> 
     </span>
    </p>
   </div>
   <div class='ocr_carea' id='block_1_5' title="bbox 1944 552 3491 635">
    <p class='ocr_par' dir='ltr' id='par_1_5' title="bbox 1944 552 3491 630">
     <span class='ocr_line' id='line_1_5' title="bbox 1944 552 3491 630; baseline -0.004 -18"><span class='ocrx_word' id='word_1_38' title='bbox 1944 569 2013 612; x_wconf 86' lang='lat' dir='ltr'><strong>:et</strong></span> <span class='ocrx_word' id='word_1_39' title='bbox 2033 558 2331 623; x_wconf 79' lang='lat' dir='ltr'><strong>exstitisse,</strong></span> <span class='ocrx_word' id='word_1_40' title='bbox 2367 559 2438 612; x_wconf 90' lang='lat' dir='ltr'><strong>ita</strong></span> <span class='ocrx_word' id='word_1_41' title='bbox 2472 560 2711 613; x_wconf 90' lang='lat' dir='ltr'><strong>scribens</strong></span> <span class='ocrx_word' id='word_1_42' title='bbox 2742 578 2754 612; x_wconf 91' lang='lat'><strong>:</strong></span> <span class='ocrx_word' id='word_1_43' title='bbox 2794 557 2883 630; x_wconf 76' lang='grc' dir='ltr'><strong>[Β.</strong></span> <span class='ocrx_word' id='word_1_44' title='bbox 2914 556 3052 611; x_wconf 76' lang='lat' dir='ltr'><strong>LXII</strong></span> <span class='ocrx_word' id='word_1_45' title='bbox 3082 557 3205 611; x_wconf 93' lang='lat' dir='ltr'><strong>coll.</strong></span> <span class='ocrx_word' id='word_1_46' title='bbox 3235 571 3288 624; x_wconf 86' lang='lat' dir='ltr'><strong>p.</strong></span> <span class='ocrx_word' id='word_1_47' title='bbox 3328 555 3395 610; x_wconf 87' lang='lat'><strong>79</strong></span> <span class='ocrx_word' id='word_1_48' title='bbox 3421 552 3491 626; x_wconf 75' lang='grc' dir='ltr'><strong>Α]</strong></span> 
     </span>
    </p>
   </div>
   <div class='ocr_carea' id='block_1_6' title="bbox 248 651 1823 721">
    <p class='ocr_par' dir='ltr' id='par_1_6' title="bbox 248 651 1823 721">
     <span class='ocr_line' id='line_1_6' title="bbox 248 651 1823 721; baseline -0.001 -16"><span class='ocrx_word' id='word_1_49' title='bbox 248 672 271 705; x_wconf 71' lang='grc' dir='ltr'><strong>ι</strong></span> <span class='ocrx_word' id='word_1_50' title='bbox 314 651 409 705; x_wconf 80' lang='grc' dir='ltr'><strong>τοῦ</strong></span> <span class='ocrx_word' id='word_1_51' title='bbox 435 652 749 721; x_wconf 88' lang='grc' dir='ltr'>Πνεύματος</span> <span class='ocrx_word' id='word_1_52' title='bbox 774 652 1019 715; x_wconf 73' lang='grc' dir='ltr'><strong>ἐξέτασις</strong></span> <span class='ocrx_word' id='word_1_53' title='bbox 1045 653 1282 719; x_wconf 76' lang='grc' dir='ltr'>γίγνοιτο</span> <span class='ocrx_word' id='word_1_54' title='bbox 1312 653 1471 721; x_wconf 84' lang='grc' dir='ltr'>μόνη,</span> <span class='ocrx_word' id='word_1_55' title='bbox 1500 652 1555 703; x_wconf 84' lang='grc' dir='ltr'>ἓν</span> <span class='ocrx_word' id='word_1_56' title='bbox 1582 651 1676 704; x_wconf 75' lang='grc' dir='ltr'><strong>καὶ</strong></span> <span class='ocrx_word' id='word_1_57' title='bbox 1695 652 1823 703; x_wconf 81' lang='grc' dir='ltr'>ταύ-</span> 
     </span>
    </p>
   </div>
   <div class='ocr_carea' id='block_1_7' title="bbox 250 739 1824 811">
    <p class='ocr_par' dir='ltr' id='par_1_7' title="bbox 250 739 1824 811">
     <span class='ocr_line' id='line_1_7' title="bbox 250 739 1824 811; baseline -0.001 -16"><span class='ocrx_word' id='word_1_58' title='bbox 250 763 271 795; x_wconf 78' lang='grc' dir='ltr'><strong>ι</strong></span> <span class='ocrx_word' id='word_1_59' title='bbox 314 743 407 796; x_wconf 87' lang='grc' dir='ltr'><strong>τὸν</strong></span> <span class='ocrx_word' id='word_1_60' title='bbox 446 743 669 804; x_wconf 83' lang='grc' dir='ltr'><strong>εἰκότως</strong></span> <span class='ocrx_word' id='word_1_61' title='bbox 699 743 763 795; x_wconf 79' lang='grc' dir='ltr'><strong>ἂν</strong></span> <span class='ocrx_word' id='word_1_62' title='bbox 787 745 815 795; x_wconf 98' lang='lat'><strong>6</strong></span> <span class='ocrx_word' id='word_1_63' title='bbox 841 743 1011 810; x_wconf 83' lang='grc' dir='ltr'><strong>Λόγος</strong></span> <span class='ocrx_word' id='word_1_64' title='bbox 1038 739 1179 795; x_wconf 74' lang='grc' dir='ltr'>εἶναι</span> <span class='ocrx_word' id='word_1_65' title='bbox 1210 743 1290 811; x_wconf 76' lang='grc' dir='ltr'>τῷ</span> <span class='ocrx_word' id='word_1_66' title='bbox 1323 742 1442 810; x_wconf 80' lang='grc' dir='ltr'>Θεῷ</span> <span class='ocrx_word' id='word_1_67' title='bbox 1471 743 1712 809; x_wconf 78' lang='grc' dir='ltr'>φαίνοιτο</span> <span class='ocrx_word' id='word_1_68' title='bbox 1731 759 1743 772; x_wconf 93' lang='grc'><strong>·</strong></span> <span class='ocrx_word' id='word_1_69' title='bbox 1776 744 1824 794; x_wconf 86' lang='grc' dir='ltr'><strong>εί</strong></span> 
     </span>
    </p>
   </div>
   <div class='ocr_carea' id='block_1_8' title="bbox 250 830 1826 902">
    <p class='ocr_par' dir='ltr' id='par_1_8' title="bbox 250 830 1826 902">
     <span class='ocr_line' id='line_1_8' title="bbox 250 830 1826 902; baseline -0.001 -20"><span class='ocrx_word' id='word_1_70' title='bbox 250 849 273 882; x_wconf 74' lang='grc' dir='ltr'>ι</span> <span class='ocrx_word' id='word_1_71' title='bbox 315 832 371 884; x_wconf 82' lang='grc' dir='ltr'><strong>δὲ</strong></span> <span class='ocrx_word' id='word_1_72' title='bbox 423 833 455 901; x_wconf 80' lang='grc' dir='ltr'>ἡ</span> <span class='ocrx_word' id='word_1_73' title='bbox 509 831 659 885; x_wconf 80' lang='grc' dir='ltr'>κατὰ</span> <span class='ocrx_word' id='word_1_74' title='bbox 707 830 906 899; x_wconf 81' lang='grc' dir='ltr'><em>σάρκα</em></span> <span class='ocrx_word' id='word_1_75' title='bbox 953 832 1237 902; x_wconf 78' lang='grc' dir='ltr'><strong>προσθήκη</strong></span> <span class='ocrx_word' id='word_1_76' title='bbox 1292 832 1383 883; x_wconf 72' lang='grc' dir='ltr'>ἐπὶ</span> <span class='ocrx_word' id='word_1_77' title='bbox 1433 830 1527 883; x_wconf 81' lang='grc' dir='ltr'>τοῦ</span> <span class='ocrx_word' id='word_1_78' title='bbox 1577 830 1826 900; x_wconf 80' lang='grc' dir='ltr'>Σωτῆρος</span> 
     </span>
    </p>
   </div>
   <div class='ocr_carea' id='block_1_9' title="bbox 249 918 1824 993">
    <p class='ocr_par' dir='ltr' id='par_1_9' title="bbox 249 918 1824 993">
     <span class='ocr_line' id='line_1_9' title="bbox 249 918 1824 993; baseline -0.001 -21"><span class='ocrx_word' id='word_1_79' title='bbox 249 940 272 972; x_wconf 68' lang='grc' dir='ltr'>ι</span> <span class='ocrx_word' id='word_1_80' title='bbox 319 921 655 985; x_wconf 76' lang='grc' dir='ltr'><strong>ἐξετάζοιτο,</strong></span> <span class='ocrx_word' id='word_1_81' title='bbox 698 923 951 993; x_wconf 75' lang='grc' dir='ltr'>ἐνεργείᾳ</span> <span class='ocrx_word' id='word_1_82' title='bbox 991 924 1023 991; x_wconf 75' lang='grc' dir='ltr'><strong>ἡ</strong></span> <span class='ocrx_word' id='word_1_83' title='bbox 1059 921 1250 987; x_wconf 86' lang='grc' dir='ltr'>Θεότης</span> <span class='ocrx_word' id='word_1_84' title='bbox 1294 921 1429 993; x_wconf 79' lang='grc' dir='ltr'>μόνῃ</span> <span class='ocrx_word' id='word_1_85' title='bbox 1464 918 1824 972; x_wconf 82' lang='grc' dir='ltr'>πλατύνεσθαι</span> 
     </span>
    </p>
   </div>
   <div class='ocr_carea' id='block_1_10' title="bbox 250 1012 1820 1083">
    <p class='ocr_par' dir='ltr' id='par_1_10' title="bbox 250 1012 1820 1083">
     <span class='ocr_line' id='line_1_10' title="bbox 250 1012 1820 1083; baseline -0.004 -17"><span class='ocrx_word' id='word_1_86' title='bbox 250 1033 272 1066; x_wconf 70' lang='grc' dir='ltr'><strong>ι</strong></span> <span class='ocrx_word' id='word_1_87' title='bbox 316 1015 462 1066; x_wconf 87' lang='grc' dir='ltr'>δοκεῖ</span> <span class='ocrx_word' id='word_1_88' title='bbox 477 1030 489 1042; x_wconf 90' lang='grc'><strong>·</strong></span> <span class='ocrx_word' id='word_1_89' title='bbox 512 1013 653 1066; x_wconf 82' lang='grc' dir='ltr'>ὥστε</span> <span class='ocrx_word' id='word_1_90' title='bbox 681 1015 906 1076; x_wconf 78' lang='grc' dir='ltr'><strong>εἰκότως</strong></span> <span class='ocrx_word' id='word_1_91' title='bbox 930 1014 1094 1083; x_wconf 84' lang='grc' dir='ltr'>μονὰς</span> <span class='ocrx_word' id='word_1_92' title='bbox 1110 1014 1278 1076; x_wconf 69' lang='grc' dir='ltr'>ὅντως</span> <span class='ocrx_word' id='word_1_93' title='bbox 1302 1013 1449 1064; x_wconf 70' lang='grc' dir='ltr'>ἐστὶν</span> <span class='ocrx_word' id='word_1_94' title='bbox 1466 1012 1783 1082; x_wconf 84' lang='grc' dir='ltr'>ἀδιαίρετος.</span> <span class='ocrx_word' id='word_1_95' title='bbox 1802 1030 1820 1061; x_wconf 71' lang='grc' dir='ltr'><strong>ι</strong></span> 
     </span>
    </p>
   </div>
   <div class='ocr_carea' id='block_1_11' title="bbox 244 1102 1826 1175">
    <p class='ocr_par' dir='ltr' id='par_1_11' title="bbox 244 1102 1826 1175">
     <span class='ocr_line' id='line_1_11' title="bbox 244 1102 1826 1175; baseline -0.003 -17"><span class='ocrx_word' id='word_1_96' title='bbox 244 1106 362 1158; x_wconf 75' lang='grc' dir='ltr'><strong>Καὶ</strong></span> <span class='ocrx_word' id='word_1_97' title='bbox 394 1104 554 1156; x_wconf 84' lang='grc' dir='ltr'>πάλιν</span> <span class='ocrx_word' id='word_1_98' title='bbox 589 1103 792 1174; x_wconf 78' lang='grc' dir='ltr'>προϊών</span> <span class='ocrx_word' id='word_1_99' title='bbox 840 1120 1034 1173; x_wconf 84' lang='grc' dir='ltr'>φησιν·</span> <span class='ocrx_word' id='word_1_100' title='bbox 1073 1122 1091 1153; x_wconf 79' lang='grc' dir='ltr'>ι</span> <span class='ocrx_word' id='word_1_101' title='bbox 1132 1105 1205 1156; x_wconf 78' lang='grc' dir='ltr'><strong>Ού</strong></span> <span class='ocrx_word' id='word_1_102' title='bbox 1245 1104 1334 1157; x_wconf 76' lang='grc' dir='ltr'><strong>διὰ</strong></span> <span class='ocrx_word' id='word_1_103' title='bbox 1365 1102 1465 1175; x_wconf 79' lang='grc' dir='ltr'><strong>τὴν</strong></span> <span class='ocrx_word' id='word_1_104' title='bbox 1515 1105 1572 1154; x_wconf 84' lang='grc' dir='ltr'><strong>ἐν</strong></span> <span class='ocrx_word' id='word_1_105' title='bbox 1622 1102 1826 1155; x_wconf 75' lang='grc' dir='ltr'>ἅπασιν</span> 
     </span>
    </p>
   </div>
   <div class='ocr_carea' id='block_1_12' title="bbox 249 1192 1827 1266">
    <p class='ocr_par' dir='ltr' id='par_1_12' title="bbox 249 1192 1827 1266">
     <span class='ocr_line' id='line_1_12' title="bbox 249 1192 1827 1266; baseline -0.001 -19"><span class='ocrx_word' id='word_1_106' title='bbox 249 1214 275 1247; x_wconf 70' lang='grc' dir='ltr'>ι</span> <span class='ocrx_word' id='word_1_107' title='bbox 319 1192 410 1248; x_wconf 74' lang='grc' dir='ltr'>οὖν</span> <span class='ocrx_word' id='word_1_108' title='bbox 440 1195 617 1263; x_wconf 85' lang='grc' dir='ltr'><strong>λόγοις</strong></span> <span class='ocrx_word' id='word_1_109' title='bbox 665 1211 723 1247; x_wconf 87' lang='grc' dir='ltr'><strong>τε</strong></span> <span class='ocrx_word' id='word_1_110' title='bbox 767 1197 861 1247; x_wconf 71' lang='grc' dir='ltr'><strong>καὶ</strong></span> <span class='ocrx_word' id='word_1_111' title='bbox 917 1195 1100 1266; x_wconf 82' lang='grc' dir='ltr'><strong>ἔργοις</strong></span> <span class='ocrx_word' id='word_1_112' title='bbox 1130 1195 1329 1265; x_wconf 79' lang='grc' dir='ltr'>ἀκριϐῆ</span> <span class='ocrx_word' id='word_1_113' title='bbox 1366 1194 1704 1264; x_wconf 74' lang='grc' dir='ltr'><strong>συμφωνίαν,</strong></span> <span class='ocrx_word' id='word_1_114' title='bbox 1752 1194 1827 1256; x_wconf 86' lang='grc' dir='ltr'><strong>ὼς</strong></span> 
     </span>
    </p>
   </div>
   <div class='ocr_carea' id='block_1_13' title="bbox 249 1282 1827 1356">
    <p class='ocr_par' dir='ltr' id='par_1_13' title="bbox 249 1282 1827 1356">
     <span class='ocr_line' id='line_1_13' title="bbox 249 1282 1827 1356; baseline -0.002 -18"><span class='ocrx_word' id='word_1_115' title='bbox 249 1301 279 1339; x_wconf 74' lang='lat' dir='ltr'><strong>c</strong></span> <span class='ocrx_word' id='word_1_116' title='bbox 325 1286 598 1356; x_wconf 82' lang='grc' dir='ltr'>’Δστέριος</span> <span class='ocrx_word' id='word_1_117' title='bbox 627 1284 752 1354; x_wconf 74' lang='grc' dir='ltr'><strong>ἔφη,</strong></span> <span class='ocrx_word' id='word_1_118' title='bbox 786 1286 814 1336; x_wconf 94' lang='lat'><strong>6</strong></span> <span class='ocrx_word' id='word_1_119' title='bbox 836 1285 1024 1355; x_wconf 57' lang='grc' dir='ltr'>ωτὴρ</span> <span class='ocrx_word' id='word_1_120' title='bbox 1049 1285 1218 1351; x_wconf 80' lang='grc' dir='ltr'><strong>λέγει,</strong></span> <span class='ocrx_word' id='word_1_121' title='bbox 1257 1285 1402 1353; x_wconf 80' lang='grc' dir='ltr'><strong>Ἐγὼ</strong></span> <span class='ocrx_word' id='word_1_122' title='bbox 1436 1284 1530 1336; x_wconf 75' lang='grc' dir='ltr'>καὶ</span> <span class='ocrx_word' id='word_1_123' title='bbox 1563 1288 1595 1336; x_wconf 87' lang='grc' dir='ltr'><strong>ό</strong></span> <span class='ocrx_word' id='word_1_124' title='bbox 1625 1282 1827 1350; x_wconf 82' lang='grc' dir='ltr'>Πατὴρ</span> 
     </span>
    </p>
   </div>
   <div class='ocr_carea' id='block_1_14' title="bbox 248 1374 1825 1445">
    <p class='ocr_par' dir='ltr' id='par_1_14' title="bbox 248 1374 1825 1445">
     <span class='ocr_line' id='line_1_14' title="bbox 248 1374 1825 1445; baseline -0.005 -13"><span class='ocrx_word' id='word_1_125' title='bbox 248 1393 281 1432; x_wconf 68' lang='grc'><strong>1</strong></span> <span class='ocrx_word' id='word_1_126' title='bbox 316 1374 391 1430; x_wconf 72' lang='grc' dir='ltr'><strong>ἓν</strong></span> <span class='ocrx_word' id='word_1_127' title='bbox 409 1377 611 1445; x_wconf 72' lang='grc' dir='ltr'>ἐσμενο</span> <span class='ocrx_word' id='word_1_128' title='bbox 641 1375 777 1427; x_wconf 75' lang='grc' dir='ltr'>ἀλλὰ</span> <span class='ocrx_word' id='word_1_129' title='bbox 804 1375 933 1427; x_wconf 82' lang='grc' dir='ltr'><strong>διότι</strong></span> <span class='ocrx_word' id='word_1_130' title='bbox 964 1375 1219 1427; x_wconf 83' lang='grc' dir='ltr'>ἀδύνατόν</span> <span class='ocrx_word' id='word_1_131' title='bbox 1243 1376 1387 1427; x_wconf 78' lang='grc' dir='ltr'>ἐστιν</span> <span class='ocrx_word' id='word_1_132' title='bbox 1412 1374 1444 1445; x_wconf 81' lang='grc' dir='ltr'>ἢ</span> <span class='ocrx_word' id='word_1_133' title='bbox 1467 1375 1637 1441; x_wconf 83' lang='grc' dir='ltr'><strong>Λόγον</strong></span> <span class='ocrx_word' id='word_1_134' title='bbox 1670 1374 1825 1435; x_wconf 91' lang='grc' dir='ltr'>Θεοῦ,</span> 
     </span>
    </p>
   </div>
   <div class='ocr_carea' id='block_1_15' title="bbox 251 1468 1828 1544">
    <p class='ocr_par' dir='ltr' id='par_1_15' title="bbox 251 1468 1828 1544">
     <span class='ocr_line' id='line_1_15' title="bbox 251 1468 1828 1544; baseline -0.004 -18"><span class='ocrx_word' id='word_1_135' title='bbox 251 1486 281 1526; x_wconf 74' lang='grc' dir='ltr'>ι</span> <span class='ocrx_word' id='word_1_136' title='bbox 318 1473 354 1544; x_wconf 70' lang='grc' dir='ltr'><strong>ἢ</strong></span> <span class='ocrx_word' id='word_1_137' title='bbox 382 1472 512 1524; x_wconf 88' lang='grc' dir='ltr'>Θεὸν</span> <span class='ocrx_word' id='word_1_138' title='bbox 544 1470 636 1522; x_wconf 83' lang='grc' dir='ltr'><strong>τοῦ</strong></span> <span class='ocrx_word' id='word_1_139' title='bbox 662 1470 860 1521; x_wconf 73' lang='grc' dir='ltr'>ἑαυτοῦ</span> <span class='ocrx_word' id='word_1_140' title='bbox 890 1468 1204 1540; x_wconf 79' lang='grc' dir='ltr'>μερίζεσθαι</span> <span class='ocrx_word' id='word_1_141' title='bbox 1240 1468 1432 1535; x_wconf 84' lang='grc' dir='ltr'><strong>Λόγου.</strong></span> <span class='ocrx_word' id='word_1_142' title='bbox 1470 1486 1488 1517; x_wconf 76' lang='grc' dir='ltr'><strong>ι</strong></span> <span class='ocrx_word' id='word_1_143' title='bbox 1526 1468 1587 1519; x_wconf 85' lang='lat' dir='ltr'><strong>El</strong></span> <span class='ocrx_word' id='word_1_144' title='bbox 1622 1468 1732 1537; x_wconf 81' lang='grc'>(85)</span> <span class='ocrx_word' id='word_1_145' title='bbox 1765 1468 1828 1537; x_wconf 83' lang='grc' dir='ltr'><strong>δὴ</strong></span> 
     </span>
    </p>
   </div>
   <div class='ocr_carea' id='block_1_16' title="bbox 246 1555 1829 1629">
    <p class='ocr_par' dir='ltr' id='par_1_16' title="bbox 246 1555 1829 1629">
     <span class='ocr_line' id='line_1_16' title="bbox 246 1555 1829 1629; baseline -0.005 -14"><span class='ocrx_word' id='word_1_146' title='bbox 246 1557 347 1615; x_wconf 82' lang='grc' dir='ltr'>οὖν</span> <span class='ocrx_word' id='word_1_147' title='bbox 374 1561 431 1612; x_wconf 85' lang='grc' dir='ltr'><strong>ἒν</strong></span> <span class='ocrx_word' id='word_1_148' title='bbox 452 1561 544 1613; x_wconf 76' lang='grc' dir='ltr'>καὶ</span> <span class='ocrx_word' id='word_1_149' title='bbox 567 1560 757 1613; x_wconf 71' lang='grc' dir='ltr'>ταύτὸν</span> <span class='ocrx_word' id='word_1_150' title='bbox 780 1555 847 1629; x_wconf 72' lang='grc' dir='ltr'>ἦν</span> <span class='ocrx_word' id='word_1_151' title='bbox 879 1561 907 1611; x_wconf 86' lang='lat'><strong>6</strong></span> <span class='ocrx_word' id='word_1_152' title='bbox 928 1559 1058 1621; x_wconf 86' lang='grc' dir='ltr'>Θεὸς</span> <span class='ocrx_word' id='word_1_153' title='bbox 1092 1559 1184 1611; x_wconf 75' lang='grc' dir='ltr'><strong>καὶ</strong></span> <span class='ocrx_word' id='word_1_154' title='bbox 1212 1561 1240 1611; x_wconf 91' lang='lat'><strong>6</strong></span> <span class='ocrx_word' id='word_1_155' title='bbox 1266 1560 1322 1609; x_wconf 79' lang='grc' dir='ltr'>ὲν</span> <span class='ocrx_word' id='word_1_156' title='bbox 1354 1556 1500 1626; x_wconf 82' lang='grc' dir='ltr'>αύτῷ</span> <span class='ocrx_word' id='word_1_157' title='bbox 1533 1556 1723 1624; x_wconf 85' lang='grc' dir='ltr'><strong>Λόγος,</strong></span> <span class='ocrx_word' id='word_1_158' title='bbox 1754 1557 1829 1619; x_wconf 82' lang='grc' dir='ltr'><strong>ὡς</strong></span> 
     </span>
    </p>
   </div>
   <div class='ocr_carea' id='block_1_17' title="bbox 246 1648 1825 1723">
    <p class='ocr_par' dir='ltr' id='par_1_17' title="bbox 246 1648 1825 1723">
     <span class='ocr_line' id='line_1_17' title="bbox 246 1648 1825 1723; baseline -0.005 -16"><span class='ocrx_word' id='word_1_159' title='bbox 246 1655 401 1707; x_wconf 86' lang='grc' dir='ltr'><strong>δοκεῖ</strong></span> <span class='ocrx_word' id='word_1_160' title='bbox 432 1652 757 1723; x_wconf 80' lang='grc' dir='ltr'><strong>Μαρκέλλῳ,</strong></span> <span class='ocrx_word' id='word_1_161' title='bbox 808 1652 836 1703; x_wconf 91' lang='lat'><strong>6</strong></span> <span class='ocrx_word' id='word_1_162' title='bbox 877 1653 933 1703; x_wconf 80' lang='grc' dir='ltr'>ὲν</span> <span class='ocrx_word' id='word_1_163' title='bbox 963 1653 1028 1721; x_wconf 79' lang='grc' dir='ltr'><strong>τῇ</strong></span> <span class='ocrx_word' id='word_1_164' title='bbox 1072 1649 1202 1720; x_wconf 79' lang='grc' dir='ltr'>ἁγίᾳ</span> <span class='ocrx_word' id='word_1_165' title='bbox 1230 1648 1492 1719; x_wconf 80' lang='grc' dir='ltr'>Παρθένῳ</span> <span class='ocrx_word' id='word_1_166' title='bbox 1516 1648 1825 1718; x_wconf 84' lang='grc' dir='ltr'>γενόμενος,</span> 
     </span>
    </p>
   </div>
   <div class='ocr_carea' id='block_1_18' title="bbox 250 1736 1830 1815">
    <p class='ocr_par' dir='ltr' id='par_1_18' title="bbox 250 1736 1830 1815">
     <span class='ocr_line' id='line_1_18' title="bbox 250 1736 1830 1815; baseline -0.006 -17"><span class='ocrx_word' id='word_1_167' title='bbox 250 1747 349 1798; x_wconf 77' lang='grc' dir='ltr'><strong>καὶ</strong></span> <span class='ocrx_word' id='word_1_168' title='bbox 389 1742 711 1815; x_wconf 78' lang='grc' dir='ltr'>σαρκωθεὶς,</span> <span class='ocrx_word' id='word_1_169' title='bbox 757 1742 849 1793; x_wconf 75' lang='grc' dir='ltr'><strong>καὶ</strong></span> <span class='ocrx_word' id='word_1_170' title='bbox 895 1741 1337 1811; x_wconf 82' lang='grc' dir='ltr'>ἐνανθρωπήσας,</span> <span class='ocrx_word' id='word_1_171' title='bbox 1383 1740 1476 1792; x_wconf 72' lang='grc' dir='ltr'>καὶ</span> <span class='ocrx_word' id='word_1_172' title='bbox 1525 1738 1711 1792; x_wconf 81' lang='grc' dir='ltr'>παθὼν</span> <span class='ocrx_word' id='word_1_173' title='bbox 1764 1736 1830 1789; x_wconf 83' lang='grc' dir='ltr'><strong>τά</strong></span> 
     </span>
    </p>
   </div>
   <div class='ocr_carea' id='block_1_19' title="bbox 251 1828 1829 1906">
    <p class='ocr_par' dir='ltr' id='par_1_19' title="bbox 251 1828 1829 1906">
     <span class='ocr_line' id='line_1_19' title="bbox 251 1828 1829 1906; baseline -0.008 -14"><span class='ocrx_word' id='word_1_174' title='bbox 251 1834 740 1906; x_wconf 82' lang='grc' dir='ltr'>ἀναγεγραμμένα,</span> <span class='ocrx_word' id='word_1_175' title='bbox 772 1833 864 1885; x_wconf 69' lang='grc' dir='ltr'><strong>καὶ</strong></span> <span class='ocrx_word' id='word_1_176' title='bbox 902 1832 1183 1884; x_wconf 84' lang='grc' dir='ltr'>ἀποθανὼν</span> <span class='ocrx_word' id='word_1_177' title='bbox 1229 1831 1368 1901; x_wconf 78' lang='grc' dir='ltr'>ὑπὲρ</span> <span class='ocrx_word' id='word_1_178' title='bbox 1408 1830 1514 1882; x_wconf 79' lang='grc' dir='ltr'>τῶν</span> <span class='ocrx_word' id='word_1_179' title='bbox 1546 1828 1829 1900; x_wconf 82' lang='grc' dir='ltr'>ἁμαρτιῶν</span> 
     </span>
    </p>
   </div>
   <div class='ocr_carea' id='block_1_20' title="bbox 250 1920 1832 1997">
    <p class='ocr_par' dir='ltr' id='par_1_20' title="bbox 250 1920 1832 1997">
     <span class='ocr_line' id='line_1_20' title="bbox 250 1920 1832 1997; baseline -0.006 -17"><span class='ocrx_word' id='word_1_180' title='bbox 250 1926 434 1997; x_wconf 72' lang='grc' dir='ltr'>ἡμῶν,</span> <span class='ocrx_word' id='word_1_181' title='bbox 462 1925 621 1987; x_wconf 80' lang='grc' dir='ltr'>αὐτὸς</span> <span class='ocrx_word' id='word_1_182' title='bbox 641 1920 708 1993; x_wconf 81' lang='grc' dir='ltr'>ἦν</span> <span class='ocrx_word' id='word_1_183' title='bbox 732 1926 759 1976; x_wconf 89' lang='grc' dir='ltr'>ὁ</span> <span class='ocrx_word' id='word_1_184' title='bbox 786 1926 877 1975; x_wconf 69' lang='grc' dir='ltr'><strong>ἐπὶ</strong></span> <span class='ocrx_word' id='word_1_185' title='bbox 896 1924 1108 1976; x_wconf 85' lang='grc' dir='ltr'>πάντων</span> <span class='ocrx_word' id='word_1_186' title='bbox 1138 1922 1287 1983; x_wconf 89' lang='grc' dir='ltr'><strong>Θεός.</strong></span> <span class='ocrx_word' id='word_1_187' title='bbox 1312 1924 1376 1974; x_wconf 88' lang='grc' dir='ltr'>Ὃ</span> <span class='ocrx_word' id='word_1_188' title='bbox 1398 1921 1460 1990; x_wconf 78' lang='grc' dir='ltr'><strong>δὴ</strong></span> <span class='ocrx_word' id='word_1_189' title='bbox 1488 1922 1832 1991; x_wconf 74' lang='grc' dir='ltr'>τολμήσαντα</span> 
     </span>
    </p>
   </div>
   <div class='ocr_carea' id='block_1_21' title="bbox 253 2012 1834 2087">
    <p class='ocr_par' dir='ltr' id='par_1_21' title="bbox 253 2012 1834 2087">
     <span class='ocr_line' id='line_1_21' title="bbox 253 2012 1834 2087; baseline -0.005 -15"><span class='ocrx_word' id='word_1_190' title='bbox 253 2019 423 2087; x_wconf 73' lang='grc' dir='ltr'>φάναι</span> <span class='ocrx_word' id='word_1_191' title='bbox 448 2018 542 2070; x_wconf 86' lang='grc' dir='ltr'><strong>τὸν</strong></span> <span class='ocrx_word' id='word_1_192' title='bbox 570 2016 852 2069; x_wconf 77' lang='grc' dir='ltr'>Σαϐέλλιον</span> <span class='ocrx_word' id='word_1_193' title='bbox 876 2016 907 2084; x_wconf 78' lang='grc' dir='ltr'><strong>ἡ</strong></span> <span class='ocrx_word' id='word_1_194' title='bbox 955 2014 1245 2083; x_wconf 75' lang='grc' dir='ltr'>Ἐκκλησία</span> <span class='ocrx_word' id='word_1_195' title='bbox 1278 2014 1373 2066; x_wconf 84' lang='grc' dir='ltr'>τοῦ</span> <span class='ocrx_word' id='word_1_196' title='bbox 1402 2012 1535 2065; x_wconf 88' lang='grc' dir='ltr'>Θεοῦ</span> <span class='ocrx_word' id='word_1_197' title='bbox 1568 2014 1627 2065; x_wconf 85' lang='grc' dir='ltr'>ὲν</span> <span class='ocrx_word' id='word_1_198' title='bbox 1655 2012 1834 2076; x_wconf 84' lang='grc' dir='ltr'>ἀθέοις</span> 
     </span>
    </p>
   </div>
   <div class='ocr_carea' id='block_1_22' title="bbox 253 2103 1180 2177">
    <p class='ocr_par' dir='ltr' id='par_1_22' title="bbox 253 2103 1180 2177">
     <span class='ocr_line' id='line_1_22' title="bbox 253 2103 1180 2177; baseline -0.009 -14"><span class='ocrx_word' id='word_1_199' title='bbox 253 2107 353 2164; x_wconf 73' lang='grc' dir='ltr'>καὶ</span> <span class='ocrx_word' id='word_1_200' title='bbox 380 2108 721 2177; x_wconf 83' lang='grc' dir='ltr'>βλασφήμοις</span> <span class='ocrx_word' id='word_1_201' title='bbox 751 2105 857 2173; x_wconf 73' lang='grc'>(84)</span> <span class='ocrx_word' id='word_1_202' title='bbox 878 2103 1180 2168; x_wconf 80' lang='grc' dir='ltr'>κατέλεξεν.</span> 
     </span>
    </p>
   </div>
   <div class='ocr_carea' id='block_1_23' title="bbox 905 2370 1184 2428">
    <p class='ocr_par' dir='ltr' id='par_1_23' title="bbox 905 2370 1184 2428">
     <span class='ocr_line' id='line_1_23' title="bbox 905 2370 1184 2428; baseline 0 -3"><span class='ocrx_word' id='word_1_203' title='bbox 905 2370 1065 2428; x_wconf 79' lang='grc' dir='ltr'><strong>ΚΕΦ.</strong></span> <span class='ocrx_word' id='word_1_204' title='bbox 1106 2370 1184 2425; x_wconf 85' lang='lat' dir='ltr'><strong>E&#39;.</strong></span> 
     </span>
    </p>
   </div>
   <div class='ocr_carea' id='block_1_24' title="bbox 490 2461 1623 2532">
    <p class='ocr_par' dir='ltr' id='par_1_24' title="bbox 490 2461 1623 2532">
     <span class='ocr_line' id='line_1_24' title="bbox 490 2461 1623 2532; baseline -0.004 -15"><span class='ocrx_word' id='word_1_205' title='bbox 490 2464 613 2518; x_wconf 86' lang='grc' dir='ltr'>Ὅτι</span> <span class='ocrx_word' id='word_1_206' title='bbox 639 2462 827 2519; x_wconf 81' lang='grc' dir='ltr'>ταῦτα</span> <span class='ocrx_word' id='word_1_207' title='bbox 852 2464 1045 2532; x_wconf 66' lang='grc' dir='ltr'>λέγων</span> <span class='ocrx_word' id='word_1_208' title='bbox 1070 2462 1304 2531; x_wconf 73' lang='grc' dir='ltr'>ἠρνεῖτο</span> <span class='ocrx_word' id='word_1_209' title='bbox 1332 2462 1434 2517; x_wconf 74' lang='grc' dir='ltr'>τὸν</span> <span class='ocrx_word' id='word_1_210' title='bbox 1469 2461 1623 2516; x_wconf 75' lang='grc' dir='ltr'><strong>Υὶόν.</strong></span> 
     </span>
    </p>
   </div>
   <div class='ocr_carea' id='block_1_25' title="bbox 326 2546 1834 2626">
    <p class='ocr_par' dir='ltr' id='par_1_25' title="bbox 326 2546 1834 2626">
     <span class='ocr_line' id='line_1_25' title="bbox 326 2546 1834 2626; baseline -0.005 -16"><span class='ocrx_word' id='word_1_211' title='bbox 326 2556 393 2610; x_wconf 76' lang='grc' dir='ltr'><strong>Εἰ</strong></span> <span class='ocrx_word' id='word_1_212' title='bbox 421 2557 478 2609; x_wconf 84' lang='grc' dir='ltr'><strong>δὲ</strong></span> <span class='ocrx_word' id='word_1_213' title='bbox 503 2555 652 2624; x_wconf 86' lang='grc' dir='ltr'>λέγοι</span> <span class='ocrx_word' id='word_1_214' title='bbox 674 2555 987 2626; x_wconf 89' lang='grc' dir='ltr'>Μάρκελλος</span> <span class='ocrx_word' id='word_1_215' title='bbox 1009 2556 1097 2607; x_wconf 74' lang='grc' dir='ltr'><strong>τὸν</strong></span> <span class='ocrx_word' id='word_1_216' title='bbox 1116 2546 1447 2622; x_wconf 16' lang='grc' dir='ltr'><strong>Λόγοννεῖνοι</strong></span> <span class='ocrx_word' id='word_1_217' title='bbox 1476 2552 1567 2605; x_wconf 81' lang='grc' dir='ltr'><strong>τοῦ</strong></span> <span class='ocrx_word' id='word_1_218' title='bbox 1591 2551 1724 2605; x_wconf 87' lang='grc' dir='ltr'>Θεοῦ</span> <span class='ocrx_word' id='word_1_219' title='bbox 1746 2552 1834 2605; x_wconf 88' lang='grc' dir='ltr'><strong>τὸν</strong></span> 
     </span>
    </p>
   </div>
   <div class='ocr_carea' id='block_1_26' title="bbox 260 2639 1835 2718">
    <p class='ocr_par' dir='ltr' id='par_1_26' title="bbox 260 2639 1835 2718">
     <span class='ocr_line' id='line_1_26' title="bbox 260 2639 1835 2718; baseline -0.004 -17"><span class='ocrx_word' id='word_1_220' title='bbox 260 2647 633 2718; x_wconf 87' lang='grc' dir='ltr'>σαρκωθέντα,</span> <span class='ocrx_word' id='word_1_221' title='bbox 658 2646 769 2699; x_wconf 73' lang='grc' dir='ltr'>ἀλλ’</span> <span class='ocrx_word' id='word_1_222' title='bbox 788 2646 1087 2715; x_wconf 82' lang='grc' dir='ltr'>ἀχώριστον</span> <span class='ocrx_word' id='word_1_223' title='bbox 1114 2645 1276 2697; x_wconf 80' lang='grc' dir='ltr'>αὐτὸν</span> <span class='ocrx_word' id='word_1_224' title='bbox 1298 2644 1533 2715; x_wconf 79' lang='grc' dir='ltr'>ὡρίσατο</span> <span class='ocrx_word' id='word_1_225' title='bbox 1562 2644 1673 2712; x_wconf 81' lang='grc'>(85)</span> <span class='ocrx_word' id='word_1_226' title='bbox 1698 2639 1835 2696; x_wconf 79' lang='grc' dir='ltr'>εἶναι</span> 
     </span>
    </p>
   </div>
   <div class='ocr_carea' id='block_1_27' title="bbox 259 2734 1837 2806">
    <p class='ocr_par' dir='ltr' id='par_1_27' title="bbox 259 2734 1837 2806">
     <span class='ocr_line' id='line_1_27' title="bbox 259 2734 1837 2806; baseline -0.003 -16"><span class='ocrx_word' id='word_1_227' title='bbox 259 2738 354 2791; x_wconf 84' lang='grc' dir='ltr'><strong>τοῦ</strong></span> <span class='ocrx_word' id='word_1_228' title='bbox 390 2737 549 2802; x_wconf 86' lang='grc' dir='ltr'>Θεοῦ,</span> <span class='ocrx_word' id='word_1_229' title='bbox 583 2736 788 2806; x_wconf 82' lang='grc' dir='ltr'>μονάδα</span> <span class='ocrx_word' id='word_1_230' title='bbox 820 2736 941 2798; x_wconf 77' lang='grc' dir='ltr'>δοὺς</span> <span class='ocrx_word' id='word_1_231' title='bbox 970 2736 1297 2805; x_wconf 79' lang='grc' dir='ltr'>ἀδιαίρετον,</span> <span class='ocrx_word' id='word_1_232' title='bbox 1327 2734 1420 2786; x_wconf 79' lang='grc' dir='ltr'>καὶ</span> <span class='ocrx_word' id='word_1_233' title='bbox 1447 2734 1573 2804; x_wconf 90' lang='grc' dir='ltr'>μίαν</span> <span class='ocrx_word' id='word_1_234' title='bbox 1603 2734 1837 2786; x_wconf 83' lang='grc' dir='ltr'>ὑπόστα-</span> 
     </span>
    </p>
   </div>
   <div class='ocr_carea' id='block_1_28' title="bbox 262 2826 1836 2899">
    <p class='ocr_par' dir='ltr' id='par_1_28' title="bbox 262 2826 1836 2899">
     <span class='ocr_line' id='line_1_28' title="bbox 262 2826 1836 2899; baseline -0.004 -15"><span class='ocrx_word' id='word_1_235' title='bbox 262 2849 345 2884; x_wconf 88' lang='grc' dir='ltr'><strong>σιν</strong></span> <span class='ocrx_word' id='word_1_236' title='bbox 370 2830 464 2883; x_wconf 90' lang='grc' dir='ltr'><strong>τοῦ</strong></span> <span class='ocrx_word' id='word_1_237' title='bbox 492 2829 626 2882; x_wconf 86' lang='grc' dir='ltr'>Θεοῦ</span> <span class='ocrx_word' id='word_1_238' title='bbox 650 2830 744 2882; x_wconf 73' lang='grc' dir='ltr'><strong>καὶ</strong></span> <span class='ocrx_word' id='word_1_239' title='bbox 777 2829 869 2881; x_wconf 89' lang='grc' dir='ltr'><strong>τοῦ</strong></span> <span class='ocrx_word' id='word_1_240' title='bbox 897 2830 953 2880; x_wconf 85' lang='grc' dir='ltr'>ὲν</span> <span class='ocrx_word' id='word_1_241' title='bbox 986 2828 1135 2899; x_wconf 80' lang='grc' dir='ltr'>αὐτῷ</span> <span class='ocrx_word' id='word_1_242' title='bbox 1172 2828 1369 2894; x_wconf 89' lang='grc' dir='ltr'><strong>Λόγου,</strong></span> <span class='ocrx_word' id='word_1_243' title='bbox 1396 2826 1473 2888; x_wconf 81' lang='grc' dir='ltr'><strong>ὡς</strong></span> <span class='ocrx_word' id='word_1_244' title='bbox 1497 2826 1619 2895; x_wconf 83' lang='grc' dir='ltr'>μηδ’</span> <span class='ocrx_word' id='word_1_245' title='bbox 1651 2826 1836 2895; x_wconf 74' lang='grc' dir='ltr'>ἕτερον</span> 
     </span>
    </p>
   </div>
   <div class='ocr_carea' id='block_1_29' title="bbox 256 2916 1838 2991">
    <p class='ocr_par' dir='ltr' id='par_1_29' title="bbox 256 2916 1838 2991">
     <span class='ocr_line' id='line_1_29' title="bbox 256 2916 1838 2991; baseline -0.003 -17"><span class='ocrx_word' id='word_1_246' title='bbox 256 2924 402 2974; x_wconf 83' lang='grc' dir='ltr'>νοεῖν</span> <span class='ocrx_word' id='word_1_247' title='bbox 443 2921 534 2973; x_wconf 86' lang='grc' dir='ltr'><strong>τὸν</strong></span> <span class='ocrx_word' id='word_1_248' title='bbox 584 2920 1083 2991; x_wconf 76' lang='grc' dir='ltr'>ὲνανθρωπήσαντα</span> <span class='ocrx_word' id='word_1_249' title='bbox 1131 2921 1249 2971; x_wconf 80' lang='grc' dir='ltr'>κατ’</span> <span class='ocrx_word' id='word_1_250' title='bbox 1283 2918 1471 2982; x_wconf 81' lang='grc' dir='ltr'>αὑτὸν,</span> <span class='ocrx_word' id='word_1_251' title='bbox 1521 2918 1553 2987; x_wconf 78' lang='grc' dir='ltr'>ἢ</span> <span class='ocrx_word' id='word_1_252' title='bbox 1605 2916 1693 2968; x_wconf 87' lang='grc' dir='ltr'><strong>τὸν</strong></span> <span class='ocrx_word' id='word_1_253' title='bbox 1744 2918 1838 2969; x_wconf 73' lang='grc' dir='ltr'><strong>ἐπὶ</strong></span> 
     </span>
    </p>
   </div>
   <div class='ocr_carea' id='block_1_30' title="bbox 258 3007 1837 3080">
    <p class='ocr_par' dir='ltr' id='par_1_30' title="bbox 258 3007 1837 3080">
     <span class='ocr_line' id='line_1_30' title="bbox 258 3007 1837 3080; baseline -0.004 -15"><span class='ocrx_word' id='word_1_254' title='bbox 258 3013 481 3065; x_wconf 77' lang='grc' dir='ltr'>πάντων</span> <span class='ocrx_word' id='word_1_255' title='bbox 509 3012 665 3063; x_wconf 89' lang='grc' dir='ltr'>Θεόν·</span> <span class='ocrx_word' id='word_1_256' title='bbox 702 3012 749 3062; x_wconf 79' lang='grc' dir='ltr'><strong>εί</strong></span> <span class='ocrx_word' id='word_1_257' title='bbox 777 3010 831 3062; x_wconf 83' lang='grc' dir='ltr'><strong>δὲ</strong></span> <span class='ocrx_word' id='word_1_258' title='bbox 863 3010 1029 3080; x_wconf 87' lang='grc' dir='ltr'>μονάς</span> <span class='ocrx_word' id='word_1_259' title='bbox 1052 3012 1199 3061; x_wconf 78' lang='grc' dir='ltr'>ἐστιν</span> <span class='ocrx_word' id='word_1_260' title='bbox 1218 3009 1547 3079; x_wconf 61' lang='grc' dir='ltr'>ἀδιαίρετος,</span> <span class='ocrx_word' id='word_1_261' title='bbox 1572 3008 1629 3059; x_wconf 75' lang='grc' dir='ltr'><strong>έν</strong></span> <span class='ocrx_word' id='word_1_262' title='bbox 1660 3025 1716 3059; x_wconf 86' lang='grc' dir='ltr'><strong>τε</strong></span> <span class='ocrx_word' id='word_1_263' title='bbox 1744 3007 1837 3059; x_wconf 75' lang='grc' dir='ltr'><strong>καὶ</strong></span> 
     </span>
    </p>
   </div>
   <div class='ocr_carea' id='block_1_31' title="bbox 1930 649 3494 718">
    <p class='ocr_par' dir='ltr' id='par_1_31' title="bbox 1930 649 3494 718">
     <span class='ocr_line' id='line_1_31' title="bbox 1930 649 3494 718; baseline -0.001 -19"><span class='ocrx_word' id='word_1_264' title='bbox 1930 667 1951 699; x_wconf 77' lang='grc' dir='ltr'><strong><em>σ</em></strong></span> <span class='ocrx_word' id='word_1_265' title='bbox 1991 649 2267 718; x_wconf 86' lang='lat' dir='ltr'><strong>Siquidem</strong></span> <span class='ocrx_word' id='word_1_266' title='bbox 2297 651 2518 718; x_wconf 77' lang='lat' dir='ltr'><strong>spiritus</strong></span> <span class='ocrx_word' id='word_1_267' title='bbox 2563 651 2658 704; x_wconf 81' lang='lat' dir='ltr'><strong>iiat</strong></span> <span class='ocrx_word' id='word_1_268' title='bbox 2690 651 2857 705; x_wconf 89' lang='lat' dir='ltr'><strong>solius</strong></span> <span class='ocrx_word' id='word_1_269' title='bbox 2902 649 3296 718; x_wconf 82' lang='lat' dir='ltr'><strong>interpretatio,</strong></span> <span class='ocrx_word' id='word_1_270' title='bbox 3327 662 3494 700; x_wconf 86' lang='lat' dir='ltr'><strong>unum</strong></span> 
     </span>
    </p>
   </div>
   <div class='ocr_carea' id='block_1_32' title="bbox 1932 736 3492 809">
    <p class='ocr_par' dir='ltr' id='par_1_32' title="bbox 1932 736 3492 809">
     <span class='ocr_line' id='line_1_32' title="bbox 1932 736 3492 809; baseline -0.001 -18"><span class='ocrx_word' id='word_1_271' title='bbox 1932 755 2111 794; x_wconf 71' lang='lat' dir='ltr'><strong>«cum</strong></span> <span class='ocrx_word' id='word_1_272' title='bbox 2192 739 2299 794; x_wconf 90' lang='lat' dir='ltr'><strong>Deo</strong></span> <span class='ocrx_word' id='word_1_273' title='bbox 2352 748 2512 809; x_wconf 87' lang='lat' dir='ltr'><strong>atque</strong></span> <span class='ocrx_word' id='word_1_274' title='bbox 2579 740 2721 795; x_wconf 87' lang='lat' dir='ltr'><strong>idem</strong></span> <span class='ocrx_word' id='word_1_275' title='bbox 2782 755 2882 794; x_wconf 91' lang='lat' dir='ltr'><strong>nec</strong></span> <span class='ocrx_word' id='word_1_276' title='bbox 2946 740 3217 794; x_wconf 87' lang='lat' dir='ltr'><strong>immerito</strong></span> <span class='ocrx_word' id='word_1_277' title='bbox 3283 736 3492 791; x_wconf 83' lang='lat' dir='ltr'><strong>videbi-</strong></span> 
     </span>
    </p>
   </div>
   <div class='ocr_carea' id='block_1_33' title="bbox 1933 825 3492 899">
    <p class='ocr_par' dir='ltr' id='par_1_33' title="bbox 1933 825 3492 899">
     <span class='ocr_line' id='line_1_33' title="bbox 1933 825 3492 899; baseline -0.002 -19"><span class='ocrx_word' id='word_1_278' title='bbox 1933 847 1951 880; x_wconf 78' lang='grc' dir='ltr'>ι</span> <span class='ocrx_word' id='word_1_279' title='bbox 1986 838 2071 881; x_wconf 82' lang='grc' dir='ltr'>ιιιι·</span> <span class='ocrx_word' id='word_1_280' title='bbox 2100 844 2221 883; x_wconf 86' lang='lat' dir='ltr'><strong>esse</strong></span> <span class='ocrx_word' id='word_1_281' title='bbox 2253 829 2525 894; x_wconf 81' lang='lat' dir='ltr'><strong>Verbum;</strong></span> <span class='ocrx_word' id='word_1_282' title='bbox 2558 830 2698 899; x_wconf 82' lang='lat' dir='ltr'><strong>quod</strong></span> <span class='ocrx_word' id='word_1_283' title='bbox 2750 829 2793 882; x_wconf 90' lang='lat' dir='ltr'><strong>si</strong></span> <span class='ocrx_word' id='word_1_284' title='bbox 2850 829 3274 883; x_wconf 82' lang='lat' dir='ltr'><strong>additamentum</strong></span> <span class='ocrx_word' id='word_1_285' title='bbox 3340 825 3492 887; x_wconf 87' lang='lat' dir='ltr'><strong>illud,</strong></span> 
     </span>
    </p>
   </div>
   <div class='ocr_carea' id='block_1_34' title="bbox 1933 916 3491 987">
    <p class='ocr_par' dir='ltr' id='par_1_34' title="bbox 1933 916 3491 987">
     <span class='ocr_line' id='line_1_34' title="bbox 1933 916 3491 987; baseline 0 -19"><span class='ocrx_word' id='word_1_286' title='bbox 1933 937 1950 968; x_wconf 75' lang='grc' dir='ltr'><strong>ι</strong></span> <span class='ocrx_word' id='word_1_287' title='bbox 1984 920 2277 973; x_wconf 85' lang='lat' dir='ltr'><strong>secundum</strong></span> <span class='ocrx_word' id='word_1_288' title='bbox 2326 934 2566 983; x_wconf 91' lang='lat' dir='ltr'><strong>carnem,</strong></span> <span class='ocrx_word' id='word_1_289' title='bbox 2616 918 2901 985; x_wconf 85' lang='lat' dir='ltr'><strong>adjiciatur</strong></span> <span class='ocrx_word' id='word_1_290' title='bbox 2951 930 3003 973; x_wconf 90' lang='lat' dir='ltr'><strong>ut</strong></span> <span class='ocrx_word' id='word_1_291' title='bbox 3056 917 3374 987; x_wconf 90' lang='lat' dir='ltr'><strong>requisitum</strong></span> <span class='ocrx_word' id='word_1_292' title='bbox 3438 916 3491 969; x_wconf 90' lang='lat' dir='ltr'><strong>in</strong></span> 
     </span>
    </p>
   </div>
   <div class='ocr_carea' id='block_1_35' title="bbox 1932 1009 3493 1078">
    <p class='ocr_par' dir='ltr' id='par_1_35' title="bbox 1932 1009 3493 1078">
     <span class='ocr_line' id='line_1_35' title="bbox 1932 1009 3493 1078; baseline 0.001 -18"><span class='ocrx_word' id='word_1_293' title='bbox 1932 1028 1952 1060; x_wconf 84' lang='grc'><em>‹</em></span> <span class='ocrx_word' id='word_1_294' title='bbox 1986 1009 2291 1072; x_wconf 89' lang='lat' dir='ltr'><strong>Servatore,</strong></span> <span class='ocrx_word' id='word_1_295' title='bbox 2334 1009 2447 1063; x_wconf 89' lang='lat' dir='ltr'><strong>sola</strong></span> <span class='ocrx_word' id='word_1_296' title='bbox 2480 1011 2791 1078; x_wconf 83' lang='lat' dir='ltr'><strong>operatione</strong></span> <span class='ocrx_word' id='word_1_297' title='bbox 2838 1010 3047 1063; x_wconf 90' lang='lat' dir='ltr'><strong>videtur</strong></span> <span class='ocrx_word' id='word_1_298' title='bbox 3083 1010 3337 1063; x_wconf 87' lang='lat' dir='ltr'><strong>divinitas</strong></span> <span class='ocrx_word' id='word_1_299' title='bbox 3395 1022 3493 1061; x_wconf 81' lang='lat' dir='ltr'><strong>ex-</strong></span> 
     </span>
    </p>
   </div>
   <div class='ocr_carea' id='block_1_36' title="bbox 1933 1100 3487 1168">
    <p class='ocr_par' dir='ltr' id='par_1_36' title="bbox 1933 1100 3487 1168">
     <span class='ocr_line' id='line_1_36' title="bbox 1933 1100 3487 1168; baseline -0.001 -16"><span class='ocrx_word' id='word_1_300' title='bbox 1933 1119 1952 1152; x_wconf 76' lang='grc'><strong>(</strong></span> <span class='ocrx_word' id='word_1_301' title='bbox 1989 1104 2131 1156; x_wconf 85' lang='lat' dir='ltr'><strong>tendi</strong></span> <span class='ocrx_word' id='word_1_302' title='bbox 2173 1117 2184 1151; x_wconf 92' lang='lat'><strong>:</strong></span> <span class='ocrx_word' id='word_1_303' title='bbox 2225 1103 2299 1155; x_wconf 87' lang='lat' dir='ltr'><strong>ita</strong></span> <span class='ocrx_word' id='word_1_304' title='bbox 2330 1105 2507 1155; x_wconf 88' lang='lat' dir='ltr'><strong>unitas</strong></span> <span class='ocrx_word' id='word_1_305' title='bbox 2533 1117 2630 1156; x_wconf 81' lang='lat' dir='ltr'><strong>nec</strong></span> <span class='ocrx_word' id='word_1_306' title='bbox 2678 1101 2873 1168; x_wconf 85' lang='lat' dir='ltr'><strong>injuria</strong></span> <span class='ocrx_word' id='word_1_307' title='bbox 2923 1102 3025 1156; x_wconf 89' lang='lat' dir='ltr'><strong>erit</strong></span> <span class='ocrx_word' id='word_1_308' title='bbox 3073 1100 3433 1155; x_wconf 87' lang='lat' dir='ltr'><strong>indivisibilis.</strong></span> <span class='ocrx_word' id='word_1_309' title='bbox 3469 1118 3487 1150; x_wconf 76' lang='grc' dir='ltr'><strong>ι</strong></span> 
     </span>
    </p>
   </div>
   <div class='ocr_carea' id='block_1_37' title="bbox 1928 1190 3492 1265">
    <p class='ocr_par' dir='ltr' id='par_1_37' title="bbox 1928 1190 3492 1265">
     <span class='ocr_line' id='line_1_37' title="bbox 1928 1190 3492 1265; baseline 0.001 -19"><span class='ocrx_word' id='word_1_310' title='bbox 1928 1192 1996 1246; x_wconf 85' lang='grc' dir='ltr'><strong>ΕΙ.</strong></span> <span class='ocrx_word' id='word_1_311' title='bbox 2043 1195 2093 1246; x_wconf 93' lang='lat' dir='ltr'><strong>in</strong></span> <span class='ocrx_word' id='word_1_312' title='bbox 2145 1208 2433 1262; x_wconf 82' lang='lat' dir='ltr'><strong>progressu</strong></span> <span class='ocrx_word' id='word_1_313' title='bbox 2483 1194 2673 1247; x_wconf 86' lang='lat' dir='ltr'><strong>iterum</strong></span> <span class='ocrx_word' id='word_1_314' title='bbox 2702 1192 2794 1265; x_wconf 73' lang='grc' dir='ltr'><strong>[Β.</strong></span> <span class='ocrx_word' id='word_1_315' title='bbox 2824 1191 2990 1247; x_wconf 84' lang='lat' dir='ltr'><strong>LXIV</strong></span> <span class='ocrx_word' id='word_1_316' title='bbox 3030 1193 3152 1246; x_wconf 91' lang='lat' dir='ltr'><strong>coll.</strong></span> <span class='ocrx_word' id='word_1_317' title='bbox 3193 1208 3246 1261; x_wconf 82' lang='lat' dir='ltr'><strong>p.</strong></span> <span class='ocrx_word' id='word_1_318' title='bbox 3284 1194 3351 1247; x_wconf 80' lang='lat'><strong>37</strong></span> <span class='ocrx_word' id='word_1_319' title='bbox 3382 1190 3492 1263; x_wconf 86' lang='lat' dir='ltr'><strong>D]:</strong></span> 
     </span>
    </p>
   </div>
   <div class='ocr_carea' id='block_1_38' title="bbox 1935 1281 3496 1353">
    <p class='ocr_par' dir='ltr' id='par_1_38' title="bbox 1935 1281 3496 1353">
     <span class='ocr_line' id='line_1_38' title="bbox 1935 1281 3496 1353; baseline 0 -20"><span class='ocrx_word' id='word_1_320' title='bbox 1935 1302 1953 1333; x_wconf 77' lang='grc' dir='ltr'>ι</span> <span class='ocrx_word' id='word_1_321' title='bbox 1989 1283 2102 1338; x_wconf 84' lang='grc' dir='ltr'><strong>Νοη</strong></span> <span class='ocrx_word' id='word_1_322' title='bbox 2134 1294 2354 1353; x_wconf 85' lang='lat' dir='ltr'><strong>propter</strong></span> <span class='ocrx_word' id='word_1_323' title='bbox 2386 1285 2529 1337; x_wconf 88' lang='lat' dir='ltr'><strong>illam</strong></span> <span class='ocrx_word' id='word_1_324' title='bbox 2558 1285 2960 1339; x_wconf 78' lang='lat' dir='ltr'><strong>exactissimam</strong></span> <span class='ocrx_word' id='word_1_325' title='bbox 3000 1281 3195 1353; x_wconf 82' lang='lat' dir='ltr'><strong>ubique</strong></span> <span class='ocrx_word' id='word_1_326' title='bbox 3223 1284 3277 1336; x_wconf 90' lang='lat' dir='ltr'><strong>in</strong></span> <span class='ocrx_word' id='word_1_327' title='bbox 3316 1284 3496 1336; x_wconf 79' lang='lat' dir='ltr'><strong>verbis</strong></span> 
     </span>
    </p>
   </div>
   <div class='ocr_carea' id='block_1_39' title="bbox 1936 1375 3495 1444">
    <p class='ocr_par' dir='ltr' id='par_1_39' title="bbox 1936 1375 3495 1444">
     <span class='ocr_line' id='line_1_39' title="bbox 1936 1375 3495 1444; baseline 0.001 -18"><span class='ocrx_word' id='word_1_328' title='bbox 1936 1393 1954 1426; x_wconf 74' lang='grc' dir='ltr'><strong>ι</strong></span> <span class='ocrx_word' id='word_1_329' title='bbox 1988 1385 2041 1430; x_wconf 93' lang='lat' dir='ltr'><strong>et</strong></span> <span class='ocrx_word' id='word_1_330' title='bbox 2064 1375 2223 1429; x_wconf 81' lang='lat' dir='ltr'><strong>factis</strong></span> <span class='ocrx_word' id='word_1_331' title='bbox 2262 1377 2696 1442; x_wconf 81' lang='lat' dir='ltr'><strong>consonantiam,</strong></span> <span class='ocrx_word' id='word_1_332' title='bbox 2728 1377 2779 1429; x_wconf 92' lang='lat' dir='ltr'><strong>id</strong></span> <span class='ocrx_word' id='word_1_333' title='bbox 2821 1376 2964 1444; x_wconf 87' lang='lat' dir='ltr'><strong>quod</strong></span> <span class='ocrx_word' id='word_1_334' title='bbox 3000 1376 3214 1428; x_wconf 88' lang='lat' dir='ltr'><strong>videtur</strong></span> <span class='ocrx_word' id='word_1_335' title='bbox 3261 1375 3495 1433; x_wconf 75' lang='lat' dir='ltr'><strong>Asterio.</strong></span> 
     </span>
    </p>
   </div>
   <div class='ocr_carea' id='block_1_40' title="bbox 1937 1462 3497 1534">
    <p class='ocr_par' dir='ltr' id='par_1_40' title="bbox 1937 1462 3497 1534">
     <span class='ocr_line' id='line_1_40' title="bbox 1937 1462 3497 1534; baseline 0 -21"><span class='ocrx_word' id='word_1_336' title='bbox 1937 1482 1955 1513; x_wconf 75' lang='grc' dir='ltr'>ι</span> <span class='ocrx_word' id='word_1_337' title='bbox 1987 1464 2240 1517; x_wconf 87' lang='lat' dir='ltr'><strong>Servator</strong></span> <span class='ocrx_word' id='word_1_338' title='bbox 2263 1466 2335 1516; x_wconf 87' lang='lat' dir='ltr'><strong>ait</strong></span> <span class='ocrx_word' id='word_1_339' title='bbox 2367 1479 2379 1514; x_wconf 87' lang='lat'><strong>:</strong></span> <span class='ocrx_word' id='word_1_340' title='bbox 2429 1463 2540 1534; x_wconf 84' lang='lat' dir='ltr'><strong>Ego</strong></span> <span class='ocrx_word' id='word_1_341' title='bbox 2578 1476 2625 1517; x_wconf 81' lang='lat' dir='ltr'><strong>et</strong></span> <span class='ocrx_word' id='word_1_342' title='bbox 2678 1464 2840 1518; x_wconf 82' lang='lat' dir='ltr'><strong>Pater</strong></span> <span class='ocrx_word' id='word_1_343' title='bbox 2884 1480 3044 1517; x_wconf 87' lang='lat' dir='ltr'><strong>unum</strong></span> <span class='ocrx_word' id='word_1_344' title='bbox 3073 1481 3256 1517; x_wconf 71' lang='lat' dir='ltr'><strong>sumus</strong></span> <span class='ocrx_word' id='word_1_345' title='bbox 3281 1462 3348 1526; x_wconf 77' lang='grc'><strong>⁷⁸,</strong></span> <span class='ocrx_word' id='word_1_346' title='bbox 3403 1464 3497 1516; x_wconf 84' lang='lat' dir='ltr'><strong>sed</strong></span> 
     </span>
    </p>
   </div>
   <div class='ocr_carea' id='block_1_41' title="bbox 1937 1554 3497 1626">
    <p class='ocr_par' dir='ltr' id='par_1_41' title="bbox 1937 1554 3497 1626">
     <span class='ocr_line' id='line_1_41' title="bbox 1937 1554 3497 1626; baseline 0 -21"><span class='ocrx_word' id='word_1_347' title='bbox 1937 1573 1955 1605; x_wconf 76' lang='grc' dir='ltr'>ι</span> <span class='ocrx_word' id='word_1_348' title='bbox 1984 1556 2123 1623; x_wconf 89' lang='lat' dir='ltr'><strong>quod</strong></span> <span class='ocrx_word' id='word_1_349' title='bbox 2152 1556 2310 1625; x_wconf 83' lang='lat' dir='ltr'><strong>plane</strong></span> <span class='ocrx_word' id='word_1_350' title='bbox 2336 1559 2407 1609; x_wconf 88' lang='lat' dir='ltr'><strong>sit</strong></span> <span class='ocrx_word' id='word_1_351' title='bbox 2440 1557 2786 1626; x_wconf 81' lang='lat' dir='ltr'><strong>impossibile,</strong></span> <span class='ocrx_word' id='word_1_352' title='bbox 2814 1555 2895 1609; x_wconf 93' lang='lat' dir='ltr'><strong>vel</strong></span> <span class='ocrx_word' id='word_1_353' title='bbox 2921 1556 3157 1611; x_wconf 86' lang='lat' dir='ltr'><strong>Verbum</strong></span> <span class='ocrx_word' id='word_1_354' title='bbox 3182 1570 3210 1608; x_wconf 88' lang='lat' dir='ltr'><strong>a</strong></span> <span class='ocrx_word' id='word_1_355' title='bbox 3236 1554 3345 1610; x_wconf 87' lang='lat' dir='ltr'><strong>Deo</strong></span> <span class='ocrx_word' id='word_1_356' title='bbox 3369 1594 3383 1617; x_wconf 89' lang='lat'><strong>,</strong></span> <span class='ocrx_word' id='word_1_357' title='bbox 3413 1554 3497 1607; x_wconf 81' lang='lat' dir='ltr'><strong>vel</strong></span> 
     </span>
    </p>
   </div>
   <div class='ocr_carea' id='block_1_42' title="bbox 1936 1644 3497 1714">
    <p class='ocr_par' dir='ltr' id='par_1_42' title="bbox 1936 1644 3497 1714">
     <span class='ocr_line' id='line_1_42' title="bbox 1936 1644 3497 1714; baseline -0.001 -17"><span class='ocrx_word' id='word_1_358' title='bbox 1936 1663 1955 1697; x_wconf 73' lang='grc' dir='ltr'>ι</span> <span class='ocrx_word' id='word_1_359' title='bbox 1993 1646 2157 1700; x_wconf 85' lang='lat' dir='ltr'><strong>Deum</strong></span> <span class='ocrx_word' id='word_1_360' title='bbox 2190 1662 2218 1698; x_wconf 87' lang='lat' dir='ltr'><strong>a</strong></span> <span class='ocrx_word' id='word_1_361' title='bbox 2256 1644 2433 1701; x_wconf 81' lang='lat' dir='ltr'><strong>Verbo</strong></span> <span class='ocrx_word' id='word_1_362' title='bbox 2462 1662 2559 1700; x_wconf 91' lang='lat' dir='ltr'><strong>suo</strong></span> <span class='ocrx_word' id='word_1_363' title='bbox 2586 1662 2860 1714; x_wconf 75' lang='lat' dir='ltr'><strong>separare.</strong></span> <span class='ocrx_word' id='word_1_364' title='bbox 2898 1666 2915 1698; x_wconf 75' lang='grc' dir='ltr'><strong>ι</strong></span> <span class='ocrx_word' id='word_1_365' title='bbox 2950 1646 3179 1712; x_wconf 83' lang='lat' dir='ltr'><strong>Quodsi</strong></span> <span class='ocrx_word' id='word_1_366' title='bbox 3226 1647 3296 1699; x_wconf 87' lang='lat' dir='ltr'><strong>ita</strong></span> <span class='ocrx_word' id='word_1_367' title='bbox 3332 1659 3497 1698; x_wconf 89' lang='lat' dir='ltr'><strong>unum</strong></span> 
     </span>
    </p>
   </div>
   <div class='ocr_carea' id='block_1_43' title="bbox 1932 1737 3498 1806">
    <p class='ocr_par' dir='ltr' id='par_1_43' title="bbox 1932 1737 3498 1806">
     <span class='ocr_line' id='line_1_43' title="bbox 1932 1737 3498 1806; baseline -0.001 -18"><span class='ocrx_word' id='word_1_368' title='bbox 1932 1746 2049 1789; x_wconf 87' lang='lat' dir='ltr'><strong>erat</strong></span> <span class='ocrx_word' id='word_1_369' title='bbox 2070 1747 2228 1805; x_wconf 90' lang='lat' dir='ltr'><strong>atque</strong></span> <span class='ocrx_word' id='word_1_370' title='bbox 2256 1737 2394 1791; x_wconf 86' lang='lat' dir='ltr'><strong>idem</strong></span> <span class='ocrx_word' id='word_1_371' title='bbox 2426 1739 2563 1793; x_wconf 90' lang='lat' dir='ltr'><strong>Deus</strong></span> <span class='ocrx_word' id='word_1_372' title='bbox 2589 1754 2709 1792; x_wconf 91' lang='lat' dir='ltr'><strong>cum</strong></span> <span class='ocrx_word' id='word_1_373' title='bbox 2737 1738 2931 1803; x_wconf 85' lang='lat' dir='ltr'><strong>Verbo,</strong></span> <span class='ocrx_word' id='word_1_374' title='bbox 2961 1739 3100 1806; x_wconf 90' lang='lat' dir='ltr'><strong>quod</strong></span> <span class='ocrx_word' id='word_1_375' title='bbox 3125 1737 3178 1790; x_wconf 90' lang='lat' dir='ltr'><strong>in</strong></span> <span class='ocrx_word' id='word_1_376' title='bbox 3205 1738 3320 1805; x_wconf 89' lang='lat' dir='ltr'><strong>ipso</strong></span> <span class='ocrx_word' id='word_1_377' title='bbox 3356 1748 3498 1794; x_wconf 88' lang='lat' dir='ltr'><strong>erat.</strong></span> 
     </span>
    </p>
   </div>
   <div class='ocr_carea' id='block_1_44' title="bbox 1934 1828 3497 1900">
    <p class='ocr_par' dir='ltr' id='par_1_44' title="bbox 1934 1828 3497 1900">
     <span class='ocr_line' id='line_1_44' title="bbox 1934 1828 3497 1900; baseline -0.001 -19"><span class='ocrx_word' id='word_1_378' title='bbox 1934 1838 1991 1881; x_wconf 88' lang='lat' dir='ltr'><strong>ut</strong></span> <span class='ocrx_word' id='word_1_379' title='bbox 2039 1828 2293 1883; x_wconf 77' lang='lat' dir='ltr'><strong>Marcello</strong></span> <span class='ocrx_word' id='word_1_380' title='bbox 2335 1830 2547 1884; x_wconf 86' lang='lat' dir='ltr'><strong>videtur</strong></span> <span class='ocrx_word' id='word_1_381' title='bbox 2605 1850 2621 1896; x_wconf 90' lang='lat'><strong>;</strong></span> <span class='ocrx_word' id='word_1_382' title='bbox 2682 1842 2792 1885; x_wconf 90' lang='lat' dir='ltr'><strong>tum</strong></span> <span class='ocrx_word' id='word_1_383' title='bbox 2851 1832 2941 1900; x_wconf 91' lang='lat' dir='ltr'><strong>qui</strong></span> <span class='ocrx_word' id='word_1_384' title='bbox 3000 1831 3212 1900; x_wconf 85' lang='lat' dir='ltr'><strong>genitus</strong></span> <span class='ocrx_word' id='word_1_385' title='bbox 3272 1838 3391 1883; x_wconf 84' lang='lat' dir='ltr'><strong>erat</strong></span> <span class='ocrx_word' id='word_1_386' title='bbox 3446 1830 3497 1881; x_wconf 91' lang='lat' dir='ltr'><strong>in</strong></span> 
     </span>
    </p>
   </div>
   <div class='ocr_carea' id='block_1_45' title="bbox 1933 1922 3497 1992">
    <p class='ocr_par' dir='ltr' id='par_1_45' title="bbox 1933 1922 3497 1992">
     <span class='ocr_line' id='line_1_45' title="bbox 1933 1922 3497 1992; baseline -0.002 -17"><span class='ocrx_word' id='word_1_387' title='bbox 1933 1922 2277 1976; x_wconf 87' lang='lat' dir='ltr'><strong>sanctissima</strong></span> <span class='ocrx_word' id='word_1_388' title='bbox 2311 1923 2550 1992; x_wconf 85' lang='lat' dir='ltr'><strong>Virgine,</strong></span> <span class='ocrx_word' id='word_1_389' title='bbox 2575 1938 2792 1978; x_wconf 88' lang='lat' dir='ltr'><strong>carnem</strong></span> <span class='ocrx_word' id='word_1_390' title='bbox 2829 1924 3065 1987; x_wconf 88' lang='lat' dir='ltr'><strong>indutus,</strong></span> <span class='ocrx_word' id='word_1_391' title='bbox 3095 1924 3255 1976; x_wconf 88' lang='lat' dir='ltr'><strong>homo</strong></span> <span class='ocrx_word' id='word_1_392' title='bbox 3296 1922 3497 1983; x_wconf 75' lang='lat' dir='ltr'><strong>factus,</strong></span> 
     </span>
    </p>
   </div>
   <div class='ocr_carea' id='block_1_46' title="bbox 1934 2014 3502 2085">
    <p class='ocr_par' dir='ltr' id='par_1_46' title="bbox 1934 2014 3502 2085">
     <span class='ocr_line' id='line_1_46' title="bbox 1934 2014 3502 2085; baseline -0.001 -19"><span class='ocrx_word' id='word_1_393' title='bbox 1934 2014 2025 2082; x_wconf 92' lang='lat' dir='ltr'><strong>qui</strong></span> <span class='ocrx_word' id='word_1_394' title='bbox 2066 2030 2184 2083; x_wconf 69' lang='lat' dir='ltr'><strong>quae</strong></span> <span class='ocrx_word' id='word_1_395' title='bbox 2219 2015 2419 2084; x_wconf 88' lang='lat' dir='ltr'><strong>scripta</strong></span> <span class='ocrx_word' id='word_1_396' title='bbox 2460 2028 2585 2069; x_wconf 91' lang='lat' dir='ltr'><strong>sunt</strong></span> <span class='ocrx_word' id='word_1_397' title='bbox 2625 2017 2957 2084; x_wconf 87' lang='lat' dir='ltr'><strong>patiebatur,</strong></span> <span class='ocrx_word' id='word_1_398' title='bbox 3009 2016 3099 2085; x_wconf 88' lang='lat' dir='ltr'><strong>qui</strong></span> <span class='ocrx_word' id='word_1_399' title='bbox 3152 2024 3376 2068; x_wconf 86' lang='lat' dir='ltr'><strong>mortem</strong></span> <span class='ocrx_word' id='word_1_400' title='bbox 3403 2028 3502 2080; x_wconf 90' lang='lat' dir='ltr'><strong>op-</strong></span> 
     </span>
    </p>
   </div>
   <div class='ocr_carea' id='block_1_47' title="bbox 1934 2102 3499 2174">
    <p class='ocr_par' dir='ltr' id='par_1_47' title="bbox 1934 2102 3499 2174">
     <span class='ocr_line' id='line_1_47' title="bbox 1934 2102 3499 2174; baseline -0.002 -17"><span class='ocrx_word' id='word_1_401' title='bbox 1934 2105 2089 2172; x_wconf 88' lang='lat' dir='ltr'><strong>petiit</strong></span> <span class='ocrx_word' id='word_1_402' title='bbox 2128 2119 2222 2173; x_wconf 92' lang='lat' dir='ltr'><strong>pro</strong></span> <span class='ocrx_word' id='word_1_403' title='bbox 2244 2105 2478 2174; x_wconf 87' lang='lat' dir='ltr'><strong>peccatis</strong></span> <span class='ocrx_word' id='word_1_404' title='bbox 2506 2106 2728 2169; x_wconf 90' lang='lat' dir='ltr'><strong>nostris,</strong></span> <span class='ocrx_word' id='word_1_405' title='bbox 2778 2114 2895 2158; x_wconf 91' lang='lat' dir='ltr'><strong>erat</strong></span> <span class='ocrx_word' id='word_1_406' title='bbox 2922 2106 3034 2173; x_wconf 90' lang='lat' dir='ltr'><strong>ipse</strong></span> <span class='ocrx_word' id='word_1_407' title='bbox 3061 2118 3222 2173; x_wconf 90' lang='lat' dir='ltr'><strong>super</strong></span> <span class='ocrx_word' id='word_1_408' title='bbox 3244 2102 3499 2156; x_wconf 82' lang='lat' dir='ltr'><strong>universa</strong></span> 
     </span>
    </p>
   </div>
   <div class='ocr_carea' id='block_1_48' title="bbox 1937 2194 3501 2261">
    <p class='ocr_par' dir='ltr' id='par_1_48' title="bbox 1937 2194 3501 2261">
     <span class='ocr_line' id='line_1_48' title="bbox 1937 2194 3501 2261; baseline 0 -14"><span class='ocrx_word' id='word_1_409' title='bbox 1937 2194 2098 2248; x_wconf 82' lang='lat' dir='ltr'><strong>Deus.</strong></span> <span class='ocrx_word' id='word_1_410' title='bbox 2154 2194 2305 2261; x_wconf 87' lang='lat' dir='ltr'><strong>Quod</strong></span> <span class='ocrx_word' id='word_1_411' title='bbox 2353 2211 2474 2249; x_wconf 89' lang='lat' dir='ltr'><strong>cum</strong></span> <span class='ocrx_word' id='word_1_412' title='bbox 2528 2195 2795 2251; x_wconf 89' lang='lat' dir='ltr'><strong>Sabellius</strong></span> <span class='ocrx_word' id='word_1_413' title='bbox 2846 2197 3094 2258; x_wconf 89' lang='lat' dir='ltr'><strong>sentiret,</strong></span> <span class='ocrx_word' id='word_1_414' title='bbox 3154 2195 3301 2248; x_wconf 86' lang='lat' dir='ltr'><strong>illum</strong></span> <span class='ocrx_word' id='word_1_415' title='bbox 3356 2195 3501 2247; x_wconf 83' lang='lat' dir='ltr'><strong>inter</strong></span> 
     </span>
    </p>
   </div>
   <div class='ocr_carea' id='block_1_49' title="bbox 1934 2284 3267 2356">
    <p class='ocr_par' dir='ltr' id='par_1_49' title="bbox 1934 2284 3267 2356">
     <span class='ocr_line' id='line_1_49' title="bbox 1934 2284 3267 2356; baseline 0 -18"><span class='ocrx_word' id='word_1_416' title='bbox 1934 2285 2124 2340; x_wconf 85' lang='lat' dir='ltr'><strong>atheos</strong></span> <span class='ocrx_word' id='word_1_417' title='bbox 2156 2294 2211 2340; x_wconf 89' lang='lat' dir='ltr'><strong>et</strong></span> <span class='ocrx_word' id='word_1_418' title='bbox 2248 2285 2591 2356; x_wconf 80' lang='lat' dir='ltr'><strong>blasphemas</strong></span> <span class='ocrx_word' id='word_1_419' title='bbox 2621 2286 2862 2355; x_wconf 83' lang='lat' dir='ltr'><strong>reposuit</strong></span> <span class='ocrx_word' id='word_1_420' title='bbox 2884 2285 3120 2341; x_wconf 87' lang='lat' dir='ltr'><strong>Ecclesia</strong></span> <span class='ocrx_word' id='word_1_421' title='bbox 3152 2284 3267 2339; x_wconf 86' lang='lat' dir='ltr'><strong>Dei.</strong></span> 
     </span>
    </p>
   </div>
   <div class='ocr_carea' id='block_1_50' title="bbox 2590 2375 2844 2435">
    <p class='ocr_par' dir='ltr' id='par_1_50' title="bbox 2590 2375 2844 2435">
     <span class='ocr_line' id='line_1_50' title="bbox 2590 2375 2844 2435; baseline -0.004 -3"><span class='ocrx_word' id='word_1_422' title='bbox 2590 2375 2743 2435; x_wconf 77' lang='lat' dir='ltr'><strong>CAP.</strong></span> <span class='ocrx_word' id='word_1_423' title='bbox 2783 2376 2844 2431; x_wconf 86' lang='lat' dir='ltr'><strong>V.</strong></span> 
     </span>
    </p>
   </div>
   <div class='ocr_carea' id='block_1_51' title="bbox 2194 2468 3252 2540">
    <p class='ocr_par' dir='ltr' id='par_1_51' title="bbox 2194 2468 3252 2540">
     <span class='ocr_line' id='line_1_51' title="bbox 2194 2468 3252 2540; baseline 0.003 -18"><span class='ocrx_word' id='word_1_424' title='bbox 2194 2468 2347 2534; x_wconf 82' lang='lat' dir='ltr'><strong>Quod</strong></span> <span class='ocrx_word' id='word_1_425' title='bbox 2387 2486 2502 2523; x_wconf 84' lang='lat' dir='ltr'><strong>cum</strong></span> <span class='ocrx_word' id='word_1_426' title='bbox 2534 2471 2607 2522; x_wconf 86' lang='lat' dir='ltr'><strong>ita</strong></span> <span class='ocrx_word' id='word_1_427' title='bbox 2641 2472 2821 2535; x_wconf 82' lang='lat' dir='ltr'><strong>dicat,</strong></span> <span class='ocrx_word' id='word_1_428' title='bbox 2854 2468 3055 2523; x_wconf 77' lang='lat' dir='ltr'><strong>Filium</strong></span> <span class='ocrx_word' id='word_1_429' title='bbox 3087 2478 3252 2540; x_wconf 76' lang='lat' dir='ltr'><strong>neget.</strong></span> 
     </span>
    </p>
   </div>
   <div class='ocr_carea' id='block_1_52' title="bbox 2006 2558 3503 2624">
    <p class='ocr_par' dir='ltr' id='par_1_52' title="bbox 2006 2558 3503 2624">
     <span class='ocr_line' id='line_1_52' title="bbox 2006 2558 3503 2624; baseline 0.001 -12"><span class='ocrx_word' id='word_1_430' title='bbox 2006 2558 2157 2624; x_wconf 87' lang='lat' dir='ltr'><strong>Quod</strong></span> <span class='ocrx_word' id='word_1_431' title='bbox 2187 2560 2234 2613; x_wconf 88' lang='lat' dir='ltr'><strong>si</strong></span> <span class='ocrx_word' id='word_1_432' title='bbox 2267 2560 2410 2614; x_wconf 86' lang='lat' dir='ltr'><strong>dicat</strong></span> <span class='ocrx_word' id='word_1_433' title='bbox 2459 2560 2740 2615; x_wconf 80' lang='lat' dir='ltr'><strong>Marcellus</strong></span> <span class='ocrx_word' id='word_1_434' title='bbox 2775 2562 3004 2615; x_wconf 86' lang='lat' dir='ltr'><strong>Verbum</strong></span> <span class='ocrx_word' id='word_1_435' title='bbox 3049 2562 3214 2617; x_wconf 80' lang='lat' dir='ltr'><strong>fuisse</strong></span> <span class='ocrx_word' id='word_1_436' title='bbox 3253 2562 3503 2616; x_wconf 84' lang='lat' dir='ltr'><strong>incarna-</strong></span> 
     </span>
    </p>
   </div>
   <div class='ocr_carea' id='block_1_53' title="bbox 1938 2652 3502 2724">
    <p class='ocr_par' dir='ltr' id='par_1_53' title="bbox 1938 2652 3502 2724">
     <span class='ocr_line' id='line_1_53' title="bbox 1938 2652 3502 2724; baseline 0.003 -21"><span class='ocrx_word' id='word_1_437' title='bbox 1938 2659 2075 2715; x_wconf 90' lang='lat' dir='ltr'><strong>tnm,</strong></span> <span class='ocrx_word' id='word_1_438' title='bbox 2111 2654 2349 2723; x_wconf 88' lang='lat' dir='ltr'><strong>illudque</strong></span> <span class='ocrx_word' id='word_1_439' title='bbox 2387 2652 2620 2709; x_wconf 80' lang='lat' dir='ltr'><strong>Verbum</strong></span> <span class='ocrx_word' id='word_1_440' title='bbox 2669 2668 2699 2707; x_wconf 86' lang='lat' dir='ltr'><strong>a</strong></span> <span class='ocrx_word' id='word_1_441' title='bbox 2748 2655 2857 2707; x_wconf 89' lang='lat' dir='ltr'><strong>Deo</strong></span> <span class='ocrx_word' id='word_1_442' title='bbox 2895 2656 3256 2724; x_wconf 83' lang='lat' dir='ltr'><strong>inseparabile</strong></span> <span class='ocrx_word' id='word_1_443' title='bbox 3290 2655 3502 2719; x_wconf 84' lang='lat' dir='ltr'><strong>statuit,</strong></span> 
     </span>
    </p>
   </div>
   <div class='ocr_carea' id='block_1_54' title="bbox 1938 2746 3507 2819">
    <p class='ocr_par' dir='ltr' id='par_1_54' title="bbox 1938 2746 3507 2819">
     <span class='ocr_line' id='line_1_54' title="bbox 1938 2746 3507 2819; baseline 0.003 -21"><span class='ocrx_word' id='word_1_444' title='bbox 1938 2746 2133 2815; x_wconf 83' lang='lat' dir='ltr'><strong>quippe</strong></span> <span class='ocrx_word' id='word_1_445' title='bbox 2169 2746 2314 2813; x_wconf 84' lang='lat' dir='ltr'><strong>quod</strong></span> <span class='ocrx_word' id='word_1_446' title='bbox 2346 2746 2524 2801; x_wconf 89' lang='lat' dir='ltr'><strong>unitas</strong></span> <span class='ocrx_word' id='word_1_447' title='bbox 2548 2748 2616 2802; x_wconf 86' lang='lat' dir='ltr'><strong>sit</strong></span> <span class='ocrx_word' id='word_1_448' title='bbox 2640 2747 2863 2801; x_wconf 87' lang='lat' dir='ltr'><strong>indivisa</strong></span> <span class='ocrx_word' id='word_1_449' title='bbox 2910 2766 2923 2803; x_wconf 92' lang='lat'><strong>:</strong></span> <span class='ocrx_word' id='word_1_450' title='bbox 2968 2748 3107 2816; x_wconf 83' lang='lat' dir='ltr'><strong>quod</strong></span> <span class='ocrx_word' id='word_1_451' title='bbox 3139 2763 3240 2801; x_wconf 90' lang='lat' dir='ltr'><strong>una</strong></span> <span class='ocrx_word' id='word_1_452' title='bbox 3282 2748 3353 2802; x_wconf 85' lang='lat' dir='ltr'><strong>sit</strong></span> <span class='ocrx_word' id='word_1_453' title='bbox 3408 2749 3507 2819; x_wconf 81' lang='lat' dir='ltr'><strong>hy-</strong></span> 
     </span>
    </p>
   </div>
   <div class='ocr_carea' id='block_1_55' title="bbox 1938 2836 3508 2905">
    <p class='ocr_par' dir='ltr' id='par_1_55' title="bbox 1938 2836 3508 2905">
     <span class='ocr_line' id='line_1_55' title="bbox 1938 2836 3508 2905; baseline 0.002 -19"><span class='ocrx_word' id='word_1_454' title='bbox 1938 2836 2173 2904; x_wconf 85' lang='lat' dir='ltr'><strong>postasis</strong></span> <span class='ocrx_word' id='word_1_455' title='bbox 2200 2836 2310 2901; x_wconf 88' lang='lat' dir='ltr'><strong>Dei,</strong></span> <span class='ocrx_word' id='word_1_456' title='bbox 2337 2846 2390 2890; x_wconf 91' lang='lat' dir='ltr'><strong>et</strong></span> <span class='ocrx_word' id='word_1_457' title='bbox 2417 2836 2600 2902; x_wconf 82' lang='lat' dir='ltr'><strong>Verbi,</strong></span> <span class='ocrx_word' id='word_1_458' title='bbox 2627 2838 2766 2905; x_wconf 87' lang='lat' dir='ltr'><strong>quod</strong></span> <span class='ocrx_word' id='word_1_459' title='bbox 2794 2836 2844 2889; x_wconf 90' lang='lat' dir='ltr'><strong>in</strong></span> <span class='ocrx_word' id='word_1_460' title='bbox 2882 2836 2996 2904; x_wconf 84' lang='lat' dir='ltr'><strong>ipso</strong></span> <span class='ocrx_word' id='word_1_461' title='bbox 3030 2846 3148 2891; x_wconf 88' lang='lat' dir='ltr'><strong>erat</strong></span> <span class='ocrx_word' id='word_1_462' title='bbox 3180 2854 3193 2888; x_wconf 90' lang='lat'><strong>:</strong></span> <span class='ocrx_word' id='word_1_463' title='bbox 3229 2851 3334 2889; x_wconf 90' lang='lat' dir='ltr'><strong>non</strong></span> <span class='ocrx_word' id='word_1_464' title='bbox 3378 2850 3508 2905; x_wconf 85' lang='lat' dir='ltr'><strong>pos-</strong></span> 
     </span>
    </p>
   </div>
   <div class='ocr_carea' id='block_1_56' title="bbox 1940 2918 3507 2996">
    <p class='ocr_par' dir='ltr' id='par_1_56' title="bbox 1940 2918 3507 2996">
     <span class='ocr_line' id='line_1_56' title="bbox 1940 2918 3507 2996; baseline 0 -17"><span class='ocrx_word' id='word_1_465' title='bbox 1940 2941 2126 2979; x_wconf 87' lang='lat' dir='ltr'><strong>sumus</strong></span> <span class='ocrx_word' id='word_1_466' title='bbox 2167 2927 2323 2981; x_wconf 88' lang='lat' dir='ltr'><strong>aliter</strong></span> <span class='ocrx_word' id='word_1_467' title='bbox 2363 2943 2474 2982; x_wconf 91' lang='lat' dir='ltr'><strong>rem</strong></span> <span class='ocrx_word' id='word_1_468' title='bbox 2516 2918 2820 2996; x_wconf 65' lang='lat' dir='ltr'><strong>concipizre,</strong></span> <span class='ocrx_word' id='word_1_469' title='bbox 2868 2928 2995 2996; x_wconf 88' lang='lat' dir='ltr'><strong>quin</strong></span> <span class='ocrx_word' id='word_1_470' title='bbox 3043 2928 3341 2981; x_wconf 87' lang='lat' dir='ltr'><strong>secundum</strong></span> <span class='ocrx_word' id='word_1_471' title='bbox 3384 2942 3507 2981; x_wconf 90' lang='lat' dir='ltr'><strong>eum</strong></span> 
     </span>
    </p>
   </div>
   <div class='ocr_carea' id='block_1_57' title="bbox 1941 3014 3510 3085">
    <p class='ocr_par' dir='ltr' id='par_1_57' title="bbox 1941 3014 3510 3085">
     <span class='ocr_line' id='line_1_57' title="bbox 1941 3014 3510 3085; baseline 0.002 -19"><span class='ocrx_word' id='word_1_472' title='bbox 1941 3014 2081 3069; x_wconf 84' lang='lat' dir='ltr'><strong>Dens</strong></span> <span class='ocrx_word' id='word_1_473' title='bbox 2106 3014 2174 3079; x_wconf 89' lang='lat' dir='ltr'><strong>is,</strong></span> <span class='ocrx_word' id='word_1_474' title='bbox 2198 3018 2287 3083; x_wconf 89' lang='lat' dir='ltr'><strong>qni</strong></span> <span class='ocrx_word' id='word_1_475' title='bbox 2318 3025 2403 3070; x_wconf 90' lang='lat' dir='ltr'><strong>est</strong></span> <span class='ocrx_word' id='word_1_476' title='bbox 2427 3030 2587 3085; x_wconf 85' lang='lat' dir='ltr'><strong>super</strong></span> <span class='ocrx_word' id='word_1_477' title='bbox 2608 3017 2811 3079; x_wconf 84' lang='lat' dir='ltr'><strong>omnia,</strong></span> <span class='ocrx_word' id='word_1_478' title='bbox 2840 3017 2911 3069; x_wconf 83' lang='lat' dir='ltr'><strong>sit</strong></span> <span class='ocrx_word' id='word_1_479' title='bbox 2936 3016 3281 3081; x_wconf 80' lang='lat' dir='ltr'><strong>incarnatus;</strong></span> <span class='ocrx_word' id='word_1_480' title='bbox 3310 3015 3354 3069; x_wconf 88' lang='lat' dir='ltr'><strong>si</strong></span> <span class='ocrx_word' id='word_1_481' title='bbox 3387 3016 3510 3070; x_wconf 89' lang='lat' dir='ltr'><strong>uni-</strong></span> 
     </span>
    </p>
   </div>
   <div class='ocr_carea' id='block_1_58' title="bbox 257 3095 1831 3199">
    <p class='ocr_par' dir='ltr' id='par_1_58' title="bbox 257 3095 1831 3167">
     <span class='ocr_line' id='line_1_58' title="bbox 257 3095 1831 3167; baseline -0.004 -14"><span class='ocrx_word' id='word_1_482' title='bbox 257 3102 457 3155; x_wconf 77' lang='grc' dir='ltr'>ταύτὸν</span> <span class='ocrx_word' id='word_1_483' title='bbox 481 3104 510 3153; x_wconf 78' lang='lat'><strong>6</strong></span> <span class='ocrx_word' id='word_1_484' title='bbox 537 3101 669 3163; x_wconf 84' lang='grc' dir='ltr'>Θεὸς</span> <span class='ocrx_word' id='word_1_485' title='bbox 693 3100 787 3152; x_wconf 75' lang='grc' dir='ltr'><strong>καὶ</strong></span> <span class='ocrx_word' id='word_1_486' title='bbox 816 3101 843 3150; x_wconf 92' lang='lat'><strong>6</strong></span> <span class='ocrx_word' id='word_1_487' title='bbox 871 3101 927 3151; x_wconf 79' lang='grc' dir='ltr'><strong>ἐν</strong></span> <span class='ocrx_word' id='word_1_488' title='bbox 955 3097 1105 3167; x_wconf 84' lang='grc' dir='ltr'><strong>αὑτῷ</strong></span> <span class='ocrx_word' id='word_1_489' title='bbox 1132 3098 1319 3165; x_wconf 88' lang='grc' dir='ltr'><strong>Λόγος,</strong></span> <span class='ocrx_word' id='word_1_490' title='bbox 1338 3099 1430 3149; x_wconf 75' lang='grc' dir='ltr'><strong>καὶ</strong></span> <span class='ocrx_word' id='word_1_491' title='bbox 1458 3096 1569 3164; x_wconf 89' lang='grc'><strong>(86)</strong></span> <span class='ocrx_word' id='word_1_492' title='bbox 1600 3096 1665 3149; x_wconf 83' lang='grc' dir='ltr'><strong>ἂν</strong></span> <span class='ocrx_word' id='word_1_493' title='bbox 1694 3095 1831 3147; x_wconf 71' lang='grc' dir='ltr'>εἴποι</span> 
     </span>
    </p>
   </div>
   <div class='ocr_carea' id='block_1_59' title="bbox 1944 3095 3510 3199">
    <p class='ocr_par' dir='ltr' id='par_1_59' title="bbox 1945 3105 3510 3174">
     <span class='ocr_line' id='line_1_59' title="bbox 1945 3105 3510 3174; baseline 0.001 -17"><span class='ocrx_word' id='word_1_494' title='bbox 1945 3115 2025 3159; x_wconf 88' lang='lat' dir='ltr'><strong>tas</strong></span> <span class='ocrx_word' id='word_1_495' title='bbox 2051 3115 2135 3160; x_wconf 89' lang='lat' dir='ltr'><strong>est</strong></span> <span class='ocrx_word' id='word_1_496' title='bbox 2165 3107 2388 3161; x_wconf 79' lang='lat' dir='ltr'><strong>indivisa</strong></span> <span class='ocrx_word' id='word_1_497' title='bbox 2420 3122 2433 3158; x_wconf 89' lang='lat'><strong>:</strong></span> <span class='ocrx_word' id='word_1_498' title='bbox 2460 3107 2504 3159; x_wconf 95' lang='lat' dir='ltr'><strong>si</strong></span> <span class='ocrx_word' id='word_1_499' title='bbox 2548 3122 2711 3159; x_wconf 90' lang='lat' dir='ltr'><strong>unum</strong></span> <span class='ocrx_word' id='word_1_500' title='bbox 2738 3119 2897 3174; x_wconf 91' lang='lat' dir='ltr'><strong>atque</strong></span> <span class='ocrx_word' id='word_1_501' title='bbox 2932 3107 3071 3159; x_wconf 86' lang='lat' dir='ltr'><strong>idem</strong></span> <span class='ocrx_word' id='word_1_502' title='bbox 3097 3106 3327 3159; x_wconf 78' lang='lat' dir='ltr'><strong>exsistat</strong></span> <span class='ocrx_word' id='word_1_503' title='bbox 3370 3105 3510 3160; x_wconf 83' lang='lat' dir='ltr'><strong>Dens</strong></span> 
     </span>
    </p>
   </div>
   <div class='ocr_carea' id='block_1_60' title="bbox 258 3185 1831 3262">
    <p class='ocr_par' dir='ltr' id='par_1_60' title="bbox 258 3185 1831 3260">
     <span class='ocr_line' id='line_1_60' title="bbox 258 3185 1831 3260; baseline -0.003 -18"><span class='ocrx_word' id='word_1_504' title='bbox 258 3206 345 3253; x_wconf 89' lang='grc' dir='ltr'>τις</span> <span class='ocrx_word' id='word_1_505' title='bbox 374 3190 493 3242; x_wconf 87' lang='grc' dir='ltr'>τίνα</span> <span class='ocrx_word' id='word_1_506' title='bbox 536 3190 752 3260; x_wconf 83' lang='grc' dir='ltr'>Πατέρα</span> <span class='ocrx_word' id='word_1_507' title='bbox 773 3204 787 3221; x_wconf 74' lang='grc'><strong><em>³</em></strong></span> <span class='ocrx_word' id='word_1_508' title='bbox 812 3188 933 3241; x_wconf 84' lang='grc' dir='ltr'>τίνα</span> <span class='ocrx_word' id='word_1_509' title='bbox 968 3188 1024 3240; x_wconf 80' lang='grc' dir='ltr'><strong>δὲ</strong></span> <span class='ocrx_word' id='word_1_510' title='bbox 1058 3188 1201 3252; x_wconf 73' lang='grc' dir='ltr'>Υίὸν,</span> <span class='ocrx_word' id='word_1_511' title='bbox 1245 3188 1361 3249; x_wconf 81' lang='grc' dir='ltr'>ἐνὸς</span> <span class='ocrx_word' id='word_1_512' title='bbox 1403 3188 1553 3249; x_wconf 67' lang='grc' dir='ltr'>ὄντος</span> <span class='ocrx_word' id='word_1_513' title='bbox 1580 3185 1671 3238; x_wconf 91' lang='grc' dir='ltr'><strong>τοῦ</strong></span> <span class='ocrx_word' id='word_1_514' title='bbox 1704 3187 1831 3239; x_wconf 78' lang='grc' dir='ltr'><strong>ὑπο-</strong></span> 
     </span>
    </p>
   </div>
   <div class='ocr_carea' id='block_1_61' title="bbox 1944 3185 3511 3262">
    <p class='ocr_par' dir='ltr' id='par_1_61' title="bbox 1949 3190 3511 3262">
     <span class='ocr_line' id='line_1_61' title="bbox 1949 3190 3511 3262; baseline 0.002 -17"><span class='ocrx_word' id='word_1_515' title='bbox 1949 3206 2073 3245; x_wconf 86' lang='lat' dir='ltr'><strong>cnm</strong></span> <span class='ocrx_word' id='word_1_516' title='bbox 2102 3190 2302 3258; x_wconf 86' lang='lat' dir='ltr'><strong>Verbo,</strong></span> <span class='ocrx_word' id='word_1_517' title='bbox 2336 3195 2479 3261; x_wconf 93' lang='lat' dir='ltr'><strong>quod</strong></span> <span class='ocrx_word' id='word_1_518' title='bbox 2512 3194 2564 3247; x_wconf 90' lang='lat' dir='ltr'><strong>in</strong></span> <span class='ocrx_word' id='word_1_519' title='bbox 2614 3195 2726 3262; x_wconf 78' lang='lat' dir='ltr'><strong>ipso</strong></span> <span class='ocrx_word' id='word_1_520' title='bbox 2773 3202 2855 3249; x_wconf 91' lang='lat' dir='ltr'><strong>est</strong></span> <span class='ocrx_word' id='word_1_521' title='bbox 2889 3212 2903 3247; x_wconf 90' lang='lat'><strong>:</strong></span> <span class='ocrx_word' id='word_1_522' title='bbox 2944 3209 3230 3261; x_wconf 85' lang='lat' dir='ltr'><strong>quemnam</strong></span> <span class='ocrx_word' id='word_1_523' title='bbox 3274 3194 3511 3248; x_wconf 78' lang='lat' dir='ltr'><strong>dicemus</strong></span> 
     </span>
    </p>
   </div>
   <div class='ocr_carea' id='block_1_62' title="bbox 259 3278 1837 3349">
    <p class='ocr_par' dir='ltr' id='par_1_62' title="bbox 259 3278 1837 3349">
     <span class='ocr_line' id='line_1_62' title="bbox 259 3278 1837 3349; baseline 0 -18"><span class='ocrx_word' id='word_1_524' title='bbox 259 3281 517 3348; x_wconf 80' lang='grc' dir='ltr'>κειμένου</span> <span class='ocrx_word' id='word_1_525' title='bbox 538 3296 551 3342; x_wconf 93' lang='grc'><strong>;</strong></span> <span class='ocrx_word' id='word_1_526' title='bbox 571 3280 725 3332; x_wconf 80' lang='grc' dir='ltr'>υῦτω</span> <span class='ocrx_word' id='word_1_527' title='bbox 756 3279 854 3348; x_wconf 80' lang='grc' dir='ltr'><strong>μὲν</strong></span> <span class='ocrx_word' id='word_1_528' title='bbox 879 3279 942 3347; x_wconf 80' lang='grc' dir='ltr'><strong>δὴ</strong></span> <span class='ocrx_word' id='word_1_529' title='bbox 966 3278 1278 3349; x_wconf 85' lang='grc' dir='ltr'>Μάρκελλος</span> <span class='ocrx_word' id='word_1_530' title='bbox 1305 3280 1598 3349; x_wconf 83' lang='grc' dir='ltr'>υίοπάτορα</span> <span class='ocrx_word' id='word_1_531' title='bbox 1624 3280 1714 3332; x_wconf 87' lang='grc' dir='ltr'><strong>τὸν</strong></span> <span class='ocrx_word' id='word_1_532' title='bbox 1743 3278 1837 3331; x_wconf 82' lang='grc' dir='ltr'>’ένα</span> 
     </span>
    </p>
   </div>
   <div class='ocr_carea' id='block_1_63' title="bbox 257 3368 1660 3435">
    <p class='ocr_par' dir='ltr' id='par_1_63' title="bbox 257 3368 1660 3435">
     <span class='ocr_line' id='line_1_63' title="bbox 257 3368 1660 3435; baseline 0 -13"><span class='ocrx_word' id='word_1_533' title='bbox 257 3372 357 3422; x_wconf 76' lang='grc' dir='ltr'><strong>καὶ</strong></span> <span class='ocrx_word' id='word_1_534' title='bbox 394 3370 483 3421; x_wconf 87' lang='grc' dir='ltr'><strong>τὸν</strong></span> <span class='ocrx_word' id='word_1_535' title='bbox 521 3370 680 3420; x_wconf 71' lang='grc' dir='ltr'>αὑτὸν</span> <span class='ocrx_word' id='word_1_536' title='bbox 712 3369 965 3435; x_wconf 84' lang='grc' dir='ltr'>εἰσάγων,</span> <span class='ocrx_word' id='word_1_537' title='bbox 993 3368 1082 3421; x_wconf 88' lang='grc' dir='ltr'><strong>τὸν</strong></span> <span class='ocrx_word' id='word_1_538' title='bbox 1114 3369 1400 3422; x_wconf 77' lang='grc' dir='ltr'>Σαϐέλλιον</span> <span class='ocrx_word' id='word_1_539' title='bbox 1424 3369 1660 3422; x_wconf 84' lang='grc' dir='ltr'>ἀνενέου.</span> 
     </span>
    </p>
   </div>
   <div class='ocr_carea' id='block_1_64' title="bbox 916 3634 1194 3689">
    <p class='ocr_par' dir='ltr' id='par_1_64' title="bbox 916 3634 1194 3689">
     <span class='ocr_line' id='line_1_64' title="bbox 916 3634 1194 3689; baseline -0.004 -2"><span class='ocrx_word' id='word_1_540' title='bbox 916 3634 1070 3689; x_wconf 80' lang='grc' dir='ltr'><strong>ΚΕΦ.</strong></span> <span class='ocrx_word' id='word_1_541' title='bbox 1110 3634 1194 3689; x_wconf 80' lang='lat' dir='ltr'><strong>G&quot;.</strong></span> 
     </span>
    </p>
   </div>
   <div class='ocr_carea' id='block_1_65' title="bbox 442 3634 1664 3795">
    <p class='ocr_par' dir='ltr' id='par_1_65' title="bbox 442 3634 1664 3795">
     <span class='ocr_line' id='line_1_65' title="bbox 916 3634 1194 3689; baseline -0.004 -2"><span class='ocrx_word' id='word_1_542' title='bbox 916 3634 1070 3689; x_wconf 80' lang='grc' dir='ltr'><strong>ΚΕΦ.</strong></span> <span class='ocrx_word' id='word_1_543' title='bbox 1165 3641 1194 3686; x_wconf 91' lang='grc'><strong>’.</strong></span> 
     </span>
     <span class='ocr_line' id='line_1_66' title="bbox 442 3634 1664 3795; baseline -0.006 -12"><span class='ocrx_word' id='word_1_544' title='bbox 442 3728 644 3794; x_wconf 80' lang='grc' dir='ltr'><strong>Ὅπως</strong></span> <span class='ocrx_word' id='word_1_545' title='bbox 671 3730 707 3795; x_wconf 79' lang='grc' dir='ltr'>ἡ</span> <span class='ocrx_word' id='word_1_546' title='bbox 743 3730 1071 3792; x_wconf 73' lang='grc' dir='ltr'>Ἐκκλησία</span> <span class='ocrx_word' id='word_1_547' title='bbox 1096 3634 1201 3781; x_wconf 53' lang='grc' dir='ltr'><strong>’ἓν</strong></span> <span class='ocrx_word' id='word_1_548' title='bbox 1222 3726 1357 3780; x_wconf 84' lang='grc' dir='ltr'><strong>Υἱὸν</strong></span> <span class='ocrx_word' id='word_1_549' title='bbox 1382 3722 1664 3794; x_wconf 78' lang='grc' dir='ltr'>θεολογεῒ.</span> 
     </span>
    </p>
   </div>
   <div class='ocr_carea' id='block_1_66' title="bbox 344 3810 1841 3889">
    <p class='ocr_par' dir='ltr' id='par_1_66' title="bbox 344 3810 1841 3889">
     <span class='ocr_line' id='line_1_67' title="bbox 344 3810 1841 3889; baseline -0.006 -15"><span class='ocrx_word' id='word_1_550' title='bbox 344 3820 411 3874; x_wconf 79' lang='grc' dir='ltr'><em>Ἦ</em></span> <span class='ocrx_word' id='word_1_551' title='bbox 448 3821 503 3873; x_wconf 83' lang='grc' dir='ltr'><strong>δὲ</strong></span> <span class='ocrx_word' id='word_1_552' title='bbox 543 3821 834 3889; x_wconf 77' lang='grc' dir='ltr'>Ἐκκλησία</span> <span class='ocrx_word' id='word_1_553' title='bbox 872 3820 964 3872; x_wconf 88' lang='grc' dir='ltr'><strong>τοῦ</strong></span> <span class='ocrx_word' id='word_1_554' title='bbox 992 3810 1159 3883; x_wconf 82' lang='grc' dir='ltr'>Θεοῦ,</span> <span class='ocrx_word' id='word_1_555' title='bbox 1207 3818 1300 3871; x_wconf 68' lang='grc' dir='ltr'><strong>καὶ</strong></span> <span class='ocrx_word' id='word_1_556' title='bbox 1348 3818 1443 3885; x_wconf 84' lang='grc' dir='ltr'>τὴν</span> <span class='ocrx_word' id='word_1_557' title='bbox 1495 3816 1693 3885; x_wconf 76' lang='grc' dir='ltr'>μονάδα</span> <span class='ocrx_word' id='word_1_558' title='bbox 1745 3816 1841 3884; x_wconf 73' lang='grc' dir='ltr'><strong>τὴν</strong></span> 
     </span>
    </p>
   </div>
   <div class='ocr_carea' id='block_1_67' title="bbox 262 3904 1843 3980">
    <p class='ocr_par' dir='ltr' id='par_1_67' title="bbox 262 3904 1843 3980">
     <span class='ocr_line' id='line_1_68' title="bbox 262 3904 1843 3980; baseline -0.005 -17"><span class='ocrx_word' id='word_1_559' title='bbox 262 3910 569 3980; x_wconf 76' lang='grc' dir='ltr'>ἀδιαίρετον</span> <span class='ocrx_word' id='word_1_560' title='bbox 590 3910 864 3979; x_wconf 76' lang='grc' dir='ltr'>γνωρίζει,</span> <span class='ocrx_word' id='word_1_561' title='bbox 897 3909 1027 3977; x_wconf 88' lang='grc' dir='ltr'>μίαν</span> <span class='ocrx_word' id='word_1_562' title='bbox 1058 3907 1229 3977; x_wconf 81' lang='grc' dir='ltr'>ἀρχὴν</span> <span class='ocrx_word' id='word_1_563' title='bbox 1250 3904 1603 3976; x_wconf 86' lang='grc' dir='ltr'>ὁμολογοῦσα,</span> <span class='ocrx_word' id='word_1_564' title='bbox 1633 3905 1722 3956; x_wconf 81' lang='grc' dir='ltr'><strong>τὸν</strong></span> <span class='ocrx_word' id='word_1_565' title='bbox 1749 3905 1843 3956; x_wconf 73' lang='grc' dir='ltr'><strong>ἕνα</strong></span> 
     </span>
    </p>
   </div>
   <div class='ocr_carea' id='block_1_68' title="bbox 1946 3280 3515 3356">
    <p class='ocr_par' dir='ltr' id='par_1_68' title="bbox 1946 3280 3515 3356">
     <span class='ocr_line' id='line_1_69' title="bbox 1946 3280 3515 3356; baseline 0.001 -19"><span class='ocrx_word' id='word_1_566' title='bbox 1946 3282 2162 3337; x_wconf 84' lang='lat' dir='ltr'><strong>Patrem</strong></span> <span class='ocrx_word' id='word_1_567' title='bbox 2196 3280 2354 3338; x_wconf 85' lang='lat' dir='ltr'><strong>esse?</strong></span> <span class='ocrx_word' id='word_1_568' title='bbox 2378 3300 2539 3353; x_wconf 85' lang='lat' dir='ltr'><strong>quem</strong></span> <span class='ocrx_word' id='word_1_569' title='bbox 2575 3300 2699 3338; x_wconf 79' lang='lat' dir='ltr'><strong>vero</strong></span> <span class='ocrx_word' id='word_1_570' title='bbox 2728 3285 2918 3339; x_wconf 85' lang='lat' dir='ltr'><strong>Filium</strong></span> <span class='ocrx_word' id='word_1_571' title='bbox 2938 3327 2953 3349; x_wconf 90' lang='lat'><strong>,</strong></span> <span class='ocrx_word' id='word_1_572' title='bbox 2979 3300 3098 3339; x_wconf 84' lang='lat' dir='ltr'><strong>cum</strong></span> <span class='ocrx_word' id='word_1_573' title='bbox 3146 3285 3216 3339; x_wconf 85' lang='lat' dir='ltr'><strong>sit</strong></span> <span class='ocrx_word' id='word_1_574' title='bbox 3263 3286 3515 3356; x_wconf 83' lang='lat' dir='ltr'><strong>supposi-</strong></span> 
     </span>
    </p>
   </div>
   <div class='ocr_carea' id='block_1_69' title="bbox 1948 3373 3515 3444">
    <p class='ocr_par' dir='ltr' id='par_1_69' title="bbox 1948 3373 3515 3444">
     <span class='ocr_line' id='line_1_70' title="bbox 1948 3373 3515 3444; baseline 0.003 -19"><span class='ocrx_word' id='word_1_575' title='bbox 1948 3382 2061 3425; x_wconf 89' lang='lat' dir='ltr'><strong>tum</strong></span> <span class='ocrx_word' id='word_1_576' title='bbox 2092 3374 2278 3427; x_wconf 86' lang='lat' dir='ltr'><strong>idem?</strong></span> <span class='ocrx_word' id='word_1_577' title='bbox 2306 3373 2378 3427; x_wconf 84' lang='lat' dir='ltr'><strong>Ita</strong></span> <span class='ocrx_word' id='word_1_578' title='bbox 2409 3391 2571 3428; x_wconf 90' lang='lat' dir='ltr'><strong>tmttm</strong></span> <span class='ocrx_word' id='word_1_579' title='bbox 2611 3376 2759 3429; x_wconf 93' lang='lat' dir='ltr'><strong>illum</strong></span> <span class='ocrx_word' id='word_1_580' title='bbox 2793 3386 2955 3444; x_wconf 90' lang='lat' dir='ltr'><strong>atque</strong></span> <span class='ocrx_word' id='word_1_581' title='bbox 2985 3375 3231 3429; x_wconf 82' lang='lat' dir='ltr'><strong>eumdem</strong></span> <span class='ocrx_word' id='word_1_582' title='bbox 3280 3392 3400 3431; x_wconf 88' lang='lat' dir='ltr'><strong>eum</strong></span> <span class='ocrx_word' id='word_1_583' title='bbox 3431 3377 3515 3429; x_wconf 84' lang='lat' dir='ltr'><strong>in-</strong></span> 
     </span>
    </p>
   </div>
   <div class='ocr_carea' id='block_1_70' title="bbox 1950 3462 3510 3539">
    <p class='ocr_par' dir='ltr' id='par_1_70' title="bbox 1950 3462 3510 3539">
     <span class='ocr_line' id='line_1_71' title="bbox 1950 3462 3510 3539; baseline 0.003 -24"><span class='ocrx_word' id='word_1_584' title='bbox 1950 3462 2197 3516; x_wconf 85' lang='lat' dir='ltr'><strong>trodncat</strong></span> <span class='ocrx_word' id='word_1_585' title='bbox 2225 3463 2505 3519; x_wconf 86' lang='lat' dir='ltr'><strong>Marcellus</strong></span> <span class='ocrx_word' id='word_1_586' title='bbox 2554 3464 2690 3518; x_wconf 81' lang='lat' dir='ltr'><strong>Filio</strong></span> <span class='ocrx_word' id='word_1_587' title='bbox 2744 3466 2981 3529; x_wconf 86' lang='lat' dir='ltr'><strong>Patrem,</strong></span> <span class='ocrx_word' id='word_1_588' title='bbox 3012 3463 3301 3519; x_wconf 89' lang='lat' dir='ltr'><strong>Sabellium</strong></span> <span class='ocrx_word' id='word_1_589' title='bbox 3350 3480 3510 3539; x_wconf 82' lang='lat' dir='ltr'><strong>reno-</strong></span> 
     </span>
    </p>
   </div>
   <div class='ocr_carea' id='block_1_71' title="bbox 1947 3552 2104 3606">
    <p class='ocr_par' dir='ltr' id='par_1_71' title="bbox 1947 3552 2104 3606">
     <span class='ocr_line' id='line_1_72' title="bbox 1947 3552 2104 3606; baseline 0.013 -2"><span class='ocrx_word' id='word_1_590' title='bbox 1947 3552 2104 3606; x_wconf 79' lang='lat' dir='ltr'><strong>vavit.</strong></span> 
     </span>
    </p>
   </div>
   <div class='ocr_carea' id='block_1_72' title="bbox 2595 3652 2875 3727">
    <p class='ocr_par' dir='ltr' id='par_1_72' title="bbox 2595 3652 2875 3727">
     <span class='ocr_line' id='line_1_73' title="bbox 2595 3652 2875 3727; baseline -0.004 -19"><span class='ocrx_word' id='word_1_591' title='bbox 2595 3652 2745 3727; x_wconf 76' lang='lat' dir='ltr'><strong>cAp.</strong></span> <span class='ocrx_word' id='word_1_592' title='bbox 2788 3653 2875 3708; x_wconf 89' lang='lat' dir='ltr'><strong>VI.</strong></span> 
     </span>
    </p>
   </div>
   <div class='ocr_carea' id='block_1_73' title="bbox 2083 3741 3368 3807">
    <p class='ocr_par' dir='ltr' id='par_1_73' title="bbox 2083 3741 3368 3807">
     <span class='ocr_line' id='line_1_74' title="bbox 2083 3741 3368 3807; baseline 0.005 -13"><span class='ocrx_word' id='word_1_593' title='bbox 2083 3748 2139 3804; x_wconf 50' lang='grc' dir='ltr'><strong>ᾗ</strong></span> <span class='ocrx_word' id='word_1_594' title='bbox 2174 3741 2315 3807; x_wconf 82' lang='lat' dir='ltr'><strong>Qutd</strong></span> <span class='ocrx_word' id='word_1_595' title='bbox 2343 3743 2407 3797; x_wconf 85' lang='lat' dir='ltr'><strong>de</strong></span> <span class='ocrx_word' id='word_1_596' title='bbox 2436 3744 2706 3798; x_wconf 77' lang='lat' dir='ltr'><strong>divtnitate</strong></span> <span class='ocrx_word' id='word_1_597' title='bbox 2737 3744 2862 3797; x_wconf 71' lang='lat' dir='ltr'><strong>Fili!</strong></span> <span class='ocrx_word' id='word_1_598' title='bbox 2890 3746 3079 3799; x_wconf 74' lang='lat' dir='ltr'><strong>sentiat</strong></span> <span class='ocrx_word' id='word_1_599' title='bbox 3114 3743 3368 3801; x_wconf 68' lang='lat' dir='ltr'><strong>Ecclesia.</strong></span> 
     </span>
    </p>
   </div>
   <div class='ocr_carea' id='block_1_74' title="bbox 2020 3833 3514 3908">
    <p class='ocr_par' dir='ltr' id='par_1_74' title="bbox 2020 3833 3514 3908">
     <span class='ocr_line' id='line_1_75' title="bbox 2020 3833 3514 3908; baseline 0.004 -22"><span class='ocrx_word' id='word_1_600' title='bbox 2020 3833 2089 3886; x_wconf 81' lang='lat' dir='ltr'><strong>At</strong></span> <span class='ocrx_word' id='word_1_601' title='bbox 2123 3835 2212 3889; x_wconf 91' lang='lat' dir='ltr'><strong>Dei</strong></span> <span class='ocrx_word' id='word_1_602' title='bbox 2263 3835 2502 3889; x_wconf 90' lang='lat' dir='ltr'><strong>Ecclesia</strong></span> <span class='ocrx_word' id='word_1_603' title='bbox 2547 3837 2829 3890; x_wconf 88' lang='lat' dir='ltr'><strong>indivisam</strong></span> <span class='ocrx_word' id='word_1_604' title='bbox 2853 3839 3013 3908; x_wconf 49' lang='lat' dir='ltr'><strong>(certe</strong></span> <span class='ocrx_word' id='word_1_605' title='bbox 3050 3840 3197 3892; x_wconf 84' lang='lat' dir='ltr'><strong>novit</strong></span> <span class='ocrx_word' id='word_1_606' title='bbox 3232 3840 3514 3900; x_wconf 86' lang='lat' dir='ltr'><strong>unitatem,</strong></span> 
     </span>
    </p>
   </div>
   <div class='ocr_carea' id='block_1_75' title="bbox 1953 3926 3515 3996">
    <p class='ocr_par' dir='ltr' id='par_1_75' title="bbox 1953 3926 3515 3996">
     <span class='ocr_line' id='line_1_76' title="bbox 1953 3926 3515 3996; baseline 0.006 -23"><span class='ocrx_word' id='word_1_607' title='bbox 1953 3926 2148 3993; x_wconf 88' lang='lat' dir='ltr'><strong>quippe</strong></span> <span class='ocrx_word' id='word_1_608' title='bbox 2201 3940 2319 3992; x_wconf 72' lang='lat' dir='ltr'><strong>quze</strong></span> <span class='ocrx_word' id='word_1_609' title='bbox 2359 3926 2559 3980; x_wconf 81' lang='lat' dir='ltr'><strong>fatetur</strong></span> <span class='ocrx_word' id='word_1_610' title='bbox 2602 3928 2923 3996; x_wconf 83' lang='lat' dir='ltr'><strong>principium</strong></span> <span class='ocrx_word' id='word_1_611' title='bbox 2961 3929 3211 3983; x_wconf 89' lang='lat' dir='ltr'><strong>unicum:</strong></span> <span class='ocrx_word' id='word_1_612' title='bbox 3240 3946 3401 3984; x_wconf 92' lang='lat' dir='ltr'><strong>unum</strong></span> <span class='ocrx_word' id='word_1_613' title='bbox 3452 3932 3515 3983; x_wconf 84' lang='lat' dir='ltr'><strong>il-</strong></span> 
     </span>
    </p>
   </div>
   <div class='ocr_carea' id='block_1_76' title="bbox 264 3994 1831 4087">
    <p class='ocr_par' dir='ltr' id='par_1_76' title="bbox 264 3994 1831 4070">
     <span class='ocr_line' id='line_1_77' title="bbox 264 3994 1831 4070; baseline -0.006 -14"><span class='ocrx_word' id='word_1_614' title='bbox 264 4004 360 4056; x_wconf 75' lang='grc' dir='ltr'><strong>καὶ</strong></span> <span class='ocrx_word' id='word_1_615' title='bbox 395 4002 686 4070; x_wconf 75' lang='grc' dir='ltr'>ἀγέννητον</span> <span class='ocrx_word' id='word_1_616' title='bbox 710 4002 805 4053; x_wconf 72' lang='grc' dir='ltr'><strong>καὶ</strong></span> <span class='ocrx_word' id='word_1_617' title='bbox 834 4000 1066 4070; x_wconf 78' lang='grc' dir='ltr'>ἄναρχον</span> <span class='ocrx_word' id='word_1_618' title='bbox 1094 3998 1249 4050; x_wconf 75' lang='grc' dir='ltr'>Θεόνο</span> <span class='ocrx_word' id='word_1_619' title='bbox 1276 3999 1367 4050; x_wconf 76' lang='grc' dir='ltr'><strong>καὶ</strong></span> <span class='ocrx_word' id='word_1_620' title='bbox 1391 3998 1479 4049; x_wconf 81' lang='grc' dir='ltr'><strong>τὸν</strong></span> <span class='ocrx_word' id='word_1_621' title='bbox 1510 3996 1568 4059; x_wconf 76' lang='grc' dir='ltr'>ἐξ</span> <span class='ocrx_word' id='word_1_622' title='bbox 1600 3994 1764 4049; x_wconf 84' lang='grc' dir='ltr'>αὑτοῦ</span> <span class='ocrx_word' id='word_1_623' title='bbox 1787 3996 1831 4047; x_wconf 81' lang='lat'>6!</span> 
     </span>
    </p>
   </div>
   <div class='ocr_carea' id='block_1_77' title="bbox 1944 3994 3516 4087">
    <p class='ocr_par' dir='ltr' id='par_1_77' title="bbox 1954 3994 3516 4087">
     <span class='ocr_line' id='line_1_78' title="bbox 1954 3994 3516 4087; baseline 0.004 -20"><span class='ocrx_word' id='word_1_624' title='bbox 1954 4016 2060 4067; x_wconf 91' lang='lat' dir='ltr'><strong>lum</strong></span> <span class='ocrx_word' id='word_1_625' title='bbox 2094 4023 2147 4068; x_wconf 87' lang='lat' dir='ltr'><strong>et</strong></span> <span class='ocrx_word' id='word_1_626' title='bbox 2180 4016 2511 4081; x_wconf 60' lang='lat' dir='ltr'><strong>ingenitum,</strong></span> <span class='ocrx_word' id='word_1_627' title='bbox 2542 3994 2749 4070; x_wconf 30' lang='lat' dir='ltr'><strong>et&#39;sine</strong></span> <span class='ocrx_word' id='word_1_628' title='bbox 2782 3994 3053 4087; x_wconf 24' lang='lat' dir='ltr'><strong>Vprinciplo</strong></span> <span class='ocrx_word' id='word_1_629' title='bbox 3103 4017 3268 4071; x_wconf 90' lang='lat' dir='ltr'><strong>Deum</strong></span> <span class='ocrx_word' id='word_1_630' title='bbox 3297 4033 3314 4080; x_wconf 71' lang='grc' dir='ltr'><strong>ι</strong></span> <span class='ocrx_word' id='word_1_631' title='bbox 3357 4028 3412 4079; x_wconf 85' lang='lat' dir='ltr'><strong>et.</strong></span> <span class='ocrx_word' id='word_1_632' title='bbox 3449 4022 3516 4073; x_wconf 81' lang='lat' dir='ltr'><strong>de</strong></span> 
     </span>
    </p>
   </div>
   <div class='ocr_carea' id='block_1_78' title="bbox 264 4089 1831 4179">
    <p class='ocr_par' dir='ltr' id='par_1_78' title="bbox 264 4089 1831 4166">
     <span class='ocr_line' id='line_1_79' title="bbox 264 4089 1831 4166; baseline -0.004 -18"><span class='ocrx_word' id='word_1_633' title='bbox 264 4096 593 4166; x_wconf 85' lang='grc' dir='ltr'>γεννηθέντα</span> <span class='ocrx_word' id='word_1_634' title='bbox 630 4093 888 4162; x_wconf 88' lang='grc' dir='ltr'>μονογενῆ</span> <span class='ocrx_word' id='word_1_635' title='bbox 923 4092 1069 4154; x_wconf 80' lang='grc' dir='ltr'>Υἱὸν,</span> <span class='ocrx_word' id='word_1_636' title='bbox 1093 4090 1354 4161; x_wconf 74' lang='grc' dir='ltr'>ἀκριϐῶς,</span> <span class='ocrx_word' id='word_1_637' title='bbox 1384 4090 1510 4140; x_wconf 74' lang='grc' dir='ltr'>ὄντα</span> <span class='ocrx_word' id='word_1_638' title='bbox 1542 4089 1635 4140; x_wconf 64' lang='grc' dir='ltr'><strong>κα)⁵</strong></span> <span class='ocrx_word' id='word_1_639' title='bbox 1669 4089 1831 4153; x_wconf 74' lang='grc' dir='ltr'>ζῶντα</span> 
     </span>
    </p>
   </div>
   <div class='ocr_carea' id='block_1_79' title="bbox 1944 4089 3515 4179">
    <p class='ocr_par' dir='ltr' id='par_1_79' title="bbox 1957 4106 3515 4179">
     <span class='ocr_line' id='line_1_80' title="bbox 1957 4106 3515 4179; baseline 0.002 -22"><span class='ocrx_word' id='word_1_640' title='bbox 1957 4106 2073 4172; x_wconf 70' lang='lat' dir='ltr'><strong>ipso</strong></span> <span class='ocrx_word' id='word_1_641' title='bbox 2097 4106 2358 4172; x_wconf 81' lang='lat' dir='ltr'><strong>genitum,</strong></span> <span class='ocrx_word' id='word_1_642' title='bbox 2388 4107 2720 4174; x_wconf 76' lang='lat' dir='ltr'><strong>unigenitum</strong></span> <span class='ocrx_word' id='word_1_643' title='bbox 2766 4106 2959 4162; x_wconf 82' lang='lat' dir='ltr'><strong>Filium</strong></span> <span class='ocrx_word' id='word_1_644' title='bbox 2979 4149 2994 4174; x_wconf 91' lang='lat'><strong>,</strong></span> <span class='ocrx_word' id='word_1_645' title='bbox 3027 4117 3280 4162; x_wconf 88' lang='lat' dir='ltr'><strong>accurate</strong></span> <span class='ocrx_word' id='word_1_646' title='bbox 3324 4111 3515 4179; x_wconf 76' lang='lat' dir='ltr'><strong>cogni-</strong></span> 
     </span>
    </p>
   </div>
   <div class='ocr_carea' id='block_1_80' title="bbox 264 4180 1831 4264">
    <p class='ocr_par' dir='ltr' id='par_1_80' title="bbox 264 4180 1831 4253">
     <span class='ocr_line' id='line_1_81' title="bbox 264 4180 1831 4253; baseline -0.006 -13"><span class='ocrx_word' id='word_1_647' title='bbox 264 4188 359 4240; x_wconf 71' lang='grc' dir='ltr'><strong>καὶ</strong></span> <span class='ocrx_word' id='word_1_648' title='bbox 382 4186 688 4253; x_wconf 77' lang='grc' dir='ltr'>ὑφεστῶτα,</span> <span class='ocrx_word' id='word_1_649' title='bbox 707 4184 935 4253; x_wconf 78' lang='grc' dir='ltr'>Σωτῆρα</span> <span class='ocrx_word' id='word_1_650' title='bbox 951 4182 1309 4251; x_wconf 66' lang='grc' dir='ltr'>ἐπιγράφεται</span> <span class='ocrx_word' id='word_1_651' title='bbox 1333 4181 1431 4232; x_wconf 81' lang='grc' dir='ltr'>οὐκ</span> <span class='ocrx_word' id='word_1_652' title='bbox 1446 4180 1678 4250; x_wconf 81' lang='grc' dir='ltr'>ἄναρχον</span> <span class='ocrx_word' id='word_1_653' title='bbox 1695 4180 1831 4234; x_wconf 59' lang='grc' dir='ltr'><strong>ιὂντα.</strong></span> 
     </span>
    </p>
   </div>
   <div class='ocr_carea' id='block_1_81' title="bbox 1944 4180 3517 4264">
    <p class='ocr_par' dir='ltr' id='par_1_81' title="bbox 1957 4194 3517 4264">
     <span class='ocr_line' id='line_1_82' title="bbox 1957 4194 3517 4264; baseline 0.003 -19"><span class='ocrx_word' id='word_1_654' title='bbox 1957 4204 2091 4257; x_wconf 92' lang='lat' dir='ltr'><strong>tum,</strong></span> <span class='ocrx_word' id='word_1_655' title='bbox 2128 4194 2400 4248; x_wconf 79' lang='lat' dir='ltr'><strong>exstitisse</strong></span> <span class='ocrx_word' id='word_1_656' title='bbox 2431 4196 2613 4248; x_wconf 83' lang='lat' dir='ltr'><strong>vivere</strong></span> <span class='ocrx_word' id='word_1_657' title='bbox 2662 4205 2715 4248; x_wconf 91' lang='lat' dir='ltr'><strong>et</strong></span> <span class='ocrx_word' id='word_1_658' title='bbox 2766 4196 3073 4250; x_wconf 77' lang='lat' dir='ltr'><strong>substitisse</strong></span> <span class='ocrx_word' id='word_1_659' title='bbox 3116 4197 3358 4264; x_wconf 82' lang='lat' dir='ltr'><strong>agnoscit</strong></span> <span class='ocrx_word' id='word_1_660' title='bbox 3389 4198 3517 4252; x_wconf 85' lang='lat' dir='ltr'><strong>Ser—</strong></span> 
     </span>
    </p>
   </div>
   <div class='ocr_carea' id='block_1_82' title="bbox 264 4269 1831 4352">
    <p class='ocr_par' dir='ltr' id='par_1_82' title="bbox 264 4269 1831 4345">
     <span class='ocr_line' id='line_1_83' title="bbox 264 4269 1831 4345; baseline -0.004 -16"><span class='ocrx_word' id='word_1_661' title='bbox 264 4278 387 4332; x_wconf 80' lang='grc' dir='ltr'><strong>οὐδὲ</strong></span> <span class='ocrx_word' id='word_1_662' title='bbox 408 4277 700 4345; x_wconf 78' lang='grc' dir='ltr'>ἀγέννητον</span> <span class='ocrx_word' id='word_1_663' title='bbox 731 4274 865 4343; x_wconf 88' lang='lat'><strong>(87),</strong></span> <span class='ocrx_word' id='word_1_664' title='bbox 911 4274 995 4325; x_wconf 84' lang='grc' dir='ltr'><strong>ἴνα</strong></span> <span class='ocrx_word' id='word_1_665' title='bbox 1029 4272 1102 4341; x_wconf 82' lang='grc' dir='ltr'>μὴ</span> <span class='ocrx_word' id='word_1_666' title='bbox 1129 4272 1221 4324; x_wconf 90' lang='grc' dir='ltr'><strong>δύο</strong></span> <span class='ocrx_word' id='word_1_667' title='bbox 1246 4270 1417 4341; x_wconf 82' lang='grc' dir='ltr'><strong>ἀρχὰς</strong></span> <span class='ocrx_word' id='word_1_668' title='bbox 1446 4272 1537 4323; x_wconf 77' lang='grc' dir='ltr'>καὶ</span> <span class='ocrx_word' id='word_1_669' title='bbox 1572 4269 1664 4322; x_wconf 89' lang='grc' dir='ltr'>δύο</span> <span class='ocrx_word' id='word_1_670' title='bbox 1694 4269 1831 4332; x_wconf 72' lang='grc' dir='ltr'>θεοὺς</span> 
     </span>
    </p>
   </div>
   <div class='ocr_carea' id='block_1_83' title="bbox 1944 4269 3515 4352">
    <p class='ocr_par' dir='ltr' id='par_1_83' title="bbox 1956 4282 3515 4352">
     <span class='ocr_line' id='line_1_84' title="bbox 1956 4282 3515 4352; baseline 0.006 -21"><span class='ocrx_word' id='word_1_671' title='bbox 1956 4292 2215 4335; x_wconf 88' lang='lat' dir='ltr'><strong>vatorem.</strong></span> <span class='ocrx_word' id='word_1_672' title='bbox 2246 4282 2357 4335; x_wconf 87' lang='lat' dir='ltr'><strong>Non</strong></span> <span class='ocrx_word' id='word_1_673' title='bbox 2389 4282 2536 4335; x_wconf 87' lang='lat' dir='ltr'><strong>illum</strong></span> <span class='ocrx_word' id='word_1_674' title='bbox 2564 4283 2680 4335; x_wconf 92' lang='lat' dir='ltr'><strong>sine</strong></span> <span class='ocrx_word' id='word_1_675' title='bbox 2705 4283 2970 4352; x_wconf 91' lang='lat' dir='ltr'><strong>principio</strong></span> <span class='ocrx_word' id='word_1_676' title='bbox 2990 4326 3003 4345; x_wconf 88' lang='lat'><strong>,</strong></span> <span class='ocrx_word' id='word_1_677' title='bbox 3040 4301 3143 4338; x_wconf 91' lang='lat' dir='ltr'><strong>non</strong></span> <span class='ocrx_word' id='word_1_678' title='bbox 3182 4286 3515 4350; x_wconf 74' lang='lat' dir='ltr'><strong>ingenitum:</strong></span> 
     </span>
    </p>
   </div>
   <div class='ocr_carea' id='block_1_84' title="bbox 267 4360 1831 4443">
    <p class='ocr_par' dir='ltr' id='par_1_84' title="bbox 267 4360 1831 4439">
     <span class='ocr_line' id='line_1_85' title="bbox 267 4360 1831 4439; baseline -0.01 -16"><span class='ocrx_word' id='word_1_679' title='bbox 267 4370 662 4439; x_wconf 78' lang='grc' dir='ltr'>ὐποστήσηται,</span> <span class='ocrx_word' id='word_1_680' title='bbox 683 4366 741 4429; x_wconf 77' lang='grc' dir='ltr'><strong>ἐξ</strong></span> <span class='ocrx_word' id='word_1_681' title='bbox 765 4363 928 4418; x_wconf 81' lang='grc' dir='ltr'>αὐτοῦ</span> <span class='ocrx_word' id='word_1_682' title='bbox 958 4364 1013 4415; x_wconf 81' lang='grc' dir='ltr'><strong>δὲ</strong></span> <span class='ocrx_word' id='word_1_683' title='bbox 1043 4362 1365 4432; x_wconf 76' lang='grc' dir='ltr'>γεννηθέντα</span> <span class='ocrx_word' id='word_1_684' title='bbox 1381 4360 1474 4413; x_wconf 88' lang='grc' dir='ltr'><strong>τοῦ</strong></span> <span class='ocrx_word' id='word_1_685' title='bbox 1509 4362 1737 4431; x_wconf 83' lang='grc' dir='ltr'>Πατρὸς,</span> <span class='ocrx_word' id='word_1_686' title='bbox 1757 4366 1831 4414; x_wconf 80' lang='grc' dir='ltr'><strong>κα</strong></span> 
     </span>
    </p>
   </div>
   <div class='ocr_carea' id='block_1_85' title="bbox 1944 4360 3517 4443">
    <p class='ocr_par' dir='ltr' id='par_1_85' title="bbox 1961 4370 3517 4443">
     <span class='ocr_line' id='line_1_86' title="bbox 1961 4370 3517 4443; baseline 0.003 -20"><span class='ocrx_word' id='word_1_687' title='bbox 1961 4387 2030 4425; x_wconf 89' lang='lat' dir='ltr'><strong>ne</strong></span> <span class='ocrx_word' id='word_1_688' title='bbox 2056 4371 2160 4424; x_wconf 92' lang='lat' dir='ltr'><strong>duo</strong></span> <span class='ocrx_word' id='word_1_689' title='bbox 2187 4371 2448 4440; x_wconf 88' lang='lat' dir='ltr'><strong>principia</strong></span> <span class='ocrx_word' id='word_1_690' title='bbox 2479 4379 2701 4436; x_wconf 84' lang='lat' dir='ltr'><strong>statuat,</strong></span> <span class='ocrx_word' id='word_1_691' title='bbox 2748 4381 2802 4425; x_wconf 88' lang='lat' dir='ltr'><strong>et</strong></span> <span class='ocrx_word' id='word_1_692' title='bbox 2830 4370 2960 4425; x_wconf 91' lang='lat' dir='ltr'><strong>deos</strong></span> <span class='ocrx_word' id='word_1_693' title='bbox 2990 4370 3124 4426; x_wconf 91' lang='lat' dir='ltr'><strong>duos</strong></span> <span class='ocrx_word' id='word_1_694' title='bbox 3151 4388 3167 4436; x_wconf 90' lang='lat'><strong>;</strong></span> <span class='ocrx_word' id='word_1_695' title='bbox 3197 4388 3383 4428; x_wconf 85' lang='lat' dir='ltr'><strong>verum</strong></span> <span class='ocrx_word' id='word_1_696' title='bbox 3420 4391 3517 4443; x_wconf 81' lang='lat' dir='ltr'><strong>ge-</strong></span> 
     </span>
    </p>
   </div>
   <div class='ocr_carea' id='block_1_86' title="bbox 265 4450 1831 4543">
    <p class='ocr_par' dir='ltr' id='par_1_86' title="bbox 265 4450 1831 4531">
     <span class='ocr_line' id='line_1_87' title="bbox 265 4450 1831 4531; baseline -0.006 -17"><span class='ocrx_word' id='word_1_697' title='bbox 265 4460 441 4531; x_wconf 75' lang='grc' dir='ltr'>άρχὴν</span> <span class='ocrx_word' id='word_1_698' title='bbox 464 4458 653 4527; x_wconf 76' lang='grc' dir='ltr'>ἔχοντα</span> <span class='ocrx_word' id='word_1_699' title='bbox 668 4456 757 4509; x_wconf 92' lang='grc' dir='ltr'><strong>τὸν</strong></span> <span class='ocrx_word' id='word_1_700' title='bbox 779 4452 1160 4523; x_wconf 83' lang='grc' dir='ltr'>γεγεννηκότα.</span> <span class='ocrx_word' id='word_1_701' title='bbox 1178 4452 1266 4503; x_wconf 84' lang='grc' dir='ltr'>Διὸ</span> <span class='ocrx_word' id='word_1_702' title='bbox 1288 4450 1562 4504; x_wconf 76' lang='grc' dir='ltr'>πιστεύειν</span> <span class='ocrx_word' id='word_1_703' title='bbox 1588 4451 1831 4524; x_wconf 80' lang='grc' dir='ltr'>παρείλη·</span> 
     </span>
    </p>
   </div>
   <div class='ocr_carea' id='block_1_87' title="bbox 1944 4450 3518 4543">
    <p class='ocr_par' dir='ltr' id='par_1_87' title="bbox 1964 4460 3518 4533">
     <span class='ocr_line' id='line_1_88' title="bbox 1964 4460 3518 4533; baseline 0.003 -20"><span class='ocrx_word' id='word_1_704' title='bbox 1964 4460 2134 4514; x_wconf 89' lang='lat' dir='ltr'><strong>nitum</strong></span> <span class='ocrx_word' id='word_1_705' title='bbox 2165 4462 2233 4514; x_wconf 91' lang='lat' dir='ltr'><strong>de</strong></span> <span class='ocrx_word' id='word_1_706' title='bbox 2260 4460 2418 4514; x_wconf 83' lang='lat' dir='ltr'><strong>Patre</strong></span> <span class='ocrx_word' id='word_1_707' title='bbox 2450 4475 2571 4525; x_wconf 89' lang='lat' dir='ltr'><strong>suo,</strong></span> <span class='ocrx_word' id='word_1_708' title='bbox 2610 4470 2663 4514; x_wconf 91' lang='lat' dir='ltr'><strong>et</strong></span> <span class='ocrx_word' id='word_1_709' title='bbox 2688 4460 3006 4528; x_wconf 86' lang='lat' dir='ltr'><strong>principium</strong></span> <span class='ocrx_word' id='word_1_710' title='bbox 3052 4462 3333 4517; x_wconf 87' lang='lat' dir='ltr'><strong>habentem</strong></span> <span class='ocrx_word' id='word_1_711' title='bbox 3370 4466 3518 4533; x_wconf 85' lang='lat' dir='ltr'><strong>geni-</strong></span> 
     </span>
    </p>
   </div>
   <div class='ocr_carea' id='block_1_88' title="bbox 267 4539 1831 4621">
    <p class='ocr_par' dir='ltr' id='par_1_88' title="bbox 267 4539 1831 4621">
     <span class='ocr_line' id='line_1_89' title="bbox 267 4539 1831 4621; baseline -0.004 -18"><span class='ocrx_word' id='word_1_712' title='bbox 267 4569 366 4621; x_wconf 79' lang='grc' dir='ltr'><strong>φιν</strong></span> <span class='ocrx_word' id='word_1_713' title='bbox 397 4552 478 4611; x_wconf 83' lang='grc' dir='ltr'><strong>είς</strong></span> <span class='ocrx_word' id='word_1_714' title='bbox 506 4548 600 4601; x_wconf 77' lang='grc' dir='ltr'><strong>ἕνα</strong></span> <span class='ocrx_word' id='word_1_715' title='bbox 630 4548 759 4601; x_wconf 86' lang='grc' dir='ltr'>Θεὸν</span> <span class='ocrx_word' id='word_1_716' title='bbox 793 4546 1009 4615; x_wconf 87' lang='grc' dir='ltr'>Πατέρα</span> <span class='ocrx_word' id='word_1_717' title='bbox 1042 4539 1474 4613; x_wconf 81' lang='grc' dir='ltr'>παντοκράτορα,</span> <span class='ocrx_word' id='word_1_718' title='bbox 1527 4545 1618 4596; x_wconf 75' lang='grc' dir='ltr'>καὶ</span> <span class='ocrx_word' id='word_1_719' title='bbox 1643 4545 1722 4607; x_wconf 83' lang='grc' dir='ltr'><strong>είς</strong></span> <span class='ocrx_word' id='word_1_720' title='bbox 1754 4546 1831 4597; x_wconf 62' lang='grc' dir='ltr'><strong>τὸι</strong></span> 
     </span>
    </p>
   </div>
   <div class='ocr_carea' id='block_1_89' title="bbox 1944 4539 3516 4621">
    <p class='ocr_par' dir='ltr' id='par_1_89' title="bbox 1955 4550 3516 4619">
     <span class='ocr_line' id='line_1_90' title="bbox 1955 4550 3516 4619; baseline 0.001 -14"><span class='ocrx_word' id='word_1_721' title='bbox 1955 4563 2123 4605; x_wconf 92' lang='lat' dir='ltr'><strong>torem</strong></span> <span class='ocrx_word' id='word_1_722' title='bbox 2156 4566 2332 4605; x_wconf 85' lang='lat' dir='ltr'><strong>suum.</strong></span> <span class='ocrx_word' id='word_1_723' title='bbox 2358 4551 2538 4619; x_wconf 83' lang='lat' dir='ltr'><strong>Atque</strong></span> <span class='ocrx_word' id='word_1_724' title='bbox 2573 4550 2695 4605; x_wconf 88' lang='lat' dir='ltr'><strong>ideo</strong></span> <span class='ocrx_word' id='word_1_725' title='bbox 2738 4553 2957 4603; x_wconf 82' lang='lat' dir='ltr'><strong>credere</strong></span> <span class='ocrx_word' id='word_1_726' title='bbox 2993 4552 3218 4619; x_wconf 89' lang='lat' dir='ltr'><strong>accepit,</strong></span> <span class='ocrx_word' id='word_1_727' title='bbox 3262 4554 3312 4606; x_wconf 90' lang='lat' dir='ltr'><strong>in</strong></span> <span class='ocrx_word' id='word_1_728' title='bbox 3353 4569 3516 4607; x_wconf 89' lang='lat' dir='ltr'><strong>unum</strong></span> 
     </span>
    </p>
   </div>
   <div class='ocr_carea' id='block_1_90' title="bbox 267 4634 1831 4712">
    <p class='ocr_par' dir='ltr' id='par_1_90' title="bbox 267 4634 1831 4712">
     <span class='ocr_line' id='line_1_91' title="bbox 267 4634 1831 4712; baseline -0.008 -18"><span class='ocrx_word' id='word_1_729' title='bbox 267 4642 474 4712; x_wconf 77' lang='grc' dir='ltr'>Κύριον</span> <span class='ocrx_word' id='word_1_730' title='bbox 526 4638 680 4709; x_wconf 74' lang='grc' dir='ltr'>ἡμῶν</span> <span class='ocrx_word' id='word_1_731' title='bbox 722 4637 931 4706; x_wconf 83' lang='grc' dir='ltr'>Ἰησοῦν</span> <span class='ocrx_word' id='word_1_732' title='bbox 984 4635 1235 4703; x_wconf 84' lang='grc' dir='ltr'>Χριστὸν,</span> <span class='ocrx_word' id='word_1_733' title='bbox 1298 4634 1388 4686; x_wconf 87' lang='grc' dir='ltr'><strong>τὸν</strong></span> <span class='ocrx_word' id='word_1_734' title='bbox 1431 4636 1695 4705; x_wconf 84' lang='grc' dir='ltr'>μονογενῆ</span> <span class='ocrx_word' id='word_1_735' title='bbox 1746 4637 1831 4688; x_wconf 68' lang='grc' dir='ltr'><strong>τος</strong></span> 
     </span>
    </p>
   </div>
   <div class='ocr_carea' id='block_1_91' title="bbox 1944 4634 3517 4712">
    <p class='ocr_par' dir='ltr' id='par_1_91' title="bbox 1954 4641 3517 4711">
     <span class='ocr_line' id='line_1_92' title="bbox 1954 4641 3517 4711; baseline 0 -16"><span class='ocrx_word' id='word_1_736' title='bbox 1954 4643 2117 4696; x_wconf 91' lang='lat' dir='ltr'><strong>Deum</strong></span> <span class='ocrx_word' id='word_1_737' title='bbox 2136 4641 2350 4695; x_wconf 86' lang='lat' dir='ltr'><strong>Patrem</strong></span> <span class='ocrx_word' id='word_1_738' title='bbox 2367 4642 2785 4711; x_wconf 90' lang='lat' dir='ltr'><strong>omnipotentem</strong></span> <span class='ocrx_word' id='word_1_739' title='bbox 2798 4681 2812 4703; x_wconf 86' lang='lat'><strong>,</strong></span> <span class='ocrx_word' id='word_1_740' title='bbox 2830 4651 2884 4694; x_wconf 93' lang='lat' dir='ltr'><strong>et</strong></span> <span class='ocrx_word' id='word_1_741' title='bbox 2906 4642 2957 4693; x_wconf 91' lang='lat' dir='ltr'><strong>in</strong></span> <span class='ocrx_word' id='word_1_742' title='bbox 2980 4642 3259 4695; x_wconf 91' lang='lat' dir='ltr'><strong>Dominum</strong></span> <span class='ocrx_word' id='word_1_743' title='bbox 3277 4653 3517 4697; x_wconf 90' lang='lat' dir='ltr'><strong>nostrmn</strong></span> 
     </span>
    </p>
   </div>
   <div class='ocr_carea' id='block_1_92' title="bbox 265 4727 1831 4798">
    <p class='ocr_par' dir='ltr' id='par_1_92' title="bbox 265 4727 1831 4798">
     <span class='ocr_line' id='line_1_93' title="bbox 265 4727 1831 4798; baseline 0 -16"><span class='ocrx_word' id='word_1_744' title='bbox 265 4733 406 4785; x_wconf 83' lang='grc' dir='ltr'>Θεοῦ</span> <span class='ocrx_word' id='word_1_745' title='bbox 437 4730 594 4791; x_wconf 85' lang='grc' dir='ltr'>Υἱὸν,</span> <span class='ocrx_word' id='word_1_746' title='bbox 646 4729 743 4798; x_wconf 78' lang='grc' dir='ltr'><strong>τῆς</strong></span> <span class='ocrx_word' id='word_1_747' title='bbox 775 4728 935 4795; x_wconf 84' lang='grc' dir='ltr'>ἁγίας</span> <span class='ocrx_word' id='word_1_748' title='bbox 962 4727 1162 4794; x_wconf 82' lang='grc' dir='ltr'>ταύτης</span> <span class='ocrx_word' id='word_1_749' title='bbox 1188 4728 1279 4778; x_wconf 71' lang='grc' dir='ltr'><strong>καὶ</strong></span> <span class='ocrx_word' id='word_1_750' title='bbox 1310 4728 1577 4796; x_wconf 78' lang='grc' dir='ltr'>μυστικῆς</span> <span class='ocrx_word' id='word_1_751' title='bbox 1606 4730 1831 4792; x_wconf 85' lang='grc' dir='ltr'>πίστεως</span> 
     </span>
    </p>
   </div>
   <div class='ocr_carea' id='block_1_93' title="bbox 1944 4727 3521 4798">
    <p class='ocr_par' dir='ltr' id='par_1_93' title="bbox 1952 4728 3521 4798">
     <span class='ocr_line' id='line_1_94' title="bbox 1952 4728 3521 4798; baseline 0 -14"><span class='ocrx_word' id='word_1_752' title='bbox 1952 4730 2133 4785; x_wconf 84' lang='lat' dir='ltr'><strong>Jesnm</strong></span> <span class='ocrx_word' id='word_1_753' title='bbox 2181 4732 2492 4793; x_wconf 77' lang='lat' dir='ltr'><strong>Christum,</strong></span> <span class='ocrx_word' id='word_1_754' title='bbox 2548 4731 2881 4797; x_wconf 86' lang='lat' dir='ltr'><strong>unigenitum</strong></span> <span class='ocrx_word' id='word_1_755' title='bbox 2954 4730 3045 4784; x_wconf 89' lang='lat' dir='ltr'><strong>Dei</strong></span> <span class='ocrx_word' id='word_1_756' title='bbox 3108 4728 3321 4786; x_wconf 84' lang='lat' dir='ltr'><strong>Filium.</strong></span> <span class='ocrx_word' id='word_1_757' title='bbox 3390 4733 3521 4798; x_wconf 64' lang='lat' dir='ltr'><strong>Quae</strong></span> 
     </span>
    </p>
   </div>
   <div class='ocr_carea' id='block_1_94' title="bbox 266 4818 1831 4894">
    <p class='ocr_par' dir='ltr' id='par_1_94' title="bbox 266 4818 1831 4893">
     <span class='ocr_line' id='line_1_95' title="bbox 266 4818 1831 4893; baseline -0.003 -18"><span class='ocrx_word' id='word_1_758' title='bbox 266 4823 365 4893; x_wconf 82' lang='grc' dir='ltr'><strong>τὴν</strong></span> <span class='ocrx_word' id='word_1_759' title='bbox 384 4824 441 4874; x_wconf 80' lang='grc' dir='ltr'><strong>ὲν</strong></span> <span class='ocrx_word' id='word_1_760' title='bbox 458 4819 678 4891; x_wconf 85' lang='grc' dir='ltr'>Χριστῷ</span> <span class='ocrx_word' id='word_1_761' title='bbox 694 4818 1034 4888; x_wconf 77' lang='grc' dir='ltr'>παρεχούσης</span> <span class='ocrx_word' id='word_1_762' title='bbox 1057 4818 1427 4884; x_wconf 82' lang='grc' dir='ltr'>ἁναγέννησιν,</span> <span class='ocrx_word' id='word_1_763' title='bbox 1448 4820 1559 4880; x_wconf 85' lang='grc' dir='ltr'>τοῖς</span> <span class='ocrx_word' id='word_1_764' title='bbox 1588 4818 1653 4871; x_wconf 81' lang='grc' dir='ltr'><strong>δι’</strong></span> <span class='ocrx_word' id='word_1_765' title='bbox 1675 4818 1831 4887; x_wconf 70' lang='grc' dir='ltr'>αὐτῆς</span> 
     </span>
    </p>
   </div>
   <div class='ocr_carea' id='block_1_95' title="bbox 1944 4818 3519 4894">
    <p class='ocr_par' dir='ltr' id='par_1_95' title="bbox 1956 4820 3519 4894">
     <span class='ocr_line' id='line_1_96' title="bbox 1956 4820 3519 4894; baseline -0.002 -18"><span class='ocrx_word' id='word_1_766' title='bbox 1956 4832 2141 4876; x_wconf 84' lang='lat' dir='ltr'><strong>sancta</strong></span> <span class='ocrx_word' id='word_1_767' title='bbox 2177 4832 2231 4876; x_wconf 91' lang='lat' dir='ltr'><strong>et</strong></span> <span class='ocrx_word' id='word_1_768' title='bbox 2256 4823 2480 4894; x_wconf 84' lang='lat' dir='ltr'><strong>mystica</strong></span> <span class='ocrx_word' id='word_1_769' title='bbox 2512 4820 2664 4889; x_wconf 81' lang='lat' dir='ltr'><strong>fides,</strong></span> <span class='ocrx_word' id='word_1_770' title='bbox 2694 4822 3153 4890; x_wconf 75' lang='lat' dir='ltr'><strong>regenerationem</strong></span> <span class='ocrx_word' id='word_1_771' title='bbox 3201 4823 3252 4877; x_wconf 89' lang='lat' dir='ltr'><strong>in</strong></span> <span class='ocrx_word' id='word_1_772' title='bbox 3304 4822 3519 4877; x_wconf 87' lang='lat' dir='ltr'><strong>Christo</strong></span> 
     </span>
    </p>
   </div>
   <div class='ocr_carea' id='block_1_96' title="bbox 344 4920 1831 4998">
    <p class='ocr_par' dir='ltr' id='par_1_96' title="bbox 344 4928 1199 4998">
     <span class='ocr_line' id='line_1_97' title="bbox 344 4928 1199 4998; baseline -0.007 -10"><span class='ocrx_word' id='word_1_773' title='bbox 344 4940 405 4996; x_wconf 49' lang='lat' dir='ltr'><strong>qi</strong></span> <span class='ocrx_word' id='word_1_774' title='bbox 429 4934 525 4987; x_wconf 66' lang='lat' dir='ltr'><strong>Erl.</strong></span> <span class='ocrx_word' id='word_1_775' title='bbox 556 4930 726 4995; x_wconf 86' lang='lat' dir='ltr'><strong>Paris,</strong></span> <span class='ocrx_word' id='word_1_776' title='bbox 758 4945 878 4998; x_wconf 90' lang='lat' dir='ltr'><strong>pag.</strong></span> <span class='ocrx_word' id='word_1_777' title='bbox 917 4928 1040 4991; x_wconf 85' lang='lat' dir='ltr'><strong>I07,</strong></span> <span class='ocrx_word' id='word_1_778' title='bbox 1081 4928 1199 4982; x_wconf 75' lang='grc'><strong>108.</strong></span> 
     </span>
    </p>
   </div>
   <div class='ocr_carea' id='block_1_97' title="bbox 343 5014 799 5091">
    <p class='ocr_par' dir='ltr' id='par_1_97' title="bbox 343 5014 799 5091">
     <span class='ocr_line' id='line_1_98' title="bbox 343 5014 799 5091; baseline -0.004 -10"><span class='ocrx_word' id='word_1_779' title='bbox 343 5030 390 5058; x_wconf 82' lang='grc'><strong>⁷⁸</strong></span> <span class='ocrx_word' id='word_1_780' title='bbox 430 5026 584 5081; x_wconf 79' lang='lat' dir='ltr'><strong>Ioan.</strong></span> <span class='ocrx_word' id='word_1_781' title='bbox 622 5014 689 5091; x_wconf 70' lang='grc' dir='ltr'>χ,</span> <span class='ocrx_word' id='word_1_782' title='bbox 708 5026 799 5079; x_wconf 76' lang='lat'><strong>30.</strong></span> 
     </span>
    </p>
   </div>
   <div class='ocr_carea' id='block_1_98' title="bbox 339 5136 1839 5207">
    <p class='ocr_par' dir='ltr' id='par_1_98' title="bbox 339 5136 1839 5207">
     <span class='ocr_line' id='line_1_99' title="bbox 339 5136 1839 5207; baseline -0.001 -14"><span class='ocrx_word' id='word_1_783' title='bbox 339 5140 452 5207; x_wconf 72' lang='grc'>(82)</span> <span class='ocrx_word' id='word_1_784' title='bbox 492 5142 601 5191; x_wconf 82' lang='grc' dir='ltr'><em>Ἕν</em></span> <span class='ocrx_word' id='word_1_785' title='bbox 659 5138 755 5190; x_wconf 71' lang='grc' dir='ltr'>καὶ</span> <span class='ocrx_word' id='word_1_786' title='bbox 798 5140 1029 5191; x_wconf 71' lang='grc' dir='ltr'>’ταύτὸν</span> <span class='ocrx_word' id='word_1_787' title='bbox 1069 5136 1239 5194; x_wconf 72' lang='grc' dir='ltr'>εἶναι.</span> <span class='ocrx_word' id='word_1_788' title='bbox 1270 5139 1363 5193; x_wconf 90' lang='lat' dir='ltr'><strong>Vel</strong></span> <span class='ocrx_word' id='word_1_789' title='bbox 1409 5139 1555 5191; x_wconf 78' lang='grc' dir='ltr'>ὄντα.</span> <span class='ocrx_word' id='word_1_790' title='bbox 1601 5138 1839 5193; x_wconf 80' lang='lat' dir='ltr'><strong>Marcelli</strong></span> 
     </span>
    </p>
   </div>
   <div class='ocr_carea' id='block_1_99' title="bbox 1943 5141 3513 5211">
    <p class='ocr_par' dir='ltr' id='par_1_99' title="bbox 1943 5141 3513 5211">
     <span class='ocr_line' id='line_1_100' title="bbox 1943 5141 3513 5211; baseline 0.001 -19"><span class='ocrx_word' id='word_1_791' title='bbox 1943 5141 2129 5211; x_wconf 68' lang='grc' dir='ltr'>ἕτερον</span> <span class='ocrx_word' id='word_1_792' title='bbox 2154 5144 2313 5204; x_wconf 78' lang='grc' dir='ltr'>νοεῖν,</span> <span class='ocrx_word' id='word_1_793' title='bbox 2350 5142 2438 5195; x_wconf 88' lang='lat' dir='ltr'><strong>ttbi</strong></span> <span class='ocrx_word' id='word_1_794' title='bbox 2475 5144 2632 5211; x_wconf 86' lang='lat' dir='ltr'><strong>paulo</strong></span> <span class='ocrx_word' id='word_1_795' title='bbox 2662 5153 2785 5210; x_wconf 85' lang='lat' dir='ltr'><strong>post</strong></span> <span class='ocrx_word' id='word_1_796' title='bbox 2839 5144 3053 5208; x_wconf 75' lang='lat' dir='ltr'><strong>legend.</strong></span> <span class='ocrx_word' id='word_1_797' title='bbox 3084 5143 3203 5196; x_wconf 85' lang='grc' dir='ltr'>τίνα</span> <span class='ocrx_word' id='word_1_798' title='bbox 3244 5154 3343 5209; x_wconf 86' lang='lat' dir='ltr'><strong>pro</strong></span> <span class='ocrx_word' id='word_1_799' title='bbox 3381 5156 3513 5193; x_wconf 81' lang='grc' dir='ltr'>πνα.</span> 
     </span>
    </p>
   </div>
   <div class='ocr_carea' id='block_1_100' title="bbox 268 5208 1840 5277">
    <p class='ocr_par' dir='ltr' id='par_1_100' title="bbox 268 5208 1840 5277">
     <span class='ocr_line' id='line_1_101' title="bbox 268 5208 1840 5277; baseline -0.001 -13"><span class='ocrx_word' id='word_1_800' title='bbox 268 5209 540 5264; x_wconf 76' lang='lat' dir='ltr'><strong>sententia</strong></span> <span class='ocrx_word' id='word_1_801' title='bbox 568 5218 704 5271; x_wconf 87' lang='lat' dir='ltr'><strong>erat,</strong></span> <span class='ocrx_word' id='word_1_802' title='bbox 734 5208 777 5259; x_wconf 89' lang='lat' dir='ltr'><strong>si</strong></span> <span class='ocrx_word' id='word_1_803' title='bbox 808 5209 1055 5262; x_wconf 69' lang='lat' dir='ltr'><strong>Christus</strong></span> <span class='ocrx_word' id='word_1_804' title='bbox 1098 5212 1395 5263; x_wconf 75' lang='lat' dir='ltr'><strong>secundum</strong></span> <span class='ocrx_word' id='word_1_805' title='bbox 1426 5212 1677 5263; x_wconf 78' lang='lat' dir='ltr'><strong>deitatem</strong></span> <span class='ocrx_word' id='word_1_806' title='bbox 1715 5212 1840 5277; x_wconf 66' lang='lat' dir='ltr'><strong>(lgoc</strong></span> 
     </span>
    </p>
   </div>
   <div class='ocr_carea' id='block_1_101' title="bbox 1944 5213 2941 5267">
    <p class='ocr_par' dir='ltr' id='par_1_101' title="bbox 1944 5213 2941 5267">
     <span class='ocr_line' id='line_1_102' title="bbox 1944 5213 2941 5267; baseline 0.001 -3"><span class='ocrx_word' id='word_1_807' title='bbox 1944 5226 2098 5264; x_wconf 79' lang='lat' dir='ltr'><strong>error</strong></span> <span class='ocrx_word' id='word_1_808' title='bbox 2120 5226 2185 5264; x_wconf 83' lang='lat' dir='ltr'><strong>ex</strong></span> <span class='ocrx_word' id='word_1_809' title='bbox 2212 5213 2625 5266; x_wconf 81' lang='lat' dir='ltr'><strong>abbreviatione</strong></span> <span class='ocrx_word' id='word_1_810' title='bbox 2653 5228 2827 5267; x_wconf 88' lang='lat' dir='ltr'><strong>ortus.</strong></span> <span class='ocrx_word' id='word_1_811' title='bbox 2872 5214 2941 5266; x_wconf 84' lang='lat' dir='ltr'><strong>M.</strong></span> 
     </span>
    </p>
   </div>
   <div class='ocr_carea' id='block_1_102' title="bbox 266 5276 1831 5397">
    <p class='ocr_par' dir='ltr' id='par_1_102' title="bbox 266 5276 1831 5397">
     <span class='ocr_line' id='line_1_103' title="bbox 266 5276 1831 5347; baseline -0.001 -15"><span class='ocrx_word' id='word_1_812' title='bbox 266 5291 353 5332; x_wconf 85' lang='lat' dir='ltr'><strong>est</strong></span> <span class='ocrx_word' id='word_1_813' title='bbox 388 5277 626 5345; x_wconf 81' lang='grc' dir='ltr'>πνεῦμα,</span> <span class='ocrx_word' id='word_1_814' title='bbox 673 5288 727 5329; x_wconf 88' lang='lat' dir='ltr'><strong>et</strong></span> <span class='ocrx_word' id='word_1_815' title='bbox 757 5278 1065 5347; x_wconf 72' lang='grc' dir='ltr'>πνεύματος</span> <span class='ocrx_word' id='word_1_816' title='bbox 1113 5280 1384 5347; x_wconf 78' lang='grc' dir='ltr'>ἐξέτασις)</span> <span class='ocrx_word' id='word_1_817' title='bbox 1427 5276 1831 5337; x_wconf 68' lang='lat' dir='ltr'><strong>considerauit.</strong></span> 
     </span>
     <span class='ocr_line' id='line_1_104' title="bbox 266 5346 1831 5397; baseline 0 0"><span class='ocrx_word' id='word_1_818' title='bbox 266 5358 386 5397; x_wconf 84' lang='lat' dir='ltr'><strong>erat</strong></span> <span class='ocrx_word' id='word_1_819' title='bbox 414 5346 679 5397; x_wconf 78' lang='grc' dir='ltr'>συναῖδιος</span> <span class='ocrx_word' id='word_1_820' title='bbox 705 5346 782 5397; x_wconf 85' lang='grc' dir='ltr'>τῶ</span> <span class='ocrx_word' id='word_1_821' title='bbox 810 5348 1000 5397; x_wconf 78' lang='grc' dir='ltr'>Πατοὶ.</span> <span class='ocrx_word' id='word_1_822' title='bbox 1030 5348 1108 5397; x_wconf 88' lang='lat' dir='ltr'><strong>vel</strong></span> <span class='ocrx_word' id='word_1_823' title='bbox 1153 5359 1210 5397; x_wconf 90' lang='lat' dir='ltr'><strong>ut</strong></span> <span class='ocrx_word' id='word_1_824' title='bbox 1261 5348 1517 5397; x_wconf 86' lang='lat' dir='ltr'><strong>Ioanitnr.</strong></span> <span class='ocrx_word' id='word_1_825' title='bbox 1565 5348 1831 5397; x_wconf 68' lang='grc' dir='ltr'>ἡνωμένος</span> 
     </span>
    </p>
   </div>
   <div class='ocr_carea' id='block_1_103' title="bbox 1944 5276 2645 5397">
    <p class='ocr_par' dir='ltr' id='par_1_103' title="bbox 2015 5276 2645 5397">
     <span class='ocr_line' id='line_1_105' title="bbox 2017 5276 2438 5349; baseline 0.002 -16"><span class='ocrx_word' id='word_1_826' title='bbox 2017 5276 2129 5347; x_wconf 82' lang='grc'>(85)</span> <span class='ocrx_word' id='word_1_827' title='bbox 2166 5281 2334 5349; x_wconf 78' lang='lat' dir='ltr'><strong>Vulgo</strong></span> <span class='ocrx_word' id='word_1_828' title='bbox 2354 5280 2438 5334; x_wconf 75' lang='grc' dir='ltr'><strong>δέ.</strong></span> 
     </span>
     <span class='ocr_line' id='line_1_106' title="bbox 2015 5346 2645 5397; baseline 0 0"><span class='ocrx_word' id='word_1_829' title='bbox 2015 5346 2128 5397; x_wconf 68' lang='lat' dir='ltr'><strong>(8M</strong></span> <span class='ocrx_word' id='word_1_830' title='bbox 2170 5349 2333 5397; x_wconf 64' lang='lat' dir='ltr'><strong>Vulgo</strong></span> <span class='ocrx_word' id='word_1_831' title='bbox 2356 5350 2645 5397; x_wconf 78' lang='grc' dir='ltr'>ὲγκατέλεξ</span> 
     </span>
    </p>
   </div>
   <div class='ocr_carea' id='block_1_104' title="bbox 266 5346 3147 5494">
    <p class='ocr_par' dir='ltr' id='par_1_104' title="bbox 266 5346 3147 5494">
     <span class='ocr_line' id='line_1_107' title="bbox 266 5346 2727 5418; baseline 0.002 -20"><span class='ocrx_word' id='word_1_832' title='bbox 266 5358 386 5399; x_wconf 84' lang='lat' dir='ltr'><strong>erat</strong></span> <span class='ocrx_word' id='word_1_833' title='bbox 414 5346 679 5408; x_wconf 77' lang='grc' dir='ltr'><strong>συναῖδιος</strong></span> <span class='ocrx_word' id='word_1_834' title='bbox 705 5346 782 5415; x_wconf 83' lang='grc' dir='ltr'>τῷ</span> <span class='ocrx_word' id='word_1_835' title='bbox 810 5348 1000 5416; x_wconf 78' lang='grc' dir='ltr'>Πατρὶ,</span> <span class='ocrx_word' id='word_1_836' title='bbox 1030 5348 1108 5401; x_wconf 91' lang='lat' dir='ltr'><strong>vel</strong></span> <span class='ocrx_word' id='word_1_837' title='bbox 1153 5359 1210 5400; x_wconf 90' lang='lat' dir='ltr'><strong>ut</strong></span> <span class='ocrx_word' id='word_1_838' title='bbox 1261 5346 1517 5415; x_wconf 87' lang='lat' dir='ltr'><strong>loquitur,</strong></span> <span class='ocrx_word' id='word_1_839' title='bbox 1565 5348 1839 5418; x_wconf 71' lang='grc' dir='ltr'>ἡνωμένος</span> <span class='ocrx_word' id='word_1_840' title='bbox 2030 5346 2128 5414; x_wconf 49' lang='grc' dir='ltr'><strong>⁷8η</strong></span> <span class='ocrx_word' id='word_1_841' title='bbox 2170 5346 2333 5418; x_wconf 82' lang='lat' dir='ltr'><strong>Vulgo</strong></span> <span class='ocrx_word' id='word_1_842' title='bbox 2356 5350 2727 5418; x_wconf 74' lang='grc' dir='ltr'>ἐγκατέλεξεν.</span> 
     </span>
     <span class='ocr_line' id='line_1_108' title="bbox 266 5353 3147 5494; baseline 0.001 -25"><span class='ocrx_word' id='word_1_843' title='bbox 266 5416 347 5487; x_wconf 77' lang='grc' dir='ltr'>τῷ</span> <span class='ocrx_word' id='word_1_844' title='bbox 370 5416 543 5494; x_wconf 70' lang='grc' dir='ltr'>Πατρί</span> <span class='ocrx_word' id='word_1_845' title='bbox 566 5432 577 5444; x_wconf 73' lang='grc' dir='ltr'><strong><em>ο</em></strong></span> <span class='ocrx_word' id='word_1_846' title='bbox 612 5419 656 5469; x_wconf 88' lang='lat' dir='ltr'><strong>si</strong></span> <span class='ocrx_word' id='word_1_847' title='bbox 693 5431 975 5494; x_wconf 78' lang='lat' dir='ltr'><strong>vero,_qn_a</strong></span> <span class='ocrx_word' id='word_1_848' title='bbox 1002 5417 1270 5494; x_wconf 74' lang='lat' dir='ltr'><strong>hominem</strong></span> <span class='ocrx_word' id='word_1_849' title='bbox 1309 5420 1624 5494; x_wconf 68' lang='lat' dir='ltr'><strong>assumpsit,</strong></span> <span class='ocrx_word' id='word_1_850' title='bbox 1653 5434 1836 5494; x_wconf 70' lang='lat' dir='ltr'><strong>respe-</strong></span> <span class='ocrx_word' id='word_1_851' title='bbox 2154 5420 2325 5494; x_wconf 63' lang='lat' dir='ltr'><strong>Vulgo</strong></span> <span class='ocrx_word' id='word_1_852' title='bbox 2351 5417 2623 5494; x_wconf 44' lang='grc' dir='ltr'>ουκ-εἷναι</span> <span class='ocrx_word' id='word_1_853' title='bbox 2649 5438 2703 5472; x_wconf 79' lang='lat' dir='ltr'><strong>et</strong></span> <span class='ocrx_word' id='word_1_854' title='bbox 2739 5436 2856 5472; x_wconf 79' lang='lat' dir='ltr'><strong>mox</strong></span> <span class='ocrx_word' id='word_1_855' title='bbox 2885 5419 3147 5494; x_wconf 77' lang='grc' dir='ltr'>μηδέτερ.</span> 
     </span>
    </p>
   </div>
   <div class='ocr_carea' id='block_1_105' title="bbox 268 5486 1835 5558">
    <p class='ocr_par' dir='ltr' id='par_1_105' title="bbox 268 5486 1835 5558">
     <span class='ocr_line' id='line_1_109' title="bbox 268 5486 1835 5558; baseline -0.001 -18"><span class='ocrx_word' id='word_1_856' title='bbox 268 5496 361 5558; x_wconf 71' lang='lat' dir='ltr'><strong>ctu</strong></span> <span class='ocrx_word' id='word_1_857' title='bbox 403 5486 574 5558; x_wconf 70' lang='lat' dir='ltr'><strong>huius</strong></span> <span class='ocrx_word' id='word_1_858' title='bbox 605 5487 1010 5558; x_wconf 65' lang='lat' dir='ltr'><strong>assumptionis</strong></span> <span class='ocrx_word' id='word_1_859' title='bbox 1038 5487 1289 5557; x_wconf 77' lang='grc' dir='ltr'>ἐνεργείᾳ</span> <span class='ocrx_word' id='word_1_860' title='bbox 1331 5487 1467 5558; x_wconf 83' lang='grc' dir='ltr'>μόνῃ</span> <span class='ocrx_word' id='word_1_861' title='bbox 1510 5486 1835 5538; x_wconf 75' lang='grc' dir='ltr'>ἐπλατύνετο</span> 
     </span>
    </p>
   </div>
   <div class='ocr_carea' id='block_1_106' title="bbox 268 5553 1833 5625">
    <p class='ocr_par' dir='ltr' id='par_1_106' title="bbox 268 5553 1833 5625">
     <span class='ocr_line' id='line_1_110' title="bbox 268 5553 1833 5625; baseline 0.002 -20"><span class='ocrx_word' id='word_1_862' title='bbox 268 5557 302 5625; x_wconf 77' lang='grc' dir='ltr'><strong>η</strong></span> <span class='ocrx_word' id='word_1_863' title='bbox 325 5553 548 5625; x_wconf 61' lang='grc' dir='ltr'>θειότης,</span> <span class='ocrx_word' id='word_1_864' title='bbox 573 5556 900 5625; x_wconf 76' lang='lat' dir='ltr'><strong>non_tlivisa.</strong></span> <span class='ocrx_word' id='word_1_865' title='bbox 924 5553 1491 5625; x_wconf 43' lang='lat' dir='ltr'><strong>quippe&#39;tntlivisibil&#39;is</strong></span> <span class='ocrx_word' id='word_1_866' title='bbox 1516 5558 1741 5608; x_wconf 87' lang='lat' dir='ltr'><strong>omnino</strong></span> <span class='ocrx_word' id='word_1_867' title='bbox 1776 5568 1833 5609; x_wconf 92' lang='lat' dir='ltr'><strong>ut</strong></span> 
     </span>
    </p>
   </div>
   <div class='ocr_carea' id='block_1_107' title="bbox 272 5621 1827 5693">
    <p class='ocr_par' dir='ltr' id='par_1_107' title="bbox 272 5621 1827 5693">
     <span class='ocr_line' id='line_1_111' title="bbox 272 5621 1827 5693; baseline 0.002 -19"><span class='ocrx_word' id='word_1_868' title='bbox 272 5621 377 5678; x_wconf 75' lang='lat' dir='ltr'><strong>una</strong></span> <span class='ocrx_word' id='word_1_869' title='bbox 416 5621 571 5676; x_wconf 83' lang='lat' dir='ltr'><strong>fuerit</strong></span> <span class='ocrx_word' id='word_1_870' title='bbox 597 5631 652 5693; x_wconf 81' lang='lat' dir='ltr'><strong>et</strong></span> <span class='ocrx_word' id='word_1_871' title='bbox 687 5622 957 5689; x_wconf 82' lang='lat' dir='ltr'><strong>ipsissima</strong></span> <span class='ocrx_word' id='word_1_872' title='bbox 986 5624 1159 5677; x_wconf 86' lang='lat' dir='ltr'><strong>tleitas</strong></span> <span class='ocrx_word' id='word_1_873' title='bbox 1192 5626 1241 5676; x_wconf 90' lang='lat' dir='ltr'><strong>in</strong></span> <span class='ocrx_word' id='word_1_874' title='bbox 1271 5624 1427 5685; x_wconf 80' lang='lat' dir='ltr'><strong>Filio,</strong></span> <span class='ocrx_word' id='word_1_875' title='bbox 1457 5641 1575 5693; x_wconf 72' lang='lat' dir='ltr'><strong>qua:</strong></span> <span class='ocrx_word' id='word_1_876' title='bbox 1617 5635 1738 5677; x_wconf 87' lang='lat' dir='ltr'><strong>erat</strong></span> <span class='ocrx_word' id='word_1_877' title='bbox 1776 5626 1827 5677; x_wconf 91' lang='lat' dir='ltr'><strong>in</strong></span> 
     </span>
    </p>
   </div>
   <div class='ocr_carea' id='block_1_108' title="bbox 272 5692 1834 5760">
    <p class='ocr_par' dir='ltr' id='par_1_108' title="bbox 272 5692 1834 5760">
     <span class='ocr_line' id='line_1_112' title="bbox 272 5692 1834 5760; baseline -0.001 -14"><span class='ocrx_word' id='word_1_878' title='bbox 272 5693 454 5755; x_wconf 80' lang='lat' dir='ltr'><strong>Patre,</strong></span> <span class='ocrx_word' id='word_1_879' title='bbox 503 5692 646 5744; x_wconf 80' lang='lat' dir='ltr'><strong>nntle</strong></span> <span class='ocrx_word' id='word_1_880' title='bbox 678 5693 941 5760; x_wconf 84' lang='lat' dir='ltr'><strong>sequitur,</strong></span> <span class='ocrx_word' id='word_1_881' title='bbox 974 5694 1047 5744; x_wconf 91' lang='lat' dir='ltr'><strong>ait</strong></span> <span class='ocrx_word' id='word_1_882' title='bbox 1082 5694 1365 5754; x_wconf 70' lang='lat' dir='ltr'><strong>Eusebius,</strong></span> <span class='ocrx_word' id='word_1_883' title='bbox 1398 5692 1611 5747; x_wconf 85' lang='lat' dir='ltr'><strong>Patrem</strong></span> <span class='ocrx_word' id='word_1_884' title='bbox 1667 5694 1834 5746; x_wconf 79' lang='lat' dir='ltr'><strong>fuisse</strong></span> 
     </span>
    </p>
   </div>
   <div class='ocr_carea' id='block_1_109' title="bbox 274 5762 1827 5833">
    <p class='ocr_par' dir='ltr' id='par_1_109' title="bbox 274 5762 1827 5833">
     <span class='ocr_line' id='line_1_113' title="bbox 274 5762 1827 5833; baseline -0.003 -18"><span class='ocrx_word' id='word_1_885' title='bbox 274 5765 635 5826; x_wconf 87' lang='lat' dir='ltr'><strong>incarnatum,</strong></span> <span class='ocrx_word' id='word_1_886' title='bbox 664 5770 768 5814; x_wconf 90' lang='lat' dir='ltr'><strong>etc.</strong></span> <span class='ocrx_word' id='word_1_887' title='bbox 805 5762 877 5813; x_wconf 83' lang='lat' dir='ltr'><strong>Ita</strong></span> <span class='ocrx_word' id='word_1_888' title='bbox 924 5777 1043 5829; x_wconf 86' lang='lat' dir='ltr'><strong>cap.</strong></span> <span class='ocrx_word' id='word_1_889' title='bbox 1082 5762 1134 5825; x_wconf 83' lang='lat'><strong>5,</strong></span> <span class='ocrx_word' id='word_1_890' title='bbox 1172 5764 1288 5819; x_wconf 83' lang='lat' dir='ltr'><strong>nhi_</strong></span> <span class='ocrx_word' id='word_1_891' title='bbox 1314 5762 1522 5829; x_wconf 75' lang='lat' dir='ltr'><strong>legend.</strong></span> <span class='ocrx_word' id='word_1_892' title='bbox 1549 5764 1643 5824; x_wconf 81' lang='grc' dir='ltr'><strong>ὡς,</strong></span> <span class='ocrx_word' id='word_1_893' title='bbox 1706 5763 1827 5833; x_wconf 71' lang='grc' dir='ltr'>μηδ’</span> 
     </span>
    </p>
   </div>
   <div class='ocr_carea' id='block_1_110' title="bbox 674 5850 3201 5922">
    <p class='ocr_par' dir='ltr' id='par_1_110' title="bbox 674 5850 3201 5922">
     <span class='ocr_line' id='line_1_114' title="bbox 674 5850 3201 5922; baseline 0.004 -11"><span class='ocrx_word' id='word_1_894' title='bbox 674 5854 944 5913; x_wconf 75' lang='grc' dir='ltr'>ΡΑτιιοι.</span> <span class='ocrx_word' id='word_1_895' title='bbox 996 5854 1113 5913; x_wconf 79' lang='lat' dir='ltr'><strong>Gtt.</strong></span> <span class='ocrx_word' id='word_1_896' title='bbox 1158 5850 1393 5915; x_wconf 77' lang='lat' dir='ltr'><strong>XXIV.</strong></span> <span class='ocrx_word' id='word_1_897' title='bbox 3123 5865 3201 5922; x_wconf 80' lang='lat'><strong>29</strong></span> 
     </span>
    </p>
   </div>
   <div class='ocr_carea' id='block_1_111' title="bbox 2015 5488 3071 5557">
    <p class='ocr_par' dir='ltr' id='par_1_111' title="bbox 2015 5488 3071 5557">
     <span class='ocr_line' id='line_1_115' title="bbox 2015 5488 3071 5557; baseline 0.003 -17"><span class='ocrx_word' id='word_1_898' title='bbox 2015 5491 2127 5555; x_wconf 75' lang='grc'>(86)</span> <span class='ocrx_word' id='word_1_899' title='bbox 2164 5488 2331 5554; x_wconf 84' lang='lat' dir='ltr'><strong>Vulgo</strong></span> <span class='ocrx_word' id='word_1_900' title='bbox 2360 5488 2575 5557; x_wconf 87' lang='grc' dir='ltr'>πνεῦμα</span> <span class='ocrx_word' id='word_1_901' title='bbox 2615 5500 2667 5541; x_wconf 87' lang='lat' dir='ltr'><strong>et</strong></span> <span class='ocrx_word' id='word_1_902' title='bbox 2701 5506 2819 5541; x_wconf 81' lang='lat' dir='ltr'><strong>mox</strong></span> <span class='ocrx_word' id='word_1_903' title='bbox 2848 5488 3071 5552; x_wconf 66' lang='grc' dir='ltr'>τῖςτόν.</span> 
     </span>
    </p>
   </div>
   <div class='ocr_carea' id='block_1_112' title="bbox 2013 5558 3519 5633">
    <p class='ocr_par' dir='ltr' id='par_1_112' title="bbox 2013 5558 3519 5633">
     <span class='ocr_line' id='line_1_116' title="bbox 2013 5558 3519 5633; baseline 0.006 -25"><span class='ocrx_word' id='word_1_904' title='bbox 2013 5558 2124 5633; x_wconf 60' lang='grc'>(87)</span> <span class='ocrx_word' id='word_1_905' title='bbox 2156 5560 2279 5633; x_wconf 73' lang='lat' dir='ltr'><strong>&quot;_lra</strong></span> <span class='ocrx_word' id='word_1_906' title='bbox 2302 5558 2388 5625; x_wconf 70' lang='grc' dir='ltr'><strong>μὴ</strong></span> <span class='ocrx_word' id='word_1_907' title='bbox 2406 5558 2515 5633; x_wconf 78' lang='grc' dir='ltr'>δύο</span> <span class='ocrx_word' id='word_1_908' title='bbox 2545 5558 2754 5633; x_wconf 55' lang='grc' dir='ltr'>ἀρχάς,</span> <span class='ocrx_word' id='word_1_909' title='bbox 2796 5562 2853 5612; x_wconf 87' lang='grc' dir='ltr'><strong>Ὀ</strong></span> <span class='ocrx_word' id='word_1_910' title='bbox 2892 5562 3000 5631; x_wconf 71' lang='grc' dir='ltr'><strong>γὰρ</strong></span> <span class='ocrx_word' id='word_1_911' title='bbox 3032 5561 3216 5633; x_wconf 85' lang='grc' dir='ltr'>Πατὴρ</span> <span class='ocrx_word' id='word_1_912' title='bbox 3246 5563 3388 5633; x_wconf 83' lang='grc' dir='ltr'>ἁρχὴ</span> <span class='ocrx_word' id='word_1_913' title='bbox 3422 5563 3519 5617; x_wconf 71' lang='grc' dir='ltr'><strong>τοῦ</strong></span> 
     </span>
    </p>
   </div>
   <div class='ocr_carea' id='block_1_113' title="bbox 1944 5627 3517 5699">
    <p class='ocr_par' dir='ltr' id='par_1_113' title="bbox 1944 5627 3517 5699">
     <span class='ocr_line' id='line_1_117' title="bbox 1944 5627 3517 5699; baseline 0.006 -22"><span class='ocrx_word' id='word_1_914' title='bbox 1944 5627 2061 5679; x_wconf 82' lang='grc' dir='ltr'>υἱοῦ</span> <span class='ocrx_word' id='word_1_915' title='bbox 2104 5628 2195 5678; x_wconf 77' lang='grc' dir='ltr'><strong>καὶ</strong></span> <span class='ocrx_word' id='word_1_916' title='bbox 2256 5632 2527 5699; x_wconf 73' lang='grc' dir='ltr'>γεννετής.</span> <span class='ocrx_word' id='word_1_917' title='bbox 2579 5632 2683 5680; x_wconf 68' lang='lat' dir='ltr'><strong>Sen</strong></span> <span class='ocrx_word' id='word_1_918' title='bbox 2738 5627 2991 5683; x_wconf 70' lang='lat' dir='ltr'><strong>ludebant</strong></span> <span class='ocrx_word' id='word_1_919' title='bbox 3027 5627 3401 5699; x_wconf 63' lang='grc' dir='ltr'>Αιηυῖιίειιιῖίεέ,</span> <span class='ocrx_word' id='word_1_920' title='bbox 3462 5636 3517 5687; x_wconf 90' lang='lat' dir='ltr'><strong>in</strong></span> 
     </span>
    </p>
   </div>
   <div class='ocr_carea' id='block_1_114' title="bbox 1942 5697 3272 5767">
    <p class='ocr_par' dir='ltr' id='par_1_114' title="bbox 1942 5697 3272 5767">
     <span class='ocr_line' id='line_1_118' title="bbox 1942 5697 3272 5767; baseline 0.006 -20"><span class='ocrx_word' id='word_1_921' title='bbox 1942 5712 2133 5750; x_wconf 79' lang='lat' dir='ltr'><strong>Vocntn</strong></span> <span class='ocrx_word' id='word_1_922' title='bbox 2173 5706 2400 5749; x_wconf 81' lang='lat' dir='ltr'><strong>istarum</strong></span> <span class='ocrx_word' id='word_1_923' title='bbox 2439 5697 2764 5767; x_wconf 73' lang='grc' dir='ltr'>πολυσήμων</span> <span class='ocrx_word' id='word_1_924' title='bbox 2791 5704 3166 5764; x_wconf 77' lang='lat' dir='ltr'><strong>ambiguitate.</strong></span> <span class='ocrx_word' id='word_1_925' title='bbox 3211 5704 3272 5755; x_wconf 83' lang='lat' dir='ltr'><strong>M.</strong></span> 
     </span>
    </p>
   </div>
  </div>
