3970 6516
445 373 545 433 907

1155 370 1418 431 EUSEBll
1458 366 1931 427 C/ESARlENSlS
1970 367 2009 421 Ο

2150 364 2330 425 PARS
2368 362 2453 423 tv.
2480 396 2567 439 ,--
2600 324 3019 421 pecuniast.

3574 366 3683 423 908

446 495 685 558 ethibet,
718 492 785 547 iis
826 492 916 559 qui
966 503 1060 559 per
1112 488 1280 558 ipsam
1313 486 1705 539 illuniinantur.
1746 482 1852 536 Sed
1880 482 2005 536 illud

2119 481 2516 552 pwttCOpévmg.
2575 479 2687 546 (88)
2755 477 2911 529 Ἀλλὰ
2964 477 3060 547 τὴν
3093 476 3293 545 μονάδα
3346 478 3477 545 φησὶ
3525 476 3685 546 Μάρ-

450 587 589 656 quod
622 585 836 655 ponitur
869 596 899 635 a
930 580 1203 642 Marcello,
1236 580 1517 632 monadem
1561 574 1873 645 operatione
1925 574 2010 628 di-

450 676 631 741 latari,
660 676 712 729 in
749 671 1066 741 corporibus
1118 670 1293 724 locum
1343 669 1626 731 habet;'at
1670 666 1734 721 de
1769 667 2009 734 incorpo-

450 783 561 829 rea,
586 762 934 819 inenarrabili
972 771 1027 815 et
1054 760 1309 815 indicibili
1335 758 1635 813 substantia
1677 772 1861 810 verum
1907 771 2010 809 non

448 868 549 914 est.
616 857 801 925 Neque
854 855 997 910 enim
1063 852 1313 906 dilatatur
1362 851 1415 905 in
1481 848 1772 917 Operando,
1840 861 2013 915 neque

448 947 787 1003 contrahitur
820 946 871 999 in
907 959 1013 1000 non
1043 944 1336 1012 operando,
1375 958 1546 1011 neque
1590 942 1823 994 humano
1861 952 2013 993 more

446 1048 738 1107 operatur,
801 1044 894 1090 aut
935 1036 1172 1089 humano
1221 1048 1371 1087 more
1416 1039 1805 1086 commovetur.
1872 1029 2011 1083 Deus

449 1133 566 1184 ideo
629 1145 749 1184 cum
790 1128 861 1182 sit
903 1127 1129 1181 indivisa
1176 1126 1371 1188 unitas,
1416 1123 1606 1177 Filium
1669 1137 1823 1176 suum
1894 1121 2013 1174 uni-

447 1220 686 1289 genitum
712 1220 789 1286 de
809 1219 986 1288 seipso
1029 1218 1306 1287 generavit
1339 1234 1353 1282 ;
1388 1232 1491 1271 non
1528 1217 1613 1271 ille
1657 1216 1877 1280 divisus,
1908 1228 2010 1267 non

448 1311 707 1365 alteratus
736 1328 750 1374 ;
790 1325 895 1364 non
925 1310 1330 1363 conversionem
1362 1322 1549 1377 passus
1584 1322 1755 1375 neque
1784 1304 2009 1367 ﬂuxum,

452 1410 546 1455 aut
584 1402 745 1455 alicui
784 1401 1055 1469 subjectus
1092 1398 1350 1469 passioni.
1392 1396 1574 1464 Neque
1626 1396 1769 1449 enim
1827 1395 2013 1463 pracci-

448 1493 625 1561 piens,
658 1506 828 1560 neque
858 1492 1152 1559 imperans,
1181 1503 1285 1541 non
1331 1486 1475 1554 leges
1539 1488 1782 1540 scribens
1828 1494 1883 1537 ut
1916 1486 2013 1537 ho-

450 1581 622 1635 mines
664 1580 875 1643 solent;
930 1593 1035 1632 non
1080 1577 1261 1646 lingua
1306 1576 1515 1629 locutus
1564 1584 1657 1628 aut
1707 1575 1863 1628 labiis
1911 1574 2009 1627 ista

447 1681 725 1739 operatur,
755 1683 931 1737 neque
964 1675 1208 1736 respectu
1241 1666 1427 1720 habito
1479 1668 1543 1719 ad
1592 1672 1841 1719 ornatum
1891 1666 2009 1717 uni-

446 1758 612 1826 verSi,
663 1759 951 1815 simillimis
1000 1758 1153 1812 nobis
1206 1757 1378 1811 oculis
1416 1757 1653 1811 intuetur
1701 1775 1713 1809 :
1762 1771 1883 1810 cum
1914 1770 2010 1823 per

2115 573 2301 632 κελλος
2353 568 2602 639 ἐνεργείᾳ
2654 564 3045 629 πλατύνεσθαι,
3100 566 3192 617 ἐπὶ
3260 566 3356 633 μὲν
3414 564 3682 634 σωμάτων

2115 661 2295 732 χώραν
2329 660 2460 729 ἔχει,
2499 658 2589 710 ἐπὶ
2626 657 2681 708 δὲ
2720 657 2816 726 τῆς
2847 656 3133 725 ἀσωμάτου
3182 655 3275 706 καὶ
3329 655 3554 707 ἀλέκτου
3590 656 3684 706 καὶ

2115 751 2491 819 ἀνεκφράστου
2520 750 2578 801 οὑ
2588 747 2702 809 σίας
2722 747 2819 798 οὑκ
2838 746 2935 799 ἔτι.
2969 746 3103 800 Οὐδὲ
3124 745 3232 816 γὰρ
3248 747 3305 797 ὲν
3337 743 3416 812 τῷ
3434 746 3682 815 ἐνεργεῖν

2116 843 2462 905 πλατύνεται,
2497 840 2604 892 οὐδ’
2630 842 2684 891 ὲν
2715 839 2790 909 τῷ
2821 840 2893 908 μὴ
2924 840 3162 907 ἐνεργεῖν
3186 836 3545 888 συστέλλεται·
3571 836 3683 889 οὐδ’

2114 935 2248 997 ὅλως
2276 934 2477 1003 ὁμοίως
2511 930 2818 1001 ἀνθρώποις
2843 931 3070 1000 ἐνεργεῖ,
3096 928 3202 979 οὐδ’
3242 928 3441 997 ὁμοίως
3469 926 3682 998 ἀνθρὼ-

2117 1044 2236 1089 ποις
2263 1028 2486 1077 κινεῖται
2508 1039 2521 1053 ·
2550 1022 2716 1092 μονὰς
2746 1021 2800 1073 δὲ
2827 1020 2903 1072 ῶν
2929 1020 3227 1089 ἀδιαίρετος
3254 1021 3281 1071 6
3309 1018 3440 1081 Θεὸς
3462 1018 3553 1070 τὸν
3589 1035 3685 1087 μοι·

2114 1117 2303 1187 νογενῆ
2319 1115 2481 1169 αὑτοῦ
2498 1114 2624 1166 Υἰδν
2658 1112 2717 1177 ἐξ
2744 1112 2932 1165 ἑαυτοῦ
2962 1112 3170 1179 ἐγέννα,
3204 1110 3265 1161 οὐ
3284 1109 3677 1180 διαιρούμενος,

2113 1208 2220 1259 οὐδ’
2242 1206 2544 1267 ἀλλοίωσιν,
2570 1206 2603 1274 ἢ
2633 1204 2857 1275 τροπὴν,
2888 1203 2920 1273 ἢ
2951 1201 3075 1271 ῥοὴν
3093 1242 3106 1263 ,
3135 1201 3168 1270 ἦ
3194 1217 3246 1252 τι
3276 1201 3445 1263 πάθος
3472 1199 3681 1268 ὑπομέ-

2113 1313 2237 1349 νων.
2268 1294 2400 1347 Οὑδὲ
2427 1292 2532 1365 γὰρ
2564 1294 2930 1361 προστάττων,
2964 1289 3083 1342 οὐδὲ
3107 1288 3536 1359 ἐγκελευόμενος,
3559 1289 3683 1341 οὑδὶ

2114 1383 2419 1455 νομοθετῶν
2474 1383 2673 1451 ὁμοίως
2717 1380 3024 1451 ἀνθρώποις
3068 1379 3281 1449 γλώττῃ
3327 1379 3422 1431 καὶ
3479 1379 3684 1447 χείλεσι

2112 1474 2308 1535 λαλῶν,
2343 1472 2515 1525 ταῦτα
2545 1473 2802 1541 πράττει·
2836 1470 2953 1523 οὐδέ
2982 1486 3044 1538 γε
3083 1469 3300 1539 ἀφορῶν
3348 1469 3427 1530 είς
3456 1468 3557 1538 τὴν
3587 1466 3686 1519 τοῦ

2114 1565 2312 1625 παντὸς
2332 1564 2708 1633 διακόσμησιν,
2736 1562 2935 1631 ὁμοίως
2964 1563 3095 1630 ἡμῖν
3138 1559 3435 1629 ὀφθαλμοῖς
3470 1557 3687 1629 χρῶμεο

2112 1672 2199 1718 νος
2236 1654 2348 1723 (89)
2384 1653 2676 1713 ὲνατενίζει
2706 1652 2866 1704 ὃποτε
2902 1650 3083 1704 καὶτὰ
3115 1652 3188 1721 μὴ
3230 1651 3356 1703 ὄντα
3391 1648 3685 1719 «polain

2111 1749 2333 1819 ἀρρήτῳ
2349 1746 2441 1797 καὶ
2464 1744 2615 1813 θεῖκῇ
2642 1742 2885 1811 δυνάμει,
2912 1742 2987 1803 ὡς
3007 1742 3105 1811 ἤδη
3134 1741 3263 1793 ὄντα
3285 1740 3378 1792 καὶ
3399 1740 3687 1807 ὑφεστῶτα

448 1853 702 1905 virtutem
756 1866 906 1904 suam
950 1848 1365 1903 inenarrabilem
1407 1858 1461 1901 ct
1500 1848 1733 1900 divinam
1776 1862 1838 1899 ea
1896 1860 2009 1915 quae

2119 1840 2327 1910 θεωρεῖ.
2378 1837 2513 1889 Ἀλλ’
2561 1834 2681 1887 οὐδὲ.
2732 1832 2897 1885 ποιῶν
2946 1834 3038 1885 καὶ
3090 1830 3432 1902 δημιουργῶν
3482 1827 3688 1899 ὁμοίως

449 1940 685 1995 nondum
722 1949 846 1994 sunt
900 1941 1157 2009 producta
1186 1938 1530 2006 anticipando
1577 1939 1871 2000 intueatur,
1906 1951 2011 1990 non

448 2045 603 2086 secus
628 2038 793 2099 atque
815 2028 927 2096 jam
955 2029 1302 2084 subsistentia
1346 2038 1401 2083 et
1445 2030 1726 2097 producta.
1778 2025 1883 2082 Sed
1919 2042 2013 2081 ne-

446 2129 551 2183 que
580 2115 656 2179 is,
688 2124 748 2167 ut
774 2113 915 2183 apud
944 2128 1042 2167 nos
1067 2112 1305 2166 artiﬁces
1338 2111 1546 2176 solent,
1576 2113 1627 2164 in
1659 2111 1933 2180 operando
1960 2120 2014 2163 et

444 2204 680 2258 creando
698 2201 974 2255 materiam
993 2200 1451 2270 praaexsistcntem
1471 2200 1714 2252 manibus
1737 2208 2008 2266 acceptam

448 2292 634 2362 digitis
664 2290 982 2360 compingit,
1031 2290 1127 2343 sed
1174 2303 1270 2358 per
1324 2288 1657 2343 ineﬂ‘abilem
1714 2288 1909 2342 iterum
1961 2297 2013 2342 et

450 2379 1052 2448 incomprehensibilem
1102 2378 1355 2432 virtutem
1400 2394 1593 2441 suam,
1660 2392 1839 2431 rerum
1889 2391 2011 2445 pro-

450 2471 731 2523 ductarum
760 2468 1000 2522 omnium
1039 2470 1391 2524 substantiam
1433 2468 1498 2521 ad
1530 2467 1659 2522 Esse
1689 2483 1840 2521 suum
1889 2482 2009 2536 per-

449 2561 624 2614 duxit.
664 2560 842 2630 Atque
874 2562 945 2613 ita
983 2561 1198 2629 quidem
1230 2560 1413 2614 omnia
1441 2561 1617 2613 effecit
1646 2560 1755 2623 ille,
1794 2559 2014 2613 rationi-

451 2652 551 2703 bus
584 2659 747 2717 atque
788 2649 959 2703 modis
993 2650 1450 2703 inscrutabilibus.
1490 2648 1625 2714 Quid
1655 2663 1753 2701 nos
1780 2648 2012 2701 sollicite

452 2739 571 2791 ideo
606 2740 938 2799 laboramus,
972 2748 1028 2789 ut
1057 2736 1287 2791 similem
1316 2738 1603 2806 quamdam
1629 2738 1931 2805 passionem
1956 2738 2007 2790 in

452 2828 540 2880 illo
579 2828 965 2897 imaginemur?
996 2832 1054 2889 >14
1104 2828 1157 2880 in
1196 2826 1312 2880 Filii
1344 2827 1425 2881 sui
1468 2827 1847 2895 generatione,
1879 2840 2011 2894 qua-

2113 1932 2227 1991 τοῖς
2255 1929 2383 1999 παρ’
2420 1930 2551 1997 ἡμῖν
2600 1925 2867 1995 τεχνίταις
2915 1922 3385 1993 προῦποκειμένην
3429 1920 3558 1989 ὕλην
3587 1920 3687 1972 λα-

2116 2018 2224 2070 ϐὼν
2261 2018 2415 2089 χερσὶ
2474 2018 2566 2069 καὶ
2595 2014 2875 2077 δακτύλοις
2906 2013 3242 2065 τεκταίνεται
3287 2011 3426 2082 (90),
3460 2013 3688 2083 ἀρρήτῳ

2114 2110 2170 2162 δὲ
2202 2109 2360 2162 πάλιν
2394 2110 2487 2162 καὶ
2515 2109 2882 2179 ἀκαταλήπτῳ
2914 2106 3137 2175 δυνάμει
3167 2104 3224 2170 ἐξ
3262 2106 3361 2157 οὑκ
3393 2106 3559 2158 όντων
3600 2108 3686 2168 εις

2114 2200 2174 2253 τὸ
2206 2196 2351 2252 εἶναι·
2375 2199 2470 2269 τὴν
2505 2200 2610 2252 τῶν
2641 2198 2881 2268 γενητῶν
2929 2197 3181 2251 ἁπάντων
3225 2197 3563 2266 ὑπεστήσατο
3590 2196 3691 2248 τὺ-

2118 2290 2255 2343 σίαν.
2286 2290 2420 2359 Ἤδη
2452 2286 2543 2342 οὖν
2569 2290 2744 2341 πάντα
2762 2289 2938 2355 λόγοις
2968 2289 3097 2357 ἡμῖν
3127 2287 3384 2357 ἀρρήτοις
3404 2286 3496 2338 καὶ
3522 2286 3688 2339 ἀπ).-

2115 2380 2380 2446 λογίστοις
2415 2380 2606 2433 ἐποίει.
2637 2378 2779 2448 Τίδὴ
2815 2379 2920 2450 χρὴ
2945 2378 3203 2446 ἀγωνιᾷν,
3244 2375 3316 2446 μὴ
3341 2376 3539 2445 ὁμοίως
3570 2378 3686 2437 τοῖς

2118 2472 2327 2541 θνητοῖς
2346 2471 2499 2535 ζώοις
2526 2472 2692 2533 πάθος
2717 2489 2769 2523 τι
2798 2472 2923 2542 περὶ
2951 2471 3110 2523 αὑτὸν
3133 2469 3376 2538 εἴποιμεν
3401 2469 3687 2537 γεγονέναι

2118 2564 2208 2614 ἐπὶ
2242 2565 2305 2632 τῇ
2341 2562 2432 2615 τοῦ
2466 2562 2596 2614 Υἱοῦ
2630 2564 2913 2632 γεννήσει;
2946 2562 3053 2630 (91)
3093 2563 3158 2630 ἧν
3207 2562 3347 2631 ὑπὲρ
3380 2561 3554 2613 πάντα
3589 2561 3689 2611 καὶ

2121 2650 2223 2720 πρὸ
2256 2650 2468 2702 πάντων
2494 2650 2722 2721 ὑπέστη,
2753 2652 2812 2703 οὐ
2838 2651 2978 2703 κατά
3010 2668 3060 2702 τι
3093 2650 3199 2703 τῶν
3230 2653 3294 2721 τῇ
3336 2648 3541 2719 θνητῶν
3578 2651 3685 2717 φῦ·

2119 2756 2204 2791 σει
2241 2741 2715 2810 συνεγνωσμένων,
2757 2742 2896 2794 κατά
2922 2741 2977 2794 δὲ
3007 2741 3095 2793 τδν
3126 2738 3272 2810 αὐτῷ
3308 2741 3450 2809 μόνῳ
3481 2756 3687 2809 γνωρι-

2116 2828 2339 2900 ζόμῖνον
2362 2832 2561 2903 τρόπον
2578 2848 2593 2861 ·

450 2924 555 2976 lem
583 2923 635 2976 in
666 2923 876 2977 ca‘teris
933 2915 1295 2975 animantibus
1325 2936 1338 2973 :
1369 2937 1529 2990 quam
1604 2922 1691 2975 ille
1741 2921 1957 2989 quidem
2024 2926 2422 2989 generationem
2500 2940 2660 2993 super
2715 2928 2916 2991 omnia,
2977 2936 3028 2980 et
3068 2938 3193 2981 ante
3238 2927 3414 2981 omnia
3462 2925 3688 2985 subivit,

451 3029 556 3066 nou
584 3014 648 3067 ad
711 3014 927 3066 modum
975 3022 1028 3065 et
1078 3013 1481 3080 proportionem
1525 3012 1765 3067 mortalis
1802 3022 2047 3079 naturae;
2091 3016 2181 3069 sed
2238 3016 2389 3084 juxta
2422 3018 2635 3071 modum
2685 3008 2834 3072 illum
2871 3028 3029 3088 atque
3080 3018 3367 3082 rationem,
3399 3034 3516 3088 qua:
3565 3027 3691 3070 erat

453 3109 552 3172 ipsi
584 3108 681 3162 soli
718 3107 933 3177 cognita
962 3115 1016 3162 et
1040 3107 1337 3161 intellecta.

1060 3195 1213 3250 CAP.
1248 3195 1358 3249 VH.

480 3310 761 3376 Quomodo
783 3309 1029 3363 Ecclesia
1074 3306 1259 3360 Putris
1307 3308 1557 3376 prwdicat
1596 3308 1971 3363 monarchiam.

518 3487 807 3540 Enimvero
842 3486 1064 3548 vereris,
1099 3487 1169 3539 mi
1198 3486 1380 3550 homo,
1416 3486 1563 3550 illud=
1601 3502 1665 3540 ne
1694 3487 1736 3540 si
1767 3487 1901 3539 duas
1931 3485 2014 3537 fa~

452 3588 601 3633 teare
632 3579 973 3647 hypostases,
1011 3578 1117 3629 duo
1146 3578 1332 3630 itidem
1364 3578 1624 3646 principia
1670 3578 2017 3631 subintrodu-

449 3683 562 3730 cas,
596 3677 650 3721 et
688 3683 717 3719 a
771 3665 984 3721 deitatis
1043 3666 1119 3719 ita
1176 3666 1394 3719 excidas
1450 3666 1786 3719 monarebia.
1828 3665 2014 3720 Discas

449 3772 598 3825 ergo,
626 3756 768 3824 quod
798 3768 920 3808 cum
967 3768 1109 3808 unus
1154 3755 1225 3807 sit
1264 3754 1380 3807 sine
1432 3753 1695 3823 principio
1742 3754 2014 3822 ingenitus

452 3846 617 3909 Deus,
646 3843 816 3898 Filius
843 3854 1019 3897 autem
1043 3844 1106 3899 de
1137 3843 1231 3897 illo
1260 3854 1650 3914 progeneretur
1679 3861 1692 3897 :
1725 3860 1887 3898 unum
1921 3860 2015 3898 ne-

450 3936 687 3989 cessario
717 3935 1036 4005 principium
1078 3934 1245 3988 fuerit
1270 3975 1286 3997 ,
1334 3934 1646 3988 monarchia
1700 3942 1755 3987 et
1790 3949 2011 4003 regnum

449 4043 648 4091 unum;
690 4042 811 4079 cum
843 4026 1144 4080 subscribat
1172 4026 1286 4094 ipse
1314 4021 1480 4079 Filius
1514 4035 1743 4093 paterno
1766 4024 2013 4093 imperio,

451 4128 506 4171 et
543 4118 883 4188 principatui.
924 4115 1262 4185 Capntenim
1293 4115 1491 4169 Christi
1524 4115 1663 4168 Dens
1692 4122 1797 4179 est,
1829 4129 2016 4168 secun-

452 4211 582 4261 dum
611 4210 923 4277 Apostolum
964 4227 977 4263 :
1017 4210 1107 4263 sed
1136 4208 1339 4262 vereris
1375 4207 1726 4261 vehementer
1753 4219 1818 4259 ne
1848 4218 2011 4274 coga-

448 4308 535 4351 tur
565 4300 610 4352 is
659 4301 762 4353 dno
817 4299 1082 4369 principia
1134 4297 1310 4361 fateri,
1358 4296 1448 4366 qui
1488 4296 1626 4350 duas
1667 4295 2014 4350 conﬁtebitur

442 4390 767 4458 liypostascs
812 4390 989 4443 Patris
1017 4397 1180 4457 atque
1213 4387 1331 4440 Filii
1373 4402 1387 4439 :
1433 4389 1525 4440 sed
1574 4394 1629 4439 et
1674 4384 1812 4439 istud
1843 4384 2012 4446 disce,

446 4482 587 4548 quod
618 4480 897 4549 quil’atris
922 4490 974 4535 et
1004 4481 1125 4534 Filii
1176 4481 1494 4549 hypostases
1525 4477 1659 4530 duas
1681 4516 1694 4541 ,
1724 4476 1855 4529 duos
1889 4490 2013 4529 esse

554 4646 611 4701 ᾖ
654 4639 751 4691 Ed.
789 4638 987 4702 P.n'is.,
1022 4656 1139 4708 pag.
1178 4638 1302 4691 “)9.

2769 3194 2924 3249 ΚΕΦ.
2961 3196 3029 3249 Ζ’.

2122 3301 2315 3367 Ὅπως
2355 3304 2391 3371 ἢ
2445 3304 2771 3371 Ἐκκλησία
2804 3303 2917 3389 τὴγ
2948 3304 3053 3357 τοῦ
3079 3306 3307 3373 Πατρὸς
3352 3309 3691 3377 μοναρχίαν

2752 3390 3023 3440 amputat
3033 3414 3046 3426 .

2200 3483 2356 3535 Ἀλλά
2388 3484 2546 3555 φοϐῇ,
2580 3480 2623 3537 ὦ
2656 3486 2927 3556 ἄνθρωπε,
2960 3485 3053 3554 μὴ,
3082 3484 3175 3538 δύο
3205 3486 3527 3550 ὑποστάσεις
3556 3489 3689 3558 ὁμο-

2116 3574 2370 3643 λογήσας,
2398 3573 2489 3626 δύο
2522 3574 2695 3645 ἀρχὰς
2722 3574 3052 3643 είσαγάγοις,
3088 3574 3183 3627 καὶ
3210 3576 3307 3645 τῆς
3352 3580 3689 3648 μοναρχικῆς

2117 3666 2363 3737 θεότητος
2405 3668 2678 3729 ὲκπέσοις.
2725 3667 2976 3721 Μάνθανε
3010 3667 3207 3728 τοίνυν,
3247 3667 3321 3729 ὠς
3373 3670 3490 3731 ἐνὸς
3531 3670 3688 3734 ὄντος

2113 3759 2350 3828 ἀνάρχου
2384 3760 2477 3812 καὶ
2509 3760 2800 3829 ἀγεννήτου
2835 3758 2990 3823 Θεοῦ,
3023 3757 3117 3810 τοῦ
3151 3759 3206 3810 δὲ
3244 3758 3372 3811 Υίοῦ
3418 3760 3475 3825 ἐξ
3516 3762 3687 3814 αὑτοῦ

2114 3850 2531 3919 γεγεννημένου,
2568 3850 2663 3920 μία
2691 3849 2839 3902 ἔσται
2874 3850 3035 3920 ἀρχὴ,
3074 3850 3340 3919 μοναρχία
3372 3866 3429 3901 τε
3462 3852 3555 3902 καὶ
3589 3849 3689 3919 βα-

2119 3940 2288 3992 σιλεία
2322 3940 2418 4011 μία
2438 3980 2455 4003 ,
2481 3941 2603 3992 ἐπεὶ
2636 3940 2729 3993 καὶ⁵
2754 3940 2913 4001 αὐτὸς
2951 3943 2979 3992 6
3013 3940 3138 4002 Υἱὸς
3169 3940 3341 4010 ἀρχὴν
3380 3942 3687 4010 ἐπιγράφε-

2112 4031 2203 4082 ταὶ
2234 4031 2322 4083 τὸν
2353 4030 2513 4083 αὐτοῦ
2552 4030 2786 4099 Πατέρα.
2834 4030 2941 4099 (92)
2974 4030 3198 4100 Κεφαλὴ
3240 4030 3347 4101 γὰρ
3376 4031 3610 4099 Χριστοῦ
3658 4033 3689 4085 6

2113 4118 2241 4180 Θεὸς
2264 4157 2277 4180 ,
2310 4118 2449 4170 κατά
2485 4118 2574 4170 τὸν
2623 4118 2958 4174 ’Λπόστολον.
3007 4119 3164 4171 Ἀλλά
3193 4120 3449 4189 ἀγωνιᾷς,
3486 4121 3560 4191 μὴ
3588 4120 3689 4174 δύο

2106 4205 2266 4269 θεοὺς
2313 4208 2522 4278 ἀνάγκη
2680 4208 3077 4280 παραδέξασθαι
3110 4209 3199 4262 τὸν
3232 4209 3323 4262 δύο
3356 4211 3689 4275 ὑποστάσεις

2114 4301 2325 4371 Πατρὸς
2351 4302 2443 4354 καὶ
2471 4301 2600 4353 Υἱοῢ
2630 4298 2765 4355 εἶναι
2797 4300 3178 4371 ὁμολογοῦντα.
3218 4300 3375 4354 Ἀλλά
3406 4302 3498 4354 καὶ
3525 4300 3690 4355 τοῦτο

2114 4391 2345 4458 γίνωσκε
2367 4432 2381 4456 ,
2416 4392 2490 4455 ὼς
2522 4394 2549 4444 6
2577 4392 2669 4445 δύο
2702 4392 3024 4455 ὑποστάσεις
3054 4392 3263 4463 Πατρὸς
3286 4392 3379 4444 καὶ
3411 4392 3541 4444 Υίοῧ
3570 4392 3687 4463 (95)

2113 4480 2233 4544 δοὺς
2266 4483 2363 4535 οὐκ
2401 4483 2766 4550 ἀναγκάζεται
2809 4484 2900 4536 δύο
2935 4484 3176 4553 πατέρας
3226 4485 3432 4546 εἰπεῖν,
3484 4486 3546 4539 οὐ
3587 4484 3687 4538 δύο

506 4798 627 4867 ’(88)
672 4800 846 4852 Ἀλλὰ
878 4799 989 4865 τὴν
1015 4796 1264 4866 μονάδα,
1296 4807 1399 4867 etc.
1439 4796 1669 4866 Legend.
1732 4796 1845 4850 ἀλλ’
1886 4797 1913 4848 δ
1956 4813 2008 4848 τι

2119 4796 2311 4849 Christi
2346 4796 2678 4867 divinitatem
2732 4795 2932 4867 retulit,
2958 4790 3187 4867 quodde
3216 4793 3451 4867 homine
3471 4806 3689 4867 assumo

445 4881 531 4921 aut
569 4865 776 4937 ἐπειδή.
818 4870 871 4920 In
905 4883 967 4920 eo
1000 4865 1142 4937 qinnl
1171 4872 1245 4918 ait
1290 4865 1592 4931 Marcellus,
1626 4880 1747 4918 uani
1777 4867 1999 4933 alioqui.

447 4940 624 4992 hiulca
649 4936 1036 4991 estsententia.
1083 4936 1149 4988 Μ.

448 5079 488 5129 1)
670 5004 1034 5066 Ἐνατενίζει.
1063 5004 1151 5058 Sic
1190 5004 1551 5058 scribendum.
1577 5004 1644 5059 M.
1671 5004 1798 5075 LCL,
1828 5020 1878 5074 p.
1905 5006 2004 5059 105

662 5143 918 5213 Ἀρῤήτῳ
965 5142 1033 5196 δὲ
1065 5143 1267 5215 πάλιν.
1334 5142 1391 5195 In
1444 5142 1714 5210 operando
1768 5141 2007 5211 ἄρρητος

443 5225 579 5275 erat,
607 5212 679 5267 uti
709 5212 763 5267 et
797 5219 845 5267 in
879 5216 1151 5266 intuendo.
1186 5212 1253 5263 M.

515 5284 624 5354 (9|)
659 5286 762 5338 Ἢν
785 5281 954 5351 ὑπέρ.
987 5282 1176 5354 Potius
1201 5281 1278 5354 ὃν.
1302 5280 1465 5344 Quem
1489 5278 1705 5354 _Filin_m_
1730 5280 2003 5347 produxit.

443 5348 569 5405 ll‘ec
601 5348 735 5406 Scita
773 5348 1116 5405 sunt'contra
1154 5352 1405 5415 Arianus,
1452 5348 1573 5402 vide
1624 5349 1821 5401 Athan.
1880 5365 2004 5417 pag.

443 5423 567 5475 408.
599 5423 719 5475 409.
764 5422 831 5473 Μ.

513 5490 624 5559 (92)
657 5490 897 5557 Κεφαλὴ
960 5490 1068 5557 γὰρ
1122 5488 1373 5559 Χριστοῦ
1420 5491 1452 5540 ὀ
1482 5488 1637 5552 Θεός.
1680 5486 1879 5559 iLocns
1919 5496 2001 5559 est

436 5558 459 5613 1
497 5556 621 5613 Cor.
650 5556 801 5626 x575,
839 5556 1099 5612 Ἐνταῦθα
1132 5557 1463 5627 ἐπιπηδῶσιν
1496 5559 1623 5627 ἡμῖν
1647 5558 1693 5607 οἱ
1714 5556 1997 5627 αἱρετικοὶ,

444 5630 614 5697 inquit
635 5624 1070 5696 ChrySostoinus,
1097 5624 1386 5679 ἐλάττωσιν
1413 5624 1546 5697 τινα
1572 5628 1644 5697 ᾲὲκ
1692 5624 1799 5697 τῶν
1843 5627 1996 5697 είρηέ

442 5695 618 5769 μένων
678 5695 1031 5759 ἐπινοοῦντες.
1088 5698 1195 5751 lluc
1243 5696 1372 5750 facit
1430 5695 1709 5757 Eusebius,
1763 5695 1888 5746 dtnn
1932 5696 1998 5749 ad

2118 4878 2210 4934 pto
2242 4867 2616 4931 usurpabatur.
2636 4862 2889 4932 Regulam
2918 4864 3081 4916 tradit
3113 4863 3261 4934 idem
3283 4863 3409 4934 ibid.
3441 4861 3491 4913 in
3526 4861 3689 4934 (Ξοηῇ

2112 4931 2274 4987 ἰιιειιι.
2310 4936 2371 4985 ad
2407 4936 2603 4986 locum.
2649 4931 2807 4986 ὀτάν
2853 4950 2904 4984 τι
2949 4932 3200 4984 ταπεινὸν
3251 4931 3486 4997 λέγεται,
3539 4932 3684 4999 μετὰ

2108 5003 2207 5071 τῆς
2232 5003 2429 5069 σαρκὸς
2458 5002 2607 5064 ὄντος
2639 5002 2823 5064 αὑτοῦ,
2856 5003 2954 5053 οὑκ
2986 5001 3227 5053 εὐτέλεια
3268 5000 3364 5069 τῆς
3402 5000 3681 5068 θεότητος,

2110 5071 2244 5123 ἀλλά
2288 5072 2383 5123 τῆς
2437 5072 2746 5123 οἰκονομίας
2800 5070 3111 5123 δεχομένης.
3142 5071 3202 5121 τὸ
3248 5068 3455 5123 λεχθέν.
3503 5069 3681 5123 Onani

2113 5069 2244 5123 ἀλλά
2288 5072 2383 5141 τῆς
2437 5072 2746 5139 οἰκονομίας
2800 5070 3111 5140 δεχομένης
3142 5071 3202 5121 τὸ
3248 5069 3455 5138 λεχθέν.
3503 5069 3681 5134 Qnani

2113 5142 2333 5193 tradidit
2357 5141 2561 5192 Athan.
2594 5142 2643 5192 in
2675 5140 2820 5192 hom.
2850 5148 2916 5192 de
2948 5141 3183 5191 humana
3215 5138 3421 5191 Chr:in
3454 5147 3682 5187 natura.

2114 5211 2252 5260 Ὅσα
2280 5206 2373 5261 οὖν
2412 5208 2599 5278 εὐτελῆ
2632 5210 2849 5278 ῥήματα
2884 5206 2988 5278 ὑπὸ
3035 5206 3129 5257 τοῦ
3162 5207 3296 5278 Θεοῦ
3340 5205 3579 5278 εἴρηται..
3607 5206 3679 5273 τῇ

2140 5227 2252 5260 υσα
2280 5227 2373 5261 ουν
2412 5227 2565 5260 ευτεΑ
2632 5227 2849 5278 ρηματα
2884 5227 2988 5261 υπο
3035 5227 3129 5257 του
3162 5227 3296 5259 σεου
3340 5227 3573 5274 ειρηται,
3607 5227 3679 5273 τῃ

2117 5280 2356 5349 πτωχεία
2385 5278 2548 5331 αὑτοῦ
2568 5227 2846 5347 τδιαφέρει.
2874 5277 2991 5349 Λδθιι
3023 5278 3217 5343 ubique
3258 5277 3393 5349 hanc
3437 5273 3679 5341 regulam

2117 5344 2278 5400 habet
2306 5344 2503 5414 susque
2531 5344 2704 5415 deque
2732 5344 3037 5415 Eusebius:
3073 5359 3193 5397 nam
3224 5353 3279 5397 et
3338 5344 3390 5395 in
3422 5355 3682 5415 sequen-

2112 5420 2253 5469 tibus
2290 5412 2463 5470 locum
2498 5412 2644 5469 illum
2673 5414 2829 5468 Joan.
2864 5430 2954 5477 xx,
2980 5413 3065 5469 l7.
3089 5415 3275 5465 eodem
3311 5414 3469 5465 modo
3504 5412 3682 5463 inter-

2146 5495 2388 5539 retatur:
2430 5485 2487 5537 '0
2520 5484 2619 5555 μὲν
2657 5484 2719 5555 δὴ
2748 5484 2999 5555 Θεὸςλκαὶ
3033 5482 3241 5555 Πατὴρ,
3268 5480 3361 5532 καὶ
3388 5478 3682 5555 αὐτοῦ-τοῦ

2159 5556 2238 5607 iovi
2268 5555 2399 5617 Θεὸς
2421 5550 2813 5613 ῶν,’δείκνυται
2844 5569 2855 5603 :
2893 5553 2961 5605 ita
2988 5553 3130 5606 enim
3155 5565 3364 5619 opinor.
3391 5550 3679 5618 legendum

2107 5635 2208 5679 est.
2238 5624 2287 5677 Μ
2325 5622 2574 5695 ς-γΙιιῖηιι
2609 5620 2688 5695 ἰῇ]
2720 5622 3017 5695 vulgoom.

2184 5696 2294 5763 (95)
2325 5693 2493 5762 Vulgo
2522 5684 2847 5761 θεοῖἱςίιιιυῖ]
2874 5691 3015 5744 delet
3043 5691 3078 5741 ii
3108 5707 3121 5743 :
3160 5688 3367 5745 correxi
3397 5686 3519 5749 δοὺς
3547 5684 3678 5739 coll.
