3970 6510
303 334 412 391 ςπτιε

1225 325 1316 384 DE
1357 327 1887 385 ECCLESIAS'HCA
1928 326 2320 388 TliI-IOLUGIA
2356 328 2484 386 LIB.
2526 330 2602 404 ll.

3455 338 3558 392 Μ’)

301 447 478 509 υἱούς
521 445 662 498 ἀλλὰ
688 444 779 496 τὸν
811 443 908 511 μὲν
932 442 1028 496 ἕνα
1055 443 1272 511 Πατέρα
1301 443 1482 505 δώσει,
1511 443 1599 496 τὸν
1624 443 1680 495 δὲ
1705 445 1889 515 ἕτερον

1993 446 2120 499 deos
2155 455 2354 499 statuet
2378 484 2393 508 ,
2425 463 2527 500 non
2552 447 2762 517 cogitur
2784 445 2939 501 fateri
2994 449 3126 502 duos
3147 457 3352 518 patres,
3385 469 3559 522 neque

313 538 459 590 Υἱόν.
525 535 682 588 Κατά
727 534 818 586 τὸν
860 532 1016 586 αὑτὸν
1056 530 1146 586 οὖν
1191 533 1390 602 τρόπον
1437 534 1557 586 οὐδὲ
1603 533 1696 586 δύο
1737 535 1890 597 θεοὺς

310 630 527 700 ἀνάγκη
559 627 740 682 δοῦναι
770 625 860 680 τὸν
892 625 991 688 τὰς
1023 625 1115 679 δύο
1143 627 1466 688 ὑποστάσεις
1494 625 1725 679 τιθέντα.
1757 627 1889 679 Οὐδὲ

307 721 418 790 γὰρ
449 719 721 788 ἰσοτίμους
749 717 918 779 αὐτὰς
943 716 1256 787 όριζόμεθα,
1286 718 1394 770 οὐδ’
1426 719 1592 786 ἄμφω
1623 717 1888 787 ἀνάρχους

307 811 406 862 καὶ
450 809 810 880 ἀγεννήτους·
853 806 989 860 άλλά
1035 808 1161 877 μίαν
1207 809 1304 878 μὲν
1338 807 1434 878 τὴν
1473 807 1764 876 ἀγέννητον
1798 810 1891 859 καὶ

311 883 571 968 ἄναρχον,
601 897 829 966 θατέραν
855 897 909 950 δὲ
941 898 1203 966 γεννητὴν
1229 899 1322 950 καὶ
1352 898 1524 966 ἀρχὴν
1552 896 1641 949 τὸν
1674 898 1891 967 Πατέρα

316 989 682 1060 κεκτημένην.
717 987 806 1040 Διὸ
846 989 938 1041 καὶ
967 988 1129 1050 αὐτὸς
1172 990 1200 1040 ὁ
1247 989 1371 1051 Υἱός
1401 989 1497 1040 καὶ
1531 986 1722 1040 ἑαυτοῦ
1754 983 1890 1039 εἶναι

313 1080 448 1134 Θεὸν
474 1081 564 1134 ’ὢν
591 1081 751 1134 αὑτοῦ
784 1080 996 1150 Πατέρα
1017 1080 1272 1145 διδάσκει,
1301 1081 1356 1134 ἐν
1382 1075 1461 1142 οἷς
1491 1097 1622 1149 φησι
1642 1096 1654 1108 °
1701 1079 1890 1146 Ἀγέρ-

310 1191 494 1241 χομαι
532 1172 682 1238 πρὸς
715 1171 820 1224 τὸν
852 1169 1078 1238 Πατέρα
1115 1188 1254 1239 μου,
1297 1169 1395 1223 καὶ
1436 1169 1667 1236 Πατέρα
1702 1167 1888 1236 ὑμῶν,

310 1264 410 1314 καὶ
447 1263 595 1315 Θεόν
612 1279 753 1330 μου,
794 1261 891 1313 καὶ
923 1261 1070 1312 Θεὸν
1101 1259 1286 1328 ὑμῶν.
1333 1260 1390 1311 Ὀ
1428 1258 1524 1328 μὲν
1551 1257 1613 1329 δὴ
1639 1257 1770 1320 Θεὸς
1799 1259 1891 1309 καὶ

309 1347 508 1417 Πατὴρ
539 1347 633 1398 καὶ
677 1347 839 1399 αὑτοῦ
879 1346 969 1398 τοῦ
1012 1347 1140 1398 Υίοῦ
1171 1347 1279 1415 (94)
1309 1347 1445 1408 Θεὸς
1485 1344 1562 1397 ὢν
1593 1346 1887 1398 δείκνυται.

308 1438 403 1490 Διὸ
427 1437 491 1509 δὴ
524 1434 604 1500 εἷς
634 1437 765 1501 Θεὸς
796 1441 859 1508 τῇ
898 1438 1186 1508 Ἐκκλησία
1212 1439 1320 1507 (95)
1355 1438 1447 1490 τοῦ
1475 1435 1601 1489 Υἱοῦ
1628 1437 1891 1508 κηρύττε-

258 1523 266 1537 ’
306 1543 402 1579 ται
426 1566 440 1588 ,
475 1530 505 1580 ό
527 1526 585 1580 δὲ
616 1527 766 1592 Υἱὸς,
804 1529 892 1580 ὅτε
931 1528 1028 1598 μὲν
1056 1528 1212 1590 αὐτὸς
1242 1527 1643 1600 παραϐάλλεται
1671 1527 1748 1596 τῷ
1778 1528 1892 1578 Πα-

304 1618 400 1687 τρὶ
434 1618 535 1670 οὐκ
571 1616 646 1669 ἐτ’
689 1618 840 1670 ἔσται
867 1620 960 1670 καὶ
991 1619 1154 1672 αὑτοῦ
1184 1619 1277 1671 τοῦ
1323 1619 1532 1689 Πατρός
1573 1619 1726 1680 Θεὸς,
1773 1618 1890 1670 ἀλλ’

305 1707 442 1771 Υἱὸς
479 1709 779 1780 μονογενὴς
808 1710 901 1762 καὶ
941 1709 1222 1778 ἀγαπητὸς
1250 1709 1412 1762 αὑτοῦ
1434 1750 1448 1772 ,
1477 1711 1571 1762 καὶ
1597 1709 1759 1762 εἰκὼν
1795 1708 1888 1761 τοῦ

1995 535 2130 589 tilios
2161 537 2313 600 duos,
2344 538 2436 590 sed
2478 553 2639 590 unum
2687 553 2752 590 ex
2782 537 2853 592 iis
2876 537 3114 599 Patrem,
3152 540 3379 594 altermu
3425 559 3552 598 vero

1992 627 2248 680 concedet
2269 641 2389 679 esse
2419 626 2631 682 Filium.
2672 628 2752 681 Ad
2796 631 3044 682 eumdem
3093 645 3306 699 quoque
3339 635 3556 687 modum

1993 731 2165 786 neque
2195 731 2416 770 necesse
2443 731 2524 770 est
2549 732 2670 770 eum
2705 719 2836 772 duos
2869 720 2997 773 deos
3048 719 3201 775 fateri
3225 761 3239 784 ,
3296 724 3385 790 qui
3425 725 3559 778 duas

1993 807 2272 861 admiserit
2312 807 2652 875 bypostases.
2696 807 2828 860 Nam
2879 825 3052 878 neque
3082 809 3198 864 illas
3230 814 3433 868 honore
3461 831 3558 883 pa-

1994 914 2078 953 res
2117 899 2367 968 pouimus
2389 914 2402 961 ;
2428 921 2431 924 ·
2460 911 2632 965 neque
2660 900 2844 950 ambas
2868 901 3128 969 principio
3166 913 3434 970 carentes,
3466 916 3560 959 aut.

1993 989 2302 1059 ingenitas;
2342 989 2436 1042 sed
2479 1003 2642 1040 unam
2679 1003 2744 1042 ex
2775 988 2878 1042 illis
2910 990 3226 1058 ingenitam,
3263 997 3382 1049 sine
3406 996 3559 1063 prin-

1991 1078 2135 1148 cipio
2164 1080 2511 1132 exsistentem
2539 1097 2553 1144 ;
2587 1079 2811 1132 alteram
2842 1095 2972 1133 vero
2995 1083 3250 1150 genitam,
3278 1093 3330 1138 et
3345 1084 3558 1140 Patrem

1993 1171 2075 1223 sui
2107 1169 2273 1236 ipsius
2305 1169 2627 1237 principium
2663 1170 3052 1238 possidentem.
3095 1172 3457 1237 Quamobrem
3505 1187 3561 1230 et

1992 1259 2110 1326 ipse
2157 1256 2324 1310 Filius
2350 1257 2522 1310 Deum
2557 1272 2712 1310 suum
2761 1258 2918 1312 docet
2959 1273 3080 1313 esse
3115 1261 3328 1315 Patrem
3380 1279 3556 1327 suum,

1995 1345 2047 1398 in
2079 1345 2276 1414 quibus
2313 1346 2420 1411 ait,
2462 1344 2612 1399 Vada
2652 1347 2722 1400 ad
2769 1345 2982 1400 Patrem
3027 1365 3227 1412 meum,
3259 1361 3303 1402 et
3341 1352 3560 1407 Patrem

1993 1447 2218 1488 vestrum
2250 1449 2268 1487 :
2304 1435 2468 1488 Deum
2523 1454 2693 1490 meum
2743 1449 2790 1491 et
2847 1439 3013 1492 Deam
3069 1443 3387 1494 uestrum".
3423 1444 3563 1496 Deus

1995 1535 2142 1592 certe
2169 1533 2222 1580 et
2248 1527 2427 1593 Pater,
2462 1527 2630 1596 ipsius
2657 1543 2871 1598 quoque
2904 1529 3024 1583 Filii
3060 1531 3201 1585 Deus
3246 1547 3367 1587 esse
3393 1535 3562 1587 doce-

1996 1627 2100 1670 tur.
2139 1617 2403 1683 Quocirca
2441 1634 2578 1671 uuus
2609 1617 2748 1673 Deus
2789 1621 2930 1687 apud
2962 1621 3259 1676 Ecclesiam
3296 1626 3563 1691 praédica-

1997 1719 2105 1770 tur,
2136 1707 2257 1762 Filii
2290 1709 2467 1762 Pater.
2515 1709 2688 1762 Filius
2731 1723 2912 1764 autem
2963 1715 3178 1779 quando
3224 1727 3350 1766 cum
3407 1713 3565 1768 Patre

291 1796 447 1848 θεοῦ
481 1799 574 1850 τοῦ
603 1799 856 1869 ἀοράτου,
886 1801 979 1852 καὶ
1006 1801 1343 1871 ἀπαύγασμα
1373 1804 1471 1870 τῆς
1506 1801 1776 1871 πατρικῆς
1803 1801 1889 1853 δό-

1994 1811 2361 1867 comparatur,
2400 1816 2503 1854 non
2555 1800 2665 1866 jam
2713 1800 2893 1854 Patris
2946 1802 3112 1871 ipsius
3151 1804 3290 1856 Deus
3339 1805 3558 1866 dicitur,

305 1885 412 1954 ξης
438 1902 452 1915 ⁸
491 1886 636 1938 σέϐει
664 1904 722 1938 τε
751 1888 842 1939 καὶ
869 1892 1183 1958 προσκυνεῖ,
1215 1889 1306 1941 καὶ
1331 1889 1541 1954 δοξάζει
1575 1891 1664 1943 τὸν
1698 1889 1889 1942 ἑαυτοῦ

299 1969 557 2046 Πατέρα,
611 1977 758 2030 Θεὸν
797 1979 959 2030 αὐτὸν
1005 1979 1098 2032 καὶ
1149 1979 1367 2033 ἑαυτοῦ
1422 1981 1886 2052 ἐπιγραφόμενος·

305 2068 408 2119 καὶ
449 2065 704 2137 εὔχεσθαι
753 2069 1182 2142 ἀναγέγραπται,
1232 2065 1276 2138 ᾧ
1321 2073 1414 2124 καὶ
1463 2073 1791 2144 εὐχαριστεῖ,

305 2157 412 2208 καὶ
459 2157 699 2227 ὑπήκοος
743 2159 910 2229 μέχρι
958 2159 1185 2212 θανάτου
1227 2161 1455 2228 γίνεται.
1515 2161 1795 2231 Ὁμολογεῖ
1831 2180 1891 2214 τε

304 2247 414 2318 ζῇν
443 2248 533 2301 διὰ
563 2248 654 2302 τόν
688 2250 936 2321 Πατέρα,
989 2251 1082 2303 καὶ
1123 2253 1289 2321 μηδὲν
1337 2253 1594 2306 δύνασθαι
1632 2255 1890 2325 πράττειν

1993 1891 2086 1943 sed
2121 1889 2292 1942 Filius
2326 1891 2664 1958 tmigenitus,
2716 1904 2769 1944 et
2801 1891 3026 1946 dilectus
3053 1893 3171 1961 ejus
3203 1910 3231 1945 με
3273 1903 3327 1946 et
3381 1894 3564 1962 imago

1988 1978 2085 2032 Dei
2139 1979 2443 2042 invisibilis,
2502 1989 2556 2032 et
2608 1981 3003 2048 resplendentia
3049 1993 3292 2049 paterna:
3326 1985 3557 2051 glorim:

1993 2071 2255 2132 honorat,
2301 2071 2486 2124 adorat
2517 2083 2570 2124 et
2595 2082 2885 2124 veneratur
2932 2087 3086 2126 suum
3123 2072 3362 2140 Patrem,
3395 2076 3560 2128 Deum

1991 2173 2114 2213 eum
2143 2168 2197 2211 et
2237 2159 2405 2226 ipsius
2441 2160 2606 2213 Deum
2641 2162 2944 2214 inseribrns
2986 2179 2998 2214 :
3036 2163 3120 2214 cui
3152 2165 3355 2231 gratias
3379 2179 3558 2233 agerc,

1994 2253 2078 2303 cui
2119 2266 2308 2317 preces
2336 2251 2562 2304 fundere
2590 2252 2807 2314 dicitur,
2839 2253 2926 2304 cui
2975 2254 3232 2307 ubediens
3276 2269 3445 2322 usque
3495 2257 3562 2308 ad

1995 2350 2223 2394 mortem
2253 2340 2454 2394 iuerat.
2495 2348 2558 2403 νΙς
2593 2342 2814 2394 Fatetur
2850 2356 2909 2395 se
2941 2336 3123 2397 vivere
3176 2359 3271 2412 per
3317 2344 3562 2408 Patrem,

1999 2445 2097 2483 nec
2140 2432 2427 2498 quidquam
2467 2447 2624 2499 posse
2651 2432 2830 2485 facere
2861 2432 2975 2485 sine
3006 2432 3196 2497 Patre;
3239 2449 3340 2488 non
3387 2449 3560 2496 suam,

1993 2521 2087 2574 sed
2117 2520 2296 2574 Patris
2325 2523 2654 2574 voluntatem
2690 2524 2885 2575 facere.
2919 2525 3008 2576 Ait
3037 2525 3219 2591 igitur.
3255 2538 3310 2593 et
3333 2527 3562 2579 totidem

1995 2615 2208 2682 quidem
2235 2615 2434 2680 verbis,
2470 2615 2620 2680 Quod
2651 2616 2714 2668 de
2749 2616 2874 2669 coelo
2911 2619 3186 2683 descendi,
3244 2637 3345 2672 non
3381 2632 3434 2671 ut
3468 2621 3563 2688 fu-

1993 2723 2155 2758 cerem
2197 2705 2514 2759 voluntatem
2545 2722 2746 2770 meam,
2794 2708 2882 2766 sed
2917 2708 3234 2760 voluntatem
3281 2710 3430 2777 ejus,
3473 2713 3568 2779 qui

294 2337 444 2390 ἄνευ
480 2338 568 2391 τοῦ
605 2339 846 2411 Πατρὸς*
891 2341 1084 2413 καὶμὴ
1117 2343 1179 2394 τὸ
1211 2343 1404 2396 ἑαυτοῦ
1440 2343 1649 2414 θέλημα
1696 2348 1891 2410 ποιεῖν,

301 2429 450 2482 ἀλλά
484 2428 542 2481 τὸ
575 2428 667 2481 τοῦ
703 2431 934 2504 Πατρός.
965 2433 1124 2500 Λέγει
1156 2433 1199 2484 δ’
1231 2430 1322 2486 οὖν
1349 2435 1540 2496 αὑταῖς
1569 2436 1887 2500 συλλαϐαῖς·

304 2523 436 2572 ’Ότι
466 2521 835 2587 καταϐέϐηκα
859 2522 927 2575 ἐκ
954 2523 1058 2576 τοῦ
1085 2525 1364 2590 οὐρανοῦ,
1392 2527 1503 2592 οὐχ
1535 2527 1634 2577 ἵνα
1661 2527 1892 2592 ποιήσω

293 2611 383 2663 τὸ
409 2611 637 2679 θέλημα
657 2610 728 2663 τὸ
755 2611 921 2678 ἐμὸν,
948 2612 1105 2665 ἀλλὰ
1133 2613 1199 2665 τὸ
1238 2612 1465 2681 θέλημα
1492 2614 1597 2667 τοῦ
1620 2613 1894 2683 πέμψαν·-

296 2702 419 2766 τός
451 2716 559 2770 με’
601 2703 694 2754 καὶ
735 2698 920 2762 αὖθις·
967 2705 1048 2756 Οὐ
1087 2702 1342 2771 δύναμαι
1392 2703 1506 2772 ἐγὼ
1553 2706 1745 2758 ποιεῖν
1793 2707 1893 2759 ἀπ’

301 2796 580 2867 ἐμαυτοῦ
607 2797 786 2851 οὐδὲν
809 2814 822 2828 ·
856 2798 1049 2862 καθὼς
1083 2799 1298 2860 ἀκούω,
1334 2801 1532 2867 κρίνω,
1567 2800 1663 2852 καὶ
1709 2801 1746 2867 ἡ
1775 2801 1889 2868 κρί-

1993 2797 2133 2849 misit
2161 2813 2240 2850 me
2263 2796 2328 2851 τ’.
2359 2795 2425 2850 Et
2455 2787 2650 2849 iterum
2690 2812 2702 2846 :
2741 2796 2863 2849 Non
2905 2813 3116 2865 possunt
3163 2815 3255 2867 ego
3283 2804 3455 2866 [arere
3500 2805 3566 2852 de

302 2903 419 2952 σις
449 2889 486 2956 ἡ
516 2887 630 2956 ἐμὴ
661 2887 858 2940 δικαιά
901 2889 1054 2953 ἐστὶ,
1083 2888 1170 2941 ὅτι
1201 2891 1271 2941 οὺ
1302 2888 1449 2956 ζητῶ
1481 2889 1544 2942 τὸ
1572 2889 1799 2958 θέλημα
1830 2890 1889 2944 τό

1994 2889 2297 2954 memetipso
2346 2887 2682 2956 quidquam:
2738 2889 3179 2956 quemadmodum
3242 2891 3432 2954 atulio,
3490 2892 3566 2946 ita

297 2978 480 3047 ἐμὸν,
526 2977 687 3034 ολλά
726 2979 792 3032 τὸ
834 2979 1061 3048 θέλημα
1104 2981 1205 3033 τοῦ
1252 2981 1602 3049 πέμψαντός
1637 2999 1714 3050 με
1755 2981 1889 3052 (95).

1993 2980 2212 3048 judico,
2253 2991 2306 3030 et
2356 2995 2525 3032 meum
2574 2979 2837 3046 judicium
2888 2993 3082 3032 rectum
3114 2989 3224 3042 est,
3279 2981 3403 3046 quia
3462 2998 3567 3034 non

296 3069 428 3122 Καὶ
457 3071 536 3122 ὅτι
575 3086 638 3137 γε
685 3071 868 3140 ἔτερος
914 3066 982 3140 ἦν
1031 3071 1060 3122 6
1097 3071 1316 3140 πέμψας
1352 3073 1515 3124 αὐτὸν
1563 3075 1688 3143 παρ’
1732 3072 1889 3126 αὐτόν

1994 3087 2173 3136 quwro
2193 3071 2512 3126 voluntatem
2532 3087 2720 3134 meam,
2750 3073 2840 3124 sed
2867 3076 3185 3125 voluntatem
3229 3071 3442 3138 l‘alris,
3475 3076 3570 3141 qui

305 3160 649 3229 παρίστησιν
700 3158 828 3228 ἑξῆς
869 3158 1076 3226 λέγων’
1127 3160 1260 3212 Ἐὰν
1300 3160 1416 3230 ἐγὼ
1448 3159 1726 3229 μαρτυρῶ
1759 3163 1889 3231 περὶ

1993 3163 2136 3216 misit
2169 3177 2248 3215 me
2271 3159 2338 3214 ".
2372 3161 2548 3214 Alium
2578 3173 2707 3214 vero
2733 3159 2897 3215 fuisse
2923 3162 3132 3229 ipsum,
3183 3162 3348 3214 alium
3384 3171 3564 3215 autem

299 3249 595 3318 ἐμαυτοῦ,
625 3249 662 3316 ἡ
689 3251 983 3319 μαρτυρία
1001 3267 1119 3320 μου
1145 3246 1257 3304 οὔκ
1283 3251 1455 3304 ἐστιν
1476 3251 1728 3320 ἀληθής.
1764 3254 1889 3306 Ἅλ-

1993 3254 2084 3322 qui
2119 3253 2263 3307 misit
2286 3253 2478 3320 ipsum,
2509 3253 2664 3306 docet
2685 3251 2930 3321 inquiens
2969 3268 2982 3304 :
3016 3249 3074 3304 Si
3098 3269 3189 3320 ego
3208 3253 3564 3306 testimonium

300 3343 427 3405 λος
463 3339 636 3394 ἐστὶν
687 3343 720 3394 ό
765 3340 1083 3409 μαρτυρῶν
1124 3343 1256 3410 περὶ
1297 3344 1461 3411 ἐμοῦ.
1513 3339 1646 3395 Εἶτα
1683 3359 1889 3413 μνημο-

1993 3346 2290 3414 perhibeam
2333 3345 2396 3396 de
2444 3345 2673 3411 meipso,
2714 3343 3072 3396 testimonium
3121 3359 3290 3396 meum
3333 3361 3434 3398 non
3486 3355 3564 3398 est

301 3431 513 3495 νεύσας
547 3432 643 3485 τοῦ
687 3433 1028 3498 Βαπτιστοῦ,
1077 3432 1168 3485 τὸν
1207 3435 1426 3506 Πατέρα
1463 3435 1712 3506 μάρτυρα
1754 3429 1889 3487 εἶναι

1995 3449 2206 3497 rerum;
2237 3434 2374 3485 alius
2399 3444 2472 3486 est
2503 3434 2593 3502 qui
2624 3436 2687 3485 de
2717 3449 2794 3486 me
2817 3432 3209 3497 testiﬁcatur”.
3237 3431 3562 3487 Meutionem

299 3523 481 3576 αὑτοῦ
522 3523 788 3586 διδάσκει,
828 3522 1083 3592 φάσκωνο
1132 3525 1243 3577 Καὶ
1300 3528 1332 3578 ὁ
1371 3525 1605 3593 πέμψας
1651 3541 1729 3594 με
1776 3528 1889 3578 Ua-

1996 3525 2190 3580 dehinc
2218 3523 2470 3594 Baptistae
2496 3519 2744 3592 iaciens,
2783 3528 2996 3581 Patrem
3025 3544 3179 3582 suum
3241 3529 3317 3583 illi
3369 3539 3562 3584 testem

307 3614 452 3682 τὴρ,
477 3613 658 3680 αὐτὸς
682 3616 1095 3683 μεμαρτύρηκε
1119 3615 1250 3684 περὶ
1275 3615 1438 3684 ἐμοῦ.
1463 3618 1570 3668 Καὶ
1599 3615 1889 3688 προστίθη-

1993 3629 2112 3668 esse
2145 3627 2440 3681 asseverat,
2493 3617 2772 3685 inquiens,
2828 3618 2891 3671 Et
2927 3621 3018 3686 qui
3065 3636 3146 3672 me
3199 3620 3340 3673 misit
3379 3618 3559 3685 Pater,

309 3722 407 3758 σιν
427 3721 441 3734 °
469 3706 537 3757 El
561 3706 672 3775 (97)
697 3705 963 3775 ἠγαπᾶτέ
991 3725 1084 3776 με,
1106 3707 1358 3776 ἐχάρητε
1388 3707 1482 3770 ἂν,
1534 3707 1621 3760 ὅτι
1651 3709 1889 3775 πορεύο-

1993 3705 2102 3772 ipse
2125 3705 2433 3774 testiﬁcatus
2463 3717 2536 3760 est
2575 3710 2638 3760 de
2663 3724 2742 3760 me
2764 3709 2832 3760 ⁷⁸.
2867 3709 3028 3761 Addit
3057 3719 3267 3761 autem:
3313 3707 3380 3761 Et
3411 3711 3457 3762 si
3488 3713 3564 3762 di-

301 3814 420 3865 ιιαι
457 3796 606 3863 πρὸς
648 3796 754 3850 τὸν
787 3797 1018 3866 Πατέρα
1041 3817 1053 3828 ·
1097 3799 1184 3852 ὅτι
1226 3802 1258 3851 ό
1307 3798 1506 3866 Πατήρ
1535 3816 1654 3867 μου
1683 3797 1889 3866 μείζων

1993 3797 2154 3863 ligitis
2188 3813 2288 3862 me,
2316 3800 2614 3864 gauderetis
2659 3799 2835 3867 utique
2873 3802 3010 3867 quod
3049 3804 3120 3851 ad
3155 3798 3364 3853 Putrem
3400 3803 3564 3870 pro/i-

305 3886 435 3955 μοῦ
488 3887 639 3938 ἐστι.
684 3887 762 3939 Δι’
810 3882 884 3942 ὧν
928 3889 1179 3942 ἁπάντων
1214 3890 1394 3960 ἕτερον
1429 3889 1616 3942 ἑαυτὸν
1655 3888 1747 3940 τοῦ
1783 3890 1889 3942 Πα-

1993 3889 2179 3939 ciscor.
2219 3886 2481 3951 Quoniam
2533 3890 2696 3941 Pater
2752 3906 2830 3942 me
2887 3891 3062 3957 major
3109 3905 3181 3943 est
3227 3892 3290 3944 ⁷⁸.
3356 3890 3562 3956 Quibus

309 3975 447 4049 τρδς
471 3977 761 4030 δείκνυται.
805 3979 915 4032 Καὶ
947 3980 1006 4032 τὸ
1039 3981 1302 4052 ὑπερέχον
1340 3984 1437 4051 τῆς
1465 3980 1624 4049 δόξης
1655 3979 1747 4032 τοῦ
1783 3981 1889 4032 Πα-

1993 3978 2240 4031 onmibus
2273 3980 2506 4033 ostendit
2557 3993 2614 4032 se
2654 3980 2817 4032 alium
2870 3996 2899 4032 a
2944 3980 3122 4046 Patre,
3178 3991 3232 4034 et
3279 3992 3555 4050 paternam

307 4069 446 4138 πρὸς
479 4070 762 4140 περίστησι
791 4069 877 4122 διὰ
901 4069 992 4122 τοῦ
1019 4071 1108 4124 τὸν
1135 4072 1231 4141 μὲν
1261 4071 1655 4124 ἀπεσταλκέναι
1687 4071 1888 4138 λέγειν,

1993 4068 2214 4135 gloriam
2244 4069 2499 4136 majorem
2528 4069 2762 4123 insinuat
2785 4085 2936 4135 esse;
2967 4087 3086 4124 cum
3125 4086 3182 4125 se
3207 4073 3274 4126 ab
3311 4072 3398 4126 illo
3431 4074 3561 4125 mis-

316 4159 511 4212 ἑαυτὸν
539 4160 595 4212 δὲ
634 4160 968 4212 ἀπεστάλθαι
990 4177 1002 4189 ο
1045 4162 1138 4213 καὶ
1169 4163 1231 4213 ἐκ
1265 4161 1356 4213 τοῦ
1398 4160 1626 4231 οὐρανοῦ
1659 4159 1888 4228 κατελη-

1993 4173 2108 4210 smn
2151 4159 2329 4223 dicat,
2373 4173 2604 4235 severo
2652 4162 2718 4214 de
2762 4161 2899 4214 malo
2946 4162 3329 4227 descendisse,
3367 4175 3561 4215 nonut

312 4248 541 4318 λυθῆναι
568 4238 666 4320 οὐχ
697 4251 782 4304 ἵνα
817 4253 1015 4323 ποιήσῃ
1056 4252 1117 4304 τὸ
1146 4251 1353 4321 θέλημα
1393 4252 1454 4303 τὸ
1496 4249 1714 4311 ἑαυτοῦ,
1758 4249 1889 4301 ἀλλά

1993 4262 2141 4301 suam
2176 4248 2502 4302 voluntatem
2539 4249 2738 4302 faceret
2763 4289 2777 4312 ,
2810 4252 2902 4302 sed
2938 4251 3264 4303 voluntatem
3296 4253 3434 4320 ejus,
3466 4255 3558 4320 qui

313 4340 378 4393 τὸ
423 4339 514 4391 τοῦ
556 4340 873 4410 πέμψαντος
912 4343 1092 4397 αὐτόν.
1151 4342 1260 4394 Καὶ
1309 4342 1360 4394 τί
1421 4342 1486 4395 ἂν
1543 4341 1677 4411 πρὸς
1722 4341 1889 4392 ταύτα

1993 4336 2138 4389 misit
2182 4351 2326 4390 emn.
2377 4337 2514 4402 Quid
2565 4341 2631 4391 ad
2691 4339 2794 4392 ista
2832 4339 3077 4393 dii-turus
3123 4350 3207 4394 est
3253 4341 3558 4402 Marcellus.

313 4429 453 4500 φαίη
491 4429 596 4498 (98)
630 4430 962 4502 Μάρκελλος,
997 4431 1207 4485 ἀκούων
1246 4431 1338 4484 τοῦ
1374 4431 1794 4502 κατεληλυθότος
1831 4431 1889 4496 ἐξ

1993 4442 2113 4479 cum
2157 4442 2276 4480 eum
2308 4429 2396 4496 qui
2429 4430 2494 4482 de
2521 4429 2660 4483 cmlo
2690 4431 3002 4492 descendit,
3057 4432 3156 4482 ista
3205 4432 3318 4499 ipsa
3363 4433 3563 4485 docen-

316 4520 547 4591 οὖρανοῦ
579 4521 749 4575 ταῦτα
776 4523 1148 4586 διδάσκοντος;
1190 4523 1264 4575 Οὐ
1307 4523 1415 4593 γὰρ
1454 4523 1622 4593 δήπου
1656 4524 1749 4574 καὶ
1792 4522 1887 4575 νῦν

1993 4528 2098 4572 tem
2132 4520 2337 4572 audiat.
2375 4518 2510 4583 Non,
2539 4521 2749 4589 opinor,
2781 4521 2906 4574 illud
2935 4523 3412 4589 allegarepoterit,
3445 4537 3566 4576 car-

313 4615 418 4686 τὴν
449 4615 625 4685 σάρκα
651 4614 744 4666 τοῦ
778 4617 1026 4686 Σωτῆρος
1057 4616 1225 4670 ταῦτα
1260 4618 1486 4685 φάσκειν
1519 4618 1648 4686 ὲρεῖ.
1681 4617 1754 4668 Οὐ
1779 4616 1886 4687 γάρ

1997 4627 2114 4664 nem
2148 4613 2452 4666 Servatnris
2479 4615 2578 4666 hoc
2606 4615 2960 4679 prolocutant.
3014 4613 3124 4665 Non
3155 4615 3298 4666 enim
3331 4631 3462 4669 caro
3497 4617 3563 4667 de

311 4709 346 4775 ἡ
385 4704 522 4776 σὰρξ
549 4707 611 4758 ὲκ
639 4707 730 4760 τοῦ
762 4707 990 4777 οὐρανοῦ
1026 4707 1369 4777 κατελήλυθε.
1407 4707 1539 4759 Τίνα
1569 4706 1742 4758 τοίνυν
1775 4708 1889 4776 ἐρεῖ

1996 4703 2134 4756 malo
2163 4705 2460 4758 descendit.
2509 4706 2807 4769 Quemnam
2855 4718 2982 4770 ergo
3037 4705 3281 4757 dicturus
3332 4717 3439 4761 est.
3498 4706 3563 4758 de

429 4849 486 4906 sli
520 4843 614 4896 Ed.
653 4841 845 4906 Paris.,
889 4860 1008 4912 pag.
1059 4843 1180 4897 ΗΟ.

422 4935 465 4966 ’¹
494 4933 648 4988 Joan.
690 4951 778 4998 xx,
814 4935 900 4989 t7.
999 4936 1045 4966 "
1073 4932 1227 4989 Joan.
1277 4949 1356 4999 vr,
1406 4935 1493 4990 58.
1568 4933 1617 4966 ’⁸
1645 4934 1802 4988 toan.
1845 4918 1897 4998 ν,
1937 4933 2028 4988 30.
2102 4932 2148 4962 "
2191 4931 2317 4985 ibid.
2361 4929 2450 4993 3t,
2493 4929 2580 4983 52.
2660 4931 2860 4985 "ibid.
2895 4933 2986 4988 37.
3087 4933 3438 4997 "Joan.x1v,
3467 4932 3557 4988 28.

1993 5085 2106 5123 ram
2151 5068 2430 5138 proposuit
2464 5069 2830 5137 intelligenda,
2881 5079 2933 5121 et
2982 5080 3160 5122 tamen
3207 5069 3366 5121 etiam
3419 5070 3560 5137 apud

1991 5141 2170 5207 ipsum
2192 5139 2436 5207 quaedam
2471 5152 2618 5197 sunt,
2653 5155 2773 5206 quze
2803 5141 2868 5192 de
2927 5140 3143 5207 homine
3197 5154 3419 5204 prorsus
3459 5157 3559 5192 ca-
3599 5139 3602 5142 ’

1993 5205 2346 5328 piuntur.bl‘ta
2404 5207 2538 5260 ludit
2591 5209 2677 5260 hic
2726 5218 2913 5261 auctor
2941 5205 3192 5270 ὕπουλος,
3252 5217 3306 5261 et
3355 5208 3564 5277 σαπρὸς

1993 5279 2208 5328 ubione.
2311 5314 2322 5325 .

1993 5281 2322 5415 ὠδὶςῗοΚὲὶο
2339 5344 2425 5396 ὅτι
2459 5362 2524 5412 τε
2553 5345 2750 5410 ἕτερος
2771 5341 2872 5413 ἦν,
2893 5343 3018 5415 λιιτεε
3045 5358 3074 5394 e
3101 5341 3286 5415 codice
3307 5342 3555 5415 supplevi

312 5064 670 5138 sequentibus
693 5081 746 5124 et
781 5071 960 5139 p.158
990 5071 1031 5124 Β
1059 5071 1117 5124 Η
1157 5069 1333 5124 deleto
1377 5071 1550 5138 λέγων
1587 5070 1729 5138 quod
1764 5081 1886 5139 post

312 5141 449 5195 Υἱοῦ
481 5142 636 5202 vulgo
689 5141 902 5208 legitur.
957 5140 1134 5193 Possis
1173 5149 1227 5193 et
1275 5139 1388 5202 Oet;
1438 5139 1725 5206 conjicere,
1761 5156 1884 5192 eum

312 5227 440 5266 mox
469 5208 673 5263 τιθέναι
692 5222 966 5279 sequatur.
988 5208 1044 5261 In
1073 5225 1216 5263 corr.
1251 5208 1320 5262 Μ.
1350 5227 1370 5259 ι
1405 5209 1565 5262 Forte
1583 5208 1736 5266 Θεοῦ.
1757 5219 1811 5261 et
1832 5209 1884 5262 in

311 5281 565 5334 versione
584 5281 672 5348 qui
689 5282 820 5333 duas
853 5281 904 5333 in
937 5279 1046 5332 Deo
1076 5279 1413 5348 hypostaseis
1445 5295 1460 5330 :
1490 5279 1764 5348 Ariatiiaat
1801 5279 1888 5348 hic

312 5359 377 5403 ut
435 5346 635 5415 passim
699 5349 979 5405 Eusebius.
1033 5366 1052 5400 ι
1111 5346 1181 5389 L-
1238 5347 1357 5401 Mox
1411 5349 1570 5416 vulgo
1623 5347 1744 5400 οὐδὲ
1794 5346 1887 5398 δύο

311 5413 484 5478 υῑσῦζο
1509 5413 1527 5416 ’
1995 5413 2247 5470 Biblioth.
2293 5414 2591 5466 Bodletanae
2623 5415 2832 5465 altero:
2872 5413 3096 5464 «icerant
3123 5414 3266 5463 enim
3307 5413 3356 5464 iu
3414 5431 3554 5474 ini-u,

388 5485 700 5557 (96)Vulgn
728 5487 864 5557 Θεοῦ
899 5487 1044 5548 Υἱός.
1291 5553 1337 5557 __
1588 5554 1622 5557 _
1697 5554 1710 5557 _
1779 5555 1788 5557 _

1993 5501 2160 5554 usque
2175 5488 2262 5557 ad,
2289 5483 2471 5557 Ταῦτα
2483 5484 2593 5557 γὰρ
2599 5481 2805 5536 οἴεσθαι
2819 5482 2908 5534 τὸν
2922 5481 3160 5551 Πατέρα,
3179 5482 3466 5535 exclusive.
3488 5482 3553 5553 Μ,

389 5553 504 5624 (95)
543 5556 652 5609 Τοῦ
696 5556 829 5610 Υιοῦ
877 5557 1247 5624 κηρύττεται.
1291 5553 1556 5608 Utrumne
1587 5554 1883 5608 Ecclesiam

2062 5553 2175 5623 (’97)
2220 5553 2386 5619 Vulgo
2408 5553 2682 5624 ἀγαπᾶτε.

321 5624 445 5679 Filii
471 5619 635 5689 dixit;
674 5641 741 5678 an
788 5625 919 5678 Θεὸν
944 5619 1061 5677 ’τοῦ
1120 5624 1272 5687 Υιοῦ.
1301 5625 1401 5678 hoc
1451 5625 1646 5693 pqtius.
1693 5625 1888 5693 Et_sic

2061 5619 2172 5693 (98)
2203 5624 2370 5690 Vulgo
2413 5622 2441 5672 6
2497 5622 2565 5674 bl.
2591 5633 2643 5673 et
2676 5622 2811 5693 i_n_l'ra
2843 5619 3120 5689 ὲπελέγξει
3155 5629 3210 5674 et
3241 5623 3334 5674 καὶ
3370 5620 3554 5684 καθὼς

318 5696 461 5764 forte
489 5686 642 5764 deest
680 5696 765 5748 hic
819 5695 1046 5764 Πατήρ;
1082 5686 1266 5746 statim
1315 5686 1685 5764 ίεεεξῷααὶ
1735 5691 1886 5758 εὔχε-

1993 5696 2050 5748 τδ
2069 5686 2284 5764 ’θέλημά
2308 5686 2420 5762 ’μου
2447 5701 2500 5746 et
2531 5690 2773 5760 συμφθῆ.

321 5761 466 5820 σθαι.
503 5763 626 5819 ﬂare
653 5764 836 5819 omnia
868 5766 934 5822 de
961 5761 1098 5819 't‘ilio
1128 5761 1422 5819 secundum
1462 5761 1698 5816 divinam
1736 5778 1888 5814 uagu-
