3970 6520
482 373 575 425 9H

1153 371 1413 428 EUSEBH
1453 370 1919 429 C(ESARIENSIS
1956 372 2104 427 OPP.
2146 368 2321 430 PARS
2356 374 2444 430 IV.
2479 408 2546 418 -
2584 372 3003 433 DOGMATICA.

3604 378 3696 433 912

484 490 622 543 caelo
647 487 1089 549 descendentem,
1152 488 1263 543 haec
1314 490 1599 545 docuisse?
1648 492 1784 544 Num
1836 491 2040 546 Patrem

2152 494 2243 545 τὸν
2276 475 2459 545 ὲκ’τοῦ
2494 492 2722 563 οὐρανοῦ
2766 491 3185 562 κατεληλυθότα,
3228 491 3322 545 ’καὶ
3347 489 3511 547 ταῦτα
3540 490 3697 550 διδάσ-

485 579 696 633 Deum?
726 581 879 633 Anne
908 578 1053 633 Patri
1074 577 1418 647 coujunrtum
1449 581 1723 636 Verbum?
1752 583 1807 637 Si
1837 580 2047 639 Patrem

486 671 717 736 dixerit,
773 669 1065 725 Sabellium
1111 671 1346 726 revelate
1405 687 1464 725 se
1513 673 1895 741 exhibentem,
1942 674 2054 742 ipse

485 784 606 822 eum
644 769 899 824 Servator
947 769 1232 823 mentitum
1289 772 1616 835 convincet,
1668 772 1938 841 inquiens,
1974 768 2051 825 De

486 859 611 914 caelo
626 861 895 923 descendi,
919 876 1019 914 non
1048 870 1099 913 ut
1122 877 1215 930 ego
1255 878 1421 914 meam
1447 863 1765 916 voluntatem
1800 862 2049 930 facerem,

485 951 575 1002 sed
601 962 655 1003 ut
680 951 998 1004 voluntatem
1024 950 1139 1019 ejus
1166 953 1257 1015 qui
1289 952 1426 1004 misit
1452 968 1531 1005 me
1553 954 1620 1005 ⁷⁷.
1654 953 1743 1018 Ει,
1784 952 1906 1006 Non
1934 969 2053 1021 pos-

485 1056 598 1093 sum
623 1058 714 1110 ego
744 1042 808 1095 de
833 1042 1027 1109 meipso
1051 1041 1338 1109 quidquam
1372 1041 1545 1109 facere
1565 1082 1579 1105 ,
1607 1044 2051 1110 quemadmodum

486 1131 667 1195 audio,
697 1132 770 1183 ita
788 1132 999 1200 judico.
1025 1130 1205 1200 Neque
1221 1147 1398 1199 qurere
1413 1147 1505 1200 ego
1526 1132 1841 1185 voluntatem
1861 1149 2050 1198 meam,

485 1224 576 1275 sed
621 1223 933 1275 voluntatem
972 1222 1088 1290 ejus
1115 1224 1205 1291 qui
1245 1222 1387 1276 misit
1426 1238 1506 1275 me
1539 1221 1717 1275 Patris
1737 1223 1806 1279 ⁷⁸.
1836 1223 1902 1276 Et
1938 1221 2049 1276 Pa-

485 1322 564 1365 ter
596 1328 765 1376 meus,
802 1312 975 1381 major
1010 1328 1092 1365 me
1133 1323 1206 1366 est
1238 1314 1307 1367 7’.
1338 1311 1471 1366 Nam
1502 1321 1647 1365 certe
1680 1320 1937 1367 extremas
1968 1328 2055 1368 cu-

480 1399 693 1468 iusdam
740 1402 1022 1457 dementias
1050 1414 1192 1457 esset
1242 1405 1355 1457 haze
1400 1402 1613 1456 Patrem
1664 1404 1867 1459 dixisse
1893 1444 1908 1469 ,
1936 1405 2051 1459 exi-

478 1493 725 1548 stimare.
752 1494 903 1561 Quod
933 1495 980 1549 si
1029 1497 1149 1563 quis
1179 1494 1415 1549 Verbum
1451 1495 1559 1550 Deo
1588 1496 1933 1566 congenitum
1967 1498 2049 1551 di-

481 1591 599 1645 eat,
655 1592 711 1636 et
769 1582 933 1637 animi
1002 1584 1116 1650 ejus
1174 1586 1534 1648 sententiam,
1591 1600 1695 1654 qua
1763 1588 2053 1639 ratiocina-

484 1682 602 1737 tur,
653 1682 707 1727 et
756 1673 1029 1728 existimet
1077 1674 1224 1727 illum
1276 1689 1337 1729 ea
1404 1690 1661 1729 enarrare
1708 1690 1831 1744 qua:
1898 1692 2055 1731 erant

484 1762 624 1828 apud
683 1761 855 1830 ipsum
916 1763 1059 1817 iutus
1108 1767 1428 1818 occultata:
1475 1780 1581 1833 quo
1628 1766 1842 1820 tandem
1896 1777 2054 1836 pacto

483 1848 575 1903 Dei
653 1865 802 1905 mens

481 1938 759 2004 Quomodo
787 1942 839 1995 in
883 1956 1045 1995 carne
1088 1957 1248 2011 quam
1291 1944 1586 2011 assumpsit
1632 1945 1902 2015 exsisteus
1953 1946 2052 2000 i5ta

479 2031 743 2084 enarret?
807 2030 1088 2097 Quomodo
1137 2034 1279 2101 quod
1335 2034 1386 2087 in
1454 2034 1562 2089 Deo
1617 2044 1733 2089 erat
1792 2035 2050 2102 Verbum,

481 2122 659 2183 dicet,
697 2122 769 2177 Se
799 2124 865 2176 de
904 2124 1043 2179 coelo
1102 2125 1479 2191 descendisse,
1512 2141 1617 2181 non
1662 2136 1720 2180 ut
1774 2142 1924 2182 suam
1953 2143 2050 2182 vo-

480 2211 744 2265 luntatem
772 2213 975 2268 laceret
1005 2254 1019 2277 ,
1053 2215 1145 2268 sed
1188 2214 1518 2270 voluntatem
1548 2216 1811 2271 mittentis
1838 2217 2049 2286 ipsum?

484 2308 542 2364 ›Ῑ‹
578 2303 755 2371 Atque
787 2319 882 2371 per
908 2304 1009 2357 ista
1032 2305 1248 2373 quidem
1286 2306 1459 2360 Filius
1487 2306 1725 2361 declarat
1755 2308 2045 2373 honorem,

478 2407 588 2461 quo
629 2392 841 2448 Patrem
867 2396 1314 2463 prosequebatur.
1345 2396 1476 2451 Cum
1506 2410 1635 2451 vero
1658 2397 1819 2452 rebus
1850 2398 2047 2467 genitis

476 2482 753 2549 pra'sidet,
783 2498 901 2551 qua:
926 2500 1019 2552 per
1050 2484 1224 2553 ipsum
1258 2494 1387 2539 sunt
1420 2488 1698 2555 productae
1724 2506 1737 2541 :
1787 2497 2044 2557 tanquam

478 2574 579 2642 qui
614 2576 844 2627 exsistat
876 2574 1141 2629 Servator
1173 2576 1437 2641 omnium,
1483 2576 1747 2633 Dominus
1783 2587 1841 2633 et
1878 2578 2044 2634 Crea-

478 2673 585 2729 tor,
626 2663 843 2729 Omnia,
904 2674 1031 2718 tunc
1077 2666 1272 2735 inquit,
1315 2683 1406 2734 per
1436 2668 1779 2736 ipsumfacta
1818 2678 1960 2735 sunt,
1996 2681 2041 2725 et

476 2756 589 2807 sine
627 2757 736 2821 ipso
775 2755 975 2823 factum
1008 2765 1085 2809 est
1127 2756 1258 2809 nihil
1281 2757 1348 2812 ⁸ο.
1392 2756 1530 2811 Tum
1577 2766 1630 2813 et
1662 2759 1824 2825 Deus,
1854 2770 1909 2815 el
1939 2761 2043 2816 Do-

477 2845 678 2908 minus,
708 2856 763 2899 et
792 2845 1069 2909 Servator,
1112 2857 1167 2901 et
1205 2847 1318 2902 Rex
1367 2849 1647 2917 praedicari
1685 2852 1903 2919 poterit.
1940 2853 2042 2907 At-

475 2950 580 3004 que
620 2936 739 2989 ideo
781 2935 930 2989 illum
971 2938 1199 2992 adorare
1237 2939 1400 2995 veluti
1443 2940 1633 3005 Deum,
1672 2950 1726 2996 et
1752 2943 1951 3007 colere,
1986 2953 2041 2999 et

472 3026 749 3089 venerari,
796 3022 1038 3081 Ecclesia
1082 3028 1253 3097 ipsius
1301 3029 1477 3095 docet,
1520 3030 1633 3099 ipsa
1673 3031 1741 3085 ab
1784 3032 1900 3101 ipso
1939 3033 2040 3089 hoc

472 3117 682 3171 edocta.
726 3118 813 3171 Ait
852 3117 1013 3188 igitur
1038 3118 1295 3172 Servatur
1320 3120 1463 3189 ipse:
1500 3120 1681 3191 Neque
1708 3124 1845 3177 enim
1874 3121 2038 3179 Pater

461 3208 671 3275 Iudicat
718 3223 1046 3278 quemquam,
1070 3209 1166 3261 sed
1190 3209 1455 3279 judicium
1494 3227 1643 3267 omne
1684 3214 1829 3268 dedit
1897 3214 2039 3269 Filio

471 3315 587 3359 suo,
630 3308 686 3351 ut
725 3315 900 3353 omnes
932 3300 1182 3353 honorent
1221 3298 1440 3367 Filium,
1467 3304 1912 3372 quemadmodum
1939 3307 2031 3360 ho-

471 3399 656 3442 norant
701 3387 914 3443 Patrem
942 3389 1008 3443 ⁸¹.
1048 3390 1273 3445 Disertis
1323 3393 1501 3448 verbis
1540 3394 1715 3463 ipsum
1763 3396 2037 3451 honorare

463 3480 638 3549 jubet,
682 3497 787 3534 non
822 3490 1081 3550 tanquam
1112 3482 1432 3552 prophetas,
1469 3499 1571 3538 non
1614 3484 1760 3539 velut
1789 3486 2035 3556 angelos,

469 3580 563 3623 aut
602 3571 809 3640 angelis
837 3572 1043 3625 similes
1072 3582 1395 3640 potestates,
1437 3576 1531 3629 sed
1582 3578 2034 3643 quemadmodum

471 3661 646 3728 ipsum
676 3660 915 3714 Patrem.
950 3660 1063 3715 Ποο
1094 3663 1241 3717 enim
1273 3664 1389 3733 ipse
1418 3665 1577 3720 Pater
1611 3666 1685 3719 ita
1726 3666 1916 3730 voluit,
1948 3669 2035 3737 qui

468 3769 630 3807 omne
658 3752 923 3821 judicium
966 3754 1113 3808 dedit
1158 3754 1321 3820 Filio,
1360 3764 1421 3811 ut
1476 3770 1666 3812 omnes
1703 3772 1825 3813 eum
1870 3760 2037 3815 hono-

467 3852 609 3908 rent,
639 3843 1094 3911 quemadmodum
1129 3852 1182 3897 et
1210 3844 1476 3901 honorant
1500 3846 1740 3901 Patrem.
1772 3846 1921 3913 Quod
1955 3848 2036 3917 ip-

467 3949 585 3990 sum
617 3948 739 3987 eum
770 3944 961 3989 exacte
993 3934 1317 4004 intelligeret
1345 3936 1583 3991 Thomas
1620 3945 1844 3992 vocatus
1874 3938 2034 4009 Didy-

465 4039 609 4089 mus,
654 4023 817 4079 veluti
867 4026 958 4093 qui
999 4026 1064 4080 de
1113 4026 1281 4080 choro
1330 4027 1613 4083 duodecim
1646 4028 2032 4099 discipulorum

464 4117 662 4179 fuerat,
694 4116 1011 4172 clarissimis
1050 4117 1231 4172 verbis
1263 4131 1383 4171 eum
1437 4127 1492 4172 et
1540 4119 1704 4173 Deum
1741 4129 1795 4175 et
1837 4121 2032 4176 Domi-

462 4222 590 4259 num
619 4207 960 4281 consignavit
989 4207 1277 4275 inquiens:
1309 4206 1566 4262 Dominus
1607 4226 1773 4277 meus,
1808 4222 1854 4265 et
1887 4210 2027 4265 Deus

460 4314 605 4351 meus
628 4298 695 4351 η’.
730 4298 793 4351 Ει
815 4313 913 4353 nos
953 4300 1020 4353 ob
1051 4300 1191 4355 hanc
1225 4299 1396 4369 ipsam
1424 4314 1641 4355 causam
1678 4312 1914 4371 oportet,
1938 4304 2030 4358 Fi-

463 4386 593 4439 lium
628 4401 732 4439 non
759 4402 1138 4457 quemcunque
1177 4388 1363 4453 alium,
1396 4388 1582 4444 divino
1622 4390 1830 4447 honore
1864 4408 2031 4448 vene-

462 4475 602 4539 rari;
652 4476 923 4542 quomodo
973 4476 1179 4530 scilicet
1218 4476 1431 4532 Patrem
1487 4478 1821 4535 honoramus
1855 4499 1870 4547 ;
1906 4497 2026 4536 cum

462 4567 514 4620 in
550 4562 651 4620 lioc
698 4568 813 4634 ipso
861 4567 1020 4622 Pater
1060 4583 1152 4637 per
1188 4568 1394 4623 Filium
1440 4570 1756 4626 honoretur.
1784 4572 1939 4640 Quod
1977 4584 2031 4630 et

460 4657 634 4725 ipsum
664 4658 844 4713 docuit
876 4659 1163 4728 inquiens:
1209 4659 1313 4726 Qui
1354 4661 1574 4714 honorat
1601 4661 1823 4730 Filium,
1864 4667 2031 4720 hono-

460 4758 541 4801 rat
574 4757 620 4801 et
668 4747 895 4811 Patrem,
924 4750 1012 4817 qui
1052 4750 1191 4801 misit
1231 4766 1350 4803 eum
1401 4750 1468 4806 ⁸³.
1522 4750 1693 4807 Veluti
1746 4755 1835 4823 qui
1881 4757 2027 4826 regis

460 4836 748 4906 imaginem
777 4837 842 4890 ad
885 4851 943 4891 se
989 4838 1209 4891 missam
1267 4840 1556 4907 honorant,
1616 4856 1795 4913 regem
1854 4846 2026 4916 ipsum

459 4928 708 4997 imaginis
740 4926 881 4982 illius
910 4928 1186 4997 exemplar
1208 4930 1511 4995 honorant,
1545 4932 1611 4984 ad
1634 4934 1881 4987 eumdem
1911 4950 2026 4988 mo-

454 5019 584 5073 dum
614 5029 667 5075 et
698 5019 855 5075 Pater
879 5020 1173 5074 honoratus
1222 5021 1432 5075 exsistit
1468 5037 1563 5092 per
1603 5022 1822 5090 Filium,
1852 5027 1927 5080 uti
1969 5036 2026 5081 et

532 5162 590 5218 ὦ
621 5156 716 5210 Ed.
742 5156 893 5211 Paris
923 5195 937 5219 ,
966 5172 1083 5225 pag.
1120 5157 1242 5211 lll.

2159 600 2355 648 κοντα;
2384 584 2590 654 Πότερα
2618 584 2708 635 τὸν
2741 584 2870 636 Θεὸν
2918 582 3097 646 αὑτὸν,
3202 582 3290 636 τὸν
3321 582 3487 655 τούτῳ
3518 603 3702 658 συνημ-

2163 675 2318 745 μένον
2356 676 2562 743 Λόγον;
2607 678 2744 730 Ἀλλ’
2792 679 2838 731 εἰ
2895 677 3041 745 λέγοι
3086 677 3176 730 τὸν
3218 675 3457 749 Πατέρα,
3503 680 3699 749 γυμνῶς

2158 766 2511 835 ἀνακαλύψας
2564 767 2655 819 τὸν
2707 767 3023 831 Σαϐέλλιον,
3070 765 3229 831 αὐτὸς
3266 767 3425 821 αὐτὸν
3463 771 3491 821 6
3533 770 3701 841 Σωτὴρ

2159 856 2486 927 ἐψευσμένον
2530 858 2817 927 ἁπελέγξει
2855 858 3057 925 λέγων·
3105 857 3481 926 Καταϐἐ6ηκα
3509 858 3573 913 ἐκ
3606 856 3698 914 τοῦ

2159 947 2450 1015 οὐρανοῦ,
2493 950 2605 1017 οὐχ
2652 946 2753 1001 ἵνα
2798 944 3029 1014 ποιήσω
3070 946 3136 1001 τὸ
3178 947 3404 1016 θέλημα
3449 949 3513 1001 τὸ
3553 949 3700 1019 ἐμὸν,

2160 1039 2319 1093 ἀλλὰ
2349 1039 2413 1091 τὸ
2446 1039 2671 1107 θέλημα
2696 1039 2802 1092 τοῦ
2840 1036 3188 1108 πέμψαντός
3211 1056 3305 1107 με.
3342 1036 3472 1102 Καὶ,
3510 1042 3587 1094 Οὐ
3612 1041 3702 1095 δύα

2158 1146 2336 1199 ναμαι
2394 1130 2509 1198 ἐγὼ
2557 1131 2657 1183 ἀπ’
2720 1130 2979 1199 ἐμαυτοῦ
3042 1130 3232 1183 ποιεῖν
3284 1129 3480 1183 οὐδέν.
3520 1131 3703 1198 Καθὼς

2159 1222 2390 1285 ἀκούω,
2425 1223 2627 1289 κρίνω.
2657 1222 2764 1275 Καὶ
2803 1224 2874 1276 οὐ
2907 1220 3052 1288 ζητῶ
3089 1221 3155 1273 τὸ
3183 1220 3409 1289 θέλημα
3452 1223 3513 1275 τὸ
3556 1220 3702 1291 ἐμόν,

2160 1313 2319 1367 ἀλλὰ
2351 1313 2415 1366 τὸ
2447 1313 2672 1381 θέλημα
2704 1313 2811 1367 τοῦ
2838 1313 3183 1382 πέμψαντός
3217 1328 3315 1381 με.
3346 1312 3476 1374 Καὶ,
3520 1312 3578 1365 Ὀ
3599 1316 3703 1368 Πα-

2161 1403 2269 1470 τήρ
2307 1394 2424 1471 poi)
2451 1402 2664 1470 μείζων
2696 1403 2815 1471 μοῦ
2855 1403 3006 1455 ἐστι.
3040 1401 3223 1453 Ταῦτα
3252 1401 3360 1472 γὰρ
3397 1401 3594 1454 οἴεσθαι
3626 1403 3704 1455 τὸν

2162 1492 2379 1563 Πατέρα
2414 1491 2641 1560 φάσκειν
2688 1492 2921 1561 ἐσχάτης
2959 1490 3023 1543 ἂν
3066 1491 3148 1560 εἴη
3198 1491 3413 1560 μανίας.
3450 1492 3510 1542 Εἰ
3550 1491 3602 1543 δὲ
3628 1492 3704 1544 τὸν

2161 1582 2218 1633 ὲν
2247 1582 2324 1651 τῷ
2350 1581 2469 1651 Θεῴ
2498 1581 2718 1652 συμφυῆ
2748 1581 2918 1647 Λόγον
2954 1580 3084 1648 (99),
3121 1581 3214 1632 καὶ
3241 1580 3338 1651 τὴν
3371 1579 3598 1632 διάνοιαν
3624 1582 3706 1633 αὺ-

2160 1673 2275 1737 τοῦ,
2305 1673 2425 1726 καθ’
2451 1673 2516 1743 ἢν
2543 1672 2813 1741 λογίζεται
2841 1672 2934 1724 καὶ
2960 1670 3104 1723 ἔνδον
3135 1672 3191 1723 ὲν
3217 1670 3394 1740 ἑαυτῷ
3418 1671 3701 1731 διανοεῖται,

2162 1766 2229 1818 τὰ
2264 1764 2599 1835 προκείμενα
2634 1763 2894 1827 ,διεξιέναι
2932 1763 3096 1832 φησί·
3137 1762 3231 1815 καὶ
3264 1760 3382 1824 πῶς
3419 1760 3482 1814 ἂν
3512 1763 3542 1830 ἠ
3574 1760 3706 1813 Mii-

881 1861 935 1905 et
1006 1853 1257 1922 cogitatio
1324 1856 1390 1907 de
1440 1854 1581 1908 caaln
1656 1855 2040 1909 descendebati

2160 1874 2323 1927 μησις
2354 1854 2447 1907 τοῦ
2478 1854 2612 1907 Θεοῦ
2635 1872 2648 1883 ·
2673 1854 2765 1907 καὶ
2788 1855 2821 1923 ἡ
2854 1856 2910 1907 ἐν
2944 1852 3089 1923 αὐτῷ
3112 1853 3318 1906 διάνοια
3356 1851 3705 1921 καταϐέϐηκεν

2132 1949 2219 2019 ,ἐκ
2245 1946 2337 1999 τοῦ
2370 1944 2633 2017 οὐρανοῦ;
2664 1944 2787 2006 Πῶς
2812 1944 2854 1996 δ’
2890 1946 2947 1997 ὲν
2974 1946 3039 2013 τῇ
3070 1943 3231 2013 σαρκὶ
3266 1941 3366 2012 (l),
3474 1941 3705 2012 ἀνείληφα

2153 2036 2439 2105 γενομένη,
2471 2034 2642 2087 ταῦτα
2672 2032 2909 2102 διεξῄει;
2945 2032 3069 2093 Πῶς
3106 2031 3150 2082 δ’
3181 2031 3238 2084 ὲν
3278 2031 3357 2100 τῷ
3402 2030 3518 2099 Θεῷ
3553 2031 3706 2098 Λόγος

2152 2130 2267 2199 ὲρεί
2307 2126 2768 2196 καταϐεϐηκέναι,
2812 2125 2909 2193 οὐχ
2942 2124 3029 2177 ἵνα
3072 2124 3270 2194 ποιήσῃ
3301 2124 3363 2175 τὸ
3394 2122 3596 2193 θέλημα
3622 2123 3705 2175 αὖ·

2148 2217 2265 2282 τοῦ,
2300 2216 2437 2270 ἀλλὰ
2464 2217 2525 2269 τὸ
2547 2216 2640 2269 τοῦ
2673 2215 2985 2285 πέμψαντος
3024 2216 3221 2276 αὑτόνς
3270 2213 3369 2266 Διὰ
3396 2214 3592 2265 τούτων
3619 2213 3704 2280 μὲν

2149 2302 2177 2353 6
2204 2288 2330 2365 Υἱὸς
2368 2301 2461 2354 τοῦ
2507 2299 2642 2354 Θεοῦ
2675 2301 2736 2353 τὸ
2773 2302 2909 2374 πρὸς
2949 2302 3038 2355 τὸν
3078 2302 3297 2372 Πατέρα
3345 2301 3505 2363 σέϐας
3531 2299 3703 2352 ἑαυτοῦ

2149 2392 2478 2463 παρίστησιν
2497 2408 2510 2421 ·
2547 2391 2636 2444 ὅτε
2664 2391 2721 2443 δὲ
2750 2391 2856 2443 τῶν
2881 2392 3149 2463 γεννητῶν
3181 2390 3436 2444 ἁπάντων
3468 2390 3702 2459 καθηγεῖα

2146 2506 2234 2541 ται
2289 2488 2395 2540 τῶν
2439 2487 2506 2539 δι’
2545 2486 2707 2539 αὐτοῦ
2761 2488 3189 2557 γεγεννημένων,
3243 2485 3320 2547 ὡς
3359 2485 3425 2537 ἂν
3473 2483 3701 2537 ἁπάντων

2146 2576 2406 2647 ὑπάρχων
2431 2575 2622 2646 Σωτὴρ
2644 2575 2739 2627 καὶ
2765 2574 2968 2644 Κύριος
2994 2574 3087 2626 καὶ
3116 2573 3309 2644 δημιου
3320 2574 3445 2645 ργὸς
3501 2572 3700 2641 (Πάντα

2142 2667 2251 2739 γάρ
2279 2667 2353 2721 δι’
2386 2667 2570 2720 αὑτοῦ
2612 2666 2849 2734 ἐγένετο
2868 2708 2882 2731 ,
2924 2668 3035 2741 καὶ·
3058 2667 3234 2736 χωρὶς
3264 2666 3452 2720 αὐτοῦ
3485 2666 3697 2734 ἐγένετο

2142 2757 2287 2812 οὐδὲ
2330 2758 2457 2827 ἓν),
2505 2758 2804 2827 τηνικαῦτα
2857 2758 2949 2810 καὶ
3007 2758 3138 2820 Θεὸς
3181 2758 3274 2810 καὶ
3320 2757 3577 2825 δεσπότης
3620 2756 3700 2807 καὶ

2142 2849 2332 2920 Σωτὴρ
2377 2848 2471 2901 καὶ
2514 2847 2765 2917 βασιλεὺς
2808 2848 3187 2917 ἀναγορεύοιτο
3224 2847 3310 2901 ἄν.
3355 2847 3444 2899 Διὸ
3491 2845 3578 2898 καὶ
3621 2844 3695 2895 σέ-

2143 2940 2257 2991 ϐειν
2298 2939 2390 2992 καὶ
2422 2942 2746 3009 προσκυνεῖν
2770 2978 2784 3000 ,
2818 2939 2912 2991 καὶ
2950 2940 3112 3008 τιμᾷν
3148 2939 3333 3001 αὐτὸν,
3369 2936 3456 2991 οἶα
3491 2938 3630 2996 Θεὸν.
3668 2937 3697 3005 ἡ

2155 3030 2447 3099 Ἐκκλησία
2474 3028 2637 3083 αὑτοῦ
2658 3029 2978 3090 δεδίδακται,
3008 3028 3166 3081 τοῦτο
3190 3030 3446 3099 πράττειν
3476 3030 3594 3099 παρ’
3614 3028 3696 3081 αὖ·

2142 3118 2236 3172 τοῦ
2283 3119 2546 3189 μαθοῦσα.
2588 3118 2749 3186 Λέγει
2803 3118 2847 3171 δ’
2891 3116 2982 3170 οὖν
3034 3116 3195 3179 αὐτὸς
3239 3119 3267 3169 6
3313 3117 3532 3188 Σωτήρ·
3574 3114 3699 3169 οὐδὲ

2145 3211 2252 3282 γὰρ
2292 3214 2323 3264 ὀ
2365 3209 2568 3279 Πατὴρ
2601 3212 2785 3279 κρίνει
2827 3208 3063 3272 οὐδένα,
3105 3208 3266 3262 ἀλλὰ
3312 3209 3430 3277 τὴν
3476 3208 3699 3262 ἅπασαι·

2144 3304 2349 3372 κρίσιν
2394 3302 2612 3354 δέδωκε
2664 3301 2745 3366 τῷ
2804 3300 2911 3365 Υἰῷ
2943 3302 3043 3353 ἵνα
3083 3299 3305 3366 πάντες
3357 3298 3561 3369 τιμῶσι
3610 3298 3701 3351 τὸν

2155 3394 2311 3455 Υἰὸν,
2340 3391 2524 3457 καθὼς
2569 3391 2774 3461 τιμῶσι
2802 3392 2906 3444 τὸν
2933 3392 3182 3459 Πατέρα,
3218 3392 3514 3464 διαρρήδην
3540 3407 3699 3459 παρα-

2145 3483 2496 3552 κελευόμενος
2523 3484 2687 3553 τιμᾷν
2716 3483 2874 3535 αὐτὸν
2910 3483 2983 3553 μὴ
3015 3483 3214 3552 ὁμοίως
3244 3487 3361 3545 τοῖς
3395 3483 3699 3554 προῳήταις.

2148 3573 2267 3644 μηδ’
2301 3572 2499 3642 ὁμοίως
2532 3574 2605 3641 (2)
2639 3573 2909 3640 ἀγγέλοις,
2958 3573 2989 3643 ἢ
3032 3575 3152 3635 ταῖς
3179 3572 3389 3626 τούτων
3429 3574 3503 3642 (5)
3536 3573 3699 3638 διαφε-

2145 3664 2365 3737 ρούσαις
2408 3664 2729 3732 δυνάμεσιν,
2771 3663 2884 3717 ἀλλ’
2914 3663 3061 3733 αὐτῷ
3093 3663 3169 3735 τῷ
3214 3664 3396 3735 Πατρὶ
3434 3660 3701 3734 παραπλη·

2144 3757 2292 3820 σίως.
2340 3755 2511 3809 Τοῦτο
2539 3754 2647 3825 γὰρ
2682 3755 2841 3818 αὐτὸς
2881 3758 2909 3808 6
2940 3756 3130 3827 Πατὴρ
3160 3756 3233 3825 (ιι)
3269 3755 3570 3826 βουληθεὶς,
3604 3754 3695 3804 πᾶ-

2145 3868 2242 3902 σαν
2278 3850 2377 3920 τὴν
2405 3850 2585 3919 κρίσιν
2617 3849 2811 3902 δέδωκε
2841 3848 2918 3917 τῷ
2952 3848 3085 3918 Υἰῷ,
3132 3848 3218 3900 ἵνα
3248 3847 3450 3910 πάντες
3485 3844 3697 3915 τιμῶσιν

2142 3942 2302 3995 αὐτὸν
2333 3939 2514 4003 καθὼς
2546 3941 2741 4009 τιμῶσι
2770 3941 2860 3992 τὸν
2899 3939 3137 4009 Πατέρα.
3185 3940 3254 3989 ’Λ
3286 3938 3351 4009 δὴ
3385 3938 3479 3991 xai.
3514 3936 3697 4005 Θωμᾶς

2139 4034 2167 4086 6
2189 4032 2417 4102 Δίδυμος
2460 4030 2699 4100 ἀκριϐῶς
2730 4030 3111 4100 ἐπιστάμενος,
3156 4029 3250 4082 ἆτε
3282 4028 3377 4082 τοῦ
3423 4026 3577 4099 χοροῦ
3604 4025 3698 4078 τῶν

2140 4122 2346 4177 δώδεκα
2398 4122 2635 4190 γεγονὼς
2693 4122 2976 4193 μαθητῶν,
3034 4122 3305 4192 λαμπροῖς
3360 4122 3567 4191 ῥήμασι
3616 4117 3697 4171 καὶ

2139 4216 2269 4269 Θεὸν
2313 4213 2469 4267 αὑτὸν
2507 4214 2599 4265 καὶ
2642 4214 2845 4285 Κύριον
2876 4214 3217 4285 ἐπεγράφετο
3254 4214 3430 4281 λέγων
3452 4251 3466 4275 ,
3507 4214 3565 4265 Ὀ
3592 4212 3695 4264 Κύ-

2130 4308 2262 4373 ριός
2284 4324 2423 4375 μου,
2459 4308 2555 4360 καὶ
2581 4309 2613 4359 ό
2640 4306 2782 4369 Θεός
2801 4322 2939 4373 μου.
2970 4305 3060 4357 Διὸ
3097 4304 3160 4374 δὴ
3200 4304 3297 4357 καὶ
3333 4306 3482 4375 ἡμᾶς
3508 4302 3696 4374 προσή-

2138 4415 2222 4451 κει
2265 4398 2423 4469 μόνον
2463 4398 2551 4451 τὸν
2591 4398 2718 4450 Υἱὸν
2756 4397 2850 4450 καλ⁸
2899 4396 3101 4466 μηδένα
3145 4397 3330 4467 ἕτερον
3381 4396 3533 4467 Θεῖκῇ
3575 4395 3695 4463 τιμῇ

2062 4517 2106 4572 ι)
2140 4486 2336 4551 σέϐειν,
2378 4487 2555 4549 καθὼς
2602 4486 2849 4557 τιμῶμεν
2888 4487 2980 4539 τὸν
3024 4487 3262 4556 Πατέρα,
3296 4487 3392 4539 καὶ
3432 4488 3489 4538 ὲν
3539 4485 3697 4572 τούτῳ

2137 4577 2230 4629 τοῦ
2260 4576 2471 4646 Πατρὸς
2491 4574 2576 4628 διὰ
2605 4576 2696 4629 τοῦ
2732 4575 2861 4628 Υίοῦ
2887 4575 3192 4646 τιμωμένου
3212 4589 3227 4603 ⁸
3266 4576 3331 4626 Ὃ
3357 4575 3423 4643 δὴ
3456 4574 3545 4626 καὶ
3576 4569 3695 4623 αὐτὸ

2136 4668 2375 4721 διδάσκει
2412 4667 2580 4734 λέγων
2600 4683 2612 4694 ·
2660 4666 2713 4717 Ὀ
2745 4666 2925 4735 τιμῶν
2955 4664 3061 4718 τὸν
3101 4663 3257 4731 Υἱὸν,
3283 4663 3422 4733 τιμᾷ
3456 4664 3560 4718 τὸν
3586 4665 3693 4715 Πα-

2127 4758 2267 4826 τέρα
2309 4757 2414 4811 an»
2442 4756 2761 4826 πέμψαντα
2796 4757 3001 4811 αὐτόν.
3045 4756 3255 4826 Ὥσπερ
3284 4756 3396 4827 γὰρ
3428 4757 3523 4807 καὶ
3551 4753 3691 4821 βασι-

2126 4848 2261 4911 λέως
2290 4846 2773 4918 καταπεμφθεῖσαν
2804 4845 2986 4899 εἰκόνα
3017 4845 3301 4915 τιμῶντες,
3334 4845 3397 4898 τὸ
3429 4843 3692 4913 πρωτότυ-

2128 4954 2226 4991 πον
2265 4939 2362 5007 τῆς
2405 4937 2629 5000 εἰκόνος,
2660 4936 2822 4989 αὑτὸν
2855 4935 2920 4989 ἂν
2954 4936 3286 5005 τιμὴσαιμεν
3318 4935 3413 4987 τὸν
3462 4931 3691 5002 βασιλέα,

2126 5029 2219 5082 τὸν
2260 5029 2421 5083 αὑτὸν
2459 5028 2655 5099 τρόπον
2690 5030 2718 5081 6
2754 5028 2941 5099 Πατὴρ
2982 5027 3047 5080 ἂν
3086 5026 3170 5096 εἴη
3203 5026 3289 5079 διὰ
3334 5026 3429 5079 τοῦ
3461 5023 3589 5078 Υἱοῦ
3616 5038 3689 5073 τι·

516 5249 570 5321 ’τξ
599 5246 753 5301 Joan.
800 5248 988 5321 vi,_38.
1065 5249 1109 5279 ⁷⁸
1133 5247 1285 5305 Joau.
1321 5264 1375 5312 ν,
1406 5248 1475 5302 30
1550 5249 1591 5279 "
1621 5246 1773 5301 Joaa.
1803 5264 1909 5311 xw,
1943 5248 2030 5304 '28.
2107 5252 2151 5282 "
2177 5250 2331 5305 Joan.
2384 5268 2420 5317 ι,
2449 5253 2500 5306 3.
2579 5253 2619 5285 “
2657 5252 2812 5308 Joan.
2842 5269 2895 5321 δ’,
2927 5251 3017 5316 2‘2,
3045 5251 3135 5306 25.
3211 5249 3436 5305 "Joan.
3484 5266 3570 5313 xx,
3598 5244 3681 5299 28.

458 5316 503 5348 ⁸³
541 5316 697 5373 Joau.
739 5332 792 5383 ν,
826 5317 925 5371 25.

530 5452 770 5524 (99)qu
796 5453 909 5521 τὴν
932 5453 1217 5507 διάνοιαν.
1246 5454 1420 5520 Esset,
1453 5454 1593 5507 κατὰ
1612 5454 1707 5524 τὴν
1735 5454 1783 5509 δ.
1827 5455 1899 5511 Μ.

526 5524 599 5595 (l)
634 5522 800 5595 Vulgo
831 5526 894 5595 ἢν
927 5525 1094 5576 ἀνείλ.
1120 5525 1426 5595 γενόμενος.

529 5591 606 5661 (2)
639 5591 809 5660 Vulgo
835 5591 943 5655 τοῖς
972 5595 1099 5660 ἀγγ.
1134 5591 1140 5592 ί
1253 5591 1262 5595 ⁷
1408 5644 1413 5653 .

532 5662 1055 5730 (ὅμιαφερηύσαις
1104 5662 1413 5731 δυνάμεσι.
1450 5662 1542 5718 Vel
1588 5660 1895 5717 diﬂ‘ereutes
1952 5664 2018 5719 ab

441 5732 684 5806 angelis,
724 5732 926 5785 utrevis
954 5733 1130 5798 modo,
1164 5733 1212 5784 in
1244 5733 1443 5786 cmlesti
1490 5734 1789 5788 hierarcltia
1823 5734 2015 5788 distin-

2134 5456 2506 5529 guitangelos,
2538 5464 2590 5511 et
2622 5464 2928 5529 potestates.
2973 5455 3041 5508 M.
3086 5524 3129 5529 __
3298 5520 3310 5529 _
3474 5520 3486 5529 ι
3622 5516 3631 5526 ,

2204 5526 2281 5596 (4)
2310 5520 2499 5595 Vulgo,
2537 5520 2636 5596 μου
2689 5525 2932 5596 ληφθείς,
2989 5533 3044 5596 at
3086 5524 3249 5596 Mont.
3292 5520 3408 5596 jam
3452 5520 3593 5596 dedit
3622 5520 3671 5568 in

2129 5586 2320 5717 arguit.
2352 5586 2585 5665 id'quod
2622 5586 2839 5666 scrip'sit
2867 5586 3059 5666 Euseb.
3102 5594 3152 5648 in
3186 5586 3324 5649 corr.
3367 5589 3438 5643 ἵσ.
3477 5586 3667 5661 προλη-

2164 5682 2186 5717 ε
2216 5682 2241 5728 ς
2296 5682 2386 5735 φη·
