3970 6514
280 469 386 524 9ιὸ

1233 477 1322 534 DE
1359 482 1893 540 ECCLESIASTICA
1939 485 2330 545 TIIEOLOGIA
2371 491 2498 547 LIB.
2538 492 2605 548 Il.

3433 505 3540 562 θη

284 584 670 690 μξῦμενοςζῼῷς
701 589 795 690 καὶ
819 589 886 643 δι’
925 590 1090 647 αὑτοῦ
1129 595 1430 668 ὁρώμενος..
1467 599 1526 651 Ὀ
1554 599 1662 672 γὰρ
1702 604 1874 673 ἑωρα-

1979 621 2072 672 per
2098 606 2270 674 ipsum
2306 608 2473 662 visus.
2513 608 2646 663 Nam
2678 611 2768 679 qui
2818 611 3014 670 Filium
3059 617 3210 684 vidit,
3259 619 3307 676 is
3354 622 3543 690 utique

282 675 397 738 κὼς
426 675 518 728 τὸν
551 675 679 776 Ti'6v
705 677 919 748 ἑώρακε
952 680 1029 752 (5)
1057 682 1148 735 τὸν
1174 684 1413 755 Πατέρα,
1440 687 1538 757 τὴν
1572 689 1864 759 ἀγέννητον

1976 704 2023 748 et
2046 695 2255 750 Patrem
2292 698 2448 764 vidit,
2475 699 2602 753 dum
2645 675 2902 757 deitatem
2933 675 3254 776 ingenitam,
3289 675 3540 766 veluti‘

281 765 537 836 θεότητα,
580 761 692 818 οἷον
739 768 798 820 ὲν
839 771 1035 824 είκόνει
1078 773 1172 828 καὶ
1210 775 1520 848 κατόπτρῳ,
1553 779 1611 831 ἐν
1637 777 1714 848 τῷ
1753 777 1866 848 Υίῷ

1976 788 2204 857 imagine
2233 797 2397 858 atque
2423 791 2644 860 speculo
2676 793 2732 848 in
2751 795 2886 851 Filio
2915 761 3418 868 cltaracterisatam,
3453 803 3538 858 in-

282 854 834 927 χαρακτηριξομένην
885 859 1087 928 όρῶν.’
1124 863 1506 934 Ἇπαύγασμα
1567 865 1678 936 γάρ
1737 868 1866 920 ἐστι

281 947 480 1016 φωτὸς
503 947 697 1001 ἀϊδίου
724 950 823 1003 καὶ
862 950 1186 1021 εισοπτρον
1212 955 1591 1024 ἀκηλίδωτον
1615 957 1739 1035 τῆς⁵
1758 958 1866 1012 τοῦ

286 1038 436 1092 Θεοῦ
456 1039 779 1118 ἐνεργείας,
809 1041 908 1092 καὶ
928 1041 1104 1096 εἰκὼν
1123 1042 1233 1111 τῆς
1265 1045 1630 1113 ἀΥαΘότητος
1661 1047 1864 1101 αὑτοῦ·

285 1132 466 1185 πάντα
505 1131 562 1183 δὲ
599 1130 770 1185 ταῦτα
801 1130 950 1204 παρά
987 1133 1082 1185 τοῦ
1124 1134 1338 1204 Πατρὸς
1383 1135 1585 1200 λαϐὼν,
1612 1135 1672 1202 ἐξ
1705 1137 1866 1190 αὑτοῦ

282 1239 344 1274 τε
375 1223 472 1276 καὶ
501 1222 597 1293 τῆς
630 1221 882 1292 θεότητος
914 1223 1014 1294 τὴν
1052 1224 1233 1291 δόξαν,
1272 1226 1348 1288 ὡς
1379 1226 1444 1280 ἂν
1489 1227 1617 1290 Υἱὸς
1650 1230 1870 1299 γνήσιος

283 1317 381 1368 καὶ
426 1314 742 1385 μονογενὴς,
778 1314 1015 1386 εἰληφὼς
1044 1315 1177 1386 ἔχει.
1227 1316 1363 1368 Ἀλλ’
1393 1319 1454 1370 οὑ
1497 1319 1590 1372 καὶ
1623 1322 1651 1372 6
1681 1318 1869 1389 Πατὴρ

287 1406 441 1477 παρά
488 1423 632 1468 τινος
676 1406 896 1476 εἴληφε·
953 1406 1170 1461 πάντων
1202 1407 1245 1460 δ’
1280 1408 1441 1472 αὑτὸς
1483 1408 1558 1463 ὣν
1602 1411 1743 1482 ἀρχὴ
1779 1412 1872 1464 καὶ

287 1496 442 1567 πηγὴ
471 1496 566 1547 καὶ
595 1495 720 1566 ῥίζα
752 1495 860 1549 τῶν
897 1497 1152 1566 ἀγαθῶν,
1198 1499 1422 1566 εἰκότως
1459 1498 1540 1564 εἷς
1586 1502 1678 1558 καὶ
1712 1502 1876 1577 μόνος

285 1585 672 1656 ἀναγορεύοιτο
702 1585 767 1640 ἂν
797 1587 952 1652 Θεός.

851 1737 856 1742 _
928 1681 1085 1734 ΚΕΦ.
1148 1684 1228 1736 H'.

299 1767 563 1835 Ὀποίοις
603 1769 835 1840 ῥήμασι
878 1771 1234 1842 Μάρκελλος
1288 1774 1522 1842 ἠρνεῖτο
1580 1765 1684 1828 τὸν
1739 1777 1874 1830 Υίὸν

929 1840 1032 1895 τοῦ
1067 1842 1236 1898 Θεοῦ.

375 1950 540 2004 Ἀλλά
570 1951 775 2006 τούτων
802 1954 863 2008 ιν
887 1954 1078 2026 ἀγνοίᾳ.
1109 1954 1393 2026 τυγχάνων
1427 1956 1502 2028 (6)
1531 1956 1868 2029 Μάρκελλος,

285 2044 350 2095 οὑ
386 2042 635 2112 βούλεται
671 2043 770 2114 μὲν
803 2043 1018 2118 ἀληθῶς
1044 2046 1136 2101 τὸν
1160 2047 1288 2100 Υίὸν
1317 2047 1382 2100 ὲκ
1409 2046 1502 2100 τοῦ
1533 2049 1745 2119 Πατρὸς
1779 2065 1872 2116 γε-

287 2131 606 2203 γεννῆσθαι,
644 2133 720 2198 ὡς
749 2134 877 2187 Υίδν
912 2135 1088 2199 ζῶντα
1120 2137 1214 2190 καὶ
1257 2137 1561 2206 ὑφεστῶτα·
1594 2135 1681 2191 οἷα
1713 2139 1768 2192 δὲ
1788 2140 1872 2192 λό-

286 2241 387 2292 γον
422 2225 585 2277 αὑτὸν
615 2227 948 2296 σημαντικόν
979 2245 1123 2292 τινος
1154 2230 1186 2298 ἢ
1227 2231 1643 2299 προστακτικὸν,
1681 2230 1872 2301 προελ-

289 2314 406 2366 θεῖν
431 2311 528 2365 τοῦ
555 2313 691 2367 Θεοῦ
725 2316 944 2384 φάσκει.
995 2319 1192 2371 ’Λκουε
1221 2318 1266 2370 δ’
1301 2314 1393 2371 οὖν
1426 2319 1750 2381 ἀκαλύπτους
1779 2320 1872 2373 καὶ

286 2403 452 2458 τοῦτο
482 2403 730 2473 λέγοντος
761 2407 924 2460 αὑτοῦ
965 2408 1147 2462 ταῖσδε
1184 2411 1304 2472 ταῖς
1339 2413 1572 2478 φωναῖς⁶
1614 2428 1632 2461 ι
1668 2410 1740 2463 Τὸ
1776 2411 1872 2482 μὲν

294 2514 316 2544 ε
361 2490 456 2547 οὗν
481 2495 585 2565 1:96
612 2494 721 2549 τῶν
752 2496 961 2550 αἰώνων
994 2497 1154 2549 αὑτὸν
1179 2497 1542 2568 γεγεννῆσθαι
1572 2498 1740 2567 φῆσαι
1770 2499 1868 2567 (7),

293 2606 313 2638 ι
368 2587 676 2651 ἀκολούθως
708 2589 984 2659 εἰρηκέναι
1023 2587 1188 2643 δοκεῖ.
1223 2588 1473 2658 Γέννημα
1506 2589 1614 2659 γὰρ
1639 2588 1700 2640 τὸ
1735 2605 1868 2658 προ-

293 2697 316 2730 (
366 2678 518 2732 ελθὸν
564 2679 658 2732 τού
699 2679 1001 2749 προεμένου
1039 2677 1246 2747 γίνεται
1292 2678 1523 2750 Πατρὸς,
1560 2678 1785 2749 θάτερον
1825 2678 1869 2731 δ’

296 2787 317 2820 ‹
367 2768 467 2820 οὑκ
501 2767 581 2820 ἔτι
610 2766 778 2837 ὑγιῶς
809 2768 916 2822 οὐδ’
945 2768 1182 2833 εὑσεύῶς
1224 2769 1384 2824 αὑτὸν
1419 2767 1868 2840 παραλέλειπται.

294 2878 314 2909 ι
365 2859 440 2912 T6
469 2859 580 2931 γὰρ
608 2862 682 2934 μὴ
712 2861 882 2930 Λόγον
909 2856 1047 2915 εἶναι
1074 2861 1243 2932 φῆσαι
1273 2861 1364 2914 τὸν
1393 2860 1452 2925 ἐξ
1481 2859 1646 2913 αὑτοῦ
1679 2860 1872 2932 προελ-

293 2968 316 3003 ‹
365 2948 529 3004 θόντα
561 2952 674 3022 (καὶ
724 2951 913 3006 τοῦτον
941 2947 1078 3007 εἶναι
1109 2953 1201 3005 τὸν
1234 2952 1332 3022 τῆς
1360 2952 1662 3022 γεννήσεως
1697 2950 1872 3021 ἀληθῆ

291 3061 313 3093 ι
369 3039 628 3110 τρόπον),
680 3040 794 3094 ἀλλ’
837 3041 1052 3112 ἀληθῶς
1085 3042 1213 3095 Υίὸν
1263 3041 1422 3112 μόνον
1469 3041 1704 3112 ἐμφασίν
1753 3058 1872 3095 τινα

291 3145 312 3177 ι
365 3128 477 3189 τοῖς
497 3125 783 3180 ἀκούουσιν
804 3128 1149 3201 ἀνθρωπίνης
1160 3128 1334 3198 ὄψεως
1351 3130 1610 3200 παρέχειν
1626 3129 1834 3185 εἴωθεν.
1848 3151 1868 3183 ι

288 3211 410 3269 Εἴθ’
457 3217 538 3270 ὅτι
587 3217 723 3288 μηδὲ
771 3219 1092 3289 γεγέννηται
1149 3221 1212 3272 ὲκ
1247 3219 1340 3272 τοῦ
1383 3221 1596 3292 Πατρὸς
1636 3223 1664 3274 6
1705 3220 1874 3290 Λόγος

288 3308 566 3377 παριστὰς
617 3302 718 3362 ὦδε
770 3309 916 3378 λέγει
966 3310 1100 3382 πρὸς
1147 3309 1310 3377 λέξιν.
1365 3329 1382 3363 ι
1433 3313 1490 3363 Ὁ
1523 3310 1700 3364 τοίνυν
1733 3311 1875 3382 ἱερὸς

286 3397 595 3461 ἀπόστολος
622 3398 715 3453 καὶ
748 3398 996 3472 μαθητὴς
1023 3399 1117 3453 τοῦ
1151 3401 1358 3472 Κυρίου
1396 3401 1675 3473 Ἰωάννης,
1712 3402 1876 3460 ἀΐδιό-

285 3504 456 3558 τητος
485 3487 647 3541 αὑτοῦ
667 3489 1038 3560 μνημονεύων,
1066 3490 1270 3562 ἀληθὴς
1293 3491 1540 3560 ἐγίγνετο
1569 3491 1661 3546 τού
1704 3493 1875 3562 Λόγου

291 3579 544 3653 μάρτυςυ
611 3581 707 3632 Ἐν
751 3579 908 3649 ἀρχῇ
936 3576 1015 3650 ἦν
1043 3583 1071 3634 6
1102 3583 1311 3651 Λόγος,
1346 3583 1445 3636 καὶ
1487 3587 1520 3637 ό
1568 3585 1759 3653 Λόγος
1802 3581 1878 3655 ἦν

286 3672 448 3739 πρὸς
475 3671 580 3726 τόν
623 3672 789 3735 Θεὸν,
824 3673 919 3726 καὶ
953 3673 1095 3740 Θεὸς
1119 3670 1198 3744 ἦν
1232 3677 1264 3728 ό
1308 3677 1527 3746 Λόγος·
1585 3676 1734 3729 οὐδὲν
1782 3694 1877 3745 γε-

286 3764 495 3827 νέσεως
539 3763 770 3817 ἐνταῦθα
801 3764 1154 3840 μνημονεύων
1196 3765 1291 3818 τοῦ
1334 3768 1528 3834 Λόγου.
1564 3786 1581 3818 ι
1627 3766 1783 3820 Οὑτω
1813 3767 1879 3841 δὴ

290 3854 390 3909 τδν
434 3855 559 3908 Υίδν
594 3854 687 3908 τοῦ
723 3855 859 3910 Θεοῦ
889 3856 1220 3928 ἀρνούμενος
1245 3857 1336 3911 τὸν
1364 3859 1422 3910 ὲν
1453 3857 1531 3929 τῷ
1559 3857 1677 3928 Θεῷ
1701 3858 1873 3926 Λόγον

293 3946 431 3998 ποτὲ
477 3947 573 4017 μὲν
610 3946 755 4000 ένδον
792 3943 932 4000 εῖναι
976 3947 1034 3999 ὲν
1076 3945 1156 4017 τῷ
1205 3946 1322 4018 Θεῷ
1368 3947 1591 4017 ἔφασκε,
1647 3949 1776 4001 ποτὲ
1818 3947 1875 4001 δὲ

292 4036 547 4107 προϊέναι
580 4036 673 4090 τού
706 4035 874 4090 Θεοῦο
914 4039 1009 4090 καὶ
1037 4037 1226 4092 ἄλλοτε
1259 4039 1418 4091 πάλιν
1452 4037 1876 4109 ἀναδραμεῖσθαι

291 4131 380 4192 εἰς
409 4130 498 4181 τὸν
536 4129 688 4192 Θεὸν,
720 4131 814 4183 καὶ
847 4129 1062 4182 ἔσεσθαι
1096 4119 1153 4182 ἐν
1181 4129 1350 4202 αὑτῷ,
1383 4129 1458 4193 ὡς
1489 4131 1583 4183 καὶ
1613 4129 1877 4200 πρότερον

290 4216 386 4289 ἢν.
437 4219 770 4272 Ἐπάκουσον
817 4220 862 4272 δ’
900 4220 1048 4284 ὅπως
1100 4219 1274 4272 ταῦτα
1322 4219 1466 4288 λέγει
1513 4219 1721 4282 τούτοις
1766 4222 1877 4282 τοῖς

298 4312 544 4382 Minor
590 4329 608 4362 ι
659 4311 793 4364 Νυνὶ
833 4311 888 4364 δὲ
920 4310 1160 4364 πιστεύω
1212 4313 1331 4374 ταῖς
1380 4310 1552 4374 θείαις
1610 4311 1649 4362 Γ
1657 4312 1902 4382 ραφαϊςκ

299 4421 324 4453 ο
371 4403 450 4454 ὅτι
492 4395 571 4464 εἷς
600 4403 628 4454 6
656 4401 810 4465 Θεὸς,
840 4402 934 4455 καὶ
973 4403 1000 4454 6
1050 4401 1238 4454 τούτου
1281 4401 1451 4478 Λόγος
1495 4399 1734 4471 προῆλθε
1779 4399 1878 4470 μὲν

303 4509 326 4542 ε
372 4489 464 4543 τοῦ
497 4490 725 4562 Πατρδς,
751 4491 838 4544 ἵνα
864 4490 1040 4544 πάντα
1080 4489 1147 4542 δι’
1178 4489 1341 4543 αύτοῦ
1377 4489 1620 4560 γένηταιο
1657 4490 1795 4559 μετά
1821 4489 1895 4546 δὲ.

1971 885 2168 931 tuetur.
2209 877 2308 934 Est
2335 881 2474 933 enim
2513 881 2759 950 splendor
2789 896 2999 942 aeternas
3042 889 3222 944 lucis:
3265 903 3314 946 et
3358 908 3538 962 specu-

1969 965 2076 1019 lum
2129 969 2524 1032 mundissimum
2567 976 2884 1042 operationis
2947 987 3178 1046 paterna:
3213 996 3231 1034 :
3270 991 3320 1036 et
3359 984 3535 1052 imago

1971 1057 2216 1112 bonitatis
2247 1061 2416 1129 ipsius
2453 1061 2519 1116 “.
2549 1063 2675 1120 Haec
2704 1076 2882 1122 autem
2917 1071 3094 1124 omnia
3125 1087 3246 1126 cum
3279 1074 3346 1128 de
3373 1074 3536 1130 Patre

1969 1148 2317 1217 suscepisset,
2347 1152 2416 1205 ab
2443 1151 2534 1207 illo
2572 1161 2626 1209 et
2657 1155 2885 1224 gloriam
2914 1159 3232 1229 divinitatis,
3275 1172 3535 1234 tanquam

1976 1237 2138 1296 Filius
2172 1241 2402 1298 dilectus
2446 1251 2500 1298 et
2534 1246 2838 1316 unigenitus
2885 1250 3115 1320 accepit,
3166 1252 3261 1306 sed
3312 1269 3415 1308 non
3462 1255 3536 1309 ita

1972 1328 2132 1384 Pater
2164 1345 2194 1384 a
2239 1346 2511 1402 quoquam
2561 1337 2793 1406 accepit,
2843 1353 2966 1392 cum
3019 1339 3090 1394 sit
3146 1340 3260 1409 ipse
3298 1343 3536 1414 omnjum

1971 1416 2297 1488 principium
2343 1430 2397 1475 et
2443 1420 2564 1478 fons
2593 1431 2646 1477 et
2671 1424 2826 1480 radix
2856 1426 3120 1483 honorum
3145 1444 3160 1496 ;
3183 1430 3322 1485 unde
3345 1431 3537 1486 merito
3584 1478 3602 1490 .

1975 1521 2110 1563 unus
2138 1516 2191 1563 et
2221 1509 2370 1566 solus
2396 1511 2718 1582 praedicatur
2739 1513 2900 1570 Deus.

1841 1664 1845 1672 ..
1891 1652 1926 1675 ο.
1951 1651 2046 1684 ζ”τ
2084 1653 2125 1684 ις-
2219 1645 2228 1655 ⁸
2252 1659 2280 1694 ἱ,

2537 1723 2595 1780 ᾖ(
2646 1716 2796 1772 CAP.
2840 1718 2972 1774 VIII.

2045 1807 2244 1872 Quibus
2281 1809 2443 1862 verbis
2477 1807 2761 1863 Marcellus
2796 1810 3066 1880 abnegavit
3103 1809 3308 1866 Filium
3351 1812 3465 1868 Dei.

1902 1945 1944 1999 Β
2047 1916 2171 1973 liene
2199 1934 2319 1973 cum
2355 1918 2564 1987 ignoret
2592 1919 2898 1987 Marcellus,
2925 1935 3034 1976 non
3067 1920 3178 1974 vult
3228 1920 3425 1976 Filium
3472 1923 3537 1977 de

1973 2007 2131 2063 Patre
2160 2023 2346 2068 revera
2377 2019 2581 2074 natum,
2626 2009 2788 2064 veluti
2821 2011 2999 2064 vivum
3022 2020 3075 2064 et
3104 2011 3486 2067 subsistentem
3517 2031 3532 2068 :

1971 2108 2026 2152 at
2060 2099 2126 2154 de
2155 2098 2264 2154 Deo
2291 2114 2570 2168 egressum
2602 2098 2750 2153 illum
2796 2114 2900 2154 non
2931 2100 3086 2154 aliter
3111 2101 3208 2164 ait,
3243 2116 3402 2170 quam
3436 2117 3537 2156 cu-

1966 2190 2137 2258 jusvis
2163 2190 2480 2260 imperativa
2531 2198 2624 2244 aut
2667 2189 2958 2245 indicativa
3008 2206 3106 2246 vox
3150 2191 3214 2246 de
3250 2192 3366 2262 ipso
3401 2192 3530 2247 exit.

1970 2280 2105 2334 Audi
2142 2295 2270 2335 vero
2303 2281 2478 2349 ipsum
2505 2279 2823 2336 clarissimis
2850 2281 3028 2336 verbis
3063 2283 3166 2336 boc
3206 2282 3346 2336 idem
3392 2283 3537 2336 επιτ-

1973 2379 2207 2426 mantem
2234 2370 2325 2440 [Β.
2349 2369 2542 2436 XXXI,
2575 2369 2726 2436 coll.,
2759 2387 2812 2441 p.
2843 2371 2914 2426 56
2965 2370 3051 2442 3.]
3105 2389 3122 2422 ι
3153 2369 3377 2426 Videtur
3409 2387 3536 2442 ergo

1975 2481 1994 2512 ‹
2043 2462 2188 2516 hisce
2227 2470 2623 2531 consequenter
2652 2462 2956 2528 dicendum,
2987 2472 3110 2518 ante
3137 2463 3331 2519 saecula
3363 2463 3537 2533 ipsum

1978 2571 1996 2603 ι
2043 2561 2379 2622 generatum.
2425 2553 2560 2607 Nam
2601 2554 2744 2622 quod
2793 2554 2857 2609 de
2909 2554 3070 2610 Patre
3130 2555 3541 2624 prmexsistente

1977 2661 1995 2695 ι
2047 2644 2342 2715 egreditur,
2396 2644 2644 2713 genimen
2691 2643 2807 2713 ejus
2835 2653 2936 2700 est.
2976 2645 3133 2700 Aliud
3175 2660 3304 2702 vero
3340 2658 3399 2702 ut
3443 2647 3538 2712 sit,

1979 2752 1996 2786 ι
2044 2735 2148 2790 dici
2194 2749 2301 2789 non
2344 2743 2520 2804 potest
2562 2750 2682 2790 cum
2729 2750 2864 2790 sana
2911 2737 3110 2806 pietate
3162 2735 3532 2806 conjunctum.

1979 2841 1997 2876 ι
2045 2823 2179 2878 Nam
2202 2824 2284 2880 vel
2318 2823 2592 2881 aﬂirmare
2617 2841 2721 2881 non
2765 2826 3058 2882 esseillum
3095 2825 3349 2892 Verbum,
3393 2828 3535 2896 quod

1979 2934 1997 2968 ι
2043 2931 2109 2972 ex
2135 2932 2201 2972 eo
2228 2917 2503 2988 egreditur
2537 2918 2614 2989 (et
2639 2919 2782 2974 hunc
2811 2919 2982 2988 ipsum
3017 2934 3135 2974 esse
3185 2934 3326 2975 vera:
3371 2934 3536 2989 gene-

1980 3023 1999 3056 ‹
2045 3005 2273 3062 rationis
2300 3004 2573 3076 modum),
2618 3007 2713 3061 sed
2747 3022 2874 3062 vere
2895 3006 3113 3071 Filium,
3145 3022 3244 3065 nec
3275 3017 3533 3076 przeterea

1980 3113 2000 3147 ι
2047 3097 2336 3166 quidquam
2387 3111 2403 3151 :
2449 3097 2760 3152 relationem
2811 3098 3103 3167 quamdam.
3150 3098 3376 3154 visionis
3433 3100 3538 3152 hu-

1981 3206 1999 3239 ι
2047 3204 2219 3244 mante
2247 3189 2457 3244 videtur
2484 3189 2821 3244 audientibus
2839 3191 3116 3246 exhibere.
3133 3189 3370 3264 rDeinde
3397 3191 3538 3258 quod

1901 3282 1944 3342 C
1979 3293 2150 3348 neque
2199 3277 2428 3334 Verbum
2481 3279 2545 3334 de
2575 3277 2738 3334 Patre
2785 3294 2898 3334 suo-
2927 3289 3214 3349 generetur
3273 3281 3539 3344 insinuat,

1976 3369 2102 3424 dum
2149 3369 2218 3422 ita
2255 3369 2509 3437 loquitur.
2537 3387 2556 3421 ι
2590 3367 2827 3425 Sanctus
2870 3371 2987 3425 ideo
3030 3371 3323 3441 apostolus,
3350 3380 3404 3426 et
3440 3373 3542 3426 Do-

1982 3480 2005 3512 ι-
2043 3461 2172 3515 mini
2201 3460 2500 3529 discipulus
2551 3460 2825 3527 Joannes,
2879 3463 3003 3516 dum
3058 3462 3379 3517 aeternitatis
3426 3463 3541 3532 ejus

1984 3571 2002 3604 ι
2051 3552 2379 3607 mentionem
2418 3551 2570 3618 facit,
2603 3553 2916 3608 verissimus
2940 3555 3104 3608 verbo
3133 3554 3285 3608 testis
3315 3553 3544 3608 adhibe-

1983 3662 2000 3696 ι
2051 3652 2158 3708 tur,
2197 3642 2264 3697 In
2297 3644 2575 3713 principio,
2602 3644 2876 3713 inquiens,
2904 3655 3015 3699 erat
3048 3643 3296 3710 Verbum,
3327 3656 3373 3700 et
3421 3644 3546 3698 Ver-

1983 3756 2000 3788 ι
2051 3737 2171 3790 bum
2211 3736 2342 3790 illud
2398 3747 2509 3791 erat
2561 3740 2700 3807 apud
2753 3737 2942 3802 Deum,
2983 3749 3028 3792 et
3065 3737 3202 3793 Deus
3253 3749 3362 3793 erat
3417 3738 3545 3792 Ver-

1983 3845 2002 3880 t
2049 3830 2169 3883 bum
2218 3829 2285 3883 ⁸⁸.
2315 3828 2585 3895 Nusquam
2629 3831 2995 3898 generationis
3022 3828 3187 3885 Verbi
3229 3831 3389 3886 isthic
3431 3845 3545 3885 me-

1984 3939 2002 3972 ι
2049 3921 2220 3975 ιιιίιιίι.
2253 3939 2287 3973 υ.
2338 3919 2490 3976 IIunc
2518 3922 2584 3974 ad
2618 3923 2830 3976 modum
2864 3920 3059 3976 Filium
3111 3923 3204 3977 Dei
3243 3925 3540 3993 abnegaus,

1981 4011 2212 4066 Verbum
2246 4025 2379 4065 vero
2413 4021 2656 4065 statuens
2690 4011 2741 4064 in
2781 4013 2884 4067 Deo
2919 4012 3210 4080 exsisteus,
3252 4013 3546 4079 aliquando

1980 4099 2107 4153 illud
2158 4102 2304 4154 intus
2353 4100 2404 4154 in
2443 4101 2550 4154 Deo
2593 4099 2709 4154 vult
2752 4115 2895 4166 esse,
2951 4101 3219 4163 interdum
3252 4102 3328 4156 ait
3359 4117 3390 4156 e
3434 4102 3548 4158 Deo

1974 4192 2180 4260 egredi,
2218 4191 2485 4246 interdum
2521 4191 2587 4244 ad
2625 4191 2792 4246 Deum
2826 4205 3124 4256 recurrere,
3150 4193 3319 4261 ipsum
3346 4194 3544 4248 iterum

1977 4293 2032 4337 et
2062 4283 2119 4336 in.
2147 4282 2256 4338 Deo
2302 4281 2446 4336 velut
2482 4289 2638 4336 antea
2687 4281 2944 4337 residere.
2992 4283 3129 4338 Audi
3183 4298 3311 4340 vero
3345 4285 3544 4354 quibus

1979 4374 2157 4430 verbis
2224 4375 2326 4429 hoc
2385 4373 2630 4428 atlirmet.
2693 4372 2802 4446 [ιι.
2859 4372 2990 4442 Vill,
3035 4375 3160 4431 coll.
3227 4392 3279 4446 p.
3331 4376 3393 4431 bi
3453 4375 3535 4449 C]

1985 4485 2008 4520 ι-
2050 4468 2222 4523 Credo
2248 4476 2424 4522 autem
2468 4481 2566 4535 ego
2610 4481 2752 4521 nunc
2791 4467 3091 4536 Scripturis
3128 4466 3348 4534 divinis,
3400 4471 3548 4538 quod

303 4599 324 4632 ε
371 4580 461 4632 τὸν
515 4557 703 4652 καιρὸν
737 4582 833 4654 τῆς
886 4582 1141 4652 κρίσεως,
1190 4581 1283 4634 καὶ¹
1461 4557 1569 4632 τῶν
1619 4557 1874 4632 ἁπάντων

1988 4578 2006 4612 ι
2055 4574 2190 4614 unus
2232 4560 2302 4614 sit
2349 4557 2488 4613 Deus
2533 4557 2839 4612 dicentibus
2877 4596 2893 4623 ,
2934 4566 2989 4612 et
3035 4557 3179 4627 quod
3235 4557 3325 4613 Dei
3388 4561 3548 4626 lmjns

1996 4668 2009 4673 -
2059 4650 2287 4673 If.._l...--.
2319 4647 2577 4673 -..-..-.-.:s
2617 4647 2679 4673 ,ΙΛ
2709 4647 2868 4673 nn.--
2935 4654 2986 4673 nl
3027 4645 3202 4673 An‘nh.
3248 4661 3347 4673 -ιιΛ-
3397 4648 3544 4673 HI“...

305 4692 324 4722 ε
371 4670 674 4743 διόρθωσιν,
720 4672 812 4724 καὶ
854 4671 946 4724 τὸν
994 4671 1301 4742 ἀφανισμὸν
1346 4672 1444 4742 τῆς
1493 4670 1876 4740 ἀντικειμένης

304 4780 324 4811 ι
375 4759 592 4830 ἀπάσης
640 4761 944 4831 ἐνεργείας,
993 4761 1110 4814 τότε
1153 4761 1312 4824 αὐτὸς
1359 4762 1760 4830 ὑποταγήσεται
1799 4759 1877 4830 τῷ

305 4871 325 4903 ς
375 4852 702 4917 ὑποτάξαντι
735 4852 882 4923 αὑτῷ
925 4853 994 4906 τὰ
1038 4853 1214 4907 πάντα
1261 4852 1380 4922 Θεῷ
1424 4853 1519 4905 καὶ
1564 4852 1766 4922 Πατρί·
1811 4851 1876 4904 ἶν’

307 4963 325 4993 ι
370 4940 542 5005 οὑτως
627 4945 682 4995 ὲν
713 4941 788 5012 τῷ
817 4941 934 5012 Θεῷ
971 4945 999 4996 6
1034 4943 1228 5010 Λόγος,
1268 4941 1456 5013 ὥσπερ
1489 4942 1582 4994 καὶ
1610 4943 1875 5013 πρότερον

305 5053 324 5086 ‹
373 5028 444 5104 ἦν
479 5033 585 5104 πρὸ
632 5033 723 5086 τού
751 5033 841 5086 τὸν
880 5033 1082 5106 κόσμον
1116 5033 1286 5087 εἶναι’
1336 5033 1548 5097 οὐδενὸς
1577 5035 1686 5104 γὰρ
1726 5033 1876 5096 ὄντος

306 5147 323 5178 ι
375 5125 639 5197 πρότερον
678 5122 744 5196 ἦν
782 5124 874 5178 τού
917 5125 1051 5178 Θεοῦ
1087 5125 1271 5196 μόνου,
1305 5124 1520 5178 πάντων
1554 5125 1610 5177 δὲ
1655 5123 1741 5176 διὰ
1782 5123 1876 5176 τοῦ

306 5239 323 5268 ι
375 5218 550 5286 Λόγου
602 5217 844 5285 γίνεσθαι
901 5217 1221 5288 μελλόντων,
1296 5215 1566 5287 προῆλθεν
1632 5218 1660 5268 6
1706 5217 1876 5282 Λόγος

305 5331 325 5362 c
374 5309 632 5380 δραστικῇ
662 5307 929 5380 ἐνεργείᾳ,
962 5307 1132 5376 Λόγος
1172 5306 1266 5360 τοῦ
1303 5307 1516 5377 Πατρὸς
1552 5304 1648 5363 ὥν.
1703 5325 1721 5356 ι
1769 5306 1878 5358 Καὶ

306 5399 468 5453 πάλιν
499 5398 596 5470 τὴν
645 5398 815 5468 αὐτὴν
855 5397 1091 5450 διάνοιαν
1133 5394 1450 5468 λευκότερον
1490 5393 1725 5464 τίθησιν,
1775 5385 1878 5446 ὦδε

381 5519 440 5576 is
474 5510 572 5565 Ed.
596 5509 798 5575 Paris.,
827 5524 942 5579 pag.
978 5507 1100 5564 “‘2.

377 5602 425 5636 “
446 5603 572 5672 Sap.
602 5617 722 5669 \‘ltl,
744 5601 832 5656 26.
907 5601 953 5632 ⁸⁸
977 5599 1132 5657 Joau.
1171 5617 1210 5668 ι,
1240 5601 1288 5656 l.

379 5714 457 5782 (5)
484 5712 654 5784 Vulgo
680 5715 773 5768 καὶ
811 5731 860 5766 τ.
898 5714 964 5767 II.

383 5785 462 5852 (θ)
500 5782 666 5851 Vulgo
692 5785 720 5835 6
756 5784 823 5837 Μ.
853 5793 908 5838 et
939 5798 1060 5837 mox
1091 5785 1208 5846 ταῖς
1239 5782 1317 5837 δέ.

375 5850 454 5926 (7i
493 5850 849 5922 Ἁλιοιιούθως
889 5851 1208 5923 εἰρηκέναι.
1242 5853 1337 5910 Cui
1375 5852 1590 5910 tandem
1616 5853 1717 5909 hoc
1747 5850 1874 5906 ἀκό-

1991 4668 2009 4702 ι
2059 4650 2289 4705 Verbum
2319 4647 2583 4717 processit
2615 4647 2680 4701 de
2707 4647 2889 4713 Patre,
2935 4654 2992 4700 ut
3025 4645 3205 4701 omnia
3247 4661 3347 4716 per
3397 4648 3546 4701 illum

1991 4759 2009 4794 ι
2057 4744 2262 4798 tierent.
2299 4742 2368 4794 At
2401 4747 2520 4810 post
2559 4739 2746 4811 judicii
2803 4748 3014 4809 tempus
3058 4739 3439 4804 consummati,
3492 4747 3548 4794 et

1988 4854 2007 4887 ι
2055 4835 2428 4888 universorum
2490 4831 2982 4898 restaurationem,
3059 4843 3114 4890 et
3178 4831 3546 4886 amolitionem

1989 4945 2006 4978 ‹
2056 4925 2386 4995 operationis
2419 4923 2817 4992 cujuscunque:
2868 4923 2934 4977 ad
2971 4924 3276 4994 oppositum
3328 4929 3454 4976 tunc
3494 4927 3551 4974 et

1991 5037 2011 5070 ι-
2057 5019 2168 5086 ipse
2215 5016 2528 5086 subjicietur
2559 5015 2692 5080 Deo,
2729 5014 2819 5084 qui
2877 5014 3108 5083 subjecit
3140 5013 3236 5082 ipsi
3273 5011 3549 5076 universa,

1989 5129 2007 5163 ι
2050 5119 2104 5164 ιιι
2130 5109 2380 5178 deimeps
2410 5107 2623 5162 Futurus
2659 5108 2728 5163 sit
2773 5107 2952 5162 denuo
2984 5106 3037 5160 in
3073 5104 3181 5159 Deo
3218 5103 3380 5158 Patre
3417 5102 3550 5157 Ver-

1991 5220 2008 5254 ι
2054 5203 2198 5268 bum,
2229 5199 2683 5271 quemadmodum
2719 5197 2917 5263 fuerat,
2969 5196 3278 5263 priusquam
3318 5193 3550 5246 mundus

1988 5312 2008 5346 ι
2055 5295 2397 5349 conderetur.
2431 5289 2566 5345 Nam
2601 5305 2723 5344 cum
2774 5298 2970 5359 praeter
3005 5287 3170 5341 Deum
3217 5283 3350 5338 nihil
3394 5285 3552 5354 plane

1988 5405 2007 5439 ι
2049 5393 2310 5452 exstaret,
2358 5392 2413 5438 et
2464 5396 2558 5452 per
2601 5379 2833 5436 Verbum
2902 5389 3059 5434 erant
3101 5378 3281 5434 omnia
3341 5375 3546 5447 produ-

1989 5707 2212 5785 λουθονῖ
2244 5707 2489 5761 Immanaa
2519 5703 2892 5785 generationi?
2947 5711 3094 5785 certe
3128 5701 3280 5758 deest
3327 5701 3550 5771 aliquid.

1987 5779 2115 5844 Quae
2143 5787 2464 5903 finiuntur,
2499 5775 2748 5831 videntur
2790 5789 2871 5830 σοι
2888 5782 3040 5844 rupta
3072 5789 3211 5841 esse,
3258 5787 3357 5829 nec
3387 5790 3431 5826 .a
3469 5788 3554 5827 me

1987 5865 2150 5903 sanan
2193 5865 2243 5901 a.
2287 5887 2302 5898 .
2343 5885 2354 5900 .

1985 5865 2243 5904 sanauua.
2287 5865 2354 5900 Μ.
