3970 6514
456 501 563 557 915

1128 507 1398 563 ευδειιιι
1416 488 1903 562 ἐίΕδΑιιιεΝδιε
1941 507 2035 560 op.

2143 506 2310 562 PARS
2348 509 2435 561 tv.
2476 541 2545 549 _
2585 478 3017 563 postianm.

3602 512 3709 568 916

466 642 485 673 ο
532 629 727 690 cenda,
754 623 1015 693 processit
1044 638 1167 677 cum
1211 623 1477 681 eﬂ‘ectuali
1517 623 1755 680 elﬁcacia
1794 626 2023 679 Verbum

2143 626 2385 696 γράψων·
2432 646 2448 676 ι
2489 625 2600 696 Πρὸ
2641 625 2747 696 γὰρ
2774 624 2868 677 τοῦ
2898 627 2988 678 τὸν
3018 625 3219 695 κόσμον
3258 622 3415 684 εἶναι,
3444 621 3509 697 ἦν
3536 628 3565 679 ὁ
3600 630 3703 679 A6-

468 736 509 777 ι⁷
534 718 676 786 quod
710 716 884 771 Patris
908 727 1048 770 erat.
1082 736 1099 768 ι
1137 717 1305 784 Quam
1350 718 1594 773 eamdem
1636 716 1851 771 demum
1900 732 2028 769 sen-

464 807 688 860 tentiam
745 809 1051 876 expressius
1131 810 1201 860 ita
1245 808 1459 876 posuit:
1495 806 1588 879 [R.
1634 804 1766 871 LIV,
1788 807 1924 863 ‘coll.
1960 806 2025 859 41

464 898 527 965 ῐ),
559 898 662 952 165
698 899 764 961 Α,
809 899 910 951 164
947 898 1037 970 8.}
1072 916 1090 948 ι
1132 898 1265 953 Cum
1308 900 1539 953 nondum
1607 908 1751 951 esset
1798 898 2030 950 mundus

466 1006 488 1039 ς
534 989 645 1052 hic,
681 987 915 1043 Verbum
952 1001 1067 1044 erat
1098 992 1150 1045 in
1183 990 1347 1045 Patre
1374 1006 1469 1045 suo
1502 1010 1516 1044 :
1555 997 1612 1054 »Β
1652 1000 1707 1043 at
1753 1005 1876 1043 cum
1922 986 2031 1041 Deo

468 1097 486 1129 ι
533 1080 891 1148 complaceret
935 1082 1285 1148 omnipotenti
1330 1097 1514 1137 creare
1557 1082 1735 1136 omnia
1782 1097 1906 1150 qua:
1975 1080 2029 1133 in

466 1186 488 1220 ι
535 1170 689 1224 οωιίε
715 1179 951 1225 erantet
990 1171 1041 1223 in
1070 1180 1233 1235 terra,
1278 1172 1343 1223 ad
1374 1172 1556 1224 mundi
1612 1171 2029 1239 productionem

469 1279 491 1310 ι
537 1262 913 1328 requirebatur
957 1262 1202 1330 operatio
1248 1261 1515 1315 eii‘ectiva.
1577 1262 1643 1315 Et
1686 1278 1806 1316 cum
1838 1274 2034 1329 praeter

470 1370 487 1400 ι
543 1352 707 1405 Deum
756 1340 930 1406 solum
985 1368 1087 1406 non
1143 1362 1383 1406 exstaret
1439 1353 1575 1407 alius
1624 1352 1769 1425 (nam
1818 1355 1885 1407 ab
1921 1355 2034 1422 ipso

469 1462 487 1492 ι
538 1443 709 1499 fuisse
741 1444 956 1498 condita
989 1444 1241 1497 universa
1277 1445 1330 1497 in
1367 1444 1618 1498 confesso
1652 1446 1888 1512 ponitur)
1922 1457 2031 1499 tum

470 1552 489 1584 ι
533 1536 834 1603 procedens
856 1532 1091 1587 Verbum
1127 1534 1278 1596 illud,
1310 1534 1449 1601 quod
1489 1535 1637 1603 prius
1689 1534 2031 1589 intellectuali

470 1644 492 1677 ι
542 1625 699 1680 modo
726 1625 870 1679 intus
911 1625 1125 1692 agebat,
1180 1627 1514 1691 comparavit
1544 1641 1602 1680 se
1633 1635 1692 1678 ut
1725 1627 1907 1680 mundi
1943 1627 2036 1681 lie-

474 1734 493 1764 ι
544 1724 625 1770 ret
660 1716 929 1778 conditor,
963 1732 981 1766 ι
1012 1714 1279 1769 subinfert
1305 1724 1485 1768 autem
1529 1726 1646 1783 post
1688 1716 1802 1771 haec
1854 1715 2035 1770 omnia

467 1805 710 1857 demum.
751 1820 772 1854 ι
806 1802 959 1857 Hanc
993 1802 1062 1855 ob
1104 1818 1345 1868 causam,
1406 1819 1510 1856 non
1561 1806 1794 1874 appellat
1838 1819 1896 1859 se
1942 1805 2033 1859 Dei

471 1913 490 1944 ι
537 1893 756 1957 Filium,
790 1895 881 1948 sed
912 1895 1110 1962 ubique
1152 1909 1209 1949 se
1241 1904 1397 1950 vocat
1440 1896 1607 1950 lilium
1668 1897 1902 1950 hominis
1930 1913 1944 1950 :
1978 1907 2035 1949 ut

471 2003 492 2033 ι
535 1998 632 2052 per
660 1984 800 2038 hanc
824 2000 975 2038 suam
1006 1984 1398 2040 confessionem
1439 2001 1560 2037 eum
1590 1988 1678 2055 qui
1708 1996 1825 2039 erat
1849 1988 2029 2054 homo,

471 2095 489 2119 α
537 2090 632 2144 per
674 2076 1109 2129 communionem
1163 2089 1283 2129 cum
1319 2074 1497 2131 Verbo
1538 2076 1728 2130 Filiqu
1772 2077 1863 2131 Dei
1914 2092 2032 2134 esse

470 2185 489 2216 ο
537 2166 894 2235 disponeret:
928 2176 979 2221 et
1009 2178 1385 2221 consummato
1414 2167 1514 2221 hoc
1561 2184 1662 2223 suo
1704 2184 1892 2238 opere,
1929 2171 2028 2224 ite-

469 2277 489 2308 ε
541 2273 659 2311 rum
700 2259 839 2325 ipse,
878 2256 1025 2310 velut
1065 2256 1302 2311 Verbum
1333 2258 1651 2311 aduniretur
1684 2259 1795 2314 Deo
1824 2276 1839 2321 ;
1865 2261 1943 2314 sic
1977 2270 2034 2313 ut

471 2366 489 2399 ι
539 2348 855 2416 adimpleret
892 2348 1018 2401 illud
1060 2348 1200 2416 quod
1229 2348 1519 2415 Apostolus
1551 2348 1785 2409 dicebat,
1814 2349 1961 2403 Tunc
1985 2361 2033 2404 ct

472 2458 491 2490 ι
538 2440 647 2506 ipse
694 2438 1001 2506 subjiciatur
1039 2449 1106 2502 et,
1143 2440 1234 2508 qui
1266 2440 1365 2505 ipsi
1406 2440 1585 2492 omnia
1640 2442 1860 2510 subjecit
1900 2441 2030 2505 Deo,

471 2548 491 2579 c
535 2538 588 2580 ut
620 2529 687 2581 sit
724 2526 860 2580 Deus
892 2530 1068 2580 notitia
1096 2528 1148 2579 in
1173 2529 1410 2581 omnibus
1434 2528 1501 2580 ⁸⁸.
1534 2526 1687 2581 Tunc
1716 2538 1895 2582 autem
1918 2546 2035 2584 om-

471 2639 489 2669 ι
536 2619 622 2673 nia
656 2621 806 2682 ﬁent,
838 2634 957 2687 qua:
986 2618 1136 2687 prius
1161 2618 1398 2672 fuerant.
1426 2636 1446 2671 ι
1480 2617 1605 2674 Hzec
1628 2633 1747 2673 cum
1770 2620 1835 2673 de
1859 2618 2034 2675 Verbo

466 2709 754 2764 Marcellus
782 2710 1049 2764 edisserat
1071 2747 1087 2775 ,
1121 2709 1213 2763 illo
1243 2710 1498 2764 nimirum
1531 2712 1753 2779 propter
1780 2711 1924 2778 quod
1956 2710 2035 2765 lo—

464 2802 611 2870 gicos
652 2801 791 2855 Deus
831 2800 1048 2867 dicitur,
1090 2800 1142 2854 in
1184 2802 1451 2856 maximas
1499 2802 1692 2856 incidit
1729 2804 2034 2871 angustias,

2137 736 2154 767 ι
2203 736 2296 787 γος
2331 719 2387 769 ἐν
2422 718 2498 789 τῷ
2530 719 2698 790 Πατρί
2718 737 2730 748 ·
2763 720 2851 771 ὅτε
2889 719 2944 771 δὲ
2980 718 3055 790 (8)
3084 721 3111 771 ὁ
3146 718 3538 788 παντοκράτωρ
3573 717 3705 782 Θεὸς

2138 826 2155 857 ι
2204 809 2378 861 πάντα
2411 810 2479 862 τὰ
2520 826 2578 861 τε
2627 810 2683 861 ὲν
2732 800 2977 879 οὐρανοῖς
3029 808 3122 861 καὶ
3167 808 3259 861 ἐπὶ
3308 811 3411 877 γῆς
3446 796 3706 878 προέθετο

2139 915 2157 947 t
2203 897 2447 965 ποιῆσαι,
2496 898 2776 969 ἐνεργείας
2821 901 2853 969 ἡ
2902 897 2995 949 τοῦ
3036 898 3237 967 κόσμου
3278 897 3489 965 γένεσις
3533 897 3706 949 ἐδεῖτο

2140 1006 2159 1039 ι
2205 987 2532 1059 δραστικῆς,
2578 990 2669 1043 καὶ
2713 989 2800 1042 διὰ
2831 988 3020 1051 τοῦτο,
3060 988 3285 1058 μηδενὸς
3326 988 3477 1049 ὄντος
3516 986 3705 1057 ἐτέρου

2141 1098 2158 1129 ι
2206 1079 2343 1149 πλὴν
2375 1078 2508 1132 Θεοῦ
2559 1081 2576 1151 (
2601 1082 2776 1132 πάντα
2805 1078 2913 1149 γὰρ
2940 1078 3276 1149 ὁμολογεῖται
3305 1078 3394 1131 ὑπ’
3420 1076 3586 1130 αὑτοῦ
3611 1094 3705 1144 γε-

2140 1188 2158 1219 (
2205 1170 2494 1240 γεννῆσϐαι
2517 1170 2555 1239 ),
2596 1173 2714 1223 τότε
2749 1171 2776 1222 ὁ
2810 1170 3011 1237 Λόγος,
3034 1168 3311 1239 προελθὼν
3356 1168 3566 1236 ἐγίνετο
3612 1167 3703 1221 τοῦ

2140 1279 2158 1310 ι
2203 1260 2406 1330 κόσμου
2462 1262 2708 1331 ποιητὴς,
2760 1264 2788 1314 ὁ
2841 1261 2934 1314 καὶ
2990 1262 3250 1331 πρότερον
3303 1260 3449 1313 ἔνδον
3500 1256 3705 1328 νοητῶς

2141 1370 2157 1402 ι
2206 1352 2509 1423 ἑτοιμαζων
2539 1354 2719 1409 αὐτόν.
2758 1373 2776 1405 ι
2812 1353 2919 1405 Ka‘t
2952 1349 3105 1416 αὖθις
3142 1351 3278 1423 μετὰ
3311 1352 3488 1404 πάντα
3519 1348 3709 1417 ἐπιφέ-

2141 1458 2220 1511 ρει
2264 1441 2467 1510 λέγων·
2504 1462 2521 1493 ι
2570 1442 2680 1496 Καὶ
2717 1443 2802 1495 διὰ
2847 1442 3001 1495 τοῦτο
3030 1444 3127 1511 οὐχ
3155 1442 3285 1494 Υίὸν
3331 1439 3464 1494 Θεοῦ
3515 1439 3708 1492 ἑαυτὸν

2141 1553 2158 1584 ι
2204 1533 2476 1603 ὀνομάζει,
2522 1534 2657 1586 ἀλλὰ
2696 1534 2969 1604 πανταχοῦ
3021 1535 3146 1586 Υἱὸν
3184 1532 3465 1604 ἀνθρώπου
3515 1531 3708 1584 ἑαυτὸν

2142 1645 2160 1676 ι
2206 1625 2355 1693 λέγει
2378 1643 2391 1655 ·
2428 1626 2513 1677 ἵνα
2554 1625 2641 1678 διὰ
2674 1625 2775 1694 τῆς
2805 1625 3060 1695 τοιαύτης
3109 1624 3397 1695 ὁμολογίας
3429 1623 3579 1675 Θέσει
3620 1621 3709 1674 τὸν

2144 1734 2161 1767 t
2204 1717 2487 1788 ἄνθρωπον
2543 1718 2629 1771 διὰ
2681 1719 2780 1787 τῆς
2834 1718 2970 1788 πρὸς
3024 1716 3182 1769 αὑτὸν
3242 1716 3527 1777 κοινωνίας
3583 1713 3711 1767 Υίὸν

2145 1829 2162 1859 ι
2210 1808 2343 1861 Θεοῦ
2377 1808 2630 1877 γενέσθαι
2664 1808 3060 1881 παρασκευάσῃ
3082 1827 3094 1838 ·
3146 1808 3239 1861 καὶ
3278 1807 3415 1875 μετά
3469 1805 3531 1857 τὸ
3560 1805 3715 1867 τέλος

2145 1920 2161 1951 ι
2206 1902 2304 1971 τῆς
2344 1900 2593 1972 πράξεως
2638 1898 2821 1964 αὖθις,
2857 1902 2932 1964 ὼς
2985 1901 3186 1967 Λόγος,
3233 1898 3406 1968 ἐνωοῇ
3446 1896 3525 1967 τῷ
3570 1896 3709 1966 Θεῷ,

2140 2009 2156 2040 ι
2206 1990 2425 2060 πληρῶν
2454 1992 2629 2043 ὲκείνο
2669 1988 2729 2042 τὸ
2757 1989 2861 2041 ὑπὸ
2888 1987 2979 2042 τοῦ
3036 1988 3352 2041 Ἀποστὸλου
3399 1985 3710 2056 εἰρημένον,

2138 2100 2156 2131 ι
2212 2083 2348 2135 Τότε
2375 2080 2558 2147 αὐτὸς
2583 2079 3022 2150 ὑποταγήσεται
3060 2080 3139 2145 τῷ
3161 2077 3525 2141 ὑποτάξαντι
3552 2073 3722 2140 αὑτῷ

2140 2192 2157 2223 ι
2202 2172 2272 2225 τὰ
2298 2172 2513 2238 πάντα,
2542 2174 2641 2225 ἵνα
2663 2168 2704 2243 ᾗ
2730 2172 2801 2225 τὰ
2830 2173 3025 2224 πάντα
3055 2171 3153 2224 καὶ
3172 2164 3240 2223 ἐν
3264 2167 3454 2223 πᾶσιν
3478 2171 3513 2222 ό
3545 2168 3711 2234 Θεός.

2141 2280 2159 2312 ι
2210 2262 2402 2313 Ἔσται
2442 2261 2549 2331 γὰρ
2580 2261 2878 2330 τηνικαῦτα
2914 2260 3060 2313 τοῦθ’
3094 2261 3229 2323 ὅπερ
3271 2258 3533 2328 πρότερον
3561 2253 3654 2328 ἦν.
3689 2275 3707 2309 ι

2138 2351 2383 2403 Τοσαῦτα
2430 2350 2747 2420 Μάρκελλος
2795 2350 2921 2422 περὶ
2958 2348 3047 2402 τοῦ
3084 2347 3257 2415 Λόγου
3291 2347 3496 2411 εἰπὼν,
3526 2347 3625 2400 τοῦ
3659 2346 3721 2400 ἐν

2138 2440 2215 2510 τῷ
2256 2440 2394 2511 Θεῷ,
2440 2440 2559 2493 καθ’
2592 2440 2620 2492 ὃ
2650 2439 2878 2510 νοοῦμεν
2928 2440 3088 2493 αὑτὸν
3122 2438 3337 2505 λογικὸν
3370 2432 3539 2499 εἶναι,
3572 2436 3715 2506 δεινῇ

2140 2531 2415 2602 δυσχωρίᾳ
2437 2531 2840 2602 περιπέπτωκε,
2868 2530 3142 2600 τολμήσας
3168 2531 3321 2592 ἐκτὸς
3345 2526 3435 2581 τοῦ
3460 2525 3601 2580 Θεοῦ
3634 2543 3719 2594 γε·

2140 2622 2353 2688 γονέναι
2402 2621 2531 2674 ποτὲ
2589 2622 2752 2690 φάναι
2785 2622 2875 2674 τὸν
2916 2622 2973 2674 ὲν
3016 2621 3164 2691 αὐτῷ
3187 2620 3381 2689 Λόγον,
3418 2619 3513 2673 καὶ
3557 2617 3720 2672 πάλιν

2142 2711 2290 2775 ἐντὸς
2324 2711 2485 2764 αὐτοῦ
2519 2712 2654 2782 μετὰ
2683 2713 2769 2765 τὸν
2803 2712 2991 2785 καιρὸν
3024 2716 3121 2783 τῆς
3161 2713 3410 2783 κρίσεως
3451 2712 3517 2763 ἶν’
3548 2710 3720 2771 οὕτως

2142 2799 2175 2876 ᾗ
2211 2806 2268 2857 ὲν
2298 2805 2374 2873 τῷ
2401 2805 2518 2877 Θεῷ
2550 2806 2767 2868 mea;
2802 2800 2969 2876 αὐτῷ,
2997 2806 3184 2876 ὥσπερ
3213 2807 3307 2858 καὶ
3334 2805 3602 2876 πρότερον
3633 2799 3718 2873 ἦν.

464 2907 628 2947 ausus
661 2890 932 2945 allirmare
965 2900 1120 2944 extra
1153 2890 1317 2944 Deum
1362 2892 1692 2959 processisse
1731 2890 2025 2961 aliquando
2064 2896 2155 2960 qui
2208 2895 2261 2948 in
2301 2896 2407 2949 Deo
2448 2905 2565 2950 erat
2601 2897 2759 2963 logon
2800 2915 2811 2949 :
2846 2906 2901 2950 et
2962 2911 3150 2950 rursus
3211 2904 3333 2966 post
3361 2895 3552 2965 judicii
3586 2903 3720 2948 tem-

464 3000 567 3054 pus
626 2984 792 3038 Deum
825 2984 999 3039 denuo
1073 2984 1492 3053 ingressurum:
1527 2992 1587 3037 ut
1657 2985 1728 3038 ita
1764 2984 1982 3038 demum
2026 2986 2283 3041 adnniIns
2325 2988 2432 3043 Deo
2473 2989 2753 3053 subsistat,
2805 2988 3263 3058 quemadmodum
3303 2996 3358 3041 et
3397 2985 3551 3055 prius
3583 2986 3716 3040 sub-

462 3078 699 3133 stiterat.

1106 3171 1259 3224 CAP.
1297 3170 1385 3225 IX.

572 3263 848 3332 Refutatio
885 3278 1141 3331 perversa:
1176 3264 1337 3331 hujus
1378 3262 1606 3317 hominis
1639 3264 1929 3317 ualentior.

534 3358 688 3414 Nunc
749 3359 966 3412 domum
1030 3359 1096 3411 ad
1158 3357 1618 3427 interrogationes
1692 3358 2033 3426 respondeat.

460 3450 604 3516 Quid
645 3450 711 3503 de
748 3458 993 3517 tempore
1021 3450 1344 3503 intermedio
1369 3450 1573 3503 sentire
1605 3450 1885 3512 debemus,
1915 3463 2035 3501 cum

364 3532 369 3537 ’
456 3552 621 3597 extra
659 3542 826 3594 Deum
864 3550 1009 3595 esset
1049 3541 1241 3611 logos?
1285 3540 1566 3606 Quomodo
1603 3540 1984 3609 egrediebatur
2017 3539 2042 3591 ?

460 3634 567 3700 Qui
602 3642 772 3687 status
801 3632 896 3686 Dei
933 3632 1107 3685 fuerat
1148 3631 1357 3686 interea
1384 3632 1509 3684 dum
1553 3632 1710 3699 logon
1739 3633 1793 3684 in
1824 3646 1884 3685 se
1934 3632 2037 3684 sibi

396 3762 397 3765 η
456 3725 743 3795 proprium
777 3740 883 3777 non
914 3723 1183 3777 haberet?
1226 3723 1271 3776 si
1305 3722 1448 3776 enim
1492 3730 1613 3789 post
1665 3722 1851 3774 mundi
1904 3735 2039 3774 con-

463 3818 884 3873 summationem
914 3816 967 3870 in
1011 3817 1121 3870 Deo
1148 3816 1255 3869 erit
1294 3816 1463 3885 logos.
1507 3815 1583 3868 uti
1634 3816 1785 3883 prius
1839 3815 2039 3882 fuerat,

462 3910 739 3976 quomodo
777 3909 883 3962 erit
918 3906 1097 3976 Logos
1133 3923 1164 3961 e
1195 3908 1305 3961 Deo
1328 3921 1582 3974 egressus
1608 3908 1633 3959 ?
1674 3908 1717 3959 si
1758 3908 1901 3959 enim
1942 3922 2040 3975 per

456 3994 524 4056 se
568 4000 876 4056 subsistens
923 4016 952 4053 a
1016 3999 1124 4053 Deo
1183 4010 1305 4053 erat
1342 4000 1499 4063 alius,
1539 4008 1649 4052 tmn
1700 3998 2042 4054 frnstraueus

464 4102 552 4145 est
600 4093 778 4145 omnis
823 4090 1059 4145 Marcelli
1115 4090 1291 4145 labor.
1342 4090 1496 4158 Quod
1549 4091 1594 4144 si
1654 4100 1807 4145 extra
1871 4092 2038 4145 Deum

462 4199 719 4253 egressus
758 4183 927 4253 logos,
971 4194 1299 4239 utnostrum
1355 4184 1686 4254 prolatitium
1735 4185 1875 4239 solet
1913 4197 2040 4239 ver-

462 4276 617 4338 bum,
672 4284 823 4329 extra
886 4274 1053 4329 Deum
1114 4276 1493 4345 permanebat,
1543 4276 1887 4344 inseparatus
1927 4283 2037 4325 tttm

466 4374 615 4419 certe
665 4379 901 4433 semper,
947 4375 1002 4419 et
1048 4366 1193 4419 omni
1241 4374 1487 4434 tempore
1543 4366 1707 4418 etiam
1762 4374 1874 4417 tum
1917 4378 2036 4417 cum

465 4464 806 4525 operaretur,
842 4467 960 4510 erat
1005 4458 1150 4510 intus
1188 4457 1240 4509 in
1285 4457 1410 4509 Deo.
1448 4460 1507 4518 »Β
1535 4457 1685 4519 Quod
1727 4455 1770 4508 si
1810 4456 1915 4517 sic,
1950 4462 2035 4507 tae-

456 4556 591 4595 ,men
624 4541 881 4603 undejlit,
924 4552 980 4595 ut
1012 4544 1064 4595 in
1104 4543 1243 4597 diem
1272 4540 1463 4607 iudicii
1495 4542 2044 4610 comperendinetur‘?

464 4632 545 4685 ait
578 4632 721 4684 enim
756 4642 881 4686 tunc
912 4634 1021 4686 Deo
1072 4634 1218 4687 illum
1276 4633 1726 4697 readuniendum,
1758 4641 1811 4686 et
1853 4648 2041 4702 perpe-

458 4735 563 4778 tuo
596 4722 860 4788 futurum,
892 4726 1031 4779 sicut
1062 4724 1191 4779 olim
1227 4727 1377 4793 prius
1416 4724 1518 4780 fuit
1547 4745 1560 4781 :
1616 4727 1711 4781 sed
1761 4740 1860 4779 nec
1891 4725 2043 4793 logos

467 4816 560 4886 qui
598 4816 665 4872 de
721 4815 827 4870 Deo
880 4818 1163 4885 processit,
1206 4819 1382 4888 qualis
1420 4829 1538 4873 erat
1587 4819 1755 4886 prius,
1806 4818 2042 4872 exstabit

470 4912 617 4977 talis,
646 4912 738 4966 sed
774 4921 828 4965 et
865 4912 1005 4965 Deus
1039 4914 1120 4965 sui
1158 4914 1328 4982 ipsius
1356 4914 1639 4969 dissimilis
1673 4914 1888 4970 futurus
1913 4925 2035 4969 est:

470 5013 659 5073 utpote
690 5003 779 5071 qui
809 5003 938 5057 olim
987 5003 1147 5072 logon
1203 5019 1366 5059 suum
1413 5006 1467 5058 in
1513 5020 1574 5059 se
1607 5006 1864 5072 habebat,
1892 5014 1945 5061 et
1987 5007 2038 5059 in

471 5096 576 5149 line
613 5096 793 5149 mundi
835 5096 1085 5149 eumdem
1113 5108 1509 5165 resumpturns,
1550 5108 1603 5152 et
1627 5099 1840 5153 futurus
1865 5099 2042 5167 qualis

467 5188 597 5239 olim
627 5189 777 5254 prius
803 5186 1021 5241 fuerat:
1053 5188 1259 5243 interea
1305 5191 1565 5259 temporis
1600 5191 1939 5245 dissimiliter
1983 5205 2041 5243 se

473 5278 779 5332 habiturus.
830 5278 935 5332 Sed
964 5286 1019 5332 et
1055 5278 1205 5349 logos
1234 5279 1299 5333 ad
1331 5280 1579 5334 eumdem
1631 5281 1846 5333 modum
1885 5289 2036 5332 extra

473 5368 640 5422 Deunt
672 5371 905 5438 positus,
941 5385 1045 5425 non
1082 5370 1293 5425 futurus
1317 5380 1401 5425 est
1444 5372 1511 5434 is,
1554 5371 1645 5439 qui
1684 5372 1834 5439 prius
1868 5372 2043 5423 fuerat

468 5471 595 5514 ante
645 5463 826 5517 mundi
882 5463 1423 5516 consummationem.
1484 5462 1707 5531 Et'quid,
1770 5462 1917 5515 hisce
1971 5460 2043 5513 ita

545 5581 603 5636 ›Ῑ‹
633 5576 731 5631 Ed.
757 5574 957 5639 Paris.,
986 5593 1140 5647 pagg.
1174 5579 1294 5644 115,
1328 5580 1447 5636 114.

540 5666 584 5697 ⁸⁵
614 5665 630 5717 Ι
661 5664 785 5719 Cor.
818 5690 911 5730 xv,
938 5668 1029 5722 98.

544 5760 621 5827 (8)
656 5758 825 5828 Vulgo
846 5760 924 5831 τῷ
961 5762 1374 5882 παντοκράτορα
1400 5758 1519 5827 Θεῷ
1544 5767 1598 5813 et
1623 5758 1723 5827 τὴν
1766 5775 1860 5829 πρ,
1882 5758 2042 5810 αὑτὸν

544 5829 756 5882 ινωνίαν
791 5839 845 5882 et
875 5832 992 5882 loco
1020 5831 1269 5882 πράξεως
1322 5834 1363 5881 1.
1399 5829 1630 5882 κρίσεως
1662 5839 1711 5882 et
1734 5830 1854 5882 deut
1889 5829 2042 5882 vulso

472 5829 756 5950 κρινωνὲαν
791 5839 845 5884 et
875 5829 992 5885 luco
1020 5829 1269 5899 πράξεως
1303 5829 1363 5882 lt.
1399 5829 1630 5899 κρίσεως
1662 5839 1711 5883 et
1734 5830 1854 5884 deut
1889 5829 2045 5898 vulgo

472 5917 643 5950 ουτως
692 5916 753 5950 .ν.

472 5917 643 5961 ουτως
667 5916 753 5969 ην.

2802 3172 2959 3224 ΚΕΦ.
3004 3172 3083 3224 Θ’.

2310 3266 2597 3332 Ἔλεγχος
2632 3260 2742 3327 τῆς
2769 3262 2875 3314 τοῦ
2900 3260 3125 3327 ἀνδρὸς
3163 3257 3545 3323 κακοδοξίας.

2213 3355 2353 3425 Ὦρα
2388 3355 2565 3408 τοίνυν
2615 3352 2889 3429 ὲρωτῷσιν
2918 3352 3046 3421 ἡμῖν
3090 3349 3251 3401 αὑτὸν
3298 3350 3715 3419 ἀποκρίνασθαι.

2142 3445 2205 3496 Τί
2235 3440 2326 3498 οὖν
2356 3447 2411 3498 ἐν
2432 3444 2508 3513 τῷ
2538 3444 2737 3515 μεταξὺ
2768 3443 2963 3514 χρόνῳ,
2989 3442 3076 3494 ὅτε
3105 3442 3259 3504 ἐκτὸς
3284 3435 3349 3511 ἦν
3382 3441 3409 3492 ὁ
3432 3441 3606 3507 Λόγος
3629 3437 3719 3493 τοῦ

2143 3536 2301 3599 Θεοῦ,
2335 3538 2601 3608 προσήκει
2624 3538 2796 3599 νοεῖν;
2828 3534 2951 3596 Πῶς
2982 3534 3039 3585 δὲ
3090 3532 3392 3602 προῆλθενς
3448 3532 3534 3585 Ἐν
3560 3530 3720 3600 ὁποίᾳ

2140 3627 2195 3679 δὲ
2222 3622 2288 3697 ἦν
2321 3626 2428 3696 ἄρα
2458 3626 2785 3687 καταστάσει
2819 3627 2847 3677 ὁ
2877 3624 3028 3687 Θεὸς,
3057 3624 3130 3693 μὴ
3166 3623 3304 3692 ἔχων
3327 3624 3384 3675 ὲν
3418 3622 3604 3693 ἑαυτῴ
3632 3622 3727 3674 τὸν-

2144 3722 2342 3772 οίκεῐον
2374 3720 2544 3786 Λόγον
2569 3736 2582 3782 ;
2606 3718 2654 3770 εἰ
2683 3716 2790 3788 γὰρ
2822 3716 2913 3769 ἐπὶ
2949 3715 3024 3785 (9)
3072 3714 3352 3785 συντελείᾳ
3382 3714 3474 3767 τοῦ
3522 3713 3720 3776 παντὸς

2143 3812 2293 3865 ἔσται
2329 3814 2357 3863 ὁ
2400 3812 2569 3878 Λόγος
2593 3812 2650 3862 ὲν
2682 3808 2758 3877 τῷ
2806 3808 2943 3877 Θεῷ,
2978 3807 3166 3879 ὥσπερ
3216 3809 3309 3860 καὶ
3362 3807 3628 3877 πρότερον
3657 3802 3719 3875 ἦν

2143 3906 2249 3976 πρὸ
2282 3904 2374 3957 τοῦ
2400 3920 2592 3974 καιρου
2627 3904 2722 3971 τῆς
2747 3901 3074 3964 συντελείας,
3108 3900 3225 3963 πῶς
3253 3900 3403 3952 ἔσται
3430 3902 3459 3951 ὁ
3487 3898 3659 3966 Λόγος
3691 3898 3717 3947 ὁ

2126 3994 2418 4073 ,προελθὼν
2435 3995 2525 4046 τοῦ
2550 3992 2683 4045 Θεοῦ
2705 4009 2719 4057 ;
2745 3993 2806 4044 Et
2830 3992 3066 4063 μὲνγὰρ,
3101 3991 3219 4045 καθ’
3248 3990 3433 4043 ἑαυτὸν
3452 3987 3718 4059 ὑφεστὼς,

2126 4091 2328 4158 ηὲτερος
2355 4089 2600 4155 ἐγίγνετο
2630 4084 2722 4136 τοῦ
2747 4084 2908 4149 Θεοῦ,
2936 4084 3163 4154 μάταιος
3189 4086 3215 4135 ὁ
3246 4082 3567 4152 Μαρκέλλου
3623 4081 3719 4132 πό-

2144 4196 2232 4241 νος
2256 4195 2267 4206 ·
2300 4179 2350 4229 εί
2375 4177 2451 4239 δὲ,
2486 4174 2576 4229 καὶ
2611 4172 2888 4243 προελθὼν
2906 4170 2998 4227 τοῦ
3028 4172 3185 4234 Θεοῦ,
3230 4171 3367 4224 κατὰ
3399 4172 3488 4223 τὸν
3516 4173 3574 4223 ὲν
3592 4174 3717 4241 ἡμῖν

2145 4268 2475 4340 προφορικὸν
2506 4264 2858 4334 λόγον,ἔμενε
2886 4262 2980 4315 τοῦ
3012 4262 3225 4334 Πατρὸς
3250 4260 3573 4332 ἀχώριστος,
3591 4262 3717 4314 οὐκ·

2148 4362 2243 4415 οῦν
2284 4363 2370 4414 ἀεὶ
2406 4361 2499 4414 καὶ
2528 4358 2617 4412 διὰ
2651 4357 2848 4420 παντὸς
2869 4352 2934 4427 ἧν
2962 4357 3018 4408 ἐν
3053 4356 3131 4425 τῷ
3163 4354 3303 4424 Θεῷ.
3330 4356 3423 4407 καὶ
3453 4355 3543 4406 ὅτε
3570 4354 3718 4425 ἐνήρ-

2147 4472 2252 4522 γει.
2281 4453 2403 4515 Πῶς
2428 4448 2518 4505 οὖν
2545 4454 2623 4513 εἰς
2652 4450 2742 4502 τὸν
2770 4449 2868 4517 τῆς
2901 4448 3132 4518 κρίσεως
3164 4446 3476 4515 ἀναπέμπει
3510 4444 3714 4516 καιρὸν.

2148 4544 2268 4596 τότε
2299 4543 2473 4611 λέγων
2505 4542 2667 4594 αὑτὸν
2712 4539 3077 4609 ἐνωθήσεσθαι
3104 4538 3181 4607 τῷ
3220 4537 3357 4607 Θεῷ,
3382 4537 3477 4589 καὶ
3503 4535 3715 4590 ἔσεσθαι

2150 4636 2338 4706 ὥσπερ
2364 4635 2457 4687 καὶ
2492 4633 2753 4704 πρότερον
2790 4627 2892 4702 ἦνς
2925 4632 2986 4683 Εἰ
3008 4632 3116 4701 γὰρ
3144 4630 3265 4684 τότε
3293 4629 3446 4682 ἔσται
3482 4629 3592 4699 (l0)
3616 4628 3719 4681 ὧσ-

2153 4745 2258 4797 περ
2288 4727 2380 4780 καὶ
2408 4725 2672 4796 πρότερον
2705 4720 2791 4795 ἦν,
2826 4723 2949 4776 οὔτε
2987 4727 3015 4777 ὁ
3038 4723 3229 4791 Λόγος,
3258 4724 3283 4773 ὁ
3326 4720 3603 4790 προελθὼν
3628 4719 3717 4772 τοῦ

2147 4818 2302 4883 Θεοῦ,
2333 4820 2514 4879 ὁποῖος
2544 4812 2611 4886 ἦν
2640 4816 2922 4887 πρότερον,
2952 4814 3201 4885 ὑπάρξει.
3240 4812 3399 4866 Ἀλλὰ
3426 4814 3520 4865 καὶ
3566 4812 3719 4873 αὐτὸς

2130 4911 2170 4963 ,ὁ
2203 4908 2333 4970 Θεὸς
2378 4907 2529 4959 ἔσται
2581 4904 2757 4974 ἐαυτῷ
2812 4904 3083 4973 ἀνόμοιος,
3118 4900 3283 4954 πάλαι
3330 4899 3428 4970 μὲν
3474 4900 3611 4968 ἔχων
3666 4898 3718 4951 ἐν

2144 4998 2321 5068 ἑαυτῴ
2342 4999 2431 5050 τὸν
2463 4996 2656 5063 Λόγον,
2691 4995 2785 5047 καὶ
2812 4995 2903 5045 ἐπὶ
2931 4991 3208 5062 συντελείᾳ
3233 4990 3325 5043 τοῦ
3357 4988 3555 5051 παντὸς
3590 4988 3720 5040 ἀπο-

2146 5089 2451 5159 ληψόμενος
2516 5086 2699 5150 αὑτὸν,
2738 5084 2831 5138 καὶ
2888 5084 3169 5153 γινόμενος
3212 5081 3354 5135 τότε.
3398 5080 3509 5149 (11)
3538 5079 3718 5147 ὥσπερ

2148 5184 2241 5236 καὶ
2266 5182 2531 5251 πρότερον
2573 5175 2669 5247 ἦν·
2710 5179 2766 5229 ὲν
2802 5176 2859 5229 δὲ
2891 5174 2967 5245 τῷ
3006 5174 3206 5244 μεταξὺ
3244 5172 3418 5242 χρόνῳ
3461 5167 3720 5239 ἀνομοίως

2148 5274 2417 5345 κείμενος.
2445 5273 2555 5326 Καὶ
2595 5272 2623 5322 ὁ
2655 5270 2827 5337 Λόγος
2867 5268 2924 5320 δὲ
2957 5265 3237 5327 ὡσαύτως,
3267 5263 3423 5325 ἐκτὸς
3454 5260 3545 5315 τοῦ
3588 5256 3714 5312 Θεοῦ

2148 5364 2457 5434 γενόμενος,
2492 5362 2591 5414 οὐκ
2611 5360 2761 5412 ἔσται
2790 5357 2895 5428 πρὸ
2926 5358 3023 5428 τῆς
3054 5354 3358 5417 συντελείας
3384 5352 3475 5406 τοῦ
3504 5349 3715 5409 παντὸς,

2152 5451 2262 5516 οἶος
2288 5450 2355 5523 ἦν
2386 5452 2669 5522 πρότερον.
2716 5449 2824 5501 Καὶ
2860 5448 2942 5510 τίς
2974 5447 3038 5499 ἂν
3073 5444 3275 5497 τούτων
3306 5441 3716 5508 δυσσεϐέστερος

2228 5754 2303 5823 (9)
2332 5752 2499 5820 Vulgo
2520 5756 2586 5821 τῇ
2621 5769 2768 5805 συντ.
2790 5761 2843 5805 et
2875 5766 2998 5807 mox
3026 5749 3118 5803 καὶ
3152 5747 3211 5799 τὸ
3248 5744 3529 5817 πρότερον.

2225 5826 2336 5887 (ID)
2373 5824 2537 5891 Vulgo
2573 5823 2733 5877 ὥστε.

2227 5898 2334 5963 (ll)
2378 5893 2481 5963 .‘lp.
2505 5893 2575 5945 ἴσ.
2607 5893 2797 5962 ὅσπερ.
