3970 6562
294 438 406 496 en

1231 438 1320 494 ne
1360 435 1894 494 ECCLESIASTICA
1936 395 2329 496 Tueométa
2367 438 2493 494 LIB.
2536 437 2605 494 ιι.

3462 440 3565 496 918

298 551 502 620 γένοιτ’
537 551 603 605 ἂν
646 549 838 618 λόγος;
873 517 1048 616 ’Ὁλως
1096 548 1204 620 γάρ
1236 550 1298 602 τὸ
1328 545 1420 620 ἦν,
1468 551 1560 602 καὶ
1619 551 1680 601 τὸ
1725 548 1884 601 ἔσται

2006 552 2213 620 positis,
2260 553 2431 618 magis
2464 552 2683 618 impium
2710 549 2905 620 poterit
2939 551 3102 605 esse?
3132 549 3364 607 Omnino
3397 553 3564 618 enim,

300 646 395 698 καὶ
417 643 484 697 τὸ
526 643 832 712 γεγονέναι,
878 642 1009 694 ποτὲ
1043 643 1137 695 καὶ
1169 642 1354 705 πάλιν,
1381 642 1615 712 μέλλειν,
1649 640 1888 704 ἔσεσθαι,

299 734 402 803 τῆς
438 735 496 786 ὲν
551 733 730 802 χρόνῳ
763 730 1068 801 μεταϐολῆς
1117 730 1246 785 ὄντα
1285 731 1578 803 δηλωτικὰ,
1637 729 1891 802 ἀλλότρια

299 823 367 878 ἂν
387 825 478 894 εῑη
513 825 616 894 τῆς
640 824 871 895 άχρόνου
921 825 1013 876 καὶ
1049 823 1286 893 ἀνάρχου
1333 823 1428 876 καὶ⁵
1475 824 1892 894 ἀγεννήτουικαὶ

299 913 668 969 άναλλοιώτου
699 915 906 977 οὐσίας.
937 915 1050 981 Ἐφ’
1071 910 1161 985 ἧς,
1181 915 1240 967 τδ
1256 911 1394 968 εἶναι
1417 915 1574 985 μόνον
1598 915 1889 985 ἐπιπρέπει

299 993 445 1059 νοεῖν
466 1023 480 1036 ο
516 1007 614 1060 καὶ
642 1001 780 1060 εἶναι
812 1005 1244 1077 ἀπαραλλάκτως
1284 1007 1370 1059 ἀεὶ
1398 1007 1508 1076 (12)
1527 1006 1669 1060 κατὰ
1698 1007 1765 1061 τά
1795 1008 1892 1060 αὑ-

297 1098 394 1163 τὰ,
437 1098 536 1150 καὶ
557 1098 816 1159 ὡσαύτως
838 1097 1084 1170 ἔχουσαν,
1119 1097 1197 1168 μὴ
1227 1097 1572 1170 μειουμένην,
1589 1099 1663 1170 μὴ
1681 1097 1892 1150 συστελ-

297 1189 568 1261 λομένην,
605 1187 681 1260 μὴ
734 1190 1141 1260 ἐκτεινομένην,
1189 1189 1264 1260 μὴ
1307 1188 1734 1260 ἐξαπλουμένην,
1767 1189 1887 1260 μηδ’

299 1279 466 1343 ἐκτός
489 1296 544 1331 τι
567 1279 659 1332 καὶ
686 1280 835 1343 ἐντὸς
861 1281 1061 1349 ἑαυτῆς
1093 1279 1336 1348 ἔχουσαν,
1359 1281 1481 1351 μηδ’
1494 1278 1679 1333 ἄλλοτε
1724 1279 1889 1351 ἄλλην

297 1372 664 1442 γιγνομένην,
718 1373 840 1443 μηδ’
871 1374 1056 1443 ἓτερον
1093 1372 1191 1442 μὲν
1235 1368 1400 1424 οὖσαν
1435 1372 1719 1443 πρότερον,
1771 1370 1888 1426 εἶτα

293 1453 443 1517 ἄλλό
465 1481 526 1515 τι
557 1464 909 1534 γιγνομένην,
941 1465 1034 1516 καὶ
1073 1463 1234 1516 πάλιν
1274 1465 1354 1526 εἰς
1403 1463 1462 1517 τὸ
1500 1466 1724 1534 ἀρχαῖον
1756 1465 1891 1518 ἀπο-

297 1553 744 1626 καθισταμένην.
777 1558 845 1607 Ἃ
865 1554 928 1625 δὴ
957 1554 1274 1625 Μάρκελλος
1301 1555 1501 1624 ἐτόλμα
1542 1554 1888 1612 ὑποτίθεσθαι

299 1643 482 1698 πάλαι
509 1646 608 1715 μὲν
642 1645 816 1714 λέγων
864 1641 1002 1700 εἶναι
1039 1645 1127 1698 τὸν
1163 1643 1318 1710 Θεὸν,
1360 1645 1452 1700 καί
1497 1664 1618 1701 τινα
1659 1647 1887 1720 ἡσυχίαν

289 1735 426 1804 ἅμα
456 1735 536 1806 τῷ
568 1735 688 1806 Θεῷ
732 1736 1067 1808 ὑπογράφων
1116 1735 1292 1806 ἐαυτῷ
1325 1738 1444 1788 κατ’
1487 1737 1646 1791 αὑτὸν
1683 1739 1888 1790 ἐκεῖνον

294 1828 394 1882 τὸν
419 1831 529 1884 τῶν
559 1829 734 1884 ἀθέων
772 1830 1109 1901 αἱρεσιωτῶν
1155 1831 1416 1902 ἀρχηγὸν,
1445 1830 1503 1892 ὃς
1536 1830 1602 1882 τὰ
1635 1829 1768 1883 ἄθεα
1799 1830 1886 1883 δο-

295 1917 588 1985 γματίζων
635 1917 967 1987 ἀπεφαίνετο
1007 1917 1212 1987 λέγων’
1247 1915 1370 1971 τΗν·
1396 1918 1528 1982 Θεὸς
1575 1919 1669 1972 καὶ
1718 1919 1882 1989 Σιγὴο

298 2007 448 2075 μετὰ
471 2006 528 2060 δὲ
551 2005 650 2076 τὴν
676 2006 840 2078 Σιγὴν
862 2008 953 2060 καὶ
973 2007 1071 2078 τὴν
1090 2008 1345 2078 Ἡσυχίαν
1374 2009 1654 2082 προελθεῖν
1684 2010 1776 2064 τὸν
1790 2011 1890 2064 Λό-

298 2113 403 2164 γον
431 2097 528 2150 τοῦ
570 2097 706 2154 Θεοῦ
755 2101 813 2152 ἐν
863 2099 1004 2170 ἀρχῇ
1060 2100 1157 2170 τῆς
1213 2101 1569 2171 κοσμοποιίας
1622 2101 1884 2173 δραστικῇ

297 2189 588 2260 ἐνεργείᾳ·
626 2190 703 2253 ὠς
735 2190 923 2260 μηκέτ’
947 2186 1084 2243 εἶναι
1107 2192 1274 2246 αὐτὸν
1303 2187 1417 2256 οἷος
1438 2189 1506 2265 ἦν
1531 2195 1588 2247 ἐν
1613 2195 1886 2248 σιωπῶντι

297 2277 388 2348 τῷ
419 2279 542 2350 Θεῷ
573 2282 839 2352 πρότερον
871 2282 1179 2354 ἡσυχάζων,
1210 2284 1322 2337 ἀλλ’
1343 2285 1586 2356 ἐνεργεῖν
1623 2287 1887 2358 προερχό-
1931 2353 1944 2362 κ

302 2384 470 2436 μενον
504 2369 600 2422 τοῦ
645 2371 803 2427 Θεοῦ.
841 2373 953 2426 Καὶ
995 2374 1112 2436 πῶς
1134 2373 1242 2446 ἄρα
1282 2375 1508 2446 προῄει;
1538 2376 1760 2440 Πάντως
1787 2394 1886 2430 που

298 2458 448 2513 κατὰ
478 2462 758 2531 προφορὰν
783 2464 966 2535 φωνῆς
991 2463 1253 2535 ἐνάρθρου
1275 2483 1288 2496 ο
1323 2465 1694 2537 φθεγγομένου
1726 2468 1888 2537 δηλαε

296 2545 368 2618 δὴ
404 2550 501 2602 καὶ
527 2549 818 2622 λαλοῦντος
839 2553 934 2606 τοῦ
968 2554 1102 2608 Θεοῦ
1130 2555 1332 2625 ὁμοίως
1365 2557 1690 2627 ἀνθρώποις.
1719 2558 1888 2612 Τοῦτο

298 2641 436 2709 γοῦν
460 2644 554 2697 καὶ
588 2644 738 2715 αὑτῷ
781 2645 958 2700 ἐδόκει
983 2649 1248 2718 γράφοντι
1280 2647 1470 2704 τοῦτον
1515 2650 1606 2704 τὸν
1651 2651 1850 2721 τρόπον
1870 2669 1881 2683 ·

304 2748 323 2780 ι
351 2731 568 2804 ’Ὠσπερ
591 2734 700 2805 γὰρ
729 2737 796 2789 τὰ
826 2737 1089 2805 γεγονότα
1106 2737 1283 2794 πάντα
1307 2741 1412 2793 ὑπὸ
1438 2740 1532 2794 τοῦ
1559 2741 1769 2811 [ἰατρὸς
1800 2741 1888 2794 διὰ

303 2841 325 2876 ι
353 2821 450 2888 τοῦ
486 2824 661 2892 Λόγου
695 2827 937 2895 γέγονεν,
970 2827 1112 2886 οῦτω
1140 2830 1232 2883 καὶ
1255 2831 1323 2884 τὰ
1351 2830 1616 2902 λεγόμενα
1648 2831 1753 2884 ὑπὸ
1791 2831 1884 2884 τοῦ

304 2934 323 2965 ι
357 2915 573 2985 Πατρός
623 2916 710 2970 διὰ
761 2917 855 2970 τοῦ
884 2918 1057 2987 Λόγου
1122 2920 1463 2991 σημαίνεται.
1502 2941 1521 2973 ι
1554 2923 1665 2976 Καὶ
1699 2919 1882 2987 αὖθις·

302 3025 323 3059 ι
358 3007 547 3065 Πάντα
593 3008 700 3080 γάρ
729 3010 828 3063 ὃσα
852 3009 916 3064 ἂν
943 3013 971 3066 ό
996 3012 1186 3083 Πατὴρ
1227 3012 1381 3085 λέγῃ,
1405 3011 1581 3069 ταῦτα
1613 3014 1886 3085 πανταχοῦ

304 3115 330 3151 s
361 3097 450 3151 διὰ
478 3097 574 3151 τοῦ
592 3100 767 3168 Λόγου
797 3100 970 3170 λέγων
1002 3103 1272 3172 φαίνεται.
1295 3104 1466 3157 Τοῦτο
1494 3102 1736 3176 δὲ’δῆλόν
1770 3109 1885 3160 ἐστι

2004 653 2147 708 erat,
2190 643 2318 709 erit,
2351 642 2590 697 futurum
2623 651 2723 706 est,
2761 643 3068 711 aliquando,
3101 634 3318 710 iterum,
3353 645 3564 698 contiu-

1994 750 2146 802 gi-us,
2203 743 2257 789 et
2306 749 2427 804 qua:
2474 745 2601 789 sunt
2633 736 2949 790 mutationis
3000 735 3194 788 indicia
3230 735 3283 789 in
3327 745 3565 804 tempore

1997 826 2184 893 factae,
2221 828 2398 882 aliena
2447 836 2574 882 sunt
2618 843 2845 899 prorsus
2890 828 3272 882 a'substantia
3320 827 3408 881 illa
3448 843 3565 897 qua:

1992 930 2075 971 est
2138 919 2255 971 sine
2317 927 2583 988 tempore,
2642 917 2932 986 principio,
2979 917 3349 986 generatione,
3392 928 3565 972 muta-

1997 1011 2158 1062 tione.
2199 1010 2272 1064 De
2305 1024 2410 1078 qua
2448 1008 2625 1064 solum
2656 1007 2788 1064 Esse
2822 1007 3161 1074 cogitandum
3189 1016 3272 1062 est
3307 1018 3399 1074 ;et
3431 1007 3564 1061 Esse

1996 1102 2216 1168 quidem
2284 1101 2716 1156 itumutabiliter.
2758 1099 2930 1167 Quam
2981 1100 3226 1154 eamdem
3275 1109 3330 1155 et
3373 1100 3559 1154 eodem

1993 1194 2150 1250 modo
2187 1209 2247 1248 se
2301 1195 2592 1250 habentem
2640 1194 2900 1250 debemus
2939 1195 3264 1261 cogitatione
3315 1207 3560 1263 compre-

1993 1286 2272 1340 hendere:
2329 1301 2436 1340 non
2478 1285 2840 1352 imminutam,
2888 1303 2993 1344 non
3049 1293 3398 1348 coarctatam,
3455 1297 3559 1337 non

1993 1375 2293 1439 dilatatam,
2331 1389 2438 1430 non
2482 1389 2800 1446 expansum,
2842 1377 2974 1432 nihil
3006 1387 3160 1431 extra
3208 1391 3266 1429 se
3299 1375 3382 1429 vel
3422 1376 3560 1427 intra

1991 1480 2049 1518 se
2085 1465 2490 1532 continentem;
2533 1480 2638 1520 non
2666 1467 2806 1521 hanc
2833 1467 3013 1534 modo,
3041 1465 3200 1519 modo
3244 1463 3386 1517 illam
3407 1477 3561 1516 com-

1993 1564 2312 1624 parantem:
2347 1564 2599 1609 neutram
2628 1565 3056 1626 permanenter:
3091 1555 3182 1609 sed
3227 1553 3494 1607 diversam
3534 1569 3561 1602 ιι

1992 1661 2050 1700 se
2078 1645 2247 1715 priori
2278 1666 2288 1700 :
2325 1653 2378 1701 et
2420 1660 2608 1700 rursus
2641 1646 2692 1701 in
2726 1657 2927 1700 statum
2971 1645 3121 1699 illum
3151 1643 3384 1712 priorem
3410 1656 3563 1696 revo-

1989 1736 2180 1792 lutam.
2213 1736 2340 1792 llaec
2386 1752 2694 1808 supponere
2722 1746 2905 1792 tamen
2947 1752 3108 1792 ausus
3147 1745 3229 1790 est
3258 1733 3562 1797 Marcellus,

1992 1829 2191 1898 quippe
2221 1828 2311 1898 qui
2343 1829 2473 1884 olim
2525 1828 2601 1882 ait
2649 1827 2818 1882 Deum
2867 1828 3186 1883 exstitisse:
3238 1833 3295 1881 et
3326 1826 3563 1896 quietem

1993 1919 2282 1988 quamdam
2314 1919 2480 1973 altam
2517 1919 2659 1988 apud
2689 1919 2857 1976 Deum
2891 1919 3253 1989 imaginatur:
3289 1919 3353 1973 ad
3386 1917 3565 1972 imita-

1995 2010 2195 2065 tionem
2231 2009 2386 2064 illius.
2428 2010 2806 2065 lueresiarcha:
2842 2009 2990 2079 impii
3034 2024 3155 2064 sese
3194 2008 3563 2070 conformaus,

1989 2102 2080 2172 qui
2106 2101 2415 2172 blasphema
2455 2101 2758 2158 istiusmodi
2805 2101 3232 2172 dogmatizavit:
3273 2108 3392 2155 erat
3423 2097 3567 2155 Deus

1989 2202 2044 2250 et
2085 2193 2230 2264 Sige.
2265 2193 2397 2249 Post
2445 2193 2608 2264 Sigen
2663 2202 2720 2248 et
2759 2193 3062 2266 Hesychian
3110 2194 3447 2264 processisse
3490 2194 3566 2247 ait

1992 2284 2197 2357 Logon,
2230 2286 2282 2341 in
2311 2286 2579 2355 principio
2609 2285 2938 2342 conditionis
2977 2287 3181 2354 mundi,
3213 2302 3333 2340 cum
3369 2301 3564 2357 opera-

1991 2378 2138 2432 tione
2165 2376 2407 2433 eﬁicaci:
2450 2378 2520 2431 ita
2547 2385 2605 2432 ut
2633 2391 2737 2432 non
2769 2386 2931 2444 esset,
2967 2376 3141 2446 qualis
3173 2387 3292 2432 erat
3323 2377 3472 2448 prius
3513 2378 3562 2431 in

1992 2469 2098 2523 Deo
2137 2469 2547 2540 conquiesceuti
2582 2469 2874 2537 quiescens
2922 2470 3057 2540 ipse,
3109 2471 3200 2524 sed
3245 2484 3563 2540 progressus

1987 2561 2152 2615 clleo
2177 2571 2514 2629 operaretur.
2566 2560 2630 2615 Et
2660 2576 2765 2629 quo
2822 2562 2985 2615 modo
3039 2561 3254 2615 tandem
3301 2562 3566 2632 processit

1989 2649 2405 2705 inde?-Omnino
2437 2667 2532 2720 per
2559 2652 2918 2724 prolationem
2953 2653 3234 2723 cujusdam
3268 2653 3567 2707 articulata:

1986 2745 2158 2807 Vocis,
2197 2753 2523 2812 personante
2564 2742 2822 2798 nimirum
2865 2754 2918 2798 et
2961 2743 3313 2812 proquttente
3343 2745 3451 2798 Deo
3500 2745 3565 2797 ad

1991 2835 2206 2887 tuodum
2260 2835 2508 2889 humanas
2557 2833 2803 2903 loquelae.
2847 2834 2920 2888 lta
2961 2833 3104 2887 enim
3135 2833 3208 2887 illi
3244 2833 3413 2886 visum
3450 2846 3557 2899 est,

1987 2928 2112 2982 dum
2141 2927 2214 2980 ita
2245 2927 2506 2980 scriberet
2551 2946 2564 2982 :
2619 2925 2711 2998 (Β.
2755 2925 2842 2982 LV
2896 2926 3043 2992 coll.,
3109 2942 3163 2996 p.
3196 2926 3264 2980 55
3304 2928 3364 2992 D,
3407 2925 3472 2981 79
3502 2927 3564 2990 Β,

1990 3016 2094 3070 »1θὸ
2125 3015 2212 3087 Β).
2262 3035 2280 3068 ι
2324 3015 2785 3084 Quemadmodum
2815 3017 2955 3070 facta
2987 3018 3165 3070 onmia
3201 3032 3229 3089 a
3261 3017 3442 3080 Patre,
3471 3033 3566 3087 per

1993 3124 2012 3157 ι
2064 3104 2296 3160 Verbum
2355 3105 2499 3160 facta
2541 3113 2706 3160 sunt:
2743 3106 2817 3161 ita
2855 3114 2909 3160 et
2939 3105 3083 3160 dicta
3128 3107 3308 3161 omnia
3334 3121 3361 3158 a
3406 3107 3564 3162 Patre

282 3207 328 3240 ,ι
370 3189 466 3242 καὶ
497 3190 591 3259 ἀφ’
619 3191 777 3261 ἡμῶν
804 3191 1002 3257 αὐτῶν,
1034 3194 1135 3248 ὅσα
1167 3194 1340 3266 μικρά
1371 3198 1486 3259 τοῖς
1515 3197 1768 3266 μεγάλοις
1791 3199 1884 3252 κα).

1994 3215 2012 3248 ι
2060 3212 2156 3267 per
2197 3195 2426 3252 Verbum
2461 3196 2865 3264 signiﬁcantur.
2905 3215 2924 3248 ι
2955 3197 3019 3252 Et
3049 3198 3282 3252 iterum:
3311 3197 3402 3268 [11.
3431 3196 3563 3263 LVI,

300 3300 324 3333 s
368 3281 534 3346 θείοις
571 3284 888 3337 ἀπεικάσαι*
914 3285 1006 3346 καὶ.
1029 3288 1196 3358 ἡμεῖς
1225 3286 1334 3361 γὰρ
1359 3287 1534 3341 πάντα
1561 3289 1660 3342 ὃσα
1691 3287 1756 3342 ἂν
1790 3289 1875 3348 θέ-

301 3393 323 3427 ι
357 3375 540 3445 λωμεν
561 3376 702 3429 κατὰ
717 3377 777 3430 τὸ
797 3377 1022 3431 δυνατὸν
1039 3378 1218 3448 λέγειν
1241 3395 1300 3431 τε
1322 3380 1415 3433 καὶ
1437 3383 1628 3446 ποιεῖν,
1649 3379 1726 3452 τῷ
1745 3382 1776 3452 ἡ
1785 3399 1882 3452 με-

302 3485 324 3519 s
355 3466 502 3537 τέρῳ
528 3466 786 3537 ποιοῦμεν
813 3468 1155 3540 λόγῳ.ιΕίδὴ
1187 3467 1278 3524 οῦν
1307 3470 1521 3534 οὗτωςό
1543 3472 1713 3540 Λόγος
1750 3491 1881 3545 προ-

293 3557 434 3627 ῆλθε
453 3559 547 3611 τοῦ
573 3560 786 3637 Πατρὸς
815 3560 1070 3632 δραστικῇ
1098 3564 1367 3635 ἐνεργείᾳ,
1390 3565 1552 3618 πόθεν
1574 3566 1880 3637 Μαρκέλλῳ

297 3646 506 3718 ἐπῆλθε
533 3635 842 3720 περιορίσαι
873 3651 1060 3720 χρόνον
1086 3655 1151 3722 τῇ
1178 3652 1272 3708 τοῦ
1303 3654 1475 3722 Λόγου
1510 3656 1593 3708 ἐνε
1604 3635 1880 3728 ργεία,τδν

296 3739 402 3810 τῆς
430 3740 741 3803 συντελείας
762 3739 882 3793 καθ’
917 3741 974 3794 δν
1013 3741 1232 3796 ἔσεσθαι
1267 3744 1465 3812 φάσκει
1498 3746 1587 3800 τὸν
1621 3747 1790 3815 Λόγον
1823 3749 1880 3800 ἐν

295 3831 381 3901 τῷ
413 3831 555 3901 Θεῷ,
584 3831 773 3903 ῶσπερ
801 3834 896 3885 καὶ
927 3834 1189 3906 πρότερον
1230 3831 1330 3906 ἦν;
1373 3837 1640 3908 Πρότερον
1665 3838 1721 3890 δὲ
1747 3841 1883 3909 ἡσυ-

296 3923 536 3993 χάζοντα
571 3924 733 3978 αὐτὸν
769 3924 935 3977 ἐδίδου
977 3927 1034 3979 ἐν
1065 3926 1338 3980 σιωπῶντι
1373 3926 1451 3998 τῷ
1481 3927 1619 3999 Θεῷ.
1671 3929 1880 3984 Οὐκοῦν

297 4016 396 4071 καὶ
449 4015 591 4086 μετὰ
632 4015 732 4088 τὴν
766 4017 1072 4072 συντέλειαν
1122 4019 1321 4091 ἡσυχία
1367 4038 1452 4084 τις
1497 4021 1670 4086 ἔσται,
1715 4023 1879 4093 μηδὲν

301 4106 588 4176 μέλλοντος
621 4109 862 4179 ἐνεργεῖν
881 4110 974 4162 τοῦ
993 4111 1186 4179 Λόγου.
1224 4111 1384 4165 Ἀλλὰ
1407 4113 1512 4184 πρὸ
1531 4115 1628 4183 μὲν
1647 4115 1742 4184 τῆς
1773 4115 1880 4168 τῶν

295 4195 543 4268 γενητῶν
577 4196 890 4261 συστάσεως
921 4196 1087 4250 οὐδὲν⁵
1111 4194 1200 4269 ἦν,
1238 4202 1391 4271 φησι,
1428 4202 1566 4273 πλὴν
1591 4202 1747 4262 Θεοῦ.
1772 4205 1880 4256 Καὶ

295 4287 422 4341 ἐπεὶ
450 4288 617 4359 μηδὲν
638 4283 726 4359 ἦν,
760 4289 985 4352 εἰκότως
1010 4289 1186 4360 ἑαυτῷ
1203 4290 1301 4362 τὴν
1317 4293 1545 4363 ἡσυχίαν
1579 4293 1839 4348 ἐτυποῦτο
1861 4312 1881 4330 ’τ

298 4379 444 4434 κατὰ
481 4379 538 4433 δὲ
582 4381 675 4434 τὸν
718 4383 817 4452 τῆς
853 4381 1166 4444 συντελείας
1212 4384 1404 4454 καιρὸν
1448 4385 1646 4456 Δανιὴλ
1679 4388 1707 4439 ὁ
1748 4403 1879 4458 προ-

299 4469 481 4540 φήτης
510 4471 615 4542 πρὸ
647 4471 743 4525 τοῦ
793 4471 984 4543 θρόνου
1027 4471 1122 4524 τοῦ
1167 4473 1301 4526 Θεοῦ
1344 4475 1614 4545 μυριάδας
1659 4475 1876 4530 ἔσεσθαι

1988 3288 2109 3344 coll.
2137 3304 2191 3358 p.
2217 3288 2284 3347 40
2317 3287 2376 3354 Β,
2403 3288 2504 3342 118
2531 3286 2629 3364 Β.)
2669 3307 2686 3341 ι
2707 3285 2900 3342 Omnia
2933 3304 3269 3359 quacunque
3289 3288 3451 3343 Pater
3483 3289 3566 3343 di-

1994 3399 2012 3432 ι
2060 3381 2154 3446 cit,
2174 3395 2234 3434 ea
2255 3394 2470 3450 semper
2491 3390 2544 3434 et
2580 3380 2778 3448 ubique
2801 3395 2898 3448 per
2915 3379 3148 3435 Verbum
3181 3380 3557 3435 declarantur:

1994 3487 2012 3520 ι
2051 3470 2199 3542 quod
2225 3478 2277 3522 et
2299 3486 2328 3522 a
2357 3468 2510 3524 nobis
2545 3469 2674 3540 ipsis
2715 3470 2849 3524 satis
2884 3470 3071 3539 liquet,
3115 3470 3382 3538 siquidem
3413 3469 3565 3526 hisce

1993 3579 2011 3612 ι
2057 3558 2239 3628 parvis
2255 3572 2445 3628 magna
2475 3553 2700 3612 liceatet
2726 3558 2905 3616 divina
2935 3574 3272 3630 comparare.
3303 3558 3563 3615 Nosenim
3657 3589 3660 3594 -

1994 3671 2012 3704 ι
2056 3666 2116 3706 ea
2134 3651 2316 3709 omnia
2333 3666 2451 3721 qua:
2467 3653 2999 3721 volumus,qnantum
3013 3651 3229 3722 quidem
3252 3666 3561 3721 possumus,

1993 3729 2030 3795 ιΔ
2059 3753 2114 3800 et
2147 3743 2375 3800 facimus
2409 3751 2464 3797 et
2493 3742 2721 3800 dicimus
2779 3740 3085 3798 ministerio
3130 3742 3277 3797 verbi
3304 3745 3498 3798 nostri.
3539 3761 3558 3796 ι

1992 3840 2051 3902 rit
2087 3835 2241 3902 Quod
2269 3835 2313 3888 si
2348 3834 2415 3891 ad
2452 3833 2595 3888 hunc
2624 3832 2842 3890 modum
2875 3847 2972 3903 per
3003 3830 3302 3891 elﬁcaclam
3337 3848 3569 3905 operan-

1991 3938 2095 3981 tem
2147 3925 2408 3994 processit
2440 3924 2507 3978 de
2558 3921 2722 3978 Patre
2756 3922 3010 3989 Verbum,
3054 3925 3194 3979 unde
3247 3940 3566 3995 progressus

1987 4029 2068 4075 est
2097 4017 2402 4082 Marcellus,
2460 4015 2525 4068 ad
2555 4015 3118 4071 circumscribendum
3160 4016 3325 4070 Verbi
3370 4031 3564 4084 opera-
3661 4014 3665 4016 ’

1991 4111 2188 4165 tionem
2248 4119 2489 4177 tempore
2560 4105 2792 4174 quodam
2855 4106 3239 4171 determinato,
3303 4107 3562 4179 nimirum

1989 4197 2176 4252 mundi
2211 4193 2681 4250 consummatione
2699 4193 2726 4247 1-
2757 4191 2982 4258 Quando
3010 4195 3247 4248 futurum
3283 4206 3386 4260 est,
3421 4197 3562 4265 quod

1986 4290 2238 4353 atlirmat,
2286 4296 2344 4342 ut
2400 4287 2630 4342 Verbum
2683 4285 2823 4339 intra
2860 4283 3026 4338 Deum
3065 4286 3344 4349 subsistat.
3375 4299 3566 4357 quent-

1986 4381 2277 4436 admodum
2317 4380 2606 4449 aliquaudo
2661 4380 3028 4438 subsistebat?
3051 4380 3356 4448 Aliquando
3381 4391 3562 4436 autem

1986 4477 2359 4543 quiescentem
2397 4475 2576 4545 Logon
2608 4477 2778 4544 illum,
2803 4477 2855 4531 in
2883 4475 3190 4547 quiescenti
3216 4472 3378 4529 Patre
3407 4474 3564 4530 nobis

297 4567 548 4632 θεσπίζει
577 4567 780 4637 λέγων’
816 4569 1011 4622 Χίλιαι
1041 4568 1307 4636 χιλιάδες
1325 4569 1744 4640 ἐλειτούργουν
1769 4573 1876 4624 αὐ-

1990 4567 2155 4622 dedit.
2196 4567 2298 4630 Ita,
2319 4577 2376 4622 ut
2412 4567 2644 4634 videtur,
2679 4575 2802 4637 post
2826 4566 3010 4622 mundi
3042 4565 3560 4622 consummationem

295 4661 402 4726 τῷ,
427 4660 524 4713 καὶ
549 4660 752 4729 μύριαι
768 4657 1056 4728 μυριάδες
1089 4658 1200 4728 (15)
1236 4651 1881 4730 παρειστήκεισανέμ-

295 4755 564 4821 προσθεν
586 4751 792 4806 αὐτοῦ.
821 4751 1027 4814 Πάντες
1052 4751 1222 4823 δήπου
1253 4752 1345 4804 καὶ
1387 4753 1432 4804 οἱ
1463 4754 1568 4805 υἱοὶ
1607 4750 1700 4804 τοῦ
1749 4753 1877 4824 μέλ-

294 4846 480 4915 λοντος
504 4843 698 4907 αἰῶνος
731 4843 850 4897 τότε
889 4843 1130 4895 ἔσονται·
1173 4844 1235 4897 αἵ
1275 4861 1333 4895 τε
1389 4844 1654 4914 μακάριαι
1708 4844 1879 4914 ψυχαὶ

298 4937 675 5007 πατριαρχῶν,
709 4937 804 4989 καὶ
829 4935 1144 5007 προφητῶν,
1173 4937 1265 4989 καὶ
1293 4936 1622 5002 ἀποστόλων,
1656 4937 1788 5005 ἆγιὰ
1818 4954 1878 4990 τε

294 5029 582 5099 πνεύματα
615 5029 933 5100 μαρτύρων·
987 5030 1163 5085 πάντα
1195 5049 1254 5084 τε
1298 5030 1544 5100 πρόϐατα
1575 5028 1667 5081 τοῦ
1694 5029 1876 5098 Σωτῆο

297 5138 390 5192 ρος
440 5120 617 5191 ἡμῶν,
653 5121 720 5174 τὰ
768 5123 832 5175 ἐκ
879 5123 1064 5190 δεξιῶν
1095 5123 1260 5177 αὐτοῦ
1313 5123 1620 5194 στησόμενά
1666 5139 1726 5174 τε
1782 5123 1876 5176 καὶ

293 5214 667 5277 ἀκουσόμενα·
721 5215 898 5268 Δεῦτε
950 5219 1004 5269 οἱ
1053 5215 1445 5286 εὐλογημένοι
1503 5213 1609 5267 τοῦ
1650 5214 1879 5280 Πατρός

292 5321 439 5373 μου,
470 5304 966 5374 κληρονομήσατε
990 5305 1106 5373 τὴν
1139 5305 1594 5375 ἡτοιμασμένην
1617 5304 1758 5372 ὑμῖν
1776 5305 1884 5369 βα-

295 5396 539 5450 σιλείαν
567 5396 684 5450 ἀπὸ
706 5396 1042 5465 καταϐολῆς
1061 5397 1173 5469 (14)
1204 5399 1455 5466 κόσμου.
1476 5395 1758 5450 Τοσούτων
1777 5395 1885 5448 τοί-

371 5507 559 5577 νῙηγΕιΙ.
594 5506 791 5562 Puris"
821 5523 939 5577 pag.
1000 5508 1120 5565 115.

366 5579 410 5610 ⁸⁷
444 5576 579 5632 Dan.
615 5594 708 5641 vn,
750 5580 834 5631 10.

369 5670 491 5744 (Ιέ).
516 5670 688 5744 Vulgo
721 5673 814 5725 xui
968 5669 1086 5723 Mox
1107 5670 1431 5744 vulgodeest
1453 5672 1526 5744 μὴ
1562 5672 1873 5744 ἐκτεινομέ-

294 5739 416 5812 νην.
445 5739 562 5795 Mox
589 5742 746 5812 vulgo
779 5739 1075 5812 μηδέτερον
1116 5741 1379 5812 μένουσαν
1401 5739 1539 5794 ειἋ
1564 5741 1640 5794 δέ.
1679 5744 1754 5792 Ad
1781 5739 1870 5796 se-

294 5809 512 5882 quentia
549 5811 620 5866 cf.
657 5809 891 5865 remo"
942 5809 1092 5862 Vind.
1139 5809 1313 5878 Ισιιςιι.
1344 5809 1398 5862 9..
1439 5828 1486 5879 p.
1522 5812 1610 5866 51.

1985 4660 2222 4729 quietem
2270 4659 2486 4725 statuit,
2517 4675 2639 4715 cum
2688 4659 2824 4713 nihil
2875 4657 3394 4728 Verbum-deinceps
3431 4671 3560 4726 ope-

1989 4754 2220 4810 rabitur.
2275 4750 2492 4805 Atenim
2537 4759 2664 4804 ante
2705 4749 2892 4804 mundi
2926 4750 3392 4816 constitutionem,
3425 4750 3558 4804 nihil

1984 4854 2102 4898 erat
2135 4858 2358 4911 prorsus
2391 4852 2588 4912 praeter
2614 4843 2805 4910 Deum,
2837 4842 3064 4922 inquiet.
3096 4841 3163 4897 Et
3193 4845 3408 4914 quando
3437 4842 3559 4911 qui-

1984 4936 2103 4990 dem
2132 4935 2262 4988 nihil
2301 4945 2441 4999 erat,
2465 4935 2586 5003 jure
2632 4935 2832 4992 merito
2856 4936 2936 4991 illi
2963 4937 3204 5006 quietem
3237 4934 3556 5002 assignavit.

1984 5025 2099 5080 1am
2153 5027 2204 5080 in
2241 5037 2482 5096 tempore
2525 5028 3013 5084 consummationis
3059 5026 3243 5081 Daniel
3296 5026 3558 5095 propheta

1985 5127 2112 5172 ante
2144 5119 2393 5174 throntun
2431 5118 2526 5175 Dei
2565 5120 2879 5176 constitisse
2909 5116 3141 5174 allirmat
3185 5117 3559 5172 innumerabi-

1983 5212 2086 5267 lem
2117 5212 2433 5282 angelorqu
2477 5212 2878 5267 multitudinem
2909 5227 2919 5261 :
2956 5211 3130 5267 Millia
3174 5209 3422 5274 millium,
3459 5211 3554 5275 ait,

1990 5304 2364 5358 ministrabant
2407 5304 2534 5357 illi:
2563 5315 2611 5358 et
2647 5305 2817 5361 decies
2871 5302 3062 5356 millies
3115 5311 3331 5356 centena
3389 5301 3556 5354 millia

1995 5395 2306 5449 assistebant
2335 5396 2405 5449 ei.
2436 5393 2711 5452 Iudicium
2755 5395 2910 5460 sedit,
2939 5404 2983 5448 et
3009 5393 3133 5448 libri
3161 5394 3327 5464 aperti
3357 5392 3556 5451 sunt".

2053 5673 2161 5741 (15)
2198 5670 2364 5741 Vulgo
2393 5685 2632 5741 προειστ,

2055 5738 2163 5813 (14)
2201 5740 2363 5810 Vulgo
2392 5738 2483 5790 τοῦ
2509 5756 2560 5794 κ.
