3970 6528
528 456 632 515 919

1243 452 1509 513 EUSEBII
1550 453 2029 513 CESARIENSIS
2066 451 2216 508 OPP.
2258 450 2435 508 PARS
2475 450 2563 506 1V.
2601 448 3127 517 —DOGMATICA.]

3664 440 3754 498 920

532 572 638 627 Sed
671 581 725 625 et
771 581 896 626 tunc
938 580 1202 641 pra-terea
1247 569 1505 639 temporis
1554 570 1853 624 consistent
1902 581 2087 621 omnes

2196 582 2288 615 νυν
2327 564 2600 633 ἐσομένων
2638 563 2727 615 καὶ
2775 561 3037 614 ἀθάνατον
3083 558 3225 628 ζωὴν
3254 552 3600 625 ζησομένων
3631 536 3777 624 μετα

532 660 605 714 illi
652 660 747 714 lilii
792 660 959 714 futuri
1002 660 1206 715 smeuli.
1259 658 1437 713 Beatze
1486 657 1939 726 patriarcharum,
1972 671 2092 723 pro-

532 751 811 816 phetarum
850 759 904 804 et
929 749 1296 817 apostolorum
1326 748 1519 801 anima:
1539 786 1555 810 ,
1587 746 1810 815 spiritus
1842 745 1914 797 illi
1944 759 2091 797 mar-

532 851 709 907 tyrum
735 839 929 892 sancti.
954 837 1153 891 Omnes
1177 851 1391 907 quoque
1411 835 1717 890 Servatoris
1742 834 1909 888 nostri
1939 848 2091 896 oves,

533 942 654 995 quae
698 942 726 979 a
772 927 981 981 dextris
1033 926 1201 995 ipsius
1252 926 1565 979 constitutae
1594 924 1855 977 audient:
1892 920 2090 985 Venite,

530 1017 786 1072 benedicti
815 1016 994 1071 Patris
1025 1017 1149 1081 mei,
1180 1017 1439 1086 possidete
1487 1030 1698 1083 regnum
1739 1024 2093 1081 purpuratum

529 1109 671 1161 vobis
716 1124 749 1160 a
780 1108 940 1178 jactis
978 1106 1161 1159 mundi
1198 1106 1554 1175 fundamentis
1576 1103 1643 1154 ⁸⁸.
1674 1104 1936 1168 Quocirca
1968 1119 2091 1156 cum

529 1198 615 1250 vel
666 1206 785 1265 post
834 1197 1022 1266 judicii
1073 1207 1301 1264 tempus,
1350 1206 1528 1249 tantus
1582 1208 1840 1248 numerus
1903 1206 2092 1247 eorum

531 1288 747 1343 futurus
787 1298 889 1354 est,
943 1289 1034 1357 qui
1080 1289 1276 1342 victuri
1325 1294 1452 1339 sunt
1502 1286 1667 1338 vitam
1708 1283 2089 1350 immortalem,

529 1380 657 1446 quid
692 1394 869 1434 causa:
908 1380 1127 1433 subesse
1180 1376 1397 1445 poterit,
1429 1389 1527 1428 cur
1566 1387 1675 1427 non
1702 1380 1756 1427 et
1784 1380 1893 1425 tum
1928 1373 2089 1426 etiam

532 1470 624 1524 Dei
655 1470 889 1525 Verbum
923 1469 1216 1538 operetur?
1246 1466 1396 1521 Unde
1426 1464 1582 1519 scivit
1609 1463 1910 1529 Marcellus,
1948 1466 2089 1532 quod

531 1572 868 1627 nequaquam
912 1566 1021 1610 tum
1056 1566 1274 1610 sanctos
1303 1570 1429 1609 suos
1470 1554 1611 1607 Deus
1639 1552 1711 1605 sit
1740 1552 2088 1616 allocntnrus,

531 1662 703 1718 neque
727 1648 907 1702 Verbo
949 1661 1048 1700 suo
1098 1662 1290 1700 usurus
1325 1645 1576 1701 eti'ectivo
1606 1688 1620 1712 ,
1650 1646 1744 1698 sed
1776 1646 1916 1713 quod
1946 1642 2093 1696 futu-

532 1753 647 1791 rum
683 1738 753 1791 sit
786 1737 838 1791 in
877 1739 985 1793 Deo
1037 1735 1301 1799 Verbum,
1337 1735 1790 1804 quemadmodum
1838 1742 1893 1787 et
1942 1733 2091 1801 prius

529 1829 725 1891 fuerat,
777 1829 1001 1881 omnino
1040 1827 1433 1895 conquiescens
1462 1838 1514 1881 et
1540 1825 1953 1881 conticescens?
1977 1822 2090 1878 Hoc

522 1918 666 1971 enim
694 1918 966 1973 multoties
995 1918 1282 1972 aﬂirmavit
1304 1920 1491 1973 dicens
1521 1935 1533 1969 :
1572 1936 1590 1968 ι
1619 1917 1771 1971 Tunc
1792 1917 1895 1970 erit
1933 1915 2086 1978 illud,

529 2027 548 2059 ι
595 2010 737 2077 quod
783 2019 838 2064 et
888 2009 1038 2078 prius
1070 2009 1432 2063 fueratzerat
1481 2019 1661 2061 autem
1714 2008 1882 2071 prius,
1934 2015 1991 2058 ut
2034 2015 2087 2060 et

527 2119 547 2152 ι
599 2101 711 2168 ipse
738 2114 955 2169 quoque
986 2098 1212 2153 aﬂirmat
1243 2101 1294 2153 in
1328 2100 1527 2168 quiete.
1570 2098 1911 2152 Conticescet
1957 2112 2086 2165 ergo

528 2211 547 2242 ‹
596 2192 762 2256 Deus,
793 2208 891 2262 per
915 2191 1048 2245 illud
1082 2202 1309 2261 tempus,
1336 2192 1425 2260 qui
1461 2191 1613 2259 prius
1645 2189 1821 2243 fuerat
1854 2189 2082 2252 locutus,

527 2301 547 2333 ι
592 2292 647 2337 et
682 2298 809 2338 usus
860 2299 957 2337 suo
990 2283 1165 2347 Verbo
1216 2283 1514 2350 operativo.
1546 2282 1615 2334 At
1655 2290 1783 2333 tunc
1832 2294 1926 2347 per
1958 2295 2081 2346 pro-

528 2392 547 2424 ι
597 2374 818 2429 missum
848 2374 980 2427 illud
1013 2373 1276 2427 caelorum
1302 2388 1546 2442 regnum,
1580 2371 1800 2440 proprio
1827 2387 1924 2425 suo
1952 2368 2086 2423 Ver-

528 2483 547 2514 ι
597 2463 686 2527 bo,
737 2472 792 2517 et
843 2464 985 2517 onmi
1025 2479 1145 2533 qua:
1178 2464 1230 2517 in
1275 2463 1369 2516 illo
1397 2464 1501 2518 sita
1530 2472 1612 2517 est
1641 2462 1931 2531 sapientia,
1961 2477 2087 2515 san-

529 2574 549 2605 ι
599 2564 715 2609 ctos
761 2569 888 2609 suos
926 2554 1142 2622 penitus
1192 2554 1499 2623 privaturus
1542 2563 1646 2607 est.
1681 2572 1699 2605 ι
1733 2553 1873 2608 Ecce
1905 2562 2082 2607 autem

523 2647 575 2699 in
602 2644 884 2715 qualenam
918 2660 976 2699 se
1001 2645 1358 2715 praecipitium
1387 2644 1617 2709 dederit,
1646 2642 1775 2698 dum
1813 2645 2084 2698 neminem

522 2737 626 2789 sibi
654 2736 875 2791 adhibet
918 2738 1360 2795 manuductorem
1389 2754 1403 2790 :
1438 2751 1538 2790 nec
1567 2737 1794 2789 advocat
1843 2734 2085 2803 Scriptu-

472 2854 478 2858 ~
522 2843 611 2881 ras
644 2826 697 2891 in
737 2827 1040 2880 consilium.
1081 2826 1213 2881 Nam
1252 2828 1364 2881 lucc
1399 2828 1577 2881 omnia
1621 2828 1735 2895 ipse
1774 2827 1874 2879 sibi
1919 2825 2085 2879 fabri-

517 2927 639 2970 cata
670 2917 886 2987 collegit
920 2918 986 2971 de
1021 2933 1125 2970 una
1158 2933 1291 2972 voce
1323 2932 1601 2987 perperam
1626 2917 1917 2971 intellecta.
1948 2915 2080 2971 Nam

2195 654 2285 705 τὸν
2310 654 2408 723 τῆς
2442 652 2672 723 κρίσεως
2722 651 2932 723 καιρὸν,
2967 649 3053 702 διὰ
3082 649 3133 700 τί
3176 647 3253 717 μὴ
3299 646 3588 714 ἐνεργήσει
3618 646 3644 696 ό
3669 643 3751 697 τοῦ

2194 742 2327 795 Θεοῦ
2364 745 2533 811 Λόγος
2568 744 2661 796 καὶ
2686 743 2835 805 τότε;
2869 741 3037 793 Πόθεν
3078 739 3135 791 δὲ
3167 735 3484 807 Μαρκέλλῳ
3530 735 3748 806 παρέστη

2194 835 2597 904 ἀποφήνασθαι,
2622 836 2703 887 ὅτι
2734 835 2833 886 οὐκ
2871 833 2950 885 ἔτι
2974 831 3197 901 λαλήσει
3235 831 3357 891 τοῖς
3383 828 3562 894 ἁγίοις
3592 826 3752 888 όΘεὸς

2192 925 2333 988 τότε,
2365 926 2482 979 οὐδὲ
2525 928 2784 995 χρήσεται
2832 922 3037 993 ἐνεργῷ
3068 920 3146 1001 τῷ
3197 918 3376 973 αὐτοῦ
3426 918 3602 987 Λόγῳ,
3649 916 3751 969 ἀλλ’

2194 1016 2366 1078 ἔσται,
2387 1016 2463 1076 ὡς
2490 1017 2583 1069 καὶ
2612 1016 2874 1086 πρότερον
2906 1010 2994 1084 ἦν,
3029 1014 3086 1065 ἐν
3115 1012 3287 1081 αὐτῷ,
3320 1008 3545 1062 σιωπῶν
3571 1007 3748 1077 δηλαδὴ

2194 1106 2286 1157 καὶ
2311 1106 2629 1175 ἡσυχάζων;
2665 1105 2833 1158 Τοῦτο
2864 1107 2970 1175 γάρ
3004 1104 3236 1173 παρίστη
3284 1100 3551 1163 πολλάκις
3579 1099 3747 1163 aliain,

2191 1196 2310 1247 τότε
2342 1195 2558 1249 ἔσεσθαι
2606 1198 2765 1250 αὐτὸν
2788 1198 2863 1259 ὡς
2894 1196 3272 1265 καὶπρότερον
3314 1188 3385 1262 ἦν
3413 1209 3427 1221 '
3454 1187 3522 1260 ἦν
3548 1190 3601 1242 δέ
3633 1189 3749 1258 πρό⁴

2190 1303 2366 1357 τερον,
2401 1287 2476 1350 ὡς
2504 1287 2662 1350 αὐτὸς
2696 1287 2819 1357 ἔφη,
2845 1288 2902 1339 ἐν
2940 1285 3152 1356 ἡσυχίᾳ.
3199 1282 3422 1336 Οὐκοῦν
3459 1280 3749 1350 ἀποσιωπής

2193 1392 2276 1427 σει
2304 1377 2422 1429 τότε
2454 1379 2482 1429 ὁ
2519 1376 2671 1440 Θεὸς,
2724 1377 2831 1447 πρὸ
2860 1376 3047 1428 τούτου
3080 1375 3180 1444 μὲν
3212 1374 3421 1434 λαλῶν,
3450 1372 3543 1424 καὶ
3563 1370 3641 1451 τῷ
3662 1369 3750 1421 Λό-

2191 1484 2273 1537 γῳ
2298 1467 2579 1537 χρώμενος
2606 1468 2833 1537 ἐνεργῷ,
2861 1467 2982 1519 τότε
3036 1467 3092 1518 δὲ
3132 1466 3253 1519 κατ’
3303 1463 3480 1532 αὐτὴν
3528 1461 3634 1533 (15)
3662 1460 3747 1530 τὴν

2191 1556 2601 1627 ἐπηγγελμένην
2630 1557 2898 1627 βασιλείαν
2929 1557 3169 1625 οὐρανῶν
3205 1554 3305 1608 τοῦ
3344 1554 3550 1607 οἰκείου
3592 1552 3744 1617 Λόγον

2192 1647 2284 1700 καὶ
2312 1648 2411 1715 τῆς
2434 1648 2491 1699 ἐν
2530 1647 2675 1718 αὐτῷ
2701 1647 2886 1715 σοφίας
2922 1646 3237 1715 ἀποστερῶν
3260 1648 3394 1707 τοὺς
3424 1644 3606 1711 ἁγίους
3649 1640 3744 1709 (16)

2191 1738 2375 1791 αὑτοῦ.
2436 1740 2595 1809 Ὁρᾷς
2649 1741 2727 1802 είς
2776 1734 2886 1794 οἷον
2938 1740 3222 1811 κεχώρηκε
3274 1736 3524 1808 κρημνὸν
3580 1732 3747 1803 μηδενὶ

2192 1828 2513 1899 χειραγωγῷ
2567 1830 2928 1899 χρησάμενος,
2965 1829 3097 1899 μηδὲ
3128 1830 3248 1889 ταῖς
3285 1826 3461 1887 θείαις
3505 1823 3742 1894 Γραφαίς.

2121 1900 2162 1953 Β
2194 1918 2377 1971 Ταῦτα
2403 1919 2532 1987 γοῦν
2561 1920 2734 1972 πάντα
2765 1919 2871 1973 ἀπό
2907 1922 3033 1990 μιᾶς
3058 1919 3264 1987 φωνῆς,
3297 1918 3366 1985 ἣν
3396 1915 3470 1986 μὴ
3493 1914 3740 1981 νενόηκεν,

2193 2010 2367 2080 ἐαυτῷ
2392 2010 2698 2080 συνέθηκεν.
2719 2012 2925 2064 Λύτίκα
2947 2011 3198 2081 χωρήσας
3220 2009 3315 2061 ἐπὶ
3339 2008 3438 2067 τὰς
3471 2003 3742 2068 ἀποδείξεις

2191 2101 2289 2170 τῆς
2316 2101 2459 2164 Νέας
2514 2102 2607 2154 καί
2650 2102 2856 2170 Καινῆς
2917 2100 3209 2171 Διαθήκης,
3268 2096 3605 2166 πανταχόθεν
3657 2093 3739 2163 μὲν

2192 2192 2452 2261 ἠλαύνετο
2503 2192 3031 2263 στενοχωρούμενοςο
3087 2192 3215 2261 μίαν
3268 2191 3329 2242 δέ
3383 2189 3550 2257 μόνην
3590 2183 3741 2255 εὑρὼν

2192 2281 2332 2346 λέξιν
2352 2286 2417 2353 τῇ
2450 2282 2613 2336 αὑτοῦ
2649 2282 3089 2353 συμϐαλλομένην
3114 2280 3428 2348 κακοδοξίᾳ,
3458 2277 3634 2345 ῶσπερ
3652 2275 3739 2325 τινὶ

2193 2373 2495 2443 περιτυχὼν
2553 2374 2796 2445 ἑρμαίῳν
2850 2373 3020 2444 ταύτῃ
3078 2373 3213 2443 μόνῃ
3269 2369 3596 2437 συνεπλάκη,
3648 2363 3740 2416 οὐδ’

2191 2465 2327 2536 αὐτῇ
2362 2468 2425 2517 ἐκ
2446 2464 2735 2536 προσώπου
2754 2464 2849 2518 τοῦ
2879 2465 3128 2535 Σωτῆρος
3158 2459 3613 2532 ἡμῶνεξρημένῃ,
3637 2455 3737 2507 ἀλλ’

2191 2558 2255 2608 ἐκ
2280 2553 2567 2626 προσώπου
2596 2555 2688 2608 τοῦ
2718 2554 3129 2623 εὐαγγελιστοῦ’
3156 2553 3220 2605 δι’
3258 2549 3328 2624 ἦς
3358 2550 3519 2603 αὐτὸν
3546 2548 3735 2615 ὠνόμα-

2195 2663 2307 2709 σεν,
2350 2647 2445 2698 Ἑν
2473 2644 2632 2714 ἀρχῇ
2656 2642 2735 2715 ἦν
2767 2648 2800 2699 ό
2833 2647 3042 2715 Λόγος,
3074 2648 3269 2704 είπων,
3294 2642 3397 2695 καὶ
3422 2644 3454 2695 ὁ
3474 2642 3651 2707 Λόγος
3671 2633 3737 2705 ἦν

2192 2736 2342 2804 πρὸς
2364 2736 2470 2789 τὸν
2495 2736 2663 2799 Θεὸν,
2713 2736 2807 2788 καί
2839 2735 2983 2787 Θεόρ
3012 2731 3090 2804 ἦν
3110 2737 3142 2787 ό
3185 2735 3374 2801 Λόγος
3401 2748 3415 2761 ⁸
3454 2730 3596 2783 ἐνθεν
3626 2726 3735 2794 γοῦν

2188 2826 2468 2896 ὁρμηθεὶς,
2502 2826 2578 2889 ὡς
2613 2825 2776 2895 μηδὲν
2810 2826 2935 2877 ὄντα
2958 2824 3143 2893 ἕτερον
3180 2824 3212 2894 ἦ
3251 2823 3431 2891 λόγον,
3461 2822 3632 2891 ὅμοιον
3669 2816 3734 2885 τῷ

2190 2919 2467 2987 παρ’ἠμίν
2499 2917 2844 2986 ἐγνωσμένῳ,
2872 2917 2961 2970 τὸν
2992 2915 3119 2968 Υίὸν
3149 2917 3445 2986 ἠρνήσατο.

519 3010 608 3064 ubi
656 3025 715 3063 se
751 3012 816 3063 ad
868 3011 1358 3065 demonstrationes
1396 3011 1747 3080 applicuerat,
1796 3011 1859 3065 de
1886 3008 2231 3066 Testamento
2270 3010 2451 3067 Veteri
2491 3020 2653 3082 atque
2694 3009 2886 3065 Novo:
2953 3011 3305 3079 nndiquaque
3334 3017 3479 3064 certe
3512 3001 3734 3075 impelle-

438 3178 441 3181 _
517 3103 701 3168 batur,
742 3104 793 3155 in
820 3105 1100 3172 angustias
1132 3103 1541 3171 conjiciebatur,
1566 3119 1724 3157 unam
1752 3118 1877 3157 vero
1899 3103 2144 3158 voculam
2169 3105 2254 3157 vix
2298 3105 2512 3159 tandem
2543 3106 2764 3173 reperit,
2800 3108 2856 3166 ›Ι‹
2877 3117 2997 3171 quae
3020 3102 3186 3171 ipsius
3213 3092 3730 3166 haereticasgopinioni

521 3194 704 3247 favere
758 3195 869 3246 visa
925 3206 1032 3252 est.
1072 3195 1199 3249 huic
1245 3196 1334 3248 uni
1386 3205 1639 3262 tanquam
1679 3210 1801 3247 cum
1858 3196 2001 3250 bono
2046 3196 2155 3250 Deo
2205 3196 2492 3250 adinvento
2529 3195 2858 3255 adminiculo
2912 3209 2971 3248 se
3008 3193 3289 3263 applicuit.
3321 3191 3432 3245 Nec
3469 3199 3580 3244 erat
3625 3183 3728 3254 qui-

518 3283 640 3335 dem
704 3283 939 3348 illud,de
969 3299 1195 3351 persona
1235 3284 1544 3341 Servatoris
1571 3287 1739 3340 nostri
1764 3286 1961 3340 dictum
1989 3297 2334 3355 usurpatum,
2377 3287 2471 3341 sed
2501 3286 2862 3357 evangelistze.
2896 3284 3028 3340 Nam
3054 3285 3101 3340 is
3140 3300 3269 3339 eum
3312 3285 3383 3337 ita
3415 3279 3648 3350 appellat,
3672 3274 3727 3328 In

517 3370 779 3439 principio
823 3382 933 3426 erat
976 3372 1220 3439 Verbum,
1273 3376 1545 3443 inquiens,
1574 3385 1625 3429 et
1660 3375 1879 3430 Verbum
1910 3389 2020 3431 erat
2046 3380 2185 3446 apud
2205 3376 2396 3441 Deum,
2427 3388 2473 3431 et
2510 3378 2649 3432 Deus
2670 3391 2782 3432 erat
2808 3377 3035 3431 Verbum
3052 3378 3120 3430 δ’.
3164 3376 3306 3430 Hinc
3354 3374 3441 3429 ille
3486 3370 3729 3442 profectus

518 3459 715 3517 Filium
754 3462 1070 3532 planissime
1104 3478 1419 3536 pernegavrt
1467 3478 1723 3536 tanquam
1750 3470 1844 3538 qui
1877 3468 2029 3538 prius
2072 3467 2209 3523 nihil
2236 3467 2380 3522 aliud
2406 3478 2543 3535 erat,
2572 3483 2733 3538 quam
2769 3469 2991 3524 verbum
3033 3467 3371 3523 simillimum
3397 3465 3518 3520 huic
3542 3470 3724 3517 nostro.

1150 3560 1300 3615 CAP.
1345 3560 1413 3615 Χ.

2846 3562 3003 3615 ΚΕΦ.
3045 3564 3102 3615 1⁸.

1150 3568 1300 3615 CAP.
1347 3568 1413 3615 Χ..

521 3649 679 3714 Quod
703 3666 806 3702 non
837 3659 972 3703 recte
1004 3652 1136 3718 cepit
1180 3652 1312 3771 ἱιιιιιι
1339 3665 1357 3702 :
1390 3670 1407 3702 ι
1435 3649 1500 3704 In
1520 3652 1777 3721 principio
1806 3664 1918 3708 erat
1958 3652 2087 3709 Ver-

1220 3737 1365 3771 um.)

2846 3568 3003 3615 ΚΕΨ.
3046 3568 3102 3615 1⁸.

2191 3676 2309 3730 Ὅτι
2338 3675 2424 3746 μὴ
2444 3674 2628 3745 ὀρθῶς
2651 3676 2894 3742 ἐδέξατο
2923 3678 2992 3730 τό
3011 3693 3024 3705 ·
3039 3695 3055 3726 ι
3082 3676 3175 3728 Ἑν
3189 3677 3264 3743 dp
3269 3674 3351 3745 κῇ
3366 3671 3441 3744 ἦν
3456 3676 3487 3727 ό
3506 3672 3722 3738 Λόγος.»

510 3828 515 3841 ε
592 3808 881 3863 Enimvero
934 3824 1040 3863 non
1092 3810 1262 3864 solum
1312 3811 1481 3866 solius
1511 3812 1672 3868 Verbi
1702 3814 1917 3869 nomine
1940 3829 2094 3869 com-

522 3899 743 3968 pellavit
792 3915 1020 3969 magnus
1056 3910 1109 3956 et
1143 3902 1357 3957 divinus
1408 3904 1757 3973 evangelista,
1799 3905 1941 3973 quod
1978 3906 2087 3974 iam

522 3989 720 4055 saepius
755 4004 785 4041 a
812 3989 964 4043 nobis
992 3991 1195 4044 dictum
1228 4000 1330 4057 est,
1360 3992 1451 4046 sed
1493 3993 1681 4058 Deum,
1710 3993 1999 4059 etLucem,
2034 4004 2091 4051 et

476 4130 483 4134 ,
522 4076 743 4140 Filium,
779 4086 832 4130 et
888 4076 1230 4146 Unigenitnm
1272 4082 1617 4149 :quinetiam
1662 4082 1810 4136 illum
1850 4085 2088 4151 seipsum

522 4160 896 4225 Servatorem,
940 4164 1162 4216 verbum
1206 4172 1385 4219 autem
1434 4167 1601 4221 solius
1647 4167 1940 4239 Scriptura
1988 4186 2089 4225 ηοσ-

520 4267 790 4321 quaquam
824 4252 1122 4321 appellasse
1151 4255 1430 4322 perhibet;
1465 4270 1560 4325 per
1588 4257 1896 4313 universum
1928 4275 2089 4329 porro

480 4345 874 4414 ,Evangelinm
917 4348 1103 4409 vitam,
1163 4356 1216 4402 et
1274 4349 1471 4414 lucem,
1530 4358 1585 4404 et
1640 4351 1999 4420 unigenitum,
2034 4361 2090 4405 et

521 4436 719 4489 Filium
775 4437 889 4502 Dei,
939 4447 994 4491 et.
1042 4439 1349 4504 veritatem,
1395 4449 1449 4494 et
1500 4442 1985 4507 resurrectionem;
2036 4451 2088 4496 et

522 4540 715 4593 panem
739 4528 884 4589 vitae,
915 4537 970 4581 et
1000 4530 1187 4592 vitem,
1220 4537 1276 4583 et
1325 4541 1619 4597 pastorem,
1673 4539 1728 4584 et
1776 4532 2089 4587 innumeras

521 4613 656 4668 alias
683 4616 1120 4671 nomenclaturas
1153 4626 1215 4670 ut
1259 4618 1313 4671 in
1352 4617 1781 4686 praecedentibus
1810 4630 2086 4674 ostensum

519 4713 624 4757 est.
665 4704 803 4770 Quid
830 4722 1007 4761 causa:
1037 4707 1223 4771 fuerit,
1254 4710 1476 4761 ut’cum
1508 4716 1587 4761 tot
1628 4710 1741 4763 sint
1765 4719 1819 4764 et
1850 4710 2005 4777 tales,
2034 4712 2085 4765 in

521 4792 669 4847 nulla
719 4793 825 4847 alia
880 4796 1182 4849 substiterit
1217 4794 1472 4859 dictione,
1516 4795 1612 4849 sed
1674 4811 1773 4851 nec
1824 4799 2088 4855 curiosius

2259 3812 2450 3865 Καίτοι
2493 3811 2554 3864 οὐ
2583 3812 2753 3879 Λόγον
2790 3812 2947 3882 μόνον
2982 3810 3144 3872 αὐτὸς
3175 3810 3204 3861 ό
3259 3808 3436 3877 μέγας
3472 3804 3559 3856 xui.
3603 3800 3722 3857 θεῖος

2187 3900 2576 3971 εὖαγγελιστὴς
2610 3901 2895 3971 κέκληκεν,
2945 3900 3021 3962 ὼς
3055 3897 3317 3960 πολλάκις
3351 3898 3477 3967 ἡμῖν
3516 3892 3718 3961 εἴρηται.

2188 3991 2325 4045 ἀλλά
2370 3992 2462 4045 καὶ
2494 3992 2645 4049 Θεὸν.
2679 3992 2772 4043 καὶ
2804 3991 2943 4055 Φῶς,
2981 3991 3075 4043 καὶ
3104 3990 3251 4054 Υίὸν,
3302 3990 3397 4043 καὶ
3438 3976 3716 4048 Μονογενῆ·

2190 4083 2353 4136 αὐτόν
2384 4099 2444 4134 τε
2482 4083 2571 4135 τὸν
2618 4084 2846 4152 Σωτῆρα
2894 4084 3099 4153 ἱστορεῖ
3153 4082 3345 4133 ἐαυτὸν
3383 4069 3720 4133 ἀποκαλοῦντα

2189 4169 2345 4237 λόγον
2374 4171 2473 4240 μὲν
2501 4169 2737 4238 οὐδαμοῦ
2764 4171 2864 4240 τῆς
2890 4171 2929 4221 Γ
2935 4171 3132 4240 ραφῆς,
3165 4171 3231 4224 δι’
3256 4171 3379 4224 ὅλου
3399 4168 3452 4221 δὲ
3469 4164 3556 4218 τοῦ
3576 4163 3719 4225 Εὐαγ-

2190 4261 2370 4328 γελίου
2399 4260 2544 4331 ζωὴν
2567 4262 2657 4313 καὶ
2687 4261 2819 4329 φῶς,
2851 4262 2945 4314 καὶ
2983 4263 3282 4333 Μονογενῆ,
3315 4263 3405 4315 καὶ
3438 4258 3556 4311 Υἰὺν
3584 4249 3715 4313 Θεοῦ,

2193 4352 2283 4406 καὶ
2308 4351 2584 4421 ἀλήθειαν,
2628 4352 2721 4404 καὶ
2745 4352 3060 4415 ἀνάστασιν,
3098 4355 3191 4407 καὶ
3241 4354 3403 4424 ἄρτον
3447 4349 3599 4417 ζωῆς,
3640 4342 3715 4395 καὶ

2190 4441 2454 4510 ἄμπελον,
2487 4444 2578 4496 καὶ
2598 4443 2852 4513 ποιμένα,
2889 4446 2983 4497 καὶ
3020 4445 3186 4514 μυρία
3227 4445 3413 4515 ἐτερα,
3436 4441 3606 4507 ὥσπερ
3638 4428 3714 4486 οὖν

2190 4532 2289 4601 ἥδη
2333 4531 2722 4602 προδέδεικται.
2755 4533 2819 4584 Τί
2868 4535 2930 4604 δή
2976 4537 3093 4587 ποτ’
3128 4530 3220 4587 οὖν
3263 4532 3521 4587 τοσούτων
3552 4528 3711 4583 ὄντων,

2189 4621 2281 4674 ἐπὶ
2317 4622 2416 4691 μὲν
2448 4622 2555 4675 τῶν
2602 4624 2798 4676 λοιπῶν
2836 4626 3090 4679 ἁπάντων
3138 4626 3235 4695 οὐχ
3268 4628 3472 4678 ἵσταται
3514 4612 3709 4688 (18)ὲπὶ

2187 4709 2288 4779 τῆς
2320 4709 2537 4775 λέξεως,
2567 4711 2663 4782 τὴν
2712 4712 2768 4765 δέ
2815 4713 2921 4766 τῶν
2954 4714 3258 4784 λεγομένων
3305 4714 3527 4766 διάνοιαν
3575 4702 3710 4755 πολυ-

2190 4803 2516 4868 πραγμονεῖ.
2539 4801 2634 4853 ἐπὶ
2668 4801 2723 4854 δὲ
2756 4802 2916 4871 μόνου
2946 4803 3038 4856 τοῦ
3081 4804 3255 4870 Λόγου
3287 4788 3707 4872 κυριολεκτείσθαι

521 4884 825 4939 νοιδιιοιυιιιι
854 4900 1070 4940 sensum
1119 4894 1350 4955 satagat,
1383 4887 1476 4941 sed
1512 4887 1679 4941 solius
1709 4888 1871 4943 Verbi
1899 4904 2083 4945 vocem

2189 4889 2345 4942 αὐτόν
2365 4908 2549 4960 φησιν,
2576 4892 2651 4956 ὡς
2673 4894 2824 4947 οὐδὲν
2867 4893 2997 4946 ὅντα
3029 4894 3212 4963 ἕτερον
3236 4893 3267 4963 ἢ
3301 4893 3496 4958 Λόγον,
3534 4881 3706 4952 Γράφει

528 4978 745 5043 proprie
794 4977 860 5030 de
916 4974 1008 5030 illo
1056 4976 1257 5030 dixerit
1315 4986 1649 5045 usurpatam,
1679 4979 1834 5047 quasi
1886 4990 2083 5047 praeter

520 5062 758 5118 Verbum
792 5066 893 5119 hoc
923 5064 1055 5118 nihil
1099 5063 1239 5119 foret
1288 5064 1453 5119 aliud.
1487 5065 1688 5120 Scribit
1738 5077 1919 5122 autem
1950 5069 2080 5122 toti-

519 5155 641 5208 dem
679 5156 858 5211 verbis
887 5171 900 5208 :
934 5154 1024 5227 [8.
1053 5154 1193 5229 XL]
1231 5176 1250 5207 ι
1278 5155 1394 5210 Non
1448 5156 1665 5225 quidem
1693 5159 2083 5215 catachrestice

521 5265 543 5297 ι
589 5247 900 5303 nominatus
942 5248 1033 5303 ille
1099 5247 1351 5311 Verbum,
1379 5258 1699 5317 rumpantur
1751 5249 1877 5304 licet
1928 5266 2081 5305 men-

527 5353 548 5385 ι
600 5337 798 5402 tiendo,
829 5338 920 5406 qui
952 5338 1165 5393 diversa
1197 5340 1413 5403 docent,
1447 5337 1540 5392 sed
1573 5352 1697 5393 vere
1746 5348 1906 5409 atque
1957 5356 2083 5408 pro-

600 5434 657 5489 rIv
697 5427 1036 5502 Ed.,Paris.,
1070 5446 1190 5499 pag.
1236 5430 1353 5483 116.

595 5518 640 5549 ⁸⁸
666 5518 855 5573 Matth.
887 5537 1014 5588 xxv,
1045 5523 1132 5577 54.
1208 5523 1253 5554 ⁸⁸
1284 5522 1436 5577 Joan.
1457 5540 1496 5589 ι,
1523 5524 1576 5576 1.

590 5610 701 5685 (ιε)
727 5609 896 5685 Ῡμιεο
1049 5615 1176 5685 τήν.

598 5679 709 5753 (itj)
734 5678 905 5753 Vulgo
933 5678 1131 5736 αὐτῶν.

594 5749 707 5817 (l7,
734 5747 907 5814 Vulgo
931 5753 1079 5805 deest
1116 5752 1234 5809 τοῦ.

595 5817 705 5890 (18)
742 5818 866 5870 Ἐπὶ
892 5818 999 5887 τῆς
1020 5819 1260 5888 λέξεως.
1284 5822 1464 5891 Forte,
1488 5824 1618 5894 μηδὲ
1638 5824 1735 5895 τὴ)
1763 5822 1924 5891 λέξιν,
1947 5826 2080 5896 μηδι,

2186 4979 2231 5030 δ’
2281 4976 2373 5033 οῦν
2413 4982 2594 5045 αὐτοῖς
2642 4985 2847 5053 ῥήμασι
2870 4984 3074 5053 λέγων·
3102 5003 3121 5034 ι
3171 4985 3245 5036 Οὐ
3301 4966 3705 5047 καταχρηστικῶς

2193 5086 2210 5119 ⁸
2244 5070 2563 5139 ὀνομασθεὶς
2594 5073 2799 5141 Λόγος,
2829 5072 2929 5127 κᾶν
2964 5072 3325 5144 διαρραγῶσιν
3357 5071 3403 5121 οἱ
3446 5054 3705 5132 ἑτεροδιδα-

2195 5179 2214 5212 ι
2244 5161 2565 5226 σκαλοῦντες
2606 5164 2939 5234 ψευδόμενοι,
2971 5163 3108 5217 ἀλλά
3139 5164 3341 5235 κυρίως
3381 5174 3437 5211 τε
3474 5151 3558 5206 καὶ
3600 5145 3703 5211 ἁλη-

2194 5272 2214 5305 ι
2252 5253 2359 5317 θῶς
2396 5254 2654 5326 ὑπάρχων
2682 5256 2872 5324 Λόγος.
2910 5276 2928 5308 ι
2968 5258 3076 5309 Καὶ
3134 5255 3293 5308 πάλιν
3314 5270 3326 5283 ·
3361 5268 3379 5301 ι
3410 5237 3700 5302 Μανθανέτω

2197 5364 2215 5397 ι
2250 5346 2429 5401 τοίνυν
2461 5349 2594 5403 Θεοῦ
2628 5352 2797 5419 Λόγον
2830 5349 2938 5422 (19)
2971 5347 3301 5420 ἐληλυθέναι,
3351 5344 3408 5396 οὐ
3438 5337 3591 5402 Λόγον
3618 5342 3699 5379 κα-

2193 5619 2455 5692 τὴνητῶν
2486 5630 2540 5673 et
2571 5636 2730 5674 voces
2752 5632 2804 5676 et
2837 5624 3130 5692 significata
3157 5622 3353 5692 omisit.
3388 5615 3453 5669 Μ.
3479 5680 3510 5692 Α
3571 5690 3579 5692 _
3635 5669 3670 5692 Β

2262 5670 2819 5763 (ίῡῖἙληλύὸέσῖεᾶἱ.
2837 5670 3446 5763 ἎἼᾸίὶῖζιῖἐεὶἦλῖθῲαι.
3474 5680 3585 5763 Qu?!
3622 5670 3694 5763 flii

2188 5756 2365 5827 spotat
2395 5759 2447 5810 in
2482 5763 2851 5827 sequentibus,
2885 5774 3008 5816 sunt
3044 5756 3262 5815 crambe
3296 5760 3375 5813 bis
3421 5756 3589 5827 905"“:
3619 5756 3690 5827 ⁰Ϋ’

2188 5775 2365 5819 spotat
2395 5775 2447 5810 ιιι
2482 5775 2538 5812 se
2582 5775 2851 5827 nennnus,
2885 5775 3008 5816 sunt
3044 5775 3262 5815 crambe
3296 5775 3375 5813 nis
3421 5775 3589 5821 pusum.
3619 5775 3666 5790 νν

2186 5826 2271 5879 δὲν
2292 5827 2474 5897 ἕτερον
2507 5775 2728 5900 ῆηζωήν,
2765 5850 2884 5886 nam
2913 5835 2986 5887 ita
3031 5836 3084 5885 in
3129 5824 3551 5901 praecedentibus,
3579 5822 3686 5866 “"“r
