3970 6512
265 488 367 545 921

1220 488 1308 545 DE
1348 490 1885 548 ECCLESIASTICA
1923 489 2323 550 THEOLOGIA
2363 495 2490 551 LIB.
2538 498 2598 555 II.

3434 489 3541 562 θέο

290 628 309 656 ι
341 605 730 675 ταχρηστικῶς
775 606 1164 678 ὀνομασθέντα,
1201 609 1276 673 ὠς
1319 612 1470 663 αὐτοί
1515 629 1696 679 φασιν,
1748 612 1843 664 ἀλλ

1972 630 1990 661 ι
2043 612 2162 679 prie
2188 614 2418 668 Verbum
2445 618 2676 671 exsistit.
2716 636 2736 669 ι
2764 618 2831 672 Ει
2881 620 3078 676 iterum
3105 638 3120 676 :
3146 621 3239 695 [Β.
3268 623 3537 703 XXXIX]

280 716 297 746 ι
338 696 517 767 ἀληθῆ
547 700 677 749 ὄντα
705 698 895 765 Λόγον.
923 717 941 750 ι
981 700 1090 752 Καὶ
1119 696 1301 763 αὖθις
1354 720 1370 750 ι
1400 702 1669 773 Πρότερον
1690 743 1703 767 ,
1734 704 1858 769 ,ὦσ-

275 810 384 862 περ
414 793 674 856 πολλάκις
714 794 869 863 ἔφην,
913 793 1063 846 οὐδὲν
1090 793 1275 865 ἕτερον
1328 790 1395 864 ἦν
1424 796 1456 865 ἢ
1490 797 1659 864 Λόγος
1679 814 1724 847 ἰ
1762 800 1856 851 xui

270 883 470 936 πάλινθ
513 902 532 933 ι
575 884 689 954 Πρὸ
719 884 814 936 τοῦ
856 883 1157 946 κατελθεῖν,
1196 874 1400 938 καὶδιὰ
1447 886 1547 956 τῆς
1578 888 1855 959 Παρθένου

275 995 292 1025 ι
332 976 617 1047 τεχθῆναι,
662 977 833 1045 Λόγος
871 973 939 1047 ἧν
994 977 1189 1048 μόνον·
1247 980 1368 1031 ἐπεὶ
1426 979 1476 1030 τί
1527 979 1712 1050 ἕτερον
1763 975 1852 1049 ἦν,

275 1084 292 1116 ι
341 1066 451 1136 πρὸ
474 1066 568 1118 τοῦ
596 1067 696 1136 τὴν
725 1067 1074 1138 ἀνθρωπίνην
1105 1069 1393 1123 ἀναλαϐεῖν
1429 1070 1606 1141 σάρκα
1637 1071 1698 1123 τὸ
1727 1088 1855 1124 κατ-

273 1176 294 1206 c
323 1157 482 1209 ελθὸν
520 1158 606 1209 ἐπ’
629 1158 872 1227 ἐσχάτων
902 1158 1009 1210 τῶν
1035 1159 1277 1230 ἡμερῶν,
1312 1160 1387 1222 ὡς
1404 1163 1496 1214 xui
1514 1162 1674 1225 αὐτὸς
1690 1162 1855 1233 ἔγρα-

275 1266 292 1298 ι
336 1264 441 1316 cpe;
470 1247 579 1299 Καὶ
616 1246 678 1299 τὸ
709 1247 964 1316 γεννηθὲν
988 1250 1052 1300 ὲκ
1080 1250 1177 1319 τῆς
1219 1250 1498 1321 Παρθένου
1553 1252 1704 1304 οὐδὲν
1732 1251 1852 1304 ἓτε-

272 1356 292 1388 ι
328 1355 425 1408 ρον
458 1334 527 1408 ἦν
561 1337 809 1406 ἢΛόγος.
856 1356 875 1387 ι
905 1338 1088 1390 Ταῦτα
1123 1340 1424 1410 Μαρκέλλῳ
1444 1340 1653 1408 λέγοντι
1690 1332 1756 1413 ἦν
1787 1344 1852 1396 ἂν

263 1430 484 1483 δίκαιον
541 1428 743 1481 τοιανδὶ
798 1430 1168 1497 προσαγαγεῖν
1227 1428 1441 1483 πεῦσιν.
1502 1431 1611 1482 Καὶ
1686 1432 1852 1485 πόθεν

261 1524 427 1591 ἡμῖν,
459 1513 504 1572 ὦ
529 1514 702 1583 οὗτος,
727 1518 791 1572 τὺ
818 1518 1001 1572 οὐδὲν
1028 1519 1234 1585 ἕτερον
1257 1519 1368 1587 (‘20)
1403 1522 1719 1593 προστίθης,
1760 1525 1852 1576 καὶ

261 1612 329 1664 τὸ
347 1613 547 1679 μόνον
562 1626 583 1674 ;
610 1610 683 1662 Τὸ
711 1609 807 1680 μὲν
829 1609 956 1681 γὰρ,
986 1610 1089 1662 Ἐν
1115 1607 1272 1677 ἀρχῇ
1298 1605 1377 1677 ἦν
1398 1613 1430 1662 ό
1458 1612 1667 1678 Λόγος,
1697 1613 1852 1683 ἀκρι-

266 1701 385 1763 6ὦς
417 1700 692 1770 ἔγνωμεν·
748 1700 842 1751 xui
881 1700 942 1751 οὐ
992 1699 1172 1768 μόνον,
1197 1697 1329 1751 ἀλλὰ
1350 1698 1434 1762 τί,
1458 1698 1566 1752 Καὶ
1601 1700 1745 1765 Θεὸς
1774 1697 1852 1770 ἦν

266 1795 302 1843 ό
332 1792 547 1860 Λόγος,
586 1790 680 1842 καὶ
716 1788 842 1857 φῶς
873 1785 952 1857 ἦν
995 1788 1061 1840 τὸ
1106 1786 1356 1856 φωτίζον
1398 1787 1593 1839 πάντα
1630 1787 1850 1856 ἄνθρω-

259 1897 389 1935 πον
424 1881 574 1955 [(21)
602 1881 930 1949 ἐρχόμενον
956 1883 1043 1945 είς
1076 1882 1182 1933 τὸν
1219 1879 1495 1951 κόσμον],
1538 1881 1632 1934 xui
1662 1898 1847 1949 μονο-

1965 720 1984 751 ι
2034 703 2223 756 Discat
2270 704 2472 758 idcirco
2513 705 2608 760 Dei
2655 707 2885 763 Verbum
2919 714 3223 779 advenisse,
3260 730 3366 771 non
3405 719 3541 775 Ver-

1964 812 1980 841 ι
2037 793 2161 845 bum
2194 793 2413 861 quidem
2448 797 2847 854 catachrestice
2889 801 3331 873 denominatum,
3362 819 3419 864 ut
3455 780 3535 867 illi

1963 899 1982 931 ι
2034 884 2205 947 aiunt,
2239 884 2334 938 sed
2370 884 2605 940 Verbum
2638 890 2922 947 verissime
2950 895 3241 951 exsistensi
3271 917 3290 950 ι
3330 899 3400 954 Ει
3429 903 3531 958 ite-

1956 989 2103 1028 rum.
2129 973 2220 1045 [R.
2256 975 2392 1029 XLII
2427 978 2553 1032 coll.
2582 994 2636 1043 p.
2670 979 2740 1035 55
2767 981 2831 1053 Β]
2887 1001 2906 1034 ι
2941 984 3009 1039 Ut
3031 987 3141 1052 jam
3162 991 3359 1057 sazpius
3383 1008 3412 1044 a
3444 1009 3530 1049 me

1959 1083 1977 1114 ι
2025 1067 2258 1132 positum
2298 1075 2402 1131 est,
2439 1067 2577 1123 nihil
2627 1080 2748 1124 erat
2774 1072 2915 1127 aliud
2939 1076 3379 1143 quam'Verbum.
3413 1101 3433 1134 ι
3465 1085 3531 1139 Et

1955 1169 2194 1211 rursus:
2231 1176 2249 1206 ι
2282 1156 2606 1228 Priusquam
2660 1162 3033 1229 descenderet,
3092 1177 3147 1221 et
3199 1173 3264 1225 de
3310 1172 3529 1243 Virgine

1960 1263 1981 1295 ι
2030 1256 2370 1309 nasceretur,
2413 1246 2646 1303 Verbum
2678 1260 2798 1304 erat
2841 1253 3014 1307 solum
3052 1270 3067 1305 :
3099 1272 3222 1309 nam
3271 1261 3398 1329 quid
3437 1261 3528 1316 ille

1959 1352 1980 1383 α
2028 1334 2172 1388 aliud
2222 1346 2454 1404 poterat,
2514 1338 2835 1407 priusquam
2886 1356 3190 1399 assumeret
3236 1348 3525 1405 humanam

1959 1444 1980 1475 ι
2025 1441 2273 1489 carnem,
2299 1428 2391 1495 qui
2421 1427 2701 1482 descendit
2732 1431 2799 1485 ad
2840 1447 2941 1487 nos
2982 1432 3038 1487 in
3072 1435 3381 1492 novissimis
3410 1441 3526 1495 die-

1938 1525 1977 1564 ‘c
2024 1514 2143 1579 bus,
2168 1533 2186 1566 ι
2207 1525 2264 1568 ιιι
2286 1516 2399 1586 ipse
2443 1516 2720 1585 loquitur?
2741 1520 2833 1584 Et,
2851 1538 2871 1572 ι
2890 1521 3020 1577 Illud
3050 1528 3191 1592 quod
3215 1527 3282 1581 de
3310 1529 3527 1600 Virgine

1959 1623 1977 1655 ι
2028 1606 2375 1672 nascebatur,
2426 1607 2559 1662 nihil
2612 1619 2731 1664 erat
2782 1621 2981 1680 printer
3037 1613 3289 1672 Verbum.
3320 1636 3341 1669 ›
3402 1604 3528 1676 Haec

1951 1698 2241 1751 allirmanti
2274 1697 2551 1765 Marcello,
2591 1701 2752 1755 talem
2786 1705 3075 1771 quamdam
3102 1708 3526 1779 interrogatiun-

1951 1788 2124 1842 cuiam
2152 1802 2453 1857 proponere
2484 1805 2590 1844 non
2613 1791 2909 1846 absurdum
2943 1792 3135 1848 fuerit:
3158 1796 3225 1849 Et
3256 1800 3523 1854 undenain

1952 1881 2142 1943 nobis,
2197 1898 2231 1935 ο
2266 1883 2405 1937 bone
2438 1888 2522 1945 ’ὦ
2558 1892 2639 1949 tu,
2698 1883 2799 1938 hoc
2857 1884 3031 1954 ipsum
3080 1886 3211 1939 nihil
3266 1888 3415 1941 aliud
3466 1902 3523 1945 et

262 1973 453 2043 γενὴς
475 1970 554 2043 ἦν
578 1973 725 2038 Υἱὸς,
778 1973 869 2025 xui
892 1974 991 2024 ὅσα
1026 1972 1371 2024 κατείλεκται
1396 1972 1592 2042 ἓτερα;
1632 1974 1751 2024 Ὅτι
1791 1971 1843 2024 δὲ

1950 1972 2116 2025 solum
2147 1974 2442 2042 proponis?
2473 1974 2603 2027 Illud
2637 1982 2786 2030 certe
2817 1995 2828 2029 ε
2858 1974 2924 2029 In
2947 1977 3205 2045 principio
3239 1988 3354 2032 erat
3395 1978 3521 2035 Ver-

260 2064 458 2132 Λόγος
482 2060 548 2134 ἦν
573 2066 787 2131 μόνον,
818 2063 911 2116 xui
950 2062 1102 2115 οὐδὲν
1136 2063 1377 2132 ἕτερονῆ
1410 2064 1616 2130 Λόγος,
1657 2063 1756 2114 οὐκ
1779 2061 1845 2115 ἂν

260 2153 382 2223 ἔχοι
415 2172 499 2217 τις
522 2154 810 2223 εἰρημένον
836 2152 1133 2216 ἀποδεῖξαι.
1165 2153 1335 2205 Πόθεν
1355 2149 1446 2205 οὖν
1480 2154 1541 2205 τὸ
1561 2154 1659 2221 τῆς
1674 2170 1844 2225 προσ-

264 2244 452 2314 θήκης
474 2242 769 2313 τόλμημα;
806 2243 903 2296 Διὰ
931 2243 982 2294 τί
1008 2242 1117 2315 γὰρ
1140 2243 1260 2313 οὐχὶ
1290 2242 1489 2312 μᾶλλον
1527 2242 1652 2295 Υἱὸν
1682 2243 1845 2304 ἄντις

262 2336 413 2390 εἴποι
442 2335 604 2387 αὐτὸν
653 2334 833 2405 μόνον,
884 2334 977 2386 xui
1003 2334 1153 2386 οὐδὲν
1180 2334 1365 2404 ἓτερον
1392 2333 1423 2403 ἢ
1455 2334 1614 2398 Υἱόν;
1664 2335 1761 2387 Διὰ
1791 2334 1843 2385 τί

260 2431 321 2482 δὲ
356 2431 418 2482 οὐ
454 2429 588 2482 Θεὸν
617 2429 712 2481 καὶ
738 2428 891 2481 οὐδὲν
919 2428 1105 2498 ἕτερον
1130 2428 1163 2498 ἢ
1202 2428 1332 2480 Θεόν
1361 2444 1375 2491 ;
1410 2427 1497 2480 διὰ
1515 2428 1566 2479 τί
1604 2427 1676 2497 μὴ
1728 2427 1843 2495 φῶς

260 2521 362 2575 τοῦ
397 2522 626 2591 κόσμου,
659 2522 753 2573 xui
773 2520 926 2573 οὐδὲν
960 2520 1146 2591 ἕτερον
1181 2520 1214 2590 ἢ
1252 2518 1448 2584 τοῦτο;
1479 2518 1567 2571 διὰ
1591 2518 1643 2570 τί
1672 2519 1729 2571 δὲ
1768 2518 1843 2589 μὴ

264 2615 435 2686 ζωὴν,
462 2613 555 2665 καὶ
579 2612 733 2664 οὐδὲν
780 2610 995 2681 ἓτερονς
1037 2611 1133 2663 xui
1175 2610 1268 2662 ἐπὶ
1300 2609 1407 2661 τῶν
1445 2609 1842 2680 παραπλησίων

263 2706 379 2777 (2‘2)
409 2705 609 2759 ταύτὸν
636 2704 699 2758 ἄν
729 2721 813 2766 τις
850 2702 1165 2756 δικαιότατα
1199 2701 1264 2755 ἂν
1293 2700 1643 2773 προτείνειεν.
1704 2700 1841 2752 Ἀλλ’

261 2794 456 2867 ὥσπερ
478 2796 542 2849 ἄν
576 2812 683 2859 τις,
709 2796 757 2847 εί
798 2793 956 2847 τοῦτο
986 2794 1155 2861 λέγοι,
1200 2793 1458 2863 ἐλέγχοιῦ
1505 2792 1570 2846 ἂν
1596 2792 1843 2863 ἀμαρτά-

260 2904 372 2941 νων
400 2886 600 2957 (πάντα
638 2886 746 2957 γὰρ
770 2884 980 2956 ἀθρόως
1015 2884 1130 2935 ἐστὶ
1159 2881 1351 2949 ταῦτα,
1382 2877 1460 2944 εἷς
1493 2881 1567 2935 ὢν
1593 2882 1717 2944 Υἱὸς
1747 2880 1840 2933 τοῦ

258 2975 423 3044 θεοῦ,
444 2978 538 3030 xui
567 2975 618 3029 εί
641 2995 697 3030 τι
728 2976 934 3028 τούτων
977 2973 1269 3044 ἀνώτερον,
1301 2972 1419 3025 καθ’
1451 2973 1686 3042 ἑκάστην
1720 2969 1841 3024 ὲπί-

264 3088 418 3131 νοιαν
446 3069 555 3123 τῶν
591 3071 647 3122 ὲν
680 3067 829 3139 αὐτῷ
859 3068 1053 3121 θεῖκῶν
1082 3067 1381 3138 δδυνάμεων
1433 3065 1703 3135 διαφόρων
1750 3066 1843 3119 xui

263 3161 378 3215 τῶν
411 3160 722 3233 ὲπηγοριῶν
746 3159 1093 3231 ἠξιωμένος),
1123 3157 1264 3212 οὕτω
1293 3159 1385 3211 xui
1419 3158 1510 3209 ἐπὶ
1526 3155 1616 3209 τοῦ
1645 3157 1838 3225 Λόγου,

261 3258 291 3308 ό
321 3253 429 3324 φάς
464 3255 623 3325 μόνον
671 3254 843 3321 Λόγον
892 3253 1053 3307 αὐτὸν
1106 3246 1244 3304 εἶναι
1302 3252 1398 3303 xui
1433 3248 1585 3303 οὐδὲν
1632 3248 1838 3319 ἕτερον,

1951 2067 2090 2131 bum,
2122 2077 2373 2122 accurate
2408 2069 2677 2123 novimus.
2734 2068 2841 2125 Sed
2880 2086 2990 2125 non
3030 2072 3161 2126 illud
3199 2074 3397 2137 solum,
3424 2077 3518 2128 sed

1946 2157 2076 2226 quid
2117 2159 2339 2226 quaeso?
2362 2158 2625 2213 Nimirum
2659 2176 2676 2215 :
2708 2168 2764 2214 et
2820 2159 2961 2215 Deus
3010 2171 3123 2216 erat
3189 2161 3433 2230 Verbum,
3465 2174 3522 2219 et

1946 2252 2041 2304 tua:
2074 2262 2187 2305 erat
2225 2251 2537 2306 illuminans
2570 2268 2775 2306 omnem
2828 2253 3089 2307 hominem
3136 2256 3423 2326 venientem
3458 2258 3516 2310 in

1946 2340 2084 2393 hunc
2118 2341 2369 2395 mundum
2398 2358 2417 2396 :
2437 2351 2491 2396 et
2518 2351 2635 2396 erat
2666 2346 2968 2413 unigenitus
3009 2343 3186 2399 Filius
3212 2346 3279 2399 ’°.
3306 2345 3373 2397 Et
3398 2362 3518 2414 qua:

1947 2440 2145 2496 praeter
2182 2431 2283 2484 ista
2315 2432 2419 2485 alia
2457 2432 2769 2488 referuntur
2800 2436 3040 2490 nomina.
3087 2437 3158 2489 At
3209 2436 3353 2504 quod
3387 2434 3520 2490 Ver-

1945 2521 2069 2573 bum
2103 2529 2222 2575 erat
2253 2523 2448 2586 solum,
2485 2536 2660 2591 neque
2697 2525 2993 2593 quidquam
3035 2536 3232 2594 praeter
3273 2525 3519 2590 Verbum,

1944 2626 2103 2665 nemo
2138 2612 2418 2665 hominum
2461 2612 2664 2666 dictum
2722 2628 2844 2667 esse
2887 2622 3065 2683 potest
3117 2614 3516 2670 demonstrare.

1948 2699 2097 2756 Unde
2140 2702 2314 2755 audax
2346 2715 2477 2767 ergo
2521 2700 2651 2755 illud
2681 2702 3130 2765 additamentum,
3170 2702 3353 2758 solius.
3410 2702 3523 2757 Cur

1944 2809 2051 2847 non
2085 2795 2261 2863 potius
2286 2792 2487 2847 Filium
2521 2794 2645 2863 quis
2680 2792 2914 2862 appellet
2942 2805 3065 2845 eum
3109 2792 3310 2859 solum,
3343 2807 3520 2861 neque

1942 2884 2235 2953 quidquam
2284 2894 2480 2953 praeter
2525 2883 2769 2938 Filium?
2804 2883 2913 2938 Cur
2962 2898 3067 2937 non
3118 2882 3310 2947 Deum,
3342 2897 3521 2952 neque

1942 2975 2237 3045 quidquam
2281 2984 2477 3044 printer
2529 2974 2736 3029 Deum?
2774 2974 2886 3029 Cur
2923 2988 3028 3027 non
3077 2972 3264 3027 mundi
3316 2972 3517 3036 lucem,

1943 3082 2119 3135 neque
2163 3067 2453 3135 quidquam
2505 3081 2701 3136 praeter
2744 3065 2961 3121 lucem?
2999 3064 3110 3120 Cur
3161 3080 3266 3119 non
3306 3063 3514 3130 ,vitam,

1946 3172 2119 3227 neque
2144 3157 2436 3228 quidquam
2469 3166 2675 3225 praeter
2715 3156 2925 3211 vitam?
2952 3156 3235 3222 Quomodo
3261 3155 3427 3209 etiam
3457 3154 3515 3209 in

1944 3248 2179 3309 caeteris,
2216 3262 2315 3302 nec
2344 3247 2622 3302 immerito
2650 3246 2795 3317 loqui
2826 3248 2982 3303 nobis
3002 3247 3145 3301 licet.
3185 3245 3293 3301 Sed
3327 3258 3518 3315 quem-

265 3343 602 3415 σφάλλεσθαι
636 3343 702 3397 ἂν
740 3344 952 3427 λέγοιτο
1005 3344 1260 3406 εἰκότως·
1300 3341 1459 3412 μόνου
1494 3340 1603 3410 γὰρ
1631 3338 1724 3392 τοῦ
1753 3339 1843 3390 εὐ-

1949 3338 2239 3393 admodum
2289 3339 2337 3393 is
2375 3338 2467 3405 qui
2510 3339 2616 3392 ista
2660 3339 2857 3393 dixerit
2906 3353 3097 3393 errare
3124 3338 3363 3406 graviter
3386 3352 3518 3391 con-

262 3435 589 3505 αγγελιστοῦ
634 3436 880 3489 Ἰωάννου
929 3438 1125 3505 Λόγον
1170 3434 1331 3488 αὐτὸν
1384 3432 1841 3495 ἀποκαλέσαντος,

262 3530 362 3583 xui
391 3528 451 3581 οὐ
476 3528 633 3581 τοῦτο
664 3528 843 3598 μόνον,
864 3527 999 3580 ἀλλά
1021 3527 1117 3580 xui
1148 3527 1340 3597 ἕτερα*
1378 3525 1471 3578 τοῦ
1504 3525 1561 3577 δὲ
1592 3524 1844 3593 Σωτῆρος

255 3621 409 3691 φῶς,
442 3622 535 3673 καὶ
561 3620 840 3689 ἀλήθειαν,
868 3620 959 3672 xui
991 3618 1164 3686 ζωὴν,
1212 3620 1307 3671 xui
1342 3614 1641 3687 μονογενῆ
1684 3615 1839 3679 Υιὸν,

259 3713 358 3767 xui
389 3711 459 3764 τὰ
490 3712 652 3765 λοιπά
679 3711 874 3763 ἑαυτὸν
901 3710 1236 3772 ἀνειπόντος,
1268 3710 1463 3776 Λόγον
1494 3708 1549 3760 δὲ
1568 3704 1839 3776 οὐδαμῶς,

258 3804 382 3867 πῶς
409 3804 511 3857 οὐκ
530 3804 730 3858 ἄτοπον
766 3804 878 3873 (25)
905 3804 997 3856 ἐπὶ
1028 3804 1126 3874 μὲν
1173 3797 1247 3855 ὧν
1275 3802 1436 3863 αὐτὸς
1481 3800 1672 3853 ἑαυτὸν
1709 3799 1842 3852 ὠνό-

262 3912 430 3966 μασε,
468 3897 541 3965 μὴ
570 3894 745 3962 λέγειν
776 3894 832 3947 ἓν
884 3893 1091 3948 τούτων
1126 3890 1265 3947 εἶναι
1312 3893 1406 3945 xui
1449 3892 1602 3945 οὐδὲν
1631 3891 1839 3962 ἕτερον,

257 3986 358 4037 ἐπὶ
386 3984 442 4036 δὲ
472 3984 572 4053 τῆς
601 3984 695 4037 τοῦ
727 3983 1113 4053 εὐαγγελιστοῦ
1148 3983 1274 4054 περὶ
1298 3981 1462 4035 αὐτοῦ
1500 3982 1704 4051 φωνῆς,
1742 3982 1842 4051 τῆς

258 4078 459 4145 Λόγον
480 4076 641 4128 αὐτὸν
683 4074 1029 4144 ἀνειπούσης,
1063 4072 1520 4137 διαϐεϐαιοῦσθαι,
1569 4074 1644 4136 ὡς
1692 4073 1840 4125 οὐδὲν

255 4166 449 4236 ῑτερον
485 4161 552 4235 ἦν
583 4166 616 4235 ἢ
647 4167 871 4236 Λόγος-ς
922 4165 1081 4218 ’Λλλά
1124 4167 1218 4219 xui
1273 4166 1496 4237 κυρίως,
1534 4164 1690 4236 φησὶ,
1746 4164 1841 4217 xui

257 4256 481 4328 ἀληθῶς
505 4257 614 4326 (24)
646 4257 908 4327 ὑπάρχων
932 4257 1064 4318 Θεός
1088 4273 1100 4286 ·
1151 4257 1211 4308 οὐ
1243 4256 1351 4326 γὰρ
1383 4256 1446 4326 δὴ
1483 4256 1670 4326 ἔτερος
1709 4250 1776 4324 ἦν
1812 4255 1840 4305 ό

260 4351 435 4417 Λόγον
458 4349 619 4401 αὐτὸν
644 4347 902 4411 ἀνειπὼν,
929 4348 1013 4400 ἕτε
1025 4364 1115 4417 ρος
1143 4346 1199 4399 δὲ
1226 4350 1254 4399 ό
1293 4346 1424 4399 Θεὸν
1456 4346 1797 4408 ἀποκαλέσας
1822 4362 1835 4374 ·

259 4437 341 4504 εἷς
369 4439 426 4492 δὲ
457 4440 550 4493 xui
596 4441 624 4492 ό
674 4439 855 4502 αὐτός.
907 4436 1312 4507 Εὐαγγελιστὴς
1338 4436 1487 4507 ζόμοῦ
1535 4437 1627 4490 xui
1667 4436 1838 4504 Λόγον

259 4534 425 4587 αὐτὸν
448 4532 707 4597 ἐδίδαξεν,
734 4531 901 4585 εἰπών
922 4549 935 4560 ⁸
954 4531 1064 4586 Καὶ
1084 4530 1250 4600 ,Θεὸς
1282 4526 1360 4600 ἦν
1392 4533 1423 4583 ό
1464 4530 1657 4599 Λόγος
1676 4545 1690 4558 ο
1724 4531 1753 4582 ό
1792 4527 1837 4581 δ’

260 4629 425 4691 αὐτὸς
455 4630 549 4681 καὶ
572 4628 687 4697 φῶς
717 4628 877 4681 αὐτὸν
910 4626 1183 4695 ὠνόμασε.
1222 4623 1323 4676 Διὰ
1353 4623 1405 4676 τί
1462 4618 1554 4676 οὖν
1606 4622 1680 4693 μὴ
1735 4638 1835 4675 κυ-

262 4721 393 4793 ρίως
417 4722 511 4774 xui
535 4719 748 4791 ἀληθῶς
774 4719 919 4781 Υἱὸν,
958 4717 1239 4789 μονογενῆ,
1276 4716 1367 4769 xui
1390 4716 1488 4767 ὅσα
1516 4713 1649 4767 ἄλλα
1676 4712 1837 4775 αὐτὸς

255 4817 285 4868 ό
312 4814 580 4882 δεσπότης
602 4812 697 4865 xui
724 4810 913 4881 Σωτὴρ
932 4809 1027 4863 τοῦ
1073 4806 1456 4877 εὐαγγελιστοῦ
1492 4806 1617 4879 περὶ
1642 4803 1834 4857 ἑαυτοῦ

264 4903 722 4975 μεμαρτύρηκεν;
765 4903 822 4954 ὐ
862 4902 919 4953 δὲ
962 4900 1139 4953 πάντα
1191 4900 1407 4970 παρεὶς,
1455 4896 1613 4967 μόνον
1662 4894 1835 4962 Λόγον

259 4996 423 5049 αὐτὸν
448 4993 649 5066 κυρίως
679 4995 771 5047 xui
804 4992 1017 5063 ἀληθῶς
1048 4992 1314 5061 ὑπάρχειν
1355 4990 1506 5060 φησί.
1542 4989 1645 5040 Kui
1674 5003 1835 5057 προσ-

258 5086 496 5158 τίθησιν,
529 5086 604 5148 ὡς
629 5084 736 5155 ἄρα
774 5085 930 5155 μόνον
975 5084 1060 5154 εἴη
1090 5084 1281 5150 Λόγος.
1327 5079 1600 5133 Ἐντεῦθεν
1644 5078 1701 5131 δὲ
1730 5096 1830 5131 xu-

256 5180 523 5234 ταπίπτει
559 5178 653 5230 ἐπὶ
683 5176 781 5249 τὴν
819 5177 911 5230 τοῦ
940 5177 1278 5249 ἀνθρωπείου
1314 5175 1473 5242 λόγου
1518 5172 1829 5243 ὁμοιότητα.

1947 3431 2196 3484 vincetur
2237 3429 2699 3498 (quandoquidem
2772 3429 2817 3483 is
2863 3430 2954 3498 qui
3007 3443 3146 3483 unus
3191 3436 3274 3482 est
3322 3434 3377 3481 et
3419 3427 3516 3482 Dei

1944 3519 2138 3586 Filius,
2177 3522 2330 3576 hisce
2372 3521 2630 3576 omnibus
2679 3520 2993 3575 nominibus
3035 3517 3355 3590 appelletur,
3413 3532 3515 3572 nec

1945 3612 2096 3667 hisce
2138 3621 2369 3678 tantum,
2402 3612 2497 3667 sed
2530 3611 2651 3666 aliis
2697 3610 2883 3665 multis
2908 3618 3105 3680 praeter
3134 3609 3236 3663 ista
3273 3616 3328 3662 et
3366 3608 3518 3662 hisce

1944 3704 2114 3773 magis
2155 3703 2354 3758 divinis
2418 3702 2622 3766 forsan,
2674 3710 2835 3772 prout
2874 3699 3242 3754 diversimodo
3274 3698 3515 3753 divinam

1946 3796 2115 3863 ipsius
2146 3804 2467 3864 potestatem
2496 3803 2552 3848 et
2580 3794 2833 3846 virtutem
2876 3792 3381 3860 apprehendimus).
3437 3787 3516 3842 Ita

1943 3873 2159 3956 quoque
2191 3896 2244 3941 et
2279 3902 2402 3942 eum
2436 3887 2527 3955 qui
2581 3884 2814 3938 Verbum
2866 3884 3015 3938 illum
3063 3882 3236 3937 solum
3288 3880 3519 3950 appella-

1944 3979 2103 4041 verit,
2136 3992 2310 4046 neque
2333 3976 2477 4030 aliud
2521 3975 2816 4045 quidquam
2862 3983 3058 4041 praeter
3102 3972 3355 4034 Verbum,
3399 3985 3515 4023 om-

1944 4071 2069 4122 nino
2111 4068 2221 4121 falli
2274 4082 2496 4121 necesse
2524 4075 2607 4120 est
2628 4075 2680 4118 et
2710 4079 2920 4120 errare.
2944 4064 3077 4118 Cum
3108 4064 3251 4117 enim
3277 4060 3515 4115 Joannes

1940 4158 2276 4227 evangelista
2332 4156 2481 4211 solus
2529 4158 2707 4225 ipsum
2767 4154 3004 4222 appellet
3048 4151 3295 4214 Verbum,
3339 4165 3514 4219 neque

1954 4250 2177 4304 Verbum
2208 4249 2402 4312 solum,
2426 4247 2520 4303 sed
2555 4245 2739 4300 multis
2763 4234 2885 4299 aliis
2913 4243 3222 4298 nominibus
3244 4241 3508 4310 designet;

1941 4358 2174 4413 cumque
2220 4346 2336 4411 ipse
2381 4355 2439 4394 se
2470 4337 2751 4401 Servatur,
2790 4332 2959 4389 lucem
3002 4334 3265 4396 nominet,
3299 4343 3355 4387 et
3380 4332 3513 4386 veri-

1941 4445 2123 4499 tatem,
2161 4442 2217 4488 et
2274 4433 2452 4496 vitam,
2511 4440 2565 4485 et
2628 4428 2975 4498 unigenitum,
3027 4435 3080 4480 et
3124 4422 3347 4489 Filium,
3378 4439 3509 4478 nus-

1938 4541 2098 4596 quam
2170 4540 2299 4579 vero
2357 4524 2580 4578 Verbum
2633 4533 2651 4573 :
2711 4519 2986 4589 quomodo
3049 4531 3153 4570 non
3216 4516 3507 4571 absurdum

1943 4621 2103 4673 fuerit
2161 4618 2296 4672 nihil
2328 4617 2542 4687 quidem
2574 4628 2760 4685 eorum
2794 4611 3048 4681 allegare,
3090 4609 3284 4678 quibus
3308 4622 3366 4662 se
3396 4610 3509 4677 ipse

1945 4710 2268 4781 insignivit?
2314 4722 2487 4777 neque
2534 4707 2715 4760 dicere
2766 4705 2936 4772 ipsum
2986 4703 3057 4756 ita
3091 4703 3158 4755 ab
3216 4701 3320 4755 illis
3347 4716 3507 4755 voca-

1946 4812 2079 4867 tum,
2115 4810 2171 4855 et
2194 4800 2340 4854 nullo
2368 4800 2470 4851 alio
2516 4797 2767 4860 nomine;
2800 4794 3051 4848 insistere
3079 4803 3256 4847 autem
3287 4793 3340 4846 in
3379 4806 3509 4846 voce

1944 4892 2056 4956 illa,
2102 4890 2348 4955 Verbum,
2391 4889 2533 4957 quod
2567 4887 2632 4941 de
2685 4886 2801 4957 ipso
2846 4886 3126 4955 usurpavit
3154 4881 3505 4952 evangelista,

1939 4992 1992 5039 et
2017 4991 2333 5038 constanter
2367 4977 2656 5043 aﬂirmare,‘
2690 4977 2827 5032 nihil
2877 4992 3000 5031 eum
3035 4990 3157 5029 esse
3189 4974 3333 5027 aliud
3373 4987 3509 5043 pra:-

1939 5087 2024 5131 ter
2068 5074 2321 5130 Verbum?
2347 5073 2460 5127 lmo
2485 5087 2633 5135 vero.
2664 5067 2859 5138 inquit,
2895 5065 3115 5138 proprie
3153 5073 3313 5130 atque
3341 5063 3508 5117 veris-

1943 5170 2079 5226 sime
2118 5176 2237 5223 erat
2272 5167 2414 5222 Deus
2463 5163 2719 5228 Verbum,
2766 5175 2887 5215 nam
2928 5173 3032 5212 non
3066 5164 3184 5210 erat
3220 5154 3310 5208 ille
3345 5154 3504 5219 alius,

256 5277 351 5349 qui
383 5275 620 5331 Verbum
660 5276 833 5346 ipsum
877 5275 1032 5342 dixit,
1059 5275 1199 5330 alius
1236 5274 1327 5344 qui
1368 5274 1532 5327 Deum
1574 5269 1894 5338 nominavit,
1936 5269 2029 5324 sed
2077 5267 2237 5333 idem.
2269 5273 2430 5335 atque
2472 5275 2608 5315 unus
2658 5253 2985 5327 evangelista
3023 5268 3039 5307 :
3090 5250 3250 5305 simul
3283 5259 3339 5305 et
3373 5248 3508 5304 Ver-

332 5418 390 5474 >14
428 5409 524 5463 Ed.
557 5408 757 5472 Paris.,
790 5425 905 5479 pag.
935 5409 1035 5463 117

326 5507 374 5538 ὀ
401 5504 556 5560 Joan.
584 5519 620 5567 l,
650 5503 704 5568 9,
736 5501 821 5557 11.

258 5619 353 5672 xui
378 5617 471 5669 ἐπὶ
502 5612 1050 5685 τῶνηπαραπλησίων,
1082 5613 1273 5685 ταύτὸν
1305 5613 1369 5666 ἄν
1406 5629 1488 5674 τις
1518 5610 1827 5685 δικαιότατα

258 5687 615 5760 προτείνειεν.
647 5681 729 5736 Μ(
746 5714 817 5724 --
850 5681 989 5760 Intra
1016 5683 1170 5753 vulgo
1195 5682 1395 5751 ἕγραχε
1414 5695 1464 5737 et
1492 5681 1721 5734 τοίανδε.

332 5758 443 5825 (ἓο)
484 5756 650 5826 Vulgo
680 5751 1011 5826 προστιθείς.

331 5827 444 5891 (‘21)
470 5825 593 5880 Haec
617 5825 731 5878 om;
749 5825 904 5876 codd.

331 5897 443 5967 (22)
480 5895 646 5965 Vulgo
679 5894 901 5964 ταύτην,
928 5892 1031 5964 Mp.
1064 5893 1293 5946 ταύτων.

2008 5606 2118 5674 (εδ)
2155 5605 2480 5674 Imma
2495 5598 2677 5674 αὐτὸς
2701 5596 2948 5674 έᾳρτόνο.
2967 5591 3173 5674 Dividi.
3211 5590 3349 5674 "13.":
3376 5605 3506 5645 οοιι·

1931 5659 2138 5745 juuc.a,
2174 5674 2266 5725 ἐπὶ
2283 5659 2395 5745 ’μὲν
2424 5668 2499 5722 ὣν
2525 5659 2706 5745 αὐτός.
2728 5665 2813 5745 _M.
2847 5662 3055 5745 —.[S~ic
3081 5671 3133 5714 et
3166 5659 3348 5745 eode

2005 5730 2137 5812 (an
2168 5730 2471 5816 ’Υπᾶρκιιξν
2516 5730 2679 5805 8εόςὲ
2726 5730 3322 5816 13986.5“7'191ies‘55'
3361 5730 3499 5816 ΨΓ

1932 5804 2239 5869 ερ1’1υς’νυιι
2278 5804 2382 5864 una
2408 5812 2607 5879 direre,
2637 5804 2841 5872 statim,
2893 5804 3029 5872 lege,
3058 5804 3143 5854 διὰ
3194 5804 3287 5855 τοῦ
3335 5804 3503 5870 εὐαγ-

1933 5882 2196 5954 γελιστοῦ.
2226 5882 2292 5936 Μ.
