3970 6514
250 506 365 562 9715

1180 507 1270 561 DE
1312 506 1848 563 ECCLESIASTICA
1891 507 2283 565 TIIEOLOGIA
2320 509 2451 565 LIB.
2492 510 2557 567 Π.

3405 517 3517 574 θῖϐ

252 626 448 687 κελλος
482 625 583 695 τὴν
616 623 917 676 ὑπόστασιν
942 621 1039 676 τοῦ
1083 623 1403 692 μονογενοῦς
1434 623 1566 676 Υἱοῦ
1590 625 1684 676 τοῦ
1704 624 1826 676 Θεοί

1942 635 2085 687 sunt,
2133 635 2182 677 et
2230 626 2342 677 sine
2387 627 2499 689 ipso
2557 627 2755 694 factum
2810 638 2888 682 est
2932 627 3065 682 nihil
3106 630 3175 682 ".
3223 628 3280 683 In
3334 644 3509 700 eoque

252 717 525 788 ἀναιρῶν,
554 716 645 768 τὸν
676 713 823 766 θεῖον
842 712 1236 783 εὐαγγελιστὴν
1260 713 1359 783 τῆς
1389 714 1583 766 ἑαυτοῦ
1610 715 1837 768 κακοδο-

253 807 377 871 ξίας
431 805 788 877 μαρτύρεται,
823 805 899 868 ὡς
939 804 1092 857 οὐδὲν
1124 804 1312 873 ἕτερον
1350 805 1510 857 αὐτὸν
1542 806 1840 874 ἐπιστάμε-

1939 715 2157 777 dicitnr,
2210 724 2263 767 et
2316 714 2457 768 Deus
2506 726 2617 785 erat
2661 714 2904 781 Verbum,
2942 734 3045 772 non
3092 720 3289 774 dividit
3328 721 3505 775 deita-

1936 815 2061 867 tem,
2116 804 2371 871 quoniam
2416 804 2466 856 in
2522 803 2642 872 ipso
2689 816 2809 859 eral.
2847 806 3110 870 Verbum,
3147 817 3204 862 et
3246 809 3367 876 ipse
3385 820 3507 864 erat

252 915 346 951 νον
377 898 412 967 ἢ
439 898 635 965 Λόγον,
675 897 805 949 ποτὲ
836 896 936 965 μὲν
962 893 1308 964 ἐνεργοῦντα,
1327 894 1515 949 ἄλλοτε
1543 894 1600 947 δὲ
1634 894 1826 964 ἡσυχά-

1935 894 1988 947 in
2044 893 2238 949 Verbo.
2291 893 2358 947 lu
2414 910 2494 947 me
2537 896 2697 957 enim,
2751 897 2946 965 inquit,
2986 898 3165 963 Pater,
3214 909 3263 953 et
3308 917 3402 969 ego
3450 901 3505 954 in

251 987 422 1051 ζοντα
443 989 504 1039 ἑν
527 987 601 1058 τῷ
634 986 776 1057 Θεῷ,
806 986 901 1040 καὶ
925 985 1087 1039 οὐδὲν
1113 985 1298 1056 ἕτερον
1319 984 1448 1037 ὄντα
1479 984 1515 1056 ἢ
1551 982 1709 1037 αὐτὸν
1748 985 1837 1037 τὸν

248 1079 413 1134 Θεόν.

1938 984 2101 1038 Patre
2147 985 2215 1037 ’⁸.
2270 984 2558 1039 Marcellus
2608 1000 2702 1053 per
2751 988 2863 1041 haec
2910 998 2985 1041 tot
3033 998 3089 1042 et
3142 998 3288 1043 tanta
3332 990 3507 1044 subsi-

1941 1076 2193 1141 stentiam
2261 1074 2520 1143 unigeniti
2590 1075 2683 1129 Dei
2732 1075 2853 1130 Filii
2908 1077 3100 1133 tollens
3146 1089 3337 1134 testem
3391 1095 3511 1133 suae

249 1169 533 1225 haeretica:
583 1183 870 1238 pravaeqne
931 1167 1206 1237 opinionis
1262 1168 1393 1221 citat
1443 1168 1862 1233 evangelistam,
1906 1167 2057 1234 quasi
2111 1166 2248 1219 nihil
2313 1166 2457 1220 aliud
2489 1167 2576 1221 ille
2607 1168 2868 1223 voluisset
2908 1170 3151 1239 intelligi,
3179 1187 3337 1242 quam
3376 1176 3507 1230 Ver-

247 1260 409 1324 bum,
473 1274 617 1313 nunc
679 1259 1045 1328 operativum,
1089 1258 1375 1324 quiescens
1410 1258 1546 1312 alias
1589 1258 1643 1310 in
1701 1259 1829 1321 Deo,
1868 1273 1966 1311 nec
1993 1256 2284 1326 quidquam
2319 1256 2462 1310 aliud
2489 1258 2761 1313 exsistens
2788 1275 2949 1326 quam
2979 1262 3166 1316 Deum.

902 1350 1061 1401 ΚΕΦ.
1089 1349 1190 1401 ΙΒ’.

248 1440 393 1492 Ὀτι
437 1438 546 1507 μὴ,
591 1440 687 1507 ὡς,
716 1437 909 1490 ἐδόκει
949 1435 1297 1503 Μαρκέλλῳ,
1337 1440 1370 1489 ό
1405 1438 1837 1507 εὐᾳγγελιστὴς

416 1504 534 1574 ἑὴν
564 1506 697 1574 περὶ
728 1507 833 1559 τοῦ
872 1506 1065 1573 Λόγου
1095 1507 1409 1574 θεολογίαν
1436 1504 1692 1572 ἐξέθετο.

324 1599 527 1651 Καίτοι
556 1599 584 1650 6
615 1598 789 1665 μέγας
822 1596 1231 1665 εύαγγελιστὴς,
1269 1597 1384 1667 ἅμα
1430 1598 1524 1650 καὶ
1567 1597 1834 1666 θεολόγος,

247 1689 444 1759 τρίτον
476 1688 531 1739 ἐν
558 1686 739 1755 ταύτῷ
768 1685 1146 1756 μνημονεύσας
1181 1685 1276 1739 τοῦ
1309 1686 1481 1754 Λόγου
1507 1725 1521 1749 ,
1552 1686 1658 1739 οὐδ’
1690 1686 1835 1752 ἅπαξ

246 1777 483 1847 εἴρηκεν
507 1774 667 1827 αὐτὸν
698 1773 830 1827 Θεοῦ
855 1775 1046 1843 Λόγον.
1079 1776 1151 1827 Οὐ
1188 1775 1295 1845 γὰρ
1325 1770 1498 1838 εἶπεν,
1544 1777 1640 1829 Ἐν
1672 1775 1833 1843 ἀρχῇ

2561 1349 2715 1405 CAP.
2766 1349 2880 1404 XII.

1940 1439 2091 1505 Quod
2116 1455 2239 1503 non,
2283 1449 2337 1491 ut
2363 1438 2411 1491 Μ
2418 1438 2613 1512 arcello
2633 1440 2919 1502 videbatur,
2939 1441 3253 1512 theologiam
3274 1444 3339 1498 de
3358 1441 3509 1499 Filio

2384 1508 2706 1575 evangelista
2767 1513 3055 1579 proposuit.

2007 1598 2230 1669 Magnus
2251 1599 2527 1652 enimvero
2562 1600 2888 1669 evangelista
2923 1600 3081 1654 simul
3113 1610 3168 1655 et
3202 1602 3507 1671 theologus,

1939 1700 2020 1745 ter
2047 1706 2168 1744 cum
2202 1689 2361 1744 Verbi
2390 1690 2719 1744 mentionem
2752 1690 2854 1745 hoc
2876 1690 2929 1744 in
2971 1674 3089 1747 loco
3118 1692 3304 1758 faciat,
3336 1710 3403 1748 ne
3427 1711 3507 1749 se~

1942 1781 2042 1834 mel
2068 1780 2285 1850 quidem
2330 1780 2562 1848 appellat
2594 1795 2715 1834 eum
2748 1782 2839 1834 Dei
2880 1782 3142 1836 Verbum.
3171 1783 3287 1838 Non
3322 1784 3512 1853 utique

244 1864 333 1937 ἦν
358 1871 392 1921 ό
422 1867 529 1921 τοῦ
552 1868 698 1921 Θεοῦ
733 1869 922 1936 Λόγος
947 1885 959 1897 ο
993 1867 1108 1920 ἀλλ’
1135 1868 1419 1938 ἀορίστως,
1460 1869 1554 1920 Ἐν
1578 1866 1735 1936 ἀρχῇ
1758 1864 1826 1936 ἦν

1937 1871 2093 1933 dixit,
2128 1870 2194 1923 In
2229 1871 2480 1938 principio
2504 1882 2617 1925 erat
2652 1869 2868 1925 Verbum
2894 1873 2989 1927 Dei
3014 1888 3033 1927 :
3061 1874 3154 1928 sed
3186 1882 3393 1928 tantum
3420 1876 3507 1928 in-

248 1958 283 2006 ό
316 1956 533 2024 Λόγοςο
565 1957 697 2025 ἡμῖν
730 1954 1038 2008 καταλιπὼν
1083 1957 1260 2025 ζητεῖν
1284 1956 1464 2019 ὁποῖος
1492 1951 1559 2026 ἦν
1592 1957 1619 2007 6
1644 1956 1831 2023 Λόγος.

251 2038 368 2095 Καὶ
395 2042 583 2107 πάλιν,
615 2045 711 2096 καὶ
755 2048 787 2097 ό
822 2046 1013 2114 Λόγος
1037 2042 1114 2114 ἦν
1140 2046 1288 2112 πρὸς
1327 2045 1433 2098 τὸν
1474 2045 1641 2108 Θεὸν,
1691 2043 1833 2108 εἷπε,

248 2134 557 2203 δυνάμενος
582 2137 778 2199 εἰπεῖν,
812 2135 907 2187 καὶ
942 2139 975 2189 ό
1002 2139 1191 2205 Λόγος
1228 2137 1332 2189 τοῦ
1361 2135 1507 2189 Θεοῦ
1543 2133 1621 2205 ἦν
1645 2136 1713 2187 ἐν
1756 2134 1835 2200 τῷ

252 2208 403 2287 Θέῷ·
433 2223 589 2287 ἀλλὰ,
622 2225 721 2278 καὶ
754 2225 895 2291 Θεὸς
921 2221 998 2295 ἦν
1024 2229 1056 2279 ό
1072 2228 1281 2295 Λόγος,
1305 2227 1448 2297 οὐχὶ,
1466 2226 1562 2279 καὶ
1586 2226 1732 2279 Θεοῦ
1757 2222 1837 2297 ἦν

246 2315 277 2366 ὁ
298 2314 514 2382 Λόγος,
535 2314 658 2384 ἔφη,
695 2315 780 2367 ἵνα
805 2314 878 2386 μὴ
895 2315 986 2368 τοῦ
1000 2314 1131 2368 Θεοῦ
1160 2315 1436 2393 ἐνέργειαν
1458 2333 1596 2381 τινα,
1629 2332 1694 2385 or,
1705 2333 1837 2385 μαν-

247 2407 416 2475 τικήν
448 2424 593 2471 τινος
634 2407 666 2477 ἢ
724 2409 1010 2479 ποιητικὴν
1054 2403 1190 2460 εἶναι
1241 2408 1401 2461 αὑτὸν
1447 2407 1830 2477 ὑπολάϐοιμεν.

259 2500 323 2552 Ὀ
355 2498 419 2568 δὴ
455 2497 793 2567 Μάρκελλος,
819 2495 1021 2565 οἰηθεὶς
1047 2497 1213 2549 ἀΐδιον
1234 2493 1372 2549 εἶναι
1395 2497 1555 2550 αὐτὸν
1581 2498 1670 2549 τοῦ
1698 2498 1831 2550 Θεοῦ

249 2590 449 2657 Λόγον,
503 2587 647 2640 τοῦτ’
694 2588 838 2640 ἔστιν
887 2585 1177 2654 ἀγέννητον
1201 2625 1215 2648 ,
1262 2586 1518 2647 πολλάκις
1574 2586 1831 2656 ὡρίσατο,

249 2680 313 2731 ού
350 2676 610 2748 συνορῶν,
662 2677 764 2739 ὅτι,
801 2675 849 2727 εί
899 2675 996 2744 μὲν
1040 2674 1224 2743 ἕτερον
1262 2674 1353 2727 τοῦ
1383 2675 1515 2727 Θεοῦ
1545 2677 1633 2727 τὸν
1662 2676 1831 2744 Λόγον

250 2770 478 2837 φάσκει,
506 2767 596 2819 δύο
627 2765 778 2818 ἔσται
804 2765 969 2829 ἀΐδια,
994 2766 1022 2816 6
1048 2764 1219 2832 Λόγος
1252 2767 1345 2817 καὶ
1378 2766 1405 2817 6
1434 2765 1584 2829 Θεὸς,
1618 2767 1710 2818 καὶ
1733 2767 1832 2819 οὐκ

200 2874 201 2877 ‘
248 2860 326 2913 ἔτ’
358 2858 511 2911 ἔσται
544 2856 685 2928 ἁρχὴ
718 2856 814 2926 μία
838 2873 850 2885 ο
900 2857 947 2907 εί
980 2855 1037 2907 δὲ
1069 2856 1126 2908 ἓν
1152 2854 1358 2923 λέγοιτο
1397 2855 1583 2919 ἀΐδιον,
1616 2854 1704 2908 τὸν
1731 2858 1829 2909 αύ-

245 2948 343 3003 τὸν
380 2948 695 3018 ὁριζόμενος
732 2942 867 2999 εἶναι
893 2947 982 2999 τὸν
1005 2945 1138 2998 Θεὸν
1186 2945 1264 3016 τῷ
1294 2947 1471 3015 Λόγῳ,
1505 2946 1707 3016 γυμνὸν
1740 2947 1829 3000 τὸν

248 3040 540 3094 Σαὸέλλιον
573 3038 916 3109 ὁμολογήσει,
943 3039 1237 3107 υἱοπάτορα
1270 3037 1360 3088 τὸν
1388 3037 1501 3101 ἕνα,
1533 3038 1651 3090 κατ’
1669 3037 1828 3091 αὐτὸν

245 3134 478 3194 ἐκεῖνον,
522 3130 777 3197 εἰσάγων.
823 3131 1012 3182 Ἔσται
1040 3124 1132 3181 οῦν
1176 3130 1203 3179 6
1231 3128 1416 3198 Πατὴρ
1446 3128 1593 3198 αὐτῷ
1634 3145 1826 3199 γεννη-

246 3221 365 3283 θεὶς
401 3222 495 3275 καὶ
536 3220 643 3290 (5|)
684 3218 870 3271 παθὼν
917 3220 1009 3273 καὶ
1055 3219 1213 3281 αὐτὸς
1265 3219 1415 3271 ἔσται
1464 3220 1493 3271 6
1542 3198 1898 3290 56x6psvogc

247 3310 461 3379 ἑαυτῷ,
499 3309 592 3363 καὶ
626 3307 959 3361 ἀπεστάλθαι
986 3307 1157 3374 λέγων
1204 3307 1292 3376 ὑφ’
1324 3306 1545 3371 ἑαυτοῦ,
1579 3309 1671 3361 καὶ
1701 3311 1828 3363 Υἰὸν

245 3401 466 3463 ἑαυτοῦ,
492 3400 584 3452 καὶ
612 3399 895 3469 μονογενῆ,
924 3399 1021 3450 οὐκ
1048 3396 1414 3468 ὲπαληθεύων,
1446 3400 1541 3451 σὺν
1577 3400 1829 3471 εἰρωνείᾳ

239 3494 304 3549 δὲ
349 3492 835 3561 καταψευδόμενος.
888 3492 994 3543 Καὶ
1036 3490 1119 3553 τίς
1163 3489 1227 3542 ἂν
1269 3492 1453 3560 ἕτερος
1491 3490 1680 3544 τούτου
1720 3491 1827 3559 (5'2)

242 3583 668 3654 δυσσεϐέστερος
711 3581 906 3649 γένοιτ’
948 3580 1012 3633 ἂν
1061 3579 1251 3648 λόγος;
1314 3580 1471 3633 Ἀλλὰ
1515 3580 1624 3652 γάρ
1670 3583 1830 3652 ἡμεῖς

245 3674 382 3745 φέρε
420 3658 634 3742 ἴδωμεν,
679 3672 859 3723 ὁποῖον
900 3672 1027 3740 ἡμῖν
1055 3672 1082 3722 ό
1110 3669 1497 3739 εὐαγγελιστὴς
1526 3670 1694 3737 Λόγον
1732 3672 1829 3723 κεύ-

212 3760 613 3832 ἀγγελίζεται,
662 3762 917 3830 φάσκων
964 3761 1066 3812 Ἐν
1100 3757 1257 3827 ἀρχῇ
1300 3756 1377 3827 ἦν
1415 3762 1448 3811 ὀ
1475 3761 1695 3829 Λόγος,
1731 3762 1828 3816 καὶ

241 3858 281 3912 δ
301 3856 494 3924 Λόγος
524 3850 602 3923 ἦν
630 3853 779 3920 πρὸς
803 3856 909 3905 τὸν
935 3852 1101 3912 Θεὸν,
1129 3851 1226 3903 καὶ
1248 3850 1391 3914 Θεὸς
1411 3847 1489 3919 ἦν
1513 3854 1545 3904 ό
1561 3854 1769 3920 Λόγος.

1937 1959 2179 2024 deﬁnite,
2204 1959 2270 2013 In
2296 1961 2559 2029 principio
2589 1973 2699 2014 erat
2731 1957 2952 2015 Verbum
2976 1964 3042 2017 “.
3080 1962 3250 2018 Nobis
3288 1964 3508 2034 reliquit

1937 2051 2238 2120 disquirere
2266 2052 2563 2118 cujusmodi
2603 2052 2729 2106 illud
2750 2062 2867 2106 erat
2895 2052 3149 2111 Verbum.
3185 2054 3393 2111 Rursus
3414 2057 3506 2111 ubi

1936 2142 2091 2205 dixit,
2122 2151 2169 2194 et
2201 2138 2428 2194 Verbum
2454 2151 2567 2194 erat
2591 2143 2731 2208 apud
2769 2141 2931 2196 Deum
2956 2143 3001 2175 "
3034 2184 3050 2210 ,
3080 2145 3251 2213 potuit
3278 2144 3505 2211 dixisse,

1936 2243 1981 2286 et
2023 2231 2247 2285 Verbum
2292 2231 2390 2286 Dei
2442 2245 2555 2286 erat
2595 2234 2737 2302 apud
2762 2233 2965 2299 Deum;
2995 2235 3110 2298 sed,
3136 2246 3183 2289 et
3227 2235 3389 2304 Deus,
3425 2239 3508 2291 in-

1935 2326 2071 2392 quit,
2099 2336 2211 2376 erat
2242 2321 2464 2377 Verbum
2480 2323 2557 2390 ";
2582 2340 2710 2386 non.
2741 2335 2797 2381 et
2828 2323 3048 2379 Verbum
3076 2326 3168 2379 Dei
3202 2336 3315 2381 erat
3341 2327 3508 2393 Deus,

1936 2426 2002 2465 ne
2045 2428 2141 2465 nos
2199 2412 2633 2468 existimaremus
2670 2413 2902 2468 Verbum
2938 2415 3061 2468 illud
3098 2414 3215 2481 Dei,
3240 2419 3511 2486 operatio-

1936 2503 2017 2555 nis
2045 2503 2460 2574 signiﬁcativum
2491 2520 2629 2558 esse.
2674 2506 2778 2560 Sed
2815 2506 3132 2579 Marc_el|us,
3159 2524 3283 2563 cum
3315 2510 3511 2579 opina-

1936 2603 2085 2646 retur
2119 2606 2379 2648 :eternum
2404 2608 2522 2647 esse
2545 2595 2719 2663 ipsum
2750 2596 2842 2649 Dei
2883 2574 3138 2662 Ve'rhnm,
3172 2600 3273 2654 hoc
3306 2610 3390 2655 est
3418 2601 3507 2655 iu-

1932 2684 2194 2752 genitum,
2226 2684 2297 2737 ita
2329 2698 2550 2752 prorsus
2582 2699 2704 2739 eum
2735 2686 2977 2740 deﬁnivit
3008 2706 3021 2742 :
3058 2689 3281 2744 minime
3310 2692 3510 2745 adver-

1934 2782 2073 2837 tens,
2103 2774 2243 2842 quod
2267 2774 2311 2828 si
2352 2774 2582 2828 Verbum
2610 2776 2879 2831 diversum
2911 2777 3038 2845 quid
3081 2793 3107 2830 a
3147 2778 3255 2833 Deo
3283 2788 3506 2846 statuat,

1932 2865 2037 2918 duo
2064 2864 2247 2919 futura
2293 2865 2405 2920 sint
2432 2875 2637 2919 aeterna
2670 2883 2683 2918 :
2722 2867 2821 2920 hoc
2868 2878 2950 2921 est
2986 2868 3125 2923 Deus
3147 2879 3199 2921 et
3227 2870 3456 2923 Verbum
3488 2887 3509 2937 ς

1931 2969 2031 3009 nec
2066 2955 2391 3025 principium
2437 2956 2539 3009 hoc
2576 2966 2731 3024 pacto
2761 2966 3031 3012 statuetur
3066 2958 3304 3013 unicum.
3353 2962 3508 3026 Quod

1930 3046 1972 3100 si
2007 3046 2223 3100 unicum
2254 3048 2468 3101 dicatur
2495 3057 2776 3112 internum,
2800 3059 2960 3118 atque
2989 3051 3119 3105 illud
3164 3052 3337 3121 ipsum
3368 3052 3506 3107 deﬁ-

1933 3138 2044 3191 niat
2073 3153 2192 3192 esse
2218 3137 2385 3192 Deum
2417 3155 2537 3195 cum
2563 3155 2660 3194 suo
2693 3126 2890 3205 Verbo,
2922 3143 3124 3196 nudum
3162 3158 3387 3213 prorsus
3411 3141 3513 3198 Sa-

1937 3228 2157 3282 bellium
2206 3230 2548 3286 conﬁtebitur
2580 3249 2658 3297 se,
2686 3235 2801 3302 qui,
2832 3243 2888 3286 ut
2924 3234 3008 3286 ille
3040 3234 3190 3299 fecit,
3221 3250 3384 3299 unum
3418 3233 3478 3289 Pi
3506 3270 3510 3275 λ

1936 3318 2008 3372 lio
2062 3318 2274 3373 Patrem
2313 3334 2368 3374 et
2420 3324 2637 3377 unicum
2689 3326 2973 3379 conﬁnxit.
3025 3325 3331 3379 Secundum
3378 3340 3513 3396 ergo

1937 3410 2132 3477 ipsum,
2161 3412 2266 3465 erit
2303 3412 2455 3466 Patet
2512 3416 2744 3484 genitus,
2784 3428 2838 3470 et
2877 3431 3071 3485 passus
3102 3433 3116 3469 :
3151 3416 3270 3485 ipse
3304 3425 3511 3471 semet-

1939 3499 2042 3567 ipsi
2076 3501 2380 3556 orationem
2423 3504 2609 3559 fundet
2648 3522 2659 3556 :
2696 3507 2917 3560 missum
2965 3520 3023 3560 se
3065 3507 3323 3560 fatebitur
3354 3521 3384 3558 a
3417 3521 3521 3575 se-_

1940 3592 2191 3661 metipso,
2213 3602 2266 3647 et
2290 3594 2482 3649 Filium
2516 3599 2595 3651 sui
2631 3598 2799 3666 ipsius
2828 3620 2838 3653 :
2870 3608 3032 3667 atque
3064 3600 3137 3652 ita
3174 3598 3513 3653 simulatorie

1938 3694 1995 3734 se
2025 3697 2130 3735 non
2164 3698 2372 3753 revera,
2407 3690 2499 3740 sed
2542 3688 2817 3754 mentitus,
2863 3689 3119 3743 fatebitur
3150 3683 3509 3758 unigenitum.

1936 3768 2075 3835 Quid
2099 3772 2202 3828 hoc
2232 3790 2485 3832 sermone
2508 3779 2677 3847 magis
2707 3781 2927 3849 impium
2950 3781 3244 3850 excogitari
3275 3780 3508 3849 poterit?

1934 3857 2040 3913 Nos
2070 3872 2268 3929 autem,
2311 3881 2429 3936 age,
2458 3870 2867 3924 consideremus
2902 3877 2959 3934 >14
3004 3870 3161 3938 quale
3196 3869 3349 3923 nobis
3375 3867 3512 3923 Ver-

243 3951 375 4003 bum
411 3948 739 4017 evangelista
786 3945 1048 4011 enuntiet,
1074 3945 1160 3999 ubi
1197 3945 1452 4015 loquitur,
1474 3944 1539 4000 In
1564 3944 1833 4018 {principio
1871 3963 1981 4005 erat
2031 3953 2273 4027 Verbum,
2332 3972 2379 4014 et
2427 3962 2651 4016 Verbum
2700 3976 2810 4017 erat
2850 3967 2989 4033 apud
3024 3964 3206 4029 Deum,
3246 3972 3295 4017 et
3362 3961 3505 4020 Duce

241 4056 359 4097 erat
406 4041 650 4095 Verbum.

894 4138 1051 4190 ΚΕΦ.
1092 4137 1195 4189 ll".

277 4230 572 4299 Ποσαχῶς
603 4230 670 4283 τὸ
711 4231 1166 4308 σημαινόμενοτί
1192 4230 1259 4281 ἐκ
1303 4228 1412 4297 τῆς
1449 4228 1553 4283 τοῦ
1596 4230 1792 4297 Λόγου

610 4316 615 4320 “
672 4340 673 4343 η
799 4316 1005 4368 φωνης
1036 4314 1277 4351 νοεῖται.

328 4387 394 4439 Ἥ
423 4386 520 4457 μὲν
553 4382 646 4439 οῦν
690 4386 780 4439 τὸν
809 4386 965 4453 λόγον
988 4385 1221 4456 δηλοῦσα
1270 4384 1433 4452 λέξις,
1468 4385 1533 4437 δι’
1581 4386 1821 4456 Ἕλληνι-

241 4478 350 4547 κῆς
396 4477 640 4548 γλώττης
680 4477 1151 4549 προενηνεγμένη,
1190 4477 1500 4547 πολύσημον
1533 4476 1821 4530 ὑποϐάλλει

2534 4147 2685 4201 CAP.
2749 4147 2885 4201 Xlll.

1925 4254 2063 4320 Quot
2092 4258 2260 4310 modis
2288 4257 2636 4327 intelligatur,
2664 4261 2801 4326 quod
2831 4277 2950 4313 voce
2980 4259 3130 4314 Verbi
3154 4260 3501 4341 signiﬁcatur.

1954 4386 1955 4389 “
2007 4387 2120 4442 Vox
2172 4390 2258 4443 illa
2295 4390 2490 4457 λόγος,
2535 4391 2719 4446 Graeca
2763 4402 2913 4446 certe
2961 4392 3138 4461 lingua
3177 4392 3220 4446 si
3263 4390 3505 4461 profera-

1922 4490 2027 4542 tnr,
2065 4482 2266 4534 variam
2307 4497 2336 4533 a
2378 4496 2435 4534 se
2478 4482 2784 4551 suppeditat
2827 4483 3302 4551 signiﬁcationem.
3331 4483 3508 4539 Voca-

240 4570 341 4640 τὴν
363 4568 422 4632 ἐξ
437 4570 605 4639 αὐτῆς
628 4568 880 4639 Θεωρίαν.
911 4566 957 4621 α’
976 4569 1114 4639 (55)·
1130 4568 1403 4638 Κέκληται
1436 4568 1543 4640 γὰρ
1569 4569 1642 4641 [6]
1662 4569 1816 4638 λόγος

1944 4588 2005 4625 ur
2034 4571 2203 4642 logos,
2238 4573 2289 4625 id
2327 4574 2471 4642 quod
2521 4574 2827 4643 disponitur
2883 4577 2933 4629 iu
2979 4577 3159 4630 anima
3196 4576 3441 4632 rationali
3483 4594 3503 4631 :

242 4661 337 4713 καὶ
361 4662 390 4713 6
424 4661 480 4713 ὲν
508 4662 574 4730 τῇ
597 4660 785 4730 λογικῇ
817 4660 960 4731 ψυχῇ
1015 4658 1508 4729 καταϐεϐλημένος,
1542 4660 1663 4713 καθ’
1682 4661 1740 4713 ὃν
1766 4662 1825 4713 τὸ

239 4750 550 4818 λογίζεσθαι
577 4752 707 4821 ἡμῖν
742 4751 987 4821 πάρεστι.
1018 4749 1081 4817 β’.
1104 4751 1211 4802 Kal.
1229 4751 1377 4819 παρὰ
1404 4750 1590 4803 τοῦτον
1615 4751 1823 4822 ἕτερος,

236 4842 267 4893 6
319 4841 410 4893 διὰ
455 4841 713 4912 γλώττης¹
756 4843 849 4895 καὶ
901 4842 1085 4911 φωνῆς
1128 4842 1392 4914 ἐνάρθρου
1430 4844 1708 4914 σημαίνων
1748 4861 1821 4897 τι.

239 4938 306 4999 γ’.
347 4934 458 4985 Καὶ
495 4933 634 4985 κατὰ
663 4934 838 5003 τρίτον
871 4934 1096 5004 τρόπον,
1129 4936 1155 4986 6
1188 4934 1276 4987 διὰ
1314 4936 1527 5005 γραφῆς
1563 4934 1641 5005 τῷ
1684 4951 1809 5005 γρα-

239 5028 332 5095 φεῖ
352 5026 797 5096 συντεταγμένος.
827 5025 886 5078 δ’.
916 5027 1051 5096 Ἤδη
1082 5027 1135 5080 δὲ
1165 5026 1318 5095 λόγον
1346 5026 1614 5096 εἰώθαμεν
1642 5026 1825 5079 καλεῖν

237 5115 334 5168 καὶ
362 5115 454 5168 τόν
484 5116 855 5187 σπερματικὸν
895 5118 926 5189 ἢ
969 5118 1213 5187 φυτικὸν,
1260 5119 1383 5171 καθ’
1414 5119 1471 5171 ὃν
1499 5110 1725 5188 δυνάμει
1757 5118 1824 5171 τὰ

241 5205 469 5276 μηδέπω
511 5206 684 5275 φύντα
712 5209 1055 5261 έναπόκειται
1086 5212 1198 5272 τοῖς
1228 5210 1504 5281 σπέρμασι
1540 5209 1820 5280 μέλλοντα,

236 5297 361 5348 ὅσον
390 5296 543 5373 ούπω
581 5299 679 5368 τῆς
721 5300 1000 5370 ἐνεργείας
1041 5301 1120 5364 είς
1164 5300 1279 5370 φῶς
1326 5301 1591 5373 προϊέναι.
1629 5307 1687 5354 ε’.
1717 5302 1823 5354 Καὶ

239 5386 389 5457 παρὰ
434 5387 607 5441 ταῦτα
669 5390 869 5459 ἑτέρως
922 5390 1176 5444 εἰώθασιν
1208 5390 1491 5463 ὀνομάζειν
1539 5392 1691 5459 λόγον
1729 5393 1819 5445 τὸν

224 5466 653 5549 ίὲπιστημονικὸν
698 5480 891 5550 τέχνης
928 5482 1131 5552 τινὸςῆ
1168 5484 1504 5553 ἐπιστήμης,
1554 5482 1647 5535 καὶ
1686 5482 1818 5535 πάν-

312 5618 372 5675 ὦ
409 5613 504 5667 Ed.
549 5613 746 5679 Paris.,
783 5632 911 5686 pag.
949 5616 1067 5671 1‘20.

1924 4665 2063 4719 unde
2111 4667 2374 4736 contingit
2433 4666 2773 4721 ratiocinari.
2811 4667 2902 4720 Est
2947 4676 3000 4722 et
3046 4667 3197 4737 logos
3240 4671 3505 4734 secundo,

1921 4755 2061 4823 quod
2093 4755 2364 4825 signiﬁcat
2406 4754 2634 4823 aliquid,
2662 4772 2757 4824 per
2783 4756 3019 4827 linguam
3058 4766 3113 4811 et
3162 4772 3346 4812 vocem
3374 4760 3502 4811 arti-

1923 4844 2176 4898 culatam.
2196 4843 2404 4909 Tertio,
2434 4846 2575 4913 quod
2623 4847 2942 4914 descripsat,
2968 4857 3023 4901 et
3051 4849 3338 4902 scribendo
3365 4850 3503 4901 scri~

1924 4942 2043 5001 ptor
2069 4933 2340 5002 deposuit.
2370 4933 2617 4989 Solemus
2655 4944 2709 4988 et
2737 4934 2896 5003 logon
2939 4935 3210 5005 appellare
3258 4936 3497 4989 semina-

1922 5025 2022 5077 letn
2048 5034 2101 5078 et
2149 5035 2463 5079 nascentem
2516 5025 2851 5082 facultatem.
2884 5028 3188 5082 Secundum
3221 5042 3380 5096 quem
3413 5028 3500 5081 di~

1922 5128 2115 5171 cuntur
2154 5127 2419 5186 potestate
2461 5132 2606 5184 esse,
2642 5120 2694 5172 in
2723 5119 3027 5174 seminibus
3060 5119 3170 5182 illa,
3207 5133 3327 5188 quae
3361 5134 3502 5172 non«

1921 5209 2046 5261 dum
2071 5218 2225 5262 enata
2274 5219 2421 5275 sunt,
2449 5212 2543 5265 sed
2583 5211 2839 5279 deinceps
2888 5219 3012 5264 actu
3055 5209 3334 5279 proditura
3372 5218 3498 5263 sunt

1921 5302 1974 5355 in
2015 5301 2206 5355 lucem.
2238 5303 2429 5356 Adhuc
2454 5313 2507 5357 et
2539 5303 2644 5355 alin
2670 5302 2850 5365 modo,
2878 5300 3116 5356 solemus
3153 5301 3305 5371 Iogon
3342 5316 3495 5356 usur-

1923 5408 2074 5459 pare,
2131 5409 2227 5463 pro
2272 5395 2599 5449 intellectiva
2650 5395 2784 5450 artis
2836 5395 3065 5463 alicujus
3113 5406 3204 5450 aut
3254 5395 3497 5450 scientia:

1925 5484 2204 5548 facultate,
2230 5487 2479 5555 quodque
2504 5488 2748 5542 omnium
2783 5496 2834 5541 et
2872 5487 3207 5555 Singulorum
3234 5486 3478 5545 istiusmo

266 5786 271 5795 .
302 5705 351 5738 ”
375 5705 506 5759 ibid.
539 5706 593 5761 5.
668 5709 713 5738 ³³
741 5707 893 5761 Juatt.
926 5726 1036 5774 xw,
1076 5711 1155 5765 l0.
1230 5712 1273 5742 “
1298 5710 1449 5765 loan.
1491 5727 1530 5776 t,
1566 5713 1612 5766 Ι.
1689 5710 1737 5741 ’⁵
1762 5710 1826 5765 ibi

1963 5710 2010 5742 "
2032 5710 2161 5765 ibid.

316 5843 427 5916 (Sil)
452 5842 624 5916 Vulgo
654 5846 897 5916 πάσχων.

306 5915 421 5989 (3:1)
449 5914 613 5984 Vulgo
642 5914 836 5983 γένοιτ’
869 5916 932 5970 ἂν
964 5916 1177 5969 δυσσεϐ.

1979 5850 2088 5923 (53)
2120 5848 2211 5903 Sic
2244 5848 2427 5912 codd.',
2458 5848 2545 5923 qni
2589 5863 2703 5923 mn.
2757 5863 2986 5918 sequens
3029 5848 3081 5915 6,
3116 5846 3219 5923 hic
3252 5855 3305 5905 et
3349 5845 3493 5904 infra

1910 5922 2109 5975 addunt
2137 5933 2389 5974 numeros
2420 5916 2620 5974 omisu
2646 5916 2707 5972 δ’,
2806 5950 2813 5957 -
