3970 6514
488 500 598 563 927

1139 501 1414 561 EUSEBll
1451 503 1932 559 CESARIENSIS
1969 503 2120 561 OPP.
2160 504 2340 561 PARS
2378 503 2464 559 Ν.
2504 534 2574 543 —
2615 501 3032 559 οοοιιΑΤιεΑ.
3626 504 3714 560 928

488 619 542 675 di
576 618 970 672 theorematum
1024 618 1533 687 comprehensivum
1558 619 1663 683 est,
1698 620 1864 677 veluti
1894 622 2062 676 medi-

2171 618 2270 670 τῶν
2311 617 2420 670 τῶν
2458 614 2675 669 τοιῶνδε
2724 614 3095 684 θεωρημάτων
3150 614 3571 684 καταληπτικὸν,
3620 612 3714 671 οἷον

486 723 644 774 cum,
682 706 1166 785 architectonicam
1186 748 1202 771 ,
1231 708 1636 777 geometricum.

1102 818 1255 872 CAP.
1297 817 1437 872 XIV.

558 904 804 975 Qualiter
830 909 1137 969 exponenda
1162 908 1230 988 sit
1254 907 1543 988 evangelica
1581 910 1644 961 de
1678 904 1838 960 Verbo
1872 907 1994 960 doc-

1185 985 1363 1045 ,trma.

557 1084 824 1153 Quocirca
856 1098 979 1140 cum
1010 1083 1164 1154 logos
1189 1084 1262 1138 ita
1304 1084 1678 1140 diversimode'
1704 1085 2058 1156 intelligatur,

487 1177 635 1230 etab
663 1174 1017 1244 evangelista,
1058 1163 1337 1229 i'ndetlnite
1358 1174 1561 1229 dictum
1593 1176 1684 1241 sit,
1716 1174 1782 1230 In
1809 1178 2064 1246 principia

486 1273 602 1318 erat
658 1260 911 1326 Verbum,
953 1271 1005 1316 et
1046 1260 1274 1317 Verbum
1303 1263 1437 1316 illud
1471 1272 1583 1318 erat
1624 1266 1766 1333 apud
1804 1265 1995 1334 Deum,
2018 1280 2066 1323 et

487 1350 630 1407 Deus
669 1362 785 1407 erat
834 1350 1082 1417 Verbum,
1129 1352 1645 1407 animadvertendus
1685 1353 1775 1408 hic
1808 1370 1937 1409 usus
1960 1364 2064 1420 est,

487 1450 543 1495 et
570 1440 972 1509 dignoscendus
1008 1442 1161 1496 vocis
1191 1440 1335 1495 illius
1373 1442 1507 1510 logi,
1536 1455 1709 1497 novus
1736 1452 1791 1497 et
1822 1444 2065 1514 peregri-

490 1546 590 1587 nus
606 1545 757 1595 usus,
791 1546 970 1601 quem,
985 1541 1179 1600 praeter
1201 1531 1319 1586 illos
1339 1547 1476 1601 quos
1500 1534 2066 1599 commemoravimus,

478 1622 815 1693 evangelista
854 1621 1077 1677 tradidit
1109 1621 1387 1678 indeﬁnite
1429 1623 1653 1693 loquens
1675 1622 1943 1678 Verbum:
1974 1626 2069 1679 ad-

483 1712 676 1782 iiciens
698 1724 880 1767 autem
899 1712 1245 1783 peregrinum
1268 1724 1321 1768 et
1350 1714 1781 1783 inexspectatum
1805 1714 1947 1769 illius
1975 1730 2071 1769 vo-

487 1805 569 1859 cis
596 1819 838 1868 sensum,
868 1804 935 1857 ad
976 1804 1082 1857 vim
1115 1812 1170 1859 et
1214 1804 1470 1859 virtutem
1510 1806 1784 1874 propriam
1813 1804 1935 1874 ejus
1967 1807 2067 1859 ad-

486 1903 727 1963 aptatum
755 1894 806 1948 in
838 1909 905 1949 eo
932 1894 1075 1963 quod
1098 1892 1347 1957 addit,Et
1379 1895 1519 1948 Deus
1548 1905 1658 1949 erat
1682 1894 1874 1965 Logos.
1905 1875 2070 1962 Quasi

2166 708 2424 778 ἰατρικὸν,
2455 706 2489 777 ἢ
2523 705 2981 776 ἀρχιτεκτονικὸν,
3017 704 3050 775 ἢ
3086 703 3459 775 γεωμετρικὸν
3483 705 3650 771 λόγον.

2810 816 2963 869 ΚΕΦ.
2998 818 3096 868 IA'.

2166 908 2359 973 Ὅπως
2414 906 2529 975 χρὴ
2573 906 2981 973 διερμηνεύειν
3007 905 3138 975 ,τὴν
3168 906 3565 974 εὐαγγελικὴν
3604 908 3716 975 περὶ

2552 977 2658 1029 τοῦ
2689 977 2885 1044 Λόγου
2931 974 3334 1027 διδασκαλίαν

2235 1088 2516 1158 Διαφόρων
2568 1087 2747 1140 τοίνυν
2798 1086 3014 1156 τρόπων
3055 1087 3480 1156 παρισταμένων
3532 1087 3593 1139 ὲκ
3636 1088 3720 1158 τῆς

2163 1177 2258 1231 τοῦ
2284 1178 2443 1245 λόγου
2478 1180 2681 1247 φωνῆς,
2718 1176 2812 1228 τοῦ
2841 1193 2900 1228 τε
2944 1174 3329 1243 εὐαγγελιποῦ
3360 1174 3631 1239 ἀπολύτως
3656 1180 3720 1229 εἰ-

2170 1269 2415 1338 ρηκότος,
2457 1268 2559 1320 Ἐν
2604 1266 2763 1335 ἀρχῇ
2813 1262 2891 1335 ἦν
2925 1269 2958 1319 δ
2990 1266 3200 1334 Λόγος,
3257 1264 3357 1318 και
3386 1268 3619 1335 dum
3655 1264 3722 1337 ἦν

2167 1358 2315 1426 πρὸς
2334 1357 2441 1410 τὸν
2468 1356 2635 1419 Θεὸν,
2666 1357 2763 1411 καὶ
2795 1356 2939 1421 Θεὸς
2959 1352 3038 1425 ἦν
3066 1358 3099 1409 ό
3122 1358 3332 1424 Λόγος,
3369 1358 3623 1426 προσήκει
3643 1358 3720 1409 τὸν

2166 1446 2290 1499 νοῦν
2313 1444 2421 1515 (54)
2442 1447 2806 1517 ἐπιστήσαντα
2830 1444 3188 1515 καταμαθεῖν,
3210 1446 3284 1521 ὡς
3311 1445 3459 1509 ξένον
3482 1464 3530 1499 τι
3555 1450 3648 1517 χρῆ
3658 1464 3720 1516 μα

2167 1535 2325 1604 λόγου
2356 1535 2509 1606 παρὰ
2536 1535 2603 1589 τὰ
2644 1535 2959 1605 ἐγνωσμένα
2994 1537 3126 1606 ἡμῖν
3166 1536 3194 1587 6
3231 1536 3614 1606 εὐαγγελιστὴς
3644 1537 3719 1587 ἐπὶ

2167 1624 2260 1678 τοῦ
2290 1625 2553 1696 παρόντος
2582 1625 2968 1695 παραδίδωσιν,
2997 1626 3281 1688 ἀπολΰτως
3313 1627 3413 1694 μὲν
3448 1624 3606 1677 εἰπὼν
3629 1625 3718 1677 Λό-

2168 1732 2283 1783 γον,
2334 1716 2587 1786 προσθεὶς
2626 1715 2681 1768 δὲ
2718 1715 2777 1768 τὸ
2817 1714 2964 1779 ξένον
3003 1716 3099 1768 καὶ
3130 1716 3434 1786 παράδοξον
3472 1714 3564 1785 τῆς
3604 1714 3718 1767 ἰδια-

2171 1806 2365 1877 ζοὺσης
2390 1807 2535 1876 αὑτῷ
2569 1806 2847 1876 δυνάμεως
2876 1807 2933 1858 ὲν
2966 1806 3041 1876 τῷ
3068 1807 3165 1859 καὶ
3191 1806 3337 1871 Θεὸς
3360 1802 3439 1875 ἦν
3477 1808 3509 1857 ό
3533 1806 3719 1872 Λόγος.

2172 1896 2263 1968 Μὴ
2308 1898 2415 1969 γὰρ
2450 1898 2556 1950 τῶν
2584 1898 2721 1969 πρός
2770 1914 2841 1962 τι,
2873 1898 3004 1968 φησὶ
3026 1938 3041 1961 ,
3087 1899 3273 1968 νόμιζε
3309 1894 3451 1950 εἶναι
3493 1897 3582 1949 καὶ
3616 1895 3721 1948 τοῦ·

489 1985 695 2040 diceret
734 2000 748 2037 :
784 1983 969 2040 Nolito
996 1985 1333 2051 existimare,
1364 1986 1465 2039 hoc
1492 1986 1631 2039 inter
1674 2002 1767 2041 eas
1787 2002 1907 2041 esse
1941 2003 2059 2054 quae

2171 2004 2269 2050 τον,
2295 1988 2368 2048 ὡς
2393 1988 2482 2041 τὸν
2510 1990 2566 2040 ὲν
2590 1988 2735 2057 ψυχῇ
2764 1986 2940 2054 λόγον,
2971 1989 3003 2059 ἢ
3028 1989 3103 2051 ὡς
3124 1989 3218 2067 τὸν
3252 1989 3340 2042 διὰ
3371 1988 3550 2056 φωνῆς
3581 1988 3723 2039 ἀκου-

484 2084 612 2130 sunt
638 2075 707 2129 ad
744 2075 971 2144 aliquid,
1004 2084 1061 2129 ut
1091 2076 1242 2141 logos
1272 2079 1364 2146 qui
1418 2078 1471 2131 in
1512 2077 1690 2130 anima
1727 2088 1829 2143 est,
1866 2088 1959 2132 aut
1989 2079 2067 2132 lo-

486 2180 583 2235 gos
602 2165 694 2234 qui
726 2180 822 2235 per
867 2181 1054 2221 vocem
1098 2168 1411 2236 percipitur,
1440 2168 1599 2235 quive
1644 2168 1938 2223 seminibus
1983 2168 2068 2221 in-

486 2268 569 2312 est
614 2258 1024 2326 corporalibus,
1065 2264 1123 2321 r14
1178 2268 1274 2312 aut
1330 2250 1581 2314 cOnsistit
1630 2260 1682 2313 in
1743 2260 2065 2315 theoremasi

490 2349 913 2404 mathematicis.
960 2349 1023 2404 lli
1046 2350 1428 2417 οηιιιεελόγοι,
1452 2366 1573 2405 cum
1603 2351 1710 2405 sint
1743 2352 1808 2405 ad
1833 2351 2030 2419 aliquid
2049 2391 2066 2415 ,

490 2441 544 2494 in
574 2439 678 2492 alia
716 2451 770 2494 et
814 2440 1027 2494 diversa
1062 2441 1471 2510 praeexsistente
1517 2440 1818 2496 substantia
1873 2442 2069 2495 iutelivio

490 2537 691 2598 guntur
722 2546 737 2582 :
766 2537 821 2582 at
850 2528 989 2583 Deus
1027 2528 1197 2599 lggos,
1231 2545 1336 2584 non
1382 2529 1552 2584 altero
1584 2530 1787 2601 indiget
1814 2532 2073 2601 praeces-i-

490 2628 668 2675 stente
689 2635 703 2673 :
727 2631 785 2674 ut
812 2619 863 2674 in
906 2620 1022 2689 ipso
1047 2620 1120 2693 sit
1145 2628 1200 2675 et
1228 2622 1488 2676 subsistat
1522 2637 1535 2673 :
1565 2623 1658 2676 sed
1684 2638 1779 2692 per
1802 2638 1859 2677 se
1884 2624 2069 2678 vivens

489 2720 573 2764 est
592 2719 646 2764 et
662 2710 1159 2773 subsistens.veluti
1179 2711 1268 2780 qui
1286 2711 1425 2765 Deus
1441 2711 1563 2767 εἰμι
1586 2710 1727 2767 Deus
1741 2713 1937 2768 ienimr
1951 2721 2069 2767 erat

484 2800 684 2869 Λόγος.
701 2818 720 2852 ι
735 2798 875 2855 Cum
902 2814 1029 2854 vero
1044 2800 1211 2854 Deum
1236 2799 1381 2854 illum
1398 2800 1599 2856 dictum
1622 2801 1834 2868 audias,
1850 2816 1915 2856 ne
1926 2802 2070 2856 acci-

491 2893 610 2963 pias
656 2890 879 2955 dictum,
905 2889 1059 2959 quasi
1087 2891 1206 2945 sine
1235 2890 1505 2961 principio
1528 2891 1852 2961 ingenitum,
1879 2908 2068 2962 quem-

492 2981 780 3036 admodum
794 2980 1040 3036 Patrem.
1061 2981 1216 3037 Disce
1252 2989 1433 3037 autem
1465 2983 1607 3052 quod
1630 2982 1700 3036 ita
1730 2983 1784 3037 in
1805 2984 2068 3054 principio

491 3082 610 3127 erat
644 3071 744 3127 iste
779 3070 940 3138 Deus,
956 3071 1152 3140 Λόγος.
1170 3071 1451 3138 Quodnam
1470 3088 1599 3128 vero
1624 3073 1794 3143 ipsius
1823 3074 2069 3131 intendat

493 3162 841 3232 principium,
892 3161 1204 3217 manifestat
1260 3162 1314 3217 in
1364 3164 1721 3232 sequentibus
1761 3180 1775 3217 :
1821 3180 1925 3219 non
1986 3166 2067 3219 in-

493 3253 708 3323 quiens,
744 3251 812 3307 Et
846 3252 1083 3307 Verbum
1112 3262 1232 3309 erat
1271 3252 1361 3308 ille
1410 3253 1572 3320 Deus,
1609 3270 1730 3309 cum
1767 3254 2066 3324 adiectione

495 3343 708 3398 articuli
736 3361 750 3397 :
790 3352 848 3397 ut
882 3358 948 3399 ne
978 3342 1128 3398 illum
1154 3357 1294 3409 esse,
1323 3345 1414 3413 qui
1447 3354 1531 3398 est
1557 3334 1718 3413 Super
1745 3346 1946 3411 omnia,
1975 3346 2067 3400 de-

496 3434 902 3505 ﬁniret.Veru_m
935 3450 1001 3490 ne
1028 3434 1185 3499 dixit,
1216 3432 1285 3488 In
1310 3433 1439 3499 Deo,
1465 3449 1530 3488 ne
1554 3434 1621 3488 ad
1655 3435 1943 3489 humanam
1976 3435 2073 3488 de-

492 3527 646 3594 jiciat
671 3543 793 3583 eum
829 3527 1276 3590 similitudinem;
1304 3527 1418 3587 sed.
1453 3535 1508 3580 et
1539 3525 1782 3591 Verbum,
1819 3528 1915 3590 ait,
1955 3535 2068 3579 erat

497 3618 638 3685 apud
678 3615 864 3695 Deum.
895 3615 1028 3670 Nam
1073 3618 1117 3671 si
1166 3617 1500 3685 protulisset,
1547 3616 1611 3669 Et
1661 3615 1894 3671 Verbum
1943 3615 2071 3669 illud

500 3715 639 3772 erat,
671 3707 726 3761 in
760 3706 890 3774 Deo,
924 3708 1087 3761 veluti
1110 3708 1380 3777 quoddam
1414 3708 1665 3762 accidens
1717 3708 1770 3761 in
1806 3708 2071 3777 subjecto,

501 3808 594 3860 aut
621 3810 875 3869 tanquam
897 3799 1037 3853 aliud
1069 3800 1121 3854 in
1145 3799 1271 3867 alio,
1289 3800 1642 3869 compositum
1672 3801 1739 3853 ita
1763 3800 1926 3854 Deum
1947 3801 2074 3855 sub-

410 3922 417 3925 -
503 3888 765 3943 stituisset
799 3889 1151 3943 substernens
1178 3890 1324 3943 illum
1370 3891 1529 3944 veluti
1560 3892 1916 3946 substantiam
1956 3892 2085 3946 sine-

506 3978 667 4051 λόγῳ,
715 3988 771 4037 et
811 3981 965 4050 logon
1003 3981 1319 4035 substantiae
1372 3982 1521 4036 velut
1569 3982 1839 4037 accidens.
1872 3981 1925 4036 In
1968 3996 2073 4051 qua

503 4072 757 4141 opinione
786 4086 909 4126 cum
940 4071 1223 4129 Marcellus
1251 4083 1416 4137 esset,
1446 4073 1658 4128 Patrem
1684 4084 1845 4142 atque
1876 4071 2072 4126 Filium

508 4162 560 4215 in
588 4160 727 4215 idem
744 4162 1281 4232 cogit,substantiam
1316 4161 1590 4231 appellans
1619 4159 1859 4225 Patrem,
1878 4158 2073 4213 Filium

507 4266 634 4307 vero
664 4252 717 4307 in
750 4254 863 4323 ipso
911 4254 1258 4309 exsistentem
1280 4296 1295 4320 ,
1329 4253 1601 4307 accidens.
1657 4253 1733 4305 lla
1787 4252 1949 4304 Deum
1982 4248 2073 4318 qui

504 4345 839 4398 concesserit
878 4344 994 4400 sine
1029 4344 1193 4417 λόγῳ,
1224 4344 1388 4413 impio
1435 4359 1495 4397 se
1544 4352 1707 4412 atque
1762 4341 2075 4407 blasphemo

504 4435 741 4502 dogmati
777 4434 1093 4504 implicabit,
1125 4451 1247 4491 cum
1277 4435 1523 4489 admittat
1554 4432 1641 4487 ille
1667 4433 1831 4486 Deum
1859 4432 2073 4500 ἄλογον,

511 4533 693 4593 utpote
715 4524 805 4592 qui
852 4524 1008 4593 λόγον
1049 4526 1190 4580 inse
1231 4525 1425 4579 habeat
1467 4534 1720 4593 tanquam
1767 4522 2021 4577 accidens
2057 4538 2071 4575 :

2165 2080 2379 2149 όμενον,
2430 2080 2461 2151 ἢ
2510 2080 2585 2143 ὡς
2637 2081 2728 2133 τὸν
2771 2082 2828 2133 ὲν
2880 2082 3210 2149 σωματικοῖς
3249 2080 3382 2135 ὄντα
3418 2077 3720 2149 σπέρμασιν,

2166 2170 2201 2240 ῆ
2240 2172 2316 2233 ὡς
2355 2170 2446 2223 τὸν
2498 2172 2554 2223 ὲν
2607 2158 3009 2241 μαθηματικοῖς
3059 2170 3345 2240 ὑφεστῶτα
3378 2156 3719 2239 θεωρήμασιν.

2167 2255 2320 2313 Οὗτοι
2352 2260 2459 2331 γὰρ
2494 2261 2712 2323 πάντες,
2732 2260 2841 2313 τῶν
2864 2261 2997 2332 πρός
3023 2278 3075 2313 τι
3095 2261 3265 2323 ὄντες,
3300 2263 3359 2313 ὲν
3390 2258 3547 2329 ἑτέρᾳ
3572 2261 3721 2327 προὺ-

2167 2350 2461 2419 ποκειμένῃ
2525 2348 2767 2402 νοοῦνται
2835 2349 3008 2420 οὐσίᾳ·
3066 2350 3094 2402 6
3147 2348 3204 2400 δὲ
3251 2347 3387 2411 Θεὸς
3427 2347 3591 2415 Λόγος
3639 2346 3724 2413 οὐχ

2168 2440 2353 2511 ἑτέρου
2387 2440 2552 2493 δεῖται
2580 2439 2674 2492 τοῦ
2708 2440 3197 2511 προὺποκειμένου,
3230 2440 3299 2491 ἶν’
3334 2442 3392 2491 ἐν
3420 2437 3563 2507 αὑτῷ
3591 2435 3721 2505 γενᾶ-

2170 2547 2327 2601 μενος
2375 2532 2484 2601 (55)
2526 2534 2728 2602 ὑποστῇ
2755 2548 2768 2561 ”
2820 2530 2941 2583 καθ’
2972 2530 3160 2581 ἑαυτὸν
3232 2527 3291 2582 δέ
3352 2530 3465 2581 ἐστι
3495 2527 3613 2593 ζῶν,
3640 2525 3721 2577 καὶ

2168 2622 2433 2692 ὑφεστὼς,
2463 2624 2559 2677 ἅτε
2575 2623 2705 2686 Θεὸς
2726 2622 2819 2675 ὢνο
2852 2621 3041 2684 «Θεὸς»
3071 2620 3178 2691 γὰρ
3205 2617 3304 2692 «ἦν
3322 2622 3350 2672 6
3368 2620 3584 2688 Λόγος»
3608 2618 3721 2671 Θεὸν

2166 2715 2222 2768 δὲ
2257 2714 2417 2768 αὑτὸν
2449 2712 2679 2773 ἀκούων,
2718 2712 2869 2782 φησὶ,
2910 2710 2985 2782 μὴ
3026 2710 3261 2783 ἄναρχον
3304 2710 3400 2764 καὶ
3432 2710 3717 2779 ἀγέννητον,

2166 2806 2365 2877 ὁμοίως
2411 2804 2487 2875 τῷ
2530 2803 2694 2856 αὑτοῦ
2736 2804 2908 2873 Πατρὶ
2943 2802 3036 2855 καὶ
3075 2801 3238 2853 αὑτὸν
3278 2796 3419 2853 εἶναι
3454 2798 3725 2867 ὑπολάϐῃς,

2171 2897 2405 2969 μάνθανε
2453 2897 2531 2959 δὲ,
2575 2898 2658 2949 ὅτι
2705 2898 2761 2948 ὲν
2812 2895 2953 2966 ἀρχῇ
3000 2890 3068 2965 ἦν
3119 2886 3275 2956 οὗτος
3326 2895 3355 2946 6
3400 2892 3527 2954 Θεὸς
3551 2890 3715 2956 Λόγος.

2167 2991 2301 3044 Τίνα
2331 2990 2374 3042 δ’
2405 2982 2567 3042 αὑτοῦ
2603 2988 2699 3058 τὴν
2730 2985 2904 3056 ἀρχὴν
2944 2984 3264 3053 ὑφίσταται,
3302 2982 3549 3049 διασαφεῖ
3590 2980 3722 3048 ἑξῆς,

2167 3082 2267 3135 οὑκ
2318 3079 2508 3141 εἰπὼν,
2545 3080 2654 3132 Καὶ
2683 3079 2710 3130 6
2745 3077 2915 3146 Λόγος
2958 3072 3024 3145 ἧν
3070 3076 3097 3127 6
3124 3074 3277 3137 Θεὸς,
3327 3073 3461 3143 μετὰ
3503 3072 3595 3141 τῆς
3639 3068 3725 3122 τοῦ.

2166 3170 2367 3240 ἄρθρου
2411 3169 2710 3239 προθήκης,
2750 3167 2834 3219 ἵνα
2871 3165 2944 3236 μὴ
2979 3164 3137 3217 αὑτὸν
3185 3159 3325 3216 εἶναι
3349 3163 3439 3215 τὸν
3484 3163 3569 3214 ἐπὶ
3608 3160 3719 3213 πᾶν·

2167 3272 2274 3307 των
2320 3256 2599 3325 ὀρίσηται,
2649 3252 2762 3305 ἀλλ’
2796 3253 2925 3316 οὐδ’,
2986 3253 3043 3303 ὲν
3080 3252 3157 3321 τῷ
3186 3250 3329 3321 Θεῷ,
3378 3252 3462 3305 ἵνα
3502 3248 3569 3321 μὴ
3630 3264 3714 3300 κα-

2167 3344 2377 3417 ταϐάλῃ
2418 3346 2507 3396 ἐπὶ
2548 3344 2645 3413 τὴν
2696 3341 3043 3413 ἀνθρωπίνην
3100 3341 3415 3412 ὁμοιότητα·
3462 3338 3588 3392 ἀλλὰ
3612 3336 3718 3391 Kal

2169 3438 2203 3488 ό
2237 3436 2423 3503 Λόγος
2458 3430 2533 3503 ἦν
2557 3433 2705 3500 πρὸς
2736 3432 2842 3485 τὸν
2877 3430 3046 3496 Θεὸν,
3088 3451 3105 3481 ι
3136 3430 3262 3501 ἔφη.
3300 3434 3363 3485 El
3386 3431 3489 3502 γὰρ
3516 3430 3716 3500 εἰρήκει,

2171 3524 2281 3576 Kal.
2343 3526 2370 3575 6
2403 3524 2570 3591 Λόγος
2626 3519 2692 3593 ἦν
2737 3525 2793 3575 ὲν
2836 3522 2913 3592 τῷ
2956 3521 3112 3593 Θεῷ,
3158 3522 3233 3585 ὡς
3286 3526 3345 3576 ἐν
3410 3518 3721 3589 ὑποκειμένῳ

2174 3614 2537 3685 συμϐεϐηκὸς,
2570 3617 2660 3668 καὶ
2688 3615 2763 3678 ὡς
2790 3615 2974 3685 ἕτερον
3015 3616 3071 3666 ὲν
3114 3615 3286 3686 ἑτέρῳ
3325 3615 3465 3678 δοὺς,
3498 3610 3718 3664 σύνθετον

2172 3708 2359 3778 ὥσπερ
2394 3709 2577 3778 εἰσῆγε
2619 3707 2707 3759 τὸν
2741 3706 2872 3759 Θεὸν
2906 3706 3093 3758 οὑσίαν
3136 3706 3299 3759 αὑτὸν
3366 3703 3717 3771 ὑποτιθέμενος

2171 3798 2291 3868 δίχα
2324 3799 2501 3867 λόγου,
2529 3797 2869 3869 συμϐεϐηκὸς
2894 3796 2949 3848 δὲ
2979 3799 3044 3867 τῇ
3067 3797 3223 3866 οὐσία
3256 3797 3349 3850 τὸν
3370 3796 3538 3863 λόγον.
3569 3792 3718 3855 Ὅπερ

2172 3891 2374 3962 οἰηθεὶς
2407 3889 2718 3961 Μάρκελλος
2749 3888 2840 3940 τὸν
2872 3888 3089 3955 Πατέρα
3122 3887 3216 3939 καὶ
3259 3887 3352 3940 τὸν
3379 3886 3501 3939 Υἱὸν
3545 3880 3626 3934 ἐπὶ
3668 3875 3721 3927 τὸ

2174 3981 2305 4035 αὑτὸ
2340 3982 2576 4048 συνάγει,
2603 3980 2701 4049 τὴν
2724 3978 2834 4048 ('56)
2872 3978 2968 4048 μὲν
2986 3978 3173 4029 οὐσίαν
3194 3976 3374 4029 καλῶν
3403 3976 3489 4027 τὸν
3506 3969 3716 4037 Πατέρα,

2173 4074 2263 4126 τὸν
2294 4074 2339 4125 δ’
2372 4075 2429 4125 ὲν
2461 4071 2608 4141 αὑτῷ
2639 4070 2829 4138 Λόγον,
2865 4069 2955 4121 τὸν
2986 4069 3142 4123 Υἱόν·
3174 4070 3233 4121 οὑ
3278 4066 3625 4136 λογισόμενος,
3655 4058 3719 4117 ὡς

2175 4168 2202 4217 6
2259 4164 2417 4217 τοῦτο
2461 4162 2657 4225 διδοὺς,
2712 4162 2802 4213 τὸν
2853 4159 2983 4213 Θεὸν
3025 4162 3153 4214 ἄνευ
3199 4160 3359 4228 λόγου
3402 4154 3715 4221 ὑποθέμενος.

2176 4257 2318 4327 ἀθέῳ
2342 4256 2435 4308 καὶ
2467 4253 2717 4306 δυσσεϐεῖ
2746 4250 3030 4322 περιπέσοι
3062 4250 3126 4304 ἂν
3156 4250 3383 4319 δόγματι
3404 4246 3529 4300 Θεὸν
3555 4240 3717 4303 ἄλογον

2177 4348 2631 4421 παραδεχόμενος,
2662 4345 2854 4416 ἔχοντα
2895 4344 2993 4414 μὲν
3029 4342 3185 4410 λόγον
3227 4341 3302 4404 ὡς
3338 4340 3445 4409 (57)
3479 4328 3719 4404 συμϐεϐη-

2176 4443 2306 4495 κότα
2338 4442 2394 4491 ὲν
2425 4436 2592 4508 αὑτῷ,
2627 4438 2686 4489 οὑ
2735 4435 2838 4506 μὴν
2884 4435 3045 4487 αὑτὸν
3083 4434 3210 4485 ὄντα
3250 4432 3425 4499 λόγον’
3452 4428 3579 4487 δέον,
3604 4422 3653 4473 ἓν
3674 4432 3717 4469 τι

2178 4533 2338 4595 θεῖον,
2370 4529 2624 4601 ἄρρητον,
2655 4526 2879 4595 ἀγαθὸν,
2924 4523 3147 4587 ἁπλοῦν,
3192 4522 3497 4581 ἀσύνθετον,
3543 4526 3718 4601 μονοει-

508 4631 614 4671 non
656 4626 832 4671 autem
870 4619 942 4673 sit
971 4619 1083 4686 ipse
1132 4618 1305 4687 λόγος.
1343 4618 1495 4684 ,ϐυιιι
1529 4615 1754 4671 omnino
1800 4615 2070 4669 fatendum

2176 4624 2282 4687 δὲς,
2333 4599 2697 4675 τὸῖὲπέκεινα
2739 4617 2846 4670 τῶν
2895 4616 3030 4669 ὅλων
3100 4614 3400 4685 ὁμολογεῖν,
3450 4608 3555 4679 (58)
3582 4599 3717 4702 οὗτό-

509 4704 580 4758 sit
631 4705 887 4768 divinum,
908 4706 1250 4772 iuellahilem,
1272 4708 1489 4769 bonum,
1520 4706 1839 4774 simplicem,
1869 4705 2074 4760 incom-

512 4796 767 4863 positum,
784 4797 1123 4860 unil’ormem,
1143 4814 1303 4866 supra
1323 4799 1505 4853 omnia
1532 4813 1654 4853 esse
1681 4799 1854 4866 ipsum
1877 4798 2039 4852 Deum
2060 4815 2073 4852 :

514 4887 710 4954 ipsum,
745 4887 985 4957 inquam,
1005 4889 1311 4957 αὑτόλογον,
1331 4889 1675 4959 αὑτοσοφίαν,
1698 4888 1966 4959 αὑτοφὼς,
1980 4890 2079 4943 αὑ-

513 4982 741 5051 τοζωὴν,
772 4981 1093 5047 αὑτόκαλον,
1125 4981 1491 5051 αὑτοὰγαθον,
1527 4991 1621 5036 aut
1662 4982 1706 5037 si
1754 4982 1881 5052 quid
1928 4982 2076 5039 hisce

516 5073 823 5128 nominibus
869 5074 1042 5143 majus
1080 5083 1135 5128 et
1174 5073 1516 5144 praestantius
1548 5073 1842 5145 excogitari
1891 5083 2075 5144 queat.

515 5166 624 5217 luto
648 5180 778 5223 vero
805 5166 983 5234 potius
1009 5166 1150 5235 quod
1191 5166 1416 5219 excedat
1447 5174 1682 5218 mentem
1725 5180 1964 5232 onmem,
1997 5181 2081 5220 su-

516 5269 669 5328 pet'el
715 5274 930 5315 omnem
964 5258 1343 5331 cogitationem
1381 5267 1438 5313 et
1483 5256 1919 5327 disquisitionem
1959 5258 2079 5312 aui-

594 5442 655 5501 ris
695 5438 789 5491 Ed.
822 5436 995 5493 Paris.
1020 5453 1139 5507 pag.
1173 5438 1288 5493 121.

595 5594 702 5667 (ζῆ)
739 5594 908 5667 Vulgo
938 5600 1353 5667 καταστήσαντα
1383 5605 1436 5650 et
1463 5611 1583 5667 mox
1607 5596 1775 5650 εἰπὼν
1800 5596 1974 5666 λόγος.

595 5610 681 5648 tot
746 5610 908 5660 vulgo
938 5610 1353 5667 καταστήσαντα
1383 5610 1436 5650 et
1463 5611 1583 5649 mox
1607 5610 1775 5650 ειπων
1802 5610 1974 5666 λόγος.

558 5610 707 5751 ,(δίή
745 5664 911 5751 Vulgo
940 5666 1170 5751 ὑπιόρτῃ.
1202 5666 1339 5732 Mox,
1368 5672 1480 5722 loco
1506 5666 1665 5731 αὑτός
1720 5668 1769 5722 in
1802 5684 1948 5726 corr.
1990 5682 2081 5737 γρ.

527 5736 703 5797 οὗτος,
733 5744 788 5787 et
828 5737 897 5788 ita
925 5736 1081 5789 codd.

597 5804 709 5876 (73(5)
744 5803 1043 5876 Vulgupsv
1077 5806 1261 5859 οὐσίαν
1293 5805 1471 5859 καλῶν
1504 5806 1621 5876 μέν.

599 5872 709 5943 (57)
739 5872 859 5944 Μνζ
873 5872 957 5927 ἴα(
982 5875 1363 5946 συμϐεϐηκότι.

2180 4713 2319 4775 θεον,
2382 4708 2667 4772 αὑτονοῦν,
2713 4707 3035 4775 αὑτολόγον,
3078 4704 3434 4773 αὑτοσοφίαν,
3483 4694 3717 4763 αὐτόῗωῖυ

2180 4801 2478 4870 αὑτοζωὴν,
2519 4798 2836 4857 αὑτόκαλον,
2871 4796 3207 4865 αὑτοόιγαθον
3236 4795 3385 4857 ὅντα,
3428 4790 3515 4844 καὶ
3544 4782 3719 4838 τούτων

2183 4894 2291 4966 (59)
2326 4895 2353 4947 ὅ
2379 4911 2429 4946 τι
2460 4892 2524 4946 ἄν
2565 4908 2649 4955 τις
2677 4893 2921 4961 κρεῖττον
2953 4888 3279 4959 ἐπινοήσειε,
3324 4882 3512 4956 μᾶλλον
3536 4880 3575 4930 δ’
3602 4874 3718 4966 ὑπὲρ

2183 4960 2360 5040 πάντα
2410 4983 2552 5047 νοῦν,
2599 4982 2691 5035 καὶ
2722 4960 2923 5051 (πάσης
2976 4980 3229 5032 ἐπέκεινα
3281 4975 3510 5035 διανοίας
3547 4984 3599 5020 τε
3642 4960 3718 5015 καὶ

2184 5078 2552 5153 ἐνθυμήσεως.
2609 5074 2712 5126 Τὸν
2754 5074 2810 5125 δὲ
2847 5071 3036 5125 τούτου
3080 5070 3340 5141 μονογενῆ
3372 5068 3513 5128 Υἱὸν,
3555 5061 3621 5121 ὡς
3663 5052 3717 5153 δῖ)

2186 5146 2387 5222 εἰκόνα.
2411 5166 2506 5220 τοῦ
2539 5164 2771 5237 Πατρὸς,
2813 5163 2872 5229 ἐξ
2914 5162 3078 5217 αὑτοῦ
3126 5162 3319 5231 φύντα,
3364 5160 3527 5225 πάντη
3560 5168 3611 5205 τε
3642 5146 3718 5200 καὶ

2188 5260 2327 5314 κατὰ
2353 5258 2527 5312 πάντα
2552 5257 2867 5329 ὁμοιοτάτον
2895 5256 3022 5309 ὄντα
3045 5255 3121 5326 τῷ
3149 5251 3509 5324 γεγεννηκότι,
3537 5244 3619 5299 καὶ
3640 5240 3718 5294 αὖ·

2262 5593 2374 5651 (38)
2401 5591 2596 5645 Αὐτὸν
2617 5586 2750 5646 οὖν.
2770 5590 2931 5644 Forte
2960 5590 3092 5643 αὑτὸ
3118 5591 3195 5644 ὸν.
3227 5588 3297 5643 Μ.
3316 5616 3382 5627 --
3405 5582 3558 5651 Vulgo
3580 5566 3716 5626 αὑτὸν

2193 5664 2314 5716 θεὸν
2346 5662 2506 5715 αὑτὸν
2538 5658 2631 5714 οὖν
2659 5676 2803 5714 corr.
2852 5660 2918 5715 Β.

2265 5709 2521 5801 (ἐθῐλόέι
2837 5709 2993 5787 [Eone
3026 5730 3079 5784 εξ
3113 5749 3161 5783 τι
3196 5731 3258 5784 ἄν
3300 5744 3397 5789 τις.
3430 5719 3495 5775 Μ.
3527 5743 3584 5755 -
3611 5709 3713 5763 MM

2193 5805 2347 5874 Vttlgt)
2380 5802 2621 5873 ἁμουντὰ
2652 5803 2767 5871 τήν.
