3970 6532
232 408 337 471 929

1181 400 1271 459 DE
1302 399 1841 473 ECCLESIASTICA
1878 399 2268 459 THEOLOGIA
2315 406 2442 463 LIB.
2484 406 2548 464 ΙΙ.

3394 419 3499 477 930

230 522 322 574 τὸν
354 516 510 582 Θεὸν,
546 514 641 571 κα).
664 514 807 581 νοῦν,
840 516 933 571 καὶ
968 517 1146 586 λόγον,
1173 518 1267 570 καὶ
1292 517 1506 585 σοφίαν,
1530 516 1625 569 καὶ
1650 516 1802 586 ζωὴν

1921 517 2015 571 mi.
2033 514 2199 583 Hujus
2243 528 2422 573 autem
2455 518 2648 572 Filium
2703 518 3059 590 unigenitum,
3110 523 3277 581 veluti
3324 528 3501 587 Patris

230 614 324 666 καὶ
356 612 475 680 φῶς
525 605 686 674 εἶναι,
728 605 894 665 αὑτοῦ
940 628 997 665 τε
1043 608 1137 663 τοῦ
1180 609 1345 664 καλοῦ
1375 609 1468 662 καὶ
1502 608 1707 676 ἀγαθοῦ
1740 610 1821 660 εἰ·

230 702 391 753 κόνα·
430 698 532 753 οὑκ
558 695 720 754 αὑτὸν
746 699 876 753 ὄντα
901 698 993 753 τόν
1026 699 1265 770 Πατέρα,
1299 699 1436 752 ἀλλὰ
1467 698 1557 751 τὸν
1588 697 1681 750 τοῦ
1706 698 1818 749 Πα-

229 791 359 862 τρὸς
396 788 658 861 μονογενῆ
692 790 822 843 Υἱόν
848 807 862 819 ·
896 790 1002 842 οὐδ’
1022 789 1183 843 αὑτὸν
1228 789 1357 842 ὄντα
1392 788 1483 841 τὸν
1527 788 1821 856 ἀγέννητον

227 882 321 947 καὶ
354 882 614 952 ἄναρχον,
660 881 796 935 ἀλλὰ
843 881 934 933 τὸν
978 881 1037 947 ἐξ
1089 881 1254 934 αὑτοῦ
1298 881 1471 949 φύντα
1515 881 1612 933 καὶ
1647 879 1821 951 ἀρχὴν

226 970 675 1043 ἐπιγραφόμενον
706 973 796 1026 τὸν
823 973 1209 1042 γεγεννηκότα.
1239 973 1302 1025 Ei
1326 972 1400 1036 δὲ,
1432 968 1639 1033 τούτοις
1672 971 1820 1023 ἀντι-

225 1060 406 1141 λέγων
430 1062 751 1133 Μάρκελλος
781 1063 975 1123 ταύτὸν
1004 1058 1143 1115 εἶναι
1176 1062 1287 1132 (ιθ)
1320 1062 1518 1131 φάσκοι
1548 1061 1639 1115 τὸν
1666 1061 1819 1124 Θεὸν,

227 1155 323 1207 καὶ
368 1155 462 1206 τὸν
503 1156 561 1207 ὲν
604 1154 752 1225 αὑτῷ
796 1155 970 1224 Λόγον
1007 1154 1294 1208 ἀσῦνθετον
1334 1156 1429 1208 καὶ
1480 1152 1686 1207 ἁπλοῦν
1731 1153 1821 1205 τὸν

226 1244 362 1298 Θεὸν
409 1243 744 1316 ὁριζόμενος,
777 1244 897 1317 ὥρα
929 1245 1042 1315 (41)
1088 1246 1224 1315 μήτε
1255 1243 1476 1315 Πατέρα
1520 1244 1657 1314 μήτε
1690 1242 1821 1294 Υἰὸν

225 1333 512 1405 ὁμολογεῖν
556 1335 738 1400 αὑτὸν,
784 1335 1043 1407 ἄντικρυς
1083 1334 1139 1388 δὲ
1171 1336 1261 1388 τὸν
1296 1335 1546 1387 Ἰουδαῖον
1582 1332 1821 1404 προϐάλ-

222 1422 447 1486 λεσθαι,
479 1424 512 1494 ἢ
544 1424 635 1477 τὸν
674 1423 961 1477 Σαϐἐλλιον
1003 1425 1243 1494 εἰσάγειν
1269 1465 1284 1489 ,
1315 1422 1532 1495 Πατέρα
1564 1422 1659 1476 καὶ
1691 1420 1818 1473 Υἱὸν

222 1517 313 1570 τὸν
350 1517 515 1570 αὑτὸν
545 1515 682 1570 εἶναι
721 1517 1032 1587 φάσκοντα’
1070 1516 1211 1570 ὥστε
1254 1518 1374 1570 κατ’
1399 1516 1559 1569 αὑτὸν
1599 1515 1682 1577 τὸ,
1725 1514 1821 1565 Ἐν

218 1607 382 1677 ἀρχῇ
398 1604 477 1677 ἦν
501 1610 534 1661 ό
549 1608 758 1676 Λόγος,
779 1608 892 1661 ἴσον
919 1604 1057 1662 εἶναι
1083 1607 1182 1678 τῷ,
1204 1609 1299 1660 Ἐν
1315 1606 1472 1677 ἀρχῇ
1496 1606 1576 1674 ἦν·
1598 1607 1631 1658 ό
1654 1605 1817 1669 Θεός,

219 1698 314 1750 καὶ
340 1694 405 1750 τὸ
427 1737 442 1758 ,
479 1694 578 1750 καὶ
618 1700 651 1751 ό
683 1701 876 1768 Λόγος
908 1694 988 1769 ἦν
1015 1697 1165 1766 πρὸς
1191 1698 1298 1751 τὸν
1328 1697 1497 1760 Θεὸν,
1534 1698 1646 1749 ῐσον
1677 1690 1818 1747 εἶναι

216 1786 317 1856 τῷ,
352 1788 452 1841 καὶ
485 1790 518 1841 ό
558 1788 703 1854 Θεὸς
734 1784 813 1859 ἦν
846 1789 995 1858 πρὸς
1038 1790 1146 1843 τὸν
1184 1788 1351 1853 Θεὸν,
1397 1788 1600 1858 ὁμοίως
1636 1786 1693 1839 δὲ
1723 1783 1818 1838 καὶ

1928 608 2244 676 imaginem.
2294 624 2361 663 ex
2396 609 2514 678 ipso
2562 620 2761 677 ortum,
2826 614 3048 669 omnino
3089 624 3144 671 et
3178 633 3275 687 per
3316 623 3497 677 omnia

1925 713 2083 766 quam
2109 698 2450 751 simillimum
2481 701 2707 769 genitori
2733 716 2850 768 suo,
2884 714 2939 758 et
2979 706 3153 775 ipsum
3186 710 3329 776 quod
3378 725 3499 766 cre-

1925 788 2015 842 dat
2047 787 2237 851 Deum,
2259 798 2315 842 et
2365 800 2621 855 mentem,
2647 800 2703 845 et
2736 791 2915 861 λόγον,
2950 804 3005 849 et
3035 798 3357 865 sapientiam
3382 838 3401 866 ,
3440 810 3497 854 ct.

1925 879 2112 941 vitam,
2146 887 2199 931 et
2227 879 2422 943 lucem,
2449 879 2593 934 illius
2629 880 2835 949 pulchri
2873 884 3166 956 imaginem
3202 899 3364 959 atque
3397 892 3496 945 bo-

1925 971 1977 1024 ni
2017 987 2031 1023 :
2068 985 2173 1023 non
2205 977 2383 1024 tamen
2416 971 2707 1039 ipsummet
2737 973 3176 1042 genitoretn,sed
3208 979 3386 1035 Patris
3408 983 3492 1035 sui

1924 1057 2119 1112 Filium
2151 1059 2507 1126 unigenitum,
2534 1072 2639 1112 non
2670 1060 2845 1128 ipsum
2871 1062 3087 1130 quidem
3128 1067 3493 1137 unigenitum,

1924 1155 1979 1199 et
2005 1146 2460 1214 iu‘nprincipiatum
2496 1164 2510 1199 :
2546 1147 2642 1200 sed
2687 1160 2752 1201 ex
2781 1146 2871 1200 illo
2906 1159 3108 1215 ortum,
3132 1152 3212 1206 sic
3246 1162 3303 1206 ut
3345 1155 3495 1224 prin-

1922 1235 2069 1305 pium
2116 1235 2197 1288 sui
2254 1235 2492 1289 ascribat
2534 1235 2702 1289 Patri.
2752 1235 2905 1303 Quod
2945 1238 2991 1293 si
3034 1239 3182 1295 hisce
3216 1246 3492 1300 contradi-

1922 1324 2091 1378 cendo
2118 1323 2430 1387 Marcellus,
2465 1325 2603 1378 idem
2635 1338 2757 1379 esse
2797 1341 2895 1394 per
2922 1328 3102 1381 omnia
3126 1330 3325 1386 dixerit
3346 1334 3492 1389 illum

1923 1414 2114 1479 Deum,
2147 1422 2200 1468 et
2229 1414 2354 1468 illud
2391 1420 2448 1478 pla
2481 1415 2531 1468 in
2574 1429 2640 1470 eo
2681 1416 2917 1471 Verbum
2956 1419 3121 1474 Deum
3170 1422 3496 1492 incomposi-

1925 1514 2036 1558 tum
2070 1504 2337 1559 definiens
2377 1514 2539 1575 atque
2584 1505 2883 1575 simplicem
2918 1525 2935 1573 ;
2967 1508 3150 1563 videat
3188 1526 3258 1566 ne
3292 1513 3375 1567 vel
3403 1513 3498 1568 Pa-

1922 1605 2060 1651 trem
2086 1595 2169 1651 vel
2194 1595 2389 1650 Filium
2424 1610 2546 1649 eum
2570 1609 2827 1667 agnoscat
2857 1614 2872 1651 :
2900 1601 2994 1654 sed
3018 1600 3258 1677 Judaeum
3291 1618 3349 1657 se
3372 1618 3499 1673 pro-

1922 1689 2032 1754 dat,
2069 1696 2161 1741 aut.
2193 1702 2315 1742 cmn
2354 1683 2593 1743 Sabellio
2618 1690 2831 1744 inducat
2862 1691 3075 1747 Patrem
3102 1696 3348 1749 eumdem
3381 1695 3498 1765 pla-

1922 1792 1989 1831 ne
2027 1787 2188 1845 atque
2244 1775 2458 1829 Filium.
2521 1775 2589 1832 Ut
2639 1788 2769 1845 puta
2812 1794 2934 1833 cum
2984 1781 3124 1833 idem
3169 1792 3324 1837 sonet
3352 1785 3495 1853 apud

213 1878 276 1930 τὸ
308 1878 491 1948 τρετον
525 1880 720 1931 ταύτὸν
761 1857 909 1932 ἐἶναι
942 1879 1040 1950 τῷ,
1066 1881 1163 1933 καὶ
1194 1880 1337 1945 Θεὸς
1492 1881 1525 1933 ό
1566 1877 1729 1944 Θεὸς,
1772 1876 1802 1930 ἃ

1912 1866 2080 1930 ἰΙΙιιιη,
2110 1865 2176 1919 1η
2193 1867 2448 1934 principio
2488 1857 2599 1919 erat
2647 1864 2872 1920 Verbum
2900 1908 2916 1933 ,
2950 1884 3014 1923 ac
3050 1870 3178 1924 illud
3199 1910 3214 1933 ,
3246 1870 3307 1923 In
3350 1873 3497 1940 prin-

209 1968 330 2038 με)
367 1969 433 2038 δὴ
475 1969 606 2041 πρὸς
632 1969 711 2040 τῷ
744 1971 1105 2042 άσυναρτήτῳ
1135 1972 1228 2024 καὶ
1259 1969 1692 2042 παραλογώτατα
1721 1968 1804 2040 εἴη

213 2063 302 2115 ἄν.
341 2059 470 2125 Πῶς
501 2061 558 2115 δὲ
587 2062 767 2116 καὶτὸ
793 2062 991 2117 πάντα
1023 2062 1098 2116 δι’
1133 2063 1320 2117 αὑτοῦ
1347 2063 1584 2131 ἐγένετο
1622 2060 1805 2132 χώραν

208 2152 349 2219 ἕξει,
398 2152 517 2215 ἐνὸς
570 2152 723 2216 ὄντος
780 2153 875 2206 τοῦ
934 2153 1332 2223 ὑποκειμένους
1385 2152 1459 2205 Οὐ
1497 2150 1606 2221 γὰρ
1666 2169 1683 2201 ι
1715 2148 1806 2202 ὑπ’

210 2242 383 2297 αὑτοῦ
418 2263 436 2294 ι
472 2244 659 2314 φησὶν,
692 2243 799 2296 οὐδ’
832 2261 849 2293 ι
871 2243 929 2307 ἐξ
961 2242 1122 2297 αὑτοῦ
1150 2262 1167 2293 ι
1211 2242 1279 2295 τὰ
1325 2241 1501 2295 πάντα
1548 2240 1807 2309 γεγεννῆ-

213 2334 365 2399 σθαι,
401 2334 539 2387 ἀλλὰ
591 2352 610 2384 ι
633 2335 699 2387 δι’
731 2333 918 2387 αὑτοῦ.
942 2354 959 2385 ι
1014 2334 1079 2387 Ἠ
1119 2334 1175 2387 δὲ
1219 2352 1237 2385 ι
1264 2334 1350 2386 διὰ
1374 2352 1391 2384 ι
1442 2333 1697 2402 πρόθεσις
1747 2331 1808 2383 τὸ

214 2424 553 2497 ὑπηρετικὸν
577 2425 831 2496 σημαίνει
849 2443 859 2456 ·
876 2425 951 2489 ὡς
968 2427 995 2478 6
1010 2425 1170 2487 αὐτὸς
1198 2422 1588 2494 εὑαγγελιστὴς
1604 2420 1807 2493 προῖὼν

212 2513 346 2585 ἑξῆς
394 2518 689 2587 παρίστησι
770 2515 979 2583 λέγων,
1023 2514 1055 2567 ὁ
1121 2514 1307 2583 νόμος
1355 2512 1453 2566 διὰ
1512 2510 1807 2576 Μωῦσέως

206 2607 414 2675 ἐδόθη,
454 2608 487 2673 ι)
515 2607 689 2676 χάρις
724 2598 823 2659 καὶ
860 2607 895 2673 ἡ
929 2605 1179 2671 ἀλήθεια
1208 2604 1281 2657 δι’
1323 2602 1517 2670 Ἰησοῦ
1547 2602 1804 2676 Χριστοῦ

207 2672 483 2766 arma?
505 2672 723 2769 dic—7&9
759 2698 787 2749 6
817 2697 1001 2768 νόμος,
1038 2698 1136 2751 οὑκ
1183 2697 1257 2749 ὢν
1301 2695 1659 2767 ἀνθρώπινος,
1696 2672 1805 2747 οὐδ’

207 2790 324 2857 (45)
373 2784 439 2843 αὖ
482 2787 580 2841 τοῦ
612 2789 891 2851 Μωῦσέως
938 2789 1219 2860 ὑπάρχων,
1249 2787 1364 2841 ἀλλ’
1402 2789 1466 2840 ὲκ
1514 2786 1609 2839 τοῦ
1645 2784 1802 2848 Θεοῦ,

206 2882 453 2936 Μωῡσέα
479 2882 722 2934 διάκονον
754 2882 847 2934 καὶ
891 2881 1169 2952 ὑπηρέτην
1207 2878 1552 2949 ἐπεγράψατο
1596 2878 1692 2949 τῆς
1725 2878 1804 2941 εἰς

205 2972 530 3044 ἀνθρώπους
556 2972 843 3035 ἐκδόσεως,
878 2972 971 3024 καὶ
1000 2971 1087 3024 διὰ
1113 2971 1270 3023 τοῦτο
1298 2973 1530 3042 εἴρηται,
1563 2974 1595 3024 ό
1622 2972 1805 3039 νόμος

202 3061 305 3117 διὰ
338 3062 638 3128 Μωῦσέως
677 3062 879 3129 ἐδόθη,
915 3062 1056 3115 οὕτω
1094 3063 1186 3115 καὶ
1226 3064 1259 3133 ἡ
1303 3062 1461 3133 χάρις
1515 3062 1579 3115 δι’
1627 3061 1801 3132 Ἰησοῦ

204 3154 446 3227 Χριστοῦ
474 3155 709 3222 ἐγένετο,
740 3152 836 3206 τοῦ
863 3154 1075 3225 Πατρὸς
1108 3153 1275 3224 αὑτὴν
1318 3153 1405 3206 διὰ
1436 3152 1529 3205 τοῦ
1564 3152 1801 3223 Χριστοῦ
1830 3179 1871 3235 C

200 3250 714 3321 κατεργασαμένου.
731 3248 1007 3312 Ὡσαύτως
1032 3243 1125 3301 οὖν
1154 3248 1366 3320 εἴρηται
1390 3249 1480 3301 καὶ
1496 3248 1578 3314 τὸ,
1598 3248 1800 3303 Πάντα

200 3338 278 3389 δι’
313 3338 503 3392 αὐτοῦ
534 3339 806 3407 ἐγένετο·
867 3338 979 3409 (44)
1028 3339 1214 3410 ἑτέρου
1270 3340 1367 3409 μὲν
1411 3340 1794 3409 πεποιηκότος,

203 3426 371 3480 αὑτοῦ
425 3427 482 3480 δὲ
529 3427 991 3498 διακονησαμένου
1019 3444 1031 3456 ο
1087 3427 1217 3480 ὥσθ’
1256 3427 1442 3499 ἓτερον
1483 3428 1664 3498 ζητεῖν
1706 3429 1798 3481 τὸν

205 3519 443 3591 ποιητὴν
474 3520 582 3574 τῶν
641 3520 799 3584 ὅλων,
850 3520 941 3573 τὸν
982 3520 1070 3573 διὰ
1116 3519 1206 3573 τοῦ
1261 3520 1680 3590 θεολογουμένου
1728 3519 1798 3573 τὰ

204 3612 389 3681 πάντα
422 3612 889 3681 ὑποστησάμενον.
949 3612 1059 3665 Καὶ
1106 3610 1190 3673 τίς
1239 3610 1305 3664 ἂν
1346 3612 1554 3679 γένοιτο
1599 3605 1794 3676 οὗτοςς

210 3705 358 3758 Ἀλλ’
389 3704 492 3757 οὐκ
534 3704 600 3757 ἂν
630 3704 740 3774 ἔχοι
770 3705 961 3756 εἰπεῖν.
994 3698 1094 3755 Ὦν
1123 3703 1294 3766 οὑτως
1324 3704 1576 3773 ἐχόντων,
1608 3704 1797 3773 ὁμολο-

200 3799 320 3863 γεῖν
360 3794 575 3863 ἀνάγκη
634 3794 725 3846 τὸν
773 3793 1187 3863 θεολογοὺμενον
1233 3793 1336 3845 ὑπὸ
1370 3793 1463 3844 τοῦ
1509 3793 1795 3861 εὐαγγελι-

202 3885 333 3939 στοῦ
380 3886 455 3955 μὴ
497 3885 586 3937 τὸν
624 3885 716 3937 ἐπὶ
744 3884 961 3938 πάντων
991 3880 1129 3938 εἶναι
1161 3884 1325 3948 Θεὸν,
1364 3884 1485 3953 μηδ’
1515 3884 1675 3935 αὑτὸν
1703 3885 1794 3936 τὸν
1826 3950 1836 3957 _

198 3976 446 4046 Πατέρα,
480 3974 571 4027 τὸν
617 3974 673 4026 δὲ
704 3974 892 4027 τούτου
938 3978 1198 4045 μονογενῆ
1229 3975 1355 4026 Υἱὸν
1377 4014 1390 4036 ,
1425 3974 1485 4026 οὐ
1516 3973 1794 4045 συμϐεϐη-

198 4065 335 4118 γότα
360 4064 439 4134 τῷ
455 4065 649 4135 Πατρὶ,
677 4064 807 4129 οὐδ’,
824 4064 898 4127 ὡς
923 4065 979 4117 ἐν
1003 4063 1367 4134 ὑποκειμένῳ,
1393 4065 1449 4116 ὲν
1471 4063 1620 4134 αὐτῷ
1641 4063 1791 4127 ὄντα,

196 4156 322 4209 οὑδὲ
374 4154 433 4207 ἓν
480 4154 574 4207 καὶ
620 4154 815 4207 ταὺτὸν
855 4152 932 4222 τῷ
978 4153 1095 4223 Θεῷ
1139 4153 1286 4217 ὄντα,
1331 4152 1459 4205 Υῐὸν
1505 4152 1550 4204 δ’
1580 4152 1795 4221 άληθῶς

197 4247 351 4309 ὄντα,
392 4244 567 4307 ζῶντα
624 4246 716 4297 καὶ
765 4243 1051 4312 ὑφεστῶτα
1098 4244 1154 4295 ὲν
1206 4244 1348 4315 ἀρχῇ
1396 4262 1453 4296 τε
1494 4243 1643 4305 ὅντα,
1700 4243 1794 4295 καὶ

198 4338 341 4410 πρὸς
362 4337 453 4389 τὸν
478 4335 611 4388 Θεὸν
641 4335 790 4396 ὄντα,
839 4335 933 4387 κα)⁸
959 4333 1089 4387 Θεὸν
1123 4334 1271 4398 ὅντα,
1322 4334 1388 4385 δι’
1421 4327 1481 4387 οὗ
1513 4336 1582 4388 τά
1616 4335 1793 4387 πάντα

196 4428 546 4499 δημιουργεῖ.
588 4427 676 4488 Ὠς
719 4424 895 4495 ὀρθῶς
922 4422 1032 4493 (45)
1063 4423 1128 4477 ἄν
1163 4440 1283 4476 τινα
1317 4422 1408 4475 ἐπὶ
1440 4424 1501 4477 τὸ
1536 4423 1794 4493 σαφέστε-

196 4538 296 4594 ρον
312 4518 682 4591 μεταλαϐόντα
703 4518 866 4587 φάναι
883 4516 1001 4577 ἀντὶ
1027 4515 1141 4578 τοῦ,
1159 4516 1254 4568 Ἐν
1265 4514 1422 4585 ἀρχῇ
1438 4511 1516 4587 ἦν
1532 4519 1565 4569 ό
1580 4517 1790 4584 Λόγος,
1826 4519 1870 4574 D

1908 1958 2045 2024 cipio
2066 1966 2175 2010 erat
2199 1956 2359 2010 Deus.
2384 1956 2447 2009 Et
2484 1957 2633 2020 illud,
2664 1955 2728 2008 Et
2757 1954 2977 2011 Verbum
2998 1970 3112 2012 erat
3137 1962 3277 2028 apud
3300 1961 3492 2027 Deum,

1908 2048 2228 2118 :rquivaleat
2274 2047 2370 2113 illi,
2406 2039 2471 2101 Et
2514 2048 2653 2101 Deus
2695 2060 2805 2103 erat
2843 2051 2983 2118 apud
3030 2051 3219 2104 Deum.
3257 2052 3323 2106 Et
3357 2053 3488 2108 illud

1912 2142 2126 2195 tertium
2163 2154 2267 2194 non
2299 2140 2370 2193 sit
2395 2139 2537 2193 aliud
2562 2155 2746 2209 quam,
2776 2140 2839 2193 Et
2863 2140 3002 2194 Deus
3031 2152 3142 2195 erat
3173 2143 3490 2211 Deus.Qu;e

1910 2241 2171 2301 praeterea
2208 2231 2352 2300 quod
2403 2231 2713 2286 cohaereant
2761 2233 2959 2294 minus,
2990 2232 3060 2286 ab
3088 2234 3235 2287 omni
3276 2235 3491 2289 ratione

1910 2332 2033 2377 sunt
2064 2321 2414 2375 alienissima.
2465 2320 2601 2374 Nam
2629 2338 2861 2390 quonam
2897 2331 3053 2391 pacto
3084 2321 3258 2376 locum
3290 2324 3492 2378 habere

1910 2416 2110 2484 poterit
2141 2414 2290 2476 illud,
2326 2415 2516 2469 Omnia
2546 2431 2637 2482 per
2662 2415 2834 2483 ipsum
2864 2414 3007 2482 facta
3047 2423 3190 2481 sunt,
3225 2430 3346 2468 cum
3374 2414 3493 2468 uui-

1909 2520 2031 2559 cum
2052 2506 2518 2574 sitsuppositum?
2548 2515 2601 2559 et
2635 2504 2918 2574 Scriptura
2974 2506 3187 2571 doceat,
3223 2521 3328 2560 non
3371 2524 3390 2558 ι
3423 2507 3491 2560 ah

1910 2594 2257 2649 illm‘nedum
2281 2612 2299 2644 ι
2324 2610 2389 2649 ex
2412 2596 2557 2657 illo.)
2601 2595 2694 2649 sed
2731 2610 2857 2662 «per
2887 2594 3066 2647 illum)
3104 2595 3282 2648 omnia
3326 2595 3493 2651 fuisse

1910 2684 2077 2738 facta?
2103 2667 2166 2736 Et
2210 2684 2297 2737 illa
2330 2684 2744 2753 prwpositioper
2776 2682 3079 2738 miuistrale
3111 2683 3240 2753 quid
3277 2684 3489 2754 signiti-

1907 2785 2013 2840 cet,
2054 2776 2503 2847 quemadmodum
2546 2777 2601 2830 in
2654 2775 3013 2845 sequentibus
3067 2776 3225 2831 docet
3259 2791 3491 2847 evange-

1907 2868 2054 2930 lista,
2095 2868 2363 2936 inquiens,
2396 2865 2505 2920 Lex
2526 2882 2617 2929 per
2660 2864 2892 2936 Moysen:
2915 2866 3044 2918 data
3073 2875 3148 2923 est
3181 2879 3200 2918 :
3241 2869 3413 2935 gratia
3435 2877 3485 2920 et

1907 2957 2092 3013 veritas
2125 2972 2220 3024 per
2245 2955 2424 3009 Iesum
2448 2954 2715 3008 Christum
2747 2953 2890 3022 facta
2919 2963 2995 3007 est
3026 2954 3092 3006 ⁸⁷.
3124 2954 3485 3019 Quemadmo-

1908 3048 2034 3102 dum
2065 3048 2207 3101 enim
2242 3046 2347 3114 lex,
2394 3060 2499 3099 non
2552 3044 2638 3098 illa
2673 3043 2950 3098 hominum
2984 3043 3066 3097 vel
3110 3042 3309 3114 Moysis
3338 3043 3485 3098 exsi-

1906 3147 2076 3203 slens,
2098 3139 2192 3191 sed
2221 3137 2338 3198 Dei.
2364 3136 2450 3191 cui
2488 3135 2734 3189 minister
2753 3142 2807 3188 et
2835 3148 3024 3187 servus
3041 3132 3487 3188 subministrabat

1905 3229 2140 3300 Moyses,
2171 3238 2231 3282 ut
2278 3227 2367 3281 illa
2409 3226 2476 3280 ad
2510 3225 2755 3279 homines
2798 3225 3232 3293 promulgaretur
3271 3240 3286 3277 :
3322 3233 3487 3292 atque
3598 3232 3603 3237 '

1904 3321 2024 3376 ideo
2043 3320 2241 3373 dictum
2262 3326 2365 3381 est,
2381 3316 2490 3370 Lex
2514 3332 2607 3385 per
2634 3313 2868 3384 Magum
2894 3316 3019 3367 data
3037 3315 3159 3383 fuit.
3178 3313 3254 3368 lta
3270 3327 3487 3383 quoque

1901 3421 1957 3467 et
1996 3411 2167 3482 gratia
2201 3411 2325 3464 data
2373 3418 2475 3473 est,
2516 3406 2658 3476 quod
2707 3420 2805 3475 per
2850 3405 3126 3461 Christum
3163 3406 3323 3459 Pater
3362 3421 3483 3460 eam

1901 3494 2179 3571 operatur.
2225 3494 2401 3569 Atque
2435 3499 2501 3553 ad
2550 3498 2711 3551 istum
2748 3497 2967 3549 modum
3021 3495 3257 3560 dicitur,
3291 3494 3485 3548 Omnia

1901 3610 1994 3663 per
2028 3593 2176 3646 illum
2208 3591 2355 3661 facta
2378 3600 2496 3643 sunt
2527 3604 2546 3643 :
2573 3595 2758 3655 utpote
2784 3586 2853 3640 ab
2889 3586 3059 3640 altero
3095 3585 3483 3654 producta,cui

1903 3678 2058 3739 alteri
2095 3692 2418 3752 operaturus
2460 3681 2546 3735 hic
2596 3676 2976 3733 subministrat
3009 3691 3023 3729 :
3056 3686 3116 3730 ut
3161 3675 3485 3744 quaerendus

1900 3778 1973 3831 sit
2001 3791 2028 3828 a
2060 3776 2216 3829 nobis
2247 3782 2458 3828 creator
2489 3772 2625 3824 alius
2654 3770 3032 3824 universorum
3056 3809 3073 3832 ,
3102 3768 3193 3836 qui
3231 3767 3429 3821 dicitur
3452 3782 3482 3819 a

1902 3860 2151 3928 theologo
2175 3874 2392 3913 creasse
2435 3858 2640 3912 omnia.
2673 3857 2721 3911 ls
2757 3865 2937 3910 autem
2962 3856 3147 3923 ecquis
3182 3855 3323 3908 alius
3358 3870 3482 3908 esse

1897 3958 2107 4019 peterat
2131 3949 2154 4000 ‘l
2182 3958 2330 4002 certe
2373 3961 2535 4000 nemo
2578 3946 2798 4000 dixerit.
2828 3945 2957 4011 Quae
2983 3959 3104 3998 cum
3130 3944 3201 3997 ita
3233 3945 3363 4008 sint,
3394 3943 3479 3996 fa-

1902 4042 1999 4095 teri
2027 4055 2126 4094 nos
2178 4047 2393 4108 oportet
2431 4052 2553 4091 eum
2593 4038 2684 4106 qui
2716 4037 2784 4091 ab
2814 4034 3140 4104 evangelista
3173 4034 3477 4096 deificatur,

1901 4147 2006 4186 non
2043 4146 2161 4185 esse
2189 4128 2358 4182 Deum
2407 4127 2551 4181 illum
2593 4140 2752 4194 super
2785 4125 2992 4190 omnia,
3027 4138 3201 4191 neque
3238 4123 3476 4186 Patrem,

1898 4222 1991 4277 sed
2028 4219 2172 4273 illius
2204 4217 2399 4271 Filium
2448 4215 2782 4285 unigenitum
2817 4231 2833 4269 :
2868 4229 2972 4267 non
3004 4228 3126 4268 cum
3158 4213 3316 4267 Patre
3352 4214 3469 4282 pari

1898 4326 2055 4383 passu
2088 4294 2499 4364 ambulantem:
2531 4320 2629 4360 nec
2654 4312 2906 4374 tanquam
2939 4303 2992 4358 in
3025 4302 3304 4371 supposito
3330 4304 3474 4356 exsi-

1897 4411 2124 4460 steutem
2152 4399 2347 4453 unico:
2381 4413 2485 4452 non
2518 4409 2683 4450 unum
2708 4402 2870 4463 atque
2895 4393 3147 4449 eumdem
3180 4408 3305 4449 cum
3336 4393 3468 4458 De'o,

1899 4494 1991 4550 sed
2033 4492 2223 4546 Filium
2276 4502 2403 4544 vere
2435 4487 2809 4550 exsistentem,
2840 4486 3024 4540 vivum
3054 4483 3469 4539 subsistentem:

196 4574 259 4666 τὸ
356 4616 413 4665 ὲν
444 4612 585 4682 ἀρχῇ
622 4607 689 4680 ἦν
768 4574 959 4673 Υἱὸς,οι
993 4608 1086 4661 καὶ
1114 4574 1234 4661 άντὶ
1259 4574 1512 4671 τόῦ-,ηκαὶ
1537 4607 1568 4661 ὁ
1590 4574 1787 4676 Λόγος

1906 4605 1934 4642 n
1969 4581 2231 4657 principio
2276 4580 2367 4650 qui
2396 4586 2514 4633 erat
2544 4593 2557 4629 :
2593 4584 2646 4632 et
2685 4575 2824 4642 apud
2871 4574 3035 4629 Deum
3065 4582 3203 4638 erat,
3230 4583 3285 4629 et
3330 4574 3471 4628 Deus

194 4702 278 4773 ἦν
306 4703 459 4772 πρὸς
512 4704 618 4756 τὸν
641 4701 808 4765 Θεὸν,
843 4701 924 4766 τὸ,
980 4718 997 4749 ι
1028 4699 1121 4752 καὶ
1155 4701 1183 4752 6
1225 4699 1354 4762 Υἱὸς
1400 4694 1467 4770 ἦν
1512 4700 1646 4769 πρὸς
1692 4698 1783 4750 τὸν

197 4796 503 4866 Πατέρα,›
552 4794 646 4847 καὶ
701 4793 822 4845 ἀντὶ
867 4790 960 4845 τοῦ
988 4828 1002 4854 ,
1068 4791 1165 4843 καὶ
1189 4789 1331 4856 Θεὸς
1362 4786 1439 4860 ἦν
1484 4793 1517 4843 ό
1566 4792 1780 4859 Λόγος,

195 4890 279 4953 τὸ,
342 4907 360 4935 ι
387 4886 479 4939 καὶ
526 4885 657 4948 Θεὸς
714 4880 778 4954 ἦν
826 4886 854 4938 6
900 4884 1043 4945 Υἱός.
1074 4901 1090 4932 ι
1146 4880 1306 4934 Οὕτω
1351 4881 1395 4932 δ’
1428 4880 1494 4933 ἂν
1523 4881 1781 4952 ἁρμόσειε

198 4981 292 5031 καὶ
362 4979 422 5030 τὸ
481 4977 609 5045 ἑξῆς
680 4976 1016 5045 ἐπαγόμενον
1046 4992 1057 5004 ·
1120 4974 1314 5028 πάντα
1374 4973 1484 5041 γὰρ
1539 4972 1612 5024 δι’
1670 4975 1779 5026 αὺ-

196 5071 326 5133 τοῦ,
356 5068 598 5139 ἐγένετο
634 5068 732 5121 καὶ
778 5068 956 5136 χωρὶς
997 5066 1182 5122 αὐτοῦ
1225 5065 1458 5135 ἐγένετο
1507 5063 1650 5118 οὐδὲ
1684 5064 1777 5118 ἕν.

200 5161 437 5224 Εἰκότως
462 5157 746 5230 τοιγαροῦν
774 5160 801 5210 ό
820 5159 959 5220 θεῖος
991 5157 1380 5226 εὑαγγελιστὴς
1410 5155 1520 5226 (46)
1553 5156 1610 5207 ἐν
1634 5156 1777 5226 ἀρχῇ

198 5252 360 5303 αὑτὸν
408 5252 531 5321 ἔφη,
566 5250 688 5313 δοὺς
717 5248 863 5318 αὐτῴ
892 5248 1064 5318 ἀρχὴν
1087 5287 1101 5309 ,
1134 5237 1288 5318 δῆλον
1317 5247 1371 5299 δὲ
1408 5248 1488 5299 ὅτι
1529 5246 1627 5316 τὴν
1653 5246 1779 5314 γέν-

174 5400 184 5452 ;
275 5370 333 5427 >14
370 5363 468 5418 Ed.
500 5361 696 5426 Paris.,
728 5374 847 5429 pag.
888 5359 1008 5431 l2‘2.

269 5458 314 5488 "
335 5454 492 5509 Joau.
534 5470 571 5516 ι,
600 5454 699 5517 17.,

300 5547 361 5599 l0
410 5545 578 5615 Vulgo
616 5544 867 5613 φάσκον(

271 5547 385 5687 ἓίίῖ
418 5617 473 5687 ἓν
498 5630 644 5687 90":
663 5615 802 5687 ,δραο

300 5615 383 5681 il)
419 5617 473 5671 lu
498 5630 644 5668 corr.
681 5615 802 5681 ὅρα.

270 5682 383 5751 (42)
418 5682 585 5751 Vulgo
620 5683 696 5738 δέ.

298 5748 387 5821 43)
415 5748 580 5819 Vulgo
609 5750 772 5804 αὑτοῦ
803 5748 916 5802 τοῦ.

298 5756 387 5821 43)
415 5756 580 5819 Vulgo
609 5756 772 5804 αὑτοῦ
803 5756 916 5802 τοῦ.

272 5756 381 5898 EH)
413 5821 781 5891 Ἐτέρουμὲν
810 5824 1221 5898 ῖιέτιοιψιότοί-Τ
1250 5819 1609 5876 directissime
1633 5819 1774 5874 aria-

1882 4684 2001 4732 erat
2036 4692 2049 4727 :
2078 4685 2173 4742 per
2195 4682 2355 4736 quem
2384 4666 2570 4721 condit
2604 4664 2875 4718 universa.
2897 4661 2969 4717 Ut
2996 4660 3199 4716 clarius
3226 4669 3473 4731 transpo-

1880 4767 1986 4822 sita
2042 4764 2158 4819 haec
2188 4756 2432 4829 proferre
2478 4755 2598 4825 quis
2640 4753 2832 4824 possit,
2854 4756 2974 4821 fpro
3016 4751 3132 4817 illo,
3164 4749 3234 4805 In
3271 4753 3470 4822 princi-

1878 4879 1964 4946 pio
1991 4887 2103 4930 erat
2153 4872 2399 4934 Verbum,
2424 4887 2444 4920 ι
2481 4867 2537 4922 ln
2577 4866 2842 4936 principio
2874 4874 2995 4921 erat
3022 4864 3212 4929 Filius,
3240 4883 3260 4917 ι
3285 4872 3341 4919 et
3370 4880 3467 4932 pro

1892 4968 2015 5032 illo,
2067 4964 2132 5017 Et
2183 4962 2407 5018 Verbum
2461 4971 2570 5013 erat
2605 4958 2745 5028 apud
2780 4957 2972 5023 Deum,
3009 4974 3028 5008 ι
3062 4965 3116 5010 et
3155 4956 3322 5009 Filius
3350 4964 3467 5008 erat

1892 5057 2030 5125 apud
2072 5055 2319 5115 Patrem,
2360 5070 2377 5100 ι
2416 5060 2469 5105 et
2505 5065 2601 5120 pro
2634 5047 2741 5113 illo,
2780 5045 2843 5098 Et
2878 5047 3016 5100 Deus
3042 5054 3152 5099 erat
3203 5041 3461 5104 Verbum,

1892 5165 1910 5198 ι
1943 5156 1996 5201 et
2048 5146 2187 5199 Deus
2238 5153 2358 5197 erat
2389 5142 2576 5196 Filius.
2604 5160 2622 5193 ι
2648 5138 2724 5194 lta
2772 5138 2916 5193 enim
2951 5148 3190 5204 congrue
3229 5134 3465 5188 cohaere-

1890 5240 1969 5294 bit
2022 5239 2162 5309 quod
2226 5238 2477 5308 adjicitur
2528 5236 2581 5288 in
2640 5229 2989 5302 sequentibus
3030 5225 3265 5280 :Omnia
3326 5224 3463 5277 enim

1881 5538 2182 5600 nizat,cum
2207 5532 2399 5587 Filium
2434 5522 2803 5600 tantummodo
2835 5521 3080 5600 διάκονον
3105 5519 3157 5599 in
3181 5515 3463 5600 creatione

1879 5585 2531 5677 £di‘i56:_.‘_t"_{minopen
2568 5596 2620 5647 iu
2652 5594 2789 5677 legis
2819 5589 3269 5662 promulgatioue.
3308 5585 3378 5639 Μ.

1952 5670 2067 5742 με)
2096 5670 2501 5742 γιιιςολάκτξνα.
2536 5735 2546 5742 ⁸

1951 5730 2062 5814 ἐισί)
2117 5730 2418 5814 ἀρχῇ.
2440 5732 2704 5814 Δαὐτοῦ,
2774 5730 2908 5798 ἔφη.

2985 5724 3222 5779 Leaeud.
3298 5720 3460 5776 αὑτὸν

1951 5748 2061 5814 (iii)
2117 5743 2210 5793 Ἐν
2250 5742 2403 5807 ἀρχῇ
2457 5742 2704 5820 ,αὐτοιη
2774 5742 2908 5798 εφη.
2987 5742 3092 5851 ng

1881 5814 2015 5869 εἶναι
2043 5815 2164 5881 ἔφη.
2200 5811 2264 5863 Μ.
2305 5838 2368 5847 —-
2410 5806 2651 5877 [Lorrext
2680 5802 2851 5856 locum
2885 5814 2947 5853 cx
2982 5813 3008 5852 c
3084 5818 3092 5847 ι

3084 5798 3136 5849 ά.
