3970 6520
314 409 419 465 935

1285 410 1368 466 DE
1409 413 1942 471 ECCLESIASTICA
1982 415 2372 475 THEOLUGIA
2412 422 2540 479 LIB.
2584 422 2640 478 ll.

3469 437 3575 493 954

315 539 457 593 σμου
480 527 919 598 τῆςἘκκλησίας
947 529 1257 594 συστάσεως
1283 532 1373 584 τὸν
1395 533 1610 603 Πατέρα
1638 531 1776 587 εἶναι
1809 553 1872 588 κα

2005 539 2353 603 prehenditur
2403 541 2724 610 judaizare,
2785 544 3050 600 interdum
3107 549 3446 621 transfugere
3505 558 3573 610 ad

311 611 406 666 τὸν
442 613 571 666 Υξδν
615 615 1019 688 ὁμολογούσηςθ
1055 619 1194 673 κατά
1240 620 1296 672 δὲ
1340 620 1431 672 τὸν
1479 621 1762 675 Σαϐέλλιον
1803 623 1872 676 ἒνε

2005 620 2300 674 Sabellium
2339 641 2353 676 :
2385 623 2759 690 uti‘judaizans
2784 640 2908 682 ante
2931 632 3115 685 mundi
3141 611 3572 706 productionem,

313 705 410 757 καὶ
443 704 534 756 τὸν
553 707 714 759 αὑτὸν
745 703 882 761 εἶναι
904 711 1338 780 ἀποφαινόμενος
1360 711 1488 764 Υίὸν
1520 715 1614 765 καὶ
1644 714 1861 785 Πατρέρα
1881 733 1895 747 ·

312 794 410 847 καί
445 811 574 848 ποτε
606 796 703 866 μὲν
731 797 840 868 (52)
866 794 932 852 αὖ
959 800 1048 852 τὸν
1097 801 1398 854 ἐνδιάθετον
1443 802 1676 870 εἰσάγων
1703 806 1894 873 Λόγον,

309 886 447 938 ποτὲ
471 886 528 939 δὲ
561 891 909 960 προφορικόν.
947 893 1009 944 Ei
1036 893 1143 964 γὰρ
1178 895 1554 964 προσποιεῖται
1584 897 1785 960 ταύτας
1822 899 1896 969 μὴ

313 975 712 1045 παραδέχεσθαι
759 979 857 1042 τὰς
901 981 1082 1048 φωνὰς
1117 981 1250 1053 (53),
1287 984 1423 1055 πλὴν
1472 985 1534 1056 δὴ
1583 986 1754 1055 Λόγος
1797 989 1894 1060 τὴν

305 1066 374 1117 ἐκ
402 1065 497 1117 τοῦ
526 1083 654 1120 ποτε
680 1068 776 1137 μὲν
803 1069 949 1124 ἔνδον
971 1071 1132 1127 αὑτὸν
1161 1073 1337 1142 λέγειν
1369 1076 1426 1126 έν
1449 1075 1527 1146 τῷ
1548 1075 1688 1146 θεῷ,
1707 1077 1893 1131 ἄλλοτε

306 1154 364 1207 δὲ
397 1155 464 1208 δι’
515 1159 794 1229 ἐνεργείας
839 1160 1133 1233 δραστικῆς
1176 1165 1420 1236 προϊέναι
1466 1167 1665 1231 αὐτοῦ,
1695 1168 1787 1236 ἀφ’
1817 1161 1893 1221 ὧν

273 1258 367 1298 ,τε
414 1245 496 1315 τῷ
526 1246 848 1320 ἀνθρωπίνῳ
894 1253 1184 1317 ἀπεικάζει
1211 1255 1372 1308 αὑτὸν
1404 1255 1546 1327 λόγῳ
1567 1274 1582 1288 ο
1617 1258 1644 1311 ὃ
1686 1259 1794 1329 (54)
1828 1276 1889 1327 γε

305 1338 420 1407 μὴν
447 1338 589 1402 θεῖος
624 1343 1010 1416 εύαγγελιστὴς
1057 1349 1177 1400 κατ’
1209 1349 1400 1403 οὐδένα
1427 1350 1536 1402 τῶν
1571 1351 1891 1422 ἀποδεδομέ-

299 1443 412 1477 νων
441 1427 678 1497 τρόπων,
713 1431 882 1498 Λόγον
918 1434 1261 1508 ῦπεστήσατο
1286 1439 1375 1492 τὸν
1411 1440 1546 1511 πρὸς
1574 1424 1890 1495 αὐτοῦ’θεο-

296 1514 628 1588 -λογούμενον
647 1561 660 1584 ,
696 1522 810 1574 ἀλλ’
833 1518 944 1576 οἷον
971 1525 1176 1597 ἔπρεπε
1215 1529 1306 1582 τὸν
1344 1531 1604 1602 μονογενῆ
1635 1532 1761 1586 Υίὸν
1793 1535 1886 1586 τοῦ

297 1604 439 1658 Θεοῦ
472 1611 630 1674 νοεῖν,
661 1611 831 1679 Λόγον
859 1615 958 1683 μὲν
990 1616 1139 1680 ὄντα,
1168 1617 1362 1673 καθ’ὃν
1390 1621 1566 1674 πάντα
1588 1621 1730 1693 λόγῳ
1762 1641 1885 1677 συν-

295 1697 588 1766 εστήσατο,
622 1703 716 1753 καὶ
748 1703 917 1772 χωρὶς
956 1704 1132 1774 Λόγου
1161 1705 1268 1759 τῶν
1300 1707 1466 1760 ὄντων
1497 1710 1646 1763 οὐδὲν
1672 1712 1879 1780 γέγονε*

291 1786 432 1841 Θεὸν
463 1787 520 1841 δὲ
561 1791 656 1844 καὶ
688 1794 986 1864 Μονογενῆ,
1016 1795 1137 1848 καθ’
1163 1795 1191 1848 ὃ
1224 1797 1383 1867 μόνος
1415 1799 1630 1870 ἀληθῶς
1653 1798 1721 1872 ἦν
1751 1803 1884 1867 Υἱὸς

2002 718 2197 776 przeter
2237 710 2409 764 solum
2445 709 2609 766 Deum
2633 717 2788 770 docet
2817 718 2948 772 nih‘il
2979 722 3275 778 exstitisse.
3309 724 3440 780 Cum
3466 726 3572 783 Ec-

1999 801 2158 854 clesia
2190 811 2314 856 ante
2344 805 2523 858 mundi
2547 817 2814 872 exortum,
2839 818 2892 863 et
2918 809 3131 866 Patrem
3165 825 3423 884 agnoscat
3445 831 3572 874 ante

1999 892 2212 946 Filium.
2268 891 2488 948 Sabellii
2554 905 2732 966 partes
2783 913 2969 968 agens,
3025 919 3190 958 unum
3226 915 3281 960 et
3315 909 3567 965 eumdem

1997 981 2209 1036 Patrem
2237 984 2480 1052 designat
2505 1000 2666 1056 atque
2684 989 2900 1043 Filium.
2929 993 3196 1047 Interdum
3217 996 3568 1054 introducens

1996 1066 2230 1122 Verbum
2266 1071 2568 1127 immanens
2603 1095 2617 1129 :
2661 1078 2949 1145 aliquando
2983 1081 3305 1148 prolatitium
3335 1097 3390 1141 et
3420 1103 3570 1142 ema-

1995 1173 2148 1212 nans.
2185 1160 2342 1214 Certe
2365 1163 2532 1216 videri
2567 1166 2676 1219 vult
2709 1167 2806 1221 has
2837 1183 2994 1224 voces
3025 1187 3293 1242 respuere.
3323 1177 3392 1230 At
3420 1180 3565 1232 enim

1993 1250 2118 1316 quid
2171 1250 2314 1305 aliud
2370 1253 2685 1320 assignavit,
2726 1274 2848 1313 cum
2885 1259 3112 1315 Verbum
3148 1264 3274 1319 illud
3335 1267 3478 1323 intus
3512 1270 3564 1322 lu

1992 1339 2101 1394 Deo
2135 1357 2276 1396 nunc
2299 1340 2527 1398 aﬂirmet
2555 1365 2568 1399 :
2596 1363 2738 1403 nunc
2766 1366 2862 1420 per
2887 1355 3242 1421 operatricetn
3272 1357 3565 1415 ellicaciam
3653 1396 3661 1406 -

1990 1432 2204 1500 prodire
2253 1437 2602 1502 pronuntiet?
2657 1440 2798 1494 unde
2848 1451 2902 1495 et
2956 1458 3075 1496 cum
3128 1446 3363 1503 humano
3394 1451 3566 1505 verbo

1961 1537 1964 1541 ·
1989 1523 2260 1590 componit
2292 1523 2446 1577 illud.
2478 1526 2547 1580 At
2573 1528 2719 1581 enim
2743 1529 2955 1584 divinus
2974 1536 3302 1604 evangelista
3331 1537 3563 1594 Verbum

1989 1627 2017 1665 a
2049 1627 2105 1666 se
2128 1613 2433 1668 deificatnm
2465 1619 2758 1672 secundum
2787 1621 2989 1676 unllttm
3020 1625 3244 1679 istorum
3281 1630 3562 1686 modorum
3590 1636 3602 1642 '

1989 1701 2392 1771 intelligendum
2423 1709 2724 1775 proposuit.
2759 1709 2862 1764 Sed
2891 1725 2950 1765 ut
2989 1730 3087 1782 par
3110 1725 3163 1769 et
3192 1733 3405 1786 aequum
3443 1721 3563 1776 fue-

1990 1803 2071 1847 rat
2127 1795 2460 1864 unigenitum
2511 1800 2602 1853 Dei
2627 1801 2822 1856 Filium
2871 1806 3216 1875 intelligendo
3249 1814 3558 1883 concipere,

289 1877 391 1930 τοῦ
415 1879 512 1930 ἐπὶ
540 1882 754 1934 πάντων
788 1882 923 1935 Θεοῦ
950 1900 963 1912 ·
1003 1885 1129 1948 Υἱὸς
1160 1887 1380 1957 γνήσιος
1407 1888 1596 1953 ὅντως,
1625 1892 1719 1944 καὶ
1746 1893 1872 1960 ἀγα-

1989 1884 2216 1939 Verbum
2245 1903 2366 1942 esse
2389 1890 2590 1954 docuit,
2619 1909 2717 1961 per
2744 1896 2885 1962 quod
2907 1899 3084 1952 omnia
3113 1903 3408 1958 secundum
3433 1921 3560 1962 suas

290 1970 489 2040 πητος,
524 1971 603 2041 τῷ
627 1973 790 2026 αὑτοῦ
819 1976 993 2046 Πατρὶ
1038 1978 1179 2031 κατά
1209 1979 1386 2033 πάντα
1413 1982 1877 2054 άφομοιούμενος“

287 2061 385 2114 Διὸ
414 2063 508 2116 κα)⁸
542 2063 674 2127 Θεὸς
714 2061 782 2135 ἦν
814 2066 1052 2137 ἀληθῶς,
1080 2069 1202 2121 καθ’
1227 2069 1255 2122 ὃ
1283 2071 1344 2124 τὸ
1377 2074 1562 2144 νοερὸν
1593 2076 1688 2127 καὶ⁹
1732 2075 1879 2144 λογι-

288 2155 390 2206 κὸν
419 2157 540 2216 ταῖς
583 2157 701 2208 κατ’
727 2157 911 2209 εἰκόνα
940 2159 1038 2228 τὴν
1067 2159 1228 2212 αὑτοῦ
1261 2165 1656 2233 πεποιημέναις
1681 2167 1878 2237 ψυχαῖς

283 2245 613 2312 ἐναυγάζειν
658 2248 880 2316 φέγγος.
919 2250 1010 2302 Διὸ
1039 2251 1097 2303 ού
1141 2252 1355 2306 πάντων
1399 2256 1557 2308 αὑτὸν
1593 2258 1708 2326 φῶς
1737 2257 1876 2313 εἶναι

249 2315 262 2324 ’
283 2348 364 2403 φη
375 2351 479 2397 σιν,
513 2337 646 2389 ἀλλὰ
673 2315 854 2408 μόνων
880 2339 1200 2410 ἀνθρώπων.
1234 2337 1352 2396 Ἦν
1379 2343 1487 2414 γὰρ
1521 2315 1741 2416 τὸ
1762 2390 1776 2413 ,
1807 2350 1874 2402 τὸ

283 2426 540 2492 φωτίζον
567 2427 762 2481 πάντα
792 2429 1102 2498 ἄνθρωπον
1127 2432 1452 2502 ἐρχόμενον
1497 2440 1584 2502 εὶς
1625 2441 1733 2492 τὸν
1775 2443 1873 2494 κό-

285 2532 476 2584 σμον,
516 2517 813 2588 ἔφη.οῦτω
835 2521 890 2572 δὲ
924 2522 1017 2574 καὶ
1047 2521 1159 2594 ζωὴ
1191 2526 1435 2596 ὑπῆρχεν
1462 2527 1678 2597 ἀληθῶς
1705 2571 1718 2593 ,
1749 2531 1871 2585 καθ’

284 2605 316 2657 ὃ
360 2609 497 2660 πᾶσι
544 2613 656 2672 τοῖς
699 2609 830 2674 ζῶσι
857 2651 870 2674 ,
900 2611 960 2663 τὸ
1002 2613 1100 2682 τῆς
1145 2614 1201 2681 ἐξ
1250 2616 1416 2668 αὑτοῦ
1453 2621 1867 2691 χορηγίαςίδὸ),

287 2695 523 2766 παρέχει
555 2699 705 2764 νᾶμα
739 2699 834 2750 καὶ
867 2698 987 2751 καθ’
1034 2701 1270 2772 ἑκάστην
1300 2703 1356 2756 δὲ
1388 2706 1628 2759 ἐπίνοιαν
1672 2710 1780 2762 τῶν
1812 2714 1870 2763 ὲν

281 2786 444 2856 αὐτῷ
484 2786 676 2840 θεῖκῶν
723 2788 999 2860 δυνάμεων
1031 2794 1444 2862 παραστατικὰς
1470 2795 1650 2867 εὕροις
1674 2797 1738 2852 ἂν
1772 2801 1869 2852 αὑ-

284 2877 386 2931 τοῦ
434 2880 528 2930 καὶ
560 2876 779 2948 ἀληθεῖς
821 2883 1156 2952 ἐπωνυμίας.
1203 2882 1357 2938 Κατὰ
1395 2886 1570 2938 πάντα
1604 2887 1712 2960 γάρ
1741 2890 1872 2960 ἁλή-

285 2969 413 3023 θεια
454 2965 522 3042 ἦν
543 2972 570 3024 ὀ
597 2971 723 3035 Υἱὸς
749 2972 842 3024 τοῦ
874 2973 1031 3037 Θεοῦ,
1067 2974 1094 3026 ὃ
1123 2973 1186 3046 δὴ
1233 2973 1564 3046 παρίστησιν
1594 2978 1756 3042 αὐτὸς
1779 2979 1868 3032 λέ-

282 3078 407 3129 γων
437 3062 548 3133 (56)
571 3080 584 3094 ’
625 3063 770 3133 Ἐγώ
799 3067 915 3134 ειμι
943 3067 979 3134 ὴ
1012 3066 1283 3133 ἀλήθεια.

1987 1977 2223 2033 rationes
2250 1981 2645 2037 rationabiliter
2679 1995 2805 2040 sunt
2828 1990 3117 2045 constituta
3162 2009 3176 2044 :
3206 1994 3324 2050 sine
3351 2011 3460 2064 quo
3484 1999 3560 2050 ni-

1985 2067 2055 2121 hil
2092 2068 2291 2124 l‘actnm
2315 2081 2398 2126 est
2421 2088 2606 2128 eorum
2638 2091 2756 2144 quae
2786 2088 2929 2134 sunt.
2957 2079 3121 2135 Deum
3146 2099 3268 2139 eum
3295 2097 3474 2148 vocat.
3501 2097 3556 2142 et

1983 2160 2339 2225 unigenitum,
2387 2174 2666 2233 propterea
2701 2169 2840 2235 quod
2877 2171 3022 2224 solus
3057 2173 3144 2229 ille
3175 2190 3302 2232 vere
3335 2177 3436 2233 fuit
3465 2177 3555 2234 Fi-

1981 2251 2082 2304 lius
2106 2251 2227 2316 Dei;
2275 2253 2388 2320 Dei,
2435 2259 2522 2323 qui
2548 2266 2631 2311 cst
2667 2273 2830 2327 super
2850 2264 3029 2317 omnia
3066 2263 3234 2321 Filius
3263 2271 3551 2339 genuinus,

1979 2339 2124 2395 Patri
2149 2359 2246 2397 suo
2268 2344 2496 2400 dilectus
2527 2363 2541 2400 :
2569 2363 2664 2416 per
2693 2352 2872 2405 omnia
2898 2368 2996 2407 suo
3025 2357 3165 2410 Patri
3192 2360 3550 2416 assimilatas:

1981 2434 2188 2488 ntideo
2223 2449 2347 2488 vere
2387 2437 2525 2492 Deus
2570 2443 2860 2506 exstiterit,
2905 2459 2970 2498 eo
3003 2447 3142 2514 quod
3195 2450 3391 2506 animis
3424 2467 3454 2506 a
3494 2465 3556 2509 se

1979 2527 2176 2578 creatis
2216 2525 2280 2578 ad
2310 2526 2600 2596 imaginem
2635 2545 2788 2584 suam
2820 2533 3236 2592 intellectualem
3266 2540 3438 2597 lucem
3469 2557 3555 2597 ra-

1978 2616 2230 2670 tionalem
2268 2617 2609 2674 irradiaverit
2650 2624 2946 2691 :quocirca
3000 2638 3155 2682 vocat
3186 2629 3358 2685 lucem
3403 2634 3552 2690 illum

1978 2721 2080 2758 non
2139 2721 2318 2760 rerum
2365 2709 2626 2771 omnium,
2678 2714 2772 2764 sed
2824 2713 3098 2769 hominum
3161 2725 3550 2778 tantummodo.

1980 2794 2110 2848 Erat
2143 2797 2301 2860 enim,
2331 2793 2427 2860 ait,
2472 2799 2565 2852 (ua:
2597 2799 2906 2856 illuminari;
2939 2821 3139 2860 omnem
3172 2809 3430 2864 hominem
3465 2830 3551 2867 ve-

1978 2889 2198 2941 nientem
2231 2889 2285 2941 in
2312 2889 2450 2942 hunc
2480 2890 2752 2944 mundum.
2788 2893 2867 2945 Ad
2897 2893 3040 2949 hunc
3079 2901 3294 2951 modum
3333 2910 3386 2954 et
3425 2916 3553 2956 vero

1980 2978 2280 3032 exsistebat
2301 2978 2410 3032 vita
2443 2995 2457 3032 :
2488 2993 2554 3033 eo
2581 2980 2720 3048 quod
2753 2985 3002 3039 onmibus
3037 2987 3341 3043 viventibus
3363 2989 3431 3044 de
3451 3007 3550 3046 suo

1985 3073 2308 3140 suppeditet.
2341 3071 2518 3142 Atque
2545 3073 2616 3127 ita
2644 3073 2887 3130 invenire
2931 3078 3089 3134 nobis
3147 3079 3272 3135 licet
3311 3083 3551 3152 appella-

280 3151 467 3203 tiones
500 3151 546 3204 ei
588 3166 712 3206 vere
745 3154 1056 3219 attributas,
1083 3154 1280 3224 quibus
1304 3172 1424 3224 qrue
1460 3156 1534 3211 illi
1565 3158 1770 3222 insunt,
1821 3160 2019 3214 divina:
2076 3163 2310 3216 virtutes
2350 3172 2829 3230 reprresentantur.
2897 3166 3108 3236 Ubique
3163 3151 3431 3229 autemet
3454 3191 3551 3246 per

279 3242 472 3296 omnia
512 3252 649 3307 erat,
690 3243 912 3308 veritas,
959 3245 1047 3298 Dei
1098 3245 1264 3300 Filius
1311 3257 1452 3313 erat,
1483 3251 1625 3318 quod
1671 3252 1740 3305 ab
1774 3253 1890 3320 ipso
1930 3255 2223 3307 edocemur
2247 3253 2337 3308 ubi
2359 3253 2474 3310 ait:
2508 3253 2616 3322 Ego
2650 3272 2766 3309 sum
2800 3260 2992 3313 veritas
3010 3260 3054 3313 ⁸.

923 3336 1079 3390 ΚΕΦ.
1124 3339 1223 3390 IE'.

285 3424 418 3504 Τῶςν
451 3425 638 3504 αιξτοῦ
657 3427 1021 3504 Μαρκέλλῳ
1041 3428 1255 3504 φωνῷν
1279 3435 1659 3504 παραθέσεις,
1677 3434 1751 3489 δι’
1783 3427 1870 3488 ὧν

357 3494 898 3573 ἡργεῒτο-τόνέηόν
921 3499 1025 3552 τοῦ
1042 3494 1206 3573 ’θεοῦ
1245 3494 1475 3573 σαςὲῶς,
1508 3494 1870 3573 apo-9501)de

361 3565 557 3632 Λόγον
579 3565 618 3632 ἢ
652 3566 993 3621 ἐνδιάθετον
1023 3570 1275 3638 φάσκων
1310 3565 1469 3629 sinit
1501 3565 1714 3628 αὖτὸνξ

371 3654 510 3707 Ἀλλ’
532 3655 561 3708 ό
587 3657 705 3720 νέος
734 3661 1083 3730 συγγραφεὺς
1115 3661 1289 3717 ταῦτα
1317 3664 1415 3735 μὲν
1447 3663 1570 3716 οὔτε
1601 3664 1865 3736 συνίησιν,

270 3743 407 3798 οὗτε
437 3741 608 3809 οἶδεν,
641 3747 752 3800 οὐθ’
791 3750 872 3801 ὅτι
905 3750 1089 3818 ἀγνοεῖ
1133 3748 1273 3806 οἶδεν
1297 3770 1310 3782 ο
1356 3753 1392 3807 ἃ
1425 3753 1490 3823 δὴ
1536 3754 1630 3809 καὶ
1671 3756 1868 3824 ειδέναι

271 3836 462 3906 αὐχεῖ,
495 3838 642 3900 ὅπως
671 3839 913 3910 συνίστη.
949 3841 1086 3912 Φέρε
1133 3843 1297 3898 πάλιν
1343 3843 1462 3901 εἷτα
1508 3847 1868 3912 ἀναλαϐόντες

271 3927 641 3998 ἀκούσωμεν,
673 3928 749 3992 ὡς
796 3930 874 4001 τῷ
915 3932 974 3984 ὲν
1015 3933 1322 4004 ἀνθρώποις
1368 3937 1530 3990 αὑτὸν
1575 3938 1864 4002 ἀπεικάζει

270 4016 447 4087 λόγῳ,
490 4018 566 4088 τῷ
595 4035 655 4071 τε
693 4020 836 4072 κατά
861 4021 1125 4089 διάνοιαν,
1155 4026 1248 4078 καὶ
1278 4025 1357 4096 τῷ
1381 4029 1523 4082 κατὰ
1556 4027 1862 4100 προφορὰν,

268 4105 470 4161 τοῦτον
503 4109 728 4179 γράφων
760 4111 850 4164 τὸν
877 4113 1075 4183 τρόπον
1097 4132 1110 4144 ·
1153 4134 1171 4167 ι
1206 4117 1375 4171 Τοῦτο
1407 4118 1462 4172 δὲ
1497 4120 1679 4190 ῥᾴδιον
1711 4116 1865 4189 οἶμαι

279 4220 300 4250 ε
343 4202 452 4263 τοῖς
483 4197 541 4254 εὖ
582 4203 836 4273 φρονοῦσι
880 4204 972 4258 καὶ
1005 4207 1112 4260 ἀπὸ
1149 4209 1344 4279 μικροῦ
1374 4227 1519 4273 τινος
1546 4210 1639 4263 καὶ
1677 4227 1867 4262 ταπει-

280 4310 301 4340 ‹
347 4290 439 4342 νοῦ
485 4291 605 4343 καθ’
637 4295 787 4363 ἡμᾶς
831 4296 1269 4368 παραδείγματος
1307 4299 1548 4367 γνῶναι·
1597 4301 1715 4352 οὐδὲ
1758 4300 1864 4372 γὰρ

281 4397 303 4429 s
346 4379 436 4431 τὸν
473 4379 567 4433 τοῦ
617 4381 904 4454 ἀνθρώπου
953 4383 1110 4453 λόγον
1154 4386 1380 4457 δυνάμει
1435 4390 1529 4442 καὶ
1570 4391 1863 4443 ὑποστάσει

277 4491 302 4520 c
347 4470 577 4540 χωρίσαι
608 4473 715 4526 τινὶ
751 4473 994 4528 δυνατόν.
1033 4477 1127 4529 Ἓν
1167 4479 1276 4550 γάρ
1302 4482 1416 4532 ἐστι
1447 4481 1540 4532 καὶ
1565 4480 1756 4533 ταύτὸν
1786 4481 1864 4552 τῷ

275 4581 301 4612 ς
345 4561 614 4634 ἀνθρώπῳ
642 4565 672 4616 ὁ
714 4564 871 4633 λόγος
895 4582 908 4596 ·
937 4567 1031 4619 καὶ
1059 4568 1232 4622 οὐδενὶ
1273 4571 1638 4641 χωριζόμενος
1690 4572 1862 4642 ἑτέρῳ

2544 3350 2602 3408 >14
2635 3344 2786 3401 CA'P.
2819 3347 2938 3404 XV.

1981 3433 2140 3512 Voces
2177 3441 2548 3512 proponantur
2560 3437 2689 3512 illm,
2712 3431 2910 3512 quibus
2934 3440 3219 3496 Marcellus
3241 3444 3548 3512 planissime

2039 3506 2310 3577 abnegavit
2353 3505 2448 3557 Dei
2481 3505 2678 3560 Filium
2710 3505 2732 3561 ἐ
2757 3510 3022 3577 afﬁrmans
3054 3513 3202 3566 illum
3241 3505 3360 3570 ἐδει
3416 3516 3548 3573 Ver-

2037 3574 2160 3626 bum
2191 3589 2326 3626 nunc
2359 3577 2669 3639 immanem,
2710 3574 2848 3630 nunc
2881 3595 3154 3635 emanant.

2040 3665 2110 3716 At
2157 3664 2393 3718 n'ovitius
2427 3665 2528 3719 iste
2575 3668 2806 3733 scriptor
2859 3668 2976 3724 haec
3035 3685 3208 3740 neque
3261 3674 3543 3743 intellexit,

1969 3770 2144 3830 neque
2179 3756 2346 3819 novit,
2395 3771 2567 3828 neque
2595 3756 2725 3811 illud
2771 3759 2917 3812 novit
2960 3762 3103 3829 quod
3136 3764 3250 3819 haec
3295 3767 3542 3836 ignoret:

1968 3863 2087 3915 quae
2122 3858 2299 3901 tamen
2345 3863 2450 3902 non
2501 3848 2713 3904 nescire
2748 3865 2808 3904 se
2833 3851 3130 3920 gloriatur,
3158 3858 3388 3925 qttaliter
3415 3863 3548 3920 sub-

1969 3939 2186 3992 sistunt.
2211 3928 2451 4006 Agedum
2489 3953 2639 4004 vero,
2659 3954 3060 3998 reassnmentes
3082 3960 3201 4013 quae
3225 3949 3365 4002 dicta
3393 3963 3543 4017 sunt,

1968 4029 2254 4082 audiamus
2314 4039 2372 4083 ttt
2419 4029 2568 4083 illum
2631 4031 3012 4088 assimilaverit
3059 4035 3292 4091 humano
3330 4040 3540 4096 verbo:

1967 4110 2100 4173 Cum.
2137 4119 2279 4187 quod
2332 4119 2658 4188 cogitatione
2715 4124 3210 4190 comprehenditur,
3249 4135 3359 4181 tum
3397 4133 3542 4198 quod

1967 4208 2259 4276 profertur.
2289 4207 2365 4263 Ita
2392 4219 2570 4264 autem
2595 4211 2670 4265 ait
2706 4209 2795 4282 [Β.
2833 4211 2916 4265 LV
2942 4214 3064 4268 coll.
3096 4229 3148 4283 ι).
3188 4215 3258 4271 59
3287 4218 3348 4283 D,
3379 4218 3446 4273 79
3477 4220 3539 4286 Β,

1968 4300 2070 4355 114
2103 4298 2166 4372 1)]
2209 4319 2220 4354 :
2261 4319 2280 4351 ι
2328 4299 2507 4355 Facile
2551 4303 2654 4357 hoc
2695 4305 2890 4370 Opinor
2940 4306 3316 4376 iutelligentes,
3362 4311 3544 4366 animo

1971 4410 1989 4442 ι
2027 4391 2468 4460 compreheusnri
2499 4399 2646 4452 sunt,
2673 4391 2740 4445 ab
2768 4393 3042 4458 humanis,
3066 4394 3417 4450 similitudine
3439 4396 3542 4450 hu-

1971 4465 1991 4532 ι’
2027 4481 2136 4536 mili
2170 4481 2383 4551 quidem
2411 4481 2498 4534 illa
2523 4491 2576 4535 et
2599 4468 3009 4538 conten-nenda.
3043 4484 3174 4538 Nam
3211 4502 3385 4556 neque
3421 4503 3545 4558 pos.

1970 4594 1989 4625 ι
2025 4573 2176 4629 sibile
2198 4583 2280 4628 est
2305 4575 2578 4642 cuiquam,
2604 4573 2688 4626 vel
2716 4583 2982 4642 potestate
3010 4585 3063 4630 et
3088 4577 3363 4647 hypostasi
3390 4595 3546 4649 Sepa-

278 4678 298 4707 ε
349 4656 380 4726 ἢ
418 4657 555 4730 μόνῃ
580 4660 645 4729 τῇ
679 4658 770 4729 τῆς
796 4659 1043 4731 πράξεως
1068 4662 1340 4734 ἐνεργείᾳ.
1376 4683 1392 4714 ι
1439 4665 1525 4716 Ἐν
1550 4664 1605 4716 δὲ
1646 4664 1856 4728 τούτοις

1982 4684 1983 4711 :
2021 4677 2143 4716 rare
2170 4663 2392 4717 verbum
2424 4664 2567 4732 quod
2598 4664 2649 4716 in
2675 4663 2983 4719 hominibus
3010 4676 3113 4720 est.
3144 4665 3288 4720 Idem
3341 4669 3542 4723 etenim

268 4745 358 4815 τῷ
391 4747 708 4818 προφορικῷ
738 4749 878 4819 λόγῳ
921 4750 1184 4823 κέχρηται
1226 4753 1394 4806 εἰκόνι
1419 4767 1434 4784 ⁵
1466 4754 1542 4824 τῷ
1571 4754 1628 4806 δέ
1665 4771 1726 4823 γε
1775 4757 1859 4808 ὲν-

265 4836 508 4907 διαθέτῳ
531 4840 587 4890 ἐν
614 4835 693 4902 οἷς
718 4839 891 4893 ταῦτά
913 4859 1104 4916 φησιν·
1141 4862 1158 4894 ι
1190 4844 1262 4896 Οὐ
1295 4844 1402 4915 γάρ
1431 4844 1543 4916 (57)
1572 4845 1634 4916 δὴ
1668 4845 1859 4916 ἐτέρας

275 4943 298 4975 s
345 4925 681 4995 ὲτοιμασίας,
711 4923 822 4981 οἷον
861 4928 1014 5000 ὕλης,
1057 4932 1089 5002 ἢ
1123 4932 1288 5004 ἄλλης
1313 4935 1454 4999 τινὸς
1486 4934 1854 5006 ἀνθρωπίνης,

273 5034 296 5065 ι
333 5017 362 5068 ό
407 5016 538 5080 Θεὸς
570 5019 738 5071 ἐδεῖτο
769 5020 904 5091 πρὸς
944 5027 1283 5097 κατασκευὴν
1303 5067 1316 5088 ,
1348 5026 1483 5079 ἀλλά
1511 5027 1715 5097 ταύτης
1757 5028 1858 5096 τῆς

275 5126 296 5156 ι
345 5107 402 5160 ὲν
431 5109 497 5178 τῇ
530 5107 720 5162 ἑαυτοῦ
755 5109 961 5184 διανοίᾳ
985 5115 1319 5184 ὲτοιμασίας.
1368 5117 1518 5168 Ἐπεὶ
1542 5111 1634 5169 οῦν
1660 5115 1856 5169 ἀδύνα-

274 5217 296 5247 ‹
339 5213 430 5250 τον
470 5194 536 5270 ἦν
580 5201 748 5271 χωρὶς
776 5201 934 5271 λόγου
971 5206 1064 5257 καὶ
1107 5206 1208 5271 τῆς
1255 5208 1561 5280 προσούσης
1603 5207 1681 5278 τῷ
1713 5207 1858 5278 λόγῳ

355 5340 414 5396 .14
447 5333 542 5390 sit.
576 5334 773 5399 Paris.,
803 5352 923 5407 pag.
961 5339 1083 5392 ηδ.
1173 5417 1180 5421 ρ

348 5427 368 5455 ⁸
401 5423 558 5479 Joan.
593 5443 702 5490 xw,
729 5426 779 5481 6.

352 5563 466 5633 (32)
497 5563 667 5633 Vulgo
693 5563 877 5618 αὐτόν.

355 5632 478 5705 (ὕὸὶ
498 5632 675 5705 [μὴν
713 5634 788 5702 δὴ
825 5635 1026 5705 λόγος.
1065 5633 1374 5705 Legendnm
1415 5633 1744 5705 forte,r_.)tl)v
1771 5635 1852 5696 δὲ,

274 5703 344 5756 ἐκ
388 5701 502 5773 τοῦ,
534 5703 732 5772 λέγειν,
766 5701 1025 5773 ποτὲμὲν
1072 5701 1217 5756 ἔνδον
1259 5703 1421 5756 αὑτὸν
1453 5703 1545 5756 τὸν
1583 5701 1760 5772 λόγον,
1797 5706 1854 5757 ὲν

273 5773 358 5843 τῷ
387 5771 527 5844 Θεῷ,
550 5771 616 5825 οι
638 5786 816 5844 tamen
847 5771 1316 5844 aiI‘pt-rlicientlant
1349 5771 1672 5844 sententiam
1729 5777 1856 5829 dec-

276 5841 375 5911 rit,
400 5841 572 5898 simile
595 5843 742 5911 quid,
770 5843 1044 5895 ἁλίσκεται
1076 5841 1229 5894 τοῦτο
1262 5841 1456 5909 λέγων.
1503 5842 1573 5898 Μ.

1972 4771 1992 4805 ι
2027 4767 2303 4821 unumque
2347 4767 2470 4807 cum
2519 4753 2736 4806 homine
2790 4753 3012 4807 verbum
3060 4771 3215 4810 suum
3281 4758 3539 4812 exsistit:

1914 4849 1917 4852 '
1971 4865 1990 4895 ι
2030 4847 2340 4914 neutiquam
2388 4846 2458 4898 ab
2512 4844 2733 4901 homine
2773 4847 3150 4915 separandum,
3194 4849 3296 4903 nisi
3347 4851 3538 4918 agendi

1975 4955 1994 4987 ε
2030 4935 2141 4990 sola
2170 4936 2402 4991 actione.
2448 4953 2468 4987 ›
2515 4935 2696 4991 Utitur
2721 4937 2807 4991 hic
2829 4937 2939 5005 jam
2968 4939 3212 5007 exemplo
3246 4939 3391 4991 verbi
3415 4953 3541 5007 pro-

1972 5027 2127 5080 Ι.ιιίιίἰ
2163 5044 2176 5080 :
2215 5026 2558 5080 immanentis
2608 5035 2785 5080 autem
2829 5027 3025 5092 denuo,
3065 5027 3155 5080 ubi
3200 5027 3275 5080 ait
3307 5025 3396 5098 [Ιί.
3431 5025 3538 5080 Llll

1966 5117 2089 5172 coll.
2122 5133 2175 5186 p.
2209 5115 2280 5169 40
2310 5116 2379 5189 Al
2414 5135 2427 5170 :
2463 5137 2480 5168 ι
2519 5116 2698 5188 Neque
2745 5119 2886 5171 enim
2922 5126 3241 5186 apparatnra
3274 5118 3379 5172 ulla
3410 5118 3536 5180 alia,

1969 5226 1987 5259 ι
2033 5221 2222 5275 nempe
2271 5208 2528 5272 materiae,
2590 5209 2669 5262 vel
2719 5205 3021 5274 hujus‘modi
3076 5208 3345 5277 indigebat
3399 5209 3541 5265 Deus

2038 5567 2150 5634 (δι)
2183 5567 2351 5637 Vulgo
2379 5568 2499 5638 μέν.

2035 5631 2150 5708 tas)
2183 5631 2352 5708 Vulgo
2379 5631 2648 5708 ’παρέχειν
2669 5637 2850 5706 vdua;
2873 5643 3128 5691 caeterum
3157 5633 3230 5690 cl‘.
3259 5649 3311 5704 p.
3336 5631 3536 5690 H.887.

2035 5639 2128 5693 l55
2187 5639 2352 5704 Vulgo
2386 5639 2563 5708 παρέχ

2035 5639 2150 5778 (ὃδζ
2181 5706 2354 5778 Vulgo
2380 5707 2563 5778 αὑτός.

2036 5776 2148 5847 (5η
2183 5776 2351 5846 Vulgo
2374 5777 2451 5828 δέ.
