3970 6582
546 391 659 448 955

1158 384 1163 389 ’
1222 385 1491 444 EUSEBII
1528 382 2005 441 CIESARIENSIS
2043 382 2193 439 OPP.
2238 382 2419 437 PARS
2455 382 2545 436 IV.
2587 412 2655 423 -—-
2694 379 3108 439 DOGMATICA.

3669 387 3751 440 936

553 527 579 561 ί
613 511 859 562 humanm
887 506 1159 561 facultatis
1194 505 1259 559 ad
1289 505 1474 560 mundi
1497 505 1858 559 conditionem
1883 522 1898 555 :
1924 503 2017 558 sed
2039 519 2121 557 so-

2237 522 2253 553 ι
2288 502 2479 571 σοφίας
2507 503 2752 573 ἐννοῆσαι
2783 501 2910 572 περὶ
2938 501 3036 571 τῆς
3064 498 3156 552 τοῦ
3183 499 3409 569 ούρανοῦ
3441 500 3751 572 κατασκευῆς,

560 619 579 649 ι
615 601 662 655 la
695 600 781 654 illa
823 615 943 668 quae
976 600 1122 652 intus
1149 597 1222 651 illi
1253 606 1371 651 erat
1404 597 1544 666 apud
1568 598 1808 649 animum
1837 602 2128 664 apparatu—

550 709 579 745 s
616 707 693 746 ra.
722 692 855 745 Cum
898 705 1027 743 vero
1068 704 1175 743 non
1202 698 1384 758 posset
1417 689 1553 752 fieri,
1581 698 1639 741 ut
1670 687 1785 742 sine
1813 689 1995 749 verbo,
2040 695 2131 739 aut

557 797 580 832 α
617 782 784 835 verbo
812 795 929 848 quae
953 788 1149 847 praesto
1180 792 1397 847 semper
1425 776 1528 829 fuit
1557 776 1845 844 sapientia,
1872 774 2131 844 cogitaret

555 887 579 920 ι
616 870 684 924 de
715 869 841 925 coeli
868 877 1125 937 apparatu
1171 870 1330 931 Deus,
1371 867 1594 921 omnino
1635 868 1768 919 bene
1801 864 1972 919 dixit:
1998 850 2155 918 Cum.

554 974 580 1007 ί
612 958 796 1012 calum
820 966 1165 1027 prurpararet,
1195 956 1276 1009 illi
1306 973 1411 1008 una
1438 956 1650 1008 aderam
1670 954 1710 1008 ⁸.
1745 974 1763 1005 ι
1810 955 2131 1023 Progressus

548 1048 730 1109 adhuc
765 1049 1066 1102 immanens
1105 1046 1262 1101 simul
1289 1061 1408 1101 esse
1433 1056 1486 1100 et
1513 1047 1640 1101 illud
1666 1046 1898 1100 Verbum
1928 1047 2127 1111 docuit,

543 1112 629 1192 ita
658 1138 906 1207 inquiens
940 1136 1030 1207 [ιι.
1066 1136 1149 1189 Lll
1174 1136 1295 1192 coll.
1323 1151 1376 1205 ρ.
1402 1137 1472 1189 40
1508 1136 1570 1208 υ]
1602 1155 1615 1189 ε
1658 1155 1676 1186 ‹
1708 1135 1774 1190 Et
1795 1137 1915 1204 quis
1949 1151 2131 1205 quaeso

558 1249 577 1281 ι
614 1230 731 1285 sive
775 1240 1087 1284 sanctorum
1120 1242 1151 1281 e
1180 1228 1349 1282 choro
1377 1227 1708 1297 angelorum,
1752 1240 1844 1280 seu
1895 1226 2129 1279 virorum

558 1319 873 1388 «iustorum
915 1319 1107 1388 dignus
1131 1317 1263 1373 satis
1284 1327 1403 1372 erat
1427 1317 1747 1386 supplicium
1782 1317 1931 1379 illud,
1966 1334 1993 1369 a
2026 1317 2132 1372 Deo

549 1429 576 1462 τι
613 1410 977 1481 personaliter
1004 1409 1078 1463 illi
1112 1409 1438 1463 destinatum
1474 1416 1742 1469 avertere,
1772 1406 1870 1459 nisi
1895 1405 2129 1460 Verbum

548 1520 577 1554 4
612 1501 765 1563 illud.
791 1501 934 1571 quod
960 1510 1154 1570 przesto
1176 1501 1251 1553 illi
1276 1507 1411 1561 erat,
1436 1508 1492 1552 et
1516 1513 1603 1552 res
1626 1498 1971 1567 confingebat
1993 1515 2129 1551 una:

551 1611 577 1645 ί
610 1593 697 1667 cui
723 1592 891 1649 Pater
919 1592 1054 1647 dixit
1093 1591 1225 1646 illttd
1259 1607 1278 1646 :
1314 1589 1602 1644 Faciamus
1645 1592 1965 1644 hominem".
2011 1610 2028 1642 ι
2075 1590 2129 1643 In
2179 1601 2189 1608 '

549 1684 907 1752 sequentibus
929 1683 1004 1736 ita
1035 1682 1242 1751 liquido
1264 1682 1523 1745 declarat,
1556 1681 1828 1749 quodnam
1860 1681 2132 1735 subintro~

546 1773 782 1827 ducebat
817 1773 1073 1839 Verbum,
1105 1773 1358 1841 inquiens
1392 1789 1405 1822 :
1443 1790 1462 1824 ι
1489 1773 1643 1840 Quod
1676 1772 1720 1827 si
1751 1774 1875 1842 quis
1899 1774 2132 1827 humano

548 1882 576 1916 ς
612 1863 703 1918 illo
727 1865 944 1934 quidem
991 1874 1045 1919 et
1085 1867 1283 1934 exiguo
1314 1866 1391 1920 uti
1419 1867 1545 1920 velit
1587 1866 1855 1935 exemplo,
1893 1876 1947 1920 et
2000 1874 2121 1919 tan-

557 1972 577 2006 c
612 1969 772 2024 quam
818 1958 886 2011 ad
938 1957 1230 2022 imaginem
1270 1958 1581 2026 quamdam,
1632 1956 1871 2010 divinam
1910 1956 2127 2025 exigere

550 2063 571 2096 ί
605 2047 976 2113 operationem
1034 2047 1106 2101 ita
1159 2056 1385 2103 statuet.
1424 2045 1576 2112 Quod
1630 2046 1789 2100 sicuti
1822 2054 2157 2102 statuarum,

548 2152 571 2187 ί
609 2137 767 2191 fictor
792 2138 1062 2207 quispiam
1108 2137 1398 2198 excellens,
1429 2144 1660 2192 statuam
1705 2137 1890 2191 volens
1926 2136 2126 2192 confin-

551 2243 571 2277 ι
607 2240 755 2294 gere,
801 2227 1051 2297 inprimis
1089 2234 1147 2290 >I<
1183 2227 1326 2281 illius
1350 2226 1572 2289 formas,
1602 2235 1657 2281 et
1684 2230 1971 2297 expressas
2002 2226 2127 2292 figu-

544 2331 569 2365 ‹
606 2329 699 2369 ras
754 2317 898 2370 intus
952 2317 1199 2381 revolvit,
1248 2317 1385 2384 apud
1435 2316 1674 2369 animum
1731 2316 2120 2371 considerans:

549 2421 570 2457 ι
610 2414 723 2459 tum
770 2408 984 2475 adaptat
1035 2409 1083 2462 ei
1118 2407 1527 2475 longitudinem,
1565 2417 1766 2475 quanta
1806 2407 2035 2463 suﬂiciet
2069 2418 2124 2462 ct

547 2514 568 2547 ι
606 2495 947 2551 latitudinem
975 2514 988 2548 :
1021 2498 1532 2568 proportionemque
1560 2496 1817 2566 cujusque
1838 2499 2029 2565 partis.
2056 2500 2122 2551 ad

544 2602 569 2636 ε
608 2587 772 2641 totius
795 2602 1103 2641 mensuram
1132 2588 1387 2642 decenter
1413 2588 1578 2657 exigit
1603 2605 1615 2641 :
1647 2596 1803 2642 curat
1826 2598 1882 2641 ut
1915 2589 1981 2643 ad
2010 2603 2122 2642 ma-

514 2742 517 2747 λ
548 2693 569 2727 ι
605 2690 733 2729 num
769 2675 840 2729 sit
874 2684 1196 2744 praeparata,
1253 2691 1374 2745 quae
1422 2675 1654 2732 sufﬁciat
1706 2677 1831 2731 aris
1873 2678 2117 2731 materia.

545 2780 571 2817 ι
605 2766 781 2836 Atque
816 2766 890 2820 ita
924 2774 1211 2839 postquam
1238 2782 1335 2820 sua
1364 2767 1694 2840 cogitatione
1720 2775 1951 2823 statuam
1984 2784 2122 2838 prm-

540 2869 568 2903 ‹
607 2852 921 2921 ﬁguraverit
952 2852 1099 2907 illam
1140 2870 1155 2906 :
1189 2853 1451 2910 lustrasse
1485 2870 1607 2911 eam
1655 2870 1713 2910 se
1746 2865 2002 2925 reputans
2039 2857 2121 2911 in-

542 2960 569 2994 c
604 2942 821 3000 tellect'u
851 2960 952 3000 suo
998 2948 1254 3002 conscius
1302 2947 1567 3003 rationem
1603 2948 1769 3012 illam,
1814 2963 1911 3018 per
1956 2965 2117 3019 quam

546 3050 567 3084 ι
608 3034 962 3090 ratiocinatur
983 3051 1167 3091 secum
1202 3051 1308 3090 una
1332 3040 1613 3107 cooperari
1658 3055 1761 3095 nec
1784 3055 1844 3095 se
1875 3041 1991 3095 sine
2026 3056 2116 3095 ra.

2238 612 2255 644 ι
2287 595 2378 646 τὸν
2408 594 2540 646 Θεὸν
2562 595 2786 655 είκότως
2818 593 2942 661 ἔφη,
2986 610 3003 642 ι
3046 591 3259 645 Ἢνίκα
3291 590 3550 659 ἡτοίμαζε
3571 593 3662 645 τὸν
3679 595 3756 646 οὑ-

2222 685 2435 751 ρανόν,
2476 684 2887 752 συμπαρήμην
2930 681 3106 746 αὐτῷ.
3141 676 3253 733 Εἶθ’
3288 680 3411 749 ἑξῆς
3438 681 3624 752 προῖὼν
3649 682 3755 751 ὁμοῦ

2230 777 2323 829 καὶ
2351 776 2654 829 ἐνδιάθετον
2678 775 2767 827 τὸν
2792 774 2887 827 τοῦ
2923 773 3058 826 Θεοῦ
3090 774 3262 841 Λόγον
3294 774 3545 844 παρίστη,
3571 774 3756 843 γράφων

2230 869 2371 923 οὓτω
2396 888 2409 900 ·
2473 888 2490 920 ι
2527 868 2623 931 Τίς
2668 869 2776 939 γὰρ
2826 866 2997 929 οὕτως
3037 865 3069 937 ἢ
3102 867 3209 918 τῶν
3256 866 3425 933 ἁγίων
3471 866 3756 935 ἀγγέλων,ἢ

2238 979 2256 1011 ‹
2295 959 2501 1031 ἀνδρῶν
2542 959 2766 1012 δικαίων
2805 956 3115 1021 ἀξιόπιστος
3161 952 3229 1027 ἦν
3274 957 3376 1027 τὴν
3422 958 3484 1010 ἐκ
3516 956 3758 1027 προσώπου

2237 1068 2256 1100 ι
2298 1048 2392 1102 τοῦ
2427 1048 2562 1101 Θεοῦ
2603 1048 2910 1117 ὁρισθεῖσαν
2941 1046 3089 1116 αὑτῷ
3134 1046 3404 1117 τιμωρίαν
3441 1045 3608 1108 λῦσαι,
3632 1048 3671 1098 εἰ
3702 1046 3760 1114 μὴ

2237 1157 2255 1187 ι
2286 1139 2446 1199 αὐτὸς
2486 1140 2514 1190 6
2554 1138 2746 1204 Λόγος,
2776 1139 2803 1189 ό
2851 1136 3154 1206 συμπαρών
3192 1154 3249 1189 τε
3296 1136 3389 1189 καὶ
3429 1136 3759 1206 ωμπλάττων,

2237 1249 2255 1280 ι
2291 1229 2425 1301 πρὸς
2458 1229 2516 1281 ὃν
2545 1231 2572 1280 ό
2601 1228 2789 1299 Πατὴρ
2812 1270 2825 1289 ,
2863 1227 3210 1295 Ποιήσωμεν
3237 1220 3573 1295 ἄνθρωπον,
3600 1212 3719 1296 ﬁeri;
3743 1247 3757 1278 ι

2232 1320 2451 1385 Τούτοις
2484 1320 2608 1386 ἐξῆς
2634 1320 2887 1389 διασαφεῖ
2914 1321 2940 1371 6
2964 1322 3113 1373 ποῖον
3138 1318 3344 1387 εἰσάγει
3371 1308 3522 1386 λόγον
3544 1320 3757 1387 φάσκων¹

2237 1429 2255 1461 ι
2290 1410 2403 1463 ἀλλ’
2439 1410 2492 1461 εἴ
2518 1427 2603 1472 τις
2635 1409 2817 1480 μικρῷ
2861 1426 2965 1461 τινι
3009 1409 3104 1461 καὶ
3136 1408 3457 1478 ἀνθρωπίνῳ
3501 1409 3611 1461 καθ’
3644 1411 3763 1478 ἡμᾶς

2238 1520 2257 1553 ι
2298 1501 2698 1571 παραδείγματι
2724 1500 3002 1572 χρώμενος
3020 1538 3035 1562 ,
3068 1499 3145 1562 ὡς
3174 1500 3260 1552 διὰ
3292 1500 3496 1562 εἰκόνος
3521 1500 3611 1570 τὴν
3643 1499 3763 1552 θείαν

2239 1609 2256 1642 ι
2290 1590 2531 1659 ἐξετάζοι
2578 1591 2806 1662 πρᾶξιν,
2841 1590 3028 1660 ὥσπερ
3057 1590 3123 1644 ἂν
3156 1590 3209 1643 εἴ
3246 1608 3329 1653 τις
3369 1590 3764 1663 ἀνδριαντοποιὸς

2238 1700 2256 1732 ι
2297 1683 2613 1752 ἐπιστήμων
2665 1681 2833 1752 ἀνὴρ,
2882 1681 3168 1753 ἀνδριάντα
3222 1681 3423 1734 πλάσαι
3470 1681 3762 1752 βουλόμενος.

2237 1788 2254 1820 t
2294 1770 2506 1841 πρῶτον
2539 1770 2636 1840 μὲν
2660 1770 2780 1833 τοὺς
2811 1770 3015 1832 τύπους
3047 1769 3212 1822 αὐτοῦ
3241 1770 3335 1823 καὶ
3370 1774 3699 1841 χαρακτῆρας
3722 1773 3767 1823 ἐν

2239 1880 2257 1913 ι
2290 1862 2467 1932 ἐαυτῷ
2503 1866 2693 1915 σκοπεῖ
2714 1878 2728 1891 '
2771 1862 2959 1915 ἔπειτα
3000 1862 3198 1926 πλάτος
3237 1881 3297 1914 τε
3326 1866 3420 1916 καὶ
3451 1862 3639 1933 μῆκος,
3668 1863 3766 1915 ὅσον

2239 1971 2257 2004 ι
2296 1954 2585 2024 εὐπρεπὲς,
2620 1955 2789 2005 ἐννοεῖ
2814 1969 2825 1981 ·
2857 1953 3146 2021 ἀναλογίαν
3190 1971 3247 2005 τε
3289 1953 3381 2006 τοῦ
3414 1954 3605 2015 παντὸς
3634 1956 3681 2006 ἐν
3706 1952 3765 2020 τῷ

2238 2062 2255 2093 ι
2293 2042 2411 2095 καθ’
2444 2043 2674 2095 ’ἑκαστον
2700 2042 2939 2107 ἐξετάζει
2972 2043 3157 2114 μέρει,
3188 2044 3388 2114 χαλκοῦ
3422 2061 3479 2097 τε
3508 2045 3601 2115 τὴν
3625 2044 3765 2114 πρόσ-

2237 2152 2255 2185 t
2289 2150 2451 2204 φορόν
2479 2133 2770 2203 ἑτοιμάσας
2798 2132 2948 2203 ὕλην,
2977 2135 3071 2186 καὶ
3107 2136 3198 2187 τὸν
3222 2133 3479 2204 ἐσόμενον
3518 2132 3767 2203 ἀνδριάντα

2236 2243 2254 2274 ι
2286 2228 2350 2295 τῇ
2388 2224 2577 2277 ἐαυτοῦ
2618 2223 2979 2295 προτυπιὶισας
3017 2225 3256 2295 διανοίᾳ,
3293 2226 3385 2278 καὶ
3430 2224 3623 2294 venti);
3662 2224 3767 2293 όρᾷν

2235 2334 2256 2368 ι
2293 2317 2539 2387 νομίσας,
2577 2315 2829 2379 συνειδὼς
2855 2334 2915 2368 τε
2948 2316 3125 2387 ἐαυτῷ
3151 2319 3434 2387 συνεργεῖν
3458 2315 3546 2368 τὸν
3570 2315 3710 2382 λόγον
3734 2306 3769 2379 ᾧ

2234 2425 2253 2456 ι
2291 2407 2596 2475 λογίζεται,
2644 2408 2737 2460 καὶ
2780 2400 2825 2474 ᾧ
2871 2408 3047 2460 πάντα
3103 2408 3361 2477 πράττειν
3406 2407 3589 2459 εἴωθεν
3626 2404 3768 2474 (οὐδὲν

2234 2513 2250 2545 ι
2290 2494 2400 2565 γάρ
2449 2495 2559 2565 (58)
2593 2495 2687 2566 1’μὴ
2737 2496 2879 2567 λόγῳ
2928 2497 3210 2567 γινόμενον
3258 2497 3465 2567 καλὸν),
3508 2497 3769 2569 ἀρχόμενος

2234 2604 2252 2637 ι
2283 2587 2381 2656 τῆς
2431 2588 2694 2659 αἰσθητῆς
2742 2589 2945 2658 ταύτης
2991 2588 3273 2659 ἐργασίας,
3318 2589 3458 2659 πρός
3498 2588 3770 2651 ἐαυτὸν,ὼς

2233 2696 2253 2729 t
2289 2679 2426 2748 πρὸς
2458 2680 2664 2749 ἕτερον,
2701 2680 3127 2751 παρακελεύεται
3173 2680 3365 2747 λέγων,
3398 2682 3530 2750 ’Λγε
3569 2682 3769 2750 ποιήσω-

2232 2788 2252 2823 (
2297 2789 2417 2842 μεν,
2453 2771 2551 2839 άγε
2582 2772 2873 2842 πλάσωμεν
2909 2771 3199 2844 ἀνδριάντα
3224 2789 3237 2801 θ
3275 2770 3448 2836 οὕτως
3476 2775 3504 2825 6
3530 2772 3630 2825 τῶν
3658 2772 3769 2824 ὅλων

2234 2880 2251 2914 t
2284 2862 2547 2931 δεσπότης
2599 2864 2772 2927 Θεὸς,
2824 2863 2915 2916 τὸν
2960 2862 3199 2933 ἔμψυχον
3248 2864 3313 2916 ἐκ
3363 2868 3469 2934 γῆς
3517 2864 3768 2934 ἀνδριάντα

2231 2970 2251 3003 t
2293 2953 2481 3017 ποιῶν,
2503 2954 2603 3006 ούκ
2629 2954 2772 3024 ἄλλῳ
2800 2956 2905 3007 τινὶ
2925 2954 3058 3007 ἀλλά
3086 2954 3162 3025 τῷ
3184 2954 3376 3007 ἐαυτοῦ
3411 2956 3770 3025 παρεκελεύετο

2231 3060 2250 3093 ι
2290 3043 2468 3113 Λόγῳ,
2499 3043 2848 3111 Ποιήσωμεν
2862 3042 3194 3110 ἄνθρωπον,
3222 3044 3416 3111 λέγων.
3446 3064 3463 3095 ι
3484 3042 3579 3095 Διά
3598 3041 3769 3094 τούτων

540 3141 564 3174 4
601 3124 745 3179 tione
791 3125 1082 3195 quidquam
1122 3136 1447 3183 construere
1491 3146 1504 3182 :
1548 3130 1708 3199 (nihil
1762 3133 1907 3185 enim
1958 3132 2119 3201 plane

2228 3134 2468 3203 ἐναργῶς
2482 3134 2577 3188 καὶ
2603 3135 2900 3188 ἐνδιάθετον
2928 3136 3117 3204 Λόγον,
3134 3129 3178 3203 ᾦ
3197 3135 3560 3203 διαλογίζεταί
3582 3151 3674 3196 τις,
3695 3134 3770 3186 καὶ

540 3215 743 3282 Lquod
765 3226 914 3269 caret
934 3217 1144 3271 ratione
1165 3217 1380 3287 placere
1402 3230 1601 3288 potest,
1624 3229 1683 3274 ut
1701 3220 2006 3294 pulchrum)
2026 3224 2114 3278 ubi

544 3320 566 3353 ι
601 3317 887 3373 aggressus
920 3306 1082 3360 fuerit
1103 3307 1218 3361 ‘hoc
1245 3309 1498 3364 sensibile
1522 3325 1679 3365 suum
1705 3326 1861 3379 opus,
1920 3324 2119 3367 semet-

502 3470 509 3477 θ
543 3408 564 3442 ε
601 3390 775 3461 ipsum
802 3393 1018 3461 affatur,
1058 3396 1221 3451 veluti
1246 3396 1432 3463 alium,
1464 3400 1823 3466 adhortando,
1866 3416 1998 3471 age,
2034 3402 2117 3455 in-

2226 3226 2577 3295 προφορικὸν,
2604 3219 2647 3293 ᾧ
2675 3226 2978 3294 διαλέγεται
3002 3268 3017 3293 ,
3049 3227 3294 3298 προσῆψε
3328 3227 3408 3297 τῷ
3442 3227 3558 3298 Θεῷ
3579 3267 3593 3289 ,
3625 3225 3770 3278 τοιοῦ-

2225 3316 2313 3369 τόν
2345 3334 2467 3370 τινα
2491 3357 2505 3380 ,
2532 3312 2641 3371 οἷον
2668 3318 2759 3371 τὸν
2786 3319 2906 3371 καθ’
2938 3321 3116 3390 ἡμᾶς,
3150 3323 3244 3374 καὶ
3268 3323 3359 3374 τὸν
3393 3322 3454 3375 ὲν
3481 3322 3556 3393 τῷ
3584 3320 3690 3391 Θεῷ
3710 3315 3770 3373 εἶ-

2226 3423 2311 3458 ναι
2342 3408 2511 3475 Λόγον
2539 3408 2886 3479 ὑποθέμενος.

540 3502 564 3537 ε
603 3488 820 3556 quiens,
852 3491 1119 3546 faciamus
1156 3508 1171 3545 :
1210 3507 1329 3562 age,
1366 3494 1634 3563 fingamus
1683 3506 1938 3550 statuam.
1996 3498 2077 3550 Ad
2143 3500 2303 3553 istum
2353 3503 2566 3556 modum
2614 3506 2989 3559 universorum
3063 3508 3324 3561 Dominus
3396 3511 3558 3575 Deus,
3609 3509 3771 3564 elimo

545 3596 565 3630 α
604 3580 896 3633 animatam
934 3583 1272 3638 conficturus
1311 3593 1581 3647 statuam;
1620 3599 1725 3638 non
1785 3586 1947 3639 alium
1990 3590 2257 3656 quemvis,
2305 3594 2401 3646 sed
2449 3609 2607 3647 suum
2678 3596 2845 3664 ipsius
2905 3596 3100 3651 affatur
3164 3598 3339 3668 λόγον,
3391 3603 3657 3671 inquiens,
3680 3602 3772 3655 Fa-

542 3686 566 3720 ι
599 3672 799 3767 ciamus
821 3672 1110 3767 ﬂaminem.
1152 3691 1170 3723 ι
1209 3671 1265 3727 In
1302 3674 1441 3738 istis,
1491 3674 1563 3729 ita
1598 3675 1748 3729 clare
1774 3676 1980 3747 afﬁngit
2009 3681 2135 3745 Deo,
2177 3697 2303 3736 cum
2338 3684 2572 3740 Verbum
2646 3689 2971 3755 immanens,
3008 3705 3116 3759 quo
3153 3708 3274 3746 cum
3306 3696 3446 3750 solet
3479 3698 3597 3767 quis
3627 3696 3769 3752 collo-

536 3759 654 3857 qui,
679 3768 790 3814 tum
821 3759 1055 3815 Verbum
1087 3778 1367 3830 emanans,
1399 3781 1497 3836 per
1527 3767 1668 3837 quod
1702 3768 1842 3823 solet
1863 3770 2120 3841 colloqui,
2164 3773 2488 3845 imaginatus
2540 3777 2771 3834 Verbum
2822 3780 2912 3836 Dei
2966 3783 3204 3837 divinum
3234 3824 3251 3850 ,
3302 3759 3567 3854 ejusmodi
3632 3788 3768 3857 quale

490 3872 493 3875 -
535 3850 760 3907 verbum
788 3863 1030 3907 nostrum
1064 3863 1169 3909 est.

1163 3948 1313 4005 CAP.
1360 3950 1499 4009 XVI.

711 4057 997 4128 Refutatur
1024 4075 1265 4128 perversa
1288 4063 1447 4132 hujus
1480 4066 1705 4122 hominis
1742 4072 1934 4139 opinio.

604 4168 720 4224 Non
777 4180 860 4225 est
900 4186 1036 4240 opus
1088 4181 1141 4225 ut
1179 4173 1406 4231 ulterius
1444 4186 1752 4249 satagamus
1804 4183 2111 4251 ostendere,

526 4260 674 4329 quod
722 4276 815 4330 per
864 4262 964 4315 ista
1002 4274 1225 4333 negatur
1268 4265 1358 4321 Dei
1398 4267 1609 4325 Filius:
1645 4276 2016 4329 tantummodo
2044 4278 2110 4330 ad

2850 3966 3004 4019 ΚΕΦ.
3046 3967 3163 4035 tq'.

2439 4076 2734 4146 Ἔλεγχος
2764 4076 2876 4145 τῆς
2912 4079 3165 4147 τάνδρὸς
3204 4083 3559 4151 κακοδοξίας

2286 4186 2469 4240 Ταῦτα
2497 4190 2594 4257 μέν
2643 4184 2735 4241 οῦν
2777 4191 2954 4243 πάντα
2990 4190 3065 4253 ὡς
3111 4193 3377 4264 ἀρνητικά
3414 4198 3661 4266 τυγχάνει
3693 4195 3768 4249 τοῦ

2218 4278 2349 4330 Υἱοῦ
2377 4277 2469 4330 τοῦ
2496 4279 2630 4331 Θεοῦ
2654 4280 2807 4333 οὐδὲν
2834 4281 3437 4353 προσεπεξεργάζεσθαι
3467 4288 3579 4340 δεῖ·
3609 4287 3770 4344 τοσοῦ⁸

528 4351 858 4420 interrogata
897 4355 1243 4421 respondeat.
1297 4355 1354 4410 Si
1386 4373 1523 4413 unus
1556 4372 1675 4414 erat
1710 4364 1866 4425 Deus,
1904 4382 2001 4420 nec
2042 4368 2108 4420 ab

2228 4386 2302 4421 εον
2351 4369 2407 4422 δὲ
2462 4365 2614 4439 οἶμαι
2652 4351 2948 4442 προσήκειν
2981 4351 3346 4446 ἐπερωτῆσαι.
3385 4381 3450 4433 El
3486 4380 3593 4451 (59)
3704 4376 3770 4440 εἷς

524 4453 595 4493 eo
620 4440 909 4510 quidquam
941 4457 957 4494 :
997 4456 1101 4496 non
1135 4444 1310 4510 Pater,
1341 4462 1448 4501 non
1482 4448 1687 4503 Filius:
1717 4467 1974 4520 quorsum
2005 4457 2106 4510 ista

527 4530 771 4593 nomina,
816 4531 1147 4586 mentiuntur
1180 4548 1351 4591 sacra:
1374 4536 1623 4595 Litterre?
1652 4541 1778 4610 quid
1810 4546 2109 4602 dissimulat

529 4615 835 4682 Marcellus,
872 4621 995 4674 dum
1026 4623 1118 4691 qui
1145 4637 1249 4676 non
1274 4636 1357 4680 est
1382 4624 1569 4693 Filius,
1594 4631 1686 4684 sed
1727 4629 1979 4698 Verbum,
2012 4650 2107 4705 ap-

525 4707 693 4773 pellat
734 4719 909 4764 tameu
949 4712 1161 4768 Filium.
1211 4714 1455 4786 Cumque
1502 4721 1804 4790 exemplum
1855 4726 2106 4783 adhibeat

527 4799 678 4854 verbi
708 4801 945 4869 humani,
978 4806 1261 4860 dicendum
1292 4820 1396 4874 est,
1437 4812 1577 4879 quod
1607 4828 1710 4867 non
1740 4817 1915 4871 omnis
1941 4817 2103 4874 homo

526 4889 654 4947 licet
706 4893 917 4945 ratione
974 4896 1251 4962 prmditus,
1300 4910 1356 4953 et
1387 4902 1727 4971 cougenitum
1771 4905 1821 4958 iu
1856 4921 1913 4960 se
1945 4908 2100 4978 logon

525 4980 829 5049 possidens,
865 4981 1029 5036 lilium
1073 4984 1257 5048 habet,
1292 4997 1349 5041 ut
1379 4992 1682 5045 necessario
1722 4994 1860 5049 filius
1890 4998 1961 5050 sit
2016 5000 2101 5050 di-

526 5085 739 5127 versum
765 5074 891 5141 quid
920 5089 949 5126 a
980 5073 1117 5144 logo.
1156 5076 1211 5131 Si
1250 5093 1377 5148 ergo
1401 5081 1616 5147 diierit,
1650 5084 1811 5139 Deum
1844 5088 1895 5143 in
1934 5104 1991 5142 se
2023 5090 2100 5142 lo-

523 5178 629 5231 gon
654 5164 923 5230 habuisse,
954 5181 1052 5219 nec
1080 5177 1339 5234 praeterea
1367 5172 1681 5241 quidquam,
1703 5192 1824 5231 cum
1853 5195 1958 5247 quo
1987 5183 2097 5236 col-

600 5284 659 5342 >11
690 5278 785 5335 Ed.
819 5281 1015 5346 Paris.,
1042 5298 1160 5353 pag.
1195 5285 1309 5340 l26.

600 5373 623 5403 ⁸
654 5371 812 5428 Prov.
844 5391 960 5444 vm,
991 5378 1079 5431 27.
1158 5380 1177 5409 ⁷
1202 5378 1336 5435 Gen.
1366 5395 1404 5445 t,
1444 5378 1531 5433 26.

588 5486 701 5564 (ἕξ)
735 5488 900 5564 Χυιεο
929 5491 989 5564 ab
1016 5496 1112 5564 ini-

589 5556 708 5693 ἓξεῖ)
735 5556 903 5637 Vulgo
935 5563 1013 5615 δέ.

612 5629 703 5693 ου)
765 5631 848 5691 Τῳ
892 5632 960 5683 ὲν
996 5650 1013 5685 ί

612 5622 703 5708 69.)
765 5622 864 5708 Tt};
892 5632 960 5683 ἐν
996 5622 1347 5708 ἀνθρώποις.
1384 5636 1535 5707 Vulg.
1585 5638 1834 5708 οὐρανοῖς
1866 5654 1890 5695 ε
1941 5653 2094 5691 error

520 5708 587 5750 ex
609 5696 1033 5764 abbreviatzmte,
1066 5696 1232 5768 ἀνοις,
1267 5696 1365 5761 hoc
1392 5696 1843 5777 ιεδιξὰνθρὶὺποις.
1884 5708 1950 5760 Μ.
1983 5708 2094 5779 [Sic

2215 4459 2347 4522 Θεὸς
2388 4455 2455 4529 ἦν
2474 4501 2488 4523 ,
2518 4461 2611 4512 καὶ
2638 4461 2788 4514 οὐδὲν
2814 4464 2998 4535 ἕτερον
3016 4506 3031 4531 ,
3058 4467 3120 4519 ού
3154 4468 3343 4541 Πατὴρ
3361 4511 3376 4532 ,
3407 4471 3507 4543 οὐχ
3547 4472 3667 4535 Υἱὸς
3686 4512 3700 4533 ,
3727 4470 3769 4523 τί

2215 4551 2571 4619 κατεψεύδετο
2599 4553 2705 4605 τῶν
2740 4554 2991 4609 τοιούτων
3016 4558 3294 4628 ὀνομάτων
3325 4562 3355 4631 ἡ
3391 4563 3617 4632 Γραφή;
3656 4560 3768 4613 τίδὲ

2212 4643 2307 4695 καὶ
2354 4642 2515 4706 αὐτὸς
2562 4645 2877 4715 Μάρκελλος
2926 4649 3315 4720 ὑποκρίνεται,
3365 4654 3457 4705 τὸν
3519 4653 3593 4724 μὴ
3640 4651 3767 4712 Υίὸν,

2210 4732 2346 4786 ἀλλὰ
2377 4733 2569 4802 Λόγον,
2620 4737 2747 4790 Υίὸν
2792 4738 3111 4804 ἀποκαλῶν;
3143 4743 3254 4794 Καὶ
3302 4744 3491 4815 ἐπειδὴ
3529 4745 3768 4815 κέχρηται

2212 4827 2613 4898 παραδείγματι
2642 4829 2750 4900 (60)
2777 4831 2855 4901 τῷ
2900 4834 2957 4885 ἐν
2991 4833 3299 4904 ἀνθρώποις
3325 4836 3470 4907 λόγῳ
3489 4878 3505 4899 ,
3549 4837 3765 4893 λεκτέον.

2210 4916 2285 4979 ὡς
2313 4917 2374 4969 ού
2405 4919 2512 4980 πᾶς
2542 4918 2825 4987 ἄνθρωπος
2861 4921 2977 4973 υἱὸν
3020 4922 3154 4992 ἔχει,
3182 4924 3399 4991 λογικὸς
3440 4924 3552 4987 ὢν,
3587 4927 3674 4980 καὶ
3694 4927 3766 4976 τὸν

2211 5005 2429 5075 συμφυῆ
2479 5005 2635 5072 λόγον
2664 5007 2721 5058 ἐν
2765 5009 2909 5079 αὐτῷ
2952 5012 3306 5082 κεκτημένος.
3351 5015 3562 5068 Οὐκοῦν
3604 5015 3767 5085 ἕτερόν

2206 5096 2256 5149 τί
2291 5100 2436 5149 ἐστιν
2474 5099 2596 5162 Υἱὸς
2626 5102 2776 5169 παρά
2807 5102 2898 5154 τὸν
2940 5102 3113 5170 λόγον.
3145 5106 3247 5157 Τὸν
3274 5102 3366 5159 οὖν
3394 5107 3529 5161 Θεὸν
3560 5112 3605 5160 εί
3632 5106 3766 5173 λόγον

2209 5185 2351 5258 ἔχειν
2384 5191 2441 5242 ἐν
2484 5192 2659 5261 ἐαυτῷ
2703 5193 2899 5260 φάσκοι
2928 5195 3021 5247 καὶ
3053 5195 3164 5265 (61)
3195 5197 3343 5249 οῦδὲν
3371 5180 3559 5268 ἕτερον
3582 5240 3595 5261 ,
3623 5192 3663 5266 ᾧ
3686 5198 3764 5248 καὶ

2206 5508 2326 5583 dedi
2342 5523 2535 5583 “corr.
2557 5580 2565 5583 _
2590 5510 2850 5583 secutus].

2274 5577 2385 5660 τοι)
2423 5577 2855 5660 auset-amunia
2892 5583 3046 5640 Deest
3082 5586 3216 5642 forte
3241 5590 3270 5660 ἢ
3299 5588 3471 5657 λόγον,
3496 5583 3540 5657 ᾧ
3566 5586 3672 5643 καί.
3697 5582 3758 5642 Μ.

2205 5674 2265 5685 .-
2302 5650 2473 5714 Supra
2517 5652 2671 5731 vulgo
2710 5654 2924 5721 φάσκει.
3260 5650 3270 5660 ’
3368 5650 3379 5657 ⁷
3728 5670 3729 5673 ‘
