3970 6522
314 429 421 485 937

309 632 646 702 ἄνθρωπον,
691 633 863 701 λέγων
902 649 914 662 ·
940 633 993 686 τί
1032 632 1123 685 καὶ
1154 630 1328 701 μάτην
1361 630 1473 682 υίὸν
1500 630 1785 700 όνομάζοι;
1816 629 1882 682 Τί

311 724 371 775 δὲ
405 724 503 793 τὴν
543 722 862 793 Ἐκκλησίαν
885 721 1263 793 ύποκρίνεται;
1301 720 1364 773 Τί
1401 719 1479 782 δὲ,
1513 722 1585 791 μὴ
1616 718 1883 773 πιστεύων

310 816 393 877 εἰς
427 817 518 868 τὸν
548 815 671 868 Υἱὸν
704 815 797 868 τοῦ
828 814 961 866 Θεοῦ
1007 817 1380 885 προσποιεῖται
1408 811 1679 865 πιστεύειν
1701 852 1714 875 ,
1754 828 1884 881 σχή-

312 902 677 975 ματιζόμενος
722 901 948 956 διὰτοῦ
1000 901 1092 954 τὸν
1139 902 1308 969 Λόγον
1356 902 1446 954 τὸν
1511 903 1568 953 ὲν
1639 900 1717 972 τῷ
1769 899 1885 969 Θεῷ

312 994 447 1048 Υἱὸν
484 994 814 1060 ἀποκαλεῖν;
846 992 1036 1063 Σαφῶς
1082 994 1175 1047 τοῦ
1208 993 1641 1065 παραδείγματος
1688 989 1882 1063 μακρῷ

309 1085 590 1139 διεστάναι
627 1085 965 1148 διδάσκοντος
1015 1085 1104 1138 τὸν
1154 1086 1388 1156 ἔμφυτον
1435 1086 1491 1136 ὲν
1533 1082 1673 1154 ψυχῇ
1726 1082 1883 1151 λόγον

310 1177 469 1247 παρὰ
496 1178 585 1230 τὸν
616 1175 679 1230 έκ
708 1194 849 1240 τινος
882 1176 1225 1248 γεννηθέντα,
1261 1177 1353 1229 καὶ
1392 1176 1510 1229 καθ’
1563 1175 1750 1228 ἑαυτὸν
1784 1176 1884 1243 ὑφ-

310 1266 568 1331 εστῶτα,
622 1266 715 1319 καὶ
774 1265 983 1331 ζῶντα,
1046 1267 1137 1319 καὶ
1193 1265 1515 1335 ἐνεργοῦντα
1563 1265 1709 1318 Υίόν.
1747 1264 1885 1318 Ἀλλ’

308 1360 416 1412 οὐκ
472 1358 621 1427 ἐγὼ,
672 1358 841 1429 φησι,
900 1357 974 1420 ὡς
1022 1358 1205 1423 εἰκὸς,
1248 1356 1359 1409 ἀλλ’
1397 1358 1425 1406 6
1464 1356 1603 1419 θεῖος
1654 1356 1886 1425 εὐαγγε-

313 1450 507 1521 λιστὴς
558 1449 727 1517 Λόγον
786 1450 942 1503 αὑτὸν
993 1451 1303 1519 προσεῖπεν.
1360 1447 1671 1500 ’Ᾱκόλουθον
1709 1448 1886 1501 τοίνυν

312 1543 400 1613 εἴη
434 1542 500 1595 ἂν
535 1542 627 1595 καὶ
653 1542 797 1611 ήμᾶς
823 1540 993 1611 τούτῳ
1015 1539 1388 1610 συνομολογεῖν
1417 1538 1552 1608 (58).
1582 1539 1707 1603 Ναὶ,
1740 1540 1880 1609 φημὶ

313 1632 413 1684 καὶ
446 1632 627 1693 αὑτός.

959 1719 1115 1772 ΚΕΦ.
1156 1720 1251 1774 ΙΖ’.

396 1814 703 1883 Ἐρμηνειά
731 1812 837 1879 τῆς
865 1810 1130 1879 ἀληθοῦς
1157 1809 1421 1876 διανοίας
1463 1809 1568 1863 τοῦ
1600 1811 1811 1879 Λόγου.

1270 428 1358 482 DE
1386 423 1915 482 ECCLESIASTICA
1941 419 2339 477 TllEOLOGlA
2378 421 2504 476 LIB.
2548 422 2612 477 Il.

196 616 199 617 ν
313 544 590 606 διενοεῖτο,
633 536 677 610 ᾧ
716 542 809 595 καὶ
836 540 972 614 πρὸς
1002 541 1189 595 ἑαυτὸν
1213 541 1498 608 διελέγετο,
1530 540 1878 608 Ποιήσωμεν

1998 534 2312 605 uquebatur,
2349 532 2629 590 Faciamus
2644 537 2922 604 hominem,
2954 535 3220 607 inquiens,
3268 535 3395 605 quid
3421 550 3549 591 eum

3441 417 3547 475 938

1983 637 2033 681 et
2065 626 2261 679 frustra
2297 627 2531 694 quidem,
2561 628 2787 696 appellat
2814 627 3052 682 Filium?
3080 628 3215 694 Quid
3252 627 3548 683 Ecclesiam

1983 718 2215 786 decipit?
2244 717 2372 786 quid
2401 733 2521 772 cum
2554 735 2654 772 nou
2684 722 2886 786 credat,
2922 722 3070 791 lingit
3130 732 3306 776 tamen
3338 736 3397 775 se
3432 735 3550 775 cre-

1985 810 2109 863 dere
2142 808 2192 861 in
2230 808 2422 862 Filium
2456 809 2583 863 Dei?
2621 822 2802 879 utpote
2828 814 2916 881 qui
2947 813 3111 867 videri
3139 813 3254 868 vult
3291 828 3385 881 per
3418 812 3552 866 Ver-

1986 899 2107 951 bum
2160 898 2348 953 Filium
2396 900 2486 953 Dei
2538 902 2860 957 nominasse.
2897 903 3026 956 Cum
3055 904 3219 972 ipsius
3246 903 3550 971 exemplum

1986 992 2264 1060 perspicue
2297 993 2504 1056 doceat,
2531 992 2836 1061 longissime
2890 996 3085 1049 distare
3123 996 3337 1049 insitum
3370 996 3551 1049 animo

1989 1082 2138 1150 lugon
2177 1087 2231 1143 ᾗ
2272 1082 2338 1134 ab
2383 1082 2471 1137 illo
2517 1085 2658 1152 quod
2708 1084 2771 1140 de
2811 1084 2989 1154 aliquo
3025 1097 3443 1154 progeneratur,
3498 1097 3564 1166 et

1988 1188 2080 1241 per
2111 1188 2167 1225 sc
2191 1173 2433 1227 subsistit
2465 1185 2518 1227 et
2551 1175 2699 1235 vivit,
2743 1184 2797 1229 et
2836 1186 3107 1243 operatur,
3151 1186 3205 1231 et
3246 1176 3414 1231 Filius
3445 1187 3549 1231 est.

1989 1263 2091 1318 Sed
2121 1265 2365 1319 fortassis
2398 1266 2638 1334 inquiet:
2668 1266 2782 1321 Non
2828 1283 2928 1337 ego
2977 1267 3121 1320 illum
3171 1270 3375 1337 appello
3418 1268 3551 1323 Ver-

1989 1356 2134 1417 bum,
2183 1344 2278 1408 sed
2344 1356 2554 1411 divinus
2604 1359 2926 1426 evangelista
2993 1376 3007 1413 :
3062 1367 3116 1412 et
3173 1375 3268 1414 nos
3315 1360 3442 1412 illud
3473 1359 3554 1426 ip-

1990 1464 2104 1501 sum
2154 1464 2249 1517 par
2291 1458 2373 1504 est
2408 1451 2672 1505 conﬁteri.
2732 1452 2823 1507 Est
2864 1453 3022 1523 plane
3070 1453 3229 1507 etiam
3279 1467 3397 1508 meo
3437 1452 3553 1507 ani-

1990 1556 2096 1595 1110.

2584 1719 2735 1774 CAP.
2771 1718 2926 1774 XVII.

2228 1807 2372 1864 Vera:
2411 1814 2681 1865 sententia!
2719 1814 2782 1865 de
2824 1810 2985 1865 Verbo
3014 1812 3315 1881 explicatio.

385 1902 534 1972 Πλὴν
575 1902 679 1954 οὐδ’
709 1902 907 1971 ἑτέρως
960 1900 1253 1971 προσήκειν
1283 1894 1436 1969 οἶμαι
1482 1897 1758 1962 ἐξακούειν
1790 1897 1888 1967 τῆς

2062 1900 2166 1957 Sed
2201 1917 2304 1956 non
2336 1904 2495 1957 aliter
2516 1904 2733 1958 omnino
2758 1920 2856 1959 vox
2891 1904 2979 1957 illa
3032 1900 3439 1973 interpretanda
3475 1914 3558 1961 est

308 1994 570 2066 φωνῆςή
615 1993 761 2064 αύτῷ
806 1993 965 2045 πάλιν
1018 1990 1485 2063 μαθητευομένους
1534 1988 1612 2059 τῷ
1658 1990 1887 2057 εὐαγγε-

306 2088 472 2157 λιστῇ
543 2085 845 2138 διδάσκοντι
895 2087 1074 2138 ὁποῖον
1132 2081 1410 2153 διωρίζετο
1459 2079 1647 2148 Λόγον.
1700 2078 1891 2147 Σαφῶς

308 2182 369 2233 δὲ
420 2180 605 2233 τοῦτον
652 2179 889 2250 παρίστη
935 2171 1044 2239 οἷός
1097 2194 1180 2239 τις
1221 2171 1310 2245 ἦν,
1359 2173 1735 2226 ὲπισυνάπτων
1766 2171 1891 2241 ἑξῆς

310 2274 414 2327 καὶ
448 2272 641 2341 λέγων,
676 2270 785 2323 Kal
827 2267 970 2335 Θεὸς
1012 2264 1091 2339 ἦν
1131 2271 1162 2321 ὁ
1188 2268 1395 2335 Λόγος.
1424 2264 1725 2335 Δυνάμενος
1762 2262 1892 2331 γοῦν

304 2365 520 2426 εἰπεῖν,
563 2361 671 2416 Καὶ
717 2358 861 2424 Θεὸς
912 2354 992 2429 ἦν
1029 2361 1062 2412 ό
1092 2360 1312 2427 ’Λόγος,
1377 2351 1515 2425 μετὰ
1540 2355 1636 2425 τῆς
1667 2353 1759 2406 τοῦ
1791 2353 1891 2425 ἀρ-

305 2456 451 2527 θρου
484 2453 817 2525 προσθήκης,
840 2450 892 2503 εἴ
920 2468 983 2519 γε
1011 2450 1067 2502 ἒν
1097 2450 1190 2503 καὶ
1230 2448 1425 2501 ταύτὸν
1451 2449 1635 2515 ἡγεῖτο
1661 2445 1751 2497 τὸν
1784 2446 1893 2497 ῐΙα-

300 2542 452 2612 τέρα
494 2536 632 2594 εἶναι
665 2540 757 2591 καὶ
796 2539 886 2591 τὸν
916 2537 1062 2602 Υίὸν,
1110 2535 1275 2589 αὐτόν
1319 2550 1379 2587 τε
1421 2529 1559 2587 εἶναι
1607 2532 1694 2585 τὸν
1723 2531 1893 2599 Λόγον

302 2633 412 2687 τὸν
438 2634 529 2687 ἐπὶ
562 2632 777 2687 πάντων
828 2630 980 2695 Θεὸν,
1015 2628 1111 2699 ούχ
1157 2625 1327 2692 οὕτως
1363 2624 1495 2697 (61⁸)
1523 2624 1750 2689 ἐξέδωκε
1797 2623 1893 2695 τήν

304 2726 558 2798 γραφήν.
586 2725 657 2777 Ἢ
695 2722 822 2793 γὰρ,
855 2742 873 2773 ‹
906 2722 1015 2774 Καὶ
1044 2718 1178 2773 Θεοῦ
1211 2714 1278 2789 ἦν
1306 2721 1335 2771 6
1374 2717 1542 2786 Λόγος
1573 2736 1591 2768 ι
1629 2716 1793 2786 ἐχρῆν
1826 2716 1895 2768 el-

306 2821 468 2881 πεῖν,
496 2818 529 2887 ἢ
561 2835 581 2868 ‹
607 2817 636 2867 ὁ
667 2814 797 2878 Θεὸς
835 2810 901 2885 ἦν
932 2816 959 2866 ὁ
987 2813 1177 2881 Λόγος,
1209 2829 1227 2863 ι
1268 2810 1402 2881 μετά
1445 2808 1758 2882 προσθήκης
1797 2807 1892 2860 τοῦ

305 2908 548 2981 ἄρθρου,
593 2908 640 2960 εἰ
685 2909 751 2978 τῇ
806 2904 1124 2976 Μαρκέλλου
1191 2903 1398 2973 διανοίᾳ
1458 2900 1744 2973 σύμφωνον
1797 2898 1893 2970 τὴν

304 2999 543 3072 γραφήν
587 3000 839 3051 ἐποιεῖτο.
870 2996 1006 3048 Νυνὶ
1032 2994 1088 3047 δὲ
1118 2995 1210 3049 καὶ
1240 2994 1399 3047 αὑτὸν
1443 2993 1532 3046 τὸν
1561 2992 1731 3061 Λόγον
1764 2992 1894 3046 Θεὸν
1944 3026 1947 3029 -

305 3089 463 3148 εἶναι
496 3090 733 3161 παρίστη
754 3129 768 3153 ,
814 3088 1011 3158 ὁμοίως
1045 3085 1142 3155 τῷ,
1179 3085 1314 3156 πρὸς
1353 3084 1411 3137 ὃν
1437 3081 1503 3156 ἦν
1529 3083 1678 3155 Θεῷο
1716 3101 1897 3153 προει-

307 3180 443 3238 πὼν
474 3180 601 3251 γάρ,
646 3178 753 3233 Καὶ
783 3182 814 3233 ό
844 3179 1032 3246 Λόγος
1066 3174 1145 3247 ἦν
1176 3176 1325 3244 πρὸς
1355 3174 1459 3228 τὸν
1492 3174 1658 3239 Θεὸν,
1701 3176 1894 3243 ἐπάγει

306 3272 515 3341 λέγων,
546 3269 656 3323 Καὶ
705 3268 847 3334 Θεὸς
876 3263 954 3337 ἦν
982 3270 1014 3321 ό
1046 3268 1252 3337 Λόγος,
1306 3266 1587 3337 μονονουχὶ
1628 3266 1893 3333 σαφέστε-

310 3384 418 3440 ρον
449 3366 595 3435 ἡμᾶς
638 3363 898 3417 διδάσκων
928 3360 1139 3432 πρῶτον
1194 3359 1291 3430 μὲν
1333 3359 1578 3430 ἡγεῖσθαι
1628 3358 1762 3411 Θεὸν
1806 3359 1896 3411 τὸν

310 3458 579 3513 ἐπέκεινα
625 3457 733 3509 τῶν
763 3454 916 3519 ὅλων,
961 3453 1122 3507 αὐτὸν
1150 3452 1241 3505 τὸν
1282 3451 1373 3504 τοῦ
1430 3451 1601 3519 Λόγου
1650 3450 1895 3521 Πατέρα,

311 3552 463 3619 πρὸς
497 3551 555 3603 ὃν
591 3545 657 3620 ἦν
694 3551 722 3602 6
749 3547 937 3616 Λόγος,
985 3546 1175 3600 ἔπειτα
1205 3546 1319 3615 μετ’
1357 3543 1516 3596 αὐτὸν
1553 3544 1628 3615 μή
1661 3544 1895 3612 ἀγνοεῖν,

311 3645 401 3706 ὡς
430 3643 522 3696 καὶ
555 3644 583 3695 6
616 3640 786 3709 Λόγος
816 3639 978 3692 αὑτοῦ
1018 3639 1047 3690 6
1083 3634 1373 3707 μονογενὴς
1406 3636 1549 3698 Υἱὸς,
1587 3636 1709 3705 οὐχὶ
1740 3635 1901 3699 αὐτὸς

311 3732 393 3807 ἦν
425 3738 453 3788 6
478 3734 568 3786 ἐπὶ
609 3732 824 3785 πάντων
856 3730 1007 3793 Θεὸς,
1036 3728 1148 3782 ἀλλ’
1184 3729 1263 3781 ὅτι
1296 3729 1387 3780 καὶ
1436 3727 1597 3790 αὐτὸς
1636 3726 1767 3789 Θεὸς
1810 3722 1896 3796 ἦν.

328 3828 397 3879 '0
426 3826 534 3897 γὰρ
567 3844 584 3876 ι
613 3825 706 3878 καὶ
735 3842 754 3875 ι
794 3822 1086 3893 σύνδεσμος
1124 3819 1203 3889 τῷ
1256 3819 1430 3890 Πατρὶ
1487 3818 1744 3871 συνάπτει
1802 3817 1900 3887 τήν

315 3917 553 3989 θεότήτα
579 3914 669 3968 τοῦ
724 3912 873 3966 Υἱοῦ.
926 3910 1015 3963 Διό
1063 3928 1214 3981 φησι,
1249 3909 1357 3965 Kal
1379 3912 1410 3962 ό
1447 3907 1589 3973 Θεὸς
1612 3903 1691 3976 ἦν
1725 3909 1757 3959 ό
1790 3906 1899 3959 Ad-

315 4026 452 4080 τος,
507 4007 573 4059 ἵν’
633 4003 831 4075 ἴδωμεν
874 4003 1004 4057 Θεὸν
1045 4002 1133 4055 τὸν
1167 4001 1259 4054 ἐπὶ
1291 4001 1524 4061 πάντων,
1570 3998 1705 4068 πρὸς
1747 3996 1804 4049 ὃν
1835 3993 1902 4068 ἦν

316 4105 355 4156 ὁ
381 4101 583 4169 Λόγος,
635 4098 723 4151 καί¹
754 4096 885 4150 Θεὸν
928 4096 1088 4148 αὑτὸν
1126 4094 1214 4148 τὸν
1248 4093 1440 4160 Λόγον.
1485 4092 1680 4143 ¹’Λκουε
1718 4090 1794 4153 ὼς
1827 4092 1903 4142 εἰ·

320 4192 462 4247 κόνα
508 4191 601 4243 τοῦ
653 4188 811 4253 Θεοῦ,
855 4187 949 4241 καὶ
983 4188 1164 4239 εἰκόνα
1200 4184 1309 4251 (6'2)
1342 4186 1440 4253 ούχ
1481 4183 1555 4245 ὡς
1608 4184 1664 4235 ὲν
1711 4181 1903 4251 ἀψύχῳ

324 4284 454 4354 ὓλῃ,
501 4282 613 4336 ἀλλ’
636 4281 711 4345 ὼς
750 4282 809 4333 ὲν
838 4277 951 4349 Υἱῷ
985 4278 1178 4342 ζῶντι,
1228 4276 1322 4329 καὶ
1368 4274 1734 4345 ἀκριϐέστατα
1766 4272 1902 4342 πρὸς

322 4375 426 4447 τὴν
456 4374 758 4445 ἀρχέτυπον
795 4370 1020 4440 θεότητα
1052 4366 1144 4420 τοῦ
1198 4366 1407 4438 Πατρὸς
1450 4362 1899 4434 ἀφωμοιωμένον.

345 4466 499 4518 Ἐπεὶ
537 4464 593 4516 δὲ
622 4462 699 4534 τῷ
741 4461 1061 4532 ἀνθρωπίνῳ
1110 4458 1251 4528 λόγῳ
1300 4457 1390 4508 τὸν
1415 4454 1510 4507 τοῦ
1552 4454 1684 4508 Θεοῦ
1720 4470 1900 4525 παρα-

1991 2008 2149 2062 quam
2180 1995 2443 2061 quomodo
2470 2008 2566 2047 nos
2606 1995 2791 2047 docuit
2834 1994 2945 2063 ipse
2989 1995 3351 2065 evangelista:
3387 2001 3560 2065 quod-

1993 2100 2114 2137 nam
2148 2084 2261 2153 ipse
2298 2083 2528 2137 Verbum
2560 2084 2844 2154 intelligat.
2889 2085 2940 2138 Id
2971 2100 3095 2139 vero
3139 2088 3374 2140 insinuat
3421 2088 3558 2143 satis

1991 2177 2135 2229 clare
2167 2175 2217 2229 in
2248 2175 2314 2230 iis
2344 2191 2462 2245 qua:
2489 2175 2743 2241 adnectit,
2766 2186 2813 2230 et
2851 2176 2986 2231 Deus
3017 2186 3128 2230 erat
3172 2175 3411 2242 Verbum,
3435 2196 3555 2235 cum

1992 2266 2237 2336 proloqui
2288 2268 2585 2336 potuisset,
2624 2277 2678 2321 et
2726 2267 2815 2322 ille
2857 2267 3032 2335 Deus,
3073 2269 3254 2323 addito
3302 2272 3556 2336 articulo,

1992 2369 2108 2411 erat
2144 2358 2415 2420 Verbum,
2450 2358 2493 2412 si
2526 2374 2688 2412 unum
2723 2370 2777 2412 et
2820 2359 3107 2425 eumdem,
3152 2368 3207 2413 et
3252 2358 3465 2415 Patrem
3506 2372 3562 2416 et

1992 2447 2185 2502 Filium
2230 2450 2570 2518 appellasset,
2602 2449 2645 2503 si
2687 2447 2915 2503 Verbum
2949 2449 3075 2505 illud
3097 2452 3409 2521 opinaretur
3443 2467 3565 2508 esse

1993 2539 2139 2593 illum
2168 2537 2334 2593 Deum
2384 2538 2473 2608 qui
2510 2547 2592 2593 est
2623 2553 2786 2608 super
2818 2541 3020 2593 omnia.
3054 2543 3161 2598 Sed
3187 2559 3291 2597 non
3332 2545 3405 2598 ita
3434 2561 3557 2615 pro-

1995 2631 2200 2686 locutus
2230 2641 2333 2685 est.
2382 2630 2513 2684 Nam
2550 2630 2633 2684 vel
2685 2630 2865 2687 dicere
2912 2634 3163 2701 debebat,
3193 2646 3248 2689 et
3297 2638 3387 2690 Dei
3442 2648 3564 2693 erat

1994 2720 2265 2785 Verbum,
2297 2722 2378 2775 vel
2411 2720 2553 2777 Deus
2582 2733 2700 2777 erat
2726 2722 2812 2776 ille
2837 2722 3070 2779 Verbum
3097 2744 3110 2778 :
3142 2727 3353 2795 adjecto
3376 2745 3565 2798 nempe

1996 2817 2245 2881 articulo,
2281 2817 2327 2871 si
2363 2832 2486 2870 cum
2522 2816 2761 2872 Marcelli
2812 2818 3079 2873 sententia
3122 2817 3402 2888 Scriptura
3432 2835 3566 2875 cou-

1997 2908 2275 2977 spirasset.
2323 2907 2392 2961 At
2438 2924 2581 2963 nunc
2629 2919 2683 2963 et
2734 2908 2906 2979 ipsum
2941 2906 3177 2964 Verbum
3227 2908 3393 2964 Deum
3443 2926 3566 2968 esse

1999 2998 2233 3051 insinuat
2259 3038 2274 3059 ,
2308 2998 2560 3053 similiter
2598 2997 2673 3053 illi
2709 2999 2835 3063 Deo,
2882 3000 3020 3067 apud
3064 3015 3223 3070 quem
3260 3011 3395 3056 erat.
3430 3001 3562 3058 Nam

1997 3105 2117 3142 cum
2169 3088 2314 3158 prius
2360 3090 2625 3154 edixerat,
2662 3089 2724 3145 Et
2768 3088 2989 3143 Verbum
3036 3101 3151 3145 erat
3199 3098 3337 3161 apud
3374 3093 3562 3160 Deum,

1998 3179 2282 3245 subiniert,
2316 3191 2362 3234 et
2394 3180 2532 3234 Deus
2564 3193 2674 3235 erat
2714 3180 2938 3235 Verbum
2971 3198 2989 3235 :
3018 3181 3329 3251 planissime
3359 3200 3453 3239 nos
3484 3187 3566 3240 in-

2000 3268 2260 3336 formans,
2280 3282 2481 3326 tantum
2513 3289 2617 3328 non
2646 3282 2702 3329 ut
2728 3274 2957 3343 primum
2994 3274 3155 3328 Deum
3190 3274 3335 3330 illum
3364 3277 3564 3332 intelli-

1998 3378 2187 3431 gamus
2234 3378 2374 3427 esse,
2428 3366 2518 3433 qui
2567 3375 2649 3418 est
2692 3380 2851 3434 super
2900 3366 3101 3427 omnia,
3150 3366 3319 3437 ipsum
3374 3383 3566 3438 nempe

2004 3454 2159 3507 \‘erbi
2211 3454 2463 3521 Patrem,
2524 3455 2663 3523 apud
2710 3472 2867 3524 quem
2910 3464 3026 3508 erat
3068 3455 3335 3524 Verbum;
3371 3468 3480 3513 tum
3512 3461 3563 3514 iu

2000 3544 2269 3607 secundis,
2292 3553 2349 3596 ut
2374 3560 2440 3599 ne
2472 3542 2642 3611 ignari
2671 3544 2859 3607 simus,
2884 3542 3026 3613 quod
3053 3555 3107 3599 et
3133 3545 3369 3601 Verbum
3396 3549 3565 3617 ipsius

2002 3635 2304 3704 unigenitus
2326 3634 2496 3691 Filius
2518 3652 2623 3690 nou
2675 3648 2790 3690 erat
2820 3639 3039 3707 quidem
3070 3638 3161 3694 ille
3193 3654 3355 3709 super
3383 3644 3564 3695 omnia

2007 3727 2147 3780 Deus
2174 3768 2187 3792 ,
2220 3728 2311 3782 sed
2340 3730 2481 3798 quod
2512 3741 2565 3782 et
2593 3731 2703 3799 ipse
2724 3731 2883 3783 etiam
2915 3729 3058 3787 Deus
3083 3741 3231 3798 erat;
3262 3716 3566 3803 conjunctio

2001 3817 2197 3869 etenim
2235 3816 2317 3869 illa
2344 3858 2358 3881 ,
2398 3828 2451 3872 et
2494 3819 2834 3873 divinitatem
2884 3820 3006 3875 Filii
3062 3824 3334 3877 connectit
3372 3823 3562 3890 l‘atri;

2004 3907 2125 3960 inde
2158 3908 2254 3972 ait,
2286 3918 2331 3961 et
2364 3908 2500 3961 Deus
2522 3920 2631 3962 erat
2670 3905 2937 3963 Verbum:
2964 3921 3019 3963 ut
3050 3911 3217 3967 Deum
3242 3913 3388 3967 illmn
3424 3915 3566 3968 scia-

2004 4012 2123 4051 mus
2150 4012 2290 4063 esse,
2318 3996 2408 4065 qui
2441 4006 2525 4051 est
2555 4011 2715 4066 super
2747 3998 2954 4062 omnia,
2985 3998 3124 4067 apud
3150 4014 3311 4068 quem
3341 4010 3393 4051 et
3430 3998 3565 4053 Ver-

2004 4087 2127 4139 bum
2158 4096 2296 4150 erat,
2331 4087 2422 4139 sed
2450 4094 2504 4139 et
2530 4085 2765 4139 Verbum
2792 4102 3003 4157 quoque
3038 4089 3204 4142 Deum
3231 4088 3436 4152 audies,
3462 4088 3567 4142 vel-

2005 4176 2081 4228 uti
2128 4175 2218 4243 qui
2250 4176 2318 4230 sit
2346 4177 2522 4246 imago
2554 4176 2682 4242 Dei,
2715 4191 2818 4230 non
2852 4187 2908 4229 ut
2939 4180 2989 4230 iu
3017 4177 3241 4231 materia
3273 4178 3564 4231 inanimata

2004 4268 2407 4333 subsistentem,
2470 4270 2564 4323 sed
2619 4278 2675 4322 ut
2710 4270 2760 4322 in
2813 4269 2951 4323 Filio
2991 4270 3111 4323 vivo
3148 4271 3237 4340 qui
3271 4284 3432 4339 quam
3466 4287 3564 4324 ex-

2005 4358 2273 4412 actissime
2303 4366 2651 4428 repraesentat
2688 4358 3013 4427 archetypon
3044 4358 3186 4413 illam
3219 4359 3396 4414 Patris
3428 4360 3566 4414 divi-

2006 4450 2250 4505 nitatem.
2298 4448 2563 4516 Quoniam
2610 4464 2741 4504 vero
2769 4449 2941 4503 visum
2985 4449 3238 4506 Marcello
3281 4450 3382 4505 fuit
3409 4452 3565 4523 logou

330 4557 547 4611 ϐάλλειν
592 4554 763 4607 ἐδόκει
814 4552 1137 4624 Μαρκέλλῳ,
1184 4552 1277 4605 καὶ
1324 4552 1473 4621 πόσῳ
1526 4547 1717 4619 βελτίω
1761 4540 1895 4599 εἶναι

2010 4541 2126 4603 Dei,
2159 4552 2344 4595 nostro
2388 4541 2665 4596 hominum
2717 4543 3034 4605 assimilare,
3069 4545 3113 4596 si
3162 4545 3381 4598 omnino
3429 4546 3568 4599 hanc

329 4649 596 4719 φήσομεν,
656 4644 823 4699 εἰκόνι
881 4644 1160 4715 χρώμενον
1224 4642 1303 4712 τῷ
1358 4639 1677 4713 ἀνθρωπίνῳ
1735 4638 1896 4707 λόγῳ,

327 4740 506 4809 τούτῳ
536 4737 731 4809 μᾶλλον
753 4734 1055 4807 χρήσασθαι
1078 4732 1154 4805 τῷ
1176 4730 1594 4803 παραδείγματι,
1619 4729 1711 4782 καὶ
1737 4726 1901 4795 φάναι

330 4832 426 4887 τοῦ
460 4832 588 4903 παρ’
625 4832 755 4901 ήμίν
782 4830 938 4897 λόγου
983 4826 1191 4898 πατέρα
1233 4820 1370 4877 εἶναι
1406 4824 1497 4875 τὸν
1531 4821 1673 4885 νοῦν,
1717 4820 1902 4892 ἕτερον

332 4927 458 4979 ὄντα
492 4923 641 4994 παρὰ
668 4922 758 4975 τὸν
789 4921 963 4990 λόγον.
994 4919 1097 4972 Τὸν
1133 4918 1230 4990 μὲν
1257 4917 1366 4987 γὰρ
1399 4913 1532 4984 (62⁹)
1564 4914 1708 4977 νοῦν,
1753 4912 1905 4973 ὅστις

333 5018 465 5071 ποτὲ
498 5015 591 5070 καὶ
616 5016 795 5077 ὁποῖος
826 5011 900 5065 ὣν
925 5011 1025 5083 τὴν
1054 5009 1238 5064 ούσίαν
1281 5007 1540 5077 ὑπάρχει,
1587 5004 1761 5065 οὐδεὶς
1792 4999 1906 5053 πώ-

334 5125 467 5163 ποτε
498 5105 795 5179 ἀνθρώπων
818 5104 979 5173 ἔγνω,
1016 5100 1267 5173 βασιλεὺς
1293 5100 1338 5153 δ’
1362 5093 1448 5152 οἶα
1475 5098 1532 5148 ὲν
1569 5093 1907 5167 ἀπορρήτοις

334 5204 467 5256 εἵσω
501 5204 615 5265 τοῖς
665 5198 829 5252 αὐτοῦ
885 5196 1151 5267 ταμιείοις
1195 5190 1475 5263 ἱδρυμένος
1524 5188 1593 5242 τὰ
1649 5184 1897 5257 πρακτέα

336 5290 675 5364 βουλεύεται·
717 5291 745 5342 ό
772 5288 815 5341 δ’
837 5286 896 5352 ἐξ
936 5283 1097 5340 αὐτοῦ
1127 5282 1302 5350 λόγος,
1329 5274 1417 5333 οἷα
1443 5275 1646 5349 πατρὸς
1686 5274 1743 5341 ἐξ
1773 5273 1901 5326 ἀδύ-

2007 4634 2266 4687 adbibere
2299 4633 2508 4687 volebat
2536 4634 2983 4699 similitudinem,
3031 4647 3233 4705 quanto
3265 4638 3466 4692 rectius
3499 4638 3568 4702 is,

2008 4725 2073 4777 ad
2128 4724 2269 4778 hunc
2316 4727 2531 4778 modum
2579 4725 2908 4794 protulisset,
2940 4737 2998 4781 ut
3037 4727 3259 4794 diceret,
3299 4736 3357 4794 ᾖ(
3400 4730 3567 4784 nostri

2008 4814 2111 4883 logi
2143 4825 2417 4885 parentem
2448 4829 2567 4868 esse
2612 4826 2845 4870 mentem
2867 4857 2883 4883 ,
2911 4834 3029 4888 qua:
3072 4818 3340 4875 diversum
3372 4820 3499 4889 quid
3536 4834 3568 4872 a

2007 4906 2124 4974 lngo
2153 4906 2382 4960 exsistit.
2413 4904 2641 4959 Mentem
2673 4907 2815 4961 enim
2846 4923 3004 4963 nemo
3039 4910 3255 4979 quidem
3294 4911 3565 4965 hominum

2009 4999 2157 5054 novit
2203 5015 2323 5067 qua:
2361 4998 2461 5065 sit,
2508 5000 2721 5067 qualive
2773 5003 2992 5069 pra-dita
3039 5004 3109 5057 sit
3159 5004 3429 5057 essentia:
3474 5003 3567 5057 sed

2010 5090 2171 5146 veluti
2204 5090 2421 5159 quidam
2454 5105 2569 5157 rex,
2590 5090 2732 5144 intus
2764 5102 2817 5147 et
2847 5093 2897 5146 iu
2933 5093 3156 5147 secretis
3184 5093 3295 5147 suis
3324 5105 3569 5162 recepta-

2009 5183 2141 5238 culis
2187 5183 2452 5248 residens,
2486 5183 2551 5238 de
2596 5185 2756 5239 rebus
2783 5186 3002 5255 agendis
3049 5184 3275 5253 deSpicit
3311 5196 3365 5238 et
3395 5186 3572 5238 deter-

2008 5272 2216 5327 minat:
2269 5272 2434 5342 ipsius
2474 5283 2650 5327 autem
2687 5274 2869 5342 logos,
2896 5288 2962 5328 ex
3011 5287 3075 5328 eo
3112 5273 3409 5343 procedens
3453 5284 3572 5327 tau-

334 5400 443 5439 των
470 5379 655 5453 μυχῶν
683 5377 1072 5449 γεγεννημένος
1099 5377 1209 5439 τοῖς
1236 5372 1389 5435 ἐκτὸς
1418 5372 1549 5425 πᾶσι
1578 5367 1895 5423 καθίσταται

2000 5374 2163 5435 quam
2196 5376 2227 5419 a
2258 5365 2504 5435 genitore
2544 5366 2856 5437 pmgeuitus
2877 5405 2892 5433 ,
2927 5364 2982 5420 in
3024 5364 3379 5423 abditissimis
3410 5378 3573 5420 uene—

406 5575 467 5635 »Β
505 5568 602 5623 Ed.
630 5565 828 5619 Paris..
855 5575 975 5631 pag.
997 5559 1120 5621 127,
1148 5558 1263 5614 ηε.

427 5759 1007 5838 61‘)Vu|809'3wi§'
1118 5826 1167 5838 ..
1243 5826 1255 5838 .
1474 5826 1487 5838 .
1586 5810 1590 5838 τ

432 5823 534 5908 62)’
552 5837 659 5892 Καὶ
675 5823 865 5887 ἐἰκόνα
888 5832 1010 5886 add.
1036 5826 1214 5894 codd.;
1243 5826 1379 5880 intra
1405 5826 1558 5897 vulgo
1587 5823 1827 5896 βελτίων.

704 5935 972 5993 Puncta
1006 5928 1125 5989 Gn.
1168 5924 1392 5989 XXIV.

2089 5746 2218 5818 (ω’)
2246 5745 2413 5816 Vulgo
2444 5761 2551 5803 om.
2571 5747 2693 5815 γάρ.

3221 5900 3301 5960 30
