3970 6544
450 370 561 429 939

1120 366 1385 424 EUSEBII
1422 364 1892 422 CASSARIENSIS
1930 362 2080 421 OPP.
2123 363 2298 419 PARS
2334 362 2425 420 IV.
2464 393 2532 401 —
2570 360 2993 417 DOCMATICA.

3585 367 3689 423 940

461 490 685 547 tralibus
706 530 720 556 ,
764 484 1041 541 manifeste
1071 483 1202 541 loris
1230 485 1613 541 exsistentibus
1638 484 1888 539 omnibus
1916 484 2011 538 de-

2120 482 2407 554 γνώριμος.
2446 478 2558 535 Εἴθ’
2588 482 2636 534 οἱ
2671 482 2767 551 μὲν
2800 483 2863 535 ἐκ
2896 483 2991 552 τῆς
3024 480 3115 535 τοῦ
3149 483 3305 553 λόγου
3343 485 3695 557 μεταλαμὸὼ

460 581 732 644 claratur,
760 578 857 647 qui
900 576 1189 647 participes
1233 575 1450 646 quidem
1492 576 1627 630 ﬁunt
1671 575 1918 630 utilitatis
1950 575 2018 630 de

462 670 582 737 logo
610 667 933 731 resultantis,
970 674 1200 721 mentem
1237 679 1367 720 vero
1411 663 1733 719 invisibilem
1766 673 1820 718 et
1861 662 2018 731 inap~

466 768 769 828 parentem,
795 756 894 826 logi
924 755 1063 809 illius
1084 753 1379 824 genitorem
1409 766 1567 808 nemo
1595 766 1831 821 unquam
1862 750 2015 805 vidit.

458 854 539 908 Ad
574 850 821 907 eumdem
867 846 1104 913 modum,
1142 846 1251 900 imo
1282 844 1459 913 potius
1498 851 1650 898 extra
1697 856 1908 897 omnem
1940 842 2017 897 si-

460 942 815 999 militudinem
855 950 910 996 et
949 938 1250 1009 exemplum
1294 937 1727 1008 perfectissimus
1771 934 1859 991 ille
1898 936 2020 989 uni-

459 1047 735 1088 versorum
767 1030 971 1086 Domini
1007 1030 1213 1099 Logos,
1266 1044 1376 1085 non
1419 1028 1484 1083 ad
1514 1029 1729 1083 modum
1757 1026 2017 1097 prolatitii

458 1125 725 1182 sermonis
757 1123 1103 1193 humani,qui
1136 1137 1167 1178 e
1193 1122 1412 1194 syllabis
1440 1129 1494 1175 et
1523 1120 1722 1185 verbis,
1756 1129 1812 1174 et
1840 1122 2018 1177 nomi—

454 1219 617 1274 nibus
640 1216 1013 1287 componitur,
1043 1217 1138 1270 sed
1176 1226 1426 1284 tanquam
1462 1213 1777 1283 unigenitus'
1803 1215 1893 1269 Dei
1926 1213 2019 1269 Fi-

460 1312 563 1366 lius
592 1311 768 1374 vivus,
797 1307 1116 1371 subsistens,
1143 1303 1486 1375 progreditur
1520 1305 1585 1357 de
1611 1303 1791 1359 Patris
1827 1304 1911 1359 sui
1941 1304 2023 1358 di-

460 1404 685 1459 vinitate
712 1412 767 1456 et
812 1413 1016 1470 regno:
1050 1397 1242 1467 irrigat
1283 1405 1460 1450 autem
1508 1394 1770 1449 mundum
1799 1376 2020 1450 univerl

458 1512 575 1553 sum
610 1494 833 1564 largiter
866 1492 931 1546 de
963 1505 1020 1545 se
1045 1497 1332 1544 cmanante
1366 1488 1499 1551 vita,
1541 1487 1777 1551 ratione,
1805 1488 2019 1557 sapien-

460 1590 556 1655 tia,
584 1589 725 1653 luce,
768 1584 914 1641 omni
960 1582 1121 1645 bono,
1157 1594 1187 1633 a
1228 1580 1387 1635 Patre
1417 1581 1636 1650 quidem
1677 1580 2017 1649 participato,

458 1684 513 1730 et
539 1671 835 1745 procreatis
867 1669 1115 1726 omnibus
1146 1666 1270 1722 inde
1300 1678 1673 1736 restagnante.
1730 1668 1832 1734 Qui
1862 1668 2022 1723 Pater

458 1779 579 1819 cum
610 1765 681 1818 sit
706 1776 802 1832 per
822 1763 1001 1816 omnia
1040 1758 1577 1830 inapprehensibilis,
1607 1759 2021 1829 incomprehen-

2119 591 2266 628 νουσι
2325 573 2618 641 ὠφελείας,
2663 574 2753 625 τὸν
2800 572 2844 625 δ’
2892 574 3068 643 ἀφανῆ
3126 575 3220 628 καὶ
3269 576 3498 648 ἀόρατον
3545 576 3693 641 νοῦν,

2118 665 2209 719 τὸν
2239 665 2305 736 δὴ
2344 665 2451 736 (65)
2500 664 2592 717 τοῦ
2626 664 2782 734 λόγου
2829 667 3039 739 πατέρα
3084 656 3260 730 οὐδεὶς
3294 666 3511 721 πώποτε
3560 664 3693 723 εἶδε.

2120 756 2275 809 Κατὰ
2308 756 2374 810 τὰ
2424 755 2563 809 αὑτά
2594 756 2657 827 δὴ
2714 757 2909 827 μᾶλλον
2942 758 2997 810 δὲ
3038 758 3290 811 ἐπέκεινα
3344 758 3457 830 (64)
3510 759 3693 830 πάσης

2120 848 2324 911 εἰκόνος
2354 866 2413 900 τε
2462 849 2555 901 καὶ
2613 847 3048 919 παραδείγματος
3081 850 3109 901 ό
3151 850 3243 925 τοῦ
3300 849 3691 919 παμϐασιλέως

2118 938 2254 993 Θεοῦ
2302 940 2505 1004 τέλειος
2555 940 2753 1008 Λόγος,
2800 942 2861 993 οὐ
2905 940 3045 994 κατά
3092 942 3182 996 τὸν
3220 943 3552 1014 προφορικὸν
3602 943 3694 995 ἀν-

2120 1030 2351 1102 θρώπων
2390 1030 2546 1098 λόγον
2581 1032 2644 1083 ἐκ
2680 1029 2954 1084 συλλαϐῶν
2994 1032 3088 1085 καὶ⁹
3136 1031 3393 1103 ῥημάτων
3424 1033 3519 1085 καὶ
3572 1032 3691 1083 ὀνο-

2123 1120 2307 1192 μάτων
2338 1121 2709 1192 συγκείμενος,
2738 1116 2824 1174 οία
2853 1122 2910 1175 δὲ
2948 1123 3239 1194 μονογενὴς
3261 1123 3351 1176 τοῦ
3379 1123 3512 1176 Θεοῦ
3542 1123 3691 1186 Υἱὸς,

2120 1212 2229 1277 ζῶν
2263 1213 2354 1266 καὶ
2400 1211 2681 1281 ὑφεστὼς,
2731 1213 2939 1283 πρόεισι
2976 1214 3073 1284 μὲν
3113 1215 3215 1284 τῆς
3267 1215 3540 1285 πατρικῆς
3574 1213 3694 1266 θεό-

2118 1306 2279 1375 τητός
2328 1324 2386 1358 τε
2421 1307 2513 1359 καὶ
2566 1305 2871 1376 βασιλείας,
2923 1307 3146 1377 ἐπάρδει
3188 1307 3242 1359 δὲ
3292 1306 3370 1377 τῷ
3418 1307 3696 1378 σύμπαντι

2120 1397 2308 1469 κόσμῳ
2338 1396 2436 1461 τὰς
2467 1397 2524 1462 ἐξ
2556 1397 2723 1451 αὑτοῦ
2764 1397 3025 1469 χορηγίας
3076 1397 3220 1468 ζωῆς
3268 1398 3362 1451 καὶ
3393 1397 3552 1466 λόγου
3602 1398 3698 1451 καὶ

2122 1490 2312 1558 σοφίας
2341 1489 2434 1542 καὶ
2478 1490 2652 1559 φωτὸς
2676 1490 2770 1543 καὶ
2802 1490 2999 1553 παντὸς
3026 1488 3229 1558 ἀγαθοῦ
3268 1489 3556 1560 μετουσίας
3583 1492 3695 1552 τοῖς

2118 1584 2399 1651 γεννητοῖς
2430 1581 2600 1635 ἆπασι
2635 1581 3023 1652 ἐπιλιμνάζων,
3049 1580 3140 1634 τοῦ
3174 1581 3385 1652 Πατρός
3416 1581 3511 1635 καὶ
3556 1580 3693 1633 Θεοῦ

2120 1673 2226 1726 τῶν
2253 1674 2386 1727 ὅλων
2418 1675 2670 1727 ἐπέκεινα
2706 1674 2855 1738 ὄντος
2891 1674 3131 1745 ἀλήπτου
3171 1691 3228 1726 τε
3271 1675 3363 1727 καὶ
3406 1674 3692 1745 ἀχωρήτου

2119 1768 2232 1829 τοῖς
2259 1767 2413 1829 πᾶσι,
2443 1765 2585 1819 κατά
2625 1766 2717 1819 τὸν
2761 1765 2941 1835 ἀφανῆ
2984 1767 3077 1819 καὶ
3108 1766 3336 1837 ἀόρατον
3377 1765 3525 1826 νοῦν,
3560 1763 3691 1832 παρ’

453 1858 651 1920 sibilis,
676 1855 741 1908 ad
770 1854 982 1909 modum
1008 1852 1151 1907 illius
1182 1852 1381 1906 mentis
1404 1851 1693 1907 invisibilis
1720 1866 1823 1906 non
1858 1864 2018 1921 appa-

2122 1854 2151 1907 ὃ
2176 1855 2271 1908 καὶ
2308 1873 2326 1907 ι
2356 1854 2472 1925 φῶς
2502 1854 2664 1910 οίκῶν
2691 1857 2983 1928 ἀπρόσιτον
3011 1876 3029 1911 ι
3068 1856 3334 1910 λέλεκται.
3370 1856 3511 1909 Ἀλλ’
3537 1857 3566 1907 ὁ
3598 1856 3696 1925 μὲν

447 1948 647 2011 urentis,
676 1945 841 2016 (unde
863 1953 918 2000 et
948 1944 1123 1999 lucem
1155 1944 1353 1999 dicitur
1381 1944 1686 1999 inhabitare
1716 1943 2020 2013 incompre-

457 2040 775 2098 hensibilem
806 2047 861 2092 et
894 2035 1247 2103 inaccessam)
1300 2035 1685 2092 inaccessibilis
1713 2045 1818 2101 est,
1849 2045 1901 2092 et
1936 2036 2020 2089 in-

456 2124 954 2197 comprehensibilis
996 2124 1243 2179 omnibus
1293 2134 1347 2179 et
1394 2124 1614 2194 singulis
1651 2126 1870 2179 omnino
1904 2137 2021 2181 est:

458 2229 511 2274 at
542 2220 627 2274 ille
654 2202 825 2272 Filius
853 2231 1063 2285 nempe,
1095 2230 1215 2270 cum
1242 2218 1310 2271 sit
1341 2219 1392 2271 in
1426 2218 1724 2288 pr0pinquo
1758 2218 1911 2273 nobis
1931 2232 2023 2286 po-

455 2313 593 2369 situs
639 2325 733 2381 per
782 2308 1039 2377 Spiritum
1081 2311 1161 2363 sui
1220 2309 1435 2375 Patris,
1489 2310 1752 2379 gubernat
1802 2307 2019 2365 omnia':

450 2405 712 2475 quocirca
744 2417 850 2457 non
889 2402 1085 2457 dicitur
1125 2402 1192 2456 de
1232 2400 1428 2465 Patre,
1467 2401 1560 2456 sed
1618 2401 1684 2456 de
1736 2400 1905 2465 Filio,
1956 2401 2021 2456 In

455 2495 653 2548 mundo
677 2504 825 2558 erat,
876 2501 923 2547 et
958 2492 1191 2546 mundus
1231 2508 1322 2559 per
1349 2491 1502 2545 illum
1547 2492 1719 2561 factus
1761 2503 1835 2546 eu
1858 2493 1899 2547 ⁸.
1930 2494 2019 2548 llle

456 2594 634 2640 autem
665 2593 783 2641 erat
809 2598 969 2654 super
995 2582 1177 2638 omnia
1222 2581 1381 2637 Pater
1433 2591 1488 2637 et
1533 2582 1813 2648 universa,
1845 2583 2017 2639 lucem

456 2674 709 2729 habitans
736 2673 1063 2729 inaccessam
1093 2671 1191 2727 iste
1218 2685 1315 2741 per
1339 2671 1547 2737 omnia,
1579 2681 1635 2727 et
1672 2671 1723 2727 in
1750 2675 2018 2741 omnibus,

444 2764 830 2835 gubernatrice
864 2779 958 2819 sua
998 2765 1659 2834 praesentiapermanens,
1703 2773 1761 2820 ut
1793 2765 1892 2820 ista
1923 2780 2016 2820 so-

442 2856 729 2913 lummodo
760 2855 987 2921 ratione,
1016 2852 1193 2925 imago
1216 2855 1303 2910 illa
1332 2851 1479 2911 verbi
1516 2855 1757 2919 humani,
1791 2854 1843 2909 in
1870 2855 2015 2909 illum

2122 1948 2414 2020 ἀπρόσιτος
2446 1950 2539 2003 καὶ
2592 1949 2873 2022 ἀχὼρητος
2923 1950 3005 2020 είη
3042 1949 3107 2003 ἂν
3151 1951 3263 2011 τοῖς
3311 1948 3478 2001 πᾶσιν
3500 1944 3535 1998 ’ὁ
3584 1947 3696 1997 Πα-

2122 2040 2242 2112 τὴρ,
2270 2043 2298 2093 ό
2323 2040 2379 2093 δὲ
2423 2044 2534 2104 τοῖς
2572 2043 2735 2096 πᾶσιν
2775 2042 2993 2111 ἐγγίων,
3035 2041 3128 2095 ἆτε
3160 2040 3223 2111 δὴ
3258 2040 3368 2111 (65)
3402 2039 3469 2093 τὰ
3512 2038 3694 2091 πάντα

2119 2128 2368 2199 πατρικῷ
2422 2129 2651 2201 νεύματι
2718 2129 3115 2200 διακυϐερνῶνσ
3171 2128 3251 2181 διὸ
3303 2128 3364 2181 οὐ
3416 2128 3546 2199 περὶ
3597 2126 3695 2180 τοῦ

2120 2217 2347 2290 Πατρός,
2372 2220 2501 2293 περὶ
2525 2221 2581 2273 δὲ
2608 2219 2700 2273 τοῦ
2728 2220 2855 2273 Υίοῦ
2882 2221 3131 2274 λέλεκται
3160 2222 3242 2284 τὸ,
3259 2222 3354 2275 Ἐν
3380 2218 3459 2285 τῷ
3488 2220 3699 2288 κόσμῳ

2114 2301 2211 2379 ἦν,
2264 2310 2364 2363 καὶ
2404 2313 2436 2364 ό
2482 2311 2711 2381 κόσμος
2735 2310 2812 2365 δι’
2856 2310 3041 2366 αὐτοῦ
3090 2312 3344 2381 ἐγένετο.
3392 2310 3558 2364 Καὶό
3592 2311 3698 2381 μὲν

2115 2400 2369 2455 ἐπέκεινα
2406 2396 2474 2473 ῆν
2506 2401 2613 2456 τῶν
2660 2404 2818 2468 ὅλων,
2859 2404 2953 2457 καὶ
3001 2402 3141 2474 ὑπὲρ
3192 2404 3368 2456 πάντα
3405 2402 3540 2474 (66).
3578 2401 3697 2470 φῶς

2115 2492 2280 2546 οἰκῶν
2326 2494 2622 2565 ἀπρόσιτον
2642 2514 2655 2528 ·
2680 2498 2714 2550 ὁ
2742 2496 2797 2549 δὲ
2833 2496 2922 2550 διά
2952 2497 3169 2553 πάντων
3202 2497 3297 2549 καὶ
3338 2497 3395 2549 ἐν
3429 2497 3563 2548 πᾶσι
3592 2513 3665 2565 κη

2112 2582 2373 2657 δημονικῇ
2400 2576 2601 2657 διήκων
2636 2586 2889 2659 προνοίᾳ·
2924 2586 3033 2659 (67)
3066 2587 3141 2650 ὡς
3178 2588 3317 2641 κατά
3343 2586 3501 2640 τοῦτο
3534 2586 3697 2656 μόνον

2116 2673 2274 2727 αὐτὸν
2297 2676 2695 2746 συμϐάλλεσθαι
2714 2678 2812 2747 τὴν
2831 2676 2923 2730 τοῦ
2944 2678 3280 2749 ἀνθρωπείου
3303 2678 3461 2746 λόγου
3488 2677 3695 2729 εἰκόνα.

2134 2765 2295 2819 Ἂλλά
2329 2768 2436 2839 γὰρ
2482 2766 2684 2821 τούτων
2712 2768 2841 2838 ἡμῖν
2870 2768 3346 2840 ἀποδεδειγμένων,
3382 2766 3528 2832 εἰκὼ
3570 2782 3699 2821 τινα.

2122 2855 2230 2909 τῶν
2257 2857 2570 2929 φιλομαθῶν
2599 2862 2825 2931 ἐρωτᾷν.

436 2963 751 3019 ποοιιειυειο
781 2947 1040 3003 videatur.
1086 2946 1180 3003 His
1215 2948 1287 3002 ita
1336 2961 1430 3018 per
1494 2960 1593 3002 nos
1665 2946 2065 3013 demonstratis,
2133 2954 2309 3004 tamen
2360 2950 2622 3021 quispiam
2677 2950 2816 3007 forte
2868 2950 3105 3007 discendi
3168 2951 3392 3022 cupidus
3463 2952 3700 3007 interro-

438 3062 522 3117 .ga
532 3055 628 3100 ret.

1058 3134 1220 3194 CAP.
1261 3136 1442 3193 XVIII.

2752 3134 2910 3188 ΚΕΦ.
2951 3131 3056 3188 IH'.

435 3232 571 3288 -Cnr
610 3249 666 3286 ιη
700 3229 1269 3301 principio_Evangelii
1317 3231 1400 3283 sui
1449 3228 1766 3301 erangeliata
1820 3224 2018 3283 Filium

2123 3229 2225 3283 Διὰ
2256 3229 2315 3281 τί
2342 3226 2836 3301 Λόγονᾷὠνόμασε
2862 3226 2969 3301 τόν
3002 3226 3138 3301 Υἱὸλν
3171 3229 3204 3281 ό
3240 3229 3695 3301 εὐργγελιστης,

952 3286 1172 3353 νει-ιιιιηῖ
1204 3298 1532 3356 nominavit?
1579 3286 1603 3300 ⁷

2399 3286 2729 3367 ἀρχόμενος
2761 3297 2874 3365 τῆς
2899 3295 3117 3350 ἑαυτοῦ
3140 3286 3372 3366 γραφῆς

527 3394 665 3461 Quid
694 3407 867 3448 causa:
899 3391 1095 3455 fuerat,
1125 3391 1264 3459 quod
1310 3392 1595 3446 exordiens
1636 3406 1789 3446 suum
1826 3391 2017 3447 librum

2191 3388 2286 3441 Διά
2313 3388 2363 3441 τί
2400 3389 2456 3441 δὲ
2486 3388 2578 3441 τὸν
2623 3389 2882 3458 μονογενῆ
2908 3388 3035 3441 Υίὸν
3074 3388 3167 3441 τοῦ
3196 3388 3350 3453 Θεοῦ,
3393 3391 3699 3462 ἀρχόμενος

446 3486 780 3555 evangelista
835 3490 893 3548 ὦ
925 3480 1092 3538 ’γειὺί
1141 3485 1397 3549 nomine,
1448 3483 1638 3537 Filium
1688 3484 2015 3553 unigenitum

2120 3480 2220 3550 τῆς
2261 3479 2452 3533 ἐαυτοῦ
2490 3480 2714 3551 γραφῆς
2739 3520 2754 3544 ,
2778 3478 2810 3534 ό
2851 3481 3237 3550 εὐαγγελιστὴς
3276 3482 3443 3550 Λόγον
3484 3482 3701 3551 ἀνεφώ-

457 3577 799 3633 nominavit?
837 3574 934 3629 Cui
980 3576 1393 3642 respondemus,
1436 3575 1539 3628 hoc
1584 3575 1750 3628 fuisse
1799 3573 2016 3639 factum,

2120 3588 2280 3640 νησε;
2322 3571 2461 3641 Πρὸς
2500 3570 2559 3623 ὃν
2591 3571 2852 3642 ἐροῦμεψ
2887 3573 3010 3624 Ὅτι
3048 3571 3136 3624 διὰ
3176 3572 3275 3635 τὰς
3313 3572 3697 3643 ἀνακρῦπτους

459 3677 678 3738 propter
705 3668 949 3721 abstrusa
985 3666 1049 3719 de
1076 3665 1166 3720 illo
1198 3664 1324 3718 olim
1350 3666 1598 3718 vaticinia
1630 3682 1642 3718 :
1674 3680 1794 3719 cum
1822 3666 2018 3736 ubique

2120 3661 2286 3714 πάλαι
2342 3662 2467 3732 περ)⁸
2511 3661 2673 3714 αὑτοῦ
2731 3662 3067 3733 προφητείας
3132 3661 3276 3733 (68)’
3315 3663 3500 3734 ἐπειδὴ
3534 3664 3693 3735 γὰρ,

455 3760 653 3830 legitur
687 3775 780 3828 per
824 3757 1107 3827 prophetas
1152 3771 1369 3821 omnes,
1398 3754 1627 3810 Verbum
1662 3755 1888 3813 Domini.
1924 3760 2013 3814 Sic

2120 3753 2203 3821 ἐφ’
2234 3752 2446 3823 ἑκάστῳ
2478 3753 2749 3826 προφήτῃ,
2772 3754 2959 3821 Λόγος
2991 3754 3228 3821 Κυρίου,
3253 3772 3271 3804 ι
3298 3753 3355 3816 ὃς
3387 3754 3638 3825 ἐγενήθη,
3672 3774 3692 3805 ι

460 3852 599 3920 apud
639 3850 828 3923 Isaiam
872 3848 1068 3904 dicitur
1116 3850 1167 3903 in
1214 3850 1500 3920 principio,
1543 3850 1767 3904 Verbum
1805 3853 2012 3908 Domini

2123 3845 2274 3914 φέρε,
2304 3844 2451 3913 πρὸς
2481 3845 2747 3911 Ἰισαΐαν,
2779 3843 3012 3915 εἴρηται,
3060 3845 3154 3898 καὶ
3182 3843 3337 3913 ἁρχὴ
3363 3844 3554 3913 Λόγου
3581 3844 3695 3915 (69)

458 3948 525 3996 ad
566 3941 764 3996 Isaiam
798 3941 840 3994 ’.
878 3940 967 3995 Sic
995 3940 1060 3994 ad
1110 3940 1305 3995 Oscam
1336 3941 1415 4005 ‘°,
1465 3946 1530 3993 ad
1568 3940 1681 3995 Jor-l
1716 3938 1793 3997 “:
1836 3941 1900 3997 Et
1934 3944 2017 4012 fa-

2125 3937 2345 4004 Κυρίου
2390 3938 2458 3990 ἐν
2503 3936 2693 4004 Ὠσηὲ,
2732 3937 2823 3990 καὶ
2862 3937 3051 4005 Λόγος
3098 3939 3315 4003 Κυριου
3356 3936 3411 3998 ὃς
3460 3937 3695 4007 ἐγενήθη

457 4037 596 4080 ctum
629 4034 704 4079 est
745 4023 967 4078 Verbum
1014 4024 1221 4079 Domini
1260 4024 1327 4077 ad
1356 4024 1550 4079 Jonnm
1582 4027 1645 4089 ¹¹,
1697 4028 1767 4081 ita
1818 4029 1883 4081 ad
1921 4028 2018 4083 Mi-

2129 4028 2262 4100 πρὸς
2311 4028 2482 4098 Ἱωὴλ,
2521 4028 2616 4081 καὶ
2641 4027 2874 4097 ἐγένετο
2904 4028 3093 4096 Λόγος
3120 4028 3339 4095 Κυρίου
3396 4028 3543 4095 πρὸς
3584 4025 3697 4080 Ἰω-

448 4120 659 4172 climam
696 4115 760 4180 ¹³,
807 4125 860 4171 et
906 4117 1151 4171 similiter
1192 4117 1259 4171 ad
1304 4123 1593 4189 prophetas
1629 4120 1761 4174 alios
1800 4120 2018 4187 dicitur,

457 4209 653 4271 factum
702 4205 945 4263 Verbum.
984 4202 1177 4263 'Voluit
1206 4223 1357 4263 sacra
1390 4211 1477 4264 hic
1513 4209 1789 4278 Scriptura
1830 4214 2019 4268 neces-

452 4299 600 4352 sario
630 4298 936 4369 quidemet
978 4308 1162 4354 exacte
1199 4299 1499 4370 signiﬁcare
1524 4340 1539 4364 ,
1583 4302 1724 4370 quod
1766 4303 1818 4356 in
1874 4304 2019 4358 nullo

533 4488 712 4567 Ed.
742 4490 937 4567 Paris”
967 4502 1086 4559 pag.
1119 4486 1239 4542 129.
1359 4486 1380 4516 ⁸
1411 4484 1568 4539 Joan.
1601 4501 1642 4549 ι,
1694 4484 1779 4539 10.

446 4554 501 4585 ”
534 4557 697 4613 Mich.
730 4575 786 4623 ι,
824 4558 881 4614 ’1.

526 4694 642 4762 (65)
673 4693 840 4764 Vulgo

525 4757 637 4834 (64)
673 4757 841 4834 Vulgo
864 4763 908 4816 δ’
942 4760 1078 4834 αὐτά
1105 4760 1160 4834 δέ
1200 4759 1395 4834 μᾶλλον
1424 4757 1703 4834 ἐπέκεινα.

525 4828 636 4905 (65)
670 4828 895 4905 νηΙᾷοά
925 4848 984 4883 τε
1007 4831 1083 4883 δέ.
1113 4828 1229 4884 Mox
1266 4829 1420 4897 vulgo
1447 4828 1699 4902 πατρικῷ
1714 4828 2007 4900 πνεύματι,

448 4912 512 4959 et
538 4904 686 4971 cllp.
713 4905 814 4957 164
848 4904 910 4958 ι).
1241 4930 1249 4940 ·

553 4974 643 5043 66)
672 4973 838 5044 Vulgo
864 4973 1100 5044 navews).

553 4980 643 5043 66)
672 4980 838 5044 Vulgo
864 4980 1100 5026 πάντων.

526 4980 638 5115 (67)
669 5045 996 5115 Παρουσία.
1053 5040 1145 5095 Vel
1196 5037 1433 5115 προνοίοιΔ
1460 5034 1622 5115 [quod
1676 5039 1832 5115 codd.
1888 5039 2019 5115 d_ant

457 5109 686 5185 ideoque
721 5109 1026 5185 rescripsi],
1050 5109 1474 5185 utraquelectio
1535 5110 1848 5185 tolerabilis.
1903 5109 2018 5166 Sed

444 5178 739 5252 legendum
765 5178 945 5239 statim
971 5178 1116 5251 αὐτῷ
1144 5178 1559 5252 συμϐάλλεσθαι.
1591 5178 1663 5233 Μ.

528 5248 642 5327 (68)
682 5255 787 5327 Διὰ
824 5254 938 5327 τᾲς
974 5248 1391 5327 ἀνᾳὶιρρπτους
1428 5248 1622 5327 πάλαι.
1648 5250 1778 5327 περί
1830 5248 2015 5327 εξ-ὺτοῦ

458 5319 841 5395 προφὴτείας.
864 5323 972 5378 Hoc
993 5322 1124 5395 vu_lt.
1158 5320 1415 5395 Joannem
1455 5319 1508 5372 in
1544 5320 2018 5395 principiqlﬁvan-

459 5385 609 5461 gelii,
642 5385 895 5451 'Verb'um
959 5392 1135 5461 potius
1205 5391 1509 5461 nominasse
1546 5385 1558 5387 “
1584 5385 2011 5461 quan—tuFilium,

448 5458 1254 5534 13ropter_yeternm_vaticinia,
1291 5462 1351 5534 i_n_
1382 5458 1575 5534 quibus
1600 5473 1694 5534 per
1724 5458 1871 5534 illam
1905 5460 2013 5534 l’o_r-

450 5526 658 5586 inul'am
682 5532 912 5586 Verbum
940 5530 1144 5584 Domini
1181 5526 1584 5599 signiﬁcabatur
1604 5526 1713 5583 hoc
1742 5530 1932 5599 ipsum.
1954 5526 2008 5599 in

458 5602 654 5663 quibus
703 5601 1010 5663 recitandis,
1051 5600 1133 5651 vel
1195 5598 1363 5653 codex
1415 5607 1498 5651 est
1544 5598 1885 5668 depravatus,
1928 5598 2011 5651 vel

454 5672 726 5726 memoria
759 5672 939 5738 lapsus
964 5682 1045 5724 est
1080 5668 1362 5730 Eusebius,
1384 5668 1466 5722 vel
1494 5667 1803 5736 utrumque.
1836 5667 2019 5734 Neque

457 5742 600 5796 enim
640 5743 722 5809 ἐφ’
750 5740 959 5809 ἑκάστῳ
996 5740 1249 5811 προφήτῃ
1316 5739 1517 5793 dictum
1576 5748 1657 5792 est
1708 5738 1873 5805 Λόγος
1912 5738 2025 5789 Κυ-

1893 4486 1912 4516 ⁹
1949 4485 2049 4539 lsa.
2079 4503 2136 4550 ιι,
2170 4487 2217 4541 Ι.

2128 4119 2260 4184 νᾶν,
2289 4116 2380 4172 καὶ
2421 4118 2554 4191 πρὸς
2579 4119 2834 4188 Μιχαίαν,
2864 4119 3062 4190 ὁμοίως
3107 4119 3200 4171 καὶ
3238 4118 3367 4189 πρὸς
3416 4119 3540 4181 τοὺς
3578 4118 3695 4171 λοι-

2128 4213 2262 4276 ποὺς
2304 4212 2581 4283 προφήτας
2627 4211 3016 4283 παραπλησίως
3058 4211 3141 4278 ἐφ’
3190 4210 3399 4280 ἑκάστῳ
3438 4211 3693 4281 προφήτῃ

2124 4304 2204 4369 τὸ,
2234 4303 2465 4373 ἐγένετο
2505 4303 2843 4373 προσέκειτο,
2875 4302 2973 4372 τῆς
3003 4301 3151 4366 θείας
3197 4300 3418 4373 Γραφῆς
3446 4301 3693 4372 ἀκριϐῶς

2340 4485 2382 4517 ¹⁰
2414 4483 2541 4540 Ose.
2586 4499 2625 4552 ι,
2656 4483 2711 4537 1.

2810 4482 2851 4513 ¹¹
2883 4481 2998 4538 Joel
3036 4498 3077 4549 ι,
3113 4484 3167 4537 1.
3266 4479 3490 4537 "Jonas
3519 4500 3534 4537 ι
3560 4524 3574 4550 ,
3630 4485 3687 4538 1.

2048 4694 2092 4748 D
2123 4692 2262 4762 ρίου,
2298 4706 2395 4747 nec
2421 4690 2488 4745 ab
2519 4690 2607 4757 iis,
2631 4703 2768 4760 quos
2790 4697 3194 4762 commemorat,
3227 4688 3293 4762 ad
3315 4702 3437 4762 eum
3472 4690 3690 4762 modum

2121 4756 2283 4843 quem
2332 4756 2757 4843 commemorant;
2820 4759 2958 4828 apud
2993 4756 3187 4843 Oscam
3217 4758 3441 4843 legitur,
3460 4760 3689 4843 ΠΛόγος

2116 4826 2356 4914 ξζυρίο-υ,
2374 4903 2385 4914 .
2409 4830 2475 4895 ὂς
2771 4868 2786 4891 ,
2820 4826 2939 4914 ,ιιοιι
2969 4828 3062 4914 καὶ
3102 4827 3246 4914 ἀρχὴ
3274 4826 3431 4914 λόγου
3460 4826 3690 4914 κυρίου.

2119 4898 2265 4954 Etin
2292 4900 2421 4953 Isaia
2462 4898 2580 4970 cap.
2616 4916 2678 4961 ιι,
2717 4899 2946 4970 legitur.
2988 4900 3047 4952 Ὀ
3081 4898 3276 4967 Λόγος,
3324 4900 3353 4951 ό
3399 4898 3691 4967 γενόμενος

2118 4971 2256 5041 πρὸς
2278 4967 2540 5023 Ἡσαΐαν.⁷
2562 4967 2802 5033 Deinde,
2820 4969 2989 5022 codex
3026 4979 3211 5022 noster
3232 4970 3558 5035 depravatus
3581 4980 3689 5020 εει.

2119 5040 2250 5093 Nam
2299 5042 2567 5107 qumnutlo
2626 5040 2740 5091 haec
2786 5038 3104 5107 cohaerent?
3156 5038 3372 5107 Ἐπειδὴ
3423 5036 3541 5107 (γὰρ
3602 5038 3689 5105 ἐφ’

2120 5052 2250 5093 Nam
2299 5052 2567 5109 quomodo
2626 5052 2740 5091 haec
2786 5052 3104 5092 conterent!
3161 5052 3372 5107 Ἐπειοη
3432 5052 3541 5106 γαρ
3602 5052 3687 5105 ἐφ’

2116 5111 2354 5191 ἐκάστιρ¹
2385 5110 2642 5191 προφήτῃ
2688 5106 2844 5176 λόγος
2871 5106 3098 5191 ’.κυρίου
3124 5126 3138 5138 ·
3167 5108 3226 5171 ὃς
3244 5106 3502 5191 ἐγενήθῆη,
3532 5108 3689 5191 φέρε..

2119 5182 2259 5251 πρὸς
2293 5176 2850 5251 Ἰἰσαῒανίᾼείρήταιη
2870 5176 3036 5251 forte
3069 5179 3371 5251 legentium.
3399 5176 3405 5178 ⁷
3433 5176 3691 5251 ᾘ-πεὶ-δῆ

2116 5247 2443 5336 ἐφ’,ἐκάσιτῳ
2472 5247 2655 5336 σχεδὸν
2975 5247 3215 5336 φέρεται,
3258 5247 3414 5336 λόγος
3459 5247 3686 5336 Κυρίομ,

2116 5315 2174 5382 ὃς
2200 5315 2557 5391 ἐγενήθή,νὼς
2581 5319 2708 5391 παρ’
2727 5315 3139 5391 ’Ἡσαξίᾅκλόγος
3170 5318 3518 5391 όᾼγενόμενος
3549 5315 3690 5391 πρός

2127 5384 2370 5455 Ἡσαΐαν,
2392 5384 2485 5441 καὶ
2516 5390 2572 5441 ἐν
2620 5384 2760 5459 ἀρχῇ
2803 5384 3131 5459 τοῦίᾮσῆέ,
3172 5384 3329 5455 λόγος
3362 5384 3603 5459 Κυρίου,
3626 5384 3691 5447 ὃς

2115 5457 2677 5530 ἐγενήθηηριιοαιιίι,
2709 5457 2786 5530 de
2835 5457 2978 5511 nullo
3024 5457 3406 5530 prophetarum
3458 5458 3685 5530 dictum,

2170 5523 2350 5582 ενὺὶιηὶ
2374 5523 2581 5582 Domini
2612 5530 2748 5597 quod
2766 5527 2824 5597 in
2846 5544 2947 5593 me,
2975 5523 3069 5582 sed
3098 5523 3242 5597 quod
3274 5527 3471 5580 factum
3491 5534 3563 5578 eu
3591 5523 3685 5585 ad,

2113 5609 2241 5662 elc.,
2277 5599 2467 5652 falsum
2497 5596 2726 5651 videtur.
2764 5596 2834 5652 Μ.

2169 5661 2307 5753 ,(69)
2341 5670 2503 5738 Villii“
2537 5669 2677 5740 ἀρχῇ
2710 5665 2866 5737 λόγος
2896 5676 2950 5723 ει
2979 5665 3118 5722 infra
3147 5682 3240 5736 πρ.
3266 5664 3361 5720 καὶ
3398 5661 3689 5736 παραπλη-

2129 5756 2277 5801 σιως.
