3970 6514
276 323 375 381 Ml

1188 306 1275 361 DE
1304 292 1838 360 ECCLESIASTICA
1892 286 2286 346 TllEOLOGlA
2333 280 2461 340 LIB.
2504 278 2561 337 Il.

3410 264 3515 321 942

277 442 371 495 καὶ
406 435 717 505 ἀναγκαίως
760 426 1277 501 ὲπισημαινομένης,
1317 422 1481 486 ώς·ἐ.ν
1525 418 1700 472 οὐδενὶ
1738 413 1846 467 τῶν

1974 408 2327 476 iropltetarum
2382 401 2694 463 exsistebat,
2727 393 2867 466 quod
2912 390 2979 445 ad
3011 386 3299 459 quemlibet
3329 400 3515 441 eorum

276 529 575 607 προφητῶν
598 524 695 597 ἦν,
722 524 856 579 ἀλλά
880 522 999 575 καθ’
1026 520 1255 574 ἕκαστον
1282 516 1545 586 ἐγίγνετο
1558 509 1682 583 (70)
1711 508 1847 579 πρὸς

275 601 337 681 ὃν
370 628 406 697 ἡ
446 623 676 678 ἑκάστου
713 618 973 688 δύναμις,
1009 613 1095 667 οἵα
1140 630 1199 665 τε
1238 607 1307 682 ἦν
1363 608 1580 680 χωρεῖν,
1614 601 1849 677 προσιὼν

274 695 418 789 αὐτῇ
460 717 555 771 καὶ
583 716 647 785 τῇ
694 711 924 765 ἑκάστου
961 706 1105 777 ψυχῇ
1143 704 1203 758 τὸ
1232 698 1563 772 κατάλληλον
1595 695 1850 768 παρέχων

276 809 337 873 ἐξ
370 788 537 860 αύτοῦ
568 803 781 873 πνεῦμα
808 802 902 854 καὶ
929 798 1118 870 νοερὰν
1147 795 1367 858 εἰκότως
1395 793 1486 846 ἐπὶ
1522 788 1615 844 τοῦ
1650 788 1851 859 παρόν-

274 917 367 963 τος
398 900 427 950 ὁ
466 894 890 965 εύαγγελιστὴς,
942 890 1035 944 τοῦ
1076 889 1249 958 Λόγου
1314 884 1519 958 μέλλων
1568 881 1853 951 εὐαγγελί-

276 991 467 1056 ζεσθαι
526 986 853 1058 οἰκονομίαν,
906 984 1005 1037 οὐκ
1060 980 1135 1034 ἔθ’
1181 980 1383 1051 ὁμοίως
1440 981 1552 1041 τοῖς
1607 972 1855 1036 παλαιοῖς

276 1086 564 1156 γεγονέναι
622 1082 780 1135 αὐτὸν
840 1076 1026 1150 ἕτερόν
1077 1072 1189 1145 (71)
1250 1089 1372 1126 τινα
1427 1069 1693 1132 διδάσκει,
1741 1065 1854 1120 ἀλλ’

279 1177 447 1232 αὑτὸν
498 1174 675 1247 σάρκα
714 1168 1056 1241 ἀνειληφέναι
1094 1165 1188 1219 καὶ
1218 1162 1501 1235 ἄνθρωπον
1545 1157 1853 1228 γεγονέναι·

282 1264 383 1320 εἶτ’
408 1265 596 1336 ἐπειδὴ
629 1263 726 1335 τὴν
766 1263 845 1325 εἰς
885 1257 1201 1332 ἀνθρώπους
1243 1251 1407 1309 αὑτοῦ
1449 1252 1712 1322 σωτήριον
1749 1247 1859 1309 τοῖς

283 1361 452 1413 πᾶσιν
488 1356 718 1427 πάροδον
753 1350 1039 1424 κηρύττειν
1070 1347 1315 1419 ἔμελλεν,
1354 1343 1481 1413 ἑξῆς
1517 1341 1708 1409 λέγων,
1749 1336 1858 1391 Kal

285 1453 319 1504 ὁ
360 1426 743 1518 Λόγοςίσὰρξ
773 1441 1025 1513 ἐγένετο,
1056 1440 1150 1494 καὶ
1194 1426 1548 1502 ἐσκήνωσεν
1589 1430 1657 1484 ὲν
1695 1428 1858 1499 ἡμῖν,

284 1540 603 1609 ἀναγκαίως
638 1538 730 1591 ἐπὶ
765 1535 861 1607 τὴν
914 1534 1086 1607 ἀρχὴν
1114 1527 1418 1602 ἀνατρέχει,
1462 1524 1552 1578 τὸν
1589 1523 1716 1594 χθὲς
1765 1521 1859 1574 καὶ

287 1630 484 1704 πρώην
522 1628 872 1701 σαρκωθὲντα
923 1625 1093 1693 Λόγον
1137 1623 1220 1685 τίς
1266 1636 1396 1674 ποτε
1440 1614 1507 1689 ἧν
1556 1616 1649 1669 καὶ
1682 1615 1863 1675 ὁποῖος

287 1722 535 1787 δεικνύς·
583 1719 819 1788 θεολογεῖ
847 1735 906 1771 τε
944 1714 1127 1779 αὐτὸν,
1164 1712 1297 1786 ὁμοῦ
1333 1711 1430 1782 τὴν
1473 1707 1671 1779 γνῶσιν
1702 1704 1863 1759 αὑτοῦ

289 1819 388 1872 καὶ
419 1815 518 1887 τὴν
553 1816 632 1875 εἰς
661 1809 979 1884 ἀνθρώπους
1008 1808 1326 1878 θεοφάνειαν
1364 1799 1861 1872 εὐαγγελιζόμενος,

290 1904 416 1973 εἶθ’,
446 1907 521 1971 ὡς
558 1905 665 1961 τῶν
693 1902 958 1965 παλαιῶν,
996 1902 1060 1953 ἐκ
1097 1899 1203 1952 τῶν
1236 1897 1395 1951 θείων
1427 1891 1865 1963 ἀναγνωσμάτων

292 1996 800 2073 προμεμαθηκότων
825 1995 916 2049 τὸν
945 1993 1028 2062 ἐφ’
1052 1991 1265 2062 ἑκάστῳ
1296 1986 1551 2060 προφήτῃ
1576 1983 1865 2053 γενόμενον

292 2091 491 2160 Λόγον,
538 2088 701 2152 αὐτὸς
745 2087 842 2160 τὴν
894 2084 1170 2155 θειοτέραν
1220 2082 1313 2135 καὶ
1371 2078 1643 2150 ἐξαίρετον
1694 2073 1868 2145 ἀρχὴν

293 2181 463 2237 αὑτοῦ
529 2178 822 2251 κηρύττει,
880 2176 945 2247 ἢν
992 2174 1168 2237 οὐδεὶς
1217 2168 1509 2242 προφητῶν
1566 2160 1868 2235 ἀνθρώποις

293 2274 521 2347 γυμνῶς
575 2271 715 2326 οὕτω
791 2271 883 2324 καὶ
943 2263 1420 2339 ἀπαρακαλύπτως
1480 2258 1722 2329 ἐξέφηνε.
1779 2254 1870 2308 Διό

299 2370 518 2443 μεγάλῃ
555 2369 706 2437 φωνῇ
736 2366 847 2428 τοῖς
874 2364 1007 2415 πᾶσι
1034 2360 1093 2413 τὸ
1120 2355 1335 2429 λεληθὸς
1364 2354 1458 2407 καὶ
1490 2350 1716 2423 κρύφιον
1743 2365 1809 2400 πε
1820 2348 1871 2417 pl.

295 2462 394 2517 τοῦ
434 2462 608 2529 Λόγου
662 2457 955 2529 μυστήριον
1003 2449 1328 2523 παραδιδοὺς
1378 2445 1505 2499 ἐϐόα
1546 2444 1738 2512 λέγων·
1777 2442 1873 2493 Ἐν

299 2550 463 2623 ἀρχῇ
520 2547 599 2621 ἦν·
643 2552 675 2604 ό
721 2547 939 2616 Λόγος,
992 2544 1090 2597 καὶ
1124 2545 1157 2595 ὀ
1208 2540 1397 2609 Λόγος
1444 2533 1523 2607 ἦν
1568 2534 1717 2604 πρὸς
1766 2531 1873 2585 τὸν

303 2617 475 2704 9'86},
521 2617 618 2693 real
665 2635 808 2702 Θεὸς
855 2630 933 2704 ἦν
973 2635 1004 2685 ὁ
1043 2630 1251 2698 Λόγος.
1311 2624 1510 2679 Πάντα
1570 2621 1646 2674 δι’
1688 2617 1874 2672 αὑτοῦ

300 2731 564 2803 ἐγένετο,
603 2728 731 2783 καὶ·
746 2725 923 2798 χωρὶς
970 2721 1154 2777 αὑτοῦ
1212 2718 1446 2788 ἐγένετο
1500 2712 1641 2767 οὐδὲ
1682 2711 1769 2764 ἓν.
1812 2710 1874 2761 El

302 2800 414 2898 γάρ
446 2822 597 2895 παρά
622 2820 726 2873 τῶν
755 2816 1033 2891 προτέρων
1064 2813 1222 2867 θείων
1256 2808 1482 2883 Γραφῶν
1513 2800 1877 2872 παιδαγωγοῦ-

307 2893 461 2987 μενοι
489 2893 675 2976 πάλαι,
701 2910 965 2982 πρότερον
992 2903 1360 2976 μεμαθήκατε,
1380 2898 1562 2968 φησὶν,
1582 2897 1662 2949 ὅτι
1690 2893 1877 2962 Λόγος

302 2982 532 3073 Κυρίου
559 3002 792 3073 ἐγένετο
836 2998 971 3070 πρὸς
1001 2995 1149 3049 τόνδε
1178 2993 1267 3046 τὸν
1308 2989 1589 3061 προφήτην
1637 2983 1749 3056 ('72)
1786 2982 1879 3035 ml.

304 3281 474 3351 ἀρχῇ,
505 3280 617 3341 τοῖς
650 3277 814 3330 πᾶσιν
844 3274 1135 3340 ἀναγκαῖον
1166 3261 1647 3336 εύαγγελίσασθαγ
1684 3258 1780 3313 καλ⁸
1805 3256 1880 3318 ώς

310 3349 459 3437 Θεὸς
497 3365 594 3439 ἦν,
638 3368 733 3422 καὶ
784 3366 858 3430 ὡς
906 3363 1102 3417 πάντα
1151 3360 1225 3414 δι’
1268 3356 1453 3412 αὐτοῦ
1490 3352 1745 3423 ἐγένετο,
1786 3349 1883 3401 καὶ

306 3462 387 3525 ὡς
434 3460 595 3524 αὐτὸς
649 3460 855 3521 ἐκεῖνος
891 3458 919 3509 ὁ
972 3454 1103 3517 Θεὸς
1140 3452 1309 3519 Λόγος
1327 3488 1353 3523 ,η
1388 3447 1454 3500 δι’
1503 3439 1563 3499 οῦ
1600 3443 1668 3496 τὰ
1706 3440 1882 3494 πάντα

309 3550 690 3623 φιλανθρωπίᾳ
718 3548 809 3601 τοῦ
848 3546 1058 3617 Πατρὸς
1120 3542 1276 3612 σὰρξ
1307 3539 1541 3609 ἐγένετο,
1585 3535 1679 3589 καὶ
1715 3532 1882 3602 ἐσκή-

309 3622 484 3699 νωσεν
514 3622 582 3695 γὲν
613 3642 763 3711 ἡμῖν.
804 3637 964 3691 Ταῦτ’
1016 3630 1396 3705 εὐηγγελίζετο
1444 3627 1694 3697 Ἰωάννης
1725 3625 1754 3677 ὁ
1785 3622 1884 3695 μέ-

310 3751 418 3804 γας
464 3732 559 3786 τοῦ
605 3730 838 3802 Χριστοῦ
890 3727 1132 3800 μαθητὴς
1171 3726 1263 3778 καὶ
1296 3721 1625 3783 ἀπόστολος,
1674 3716 1743 3770 τά
1788 3716 1885 3768 νέα

312 3826 410 3880 καὶ
442 3822 603 3878 καινά
639 3821 733 3875 τοῦ
784 3821 1031 3891 Σωτῆρος
1072 3815 1338 3871 παιδεύων
1386 3812 1628 3874 ἅπαντας
1677 3806 1886 3879 ἀνθρώ-

313 3933 451 3980 πους
495 3915 794 3986 μυστήρια,
839 3911 935 3980 ούχ
974 3913 1054 3964 ὅτι
1087 3907 1300 3976 λογικὸς
1329 3900 1396 3977 ἦν
1424 3905 1453 3956 ὁ
1491 3900 1644 3964 Θεὸς,
1669 3900 1775 3952 οὐδ’
1804 3899 1885 3950 ὅτι

315 4007 480 4070 αὐτὸς
511 4004 648 4077 πρὸς
670 4002 857 4056 ἑαυτὸν
884 4002 1152 4063 διενοεῖτο,
1179 3999 1273 4051 καὶ
1294 3993 1470 4065 ἐαυτῷ
1496 3990 1883 4065 πρώιελὲγετο,

313 4097 668 4167 Ποιήσωμεν
732 4096 1061 4163 ἄνθρωπον,
1113 4092 1288 4161 λέγων
1312 4106 1326 4120 ’
1385 4086 1494 4140 οὐδ’
1561 4086 1641 4138 ὃτι
1710 4082 1888 4149 λόγοις

316 4196 580 4266 κέχρηται
602 4195 711 4256 τοῖς
739 4191 846 4245 τῶν
877 4188 1161 4261 πρακτέων
1206 4179 1677 4255 παραγγελτικοῖς.
1703 4173 1888 4227 Ταῦτα

459 4286 570 4356 (75)
600 4286 708 4347 πᾶς
730 4283 1056 4356 ἀρνούμενος
1090 4280 1179 4332 τὸν
1208 4276 1333 4330 Υἱὸν
1359 4271 1451 4327 τοῦ
1476 4268 1607 4324 Θεοῦ
1629 4269 1768 4322 εἴποι
1799 4264 1886 4327 ἂν,

315 4378 346 4431 ὃ
399 4379 590 4451 δήκαὶ
648 4376 958 4449 Μάρκελλος
1007 4372 1196 4433 ποιῶν,
1242 4368 1318 4432 ὡς
1362 4365 1453 4419 ἐπὶ
1505 4360 1890 4434 κρησφύγητον

317 4471 412 4523 ἐπὶ
560 4447 794 4522 παλαιάν
843 4462 1170 4533 καταφεύγει
1198 4456 1440 4530 Γραφὴν,
1467 4455 1561 4507 καὶ
1595 4451 1664 4505 τά
1694 4447 1889 4520 νηπιὰ-

320 4561 465 4625 ξοντι
496 4560 574 4631 τῷ
609 4558 719 4631 (74)
770 4558 1034 4611 Ἰουδαίων
1076 4553 1189 4623 λαῷ
1220 4550 1349 4621 περῖ¹
1378 4545 1471 4601 τοῦ
1506 4544 1579 4616 μὴ
1607 4540 1887 4596 εἰδωλολα-
1928 4541 1941 4554 ⁸

318 4653 489 4721 τρεῖν,
516 4649 611 4702 ἕνα
638 4648 692 4701 δὲ
718 4648 874 4719 μόνον
922 4645 1116 4699 εἰδέναι
1148 4659 1208 4694 τε
1252 4640 1345 4694 καὶ
1377 4636 1552 4690 σέὅειν
1582 4633 1712 4687 Θεὸν
1746 4649 1887 4702 παρ-

320 4740 631 4813 ηγγελμένα
685 4740 935 4809 συνάγειν
986 4737 1257 4809 πειρᾶται.
1295 4730 1461 4784 Ἔνθα
1494 4726 1588 4780 καὶ
1625 4724 1890 4795 ηύρόησεν

319 4829 471 4900 αύτῷ
509 4831 541 4901 ἡ
588 4829 716 4900 περὶ
753 4829 843 4882 τοῦ
886 4828 1002 4891 ἐνὸς
1044 4826 1177 4880 Θεοῦ
1225 4819 1572 4881 διδασκαλία,
1606 4815 1891 4886 χρησίμως

319 4925 442 4976 τότε
481 4923 576 4976 καὶ
633 4922 775 4975 κατά
823 4922 1012 4994 καιρὸν
1086 4910 1559 4984 εἰδωλολατροῦσιν
1618 4908 1889 4969 Ἰουδαίοις

319 5015 753 5087 παραδεδομένη.
805 5015 914 5069 Καὶ
968 5013 1031 5085 δὴ
1082 5008 1312 5063 ἐνταῦθα
1379 4999 1729 5071 καταφυγὼν,
1795 4998 1888 5051 καὶ

317 5108 509 5175 ὥσπερ
549 5109 606 5159 ὲν
638 5106 951 5178 ὀχυρώματι
983 5104 1170 5158 ἑαυτὸν
1202 5102 1269 5170 τῇ
1306 5095 1569 5163 Ἰουδαϊκῇ
1620 5090 1887 5162 περιφρά-

319 5197 419 5263 ξας
480 5196 911 5269 σκληροκαρδία,
957 5194 1056 5265 τὴν
1104 5190 1329 5263 ἄρνησιν
1381 5180 1746 5255 προύϐάλλετο
1796 5180 1888 5232 τοῦ

318 5295 453 5350 Υἰοῦ
490 5293 584 5349 τοῦ
609 5290 763 5345 Θεοῦ.

401 5506 463 5568 ﬁt
494 5498 593 5555 Ed.
628 5497 829 5559 Paris.,
855 5508 977 5563 pag.
1005 5490 1130 5545 150.
1196 5485 1406 5542 “Joan.
1454 5497 1493 5552 ι,
1530 5479 1617 5536 14.

399 5655 511 5727 ('70)
540 5652 730 5727 ango_
743 5649 878 5721 πρὸς
905 5648 947 5727 ὅἶ

394 5718 446 5797 (Ἰ
462 5718 506 5786 ll
539 5718 680 5797 Πρὸς
709 5718 893 5797 ἕτερον
914 5792 917 5793 ν
936 5718 998 5769 Β.

539 5785 703 5863 Vulgo
728 5785 873 5844 τόνδε
911 5785 1210 5858 προφήτην.

1950 503 2147 571 factum
2174 508 2269 560 est,
2299 504 2358 549 ut
2382 495 2642 563 cujusque
2677 489 2793 558 ejus
2820 500 2988 556 capax
3016 490 3132 538 erat
3164 488 3425 551 potestas,
3460 490 3508 529 et

1951 590 2228 659 cujuslibet
2271 587 2463 640 anima)
2511 579 2847 652 suggerebat,
2897 578 2965 631 de
3011 588 3110 632 suo
3164 571 3353 641 spiritu
3382 583 3510 623 con-

1953 684 2277 738 venienter:
2326 687 2384 732 ut
2436 677 2506 730 ita
2554 690 2658 727 non
2708 673 3004 740 incongrue
3051 667 3140 723 hic
3185 661 3518 733 evangelista

1953 774 2169 836 dixerit,
2193 771 2281 825 ubi
2311 767 2471 824 Verbi
2506 766 2645 819 illius
2671 762 3024 818 mconomiam
3047 765 3166 813 erat
3201 755 3521 816 traditurus,

1955 882 2060 921 non
2110 863 2333 934 perinde
2380 860 2686 914 ordinatum
2742 852 2889 907 illum
2941 865 3121 915 nunc,
3171 855 3333 917 atque
3387 843 3518 899 olim

1956 958 2092 1028 apud
2127 954 2377 1023 antiquos
2407 949 2544 1012 illos,
2577 947 2669 1002 sed
2716 958 2900 1000 noStro
2941 940 3170 1011 quodam
3222 947 3277 993 et
3307 936 3521 990 diverso

1958 1047 2138 1110 modo,
2160 1058 2350 1113 tieinpe
2377 1054 2539 1096 carne
2565 1044 2867 1105 assumpta,
2889 1032 3106 1086 homine
3131 1027 3303 1094 facto;
3330 1025 3524 1080 deinde

1956 1139 2097 1210 quod
2139 1137 2516 1191 cnnntiaturns
2563 1142 2683 1188 erat
2730 1128 2785 1182 in
2832 1123 3186 1196 sequentibus
3229 1119 3521 1176 salutarem

1958 1208 2126 1301 ipsius
2187 1226 2253 1281 ad
2296 1226 2544 1280 homines
2575 1223 2861 1275 adventum
2884 1256 2900 1280 ,
2936 1214 3021 1269 ubi
3058 1213 3163 1279 ait,
3198 1210 3267 1265 Et
3300 1208 3525 1264 Verbum

1959 1337 2081 1374 caro
2121 1319 2315 1387 factum
2366 1326 2463 1378 est,
2498 1324 2544 1368 et
2587 1308 2844 1364 habitavit
2888 1306 2943 1360 in
2986 1304 3132 1359 nobis
3160 1301 3224 1368 ίξ,
3268 1301 3275 1354 i

1961 1414 2251 1481 incongrue
2297 1408 2349 1462 in
2400 1405 2666 1476 principio
2718 1399 2951 1457 recurrit
2995 1396 3061 1451 ad
3110 1393 3368 1457 Verbum,
3399 1398 3528 1443 tunc

1963 1518 2132 1572 nuper
2181 1502 2535 1561 incarnatunt,
2581 1494 2723 1565 quod
2771 1501 2826 1547 et
2865 1485 3036 1560 "quale
3088 1485 3265 1541 fuerat
3308 1484 3529 1537 demon-

1964 1570 2227 1651 strando:
2263 1591 2370 1646 Deo
2417 1588 2547 1643 illud
2578 1585 2829 1650 ascribit,
2861 1579 3190 1637 annuntians
3230 1573 3388 1633 simul
3416 1570 3531 1640 ejus

1967 1687 2241 1745 deitatem,
2268 1693 2323 1738 et
2351 1681 2416 1736 ad
2444 1679 2689 1735 homines
2710 1674 2999 1729 adventum
3029 1687 3044 1737 ;
3068 1679 3181 1724 tum
3206 1666 3369 1722 etiam
3389 1661 3530 1733 quod

1966 1793 2085 1832 cum
2141 1786 2349 1830 veteres
2380 1771 2669 1828 electione
2709 1767 3112 1836 Scripturarum
3158 1759 3283 1832 olim
3320 1754 3531 1810 didice-

1966 1876 2089 1924 rant
2167 1866 2361 1933 cuique
2411 1861 2685 1933 prophette
2732 1858 2973 1914 Verbum
3051 1845 3533 1921 superadvenisse,

1967 1961 2081 2031 ipse
2111 1956 2342 2011 divinius
2368 1954 2636 2025 quoddam
2662 1961 2719 2007 et
2761 1947 3116 2003 excellentius
3158 1940 3300 1996 illius
3327 1935 3532 2007 princi-

1968 2027 2112 2121 pium
2143 2055 2358 2103 enarret
2391 2063 2407 2100 :
2451 2042 2595 2114 quod
2644 2039 2824 2095 nullus
2874 2048 3110 2104 unquam
3149 2027 3534 2100 prophetarum

1971 2116 2078 2210 iam
2124 2146 2310 2211 aperte
2360 2145 2416 2192 et
2467 2135 2614 2190 clare
2661 2128 2982 2189 enuntiavit.
3031 2123 3299 2190 Quocirca
3359 2116 3535 2171 latens

1971 2205 2098 2290 illud
2135 2205 2189 2287 et
2247 2229 2518 2286 occultum
2562 2226 2629 2280 de
2649 2223 2827 2279 Verbo
2862 2217 3176 2291 mysterium
3224 2224 3345 2266 cum
3376 2205 3542 2261 vellet

1972 2324 2183 2378 tradere
2206 2363 2221 2389 ,
2257 2320 2353 2387 ait,
2404 2318 2469 2373 In
2507 2314 2762 2388 principio
2792 2318 2905 2366 erat
2944 2306 3190 2366 Verbum,
3222 2308 3271 2354 et
3312 2294 3539 2349 Verbum

1971 2427 2081 2473 erat
2112 2414 2250 2485 apud
2292 2412 2476 2478 Deum,
2515 2419 2563 2464 et
2608 2407 2747 2461 Deus
2792 2412 2900 2459 erat
2935 2398 3180 2454 Verbum.
3226 2389 3542 2485 Omnia-per

1973 2511 2146 2578 ipsum
2191 2507 2331 2576 facta
2359 2476 2502 2567 sunt,
2533 2510 2581 2554 et
2620 2500 2729 2555 sine
2758 2496 2868 2563 ipso
2900 2492 3097 2561 factum
3126 2494 3197 2541 cst
3225 2479 3375 2537 nihil.
3406 2476 3542 2530 Nam

1977 2600 2044 2667 si,
2076 2565 2270 2667 inquit,
2305 2595 2372 2649 ab
2403 2565 2795 2661 antiquissimis
2844 2584 2971 2639 olim
3025 2572 3321 2646 Scripturis
3380 2565 3542 2622 insti-

1979 2656 2097 2756 tuti,
2127 2656 2265 2743 illud.
2292 2656 2578 2754 aliquando
2605 2676 2779 2734 edocti
2806 2670 3113 2741 accepistis,
3132 2662 3276 2733 quod
3314 2656 3544 2756 Verbum

1978 2750 2190 2838 Domini
2214 2750 2409 2849 factum
2436 2773 2588 2832 sitad
2612 2772 2758 2826 hunc
2808 2764 3153 2837 prophetam,
3176 2766 3232 2813 et
3259 2753 3324 2849 ad
3355 2750 3543 2812 alium,

1980 2885 2139 2941 atque
2177 2871 2247 2924 ita
2275 2868 2527 2935 deinceps
2559 2862 2627 2915 ad
2657 2859 2819 2914 alium
2847 2872 2861 2920 ;
2913 2862 2968 2908 at
2998 2863 3140 2906 nunc
3171 2844 3409 2908 tandem,
3438 2855 3542 2893 non
3640 2845 3644 2849 ‘

1981 2960 2428 3033 quemadmodum
2469 2932 2681 3026 'factum
2734 2959 2819 3005 est
2846 2943 3081 3002 Verbum
3134 2935 3345 2992 Domini
3374 2972 3390 2998 ,
3448 2932 3545 2987 sed

1982 3051 2430 3126 quemadmodum
2471 3058 2583 3102 erat
2628 3046 2680 3100 in
2734 3037 3041 3112 principio,
3096 3042 3321 3086 necesse
3360 3033 3442 3080 est
3488 3031 3549 3077 ut

1981 3117 2416 3215 evangelizetnr:
2449 3150 2502 3196 et
2549 3134 2820 3208 quomodo
2868 3130 3005 3185 Deus
3049 3134 3159 3180 erat
3185 3162 3200 3187 ,
3236 3130 3291 3175 et
3314 3117 3548 3188 qualiter

1981 3206 2155 3293 omni;
2184 3251 2276 3303 per
2300 3234 2446 3287 illum
2477 3206 2619 3301 {acia
2645 3233 2787 3287 sunt,
2834 3231 2888 3277 et
2913 3216 3054 3289 quod
3086 3216 3198 3285 ipse
3227 3212 3388 3271 Deus,
3418 3206 3548 3260 Ver-

1980 3332 2104 3387 bum
2140 3329 2288 3393 illnd,
2318 3341 2411 3397 per
2440 3338 2600 3393 quem
2645 3317 2827 3374 omnia
2883 3314 3023 3367 facta
3070 3315 3218 3370 sunt,
3259 3319 3290 3360 e
3322 3310 3546 3371 paterna

1983 3416 2353 3475 misericordia
2390 3430 2512 3467 caro
2549 3409 2688 3465 facta
2722 3407 2821 3470 sit,
2859 3414 2914 3458 et
2957 3402 3010 3455 in
3051 3397 3206 3453 nobis
3257 3388 3545 3447 habitavit.

1988 3519 2045 3578 iis
2081 3512 2201 3566 llam
2233 3507 2465 3563 Joannes
2510 3502 2599 3557 ille
2638 3482 2865 3568 magnus
2910 3488 3111 3548 Christi
3153 3480 3449 3578 discipulus
3494 3487 3551 3532 et

1985 3600 2259 3671 apostolus
2304 3591 2728 3663 evangelizavit:
2777 3598 2964 3641 omnes
3013 3578 3229 3649 quidem
3304 3569 3553 3627 homines

1984 3695 2217 3751 edocens
2253 3704 2385 3744 nova
2417 3696 2473 3742 et
2515 3696 2714 3753 nupera
2764 3673 3071 3734 Servatoris
3113 3665 3407 3739 mysteria,
3440 3675 3545 3715 non

1985 3784 2125 3856 quod
2159 3792 2277 3838 erat
2303 3781 2443 3835 Deus
2491 3777 2701 3831 ratione
2754 3768 3053 3841 praeditus,
3086 3777 3193 3818 non
3241 3755 3383 3827 quod
3429 3753 3545 3822 ipse

1986 3876 2124 3947 apud
2177 3890 2235 3930 se
2276 3870 2532 3943 cogitavit
2581 3876 2635 3922 et
2664 3876 2847 3921 secum
2880 3858 3178 3916 collocutus
3226 3851 3319 3914 sit,
3348 3844 3549 3899 Facia-

1986 3986 2100 4025 mus
2136 3967 2400 4021 hominem
2421 4003 2435 4026 ,
2474 3959 2720 4030 inquiens
2745 3995 2758 4020 ,
2793 3968 2893 4009 nec
2925 3953 3067 4020 quod
3099 3942 3279 4000 verbis
3326 3939 3397 3993 sit
3427 3948 3557 3990 usus

1987 4076 2166 4117 rerum
2197 4057 2552 4128 gerendarum
2588 4044 2982 4104 admonitoriis.
3024 4040 3131 4095 Ista
3171 4034 3312 4091 enim
3355 4029 3553 4097 quivis,

1988 4154 2078 4223 qui
2112 4118 2427 4204 DeivFilium
2459 4144 2750 4210 abnegaret
2771 4180 2786 4205 ,
2827 4136 3008 4191 dicere
3052 4134 3228 4200 posset
3253 4162 3268 4188 ,
3294 4118 3553 4219 quemad:

1989 4207 2206 4299 modum
2252 4250 2309 4294 et
2354 4207 2640 4292 Marcellus
2680 4224 3099 4298 deprehenditur
3168 4214 3392 4276 fecisse,
3463 4207 3554 4299 qui

1991 4346 2247 4404 tanquam
2275 4330 2338 4384 ad
2366 4325 2629 4395 refugium
2655 4297 2921 4391 quoddam
2953 4328 3011 4368 se
3040 4310 3106 4364 ad
3139 4314 3377 4361 veterem
3410 4297 3561 4354 Seri-

1920 4431 1963 4486 D
1993 4438 2201 4499 pturam
2236 4421 2537 4485 convertit,
2572 4427 2799 4486 quaeque
2846 4403 3210 4463 infantissimo
3249 4397 3555 4452 Judzeorum

1994 4483 2187 4590 p0pulo
2216 4513 2406 4568 tradita
2432 4483 2701 4579 quondam
2745 4501 2992 4556 fuerant.
3031 4495 3095 4549 de
3122 4505 3234 4547 non
3270 4483 3560 4540 aderandis

1996 4610 2170 4671 idolis,
2215 4604 2309 4660 sed
2346 4602 2434 4657 uni
2487 4600 2593 4653 Deo
2640 4588 3035 4665 cognoscendo,
3082 4578 3472 4646 serviendoque
3503 4574 3559 4628 in

1996 4711 2160 4753 unum
2196 4697 2410 4763 coegit:
2444 4689 2533 4743 ubi
2577 4664 2820 4740 doctrina
2865 4681 2931 4735 de
2980 4677 3091 4732 Deo
3138 4672 3251 4728 solo
3281 4676 3336 4724 et
3365 4680 3471 4720 uno
3509 4664 3556 4718 ci

1996 4787 2257 4844 successit
2279 4760 2512 4844 abunde,
2538 4787 2723 4845 utpote
2751 4788 2871 4843 qua:
2918 4769 3124 4825 utiliter
3167 4760 3475 4822 admodum,
3506 4765 3561 4809 et

1995 4888 2295 4949 opportune
2311 4868 2602 4927 idololatris
2623 4866 2820 4922 Iudaeis
2840 4862 3170 4917 tradebatur.
3188 4855 3304 4921 Quo
3326 4851 3413 4905 ille
3441 4861 3560 4901 sese

1994 4970 2298 5031 conferens,
2333 4975 2387 5019 et
2411 4961 2632 5018 Judaica
2683 4956 2867 5013 cordis
2895 4953 3115 5017 duritia,
3146 4944 3310 5003 veluti
3354 4939 3559 4995 munitu

1990 5063 2224 5135 quodam
2270 5054 2670 5128 propugnaculo
2700 5050 2959 5116 vallatus,
2986 5046 3053 5102 ad
3089 5042 3287 5098 Filium
3331 5033 3426 5092 Dei
3460 5046 3557 5085 nc-

1993 5153 2222 5228 gandum
2250 5148 2535 5223 processit.

2091 5623 2178 5691 73)
2210 5617 2379 5687 Vulgo
2409 5630 2510 5691 o_m.
2540 5612 2644 5684 γάρ

2061 5685 2172 5764 074)
2200 5685 2364 5759 Vulgo
2389 5685 2515 5740 τῶν.
