3970 6526
408 308 512 365 945

1002 436 1007 444 ·
1041 420 1193 476 CAP.
1231 420 1374 475 XIX.

412 516 563 582 Quod
598 510 883 569 Marcellus
920 512 1186 567 advocatis
1230 514 1285 567 in
1330 512 1680 568 testimonium
1727 528 1753 566 e
1806 509 1973 565 Veteri

482 586 806 640 Testamento
835 582 1117 648 Scripturis
1139 585 1210 636 de
1231 583 1338 637 Deo
1367 601 1492 645 uno,
1515 600 1619 637 non
1641 598 1787 636 secus
1817 597 1974 652 quam

476 656 655 711 λιιάωί
687 654 872 714 solent.
903 655 1227 723 abnegaverit
1257 654 1353 707 Dei
1378 652 1603 707 Filium.

479 748 571 821 [Β.
600 746 778 812 LVIII,
813 745 1031 816 coll.§p.
1083 745 1183 800 I38
1230 744 1317 818 13.]
1381 746 1599 800 Audisis
1640 757 1819 799 autem
1857 743 1975 813 qui-

411 846 510 898 bus
559 842 727 895 utitur
769 838 1026 903 vocibus,
1074 837 1198 892 dum
1254 839 1325 892 ita
1356 838 1543 893 scribit
1580 856 1593 892 :
1630 855 1649 888 ι
1676 836 1974 903 Quemnam

412 954 430 988 ι
465 950 592 990 vero
618 948 739 989 eum
769 932 1060 985 arbitratur
1090 931 1334 986 Asterius
1357 970 1373 996 ,
1409 931 1498 1001 qui
1529 931 1685 994 dixit,
1720 930 1829 999 Ego
1857 944 1973 982 sum

412 1045 431 1078 ι
464 1028 557 1098 qui
574 1042 689 1080 sum
704 1026 769 1092 ‘3,
788 1024 982 1079 Filium
1001 1040 1068 1077 an
1084 1023 1330 1078 Patrem?
1347 1027 1481 1079 duas
1497 1022 1690 1078 etenim
1716 1023 1974 1092 hyposta-

404 1133 430 1165 «ι
466 1112 758 1170 sesPatris
804 1124 857 1168 et
883 1111 1016 1168 ‘Filii
1063 1110 1295 1165 allirmat
1341 1127 1499 1177 esse,
1532 1127 1752 1166 carnem
1804 1112 1976 1181 respi-

413 1226 431 1257 ι
472 1207 625 1262 ciens
671 1207 963 1261 humanam
1014 1203 1185 1267 illam,
1211 1218 1372 1273 quam
1418 1204 1710 1271 assumpsit
1742 1203 1972 1258 Verbum

412 1319 431 1351 ι
476 1299 593 1366 Dei,
622 1306 677 1353 et
703 1296 941 1355 olxillam
972 1310 1188 1350 carnem
1218 1297 1270 1350 iu
1314 1296 1454 1351 hanc
1489 1296 1820 1350 descendens
1851 1294 1973 1365 opi-

412 1412 432 1445 ι
468 1392 705 1447 nionem.
734 1390 910 1461 Atque
939 1390 1011 1445 ita
1047 1389 1139 1444 Dei
1179 1388 1371 1443 Filium
1410 1389 1679 1457 separavit
1718 1403 1747 1442 a
1794 1387 1972 1455 Patre,

416 1504 434 1538 ι
473 1500 578 1540 non
607 1483 764 1538 aliter
786 1497 949 1553 quam
980 1482 1024 1551 si
1055 1481 1172 1549 quis
1216 1479 1389 1534 lilium
1415 1480 1645 1535 hominis
1672 1495 1700 1533 a
1737 1480 1969 1535 naturali

415 1597 433 1628 ι
470 1591 566 1632 ειιο
595 1585 745 1643 patre
768 1581 1063 1643 separaret.
1098 1590 1115 1624 ι
1147 1571 1211 1625 Et
1264 1580 1374 1625 tum
1407 1569 1648 1641 adjungit
1688 1570 1779 1643 III.
1814 1570 1972 1627 LVIII

398 1668 560 1734 coll,
591 1665 771 1737 p.138
800 1663 863 1736 Β]
896 1681 909 1717 :
948 1682 966 1715 ι
998 1662 1056 1718 Si
1102 1662 1305 1717 idcirco
1329 1660 1543 1715 Patrem
1580 1676 1637 1717 se
1667 1678 1695 1715 a
1728 1661 1862 1716 Filio
1894 1676 1975 1718 se-

387 1782 436 1818 .s
472 1771 751 1832 parantem
794 1758 909 1812 hate
949 1757 1016 1810 ad
1058 1754 1259 1810 Mosen)
1327 1752 1555 1810 aliirmet
1613 1754 1971 1824 prolocutum,
2009 1790 2050 1844 Β

418 1869 438 1903 ι
472 1850 711 1920 proiecto
738 1847 1011 1912 fatebitur,
1044 1861 1149 1899 non
1188 1859 1309 1901 esse
1340 1843 1504 1899 Deum
1538 1845 1627 1913 qui
1674 1852 1757 1898 est
1788 1842 1975 1898 Filius.

418 1962 453 1996 ιε
480 1942 757 2011 Quomodo
803 1941 948 1996 enim
1003 1938 1091 2008 qui
1128 1939 1237 2005 ait,
1270 1935 1385 2006 Ego
1420 1954 1535 1991 sum
1566 1936 1657 2006 qui
1707 1952 1843 2001 sum,
1873 1949 1979 1989 non

419 2055 452 2087 ι’
474 2035 599 2089 item
629 2046 986 2088 concessurus
1010 2038 1130 2095 est,
1166 2029 1308 2097 quod
1336 2029 1427 2098 qui
1460 2038 1565 2093 est,
1596 2044 1654 2084 se
1679 2028 1814 2083 dixit
1840 2042 1976 2095 esse,

406 2126 549 2197 viz-ad
625 2123 981 2179 diﬂ‘erentiam
1048 2121 1386 2176 statuendam
1464 2121 1607 2175 inter
1682 2120 1854 2188 ipsum
1927 2125 1983 2201 et

419 2238 438 2271 ι
475 2233 583 2273 non
626 2215 758 2271 ens?
786 2234 805 2269 ι
842 2214 944 2281 Qui
979 2212 1025 2269 si
1072 2213 1216 2267 dicat
1249 2210 1445 2266 Filium
1478 2211 1755 2281 hypostasi
1791 2210 1982 2265 distin-

416 2317 563 2364 ctusn
606 2308 708 2363 huc
771 2307 845 2361 ita
898 2305 1315 2374 pronuntiasse,
1361 2301 1471 2372 Ego
1527 2319 1643 2356 sum
1695 2302 1786 2371 qui
1829 2317 1980 2365 sum,

417 2402 666 2466 itidem
709 2399 776 2454 de
818 2398 979 2452 Patre
1020 2411 1237 2467 quoque
1288 2396 1487 2451 dixisse
1536 2392 1978 2451 existimabitur:

415 2492 682 2549 utrumvis
738 2500 914 2545 autem
975 2487 1331 2563 conjunctqu
1377 2496 1459 2541 est
1513 2501 1633 2541 cum
1685 2486 1979 2556 impietate.

416 2586 626 2640 Rursus
650 2598 799 2650 vero,
822 2582 947 2637 dum
969 2581 1182 2636 Patrem
1219 2595 1339 2635 esse
1370 2579 1563 2633 Filium
1585 2578 1815 2649 probare
1847 2580 1980 2643 vult,

417 2678 524 2731 hoc
560 2676 717 2730 modo
737 2674 959 2729 scribit:
996 2693 1014 2726 ι
1045 2673 1163 2744 Ipse
1191 2673 1334 2727 enim
1367 2670 1709 2726 conﬁtebitur
1735 2670 1984 2740 inquiens

414 2766 508 2839 μὶ.
540 2764 746 2837 LXVI],
781 2764 845 2819 In
875 2781 955 2820 me
1002 2774 1078 2819 est
1129 2764 1311 2830 Pater,
1346 2773 1396 2817 et
1426 2778 1517 2833 ego
1552 2765 1606 2817 in
1630 2760 1811 2817 Patre.
1844 2762 1980 2818 Eum

338 2845 343 2849 ’
417 2875 548 2913 vero
579 2859 680 2912 hoc
706 2856 905 2913 dixisse
926 2872 1034 2911 non
1066 2858 1182 2912 sine
1212 2856 1446 2922 ratione,
1483 2864 1575 2910 aut
1599 2871 1628 2909 a
1648 2870 1810 2926 scopo
1824 2856 1985 2910 aber-

417 2958 814 3018 rantem,patet
835 2963 899 3002 ex
930 2947 1331 3018 Apostolidicto
1348 2946 1718 3018 alibiznempe
1748 2948 1837 3002 ubi
1862 2949 1937 3002 ait
1964 2967 1980 3005 :

420 3040 568 3096 Unus
593 3041 729 3096 enim
756 3048 830 3095 est
863 3040 1140 3108 Dominus,
1169 3056 1275 3093 una
1314 3039 1467 3109 ﬁdes,
1497 3056 1659 3094 unum
1700 3040 1981 3108 baptisma,

1056 300 1350 358 'EUSEBII
1390 295 1862 358 CESARIENSIS
1896 295 2042 354 OI’P.
2088 298 2266 353 PARS
2307 297 2395 353 IV.
2438 328 2504 337 -—
2546 296 2966 354 DOGMATICA.

3538 297 3645 354 ειι

2718 417 2873 469 ΚΕΦ.
2917 416 3018 469 18’.

2083 510 2270 576 Ὅπως
2292 508 2642 577 Μάρκελλος
2656 509 2761 575 τὰς
2783 511 2916 579 περὶ
2935 509 3076 575 ἐνὸς
3095 506 3241 563 Θεοῦ
3261 506 3369 576 τῆς
3386 504 3654 579 Παλᾳιᾱς

2148 576 2436 647 Διαθήκής
2468 579 2707 648 Γραφὰς
2748 576 3216 648 μαρτυρόμενος,
3260 578 3472 648 ὁμοίως
3515 576 3655 630 Ἰου-

2149 651 2336 716 δαίοις
2364 654 2470 704 τὸν
2507 651 2645 703 Υίὸν
2677 650 2783 702 τοῦ
2812 651 2957 704 Θεοῦ
2986 650 3239 718 ἠρνεῖτο.

2162 743 2489 796 Ἐπάκουσον
2546 742 2696 811 γοῦν,
2751 743 2891 807 οἵαις
2962 743 3221 814 κέχρηται
3274 742 3496 811 φωναῖς,
3547 732 3652 793 ὧδε

2080 835 2302 905 γράφων
2341 834 2482 888 κατά
2528 834 2703 900 λέξιν·
2745 853 2762 886 ι
2792 834 2923 887 Τίνα
2965 835 3146 888 τοίνυν
3189 834 3298 897 τὸν,
3343 830 3490 902 Ἐγώ
3536 833 3652 900 ειμι

2086 943 2104 976 ι
2151 930 2183 979 ό
2232 925 2334 991 ὢν,
2363 925 2587 995 λέγοντα
2635 926 2907 997 ’Δστέριος
2935 921 3073 980 εἶναι
3130 926 3326 989 οἴεται,
3373 924 3466 977 τὸν
3506 924 3651 986 ι’ίὸν,

2087 1036 2104 1069 ι
2151 1019 2183 1089 ἢ
2216 1018 2305 1071 τὸν
2330 1018 2584 1090 Πατέρας
2609 1017 2702 1070 δύο
2729 1017 2836 1089 γὰρ
2868 1018 3190 1078 ὑποστάσεις
3218 1016 3296 1079 εἰς
3320 1014 3416 1084 τὴν
3444 1012 3655 1083 ἀνθρω-

2086 1129 2103 1162 ι
2150 1112 2309 1181 πίνην
2335 1112 2400 1181 ἥν
2442 1113 2470 1164 ὁ
2502 1110 2596 1163 τοὺ
2628 1109 2763 1163 Θεοῦ
2796 1109 2966 1179 Λόγος
3004 1108 3257 1178 ἀνείληφε
3306 1107 3489 1179 σάρκα
3522 1105 3656 1173 ἀφο-

2086 1221 2103 1254 ι
2157 1202 2283 1274 ρῶν,
2315 1204 2406 1256 κα)⁵
2447 1202 2512 1255 δι’
2551 1203 2723 1273 αὑτὴν
2771 1201 2915 1255 οὑτω
2970 1201 3389 1271 φανταζόμενος,
3445 1195 3660 1268 Πατρός

2087 1313 2103 1345 ι
2150 1311 2209 1346 τε
2241 1294 2336 1347 καὶ
2362 1293 2491 1347 Υίοῦ
2524 1294 2723 1363 ἔφησεν
2755 1289 2912 1347 εἶναι.
2940 1292 3095 1346 Οὑτω
3116 1293 3207 1345 τὸν
3247 1290 3377 1343 Υἱὸν
3405 1286 3499 1340 τοὺ
3520 1284 3657 1340 Θεοῦ

2087 1405 2104 1435 ί
2155 1386 2400 1457 χωρίζων
2432 1386 2544 1458 (75)
2573 1385 2667 1438 τοῦ
2709 1386 2943 1457 Πατρὸς,
2986 1383 3062 1448 ὡς
3108 1384 3201 1437 καὶ
3241 1382 3353 1435 υίδν
3406 1378 3521 1449 (76)
3564 1378 3658 1430 ἀν-

2086 1499 2102 1528 ι
2153 1476 2369 1549 θρώπου
2425 1478 2715 1549 χωρίσειεν
2769 1477 2833 1530 ἀν
2872 1494 2953 1546 τις
2990 1474 3082 1528 τοῦ
3140 1473 3284 1528 κατὰ
3336 1472 3499 1542 φύσιν
3556 1486 3660 1521 πα-

2088 1587 2104 1619 ι
2149 1568 2327 1639 τρός.»
2379 1568 2489 1620 Καὶ
2536 1567 2773 1636 ἐπιλέγει
2825 1568 2982 1638 ἑξῆς·
3022 1586 3042 1618 ι
3074 1567 3135 1619 Ei
3178 1566 3356 1620 τοίνυν
3403 1563 3495 1616 τὸν
3543 1562 3658 1614 Πα-

2087 1678 2102 1710 ι
2149 1658 2281 1730 τέρα
2312 1658 2607 1730 χωρίζοντα
2635 1659 2823 1712 ἑαυτὸν
2850 1657 2943 1712 τοῦ
2972 1658 3102 1711 Υίοῦ
3129 1657 3264 1729 πρὸς
3298 1656 3390 1709 τὸν
3419 1654 3661 1709 Μωῦσέα

2086 1770 2102 1801 ι
2148 1749 2299 1804 ταῦτ’
2332 1751 2608 1822 εἰρηκέναι
2644 1752 2837 1823 φήσει,
2884 1753 2982 1805 οὑκ
3027 1747 3166 1805 εἶναι
3212 1750 3303 1803 τὸν
3351 1748 3481 1802 Υἱδν
3527 1746 3661 1800 Θεὸν

2094 1863 2111 1896 ι
2156 1844 2497 1916 ὁμολογήσει.
2567 1844 2689 1908 Πῶς
2747 1845 2855 1917 γάρ
2918 1846 3154 1915 ἐγχωρεῖ
3229 1843 3319 1896 τὸν
3401 1840 3660 1909 λέγοντα.

2092 1956 2109 1990 ι
2170 1936 2315 2007 Ἐγώ
2341 1940 2455 2008 είμι
2485 1940 2517 1992 o'
2544 1937 2649 2002 ὢν,
2682 1939 2755 2010 μὴ
2812 1938 3218 2010 συνομολογεῖν,
3247 1938 3330 1989 ὅτι
3375 1933 3518 1987 κατά
3564 1933 3664 1986 ἀν-

2093 2048 2110 2080 ι
2156 2029 2493 2101 τιδιαστολὴν
2564 2028 2658 2084 τοῦ
2732 2030 2805 2102 μὴ
2875 2029 3027 2095 ὄντος
3077 2032 3104 2083 ὁ
3164 2026 3239 2080 ὣν
3286 2026 3476 2081 ἑαυτὸν
3522 2020 3665 2077 εἷναί

2092 2141 2109 2174 ι
2160 2139 2356 2193 φησιν;
2388 2143 2406 2175 ι
2466 2124 2529 2177 EI
2576 2124 2635 2177 δὲ
2692 2124 2782 2177 τὸν
2841 2122 2969 2176 Υἱὸν
3043 2120 3336 2175 ὑποστάσει
3393 2116 3665 2193 διῃρημὲ-

2086 2230 2174 2265 νον
2223 2213 2379 2267 τοῦτο
2429 2215 2623 2283 φάσκει
2679 2214 2856 2284 λέγειν
2912 2213 2973 2267 τὸ
3041 2211 3188 2283 Ἐγώ
3240 2213 3358 2281 ειμι
3428 2213 3462 2263 ὀ
3545 2206 3653 2270 ὢν.

2085 2305 2280 2358 ταὺτὸν
2324 2301 2479 2369 αὖθις
2510 2306 2635 2378 περὶ
2658 2304 2751 2358 τοὺ
2784 2305 2995 2378 Πατρὺς
3033 2304 3212 2373 λέγειν
3250 2300 3663 2374 νομισθήσεται·

2088 2397 2343 2468 ἑκάτερον
2371 2398 2427 2451 δὲ
2455 2398 2656 2451 τούτων
2684 2395 2896 2460 ἀσεϐές.
2922 2396 3033 2451 Καὶ
3066 2396 3178 2468 (77)
3212 2394 3373 2449 πάλιν
3400 2388 3539 2447 εἶναι
3570 2391 3668 2445 τὸν

2088 2488 2309 2560 Πατέρα
2357 2488 2451 2542 καὶ
2499 2487 2588 2541 τὸν
2632 2488 2761 2541 Υίὸν
2800 2487 3066 2554 ἐπιδεῖξαι
3110 2487 3468 2558 πειρώμενος,
3519 2482 3669 2537 οὑτω

2087 2582 2307 2653 γράφει·
2344 2599 2361 2632 ι
2400 2580 2572 2643 Αὑτὸς
2619 2579 2727 2652 γὰρ
2782 2578 3031 2651 ὁμολογεί
3068 2579 3261 2645 λέγων,
3314 2579 3417 2631 Ἐν
3446 2575 3575 2645 ἐμοὶ
3630 2576 3671 2628 δ

2087 2672 2307 2741 Πατὴρ,
2338 2672 2498 2743 κάγὼ
2522 2673 2594 2727 ἐν
2613 2670 2694 2737 τῷ
2721 2672 2922 2739 Πατρί.
2944 2671 3065 2723 Ὀτι
3096 2670 3152 2723 δὲ
3174 2669 3328 2722 τοῦτο
3354 2670 3452 2738 οὑχ
3478 2666 3671 2728 ἁπλῶς

2087 2764 2207 2817 οὑδὲ
2260 2764 2516 2827 ἀσκόπως
2564 2762 2774 2836 εἴρηκε,
2826 2764 2981 2835 δῆλον
3027 2762 3137 2833 (78)
3191 2762 3283 2815 xa‘t
3323 2763 3415 2829 ἀφ’
3462 2760 3664 2830 ἐτέρας

2087 2857 2449 2929 ἀποστολικῆς
2504 2858 2733 2929 ρήσεως,
2782 2852 2887 2922 Εἷς
2931 2856 3062 2925 γὰρ,
3124 2858 3152 2909 ὁ
3201 2853 3389 2919 εἰπὼν,
3423 2852 3663 2920 Κύριος.

2082 2951 2191 3020 μία
2217 2952 2440 3016 πίστις,
2467 2948 2535 3003 ἐν
2548 2948 2881 3019 βάπτισμα,
2914 2943 3015 3013 εἶεν
3030 2946 3195 3013 Θεὸς,
3240 2947 3363 3017 ἔφη,
3396 2945 3497 3000 καὶ
3543 2947 3666 2998 Πα-

2088 3042 2220 3111 τὴρ,
2268 3046 2301 3097 ό
2327 3042 2425 3095 ἐπὶ
2474 3040 2734 3107 πάντων,
2762 3041 2860 3094 καί
2898 3038 2996 3093 διὰ
3031 3038 3287 3103 πάντων,
3322 3037 3420 3092 καί
3447 3039 3517 3091 ὲν
3540 3037 3660 3091 πᾶς

416 3151 553 3188 unus
596 3132 736 3187 Deus
779 3142 826 3187 et
871 3131 1059 3198 Pater,
1105 3134 1197 3202 qui
1242 3143 1319 3186 est
1364 3149 1518 3201 super
1554 3136 1767 3200 omnia,
1809 3142 1859 3186 et
1896 3150 1980 3201 per

2090 3148 2209 3188 σιν.
2253 3134 2436 3204 ’ορᾷς,
2467 3132 2547 3186 ὅτι
2579 3132 2683 3186 οὐδ’
2714 3131 2944 3186 ἐνταῦθα
2981 3131 3270 3199 ἀφίσταται
3307 3129 3405 3198 τῆς
3436 3145 3667 3199 συμφω-

416 3224 595 3277 omnia
626 3231 675 3276 et
709 3222 764 3274 in
807 3220 1046 3274 omnibus
1072 3220 1137 3276 ".
1174 3218 1338 3275 Vides
1387 3230 1444 3274 ut
1480 3235 1580 3275 nec
1619 3221 1723 3276 hoc
1769 3222 1824 3276 in
1870 3222 1987 3285 loco

416 3330 447 3366 a
482 3312 883 3383 conspiratione
919 3312 1178 3367 recedat:
1209 3311 1302 3366 sed
1349 3311 1538 3367 eodem
1576 3312 1740 3367 etiam
1792 3322 1847 3368 et
1899 3313 1987 3369 hic

416 3403 630 3458 laboret
658 3403 814 3459 vitio.
863 3401 999 3457 Nam
1038 3418 1159 3458 cum
1194 3402 1450 3469 dixisset,
1502 3401 1653 3459 Unus
1694 3414 1768 3459 est
1806 3403 1987 3457 Domi-

416 3512 515 3550 nus
550 3511 570 3550 :
600 3496 797 3567 adjecit
831 3511 1045 3566 quoque
1085 3504 1139 3551 et
1180 3512 1319 3549 unus
1364 3508 1440 3551 est
1483 3498 1622 3552 Deus
1647 3537 1663 3563 ,
1700 3499 1987 3567 utquoties

419 3587 634 3648 Domini
668 3588 829 3642 unius
876 3588 1041 3643 faciat
1091 3590 1443 3652 mentionem,
1489 3587 1708 3643 Patrem
1753 3603 1860 3642 uno
1894 3603 1988 3644 eo-

419 3681 649 3749 demque
684 3678 966 3749 complexu
996 3678 1222 3745 ambiat,
1257 3695 1379 3734 cum
1407 3695 1538 3737 vero
1578 3680 1644 3736 de
1678 3680 1839 3736 Patre
1873 3696 1989 3735 ser-

417 3786 634 3828 monem
690 3770 947 3836 instituit,
992 3768 1151 3824 simul
1201 3778 1429 3825 testetur
1475 3786 1581 3827 non
1615 3772 1824 3827 excludi
1853 3770 1986 3827 Ver-

404 3863 545 3916 bum
578 3861 691 3917 Dei.
728 3849 912 3917 illaec
957 3861 1241 3917 Marcellus
1295 3878 1418 3919 eum
1495 3864 1800 3928 edisserat,
1870 3864 1987 3934 plu-

409 3954 556 4009 rima
621 3956 865 4025 congerit
915 3956 980 4011 de
1020 3957 1200 4012 Veteri
1248 3954 1601 4012 Testamento
1655 3958 1982 4023 testimonia,

415 4059 477 4105 ut
507 4049 718 4105 evincat
751 4065 857 4104 non
885 4066 1009 4109 esse
1041 4052 1149 4107 Deo
1166 4051 1380 4106 Filium.
1409 4052 1499 4106 Ait
1533 4054 1675 4107 enim
1708 4051 1871 4105 Deum
1905 4053 1987 4106 in-

417 4143 651 4197 divisam
705 4145 976 4199 exstitisse
1019 4148 1304 4209 unitatem,
1368 4147 1613 4199 eumdem
1666 4151 1719 4198 et
1770 4144 1985 4199 Patrem

414 4250 541 4291 esse
594 4236 683 4304 qui
730 4247 815 4291 est
875 4236 1044 4291 Filius
1080 4238 1339 4292 insinuat.
1397 4237 1487 4292 Sic
1527 4245 1708 4291 autem
1748 4238 1982 4291 scribit:

410 4325 507 4398 ιιι.
536 4324 769 4399 LXVIII]
806 4346 823 4378 ι
857 4328 993 4393 Quid
1040 4329 1206 4397 ergo?
1251 4344 1432 4383 annon
1476 4328 1668 4397 spiritu
1707 4329 1986 4398 obtempe-

422 4438 443 4471 ι
485 4428 696 4486 rantes,
730 4421 992 4476 unitatem
1044 4422 1330 4477 indivisam
1369 4422 1453 4477 vel
1495 4422 1729 4493 potentia
1766 4422 1984 4492 quidem

414 4530 440 4562 ι
482 4524 600 4564 esse
649 4511 1009 4565 arbitramur?
1053 4512 1212 4569 Certe
1267 4529 1373 4568 non
1429 4513 1807 4567 erraverimus.
1850 4512 1983 4568 Cum

418 4622 438 4653 ‹
481 4603 709 4657 exertim
767 4618 865 4657 nos
907 4603 1138 4659 Verbum
1186 4605 1315 4660 illud
1380 4607 1642 4670 docuerit,
1701 4605 1984 4659 Dominum

420 4712 441 4745 ι
482 4694 650 4750 Deum
668 4706 816 4749 tuum
866 4697 1136 4762 adorabis,
1172 4709 1220 4752 et
1252 4698 1329 4751 illi
1366 4698 1466 4752 soli
1504 4699 1696 4753 servies
1730 4699 1792 4751 ⁸⁷.
1827 4698 1983 4765 Quod

422 4802 441 4835 ι
481 4785 623 4839 idem
676 4800 770 4856 per
808 4785 1048 4840 Marcum
1101 4788 1488 4858 evangelistam
1550 4789 1844 4858 pra'dicat:
1876 4791 1983 4842 Ac-

423 4895 440 4927 ι
475 4878 683 4931 cedente
718 4887 891 4931 autem
932 4879 1002 4931 ad
1030 4895 1147 4931 eum
1172 4880 1344 4933 scriba
1385 4881 1613 4946 quodam
1664 4891 1712 4935 et
1759 4883 1985 4936 interro-

423 4984 441 5015 ι
477 4978 651 5037 gante,
716 4972 854 5039 quod
886 4982 1016 5023 esset
1079 4971 1384 5025 mandatum
1440 4973 1673 5025 omnium
1725 4974 1979 5042 primum,

421 5078 441 5110 ι
483 5062 752 5130 respondet
776 5061 846 5127 ei,
874 5066 997 5132 quia
1030 5061 1335 5115 mandatum
1364 5063 1594 5115 omnium
1628 5064 1852 5129 primum
1884 5076 1981 5131 est,

2085 3228 2222 3291 νίας,
2259 3225 2393 3279 ἀλλά
2421 3224 2515 3279 καὶ
2545 3224 2774 3278 ἐνταῦθα
2802 3223 2865 3277 τὸ
2894 3222 3028 3277 αὐτὸ
3067 3220 3353 3275 πέπονθεν.
3393 3216 3495 3286 Εἷς
3526 3220 3661 3289 γὰρ,

2086 3318 2273 3384 εἰπὼν,
2303 3319 2535 3387 Κύριος,
2570 3313 2727 3381 αὖθις
2771 3312 2860 3383 εἷς
2885 3316 3049 3383 Θεὸς,
3093 3316 3219 3387 ἔφη,
3249 3316 3354 3379 ἵνα,
3380 3314 3545 3386 ἡνίκα
3594 3312 3663 3365 ἂν

2085 3410 2177 3464 τοῦ
2210 3411 2328 3473 ἐνὸς
2372 3409 2577 3481 Κυρίου
2635 3409 2972 3481 μνημονεύῃ,
3008 3406 3389 3480 περιλαμϐἀνῃ
3427 3406 3523 3459 καὶ
3571 3405 3663 3459 τὸν

2085 3502 2319 3573 Πατέρα·
2352 3502 2516 3573 ἡνίκα
2541 3501 2584 3554 δ’
2608 3502 2673 3555 ἂν
2708 3500 2948 3573 περὶτοῦ
2978 3501 3188 3572 Πατρὸς
3214 3500 3367 3572 λέγῃ,
3402 3498 3477 3569 μὴ
3507 3497 3665 3561 ἐκτὸς

2086 3591 2221 3648 εἶναι
2236 3595 2325 3646 τὸν
2346 3593 2518 3663 Λόγον
2537 3592 2630 3647 τοῦ
2649 3592 2783 3647 Θεοῦ
2800 3596 3069 3665 μαρτυρῇ.
3097 3612 3115 3646 ι
3138 3591 3322 3645 Ταῦτα
3347 3590 3665 3663 Μάρκελλος

2085 3684 2274 3751 εἰπὼν,
2309 3686 2434 3757 ἑξῆς
2483 3686 2700 3748 πλείους
2734 3685 2955 3754 συνάγει
2998 3684 3214 3755 γραφὰς
3253 3684 3360 3737 ἀπὸ
3391 3684 3490 3755 τῆς
3550 3683 3667 3735 Ila-

2085 3778 2243 3843 λαιᾶς
2280 3778 2552 3848 Διαθήκης
2583 3782 2661 3842 είς
2690 3776 2959 3843 ἀπόδειξιν
2996 3777 3090 3831 τοῦ
3138 3777 3211 3848 μὴ
3241 3778 3506 3847 ὑπάρχειν
3534 3774 3663 3828 Υἱὸν

2084 3870 2162 3941 τῷ
2213 3870 2351 3942 Θεῷ.
2410 3870 2625 3924 Μονάδα
2676 3869 2805 3939 γοὺν
2862 3866 3000 3922 εἶναι
3054 3869 3355 3941 ἀδιαίρετον
3386 3869 3479 3921 τὸν
3529 3867 3661 3920 Θεὸν

2086 3964 2331 4031 φάσκων,
2386 3963 2547 4017 αὑτὸν
2596 3958 2733 4016 εἶναι
2780 3963 2997 4035 Πατέρα
3047 3963 3140 4015 καὶ
3192 3963 3282 4016 τὸν
3317 3961 3478 4015 αὑτὸν
3521 3956 3659 4014 εἶναι

2089 4056 2199 4123 (79)
2218 4054 2343 4108 Υίὸν
2361 4054 2600 4126 παρίστη
2618 4056 2843 4126 γράφων
2860 4054 3046 4109 τοῦτον
3060 4054 3148 4107 τὸν
3165 4056 3383 4124 τρόπον·
3411 4072 3430 4105 ι
3455 4053 3519 4106 Τί
3540 4049 3659 4118 οὖν,

2090 4167 2107 4198 ι
2156 4148 2205 4199 εί
2253 4146 2362 4217 (80)
2424 4146 2497 4217 μὴ
2555 4145 2632 4217 τῷ
2684 4145 2960 4216 Πνεὺματι
3019 4132 3373 4216 προσέχοντες
3433 4142 3658 4213 δυνάμει

2091 4259 2109 4291 ι
2145 4239 2443 4309 ἀδιαίρετον
2495 4239 2591 4310 τὴν
2634 4238 2831 4310 μονάδα
2881 4235 3019 4291 εἷναι
3047 4235 3374 4309 νομίζοιμεν.
3406 4236 3516 4307 ἄρα
3544 4234 3657 4306 (81)

2092 4348 2109 4380 ι
2143 4330 2239 4399 οὑχ
2273 4329 2720 4402 ἁμαρτησόμεθα,
2759 4328 2943 4396 σαφῶς
2974 4328 3067 4382 τοῦ
3118 4329 3290 4396 Λόγου
3320 4326 3658 4390 διδάσκοντος

2091 4442 2109 4474 ι
2151 4424 2315 4494 ἡμᾶς,
2348 4425 2566 4492 Κύριον
2596 4424 2703 4476 τὸν
2727 4426 2875 4478 Θεόν
2902 4439 3018 4478 σου
3042 4423 3510 4492 προσκυνήσεις,
3556 4421 3655 4475 καὶ

2091 4531 2109 4562 ι
2148 4512 2307 4577 αὐτῷ
2349 4514 2513 4582 μόνῳ
2564 4514 2932 4582 λατρεύσεις.
2966 4514 3037 4568 Τὸ
3078 4514 3210 4567 αὑτὸ
3238 4514 3294 4567 δὲ
3323 4514 3415 4567 καὶ
3442 4513 3530 4566 διὰ
3560 4511 3656 4566 τοὺ

2090 4621 2108 4653 ι
2140 4604 2280 4657 κατά
2296 4605 2518 4673 Μάρκον
2563 4605 2877 4674 εὐαγγελίου
2906 4604 3186 4676 κηρύττει·
3240 4604 3404 4671 Ἑνὸς
3428 4603 3540 4673 γάρ
3568 4622 3654 4657 τι-

2088 4714 2108 4745 ι
2143 4712 2249 4760 νος
2281 4696 2659 4766 γραμματέως
2688 4698 3127 4765 προσελθόντος
3166 4693 3342 4760 αὐτῷ,
3367 4700 3464 4749 καὶ
3506 4711 3657 4747 πυν-

2086 4806 2105 4837 ι
2142 4785 2489 4856 θεινομένου,
2520 4788 2610 4854 τίς
2658 4787 2750 4857 εἴη
2806 4787 3001 4856 πρώτη
3048 4786 3167 4840 τῶν
3208 4786 3488 4848 ἐντολῶν,
3540 4786 3655 4839 ἀπ-

2097 4897 2115 4930 i
2150 4880 2424 4947 εκρίνατο
2439 4880 2583 4949 πρὸς
2611 4882 2796 4935 αὐτὸν
2817 4881 3005 4947 οὕτως
3026 4878 3222 4933 είπών·
3247 4877 3488 4932 Πάντων
3500 4876 3655 4945 πρῶ-

2097 4991 2116 5025 ι
2148 4970 2273 5041 τον,
2304 4975 2527 5039 Ἄκουε,
2565 4973 2824 5043 Ἰσραὴλ,
2857 4974 3063 5043 Κύριος
3100 4976 3132 5027 ὀ
3156 4972 3296 5037 Θεὸς
3330 4969 3517 5041 ἡμῶν,
3538 4971 3655 5024 Κύ-

2096 5084 2113 5116 σ
2136 5082 2267 5134 ριος
2288 5062 2375 5131 εἷς
2406 5066 2555 5120 ἐστι.
2590 5066 2697 5121 Καὶ
2729 5065 3062 5137 ἀγαπήσεις
3114 5066 3331 5134 Κύριον
3359 5060 3466 5116 τὸν
3506 5063 3656 5115 Θεόν

489 5271 549 5329 ›Ῑ‹
579 5265 673 5321 Ed.
700 5252 895 5331 Paris.,
925 5282 1045 5337 pag.
1072 5266 1190 5322 I51.
1268 5268 1311 5299 "
1345 5267 1513 5324 Exod.
1547 5284 1627 5334 Ill,
1668 5269 1756 5324 ιι.
1834 5272 1877 5302 ⁸⁸
1910 5273 1980 5343 ιιι]

2095 5315 2108 5330 .
2141 5289 2214 5341 Iv,
2246 5273 2300 5337 ὅ,
2328 5270 2382 5328 6.
2462 5273 2502 5303 ⁸⁷
2538 5272 2725 5327 Matth.
2765 5288 2837 5339 IV,
2875 5272 2961 5327 I0.

490 5468 596 5540 (πᾷ)
639 5468 749 5523 Τὸν
778 5470 911 5524 Υίὸν
944 5470 1049 5524 τοῦ
1087 5470 1259 5535 Θεοῦ,
1293 5470 1566 5540 χωρίζων,
1588 5471 1722 5526 forte
1746 5472 1836 5526 τὸν
1858 5472 1984 5525 Υἱὸν

417 5537 661 5615 χωρίζων
677 5540 769 5615 τῷ
790 5540 921 5592 Θεοὺ
952 5540 1044 5593 καλ⁵
1072 5537 1407 5613 Πατρδςξιίἱς
1438 5544 1529 5597 καὶ
1546 5544 1661 5598 υἱὸν
1688 5544 1973 5615 ἀνθρώπου

416 5608 696 5677 χωρίσειεν
718 5610 781 5662 ἄν
811 5627 913 5673 τις.

488 5677 598 5748 ίῖίξ)
636 5678 799 5748 VUIgo
819 5678 883 5732 ἂν
914 5682 1006 5734 τὸν
1040 5682 1171 5736 υἱόν.

489 5746 601 5816 (77)
632 5746 854 5805 Kai‘est
895 5752 947 5806 in
981 5754 1135 5808 codd.

2163 5475 2275 5546 (78)
2301 5475 2467 5547 Δῆλον
2645 5472 2738 5547 καί
2766 5473 2946 5544 vulgo.

2164 5546 2274 5615 (79)
2310 5545 2473 5615 vulgo
2493 5545 2582 5598 τὸν
2601 5545 2743 5615 υἱόν.

2289 5619 2390 5700 ξίσ.
2413 5609 2511 5686 μέν
2533 5616 2655 5700 'Mp;
2681 5612 3000 5700 Moxnvulgo
3021 5609 3344 5700 νομίζομεν.

2159 5682 2265 5759 (81)
2298 5682 2463 5757 Vulgo
2494 5686 2592 5740 οὑκ
2626 5682 2752 5756 ἄρα,
2793 5682 2896 5754 Μρ.
2926 5682 3034 5754 ἆρα
3064 5683 3186 5737 οὑκ.
