3970 6532
478 407 581 470 95!

1164 402 1426 464 EUSEBH
1465 403 1936 465 CIESARIENSIS
1974 407 2125 466 OPP.
2166 405 2344 464 PARS
2382 402 2469 461 iV.
2509 438 2577 447 -ο
2611 402 3019 463 DOGMATICA.

3613 398 3727 464 951’

481 521 778 597 perfectam
832 516 1167 593 intelligendi
1228 529 1572 591 potestatem.
1632 522 1891 589 Quocirca
1947 538 2044 577 nec

2160 536 2303 583 τεως,
2336 522 2393 572 ὲν
2422 518 2498 589 τῷ
2528 518 2625 588 τῆς
2656 518 3011 589 κοσμοποιίας
3039 516 3200 589 λόγῳ,
3234 515 3422 570 καίτοι
3451 516 3561 570 τῶν
3589 520 3714 589 μετά

484 621 553 676 de
578 618 812 674 conditis
841 614 1045 684 angelis
1075 613 1202 669 facit
1234 613 1584 679 mentionem,
1622 613 1675 667 in
1717 613 1802 667 illa
1835 628 2046 669 cosmo-

484 711 640 782 pmite
687 707 890 762 ratione
934 704 1286 760 describenda
1336 722 1348 757 :
1405 719 1523 758 cum
1560 712 1736 759 tamen
1771 704 2047 773 prophetae

482 802 575 857 ino
600 799 927 870 posteriores
958 796 1270 865 angelorum
1314 794 1545 851 fecerint
1578 796 1922 857 mentionem,
1962 796 2045 848 di-

482 895 840 955 \‘inarnmque
866 898 1193 960 potestatum
1228 897 1279 941 et
1318 888 1603 957 spirituum
1631 896 1964 948 sanctorum,
1994 896 2046 940 et

483 984 577 1037 Dei
628 982 999 1036 ministrorum
1031 979 1518 1049 supercmlestium,
1566 981 1628 1034 de
1651 980 1845 1048 quibus
1868 980 2049 1033 docuit

482 1087 537 1129 et
587 1076 798 1130 locutus
844 1082 929 1129 est
963 1072 1170 1137 Daniel,
1207 1070 1375 1124 Millia
1422 1071 1645 1125 millium
1678 1072 2048 1125 ministrabant

482 1167 530 1220 ei
554 1176 600 1219 et
634 1166 802 1219 decies
830 1164 1019 1218 centies
1047 1171 1256 1216 centena
1283 1162 1450 1213 millia
1478 1162 1713 1215 astabant
1747 1163 1793 1215 ei
1821 1162 2047 1228 “.Quo-

486 1273 604 1311 rum
641 1270 823 1314 tamen
868 1256 1196 1312 mentionem
1243 1254 1460 1308 silentio
1499 1269 1718 1323 prorsus
1750 1254 1924 1309 Moses
1968 1255 2050 1308 in-

488 1350 756 1411 volvebat,
796 1364 918 1404 cum
951 1357 1130 1403 tamen
1166 1346 1254 1402 ille
1288 1361 1378 1400 eos
1405 1360 1509 1399 non
1544 1346 1836 1415 ignoraret,
1867 1357 2050 1411 utpote

488 1443 581 1514 qui
609 1450 855 1497 exactam
890 1453 1067 1494 rerum
1100 1439 1337 1492 omnium
1372 1438 1733 1507 cognitionem
1773 1439 1839 1493 ab
1872 1437 2049 1492 aﬂlatu

492 1533 661 1587 divini
694 1532 929 1602 Spiritus
957 1538 1263 1598 acceperat.
1288 1528 1401 1582 Non
1426 1538 1601 1582 tamen
1638 1529 1776 1582 inter
1800 1544 1883 1582 res
1900 1543 2051 1581 crea-

490 1630 575 1677 tas
624 1620 1003 1677 memorandas
1041 1633 1228 1674 eorum
1264 1618 1515 1672 meminit
1556 1634 1583 1670 a
1644 1618 1751 1673 Deo
1806 1618 2051 1672 condito-

490 1730 633 1770 rum.
690 1713 855 1782 Cujus
888 1712 964 1767 rei
1018 1726 1237 1767 causam
1268 1726 1373 1765 non
1408 1711 1566 1763 aliam
1618 1710 2009 1765 reddiderimus
2034 1749 2048 1771 ,

492 1817 651 1872 quam
681 1800 982 1857 Judteorum
1006 1801 1258 1856 duritiem
1304 1800 1502 1863 cordis,
1529 1800 1668 1870 quod
1701 1809 1755 1854 et
1782 1800 1893 1869 ipse
1921 1799 2051 1852 Ser-

2144 612 2314 665 ταῦτα
2357 611 2463 681 (98)
2507 609 2795 682 προφητῶν
2840 608 2900 663 ού
2935 610 3091 681 μόνον
3126 610 3386 679 ἀγγέλων
3421 626 3713 679 μνημονευ-

2148 703 2373 766 σάντων,
2400 702 2533 755 άλλά
2582 702 2674 755 καὶ
2720 700 2877 754 Θείων
2921 700 3223 772 δυνάμεων,
3271 700 3375 752 καὶ
3402 699 3716 770 πνευμάτων

2145 794 2333 862 άγὶων,
2364 794 2471 847 τῶν
2507 811 2567 847 τε
2595 792 2995 864 ὑπερουρανίων
3026 791 3156 844 Θεοῦ
3186 790 3534 861 λειτουργῶν
3552 808 3566 821 ·
3602 793 3718 861 περί

2151 881 2223 940 ὧν
2252 890 2279 941 ὁ
2307 886 2497 959 Δανιὴλ
2527 886 2790 939 διδάσκων
2823 884 2994 952 ἔλεγε,
3021 885 3215 938 Χίλιαι
3257 880 3538 951 χιλιάδες
3575 881 3716 934 ἐλει-

2147 981 2436 1047 τούργουν
2454 976 2631 1044 αὐτῷ,
2663 978 2759 1032 καὶ
2783 978 2988 1047 μυρίαι
3001 973 3293 1044 μυριάδες
3312 970 3717 1040 παρειστήκει-

2148 1084 2267 1122 σαν
2289 1070 2623 1138 ἔμπροσθεν
2650 1067 2854 1121 αὑτοῦ.
2904 1064 3059 1119 Ἀλλὰ
3096 1065 3203 1136 γὰρ
3236 1063 3457 1116 τούτων
3482 1062 3719 1115 ἁπάντων

2152 1162 2327 1229 σιωπῇ
2364 1159 2643 1230 παρέδωκε
2670 1160 2793 1221 τοὺς
2820 1158 3008 1226 λόγους
3035 1157 3261 1227 Μωσῆς,
3295 1156 3511 1225 καίπερ
3535 1154 3630 1207 οὐκ
3654 1152 3719 1205 ὣν

2149 1252 2325 1304 αὐτῶν
2352 1252 2408 1303 ὲν
2430 1251 2618 1322 ἀγνοίᾳ
2633 1268 2645 1280 ·
2680 1251 2891 1303 πάντων
2913 1249 2970 1302 δὲ
2989 1248 3083 1319 τὴν
3100 1248 3307 1320 ἀκριϐῆ
3325 1248 3534 1315 γνῶσιν
3551 1263 3721 1315 προει-

2148 1342 2332 1412 ληφὼς
2349 1341 2457 1413 (99)
2480 1341 2555 1413 τῷ
2572 1342 2698 1413 θείῳ
2716 1340 3011 1411 Πνεῦματι.
3037 1339 3181 1411 Πλὴν
3200 1336 3469 1409 οὐδαμῶς
3486 1337 3655 1389 αὐτῶν
3671 1338 3721 1388 ὲν

2148 1437 2213 1504 τῇ
2237 1434 2560 1504 κοσμοποιίᾳ
2574 1433 2648 1497 ὡς
2665 1433 2799 1507 πρὸς
2822 1431 2914 1485 τοῦ
2938 1431 3070 1485 Θεοῦ
3099 1430 3422 1502 γενομένων
3440 1430 3723 1498 ἐποιήσατο

2154 1526 2393 1596 μνήμην.
2412 1526 2520 1578 Καὶ
2538 1525 2723 1578 τούτου
2740 1526 2837 1596 τὴν
2853 1524 3028 1579 αἰτίαν
3049 1525 3155 1579 οὐδ’
3173 1524 3263 1577 ὲτέ
3273 1540 3377 1594 ραν
3397 1522 3539 1576 εἴποι
3554 1522 3615 1575 ἄν
3630 1537 3720 1581 τις.

2150 1615 2182 1686 ἥ
2213 1617 2311 1686 τὴν
2340 1615 2766 1687 σκληροκαρδίαν
2785 1614 2878 1668 τοῦ
2904 1614 3032 1668 λαοῦ
3062 1612 3423 1685 γεγενῆσθαι.
3444 1612 3628 1682 ὥσπερ
3644 1608 3722 1663 οὗ»

2152 1705 2311 1768 αὐτὸς
2332 1704 2564 1770 ἐδίδαξεν
2590 1707 2617 1758 ὁ
2643 1704 2851 1776 Σωτήρ.
2876 1705 2982 1758 Καὶ
3005 1704 3135 1758 ἄλλα
3150 1705 3205 1757 δὲ
3225 1703 3402 1775 μυρία
3425 1697 3561 1755 εἶναι
3590 1704 3642 1753 ἐν
3664 1703 3721 1771 τῇ

2153 1797 2243 1851 τοῦ
2274 1798 2473 1861 παντὸς
2505 1799 2755 1851 συστάσει
2774 1797 2959 1869 μάθοις
2975 1796 3038 1850 ἂν
3055 1797 3118 1849 ὲκ
3137 1794 3247 1848 τῶν
3270 1794 3376 1864 τῆς
3392 1793 3598 1862 Καινῆς
3612 1793 3721 1843 Δια-

491 1897 648 1943 vator
666 1888 866 1944 docuit.
895 1888 999 1943 Sed
1026 1898 1079 1944 et
1122 1887 1226 1941 alia
1260 1896 1513 1941 sexcenta
1550 1888 1601 1940 in
1635 1902 1814 1941 rerum
1839 1896 2051 1941 exstare

2160 1887 2330 1960 θήκης
2352 1889 2808 1960 ἀναγνωσμάτων,
2831 1888 2936 1941 οὐδ’
2954 1887 3088 1951 ὅλως
3118 1890 3174 1941 ἐν
3204 1888 3275 1957 τῇ
3308 1884 3555 1947 Μωσέως
3576 1884 3721 1954 φερό-

492 1981 847 2037 lniversitate
881 1980 1058 2035 discas
1090 1993 1184 2049 per
1205 1977 1335 2033 Novi
1375 1978 1712 2033 Testamenti
1744 1979 2049 2045 lectionem,

496 2085 614 2139 qua;
646 2087 908 2141 nusquam
931 2070 984 2124 in
1014 2070 1235 2125 historia
1259 2068 1424 2124 Mosis
1446 2079 1777 2138 comparent.
1802 2069 1915 2122 Non
1944 2084 2055 2124 ne.

496 2161 653 2215 minit
701 2161 1099 2231 principatuum
1126 2200 1141 2224 ,
1184 2174 1286 2213 non
1321 2168 1649 2229 potestatum
1676 2199 1692 2223 ,
1730 2174 1831 2213 non
1866 2160 2051 2213 mundi

497 2251 883 2306 dominantium
912 2291 927 2314 ,
978 2266 1085 2305 non
1127 2252 1409 2320 spirituum
1441 2251 1734 2320 iniquitatis
1756 2292 1771 2316 ,
1796 2253 2055 2308 adversus

496 2358 630 2411 quos
661 2342 799 2396 lucta
853 2343 1006 2396 nobis
1049 2343 1363 2407 intercedit,
1408 2352 1467 2397 ut
1514 2344 1725 2398 divinus
1765 2344 2053 2414 Apostolus

497 2432 753 2501 loquitur.
801 2430 938 2497 Quid
967 2447 1095 2501 ergo
1123 2431 1289 2487 refert
1312 2471 1327 2493 ,
1362 2432 1405 2486 si
1451 2447 1625 2501 neque
1653 2435 1791 2501 apud
1831 2432 2052 2496 Mosem,

500 2537 599 2576 nec
635 2522 923 2592 prophetas
972 2522 1206 2593 reliquos
1259 2524 1503 2577 invenire
1542 2538 1821 2593 possemus
1860 2526 2052 2580 horum

502 2615 759 2679 rationes,
791 2631 915 2669 num
971 2615 1105 2670 tides
1140 2617 1395 2684 Apostoio
1426 2617 1791 2671 detrahenda?
1818 2628 1909 2672 aut
1935 2634 2053 2671 Clllll

500 2702 803 2759 meminerit
860 2704 948 2758 ille
1001 2704 1191 2757 horum
1235 2704 1482 2759 ordinum
1521 2704 1847 2760 excellenter
1877 2720 2057 2775 supre-

501 2807 731 2858 morum;
766 2791 853 2846 ubi
887 2790 994 2856 ait,
1028 2789 1302 2846 Christum
1333 2806 1361 2844 a
1397 2790 1602 2844 dextris
1631 2789 1724 2844 Dei
1778 2790 2058 2847 considere

500 2898 661 2951 super
686 2899 901 2938 omnem
934 2883 1316 2954 principatum,
1352 2894 1399 2936 el
1428 2892 1769 2953 potestatem,
1812 2891 1866 2937 et
1888 2883 2059 2937 virtu-

502 2984 629 3039 tem,
653 2984 707 3029 et
739 2976 1177 3038 dominationem,
1216 2981 1269 3028 et
1303 2989 1465 3028 omne
1494 2989 1687 3027 nomen
1720 2974 1858 3042 quod
1884 2974 2059 3028 nomi-

501 3076 680 3129 natur,
715 3065 829 3119 sive
860 3066 909 3118 in
942 3066 1044 3120 hoc
1075 3063 1271 3119 saeculo
1299 3076 1389 3119 seu
1422 3064 1473 3117 in
1521 3065 1696 3117 futuro
1721 3064 1800 3130 81;
1845 3074 1897 3118 et
1933 3064 2059 3119 alibi

502 3171 623 3208 cum
649 3154 886 3210 nominet
928 3155 1068 3210 idem
1116 3154 1363 3215 thronos,
1383 3152 1802 3218 dominationes,
1832 3161 1886 3207 et
1915 3152 2061 3220 priu-

2160 1996 2291 2048 μενα
2306 1979 2489 2050 Γραφῇ
2634 1979 2731 2032 οὐκ
2752 1975 2842 2032 οῦν
2866 1978 3269 2049 ἐμνημόνευσεν
3291 1975 3504 2047 ἀρχῶν,
3526 1975 3628 2026 οὐδ’
3648 1975 3723 2039 ἐξ·

2155 2071 2371 2134 ουσιῶν,
2395 2072 2511 2124 οὐδὲ
2544 2071 3019 2144 κοσμοκρατόρων,
3055 2070 3174 2123 οὐδὲ
3206 2066 3600 2138 πνευματικῶν
3634 2066 3721 2134 τῆς

2159 2162 2439 2234 πονηρίας,
2466 2163 2599 2236 πρὸς
2622 2164 2657 2216 ἃ
2677 2163 2774 2233 τὴν
2802 2162 2979 2232 πάλην
3008 2162 3136 2233 ημῖν
3160 2160 3488 2213 συνεστάναι
3522 2157 3675 2229 φησὶν
3696 2159 3722 2209 ό

2159 2251 2297 2317 θεῖος
2313 2252 2649 2316 Ἀπόστολος.
2669 2252 2733 2305 Ti
2748 2248 2861 2316 οῦν,
2890 2251 3011 2304 ἐπεὶ
3036 2251 3169 2322 μήτε
3194 2249 3349 2322 παρὰ
3370 2250 3577 2311 Μωσεῖ,
3598 2248 3718 2318 μήτε

2159 2342 2309 2413 παρά
2330 2345 2440 2407 τοῖς
2467 2343 2670 2407 λοιποῖς
2698 2342 2999 2415 προφήταις
3027 2339 3208 2409 σαφῶς
3239 2342 3393 2395 ἐστιν
3417 2340 3591 2410 εὑρεῖν
3610 2337 3721 2397 τοὺς

2159 2435 2286 2506 περ)⁸
2312 2433 2514 2489 τούτων
2542 2434 2752 2503 λόγους,
2776 2432 3101 2504 ἀπιστητέον
3126 2415 3658 2504 (2)·τᾷᾌποστόλῳ;
3690 2425 3717 2496 ἦ

2158 2524 2377 2577 ἐπειδάν
2409 2522 2502 2577 τοῦ
2536 2524 2645 2577 τῶν
2666 2523 2989 2593 κρειττόνων
3014 2523 3294 2592 τάγματος
3334 2522 3363 2573 ὁ
3393 2519 3550 2582 αὐτὸς
3576 2516 3718 2569 πάλιν

2162 2615 2474 2688 μνημονεύῃ
2526 2615 2697 2685 λέγων
2748 2615 2839 2668 τὸν
2888 2612 3119 2686 Χριστὸν
3171 2615 3228 2667 ὲν
3272 2611 3426 2683 δεξιᾷ
3466 2610 3557 2665 τοῦ
3600 2606 3718 2662 Θεοῦ

2159 2706 2501 2771 καθέζεσθαι,
2529 2707 2783 2777 ὑπεράνω
2808 2706 2985 2777 πάσης
3012 2706 3203 2777 ἀρχῆς,
3231 2704 3330 2757 καὶ
3354 2702 3613 2767 ἐξουσίας,
3637 2698 3719 2751 καὶ

2159 2796 2457 2866 δυνάμεως,
2489 2796 2581 2849 καὶ
2610 2795 2946 2867 κυριότητος,
2980 2794 3072 2848 καὶ
3102 2793 3305 2857 παντὸς
3335 2792 3591 2863 ὀνόματος
3614 2788 3719 2840 ὀνο·

2166 2887 2490 2961 μαζομένου,
2522 2887 2580 2939 ού
2609 2886 2766 2956 μόνον
2787 2887 2843 2939 ὲν
2868 2885 2944 2956 τῷ
2976 2884 3130 2938 αἰῶνι
3172 2884 3368 2954 τούτῳ,
3394 2881 3527 2936 άλλά
3561 2880 3646 2933 καὶ
3666 2878 3715 2928 ὲν

2161 2979 2237 3050 τῷ
2280 2977 2552 3048 μέλλοντι·
2599 2977 2693 3029 καὶ
2736 2972 2909 3040 αὖθις,
2964 2975 3181 3029 ἐπειδὰν
3209 2971 3458 3045 ὀνομάζῃ
3495 2969 3715 3042 θρόνους.

2163 3070 2257 3124 καὶ
2295 3069 2640 3140 κυριότητας,
2691 3068 2785 3120 καὶ
2831 3066 3024 3137 ἀρχὰς,
3086 3065 3178 3120 καλ⁸
3210 3064 3483 3130 ἐξουσίας,
3531 3060 3711 3126 λέγων·

2174 3161 2270 3212 Ἐν
2294 3158 2452 3224 αὑτῷ
2486 3158 2594 3227 γὰρ
2632 3158 2878 3225 ἐκτίσθη
2914 3157 2986 3211 τὰ
3030 3155 3247 3219 πάντα,
3281 3154 3350 3209 τὰ
3378 3153 3448 3206 ἐν
3483 3150 3598 3215 τοῖς
3628 3148 3716 3200 ov-

501 3244 731 3313 eipatus,
751 3252 806 3298 et
834 3253 1154 3313 potestates,
1180 3242 1265 3297 ubi
1306 3242 1382 3296 ait
1413 3260 1425 3296 :
1465 3240 1531 3295 In
1560 3242 1672 3310 ipso
1695 3242 1829 3294 enim
1854 3241 2057 3295 condita

2160 3250 2364 3319 ρανοῖς
2383 3250 2478 3303 καὶ
2505 3251 2576 3303 τὰ
2606 3250 2703 3303 ἐπὶ
2736 3248 2843 3318 τῆς
2867 3249 2999 3319 γῆς,
3030 3248 3101 3302 τὰ
3122 3248 3309 3317 ὁρατὰ
3340 3245 3438 3300 καὶ
3470 3244 3536 3297 τὰ
3563 3241 3717 3307 ἀόρα-

499 3344 621 3389 sunt
649 3335 911 3398 universa,
951 3344 1058 3387 tam
1089 3351 1205 3404 qum
1231 3337 1283 3387 in
1309 3332 1450 3387 caelis
1480 3342 1623 3397 sunt,
1642 3349 1798 3401 quam
1829 3348 1946 3401 qua:
1974 3348 2065 3385 su-

501 3442 595 3492 per
641 3435 857 3491 terram,
890 3426 1113 3481 visibilia
1148 3436 1195 3479 et
1233 3424 1540 3491 invisibilia,
1576 3426 1679 3479 sive
1712 3428 1925 3486 throni,
1962 3429 2067 3476 sive

502 3514 904 3580 dominationes,
938 3532 1025 3568 seu
1048 3515 1394 3583 principatus,
1418 3532 1510 3568 seu
1534 3525 1814 3583 potestates
1846 3515 1910 3568 ³⁸.
1930 3512 2063 3566 Num

504 3623 609 3661 non
644 3624 743 3678 par
775 3617 858 3663 est
881 3619 937 3661 ut
969 3607 1316 3660 admittamus
1347 3607 1473 3668 ista,
1517 3608 1726 3662 etiamsi
1757 3607 1933 3662 Moses
1960 3620 2064 3659 non

505 3697 710 3759 iecerit,
744 3714 841 3753 nec
871 3698 1249 3767 prophetarum
1292 3697 1433 3753 ullus
1472 3698 1632 3751 ullam
1665 3698 1731 3752 de
1774 3700 1891 3754 istis
1920 3715 2068 3754 men-

508 3789 753 3845 tionem?
795 3789 953 3844 Certe
994 3789 1132 3843 idem
1182 3788 1270 3842 hic
1321 3790 1685 3857 usurpandum
1742 3789 1895 3845 nobis
1943 3801 2064 3856 est,

506 3877 647 3945 quod
680 3877 801 3932 duri
847 3877 1056 3932 cervice
1100 3887 1154 3933 et
1208 3877 1372 3933 corde
1426 3878 1787 3932 incircumcisi
1822 3890 1981 3948 atque
2022 3881 2066 3935 si

503 3969 728 4024 auribus
769 3970 1077 4039 neutiquam
1119 3970 1235 4026 istis
1266 3969 1425 4024 ﬁdem
1461 3968 1850 4036 adhibuissent,
1874 3972 2067 4040 quibus

505 4060 627 4115 ideo
661 4060 792 4115 nihil
817 4061 882 4115 de
925 4076 1154 4130 superna
1180 4060 1271 4115 illa
1305 4060 1610 4116 Jerusalem
1651 4066 1710 4124 >1<
1747 4062 1911 4115 divini
1941 4077 2067 4130 pro-

505 4151 682 4222 phetae
716 4151 1024 4207 revelarnnt
1055 4168 1212 4207 :cum
1239 4152 1289 4206 in
1323 4151 1560 4206 Ecclesia
1590 4151 1815 4218 Christi,
1843 4151 2069 4205 manife-

506 4251 589 4296 ste
633 4243 946 4309 pronuntiat
975 4240 1042 4296 de
1072 4242 1159 4295 illa
1210 4240 1431 4304 Paulus,
1466 4240 1763 4295 Jerusalem
1811 4255 1930 4294 vero
1955 4256 2070 4311 qua:

510 4350 713 4387 sursum
742 4345 818 4388 cst
863 4335 1049 4397 libera,
1085 4344 1159 4389 est
1196 4342 1363 4386 mater
1401 4345 1579 4386 nostra
1612 4332 1657 4365 ⁸⁸
1682 4349 1701 4397 ;
1731 4342 1783 4386 et
1822 4350 1835 4385 :
1870 4333 2071 4401 Appro-

482 4423 793 4495 epinquastis
819 4427 887 4478 ad
915 4425 1044 4480 Sion
1071 4436 1315 4490 montem,
1347 4436 1394 4477 et
1426 4425 1687 4477 civitatem
1714 4422 1808 4476 Dei
1837 4424 1936 4477 vivi
1975 4422 2071 4477 Je—

2162 3359 2253 3407 τα,
2282 3343 2401 3396 εἴτε
2425 3343 2643 3410 θρόνοι,
2679 3341 2798 3394 εἴτε
2837 3341 3200 3409 κυριότητες,
3234 3339 3359 3392 εἴτε
3394 3334 3585 3405 ἀρχαὶ,
3612 3330 3718 3384 εἴτε

2162 3434 2455 3498 ἐξουσίαι,
2489 3429 2577 3505 ἄρ’
2602 3434 2663 3486 οὑ
2703 3434 2965 3505 προσήκει
3008 3433 3180 3488 ταῦτα
3218 3426 3609 3503 παραδέχεσθαι
3639 3418 3714 3473 διὰ

2162 3526 2223 3578 τὸ
2266 3526 2401 3596 μήτε
2432 3524 2653 3589 Μωσέα,
2694 3526 2829 3597 μήτε
2857 3526 2983 3588 τοὺς
3023 3524 3243 3588 λοιποὺς
3279 3521 3575 3594 προφήτας,
3606 3511 3716 3583 περὶ

2162 3615 2365 3669 τούτων
2398 3615 2822 3687 προειληφέναις
2864 3615 2897 3688 ἢ
2933 3616 3126 3670 ταύτὸν
3152 3614 3247 3668 καὶ
3273 3615 3403 3686 περί
3435 3611 3509 3680 (5)
3537 3606 3716 3661 τούτων

2164 3703 2417 3776 ἐροῦμεν,
2463 3703 2538 3768 ὼς
2581 3702 2679 3773 οὐχ
2716 3697 2816 3756 οἷοί
2847 3721 2908 3756 τε
2935 3700 3074 3775 ἦσαν
3102 3704 3226 3767 τοὺς
3254 3703 3385 3774 περί
3414 3699 3606 3754 τούτων
3637 3710 3715 3746 πι-

2167 3794 2453 3848 στεύεσθαι
2494 3794 2685 3862 λόγους
2715 3795 2763 3847 οἱ
2797 3794 3258 3865 σκληροτράχηλοι
3308 3793 3404 3847 καὶ
3430 3787 3715 3859 ἀπερίτμη-

2164 3901 2245 3937 τοι
2273 3886 2337 3954 τῇ
2364 3882 2559 3955 καρδία
2585 3882 2812 3944 καὶτοῖς
2836 3882 2988 3946 ὠσὶν,
3023 3900 3040 3933 ι
3079 3876 3159 3945 οἷς
3190 3881 3313 3935 οὐδὲ
3343 3878 3470 3950 περὶ
3508 3876 3597 3944 τῆς
3621 3871 3715 3923 ἀνω

2178 3975 2527 4048 Ἰερουσαλὴμ
2557 3995 2575 4027 ι
2612 3975 2981 4029 ἀνεκάλυπτον
3031 3975 3078 4027 οἰ
3118 3972 3211 4026 τοῦ
3248 3971 3387 4026 Θεοῦ
3443 3966 3712 4040 προφῆται,

2172 4065 2359 4138 ὥσπερ
2378 4062 2469 4118 οῦν
2500 4067 2563 4136 τῇ
2600 4065 2893 4135 Ἐκκλησία
2923 4063 3159 4134 Χριστοῦ
3191 4062 3469 4132 διασαφῶν
3492 4058 3581 4111 καὶ
3606 4054 3715 4113 τοὺς

2168 4159 2293 4230 περὶ
2320 4157 2523 4229 ταύτης
2542 4158 2729 4227 λόγους
2752 4160 2780 4211 ὁ
2802 4156 3011 4220 Παῦλος
3038 4157 3186 4220 ἐϐόα,
3206 4156 3402 4226 λέγων,
3443 4154 3512 4206 Ἠ
3530 4148 3591 4203 δὲ
3609 4146 3714 4199 ἄνω

2178 4250 2571 4320 Ἰερουσαλὴμ
2619 4248 2903 4319 ἐλευθέρα
2953 4249 3142 4314 ἐστὶν,
3193 4249 3328 4318 ἥτις
3374 4245 3503 4300 ἐστὶ
3539 4240 3712 4313 μήτηρ

2166 4339 2359 4408 ἡμῶν·
2409 4340 2520 4403 καὶ,
2545 4339 3041 4408 Προσεληλύθατε
3079 4340 3231 4392 Σιὼν
3270 4338 3410 4408 ὄρει,
3441 4333 3535 4388 καὶ
3562 4329 3712 4382 πόλει

2171 4432 2316 4486 Θεοῦ
2333 4429 2539 4496 Hormi;
2566 4430 2949 4500 Ἰερουσαλὴμ
2964 4430 3315 4498 ἐπουρανίῳ,
3345 4427 3441 4483 καὶ
3455 4421 3712 4496 μῳιάσιν

508 4515 734 4568 rusalem
766 4516 1037 4580 caelestem,
1073 4525 1120 4569 et
1150 4514 1533 4568 multitudinem
1561 4514 1885 4583 angelorum,
1909 4523 1960 4567 et
1982 4531 2057 4582 pa-

2167 4522 2437 4594 ἀγγέλων
2500 4524 2853 4591 πανηγύρει,
2894 4521 2993 4574 καὶ
3051 4522 3379 4589 Ἐκκλησία
3404 4520 3476 4589 (ι)
3514 4527 3711 4606 πρωτο-

508 4604 739 4672 negyrim
776 4614 822 4657 et
864 4604 1153 4658 Ecclesium
1198 4604 1664 4674 primogenitorum
1701 4604 1790 4673 qui
1825 4604 2057 4673 descripta

2169 4617 2360 4669 τόκων
2382 4611 2918 4682 ἀπογεγραμμένων
2940 4611 3011 4665 ἐν
3032 4612 3327 4679 οὐρανοῖς.
3352 4609 3562 4677 Λεγέτω
3592 4598 3710 4670 πρὸς

511 4706 634 4747 sunt
677 4696 731 4749 in
762 4696 900 4749 cretis
918 4696 983 4749 ‘°.
1014 4696 1110 4751 ilic
1140 4711 1267 4751 vero
1298 4694 1454 4749 nobis
1487 4695 1631 4749 dicat
1653 4696 1809 4749 velim
1844 4695 2071 4750 Marcel-

2170 4705 2343 4760 ταῦτα
2368 4703 2705 4775 Μάρκελλος,
2748 4703 2796 4755 εἰ
2829 4698 2941 4765 οἷός
2973 4719 3034 4755 τε
3072 4703 3221 4755 ἐστὶν
3272 4706 3335 4755 ὲκ
3361 4699 3469 4753 τῶν
3496 4687 3710 4747 παλαιῶν

518 4786 633 4852 lus,
666 4788 709 4841 si
744 4788 811 4842 de
847 4789 1071 4842 vetustis
1104 4786 1400 4857 Seripturis
1436 4785 1680 4854 proferre
1724 4787 1879 4841 nobis
1906 4788 2047 4857 possi

2174 4795 2518 4869 γραμμάτων
2568 4794 2666 4864 τὴν
2708 4792 2911 4845 τούτων
2951 4793 3243 4864 προφέρειν
3284 4786 3623 4846 διδασκαλίαν.
3656 4777 3708 4830 Εἰ

519 4878 819 4934 doctrinam
866 4880 932 4934 de
964 4880 1081 4935 istis
1110 4897 1124 4933 :
1161 4880 1243 4934 sin
1270 4878 1471 4933 nullam
1500 4878 1739 4934 inveniat
1785 4881 2069 4945 rationem,

519 4980 635 5027 tum
679 4982 963 5041 expromat
991 4986 1087 5025 cur
1138 4980 1192 5025 et
1220 4972 1362 5035 ista,
1392 4979 1446 5026 et
1474 4970 1582 5025 alia
1635 4985 1795 5039 quam
1844 4971 2071 5041 plurima

515 5068 603 5125 his
653 5066 933 5137 congenita
972 5065 1488 5120 abscondehantura
1515 5063 1786 5132 prophetis
1808 5102 1823 5127 ,
1857 5064 1922 5119 de
1954 5065 2073 5132 qui-

511 5163 614 5217 bus
648 5170 826 5213 nostra
882 5159 1004 5212 vice
1049 5159 1213 5212 Deum
1264 5156 1654 5225 deprecabatur
1694 5156 2071 5211 sanctissimus

508 5252 816 5324 Apostolus,
843 5258 900 5303 ut
923 5249 1191 5320 possimus
1215 5248 1646 5319 comprehendere
1676 5264 1793 5301 cum
1829 5249 2069 5302 omnibus

2172 4889 2229 4941 δὲ
2261 4888 2339 4958 (5)
2371 4887 2445 4958 μὴ
2475 4885 2740 4959 εὑρίσκοι,
2791 4884 2887 4955 τὴν
2923 4884 3100 4937 αἰτίαν
3144 4883 3453 4942 ἀποδιδότω,
3473 4878 3533 4930 δι’
3558 4874 3615 4944 ῆν
3642 4883 3711 4959 σεο

2173 4979 2413 5051 σιώπητο
2435 4981 2546 5041 τοῖς
2569 4976 2662 5030 τοῦ
2686 4977 2820 5030 Θεοῦ
2854 4978 3156 5048 προφήταις
3175 4975 3344 5028 ταῦτά
3366 4990 3423 5025 τε
3444 4957 3706 5051 πάνταῗκαὶ

2169 5068 2303 5122 ἄλλα
2317 5067 2525 5130 τούτοις
2538 5066 2739 5135 ἀδελφά
2758 5084 2828 5136 μυ
2838 5065 2943 5137 pia,
2961 5083 3027 5118 πε
3035 5068 3086 5136 pi.
3100 5059 3175 5117 ὧν
3187 5066 3214 5116 ό
3228 5063 3388 5125 αὐτὸς
3402 5050 3705 5113 ’Δπόστολοςο

2172 5160 2310 5232 ὑπὲρ
2327 5162 2359 5230 η
2370 5159 2484 5230 μῶν
2499 5159 2667 5212 ἐδεῖτο
2680 5158 2774 5211 τοῦ
2811 5158 2968 5221 Θεοῦ,
2993 5159 3092 5212 ἵνα
3119 5158 3523 5226 ἐξισχύσωμεν
3545 5154 3701 5232 καταο

2169 5252 2457 5307 λαϐέσθαι
2473 5252 2594 5305 σὺν
2608 5250 2757 5305 πᾶσι
2773 5252 2895 5317 τοῖς
2908 5251 3116 5320 ἁγίοις,
3135 5253 3191 5305 τί
3205 5250 3270 5305 τὸ
3285 5247 3503 5307 πλάτος
3516 5240 3599 5295 mi
3610 5231 3701 5305 1117'

590 5403 652 5463 ὦ
684 5400 781 5455 Ed.
805 5402 999 5463 Paris...
1029 5400 1274 5461 9:12.136.
1352 5400 1396 5433 ³⁸
1424 5403 1758 5472 Dan.vn,10.
1792 5447 1806 5460 .
1838 5410 1881 5443 ³¹¹
1911 5410 2107 5483 Ephes.
2142 5430 2181 5475 ι.
2210 5414 2299 5477 20,
2335 5414 2422 5468 2|.
2499 5411 2544 5443 ³⁸
2565 5410 2775 5467 Coloss.
2802 5409 2947 5478 “16.
3023 5409 3065 5444 ”
3098 5408 3215 5469 Gal.
3245 5426 3317 5477 iv,
3348 5407 3434 5462 26.
3504 5390 3697 5446 “"31"-

595 5498 697 5555 ιιι,
729 5486 823 5553 22,
868 5485 960 5541 25.

593 5629 682 5695 98)
704 5630 809 5699 Mp.
842 5632 1051 5690 τοῦτον.

594 5700 1270 5776 99λνυ1εο-παρειληφώς,
1297 5714 1352 5759 at
1374 5705 1445 5762 cl.
1475 5705 1609 5761 infra
1635 5705 1677 5761 C
1703 5706 1846 5776 med.

568 5770 646 5840 (ί)
668 5770 1218 5848 ἺΦερρὶιένῃΤραρῇ.
1249 5777 1398 5831 Εεειει
1424 5776 1694 5848 φερόμενα
1728 5775 1830 5848 [sic
1853 5772 2056 5848 cod_d_.],

484 5851 587 5895 aut
618 5842 951 5911 φερομένων,
978 5854 1034 5897 ut
1075 5842 1335 5901 referatur
1366 5842 1921 5919 διϊὰναγνωσμάτων.
1944 5843 2013 5898 Μ.

2258 5637 2312 5705 2)
2343 5636 2514 5707 Vulgo
2540 5636 2913 5702 ἀπιστευτέον,
2938 5645 2991 5691 et
3019 5636 3157 5707 infra
3191 5631 3457 5705 ὀνομάζει.

2256 5707 2309 5773 5)
2342 5706 2513 5778 Χωςο
2547 5708 2578 5778 ἢ
2609 5708 2734 5778 περί
2765 5722 2906 5763 corr.
2927 5706 3037 5775 jam
3066 5706 3169 5776 Mp.

2242 5776 2318 5844 (Δ)
2341 5776 2509 5846 Vulgo
2542 5776 2648 5829 τῶν
2682 5776 2778 5846 πρ.

2238 5848 2313 5919 (5)
2336 5846 2501 5918 Vulgo
2523 5846 2606 5918 δή,
2638 5856 2686 5903 ct
2713 5847 2870 5912 infra,
2908 5846 3092 5918 μύρια.
