3970 6518
221 416 322 477 953

1134 421 1222 478 DE
1259 424 1795 481 ECCLESIASTICA
1843 427 2231 485 TllEOLOGIA
2272 430 2400 487 LIB.
2437 432 2500 487 ll.

3347 432 3452 489 954

218 556 320 604 κος
337 538 432 593 καὶ
444 538 636 605 ,Βάθος
651 538 747 594 καὶ
763 540 936 609 ὕψος,
956 539 1174 611 γνῶναί
1190 559 1250 597 τε
1266 543 1376 611 τὴν
1390 544 1779 613 ὐπερϐάλλου·

1894 548 2110 613 snnctis,
2135 566 2252 619 qum
2273 559 2401 603 esset
2431 548 2671 612 latitudo,
2712 548 3002 619 longitudo,
3039 552 3371 621 profunditas
3400 557 3451 605 et

217 648 337 687 σαν
364 629 474 698 τῆς
502 632 775 700 γνώσεως
807 632 1044 702 ἀγάπην
1076 634 1181 688 τοῦ
1204 636 1371 691 Θεοῦ.
1406 638 1515 691 Καὶ
1549 638 1708 701 αὐτὸς
1728 637 1784 690 δὲ

217 724 410 797 Σωτὴρ
433 724 590 796 ἡμῶν
633 724 854 778 πλεῖστα
895 726 994 778 ὅσα
1031 729 1303 798 μυστήρια
1336 730 1461 800 περὶ
1498 729 1596 798 τῆς
1628 729 1787 799 βασι-

214 816 363 880 λείας
383 818 492 870 τῶν
518 817 790 888 οὐρανῶν,
832 818 958 889 περί
994 836 1051 871 τε
1077 820 1175 889 τῆς
1210 822 1516 885 συντελείας
1534 823 1627 875 τοῦ
1654 840 1787 876 παν-

213 906 326 973 τὸς,
361 910 487 979 περί
518 926 577 962 τε
606 910 712 962 τῶν
746 909 1103 979 ἐπαγγελιῶν,
1145 911 1274 964 ποτὲ
1309 913 1405 983 μὲν
1430 913 1514 965 διὰ
1544 913 1786 984 παραϐο-

212 999 341 1063 λῶν,
384 1000 515 1053 ποτὲ
546 1000 601 1053 δὲ
633 1001 727 1054 καὶ
764 1002 820 1053 ὲν
854 1002 1180 1074 ἀπορρήτοις
1207 1003 1450 1073 ἐξέφαινε
1480 1008 1589 1069 τοῖς
1620 1004 1783 1059 αὐτοῦ

217 1089 510 1161 μαθηταῖς,
548 1093 683 1163 πρὸς
722 1092 813 1156 οὓς
841 1093 1042 1162 ἔλεγεν,
1086 1094 1252 1163 Ὑμῖν
1299 1094 1531 1150 δέδοται
1568 1096 1783 1165 γνῶναι

211 1180 287 1233 τὰ
306 1181 613 1252 μυστήρια
643 1184 748 1238 τοῦ
785 1184 953 1250 Θεοῦ,
988 1180 1062 1239 ὧν
1087 1188 1187 1241 οὐκ
1214 1187 1281 1243 ἂν
1314 1188 1460 1262 εὖροι
1482 1206 1566 1252 τις
1600 1187 1669 1241 τά
1691 1185 1786 1241 ἶσα

212 1276 370 1347 παρά
389 1277 592 1342 Μωσεῖ,
618 1278 651 1349 ἢ
678 1278 825 1349 παρὰ
845 1281 955 1342 τοῖς
982 1279 1184 1344 λοιποῖς
1219 1282 1539 1354 προφήταις.
1576 1278 1783 1347 Τίοῦνς

212 1368 336 1420 ἐπεὶ
373 1368 446 1440 μὴ
484 1369 561 1439 τῷ
598 1369 862 1423 Ἰουδαίων
891 1370 1002 1441 λαῷ
1032 1372 1300 1443 παρεδόθη
1327 1372 1519 1437 ταῦτα,
1555 1375 1634 1436 είς
1662 1376 1785 1425 ἐπι-

208 1459 423 1527 τήδειον
467 1461 654 1533 καιρὸν
682 1462 1053 1534 φυλαττόμενα
1086 1466 1150 1535 τῇ
1198 1464 1492 1537 Ἐκκλησία
1522 1464 1782 1537 Χριστοῦ,

208 1550 365 1621 παρά
400 1551 561 1605 τοῦτο
613 1554 747 1624 χρῆν
784 1554 926 1623 ὑμᾶς
960 1554 1057 1626 τὴν
1094 1556 1431 1627 δωρηθείσαν
1464 1558 1594 1627 ἡμῖν
1628 1556 1786 1628 χάριν

206 1641 452 1707 ἀΘετεῖν;
501 1642 534 1713 ἢ
579 1643 836 1711 μειζόνως
872 1644 1211 1716 εὐχαριστεῖν
1264 1645 1342 1716 τῷ
1375 1646 1476 1716 τῆς
1520 1646 1789 1717 τοσαύτης

1885 638 2115 691 altitudo
2136 678 2151 702 ,
2182 648 2229 692 et
2254 653 2561 707 cognoscere
2586 639 2911 693 excedentem
2942 642 3088 695 illam
3119 643 3447 697 dilectionem

1886 727 2193 797 cognitionis
2223 726 2317 780 Dei
2346 728 2411 778 ⁸¹.
2440 727 2545 780 Sed
2598 737 2652 783 et
2706 728 2930 796 ipsemet
2974 729 3234 787 Servator
3269 742 3451 789 noster

1885 818 2036 887 plura
2084 817 2334 888 mysteria
2369 819 2436 873 de
2468 836 2633 892 regno
2674 824 2931 878 cmlorum
2963 870 2978 893 ,
3011 826 3077 881 de
3108 840 3448 881 consumma-

1888 911 2033 966 tione
2060 910 2277 977 mundi,
2309 915 2374 969 de
2403 914 2852 984 promissionibus
2877 958 2892 983 ,
2922 936 3063 975 nunc
3098 936 3193 990 per
3220 919 3446 990 parabo-

1887 1002 1986 1065 las,
2018 1019 2157 1057 nunc
2185 1004 2417 1061 latenter
2456 1016 2511 1061 et
2551 1009 2763 1065 occulte
2803 1013 3014 1078 extulit,
3077 1022 3131 1067 et
3169 1012 3448 1081 discipulis

1887 1094 2170 1162 intimavit,
2205 1096 2494 1165 inquiens:
2531 1098 2683 1153 Vobis
2716 1102 2893 1157 datum
2921 1114 2994 1158 est
3029 1120 3177 1157 nosse
3207 1104 3448 1173 mysteria

1887 1186 1985 1241 Dei
2026 1187 2101 1253 ⁸¹,
2143 1189 2339 1260 quibus
2390 1193 2639 1261 supparia
2689 1210 2794 1248 non
2857 1195 3093 1249 inveniet
3140 1197 3259 1266 quis
3308 1196 3449 1263 apud

1887 1277 2090 1334 Mosem
2116 1320 2132 1345 ,
2173 1290 2266 1335 aut
2299 1282 2535 1352 reliquos
2584 1286 2896 1356 prophetas.
2928 1286 3067 1354 Quid
3098 1288 3270 1356 ergo?
3315 1287 3448 1341 Cum

1887 1386 1992 1426 non
2021 1386 2343 1430 concessum
2381 1375 2543 1431 fuerit
2569 1376 2879 1432 Iudaeorum
2922 1378 3119 1449 populo
3152 1378 3249 1432 ista
3276 1378 3452 1447 percio

1886 1477 2056 1532 pere,
2109 1464 2201 1518 sed
2251 1466 2304 1518 in
2358 1476 2567 1536 tempus
2616 1480 2977 1540 opportunum
3033 1470 3450 1525 reservabantur

1886 1554 2085 1612 Christi
2132 1555 2384 1612 Ecclesia:
2433 1559 2800 1628 patefacienda
2839 1578 2855 1627 ;
2913 1562 3033 1617 ideo
3084 1577 3185 1617 nos
3237 1570 3452 1631 oportet

1886 1660 2199 1701 concessam
2232 1648 2387 1703 nobis
2422 1651 2650 1718 gratiam
2691 1651 3001 1723 negligere?
3034 1651 3146 1707 lmo
3174 1667 3302 1706 vero
3340 1668 3453 1704 ma-

207 1739 361 1810 ἡμᾶς
380 1735 775 1800 καταξιώσαντι
802 1734 1052 1804 γνώσεως
1079 1738 1184 1807 (6);
1216 1738 1372 1792 Κατά
1401 1738 1491 1792 τὸν
1515 1740 1674 1793 αὑτὸν
1695 1736 1779 1793 οῦν

1881 1735 2050 1803 iorem
2087 1738 2137 1791 in
2170 1738 2384 1793 modum
2417 1741 2619 1809 gratias
2648 1741 2722 1796 illi
2774 1744 3079 1798 retribuere
3103 1784 3119 1807 ,
3169 1743 3260 1813 qui
3297 1742 3451 1799 nobis

204 1830 411 1900 τρόπον
451 1828 547 1881 καὶ
594 1827 691 1891 τὰς
734 1829 862 1901 περὶ
908 1830 1002 1883 τοῦ
1038 1830 1168 1884 Υίοῦ
1196 1830 1559 1898 διδασκαλίας,
1591 1833 1655 1885 ὲκ
1688 1833 1779 1903 τῆς

1886 1826 2027 1882 hanc
2074 1837 2276 1882 tantam
2328 1831 2613 1886 scientiam
2648 1833 2963 1897 impertivit.
2998 1834 3079 1889 Ad
3130 1835 3286 1888 istum
3321 1850 3451 1903 ergo

206 1922 378 1976 αὑτοῦ
410 1921 621 1992 Καινῆς
645 1921 920 1992 Διαθήκης
948 1924 1217 1994 προσήκοι
1246 1922 1311 1976 ἂν
1354 1923 1778 1995 ἀπολαμϐάνειν,

1883 1919 2126 1987 modum,
2162 1937 2281 1991 qua:
2301 1930 2425 1977 sunt
2449 1923 2516 1979 de
2553 1924 2642 1979 Dei
2679 1924 2791 1979 ﬁlio
2823 1926 2875 1979 in
2912 1924 3065 1980 Novo
3103 1923 3451 1980 Testamento

203 2014 362 2067 οὐδὲν
400 2013 789 2083 ξενιζόμενους,
818 2014 865 2065 εί
892 2014 965 2084 μὴ
995 2013 1071 2084 τῷ
1106 2014 1515 2087 σκληροκαρδίῳ
1554 2013 1664 2085 λαῷ
1686 2015 1784 2086 τὴν

204 2107 339 2177 περὶ
372 2104 535 2159 αὐτοῦ
565 2104 764 2173 γνῶσιν
796 2105 1166 2159 ἀνεκάλυπτον
1199 2108 1245 2158 οἱ
1284 2106 1377 2159 τοῦ
1408 2107 1541 2160 Θεοῦ
1573 2106 1783 2177 avem.

203 2215 321 2259 ποι,
352 2199 431 2261 είς
463 2197 651 2269 καιρὸν
681 2196 956 2269 εὔκαιρον,
983 2197 1074 2251 τὸν
1110 2199 1238 2270 περὶ
1263 2199 1427 2253 αὑτοῦ
1458 2198 1784 2269 ταμιευόμε-

200 2308 284 2343 νοι
319 2289 498 2358 λόγον.
540 2290 615 2345 Οὐ
655 2290 764 2363 γὰρ
802 2291 973 2345 ἐδόκει
1004 2289 1309 2361 ἐπιτήδειον
1348 2287 1485 2343 εἶναι
1526 2291 1606 2357 τὸ,
1634 2307 1784 2362 τηνι-

199 2380 385 2435 καῦτα
420 2382 847 2453 ὑποσυρομένοις
877 2380 1099 2453 ἀνδράσι
1126 2382 1217 2434 ἐπὶ
1247 2380 1343 2451 τὴν
1367 2381 1621 2435 πολύθεον
1650 2382 1784 2437 πλάο

199 2491 301 2544 νην
329 2472 682 2543 παραδιδόναι
703 2472 762 2526 τὸ
789 2473 865 2544 (7)
894 2474 1021 2544 περὶ
1050 2472 1262 2543 Πατρὸς
1284 2473 1377 2526 καὶ
1406 2474 1537 2527 Υίοῦ
1571 2475 1781 2546 μυστή-

202 2580 342 2633 ριον,
373 2559 456 2627 οἷς
482 2564 602 2617 οὐδὲ
627 2564 752 2628 τοὺς
776 2563 904 2636 περὶ
926 2564 1033 2617 τῶν
1060 2563 1475 2635 ὑποϐεϐηκότων
1503 2565 1781 2636 δυνάμεων

197 2654 569 2719 ὲξεκάλυπτον
594 2654 812 2723 λόγους·
865 2654 941 2718 ὡς
978 2654 1044 2708 ἂν
1080 2654 1154 2726 μὴ
1186 2655 1455 2726 προφάσει
1486 2655 1658 2729 ταύτῃ
1688 2657 1780 2709 ἐπὶ

195 2743 301 2814 τὴν
350 2743 663 2815 Ἑλληνικὴν
715 2745 1075 2799 καταπέσοιεν
1128 2745 1435 2809 πολυθεΐαν,
1481 2747 1529 2799 οἱ
1571 2745 1780 2817 πατέρα

194 2834 413 2906 ἀνδρῶν
464 2853 525 2888 τε
576 2834 713 2889 θεῶν
753 2854 812 2889 τε
858 2837 949 2891 τὸν
1006 2839 1135 2910 παρ’
1176 2839 1359 2903 αὐτοῖς
1413 2838 1780 2892 ἀνεπλάσαντο

195 2927 357 2980 Θεόν.
380 2926 578 3000 Διόπερ
600 2928 697 2999 τῆς
719 2928 972 2999 τοιαύτης
997 2931 1193 2994 αὐτοὺς
1216 2929 1554 2983 ἀναστέλλων
1576 2930 1780 3000 πλάνης

194 3020 229 3072 ὁ
256 3019 418 3089 λόγος
444 3021 537 3073 τὸν
558 3022 650 3073 ἕνα
684 3021 814 3074 Θεὸν
844 3023 1161 3094 ἐκήρυττεν,
1185 3022 1246 3075 οὑ
1272 3022 1377 3093 μὴν
1402 3023 1610 3094 πατέρα
1639 3019 1778 3076 εἶναι

191 3107 293 3159 τὸν
323 3108 486 3161 αὑτὸν
517 3110 732 3180 ἠρνεῖτο
752 3127 766 3140 ⁸
798 3111 892 3163 καὶ
916 3112 1006 3164 τὸν
1032 3111 1203 3183 ἀληθῆ
1224 3112 1279 3165 δὲ
1310 3112 1486 3165 σέϐειν
1514 3112 1777 3175 ἐδίδασκε,

192 3199 293 3252 καὶ
325 3198 466 3270 πλὴν
502 3200 664 3252 αὑτοῦ
706 3201 909 3270 μηδένα
947 3201 1143 3255 εἰδέναι
1183 3202 1434 3275 παρῄνει,
1462 3204 1523 3256 οὐ
1558 3203 1663 3274 μὴν
1688 3206 1780 3275 ἡρ-

194 3295 346 3345 νείτο
377 3289 516 3346 εἶναι
562 3293 723 3347 αὐτὸν
750 3293 991 3366 Πατέρα.
1021 3295 1084 3347 El
1120 3294 1177 3348 δὲ
1219 3294 1293 3365 (8)
1318 3295 1412 3347 καὶ
1434 3295 1656 3366 Κύριον,
1683 3294 1778 3346 καὶ

192 3384 333 3437 Θεὸν
355 3384 535 3449 αὐτὸν,
575 3386 669 3439 καὶ
691 3386 917 3451 δίκαιον,
950 3387 1043 3439 καὶ
1079 3388 1308 3458 Σωτῆρα
1346 3386 1632 3447 ἀπεκάλει,
1664 3385 1776 3439 ἀλλ’

192 3477 300 3530 οὐκ
332 3476 591 3530 ἀπέκλειε
620 3478 714 3531 τοῦ
756 3480 849 3531 καὶ
892 3478 1109 3550 Πατέρα
1143 3474 1281 3532 εἶναι
1326 3478 1487 3531 αὐτὸν
1528 3479 1777 3548 ἡγεῖσθαι

193 3567 293 3621 τοῦ
324 3569 650 3639 μονογενοῦς
676 3570 839 3623 αὑτοῦ
875 3569 969 3623 καὶ
1000 3570 1284 3642 ἀγαπητοῦ
1316 3570 1468 3623 Υἰοῦ.
1496 3571 1607 3623 Εἶτ’
1641 3566 1731 3623 οὖν
1750 3571 1778 3622 ὁ

195 3659 393 3729 Πατὴρ
416 3658 588 3727 λέγων
617 3660 714 3713 εἴθ’
743 3662 770 3712 ὀ
794 3660 919 3724 Υἱὸς
941 3661 1000 3713 τὸ
1035 3660 1173 3729 Ἐγώ
1192 3663 1307 3730 ειμι
1334 3664 1365 3715 ὀ
1395 3660 1497 3724 ὢν,
1526 3660 1777 3731 ἀληθεύοι

190 3749 261 3802 ἂν
296 3749 575 3822 ἑκατέρως
597 3752 626 3803 ὁ
654 3752 829 3820 λόγος.
863 3754 929 3805 Ὃ
959 3770 1019 3806 τε
1043 3753 1151 3824 γὰρ
1178 3752 1365 3823 Πατὴρ
1398 3756 1430 3806 ό
1458 3750 1542 3805 ὢν
1572 3754 1657 3824 εἴη
1689 3753 1774 3817 ἂν,

195 3843 363 3911 μόνος
392 3843 557 3907 αὐτὸς
591 3842 664 3897 ῶν
711 3844 803 3897 ἐπὶ
834 3845 1069 3910 πάντων,
1108 3846 1200 3898 καὶ
1227 3844 1314 3897 διὰ
1346 3845 1561 3898 πάντων
1595 3846 1688 3899 καὶ
1718 3848 1776 3899 ὲν

195 3936 337 3989 πᾶσι
370 3935 523 3999 Θεὸς,
555 3937 630 4000 ὡς
651 3939 678 3991 ό
700 3937 838 4002 Gaio;
862 3938 1070 4003 ἐδίδαξε
1108 3937 1450 4001 Ἀπόστολος,
1483 3939 1511 3991 ὃ
1533 3956 1592 3990 τε
1624 3938 1771 4002 Υἱὸς,

192 4028 293 4079 καὶ
331 4027 492 4090 αὐτὸς
522 4028 874 4099 χρηματίζων
913 4032 945 4083 ό
965 4026 1068 4092 ὢν,
1096 4028 1347 4099 ἀληθεὺοι
1378 4029 1464 4083 ἄν’
1512 4029 1674 4099 μόνος
1701 4027 1774 4081 ὢν

191 4116 353 4178 Υἱὸς,
386 4118 675 4189 μονογενὴς
698 4118 790 4171 τοῦ
820 4120 989 4183 ὄντος,
1018 4119 1154 4172 ἀλλά
1182 4120 1273 4172 καὶ
1302 4119 1464 4173 εἰκὼν
1484 4118 1574 4172 τοῦ
1606 4121 1774 4191 ἀορά-

188 4226 294 4261 του
342 4208 477 4261 Θεοῦ
523 4210 800 4281 ὑπάρχων.
830 4211 939 4263 Καὶ
970 4210 1126 4264 τοῦτο
1166 4211 1248 4281 εἴη
1294 4210 1358 4263 ἂν
1396 4212 1467 4281 (9)
1504 4209 1667 4263 αὐτοῦ
1702 4210 1777 4262 εί-

191 4298 335 4363 κὼν,
380 4300 500 4353 καθ’
551 4301 580 4354 ὃ
624 4302 781 4371 μόνος
822 4297 891 4373 ἦν
942 4302 1102 4365 αὐτὸς
1145 4306 1177 4357 ὀ
1223 4303 1327 4356 ὧν.
1358 4303 1447 4356 Διὸ
1483 4303 1574 4355 καὶ
1613 4302 1773 4366 αὐτὸς

191 4392 530 4462 χρηματίζοι
559 4393 623 4446 ἂν
650 4396 681 4447 ό
709 4394 804 4454 ὢν,
828 4394 947 4447 ἐπεὶ
976 4396 1069 4448 καὶ
1086 4395 1217 4459 Θεὸς
1240 4397 1333 4449 καὶ
1349 4395 1551 4468 Κύριος
1577 4396 1776 4466 ὁμοίως

192 4483 277 4554 τῷ
313 4485 488 4556 Πατρὶ
519 4486 611 4539 καὶ
639 4485 799 4549 αὐτὸς
826 4484 913 4538 διά
945 4485 1124 4557 πάσης
1141 4486 1498 4558 ἀνηγόρευται
1529 4487 1626 4557 τῆς
1656 4487 1775 4539 Θεο-

194 4574 335 4628 πνεῦ
344 4592 468 4628 στου
501 4577 747 4647 Γραφῆς.

1883 2011 2170 2078 praedicata
2200 2012 2513 2082 accipienda
2539 2022 2665 2068 sunt
2685 2055 2700 2079 ,
2727 2029 2828 2069 nec
2852 2023 2910 2069 ut
2936 2014 3168 2069 alienum
3197 2014 3324 2083 quid
3351 2012 3450 2067 mi-

1886 2116 1985 2156 nus
2010 2113 2317 2172 acceptare,
2334 2106 2377 2159 si
2412 2106 2626 2175 quidem
2666 2107 2741 2162 illi
2763 2108 2957 2176 populo
2980 2107 3114 2161 duro
3143 2107 3301 2161 corde
3322 2121 3454 2174 pra:-

1884 2193 1997 2249 dito
2043 2194 2291 2251 homines
2347 2195 2421 2250 illi
2458 2196 2550 2252 Dei
2586 2198 2948 2267 cognitionem
2989 2199 3052 2251 de
3083 2197 3172 2251 illo
3202 2212 3305 2251 non
3343 2206 3450 2249 tra-

1883 2285 2131 2341 diderunt
2154 2326 2169 2351 ,
2219 2297 2500 2343 reservato
2531 2288 2585 2342 in
2627 2299 2841 2358 tempus
2878 2297 3234 2359 opportunum
3267 2288 3331 2341 de
3362 2287 3453 2341 illo

1883 2375 2279 2444 dispensatorio
2311 2380 2584 2432 sermOne.
2624 2376 2739 2432 Non
2805 2376 3088 2432 videbatur
3143 2386 3269 2432 tunc
3314 2384 3451 2431 tem-

1882 2466 2029 2535 poris
2054 2482 2264 2536 aequum
2292 2482 2435 2532 esse,
2470 2476 2528 2522 ttt
2565 2467 2879 2523 hominibus
2902 2467 2968 2521 ad
2995 2483 3235 2523 errorem
3255 2467 3321 2521 de
3347 2468 3451 2521 diis

1884 2556 2068 2612 multis
2095 2557 2249 2613 facile
2294 2558 2673 2626 arrepentibus
2696 2598 2713 2625 ,
2757 2558 3070 2630 mysterium
3099 2558 3165 2613 de
3191 2558 3352 2614 Patre
3397 2568 3452 2613 et

1882 2648 2019 2704 Filio
2050 2650 2399 2713 revelaretur,
2458 2665 2581 2704 cum
2618 2648 2749 2703 nihil
2786 2652 2851 2703 de
2886 2650 3147 2720 subjectis
3180 2651 3327 2705 hisce
3355 2667 3451 2719 po-

1882 2741 2165 2795 testatibus
2214 2739 2540 2810 patefactum
2572 2738 2756 2802 fuerit,
2799 2754 2869 2793 ne
2901 2754 2998 2807 per
3041 2740 3183 2795 hunc
3215 2751 3448 2809 praetex-

1881 2840 1993 2886 tum
2021 2832 2095 2887 illi
2161 2833 2228 2888 ad
2283 2847 2617 2903 paganorum
2657 2832 2992 2902 polytheiam
3042 2832 3442 2891 dilaberentur.

1882 2923 1972 2994 qui
2004 2923 2191 2979 Jovem
2232 2939 2386 2979 suum
2428 2933 2634 2990 patrem
2679 2924 3066 2992 hominumque
3117 2924 3447 2991 deorumque

1880 3029 2078 3069 vocare
2099 3015 2301 3070 solent.
2337 3016 2604 3083 Quocirca
2641 3026 2704 3070 ut
2750 3031 2996 3071 errorem
3031 3016 3175 3071 hunc
3203 3016 3448 3070 elimina-

1882 3117 1965 3162 ret
1988 3105 2226 3163 Verbum
2257 3108 2386 3162 illud
2418 3108 2534 3171 Dei,
2574 3125 2735 3163 unum
2768 3108 2932 3162 Deum
2960 3107 3318 3178 praedicabat:
3340 3123 3447 3160 non

1882 3208 2062 3254 tamen
2100 3201 2317 3269 negavit
2339 3203 2586 3256 eumdem
2638 3216 2759 3257 esse
2800 3200 3013 3257 Patrem
3051 3215 3278 3255 :verum
3322 3214 3448 3253 vero

1806 3274 1848 3332 (ἶ
1883 3292 2048 3346 Deum
2080 3292 2231 3347 illum
2267 3294 2498 3348 adorare
2533 3294 2760 3359 docuit,
2822 3306 2876 3348 et
2904 3301 3100 3363 praeter
3132 3291 3277 3347 illum
3327 3292 3449 3343 nul-

1880 3382 1988 3437 lum
2036 3384 2201 3438 alium
2254 3385 2505 3439 arbitrari
2560 3386 2725 3439 Deum
2774 3385 3009 3439 erudivit
3041 3400 3056 3438 :
3088 3385 3181 3438 sed
3229 3382 3448 3436 minime

1880 3477 2151 3531 iuticiatur
2198 3476 2346 3531 illum
2392 3491 2515 3533 esse
2558 3475 2796 3543 Patrem,
2845 3483 2903 3540 >I<
2957 3477 3003 3531 si
3051 3476 3331 3530 Dominum
3392 3482 3449 3528 et

1878 3571 2044 3627 Deum
2081 3570 2228 3624 illum
2254 3610 2269 3635 ,
2302 3579 2357 3625 et
2409 3570 2616 3637 justum
2662 3569 2958 3623 nominavit
2982 3577 3037 3623 et
3075 3568 3444 3631 Servatorem,

1877 3676 1981 3715 non
2012 3660 2246 3717 exclusit
2270 3676 2391 3715 eum
2411 3677 2437 3715 a
2465 3660 2622 3715 titulo
2653 3660 2852 3723 Patris.
2877 3669 3059 3715 tamen
3092 3668 3151 3713 ut
3179 3673 3283 3712 non
3305 3668 3449 3713 esset

1878 3754 2037 3809 Pater
2070 3756 2331 3826 unigeniti
2371 3764 2425 3810 et
2450 3754 2629 3810 dilecti
2658 3755 2737 3809 sui
2770 3753 2889 3809 Filii
2924 3772 2937 3808 :
2970 3755 3088 3808 sive
3117 3768 3243 3825 ergo
3262 3752 3443 3815 Pater,

1877 3860 1970 3900 seu
2021 3845 2191 3901 Filius
2219 3846 2349 3902 illud
2380 3847 2495 3913 ait,
2529 3846 2644 3915 Ego
2678 3862 2791 3901 sum
2822 3846 2913 3917 qui
2956 3860 3072 3899 sum
3113 3844 3179 3909 ⁸³,
3224 3844 3444 3897 omnino

1876 3937 2215 3990 verissimum
2245 3948 2348 4001 est,
2376 3938 2519 4007 quod
2565 3938 2659 3991 abs
2706 3937 2911 3990 utrovis
2960 3936 3182 3990 dicitur.
3212 3932 3346 3987 Nam
3390 3944 3445 3987 et

1877 4026 2040 4083 Pater
2073 4037 2154 4083 est
2182 4068 2197 4092 ,
2232 4030 2325 4099 qui
2367 4044 2485 4083 sum
2510 4069 2526 4095 ,
2560 4042 2682 4083 cum
2724 4028 2795 4082 sit
2838 4026 2985 4081 solus
3022 4041 3184 4096 super
3226 4026 3403 4098 omnia
3426 4065 3441 4089 ,

1876 4134 1973 4188 per
2014 4120 2194 4173 omnia
2223 4128 2279 4174 et
2305 4119 2359 4174 in
2398 4119 2653 4173 omnibus
2703 4118 2878 4181 Deus,
2919 4116 3060 4186 quod
3109 4131 3208 4170 nos
3233 4115 3448 4170 divinus

1876 4212 2057 4266 docuit
2085 4211 2391 4281 Apostolus.
2431 4210 2536 4265 Sed
2565 4218 2619 4264 et
2653 4209 2825 4264 Filius
2853 4212 2897 4265 si
2938 4210 3149 4264 dicatur
3174 4210 3265 4279 qui
3289 4225 3403 4261 sum
3425 4246 3441 4271 ,

1876 4315 2003 4355 vere
2049 4300 2125 4355 sic
2160 4302 2397 4355 dicitur:
2427 4314 2552 4354 cum
2582 4298 2732 4354 solus
2765 4299 2840 4353 sit
2866 4297 3040 4352 Filius
3075 4297 3165 4352 Dei
3200 4297 3446 4367 unigeni-

1878 4402 1963 4447 tus
2002 4391 2120 4464 ejus
2143 4433 2157 4457 ,
2189 4392 2280 4461 qui
2322 4402 2420 4456 est,
2466 4405 2586 4445 cum
2617 4390 2688 4445 sit
2730 4391 2906 4461 imago
2943 4389 3040 4443 Dei
3070 4390 3343 4444 invisibilis
3374 4388 3448 4452 ⁸⁸,

1875 4498 1931 4541 et
1972 4500 2039 4539 eo
2070 4485 2185 4553 ipso
2228 4483 2299 4538 sit
2331 4484 2509 4554 imago
2534 4480 2685 4549 ejus.
2725 4483 2866 4551 quod
2898 4486 3047 4536 solus
3075 4482 3189 4553 ipse
3222 4483 3291 4536 sit
3356 4483 3446 4549 qui

1876 4587 1972 4633 est.
2000 4575 2253 4645 Adeoque
2284 4584 2507 4630 vocetur
2542 4583 2596 4629 et
2655 4574 2742 4628 ille
2787 4576 2874 4643 qui
2903 4584 3011 4640 est,
3042 4590 3165 4628 cum
3212 4584 3265 4629 et
3308 4574 3448 4628 Deus

194 4670 270 4723 sit
298 4678 353 4722 et
385 4669 639 4726 Dominus
662 4672 912 4729 similiter
940 4681 1103 4743 atque
1135 4672 1297 4729 Pater
1321 4679 1477 4730 estet
1509 4672 1767 4729 Dominus
1807 4687 1873 4728 ac
1933 4672 2073 4728 Deus
2102 4691 2116 4727 :
2151 4672 2419 4743 quomodo
2444 4686 2541 4742 per
2599 4669 2913 4740 Scripturas
2941 4670 3221 4725 universas
3238 4686 3452 4725 annun-

192 4766 387 4820 tiatur.

820 4862 976 4915 ΚΕΦ.
1012 4862 1141 4915 ΚΑ’.

194 4947 323 5000 Ὅτι
349 4950 382 5001 ό
416 4947 547 5001 mp
566 4945 645 5012 ἦν
666 4950 770 5005 τοῦ
799 4952 965 5015 Θεοῦ,
999 4954 1031 5005 ό
1064 4951 1267 5006 Μωσεῖ
1285 4950 1383 5005 καὶ
1412 4951 1493 5019 τῷ
1532 4952 1774 5023 Ἀϐραὰμ

794 5023 1184 5091 χρηματίσας.

272 5109 513 5164 Τοῦτοδὲ
535 5113 649 5166 ἐστι
678 5113 772 5167 καὶ
798 5117 860 5168 ἐκ
897 5114 990 5168 τοῦ
1026 5116 1158 5186 πρὸς
1192 5114 1283 5169 τὸν
1320 5116 1522 5170 Μωσέα
1552 5132 1772 5187 χρημα-

192 5202 394 5272 τισμοῦ
424 5203 623 5271 γνῶναι
650 5222 662 5235 ·
695 5205 841 5274 λέγει
875 5206 917 5258 δ’
939 5202 1033 5261 οὖν
1066 5209 1099 5279 ἡ
1138 5208 1349 5280 Γραφήο
1385 5206 1679 5274 Ἐλάλησε
1705 5205 1773 5259 δὲ

194 5298 231 5348 ὁ
263 5293 408 5359 Θεὸς
438 5294 586 5364 πρὸς
624 5297 870 5364 Μωσῆν,
931 5299 1027 5352 καὶ
1063 5296 1195 5353 εἶπε
1220 5300 1370 5370 πρὸς
1404 5301 1589 5353 αὐτόν
1637 5299 1767 5365 (10)·

2492 4850 2645 4906 CAP.
2683 4839 2827 4905 ΧΧἸ.

1967 4944 2121 5012 Quod
2153 4942 2326 4997 Filius
2362 4943 2405 4995 is
2432 4941 2523 4995 Dei
2545 4944 2741 5009 fuerat,
2769 4943 2858 5012 qui
2886 4958 3002 4995 cum
3026 4940 3173 4995 ,ποτε
3201 4949 3361 5010 atque

2336 5014 2631 5066 Abrultamo
2660 5013 2990 5082 loquebatur.

1946 5105 2210 5178 Cognosci
2241 5113 2418 5173 potest
2456 5104 2587 5158 illud
2633 5120 2698 5158 ex
2768 5104 2857 5157 illa
2893 5119 3012 5157 cum
3044 5102 3191 5157 Mose
3210 5100 3451 5155 collocu-

1880 5202 2043 5257 tione.
2080 5200 2171 5253 Ait
2213 5198 2357 5252 enim
2394 5196 2675 5265 Scriptura
2706 5215 2719 5250 :
2760 5196 2826 5249 Et
2868 5196 3076 5249 locutus
3104 5202 3179 5247 est
3212 5191 3346 5245 Deus
3377 5191 3449 5243 ad

1879 5293 2102 5356 Mosem,
2134 5300 2182 5345 et
2219 5291 2350 5344 dixit
2386 5290 2466 5342 illi
2520 5305 2538 5343 :
2579 5287 2691 5358 Ego
2730 5287 3021 5352 Dominus,
3053 5296 3101 5341 et
3130 5287 3271 5341 uisus
3306 5301 3453 5349 sum,

276 5484 335 5541 ἧι
369 5476 467 5533 Ed.
502 5478 705 5547 Paris.,
736 5496 858 5551 pag.
890 5481 1013 5537 157.
1088 5480 1132 5512 ⁸¹
1161 5480 1355 5550 Ephes.
1382 5493 1464 5543 ιιι,
1502 5476 1697 5544 18,19.
1773 5476 1779 5502 ¹

1881 5488 1984 5530 .uc.
2013 5487 2132 5537 vttt,
2172 5470 2258 5525 10.
2336 5470 2381 5500 ⁸⁸
2407 5467 2581 5522 Exod.
2610 5483 2692 5533 ttt,
2728 5467 2813 5522 14.
2891 5464 2940 5497 ⁸⁸
2966 5464 3173 5519 Coloss.
3205 5476 3244 5521 t.
3282 5463 3373 5519 l5.

275 5700 354 5771 (6)
390 5701 700 5769 Γνώσεως.
733 5702 891 5757 Deest
923 5697 1142 5771 Χριστῷ
1172 5707 1265 5771 aut
1295 5699 1431 5771 Θεῷ.
1472 5700 1541 5757 Μ.

276 5768 353 5839 (7)
395 5772 562 5840 Vulgo
589 5768 679 5837 si;
711 5788 832 5828 mox
879 5768 1038 5841 vulgo
1068 5768 1486 5827 ἀνεπλάσσοντο.

276 5845 353 5914 (δ)
386 5843 553 5915 Vulgo
576 5843 661 5915 δή.

1947 5697 2022 5767 (9)
2043 5696 2151 5752 Kal
2189 5687 2781 5767 τοῦτοεῖηάνηιεκθ
2812 5688 2907 5742 καί
2936 5686 3128 5759 τούτῳ.
3171 5684 3246 5742 Μ.

1949 5758 2061 5840 ζίῦ)
2098 5767 2265 5836 Vulgo
2295 5759 2513 5836 ἰλέγων]
2544 5758 2674 5829 ἐγώ.
