3970 6568
317 547 428 605 937

1245 554 1336 610 DE
1374 555 1910 614 ECCLESIASTICA
1943 557 2331 615 THEOLOGIA
2355 559 2482 618 LIB.
2523 559 2575 617 Il.

3445 562 3550 618 953

313 664 495 719 ταῦθα
530 665 608 737 μή
631 668 976 738 τανραττέσϐω
994 670 1091 741 τὴν
1117 669 1314 742 ψυχὴν,
1343 671 1479 726 ἀλλὰ
1499 673 1590 726 καὶ
1623 673 1731 726 τῶν
1765 671 1873 744 ἑξῆς

1994 674 2246 744 trepidet,
2279 675 2370 730 sed
2412 675 2657 730 attendat
2686 691 2806 746 qua:
2840 685 3141 748 sequuntur
3167 679 3371 734 statim.
3413 677 3548 734 Cum

314 759 681 827 συνημμένων
709 759 980 813 ἀκουέτω·
1006 759 1172 814 εἰπὼν
1203 763 1332 834 γὰρ,
1371 766 1491 818 Οὐκ
1519 764 1763 819 ἔσονται
1791 781 1891 820 σοι

311 848 443 902 θεοὶ·
502 848 686 918 ἕτεροι
730 851 896 918 πλὴν
927 852 1091 921 ἐμοῦ,
1148 853 1452 924 ἐπήγαγεν·
1497 857 1578 909 Οὐ
1618 855 1889 924 ποιήσεις

309 939 677 1011 σεαυτῷμι)
691 941 959 1006 εἴδωλον,
985 944 1127 998 οὐδὲ
1146 945 1370 1012 παντὸς
1385 948 1664 1016 ὁμοίωμα,
1687 948 1802 1003 ὅσα
1821 949 1890 1002 ἐν

308 1027 396 1092 τῷ
422 1031 656 1096 οὐρανῷ
675 1032 818 1097 ἅνω,
835 1034 932 1087 καὶ
945 1033 1061 1088 ὅσα
1082 1035 1152 1088 ἐν
1173 1037 1248 1104 τῇ
1264 1036 1340 1106 τῇ
1368 1038 1543 1103 κάτω,
1567 1040 1661 1092 καὶ
1689 1039 1805 1094 ὅσα
1819 1041 1888 1095 ἐν

306 1123 442 1188 τοῖς
469 1123 687 1178 ὕδασιν
711 1125 984 1180 ὑποκάτω
1011 1126 1122 1196 τῆς
1141 1127 1272 1198 γῆς.
1313 1131 1393 1184 Οὐ
1440 1133 1888 1201 προσκυνήσεις

304 1215 544 1282 αὐτοῖς,
559 1217 790 1288 οὐδὲμὴ
801 1221 1148 1288 λατρεύσεις
1163 1220 1382 1287 αὐτοῖς,
1396 1220 1508 1290 ἐγὼ
1522 1222 1631 1291 γάρ
1646 1226 1760 1293 ειμι
1774 1226 1888 1279 Κύ-

297 1325 444 1376 ριος
471 1307 502 1361 ὁ
530 1311 672 1374 Θεός
697 1324 836 1376 σου,
888 1313 1104 1380 Κύριος
1123 1311 1404 1380 ζηλωτής.
1442 1314 1601 1386 Ὁρᾷς
1626 1317 1772 1381 ὅπως
1804 1317 1881 1371 δι-

305 1400 594 1454 εστέλλετο
611 1403 740 1474 (2’2),
750 1402 822 1475 μὴ
839 1407 910 1475 τῇ,
926 1403 1032 1457 τῶν
1047 1405 1214 1459 ἐθνῶν
1228 1406 1472 1477 πολυθέῳ
1493 1407 1672 1483 πλάνῃ
1681 1427 1884 1464 συναπ-

306 1489 565 1559 άγεσθαι,
590 1495 749 1563 μόνον
776 1495 832 1549 δὲ
860 1497 1020 1550 αὐτὸν
1045 1498 1240 1552 ειδέναι
1265 1499 1395 1552 Θεὸν
1417 1501 1511 1554 καὶ
1538 1500 1759 1572 Κύριον.
1790 1502 1884 1566 Ti;

304 1583 355 1636 δ’
386 1580 483 1638 οὖν
525 1579 714 1652 οὗτοςς
754 1588 811 1640 Ὁ
832 1588 957 1652 Υἱὸς
975 1588 1071 1660 τὴν
1094 1591 1277 1644 εἰκόνα
1304 1593 1396 1646 τοῦ
1432 1593 1642 1664 Πατρὸς
1661 1594 1798 1664 ἔχων
1823 1595 1881 1647 ὲν

305 1677 512 1747 ἐαυτῷ,
547 1677 605 1743 ἐξ
637 1677 944 1743 αὐθεντείας
982 1697 1040 1732 τε
1077 1680 1241 1734 αὐτοῦ
1283 1685 1395 1745 τοῖς
1443 1683 1881 1756 εἰδωλολατρείαν

304 1768 529 1821 νοσοῦσι
561 1767 732 1822 ταῦτα
758 1769 1188 1841 διαταττόμενος.
1230 1772 1316 1836 Ὡς
1343 1773 1448 1847 γὰρ
1481 1775 1656 1828 πάντα
1684 1775 1750 1829 δι’
1784 1776 1882 1829 αὐ-

302 1858 405 1911 τοῦ
431 1858 667 1927 ἐγένετο,
698 1859 790 1913 τοῦ
810 1861 1022 1932 Πατρὸς
1046 1862 1131 1914 διὰ
1157 1862 1250 1916 τοῦ
1273 1865 1522 1937 Σωτῆρος
1539 1865 1636 1937 τὴν
1654 1867 1761 1920 τῶν
1783 1884 1880 1936 γε-

304 1948 488 2020 νητῶν
532 1950 786 2005 ἁπάντων
834 1952 1021 2007 οὐσίαν
1057 1953 1166 2025 (25)
1211 1955 1674 2028 ὑποστησαμένου,
1706 1957 1873 2021 οὕτως

1980 1953 2126 2006 nium
2182 1949 2538 2007 substantiam
2595 1968 2715 2021 qua:
2779 1962 3158 2020 generantur;

1991 767 2136 820 enim
2173 766 2426 830 dixerat,
2485 765 2610 821 Non
2655 778 2804 822 erunt
2853 769 2947 822 tibi
2988 769 3066 823 dii
3091 769 3184 823 alii
3225 781 3418 840 pneter
3445 789 3546 837 me,

1991 857 2292 922 subintulit,
2329 856 2455 911 Non
2485 859 2644 925 [acies
2675 859 2768 912 tibi
2798 859 2996 912 idolum
3021 900 3036 925 ,
3063 875 3225 930 neque
3254 878 3454 916 omnem
3477 868 3549 916 si-

1991 949 2338 1002 militudinem
2370 965 2546 1003 eorum
2576 965 2691 1019 qua:
2720 958 2845 1002 sunt
2873 951 2926 1004 in
2952 951 3078 1005 calo
3119 969 3346 1017 sursum,
3380 964 3470 1006 aut
3493 954 3548 1008 in

1988 1052 2128 1096 terra
2160 1043 2426 1108 deorsum,
2461 1051 2552 1096 aut
2573 1059 2690 1112 qua:
2725 1045 2919 1097 suntin
2955 1045 3102 1107 aquis
3130 1047 3304 1099 subter
3319 1057 3545 1110 terram;

1988 1149 2090 1186 non
2121 1132 2366 1187 adorabis
2394 1132 2512 1198 illa,
2552 1149 2654 1186 non
2681 1133 2928 1188 inservies
2960 1134 3088 1198 illis,
3123 1135 3232 1205 Ego
3266 1137 3404 1190 enim
3430 1153 3546 1190 sum

1985 1225 2245 1278 Dominus
2284 1223 2424 1279 Deus
2470 1237 2621 1290 tuus,
2655 1225 2794 1280 Deus
2827 1226 3016 1280 zelotes
3042 1227 3109 1282 ³³.
3143 1227 3301 1284 Vides
3323 1237 3381 1283 ut
3408 1243 3544 1299 pra:-

1984 1312 2188 1383 ceperit
2216 1313 2265 1368 id
2291 1315 2484 1378 solum,
2516 1330 2586 1369 ne
2611 1316 2679 1369 ab
2705 1331 2892 1370 errore
2925 1317 3208 1385 gentilitio,
3231 1319 3296 1374 de
3319 1319 3542 1374 deorum

1985 1405 2347 1472 multitudine,
2407 1407 2804 1462 abducerentur
2831 1448 2846 1472 ,
2881 1409 2979 1462 sed
3013 1408 3184 1463 solum
3237 1410 3409 1478 ipsum
3442 1411 3545 1464 Do-

1984 1497 2186 1551 minum
2224 1507 2382 1566 atque
2416 1497 2580 1552 Deum
2639 1507 3014 1567 agnoscerent.
3067 1497 3199 1567 Quis
3245 1509 3363 1554 erat
3395 1500 3546 1554 iste?

1984 1605 2174 1658 nempe
2200 1589 2369 1644 Filius
2405 1589 2576 1644 Patris
2629 1589 2914 1659 imaginem
2964 1591 3017 1644 in
3063 1607 3120 1645 se
3167 1591 3417 1646 habens:
3452 1591 3543 1661 qui

1981 1695 2079 1748 pro
2130 1695 2224 1735 sua
2277 1696 2435 1750 quam
2494 1681 2679 1735 habuit
2727 1682 3049 1736 auctoritate
3101 1684 3398 1739 idololatris
3440 1685 3544 1738 ista

1982 1769 2034 1823 in
2089 1771 2356 1825 mandatis
2405 1771 2573 1825 dedit.
2631 1771 2762 1824 Nam
2831 1780 2890 1825 ut
2942 1772 3123 1826 omnia
3170 1773 3332 1827 Pater
3380 1773 3544 1829 fecis-

1979 1876 2040 1915 se
2095 1861 2314 1916 dicitur
2352 1876 2448 1931 per
2516 1860 2856 1917 Servatorem
2889 1903 2903 1927 ,
2962 1861 3053 1928 qui
3119 1863 3356 1932 suscepit
3411 1878 3541 1917 om-

3223 1953 3293 2004 ita
3354 1961 3409 2005 et
3477 1957 3537 2015 is

304 2039 472 2102 αὐτὸς
498 2035 566 2110 ἦν
593 2043 620 2094 6
651 2041 840 2114 Πατὴρ
869 2043 966 2114 τὴν
995 2021 1075 2107 εἰς
1093 2021 1252 2098 αῦτὸν
1284 2021 1482 2115 γνῶσίν
1494 2021 1568 2101 *τε
1599 2021 1692 2103 καὶ
1719 2050 1873 2102 εὐσέ-

1977 2044 2090 2112 ipse
2131 2043 2288 2098 Pater
2317 2041 2416 2097 fuit
2463 2043 2557 2112 qui
2601 2058 2696 2113 per
2755 2043 2950 2097 Filium
2990 2043 3337 2096 mediatorem
3367 2084 3383 2108 ,
3416 2043 3532 2111 pie-

304 2129 460 2182 δειαν
497 2129 587 2183 διὰ
633 2131 851 2200 μεσΐτου
897 2132 990 2185 τοῦ
1026 2134 1155 2187 Υῐοῦ
1188 2136 1510 2207 παραδιδοὺς
1549 2137 1873 2209 ἀνθρώποις.

307 2220 493 2274 Τοῦτο
523 2222 582 2276 δὲ
611 2224 706 2276 καὶ
733 2226 761 2276 6
805 2225 1124 2291 Ἀπόστολος
1158 2228 1338 2292 αὐτοῖς
1369 2229 1575 2299 ῥήμασι
1611 2229 1877 2295 Γαλάταις

302 2312 535 2383 γράφων
559 2314 824 2378 ἐδίδασκε,
847 2315 910 2370 δι’
937 2311 1012 2371 ὧν
1038 2317 1142 2390 ἔφη
1159 2336 1173 2349 ο
1210 2319 1262 2371 '0
1289 2320 1470 2389 νόμος
1487 2320 1779 2390 διαταγεὶς
1799 2321 1874 2376 δι’

300 2405 581 2475 ἀγγέλων
606 2407 675 2460 ἐν
711 2406 860 2476 χειρὶ
881 2410 1132 2477 μεσίτου
1151 2426 1171 2440 ⁸
1188 2414 1221 2465 ὁ
1243 2409 1312 2464 δὲ
1327 2412 1575 2481 μεσίτης
1602 2413 1740 2479 ἐνὸς
1761 2415 1873 2467 οὐκ

299 2496 512 2549 ἐστιν’
541 2497 575 2550 ὁ
600 2496 668 2550 δὲ
690 2496 832 2562 Θεὸς
858 2493 946 2564 εἷς
971 2500 1144 2556 ἐστιν
1166 2501 1300 2572 (24).
1327 2503 1446 2557 Κᾶν
1471 2503 1603 2576 λέγῃ
1621 2521 1634 2534 ·
1666 2504 1871 2570 Ἴδετε,

301 2587 397 2642 ὅτι
432 2587 546 2657 ἐγώ
576 2591 710 2658 εἰμι,
747 2593 844 2645 καὶ
876 2595 985 2647 οὐκ
1007 2594 1137 2648 ἐστι
1166 2593 1310 2660 Θεὸς
1355 2594 1524 2664 πλὴν
1568 2597 1735 2665 ἐμοῦ,
1770 2597 1874 2650 πά-

299 2678 390 2732 λιν
419 2680 448 2730 6
482 2680 670 2751 Πατὴρ
695 2675 784 2751 ἦν,
815 2682 889 2746 ὡς
917 2681 1005 2736 διὰ
1032 2683 1236 2747 εἰκόνος
1261 2686 1354 2739 καῖ
1387 2686 1625 2756 μεσίτου,
1659 2688 1748 2741 διὰ
1777 2689 1870 2742 τοῦ

300 2770 439 2823 Υἱοῦ
457 2771 613 2824 τοῦτο
630 2771 851 2841 φάσκων
873 2789 887 2804 ο
902 2775 961 2828 οὐ
975 2774 1080 2846 γὰρ
1089 2774 1152 2846 δὴ
1167 2774 1410 2844 λέγοντος
1428 2779 1525 2848 μὲν
1540 2777 1757 2832 Ἡσαΐου
1778 2780 1871 2833 τοῦ

298 2863 608 2933 προφήτου,
647 2865 818 2932 Υὶοὺς
862 2867 1165 2936 ἐγέννησα
1185 2868 1281 2922 καὶ
1311 2869 1546 2938 ὒψωσα,
1572 2872 1665 2925 καὶ
1691 2872 1869 2938 πάλιν,

313 2953 555 3022 Ἰσραὴλ
571 2955 637 3010 δέ
660 2972 737 3026 με
759 2960 871 3012 οὐκ
904 2961 1075 3030 ἔγνω,
1101 2961 1197 3016 καὶ
1235 2962 1269 3016 6
1302 2963 1452 3029 λαός
1474 2981 1550 3033 με
1581 2967 1651 3019 οὐ
1679 2965 1873 3035 συνῆ-

300 3063 396 3112 κε,
437 3048 532 3100 καὶ
562 3045 733 3114 αὖθις,
791 3050 929 3120 Ἐγὼ
957 3050 1106 3108 πᾶσι
1143 3055 1267 3121 τοῖς
1304 3055 1545 3125 ἄστροις
1577 3058 1871 3114 ἐνετειλά-

293 3154 445 3206 μην,
475 3138 584 3203 καὶ,
609 3138 687 3208 Τῇ
732 3141 883 3210 χειρί
922 3160 1044 3212 μου
1073 3143 1407 3213 ἐστερέωσα
1447 3148 1555 3201 τὸν
1587 3149 1866 3217 οὐρανὸν,

299 3227 398 3280 καὶ
429 3229 529 3282 ὅσα
565 3229 696 3284 ἄλλα
721 3232 961 3301 τοιαῦτα,
997 3234 1056 3286 οὐ
1094 3235 1185 3290 τὸν
1229 3237 1454 3293 Ἡσαΐαν
1492 3240 1661 3294 ταῦτα
1693 3242 1870 3311 λέγειν

300 3320 571 3426 φῄςςοεὲεν,
689 3323 872 3426 etiam”).
891 3326 947 3380 δὲ
991 3327 1080 3381 τὸν
1124 3329 1182 3383 ὲν
1226 3330 1373 3400 αὐτῷ
1409 3330 1671 3387 λαλοῦντα
1707 3333 1868 3389 Θεόν·
1896 3368 1938 3426 C

295 3410 424 3480 οὐχὶ
451 3410 511 3474 δὲ,
537 3413 630 3466 καὶ
659 3414 750 3467 ἐπὶ
783 3414 872 3468 τοῦ
915 3418 1233 3487 μονογενοῦς
1253 3420 1383 3474 Υὶοῦ
1415 3421 1506 3475 τοῦ
1545 3422 1680 3476 Θεοῦ
1698 3463 1711 3488 ,
1738 3424 1871 3496 πρέ-

296 3517 394 3553 ποι
423 3501 490 3555 av
517 3502 607 3556 τὸν
644 3504 858 3575 Πατέρα
875 3505 942 3560 δι’
969 3507 1132 3562 αὐτοῦ
1158 3509 1353 3581 χρῆναι
1383 3511 1555 3566 ταῦτα
1582 3513 1871 3587 διαμαρτύο

302 3590 501 3662 ρασθαι
531 3595 642 3656 τοῖς
666 3594 773 3646 τῶν
810 3595 1025 3648 τοιῶνδε
1057 3599 1526 3670 παραγγελμάτων
1564 3601 1867 3672 δεομένοις;

299 3679 680 3752 εἰδωλολάτραι
709 3682 753 3736 δ’
779 3678 918 3755 ἦσαν
937 3679 1099 3750 οὗτοι,
1134 3686 1209 3750 ὠς
1233 3688 1266 3758 ή
1297 3689 1433 3760 αὑτὴ
1462 3689 1700 3744 διδάσκει
1730 3691 1869 3764 Γρα-

298 3772 377 3843 φή
409 3772 659 3841 λέγουσα·
692 3776 802 3828 Καὶ
835 3771 954 3829 εἷπε
997 3776 1221 3848 Κύριος
1275 3797 1294 3830 ι
1324 3779 1434 3832 Ποῦ
1468 3781 1609 3834 εἰσιν
1661 3783 1709 3834 οἱ
1758 3781 1870 3836 Θεοὶ

303 3881 327 3916 s
369 3864 580 3932 αὐτῶν;
637 3868 721 3936 ἐφ’
767 3863 848 3931 οἷς
891 3869 1271 3923 ὲπεποίθεισαν
1322 3871 1407 3923 ἐπ’
1451 3872 1652 3935 αὐτοῖς,
1703 3865 1778 3926 ὧν
1809 3873 1871 3926 τὸ

303 3973 326 4006 ι
369 3956 534 4028 στέαρ
557 3956 665 4012 τῶν
699 3959 897 4014 θυσιῶν
927 3960 1103 4012 αὐτῶν
1143 3961 1378 4030 ἡσθίετε,
1406 3963 1497 4016 καὶ
1529 3964 1740 4017 ἐπίνετε
1775 3965 1869 4019 τὸν

304 4065 325 4097 ι
367 4043 509 4100 οἶνον
558 4047 666 4102 τῶν
723 4050 963 4104 σπονδῶν
1014 4052 1211 4108 αὐτῶν.
1284 4053 1714 4126 Ἀναστήτωσαν,
1774 4055 1870 4111 καὶ

305 4157 325 4189 s
378 4137 799 4210 βοηθησάτωσαν
843 4141 989 4212 ὑμῖν,
1032 4144 1125 4196 καὶ
1157 4144 1541 4216 γενηθήτωσαν
1564 4144 1714 4215 ὑμῶν
1741 4162 1869 4199 σκε-

304 4247 325 4280 s
369 4231 592 4285 πασταί.
649 4251 668 4285 ι
725 4234 944 4299 Τούτοις
999 4236 1108 4307 γὰρ
1167 4237 1434 4308 συνῆπται
1487 4236 1582 4303 τὸ,
1613 4255 1632 4288 ι
1677 4239 1866 4304 Ἴδετε,

306 4340 324 4371 ι
364 4321 502 4374 ἴδετε
560 4322 644 4378 ὅτι
697 4325 808 4396 ἐγώ
868 4329 1005 4399 εἰμι,
1075 4327 1167 4381 καὶ
1238 4329 1338 4381 οὐκ
1395 4327 1507 4383 ἐστι
1557 4327 1688 4393 Θεὸς
1730 4328 1868 4400 πλὴν

306 4431 324 4463 ι
367 4413 526 4485 ἐμοῦ.
576 4434 596 4468 s

926 4511 1081 4566 ΚΕΦ.
1112 4512 1240 4568 KB’.

301 4601 431 4656 Ὀτι
456 4603 554 4657 καὶ
583 4602 654 4656 ἐν
681 4602 802 4670 τοῖς
828 4603 1280 4729 πίὲοξρήᾶαιςηδιὰ
1307 4606 1411 4661 τοῦ
1442 4607 1578 4661 Υἱοῦ
1607 4611 1640 4662 ὁ
1665 4607 1869 4677 Πατὴρ

955 4693 1018 4729 εο
1061 4693 1269 4729 ονειτο.

955 4693 1269 4745 εονιογειτο.

363 4762 486 4817 Κᾶν
503 4764 762 4835 μυριάκις
775 4763 951 4818 τοίνυν
972 4764 1059 4818 διὰ
1077 4765 1171 4818 τοῦ
1194 4768 1469 4839 προφήτου
1493 4767 1629 4838 βοῶν
1658 4770 1862 4841 φάσκῃ,

298 4853 474 4924 Πλὴν
499 4849 644 4926 ἓμοῦ
675 4858 784 4910 οὐκ
808 4857 939 4912 ἐστι
961 4857 1122 4924 Θεὸς,
1152 4859 1246 4913 καὶ
1273 4859 1438 4927 πλὴν
1451 4861 1596 4929 ἐμοῦ
1613 4864 1722 4915 οὐκ
1738 4863 1869 4917 ἐστι

295 4947 528 5014 δίκαιος
542 4946 640 5001 καὶ
659 4948 884 5016 Σωτὴρ,
930 4951 1022 5004 καὶ
1044 4951 1191 5004 Θεὸν
1221 4951 1386 5019 πλὴν
1398 4953 1542 5021 ἐμοῦ
1557 4955 1628 5008 οὐ
1645 4955 1866 5023 γνώσῃ,

297 5040 393 5091 καὶ
411 5039 614 5101 σώζων
642 5043 752 5096 οὐκ
784 5042 918 5096 ἔστι
942 5042 1133 5111 παρὲξ
1166 5043 1278 5115 (25)
1300 5045 1465 5114 ἐμοῦ,
1489 5048 1582 5099 καὶ
1613 5048 1714 5100 ὅσα
1735 5047 1869 5102 ἄλλα

293 5131 505 5195 τούτοις
545 5131 748 5201 ἀδελφὰ
786 5135 842 5188 ὲν
887 5137 998 5198 τοῖς
1029 5133 1233 5199 λοιποῖς
1275 5135 1495 5207 φέρεται
1533 5139 1862 5209 προφήταις,

296 5223 445 5289 Θεὸς
462 5220 558 5294 ἦν,
581 5225 677 5278 καὶ
696 5225 765 5289 ἐξ
784 5226 1017 5280 ἐκείνου
1049 5227 1120 5282 ἐν
1144 5227 1371 5296 Χριστῷ
1397 5229 1626 5308 κόσμον
1641 5234 1863 5284 καταλ-

296 5315 552 5371 λάσσων
571 5317 784 5384 ἐαυτῷ,
807 5320 901 5372 καὶ
920 5319 1082 5384 αὐτὸς
1099 5317 1166 5390 ἦν
1199 5318 1228 5371 ὁ
1257 5320 1446 5392 Πατὴρ
1464 5309 1637 5376 ταῦτα
1653 5321 1742 5375 διὰ
1762 5322 1856 5376 τοῦ

297 5407 619 5479 μονογενοῦς
653 5409 806 5474 Υἱοῦ,
858 5405 944 5464 οἷα
975 5411 1043 5464 δι’
1067 5412 1366 5484 ἑρμηνέως,
1399 5411 1702 5483 ἀνθρώποις
1726 5413 1858 5466 ὑπο-

1949 2149 1952 2152 ’
1978 2144 2135 2188 tatem
2164 2145 2217 2190 et
2242 2135 2321 2189 sui
2359 2135 2718 2205 cognitionem
2752 2134 3063 2188 homini-bus
3089 2131 3532 2187 communicavit.

1975 2226 2086 2281 Hoc
2117 2226 2334 2280 totidem
2368 2227 2564 2287 verbis,
2607 2225 2672 2280 ad
2704 2224 2929 2280 Galatas
2973 2225 3220 2278 scribens
3246 2223 3533 2292 Apostolus

1974 2318 2218 2380 docebat,
2252 2315 2359 2370 Lex
2392 2317 2636 2370 ordinata
2688 2333 2780 2387 per
2820 2316 3028 2386 angelos
3069 2317 3121 2370 in
3153 2330 3310 2368 manu
3339 2315 3540 2367 media-

1974 2407 2124 2461 toris.
2167 2405 2432 2459 Mediator
2467 2416 2640 2459 autem
2679 2407 2836 2459 unius
2873 2421 2974 2458 non
3009 2415 3083 2458 est
3125 2418 3145 2456 :
3193 2403 3333 2456 Deus
3368 2413 3541 2455 autem

1973 2514 2105 2551 unus
2151 2507 2225 2551 est
2268 2498 2335 2551 ⁸³.
2397 2497 2465 2550 Ει
2502 2498 2628 2551 alibi
2653 2497 2747 2561 ait,
2825 2494 2999 2550 Videte
3066 2496 3201 2564 quod
3264 2509 3356 2563 ego
3401 2507 3539 2556 sunt,

1972 2599 2019 2644 et
2049 2600 2242 2658 prteter
2276 2605 2356 2642 me
2394 2605 2496 2642 non
2527 2600 2602 2642 est
2642 2589 2778 2641 alius
2821 2587 2961 2641 Deus
2987 2587 3054 2640 ⁵⁵.
3099 2586 3257 2639 Pater
3297 2585 3386 2639 hic
3422 2592 3542 2638 erat

1973 2683 2062 2752 qui
2097 2697 2193 2750 per
2232 2681 2448 2744 Filium,
2480 2691 2735 2750 tanquam
2765 2679 3054 2749 imaginem
3088 2689 3144 2731 et
3180 2676 3535 2730 mediatorem

1974 2775 2077 2829 ista
2112 2773 2289 2827 dixit:
2329 2787 2433 2825 non
2471 2771 2615 2824 enim
2661 2784 2781 2823 cum
2817 2768 3007 2822 Isaiam
3033 2766 3280 2820 audimus
3311 2764 3544 2834 prophe-

1974 2874 2078 2919 tam
2108 2865 2396 2926 dicentem,
2422 2860 2594 2914 Filios
2622 2861 2774 2930 genui
2808 2869 2856 2913 et
2887 2857 3110 2913 exaltavi
3129 2857 3213 2921 “;
3244 2865 3296 2910 et
3320 2857 3538 2918 iterum,

1972 2955 2141 3010 Israel
2181 2965 2355 3008 autent
2385 2969 2465 3006 me
2495 2969 2597 3005 non
2629 2949 2888 3020 cognovit,
2916 2960 2963 3003 et
2995 2948 3216 3018 populus
3248 2961 3392 2999 meus
3434 2961 3539 2998 non

1972 3047 2222 3101 intellexit
2245 3046 2329 3112 ";
2361 3052 2416 3099 et
2464 3058 2669 3107 rursus,
2715 3041 2969 3096 Omnibus
3011 3039 3271 3092 sideribus
3307 3054 3398 3106 ego
3439 3037 3540 3090 im-

1971 3141 2146 3209 peravi
2168 3156 2188 3204 ;
2221 3149 2295 3205 ct,
2319 3154 2478 3191 manu
2505 3153 2618 3190 mea
2647 3135 2851 3204 ﬁrmavi
2884 3133 3070 3187 ctelunt
3090 3132 3159 3196 ³⁸,
3190 3141 3242 3186 et
3269 3147 3387 3200 quae
3415 3139 3541 3185 sunt

1970 3231 2202 3296 similia;
2226 3246 2331 3285 non
2365 3228 2584 3283 ablsaia
2614 3227 2738 3294 ista,
2769 3227 3007 3294 inquam,
3041 3224 3251 3293 prolata
3271 3225 3538 3288 dicemus,

1972 3326 2065 3380 sed
2091 3319 2121 3378 a
2154 3325 2262 3378 Deo
2290 3340 2342 3378 tn
2373 3324 2489 3392 ipso
2533 3323 2805 3390 loquente.
2835 3320 3099 3386 Quocirca
3129 3319 3304 3374 eritne
3350 3319 3539 3373 incon-

1971 3431 2164 3486 gruum
2205 3415 2431 3474 dixisse,
2465 3413 2677 3467 Patrem
2723 3425 2819 3480 per
2855 3409 3048 3464 Filium
3098 3425 3254 3464 suum
3292 3406 3540 3478 unigeni-

1971 3518 2079 3564 tum
2109 3508 2224 3563 haec
2258 3507 2606 3578 praelocutum
2640 3504 2912 3557 alﬁrmare
2967 3501 3104 3572 apud
3163 3516 3257 3555 eos
3293 3501 3382 3568 qui
3420 3500 3539 3555 istis

1968 3601 2278 3672 indigebant
2309 3599 2574 3654 mandatis
2616 3606 2672 3652 et
2721 3595 3214 3651 admonitionibus?
3243 3594 3411 3648 Erant
3441 3609 3538 3646 au-

1967 3699 2073 3746 tem
2123 3691 2264 3760 quod
2305 3698 2532 3744 testatur
2581 3687 2883 3756 Scriptura,
2920 3683 3340 3746 hi,idololatrae.
3392 3682 3539 3736 Dixit

1967 3782 2108 3837 enim
2130 3780 2384 3836 Dominus
2415 3797 2432 3834 :
2472 3777 2570 3833 Ubi
2594 3787 2717 3833 sunt
2746 3777 2824 3831 dii
2848 3776 3059 3831 illorum
3086 3779 3111 3832 ἲ
3136 3776 3390 3846 inquibus
3416 3791 3540 3828 con»

1965 3872 2238 3940 ﬁdebant,
2281 3887 2504 3942 quorum
2559 3872 2623 3924 de
2683 3869 2956 3936 sacriﬁciis
2990 3869 3192 3937 adipem
3222 3867 3538 3932 comedistis,

1965 3973 2012 4018 et
2050 3963 2251 4017 bibistis
2288 3964 2462 4016 vinum
2495 3963 2558 4015 de
2586 3962 2752 4030 epulis
2812 3977 2991 4013 eorum
3017 3976 3036 4013 :
3067 3968 3289 4027 surgant
3310 3968 3356 4011 et
3383 3958 3538 4026 adju-

1967 4066 2082 4112 vent
2114 4074 2221 4121 vos,
2272 4066 2320 4109 et
2351 4056 2482 4124 ﬁant
2517 4055 2893 4108 obumbracnla
2946 4054 3086 4106 vobis
3113 4053 3177 4105 ⁵⁸.
3211 4049 3363 4107 Nunc
3388 4049 3538 4105 hisce

1969 4148 2148 4202 verbis
2179 4147 2399 4201 adunita
2453 4156 2613 4210 sunt,
2655 4144 2862 4210 Videte,
2907 4145 3070 4199 videte
3101 4142 3238 4212 quod
3257 4158 3348 4210 ego
3384 4156 3533 4207 sum,

1966 4251 2013 4294 et
2050 4256 2152 4294 non
2182 4248 2259 4293 est
2295 4238 2431 4292 alius
2459 4248 2648 4306 prwter
2679 4251 2758 4289 me
2781 4235 2848 4289 ⁸ο.

2558 4506 2711 4562 CAP.
2755 4503 2920 4560 XXII.

1970 4602 2121 4668 Quod
2149 4601 2304 4656 etiam
2337 4600 2389 4654 in
2417 4597 2684 4721 prophetas.
2716 4598 2875 4650 Pater
2900 4612 2990 4665 per
3005 4592 3203 4647 Filium
3231 4592 3370 4646 Deus
3396 4607 3533 4660 pra:-

2669 4680 2857 4721 teatur.

2669 4680 2857 4721 lCBlllf.

2038 4764 2186 4820 Licet
2216 4778 2344 4832 ergo
2383 4760 2575 4814 millies
2613 4775 2707 4828 per
2737 4759 3050 4828 prophetam
3084 4755 3305 4818 clamet,
3338 4752 3536 4806 Pra'ter

1968 4874 2048 4911 me
2086 4872 2189 4911 non
2231 4866 2306 4910 est
2343 4855 2516 4918 Deus,
2560 4862 2616 4908 et.
2662 4863 2853 4920 pra'ter
2895 4867 2973 4902 me
3015 4866 3117 4903 non
3163 4859 3235 4902 est
3264 4848 3441 4917 justus
3485 4854 3533 4896 et

1969 4950 2234 5017 Servator,
2259 4959 2332 5015 et,
2361 4948 2526 5002 Deum
2555 4963 2655 4999 non
2685 4961 2959 5012 cognosces
2987 4952 3176 5011 pra'ter
3201 4957 3302 5006 nte,
3330 4949 3381 4993 et
3412 4936 3533 4989 Non

1969 5052 2044 5098 est
2074 5043 2165 5108 qui
2209 5049 2592 5111 servet,prteter
2623 5053 2722 5103 me,
2749 5047 2801 5092 et
2830 5052 2948 5105 qua:
2985 5036 3067 5089 his
3107 5031 3421 5102 congcmina
3458 5027 3533 5082 I’e-

1969 5145 2162 5190 runtur
2187 5136 2240 5190 in
2273 5132 2552 5203 prophetis
2580 5130 2810 5194 caeteris,
2839 5129 2977 5182 Deus
3017 5136 3128 5180 erat
3155 5135 3200 5177 et
3241 5124 3293 5176 in
3323 5120 3532 5176 Christo

1967 5229 2219 5281 mundum
2257 5227 2356 5280 sibi
2385 5224 2725 5280 reconcilians
2753 5224 2817 5282 “,
2844 5231 2897 5275 et
2927 5221 3040 5288 ipse
3083 5225 3200 5271 erat
3231 5214 3392 5267 Pater
3431 5211 3531 5264 ista

1965 5334 2062 5388 per
2115 5317 2308 5372 Filium
2375 5319 2745 5389 unigenitum,
2801 5313 2962 5366 veluti
3031 5324 3125 5379 per
3184 5307 3527 5369 ἰιιιει“ιη·θιειιι

1965 5412 2251 5482 quemdam
2312 5410 2616 5466 hominibus
2656 5406 3036 5462 subinsinuans
3081 5421 3095 5456 :
3133 5397 3226 5454 sed
3272 5409 3326 5450 et
3365 5392 3533 5447 Filius

371 5570 430 5628 ’14
467 5565 563 5636 E‘L
596 5565 793 5636 Paris.,
824 5566 1073 5635 pag.I59.
1147 5568 1377 5623 "Exod.
1406 5584 1498 5631 xx,
1521 5569 1573 5633 4,
1608 5570 1678 5635 5;
1707 5568 2174 5636 Levit.xxvn,l,2.
2225 5571 2272 5601 ⁸⁵
2308 5569 2485 5624 Galat.
2512 5567 2689 5630 "1,19.
2718 5566 2808 5620 20.
2881 5565 2926 5595 ⁸⁵
2948 5564 3097 5636 Dent.
3125 5577 3199 5627 τι,
3227 5560 3278 5616 4.
3342 5559 3388 5592 ⁸⁵
3429 5559 3529 5616 lsa.

295 5651 335 5703 ι,
373 5637 429 5690 2.
505 5635 550 5667 ⁸⁷
588 5637 720 5691 ibid.
751 5635 804 5689 5.
898 5636 944 5667 ⁸⁸
1000 5637 1101 5691 Isa.
1139 5641 1347 5705 1,1,15.
1437 5640 1483 5672 ⁵⁹
1524 5637 1632 5694 Jer.
1660 5655 1718 5707 ιι,
1747 5640 1838 5696 ‘28.

360 5811 476 5881 (2i)
513 5807 684 5879 Vulgo
712 5809 910 5880 ἑαυτῷ.

260 5885 265 5902 ‘
363 5881 478 5944 (ἐπὶ)
513 5881 680 5949 Vulgo
703 5881 1015 5934 διετέλλετο.

367 5951 478 6014 ('23)
530 5951 1055 6023 Ὑποστησαμένου
1113 5951 1253 6017 Quid
1285 5953 1396 6006 vult
1426 5953 1605 6007 nescio
1663 5971 1676 6006 :
1731 5956 1853 6019 nisi,

293 6024 382 6091 qui
433 6020 840 6078 subsistentiam
871 6020 1044 6084 dedit.
1080 6031 1130 6078 et
1165 6038 1284 6081 esse
1328 6025 1698 6082 universorum
1727 6030 1852 6083 sub-

1932 5641 1976 5672 ⁶⁰
2021 5633 2171 5696 Deut.
2201 5656 2372 5706 χχιιι,
2419 5640 2508 5694 59.
2596 5639 2638 5669 ⁶¹
2680 5636 2720 5690 ll
2759 5636 2882 5691 Cor.
2912 5650 2966 5700 ν,
3001 5633 3088 5688 19.

1962 5814 2195 5876 stantite,
2223 5813 2322 5867 hoc
2342 5822 2446 5875 est,
2479 5812 2531 5865 in
2563 5827 2682 5866 esse
2709 5810 2982 5876 produxit.
3014 5807 3083 5862 M.

2034 5884 2148 5952 (:24)
2182 5882 2356 5952 Vulgo
2385 5885 2532 5935 ἐστιν
2566 5876 2665 5946 εἷς.
2703 5883 2810 5935 Καὶ
2835 5881 3003 5949 λέγει,
3043 5879 3180 5932 ἴδετε
3205 5877 3307 5952 ὅτι.

2034 5950 2144 6023 (‘25)
2174 5950 2342 6022 Vulgo
2374 5954 2610 6019 ἐκείνου,
2646 5963 2700 6006 et
2740 5968 2883 6024 mox,
2933 5952 3134 6021 κόσμον
3161 5950 3314 6020 vulgo
3341 5959 3524 6002 errore

1962 6041 2094 6092 0n|.;
2128 6025 2247 6080 dein
2275 6024 2432 6094 vulgo
2461 6028 2572 6089 τοῖς
2607 6024 2796 6094 εὐαγγ.
