3970 6560
550 497 657 558 939

1220 492 1489 550 EUSEBII
1530 493 2005 551 C.ESARIENSIS
2045 494 2194 551 OPP.
2237 491 2417 553 PARS
2460 492 2550 550 IV.
2585 491 3078 549 —DOGMATICA.
3694 492 3783 551 960

550 631 763 689 quoque
793 617 846 672 in
885 614 1194 687 Evangelio,
1225 617 1336 687 ipse
1375 634 1538 671 unum
1580 617 1751 673 solum
1790 618 1956 675 Deum
1990 619 2109 673 inti-

2214 616 2601 687 φθεγγόμενος.
2647 614 2704 668 Ὀ
2731 612 2788 665 δὲ
2818 610 2913 665 καὶ
2935 610 3095 673 αὐτὸς
3122 610 3148 662 6
3171 608 3313 671 Υἰὸς
3360 608 3421 660 ὲν
3455 606 3783 674 Εὖαγγελίοξ

550 723 700 763 mare
762 709 973 763 videtur
1026 709 1314 779 inquiens:
1363 712 1491 766 Htec
1547 718 1622 763 est
1682 721 1853 764 autem
1906 716 1964 774 is
2015 711 2116 765 vita

549 812 769 868 a'terna,
797 811 851 856 ut
880 812 1194 873 cognoscant
1218 813 1265 857 te
1295 820 1452 856 unum
1481 804 1646 860 solum
1676 804 1857 866 Deum,
1885 813 1933 858 et
1968 821 2116 873 quem

546 893 738 948 misisti
765 893 946 949 Iesum
970 892 1232 947 Christum
1254 895 1318 947 θ’.
1363 895 1450 949 Ille
1479 906 1595 947 erat
1616 910 1744 964 ergo
1765 910 1924 949 verus
1956 894 2112 949 Deus:

548 985 641 1055 qui
674 1000 811 1043 unus
850 985 995 1041 solus
1030 992 1133 1052 est,
1169 993 1224 1039 et
1255 1000 1360 1038 non
1397 998 1481 1039 est
1518 986 1655 1039 alius
1687 996 1881 1054 praeter
1921 987 2111 1057 ipsum.

547 1076 648 1144 Qui
690 1093 796 1131 non
835 1077 1010 1132 solum
1062 1092 1158 1147 per
1202 1078 1508 1146 prophetas,
1556 1080 1649 1133 sed
1690 1088 1744 1132 et
1793 1094 1887 1147 per
1924 1077 2113 1132 Filium

547 1181 703 1222 Suum
753 1167 851 1222 ista
912 1167 1136 1236 tempori
1190 1168 1598 1231 convenientia,
1641 1167 1969 1223 idololatrico
2021 1170 2116 1223 Ju-

548 1260 787 1314 daeorum
837 1258 1032 1329 populo
1066 1260 1429 1329 prmcipiebat.
1480 1259 1741 1326 Quocirca
1783 1259 1965 1326 Isaias,
2024 1272 2115 1316 aut

550 1350 691 1405 Deus
726 1350 904 1418 potius
955 1366 1050 1420 per
1093 1351 1280 1406 lsaiaiu
1324 1352 1399 1406 ait
1438 1369 1454 1407 :
1499 1353 1702 1406 Prwter
1746 1370 1826 1407 me
1889 1369 1992 1408 non
2041 1364 2113 1407 est

546 1441 688 1495 Deus
718 1457 736 1495 :
767 1438 897 1506 Quis
940 1451 994 1494 ut
1030 1458 1143 1511 ego,
1180 1450 1287 1499 etc.
1325 1442 1427 1497 Vos
1460 1444 1580 1496 estis
1625 1451 1778 1497 testes
1809 1443 1855 1497 si
1899 1446 2013 1514 quis
2046 1445 2110 1497 sit

549 1530 688 1584 Deus
741 1540 933 1599 prmter
983 1549 1063 1584 me
1097 1533 1162 1587 ⁸³.
1215 1532 1561 1587 Subinlulit:
1612 1530 1763 1598 Quod
1809 1549 1910 1607 non
1960 1542 2110 1586 erant

546 1634 670 1676 tunc
712 1625 803 1693 qui
851 1624 1111 1693 ﬁngebant
1159 1634 1207 1679 et
1256 1625 1593 1692 sculpebant,
1640 1640 1814 1678 omnes
1860 1625 1980 1679 vani
2026 1624 2110 1695 [a-

546 1712 763 1767 cientes‘
783 1732 901 1783 qua:
946 1714 1218 1784 placebant
1267 1716 1374 1770 illis
1413 1717 1478 1771 “.
1535 1716 1745 1786 Ubique
1789 1724 1966 1771 autem
2018 1733 2113 1787 per

544 1803 687 1857 illius
744 1806 1080 1875 prophetiam
1144 1807 1267 1861 licet
1317 1808 1744 1872 animadvertas,
1791 1809 2112 1866 inanimatas

543 1895 662 1951 illas
708 1908 914 1953 statuas
952 1898 1247 1969 ﬂagellatas
1282 1919 1295 1955 :
1333 1910 1389 1956 et
1421 1900 1666 1956 similiter
1698 1902 1838 1972 apud
1876 1902 2112 1973 singulos

542 1989 926 2058 prophetarum
987 2008 1149 2047 unum
1192 1993 1355 2047 Deum
1396 1992 1634 2048 invenies
1668 1995 2016 2060 celebratum,
2055 2007 2112 2050 ut
2142 1978 2183 2032 Β

543 2091 858 2135 avertantur
888 2083 1131 2137 homines
1157 2098 1185 2137 a
1218 2082 1438 2136 deorum
1472 2082 1829 2139 multitudine.
1858 2084 1936 2138 Ad
1967 2101 2113 2140 eum-

542 2168 663 2225 dem
700 2172 912 2227 modum
949 2189 1044 2227 nos
1079 2174 1130 2228 in
1171 2190 1458 2243 congressu
1493 2189 1811 2245 quocunque
1848 2192 1969 2231 cum
2014 2193 2112 2247 pa-

542 2261 698 2331 ganis
730 2262 963 2318 solemus
1000 2266 1304 2320 doctrinam
1332 2267 1396 2321 de
1424 2266 1640 2322 Christo
1683 2268 1735 2324 in
1769 2278 1977 2339 tempus
2014 2286 2111 2340 op-

539 2362 828 2421 portunum
862 2371 1149 2424 reponere,
1184 2368 1239 2415 et
1266 2360 1316 2413 in
1354 2362 1599 2429 praesenti
1644 2363 1845 2416 erroris
1888 2363 2113 2418 idolola-

541 2444 664 2498 trici
722 2447 1155 2516 redargutionem
1215 2464 1549 2519 proponere,
1600 2459 1655 2506 et
1709 2452 1815 2507 Dei’
1854 2454 2110 2510 unitatem

542 2534 983 2593 demonstrativis
1047 2540 1347 2595 rationibus
1411 2542 1672 2600 stabilire.
1750 2545 1931 2601 Discat
1991 2548 2111 2603 ideo

540 2623 844 2694 Marcellus,
886 2630 931 2687 si
966 2641 1140 2688 tamen
1172 2634 1265 2701 qui
1308 2635 1704 2692 obveteraverit
1748 2654 1870 2694 cum
1902 2641 2115 2710 episco-

536 2727 668 2787 patu
723 2720 775 2775 in
816 2721 1053 2779 Ecclesia
1110 2726 1310 2782 Christi
1356 2728 1589 2782 nondum
1643 2729 1919 2797 didicerit,
1968 2734 2109 2802 quod

538 2810 779 2878 mysterii
833 2812 975 2868 illius
1012 2815 1309 2870 sbseonditi
1351 2816 1741 2887 intelligentia,
1786 2830 1997 2877 vetusto
2030 2821 2106 2876 illi

537 2898 733 2967 populo
780 2916 885 2955 oon
946 2907 1443 2961 communicabatur
1498 2909 1563 2963 de
1612 2908 1751 2964 Filio
1797 2910 1927 2975 Deo,
1977 2926 2106 2980 pro-

536 2998 720 3054 pterea
762 2993 902 3059 quod
953 2995 1019 3047 ah
1063 2996 1363 3051 idololatria
1404 2998 1744 3067 impendebat
1795 3001 1861 3056 iis
1894 3002 2109 3070 pericu-

538 3080 647 3134 lum
672 3120 687 3145 ,
711 3092 764 3138 et
792 3085 929 3154 quod
961 3085 1210 3142 Ecclesiae
1244 3091 1610 3145 tantummodo
1639 3094 1952 3163 mysterium
1982 3095 2108 3150 illud

536 3186 566 3224 a
601 3172 815 3239 saeculo,
855 3185 907 3229 et
953 3179 1386 3246 generationibus
1437 3181 1808 3236 absconditum
1859 3200 2106 3238 reserva.

537 3261 698 3315 batur
725 3264 1068 3330 aperiendum
1099 3266 1166 3320 ab
1218 3267 1384 3336 ipsius
1417 3272 1609 3337 gratia.
1638 3268 1695 3323 In
1723 3287 1828 3339 quo
1853 3276 2107 3344 mysterio

535 3351 605 3405 de
642 3364 822 3406 Sancta
858 3353 1120 3411 Trinitate
1151 3358 1308 3423 ratio,
1351 3360 1416 3413 de
1460 3359 1640 3427 Patre,
1675 3361 1834 3425 Filio,
1879 3330 1935 3417 et
1983 3364 2104 3432 Spi-
2135 3330 2180 3389 Ο

534 3442 643 3497 ritu
670 3454 878 3511 sancto,
910 3446 1161 3501 nimirum
1193 3451 1771 3520 comprehendebatur.
1800 3454 1960 3523 Atqui
1996 3463 2102 3507 tam

535 3533 704 3588 multa
752 3536 969 3607 collegit
1018 3540 1071 3592 in
1120 3557 1319 3604 unum,
1365 3552 1497 3611 quot
1550 3544 1632 3598 vel
1681 3546 1747 3599 de
1798 3545 2101 3599 ludeturqu

535 3637 697 3693 gente
760 3628 1074 3684 circumcisa
1127 3631 1383 3701 magister
1438 3633 1490 3686 in
1543 3631 1768 3687 Judaica
1822 3634 2104 3706 Synagoga

531 3717 1009 3774 concionabundus
1046 3732 1439 3790 coacervasset,
1482 3734 1538 3778 et
1581 3724 1840 3794 gloriatur
1880 3742 1941 3782 se
1990 3729 2103 3782 haec

535 3806 739 3861 Christi
793 3810 1069 3880 discipulis
1122 3813 1416 3880 exhibere,
1498 3817 1623 3871 dum
1678 3818 1890 3889 ignorat
1961 3823 2104 3891 quod

537 3896 707 3952 multa
747 3900 918 3954 adhuc
955 3902 1103 3971 plura
1135 3901 1349 3977 Iudaeus
1392 3908 1685 3963 secundum
1719 3924 1937 3963 carnem
1975 3927 2103 3981 pro-

541 3989 768 4045 tulisset.
811 3992 1010 4048 Horum
1060 3997 1232 4067 gratia
1275 3998 1361 4054 hic
1411 4000 1673 4055 insultat;
1708 4017 1812 4057 nou
1843 4019 2104 4059 verecun-

533 4081 693 4136 datur
745 4095 921 4139 autem
951 4089 1090 4156 quod
1126 4090 1475 4160 theologicam
1512 4093 1850 4150 verissimam
1881 4096 1947 4151 de
1978 4096 2103 4152 Ser-

532 4183 930 4232 Vatore-uostro
961 4184 1220 4236 rationem
1253 4184 1533 4252 pervertit.

1075 4278 1132 4336 >Ι<
1164 4273 1315 4328 CAP.
1364 4275 1549 4329 XXIII.

729 4361 882 4426 Quod
919 4361 1157 4417 Ecclesia
1187 4382 1288 4418 non
1322 4368 1574 4433 pra’dicat
1603 4369 1725 4422 deos
1755 4369 1909 4423 duos.

604 4452 847 4520 .nprimis
894 4470 999 4508 non
1059 4455 1313 4527 intelligit
1360 4458 1562 4511 dictum
1616 4460 1777 4513 divini
1825 4460 2097 4528 Apostoli,

532 4539 623 4607 qui
666 4540 1022 4598 diversimode
1064 4544 1217 4598 docet
1266 4560 1389 4599 esse
1429 4547 1574 4600 illum
1632 4548 1722 4603 Dei
1775 4549 2098 4618 imaginem,

535 4631 711 4685 verbis
746 4648 773 4685 a
805 4649 888 4688 me
928 4639 1216 4705 propositis
1244 4655 1259 4692 :
1290 4640 1429 4693 unde
1460 4656 1556 4709 par
1591 4640 1691 4696 luit
1729 4652 1787 4697 ut
1834 4644 2115 4715 intellige-v

533 4728 636 4788 ret,
686 4723 826 4789 quod
872 4726 1108 4781 Ecclesia
1157 4730 1249 4784 Dei
1296 4746 1400 4785 non
1452 4734 1708 4802 praedicat
1757 4734 1891 4790 duos
1945 4736 2096 4793 deos.

530 4810 663 4865 Nam
715 4829 811 4869 nec
841 4817 972 4872 duos
1008 4820 1271 4889 ingenitos
1300 4825 1471 4879 credit
1501 4833 1594 4879 aut
1640 4826 2097 4897 itnprincipiatos,

532 4913 591 4956 ut
624 4920 728 4957 non
758 4908 920 4962 semel
957 4911 1210 4977 diximus,
1242 4914 1335 4969 sed
1369 4931 1467 4971 nec
1501 4916 1636 4973 duas
1668 4921 2003 4976 substantias
2030 4938 2097 4977 ex

529 4993 756 5050 adverso
794 4998 1127 5055 introductos
1174 5003 1377 5057 honore
1417 5022 1571 5074 pares
1615 5008 1810 5062 asserit
1853 5025 1867 5063 :
1917 5009 2098 5077 itaque

527 5103 704 5157 neque
734 5091 865 5146 duos
892 5090 1041 5158 deos,
1091 5095 1183 5148 sed
1216 5096 1433 5150 unicum
1476 5099 1799 5167 principium
1833 5108 1887 5153 et
1926 5100 2091 5154 Deum

526 5180 786 5244 praedicat
826 5198 943 5236 esse
978 5184 1188 5239 Patrem
1236 5186 1443 5241 scilicet
1486 5189 1744 5257 uuigeniti
1802 5200 1857 5245 et
1912 5191 2096 5247 dilecti

527 5268 682 5335 Filii,
713 5285 872 5325 unam
910 5290 1122 5344 quoque
1161 5277 1448 5346 imaginem
1492 5279 1781 5336 invisibilis
1813 5280 1929 5347 Dei,
1978 5298 2097 5353 qua:

591 5462 649 5520 >3
687 5458 783 5513 Ed.
812 5457 1009 5526 Paris.,
1047 5474 1169 5533 pag.
1206 5462 1330 5529 HO,
1370 5464 1491 5519 Ml.

599 5638 711 5715 (ἓξ)
742 5641 909 5715 Ῡιιιεο
940 5644 988 5695 εἰ
1009 5644 1103 5715 μή·

744 5708 911 5791 ξιιιξιιι)
936 5708 1028 5791 κ-αἱ
1056 5708 1325 5791 μάρτηᾷρι
1355 5731 1501 5791 mox,
1524 5719 1804 5791 ἐπήγαγεν
1831 5721 1879 5775 6.

599 5779 713 5849 (28)
749 5782 887 5849 Περὶ
913 5784 1021 5851 τῆς
1059 5779 1336 5855 ἐπιτομῆς,
1371 5779 1497 5843 Non
1528 5779 1732 5846 estnde'
1770 5791 2092 5847 circumcisa

532 5861 692 5918 gente
747 5854 1027 5932 magister,
1074 5863 1132 5932 ut
1177 5854 1236 5932 in
1277 5860 1550 5932 versione,
1601 5861 1756 5930 quasi
1813 5862 2090 5932 legendum

533 5930 677 5978 esset
714 5921 859 5991 παρὰ
890 5933 981 5977 aut
1006 5924 1110 5977 ἀπὸ
1141 5925 1240 5995 τῆς
1272 5930 1588 6001 περιτομῆς.
1620 5921 1725 5988 Sed
1760 5921 1908 5989 τις(τῶ
1938 5933 2094 5989 lcetio

1606 5467 1650 5500 ⁸²
1691 5468 1853 5527 toan.
1885 5486 2027 5539 xvu,
2071 5473 2126 5531 3.

2218 708 2522 781 παρεδίδου,
2553 708 2649 760 ἕνα
2687 704 2843 777 μόνον
2876 702 3070 756 εἰδέναι
3112 699 3393 755 διδάσκων
3443 698 3598 763 Θεὸν,
3632 701 3685 753 ὲν
3716 696 3783 766 οἷς

2214 801 2416 872 ἔλεγεν,
2432 802 2591 869 Αὕτη
2611 800 2677 853 δέ
2689 800 2861 853 ἐστιν
2876 796 2913 864 ή
2931 794 3160 860 αἰώνιος
3180 790 3325 860 ζωὴ,
3346 793 3453 845 ἵνα
3469 790 3785 861 γινώσκωσι

2214 916 2287 954 σε
2317 897 2424 952 τὸν
2444 898 2632 967 μόνον
2674 892 2964 962 ἀληθινὸν
2998 888 3164 953 Θεὸν,
3192 887 3301 942 καὶ
3335 885 3413 940 ὃν
3443 884 3783 953 ἀπέστειλας

2227 988 2461 1057 Ἰησοῦν
2490 986 2772 1056 Χριστόν.
2808 977 2973 1046 Οῦτος
3004 976 3096 1035 οῦν
3142 981 3171 1033 ὁ
3208 976 3481 1048 ἀληθινὸς
3507 971 3575 1045 ἦν
3603 976 3782 1043 Θεὸς,δ

2214 1075 2294 1143 εἷς
2327 1078 2504 1150 μόνος,
2542 1078 2636 1131 καὶ
2665 1076 2849 1147 ἕτερος
2891 1072 2989 1126 οὐκ
3024 1070 3136 1125 ἔστι
3166 1067 3314 1139 πλὴν
3348 1064 3545 1129 αὐτοῦ’
3591 1064 3693 1135 (26)
3720 1065 3781 1137 μὴ

2216 1171 2373 1243 μόνον
2389 1168 2475 1223 διὰ
2491 1168 2597 1221 τῶν
2614 1166 2925 1239 προφητῶν,
2949 1163 3081 1218 ἀλλὰ
3096 1162 3182 1216 διὰ
3196 1159 3299 1215 τοῦ
3323 1158 3463 1212 ἰδίου
3484 1156 3612 1210 Υἱοῦ
3636 1156 3780 1209 ταῦτα

2214 1264 2334 1316 κατ’
2385 1264 2559 1315 ἐκεῖνο
2612 1258 2803 1331 καιροῦ
2843 1252 3355 1326 εἰδωλολατρεύοντι
3408 1249 3489 1320 τῷ
3546 1249 3781 1302 Ἰουδαίων

2213 1353 2629 1424 ἐγκελευόμενος
2659 1352 2819 1406 ἔθνει.
2845 1348 3048 1402 Αὐτίκα
3063 1347 3108 1400 δ’
3132 1342 3225 1401 οῦν
3248 1347 3280 1398 6
3313 1344 3571 1406 Ἡσαΐας,
3608 1340 3779 1412 μᾶλλον

2211 1448 2268 1500 δὲ
2299 1448 2325 1499 ό
2359 1445 2488 1509 Θεὸς
2536 1446 2601 1498 δι’
2630 1442 2815 1501 αὐτοῦ,
2857 1440 3024 1493 εἰπών
3047 1456 3060 1469 ⁸
3098 1438 3278 1505 Πλὴν
3325 1435 3481 1505 ἐμοῦ
3524 1437 3631 1487 οὐκ
3670 1433 3780 1486 ἔστι

2216 1539 2376 1604 Θεός.
2395 1537 2495 1603 Τίς
2506 1534 2706 1605 ὥσπερ
2726 1533 2859 1603 ἐγώ;
2885 1534 2975 1586 καὶ
2999 1530 3140 1602 ἑξῆς
3166 1529 3493 1599 Μάρτυρες
3507 1528 3614 1597 (Ξῖ)
3636 1528 3778 1596 ὑμεῖς

2211 1629 2369 1693 ἐστε,
2405 1631 2454 1682 εἰ
2500 1630 2631 1683 ἔστι
2683 1626 2826 1692 Θεὸς
2863 1623 3028 1691 πλὴν
3064 1624 3231 1692 ἐμοῦ,
3277 1622 3539 1693 ἐπήγαγε
3576 1619 3651 1671 τό·
3687 1620 3777 1671 Kal

2212 1724 2321 1775 οὐκ
2348 1717 2509 1792 ἦσαν
2555 1719 2684 1772 τότε
2726 1721 2779 1772 οἱ
2810 1716 3192 1780 πλάσσοντες
3224 1712 3329 1766 καὶ
3379 1714 3437 1765 oi
3471 1712 3773 1782 γλύφογτες

2211 1810 2431 1877 πάντες
2456 1809 2712 1880 μάταιοι,
2749 1806 3063 1872 ποιοῦντες
3087 1806 3159 1859 τὰ
3190 1804 3544 1873 καταθύμια
3583 1800 3778 1858 αὐτῶν.

2211 1900 2323 1953 Καὶ
2351 1899 2416 1952 δι’
2447 1898 2573 1971 ὅλης
2604 1898 2659 1952 δὲ
2692 1899 2789 1972 τῆς
2821 1896 2982 1951 αὐτοῦ
3017 1894 3362 1968 προφητείας
3392 1892 3575 1964 εὕροις
3612 1892 3671 1947 ἂν
3696 1909 3772 1944 κο-

2213 1991 2453 2063 πτόμενα
2485 1988 2550 2042 τὰ
2577 1988 2757 2060 ἄψυχα
2803 1986 2983 2052 ξόανα,
3015 1987 3108 2039 καὶ
3148 1984 3282 2056 παρ’
3320 1983 3543 2052 ἑκάστῳ
3570 1981 3623 2033 δὲ
3663 1997 3775 2049 προ-

2215 2084 2357 2155 φήτῃ
2404 2081 2603 2153 ὁμοίως
2647 2082 2728 2144 εἰς
2767 2078 3082 2152 ἀποτροπὴν
3122 2078 3223 2148 τῆς
3271 2074 3543 2130 πολυθέου
3594 2072 3773 2142 πλάνης

2212 2173 2301 2227 τὸν
2329 2174 2425 2227 ἕνα
2455 2173 2584 2227 Θεὸν
2609 2172 3008 2244 κηρυττόμενον
3035 2170 3312 2241 εὑρήσεις.
3345 2166 3508 2220 Οῦτω
3528 2166 3618 2219 καὶ
3637 2166 3773 2235 ἡμεῖς

2212 2267 2481 2339 εἰώθαμεν
2519 2267 2783 2340 Ἐλλήνων
2812 2269 2922 2329 τοῖς
2968 2264 3382 2335 δεισιδαίμοσιν,
3416 2258 3478 2313 ἐν
3520 2263 3626 2323 τοῖς
3656 2259 3771 2332 πρὸς

2213 2361 2406 2425 αὐτοὺς
2427 2359 2709 2429 διαλόγοις,
2744 2359 2842 2431 τὴν
2866 2357 2963 2428 μὲν
2989 2356 3115 2428 περὶ
3143 2355 3237 2408 τοῦ
3266 2353 3518 2424 Χριστοῦ
3548 2352 3770 2404 διδασκα-

2215 2453 2355 2516 λίαν,
2380 2455 2458 2516 εἰς
2497 2452 2752 2524 εὔκαιρον
2793 2448 3166 2521 ταμιεύεσθαι,
3202 2447 3347 2510 τέως
3387 2446 3445 2499 δὲ
3489 2445 3661 2505 αὐτοῖς
3685 2441 3768 2509 τῆς

2210 2541 2591 2613 εἰδωλολάτρηυ
2640 2540 2845 2611 πλάνης
2889 2537 3143 2606 ἐλέγχους
3190 2536 3534 2609 προσφέρειν
3571 2532 3658 2585 καὶ
3692 2530 3766 2581 τὸν

2209 2634 2303 2686 ἕνα
2350 2628 2486 2685 εἶναι
2527 2631 2660 2685 Θεὸν
2694 2630 3089 2690 ἀποδεικτικοῖς
3125 2625 3567 2688 κατασκευάζειν
3594 2620 3761 2688 λόγοις.

2209 2725 2538 2780 Μανθανέτω
2579 2723 2756 2777 τοίνυν
2804 2720 3140 2793 Μάρκελλος,
3191 2720 3241 2772 εἰ
3294 2716 3675 2788 καταγηράσας
3717 2713 3763 2763 ἐν

2209 2816 2479 2885 ἐπισκοπῇ
2518 2814 2616 2885 τῆς
2668 2810 2905 2887 Χριστοῦ
2964 2809 3314 2880 Ἐκκλησίας,
3364 2807 3519 2861 οὔπω
3568 2803 3656 2859 καὶ
3684 2800 3765 2853 νῦν

2211 2904 2550 2977 μεμάθηκεν,
2578 2904 2659 2957 ὅτι
2688 2901 2765 2973 τῷ
2794 2900 3006 2971 παλαιῷ
3032 2901 3145 2971 λαῷ
3174 2903 3207 2971 ἡ
3240 2900 3337 2953 τοῦ
3366 2891 3762 2967 ἀποκεκρυμμέ·

2209 3008 2299 3044 νου
2332 2991 2629 3063 μυστηρίου
2658 2993 2782 3064 περὶ
2809 2992 2902 3044 τοῦ
2933 2990 3063 3044 Υἰοῦ
3093 2990 3185 3043 τοῦ
3207 2990 3349 3043 Θεοῦ
3374 2989 3570 3058 γνῶσις
3597 2982 3765 3037 κατάλ-

2208 3079 2365 3153 ληλος
2396 3082 2641 3153 οὐδαμῶς
2673 3079 2760 3154 ἦν,
2801 3082 3102 3155 ὀλισθηρῶς
3135 3082 3315 3153 ἔχοντι
3344 3082 3481 3154 πρὸς
3508 3074 3756 3132 εἰδωλολα-

2207 3174 2414 3247 τρείαν,
2442 3176 2534 3228 καί
2554 3175 2628 3238 ὡς
2652 3176 2789 3249 μόνῃ
2809 3178 2874 3247 τῇ
2894 3176 3058 3229 αὑτοῦ
3092 3176 3396 3247 Ἐκκλησία
3417 3174 3478 3225 τὸ
3496 3170 3760 3242 μυστήριον

2209 3266 2269 3319 τὸ
2298 3267 2781 3338 ἀποκεκρυμμένον
2830 3268 2937 3321 ἀπὸ
2969 3268 3075 3320 τῶν
3114 3266 3352 3331 αἰώνων,
3392 3266 3487 3319 καὶ
3531 3262 3634 3317 ἀπὸ
3666 3259 3759 3312 τῶν

2211 3358 2429 3426 γενεῶν,
2454 3357 2541 3411 διὰ
2568 3361 2665 3429 τῆς
2698 3358 2861 3412 αὑτοῦ
2884 3358 3103 3429 χάριτος
3131 3357 3474 3429 ὲταμιεύετο.
3493 3356 3578 3429 Ἐν
3608 3346 3648 3419 ᾧ
3676 3366 3759 3418 μυ·

2214 3449 2417 3519 στηρίῳ
2454 3452 2482 3503 6
2510 3428 2636 3521 περί
2670 3451 2767 3521 τῆς
2794 3428 3205 3523 ἁγίαςΤριάδος
3238 3428 3455 3523 Πατρὸς
3495 3428 3584 3500 κᾶι
3623 3441 3754 3503 Υίοῦν

2211 3540 2304 3593 καὶ
2328 3542 2478 3609 ἁγίου
2506 3542 2816 3613 Πνεύματος
2846 3543 3149 3614 περιείχετο
3172 3542 3351 3611 λόγος.
3387 3542 3446 3593 '0
3473 3540 3528 3593 δὲ
3548 3532 3759 3590 τοσαῦτα

2213 3631 2551 3700 συναγαγὼν,
2604 3634 2703 3685 ὅσα
2748 3633 2814 3686 ἂν
2863 3633 3006 3686 εἴποι
3058 3633 3151 3687 καλ¹
3214 3632 3489 3686 Ἰουδαίων
3530 3628 3753 3681 διδάσκα-

2210 3720 2300 3785 λος
2316 3724 2444 3793 περὶ
2475 3723 2573 3793 τῆς
2610 3724 2845 3795 ἐκτομῆς
2884 3724 2995 3795 (28)
3026 3723 3228 3795 ὁμιλῶν
3258 3725 3318 3776 ἐν
3371 3720 3628 3776 Ἰουδαίων
3653 3732 3755 3767 συνο

2210 3816 2423 3884 αγωγῇ,
2477 3812 2798 3884 σεμνύνεται
2838 3817 2949 3879 τοῖς
3000 3814 3237 3886 Χριστοῦ
3295 3813 3559 3886 μαθηταῖς
3604 3805 3752 3861 ταῦτα

2211 3905 2660 3976 προϐαλλόμενος·
2707 3908 2808 3961 οὐκ
2845 3906 2998 3971 εἰδὼς
3014 3910 3096 3962 ὅτι
3131 3908 3356 3963 πλείονα
3370 3903 3530 3960 αὐτοῦ
3548 3903 3677 3955 εἴποι
3696 3896 3751 3950 ἂν

2208 4001 2237 4053 6
2270 4000 2577 4071 σωματικὸς
2616 4001 3026 4066 Ἰουδαῖος.Ἐπὶ
3057 4002 3271 4065 τούτοις
3306 4002 3406 4073 μὲν
3456 3994 3545 4051 οῦν
3596 3992 3745 4062 αὐχεῖ.

2210 4092 2321 4163 (29)
2355 4093 2451 4157 τὰς
2480 4092 2524 4146 δ’
2563 4093 2781 4166 ἀληθεῖς
2826 4095 2953 4166 περί
2988 4094 3081 4148 τοῦ
3130 4096 3382 4166 Σωτῆρος
3416 4091 3564 4163 ἡμῶν
3598 4084 3748 4141 θεολο-

2208 4188 2332 4256 γίας
2359 4188 2697 4260 διαστρέφων
2728 4190 2826 4242 οὐκ
2858 4189 3274 4256 ἐγκαλύπτεται.

2837 4279 2995 4333 ΚΕΦ.
3027 4282 3155 4335 Kl".

2316 4371 2436 4425 Ὅτι
2461 4371 2546 4440 μὴ
2577 4371 2685 4425 δύο
2717 4372 2895 4439 θεοὺς
2923 4374 2961 4442 ἡ
3009 4374 3348 4440 Ἐκκλησία
3380 4366 3656 4436 κηρύττει-

2279 4460 2485 4513 Ait-rixa.
2502 4461 2545 4513 δ’
2574 4457 2664 4514 οῦν
2685 4462 2744 4513 οὐ
2769 4460 2981 4533 συνίησι
3010 4460 3109 4523 τὰς
3131 4460 3314 4530 φωνὰς
3336 4458 3429 4513 τοῦ
3448 4454 3583 4545 θείου
3618 4448 3745 4545 Ἀπῗ-

2209 4553 2415 4615 στόλου,
2448 4553 2718 4625 διαφόρως
2748 4552 3074 4618 διδάξαντος,
3113 4553 3274 4607 αὑτὸν
3307 4548 3445 4607 εἶναι
3475 4543 3644 4601 εἰκόνα
3667 4543 3742 4591 τοῦ

2208 4645 2364 4709 Θεοῦ,
2402 4646 2468 4699 δι’
2501 4639 2575 4699 ὧν
2614 4644 2878 4716 ὲξεθέμην
2911 4644 3076 4700 αὐτοῦ
3110 4646 3308 4709 λέξεων
3330 4662 3344 4675 ·
3377 4641 3491 4697 δέον
3526 4628 3740 4690 ἐντεῦθεν

2209 4740 2465 4801 συνεῖναι,
2494 4735 2568 4800 ὠς
2600 4738 2662 4790 οὐ
2688 4736 2781 4790 δύο
2816 4737 2970 4801 θεοὺς
3001 4738 3035 4810 ἠ
3073 4736 3367 4809 Ἐκκλησία
3395 4731 3484 4787 τοῦ
3517 4722 3640 4781 Θεοῦ
3660 4734 3742 4785 κη-

2210 4827 2411 4901 ρύττει·
2447 4828 2509 4881 οὐ
2536 4828 2644 4900 γὰρ
2686 4827 2778 4881 δύο
2818 4829 3107 4899 ἀγέννητοι,
3151 4828 3271 4881 οὐδὲ
3309 4827 3402 4881 δύο
3422 4824 3637 4890 ἄναρχα,
3677 4809 3739 4869 ὡς

2206 4920 2464 4985 πολλάκις
2495 4923 2624 4993 ἡμῖν
2655 4922 2888 4994 εἴρηται,
2916 4922 3036 4975 οὐδὲ
3065 4921 3158 4974 δύο
3201 4920 3385 4982 οὐσίας
3415 4915 3471 4981 ἐξ
3506 4903 3739 5003 ίσίξτιμξῗξ

2203 4990 2774 5084 ἀντιπαρεξάιομένὰι
2819 5012 3076 5085 ἀλλήλαις
3111 5012 3221 5084 (50)
3260 5010 3482 5076 εἰσάγει·
3521 4998 3596 5055 διδ
3636 4990 3734 5085 οὐδὲ

2199 5102 2293 5157 δύο
2323 5083 2507 5169 θεοὺς,
2536 5083 2671 5159 ἀλλὰ
2701 5105 2828 5176 μίαν
2849 5083 3024 5177 ἀρχὴν
3042 5106 3136 5158 καὶ
3156 5103 3287 5157 Θεὸν
3313 5100 3468 5162 εἶναι,
3498 5093 3582 5147 τὸν
3600 5083 3735 5141 αὑτὸν

2202 5195 2419 5269 Πατέρα
2447 5196 2768 5252 διδάσκουσα
2799 5195 2937 5254 εἶναι
2958 5198 3053 5252 τοῦ
3092 5195 3405 5269 μονογενοῦς
3432 5186 3730 5278 καὶᾼάγξιπηῖ

2200 5286 2295 5340 τοῦ
2327 5288 2480 5355 Υἰοῦ,
2511 5289 2771 5354 ὡσαύτως
2798 5289 2857 5344 δὲ
2890 5289 2985 5342 καὶ
3032 5289 3160 5361 μίαν
3189 5288 3370 5342 εἰκόνα
3393 5278 3482 5337 τοῦ
3511 5276 3631 5330 Θεοῦ
3654 5280 3730 5318 του

2201 5476 2246 5507 ⁸⁸
2287 5474 2385 5531 lsa.
2415 5493 2537 5544 xcv,
2568 5477 2655 5547 Η,
2686 5479 2769 5542 18,
2805 5478 2889 5544 19,
2919 5478 3013 5535 21.
3091 5477 3135 5509 ⁸⁵
3176 5474 3305 5533 ibid.
3327 5472 3417 5529 20.

2201 5666 2284 5728 est
2325 5658 2581 5728 ἐκτομῆς.
2611 5656 2679 5711 de
2727 5655 3027 5728 excisione,
3070 5663 3126 5709 et
3176 5646 3528 5728 eradicatione
3572 5636 3717 5705 8ε¹¹¹¹⁸

2201 5726 2268 5781 ab
2300 5714 2601 5781 idololatria
2628 5745 2643 5790 ;
2686 5727 2892 5797 statim.
2917 5714 3025 5780 καῖ’
3045 5723 3380 5797 σεμνύνεται.
3420 5714 3484 5769 Μ.

2270 5798 2384 5866 (29)
2416 5799 2583 5866 Vulgo
2615 5797 2714 5866 μὲν
2746 5796 2924 5866 αὐχεῖ.

2273 5868 2385 5939 (50)
2418 5866 2587 5940 Vulgo
2609 5866 2879 5938 ἀλληλοις.
