  <div class='ocr_page' id='page_1' title='image "/cluster/home/n/w/nwhite01/storage/ocr_20150623/24/hvd.32044019207729/496.png"; bbox 0 0 3970 6588; ppageno 0'>
   <div class='ocr_carea' id='block_1_1' title="bbox 150 420 252 477">
    <p class='ocr_par' dir='ltr' id='par_1_1' title="bbox 150 420 252 477">
     <span class='ocr_line' id='line_1_1' title="bbox 150 420 252 477; baseline 0.02 -2"><span class='ocrx_word' id='word_1_1' title='bbox 150 420 252 477; x_wconf 74' lang='grc'><strong>961</strong></span> 
     </span>
    </p>
   </div>
   <div class='ocr_carea' id='block_1_2' title="bbox 1093 415 2456 485">
    <p class='ocr_par' dir='ltr' id='par_1_2' title="bbox 1093 415 2456 485">
     <span class='ocr_line' id='line_1_2' title="bbox 1093 415 2456 485; baseline 0.005 -14"><span class='ocrx_word' id='word_1_2' title='bbox 1093 415 1179 472; x_wconf 87' lang='lat' dir='ltr'><strong>DE</strong></span> <span class='ocrx_word' id='word_1_3' title='bbox 1218 415 1747 474; x_wconf 75' lang='lat' dir='ltr'><strong>ECCLESIASTICA</strong></span> <span class='ocrx_word' id='word_1_4' title='bbox 1789 417 2181 485; x_wconf 76' lang='lat' dir='ltr'><strong>THEOLOGIA</strong></span> <span class='ocrx_word' id='word_1_5' title='bbox 2231 419 2359 478; x_wconf 83' lang='lat' dir='ltr'><strong>LIB.</strong></span> <span class='ocrx_word' id='word_1_6' title='bbox 2399 419 2456 479; x_wconf 81' lang='grc' dir='ltr'><strong>ΙΙ.</strong></span> 
     </span>
    </p>
   </div>
   <div class='ocr_carea' id='block_1_3' title="bbox 3282 417 3390 477">
    <p class='ocr_par' dir='ltr' id='par_1_3' title="bbox 3282 417 3390 477">
     <span class='ocr_line' id='line_1_3' title="bbox 3282 417 3390 477; baseline -0.019 -1"><span class='ocrx_word' id='word_1_7' title='bbox 3282 417 3390 477; x_wconf 65' lang='lat'><strong>952</strong></span> 
     </span>
    </p>
   </div>
   <div class='ocr_carea' id='block_1_4' title="bbox 144 530 1735 612">
    <p class='ocr_par' dir='ltr' id='par_1_4' title="bbox 144 530 1734 612">
     <span class='ocr_line' id='line_1_4' title="bbox 144 530 1734 612; baseline -0.001 -19"><span class='ocrx_word' id='word_1_8' title='bbox 144 539 409 612; x_wconf 79' lang='grc' dir='ltr'><strong>ἀοράτου,</strong></span> <span class='ocrx_word' id='word_1_9' title='bbox 456 537 554 612; x_wconf 78' lang='grc' dir='ltr'><strong>τήν</strong></span> <span class='ocrx_word' id='word_1_10' title='bbox 594 537 767 610; x_wconf 79' lang='grc' dir='ltr'>αὑτήν</span> <span class='ocrx_word' id='word_1_11' title='bbox 816 530 981 591; x_wconf 73' lang='grc' dir='ltr'>οὖσαν</span> <span class='ocrx_word' id='word_1_12' title='bbox 1021 536 1098 608; x_wconf 81' lang='grc' dir='ltr'>τῷ</span> <span class='ocrx_word' id='word_1_13' title='bbox 1141 540 1416 608; x_wconf 90' lang='grc' dir='ltr'>μονογενεί</span> <span class='ocrx_word' id='word_1_14' title='bbox 1461 538 1555 590; x_wconf 73' lang='grc' dir='ltr'><strong>καὶ</strong></span> <span class='ocrx_word' id='word_1_15' title='bbox 1600 538 1734 606; x_wconf 83' lang='grc' dir='ltr'>ἀγα-</span> 
     </span>
    </p>
   </div>
   <div class='ocr_carea' id='block_1_5' title="bbox 1836 530 3392 612">
    <p class='ocr_par' dir='ltr' id='par_1_5' title="bbox 1836 536 3392 611">
     <span class='ocr_line' id='line_1_5' title="bbox 1836 536 3392 611; baseline 0.001 -17"><span class='ocrx_word' id='word_1_16' title='bbox 1836 541 2020 594; x_wconf 90' lang='lat' dir='ltr'><strong>eadem</strong></span> <span class='ocrx_word' id='word_1_17' title='bbox 2064 541 2134 594; x_wconf 86' lang='lat' dir='ltr'><strong>sit</strong></span> <span class='ocrx_word' id='word_1_18' title='bbox 2178 555 2297 594; x_wconf 90' lang='lat' dir='ltr'><strong>cum</strong></span> <span class='ocrx_word' id='word_1_19' title='bbox 2335 539 2609 611; x_wconf 79' lang='lat' dir='ltr'><strong>unigenito</strong></span> <span class='ocrx_word' id='word_1_20' title='bbox 2651 550 2707 595; x_wconf 90' lang='lat' dir='ltr'><strong>et</strong></span> <span class='ocrx_word' id='word_1_21' title='bbox 2739 538 2933 596; x_wconf 88' lang='lat' dir='ltr'><strong>dilecto</strong></span> <span class='ocrx_word' id='word_1_22' title='bbox 2973 537 3148 594; x_wconf 83' lang='lat' dir='ltr'><strong>Filio:</strong></span> <span class='ocrx_word' id='word_1_23' title='bbox 3179 536 3392 595; x_wconf 86' lang='lat' dir='ltr'><strong>etiamsi</strong></span> 
     </span>
    </p>
   </div>
   <div class='ocr_carea' id='block_1_6' title="bbox 146 627 1728 702">
    <p class='ocr_par' dir='ltr' id='par_1_6' title="bbox 146 627 1728 702">
     <span class='ocr_line' id='line_1_6' title="bbox 146 627 1728 702; baseline 0 -19"><span class='ocrx_word' id='word_1_24' title='bbox 146 630 311 701; x_wconf 68' lang='grc' dir='ltr'>πητῷ</span> <span class='ocrx_word' id='word_1_25' title='bbox 328 629 443 701; x_wconf 83' lang='grc' dir='ltr'><strong>Υἰῷ</strong></span> <span class='ocrx_word' id='word_1_26' title='bbox 466 629 650 696; x_wconf 75' lang='grc' dir='ltr'>αὑτοῦ,</span> <span class='ocrx_word' id='word_1_27' title='bbox 674 628 779 682; x_wconf 76' lang='grc' dir='ltr'><strong>κᾶν</strong></span> <span class='ocrx_word' id='word_1_28' title='bbox 794 628 928 702; x_wconf 83' lang='grc' dir='ltr'><strong>λέγῃ</strong></span> <span class='ocrx_word' id='word_1_29' title='bbox 946 627 1002 680; x_wconf 87' lang='grc' dir='ltr'>δὲ</span> <span class='ocrx_word' id='word_1_30' title='bbox 1029 630 1057 681; x_wconf 84' lang='grc' dir='ltr'><strong>ὁ</strong></span> <span class='ocrx_word' id='word_1_31' title='bbox 1092 628 1431 693; x_wconf 82' lang='grc' dir='ltr'>Ἀπόστολος,</span> <span class='ocrx_word' id='word_1_32' title='bbox 1466 627 1728 697; x_wconf 85' lang='grc' dir='ltr'>Θεολογῶν</span> 
     </span>
    </p>
   </div>
   <div class='ocr_carea' id='block_1_7' title="bbox 145 718 1729 792">
    <p class='ocr_par' dir='ltr' id='par_1_7' title="bbox 145 718 1729 792">
     <span class='ocr_line' id='line_1_7' title="bbox 145 718 1729 792; baseline -0.002 -17"><span class='ocrx_word' id='word_1_33' title='bbox 145 723 240 775; x_wconf 73' lang='grc' dir='ltr'><strong>τὸν</strong></span> <span class='ocrx_word' id='word_1_34' title='bbox 271 722 509 792; x_wconf 81' lang='grc' dir='ltr'><strong>Πατέρα·</strong></span> <span class='ocrx_word' id='word_1_35' title='bbox 547 722 608 774; x_wconf 76' lang='lat'><strong>&#39;0</strong></span> <span class='ocrx_word' id='word_1_36' title='bbox 633 721 923 791; x_wconf 79' lang='grc' dir='ltr'>μακάριος</span> <span class='ocrx_word' id='word_1_37' title='bbox 948 720 1044 773; x_wconf 82' lang='grc' dir='ltr'>καὶ</span> <span class='ocrx_word' id='word_1_38' title='bbox 1072 721 1261 789; x_wconf 81' lang='grc' dir='ltr'><em>μόνος</em></span> <span class='ocrx_word' id='word_1_39' title='bbox 1282 718 1607 787; x_wconf 78' lang='grc' dir='ltr'><strong>δυνάστης,</strong></span> <span class='ocrx_word' id='word_1_40' title='bbox 1636 721 1729 773; x_wconf 78' lang='grc' dir='ltr'>καὶ</span> 
     </span>
    </p>
   </div>
   <div class='ocr_carea' id='block_1_8' title="bbox 146 810 1731 882">
    <p class='ocr_par' dir='ltr' id='par_1_8' title="bbox 146 810 1731 882">
     <span class='ocr_line' id='line_1_8' title="bbox 146 810 1731 882; baseline -0.001 -16"><span class='ocrx_word' id='word_1_41' title='bbox 146 814 335 866; x_wconf 72' lang='grc' dir='ltr'>πάλινο</span> <span class='ocrx_word' id='word_1_42' title='bbox 357 814 607 882; x_wconf 71' lang='grc' dir='ltr'>Ὀμόνος</span> <span class='ocrx_word' id='word_1_43' title='bbox 623 813 778 882; x_wconf 78' lang='grc' dir='ltr'>ἔχων</span> <span class='ocrx_word' id='word_1_44' title='bbox 790 812 1147 877; x_wconf 78' lang='grc' dir='ltr'><strong>ἀθανασίαν,</strong></span> <span class='ocrx_word' id='word_1_45' title='bbox 1163 810 1287 880; x_wconf 71' lang='grc' dir='ltr'><strong>φῶς</strong></span> <span class='ocrx_word' id='word_1_46' title='bbox 1308 810 1487 865; x_wconf 76' lang='grc' dir='ltr'>οἰκῶν</span> <span class='ocrx_word' id='word_1_47' title='bbox 1512 811 1731 879; x_wconf 80' lang='grc' dir='ltr'>ἀπρόσ-</span> 
     </span>
    </p>
   </div>
   <div class='ocr_carea' id='block_1_9' title="bbox 152 898 1725 968">
    <p class='ocr_par' dir='ltr' id='par_1_9' title="bbox 152 898 1725 968">
     <span class='ocr_line' id='line_1_9' title="bbox 152 898 1725 968; baseline 0.001 -13"><span class='ocrx_word' id='word_1_48' title='bbox 152 921 313 966; x_wconf 80' lang='grc' dir='ltr'>ιτον,</span> <span class='ocrx_word' id='word_1_49' title='bbox 374 904 468 956; x_wconf 71' lang='grc' dir='ltr'>καὶ</span> <span class='ocrx_word' id='word_1_50' title='bbox 515 898 690 965; x_wconf 65' lang='grc' dir='ltr'>αὖθις*</span> <span class='ocrx_word' id='word_1_51' title='bbox 748 900 829 968; x_wconf 84' lang='grc' dir='ltr'><strong>Τῷ</strong></span> <span class='ocrx_word' id='word_1_52' title='bbox 881 900 951 955; x_wconf 82' lang='grc' dir='ltr'>δὲ</span> <span class='ocrx_word' id='word_1_53' title='bbox 1008 901 1260 966; x_wconf 68' lang='grc' dir='ltr'>,Βασιλεῖ</span> <span class='ocrx_word' id='word_1_54' title='bbox 1311 901 1430 955; x_wconf 78' lang='grc' dir='ltr'><strong>τῶν</strong></span> <span class='ocrx_word' id='word_1_55' title='bbox 1478 902 1725 967; x_wconf 76' lang='grc' dir='ltr'>αἰώνων,</span> 
     </span>
    </p>
   </div>
   <div class='ocr_carea' id='block_1_10' title="bbox 146 994 1730 1065">
    <p class='ocr_par' dir='ltr' id='par_1_10' title="bbox 146 994 1730 1065">
     <span class='ocr_line' id='line_1_10' title="bbox 146 994 1730 1065; baseline -0.001 -15"><span class='ocrx_word' id='word_1_56' title='bbox 146 997 450 1065; x_wconf 60' lang='grc' dir='ltr'>ἁρθάρτῳ,</span> <span class='ocrx_word' id='word_1_57' title='bbox 492 994 740 1065; x_wconf 83' lang='grc' dir='ltr'><strong>ἀοράτῳ,</strong></span> <span class='ocrx_word' id='word_1_58' title='bbox 782 996 947 1065; x_wconf 82' lang='grc' dir='ltr'>μόνῳ</span> <span class='ocrx_word' id='word_1_59' title='bbox 1002 994 1140 1060; x_wconf 83' lang='grc' dir='ltr'>Θεῷ,</span> <span class='ocrx_word' id='word_1_60' title='bbox 1194 995 1284 1048; x_wconf 72' lang='grc' dir='ltr'><strong>καὶ</strong></span> <span class='ocrx_word' id='word_1_61' title='bbox 1327 995 1505 1050; x_wconf 87' lang='grc' dir='ltr'>πάλιν·</span> <span class='ocrx_word' id='word_1_62' title='bbox 1553 999 1730 1062; x_wconf 75' lang='grc' dir='ltr'><strong>Μόνῳ</strong></span> 
     </span>
    </p>
   </div>
   <div class='ocr_carea' id='block_1_11' title="bbox 146 1084 1730 1155">
    <p class='ocr_par' dir='ltr' id='par_1_11' title="bbox 146 1084 1730 1155">
     <span class='ocr_line' id='line_1_11' title="bbox 146 1084 1730 1155; baseline -0.008 -5"><span class='ocrx_word' id='word_1_63' title='bbox 146 1088 322 1155; x_wconf 56' lang='grc' dir='ltr'><strong>σορῷ</strong></span> <span class='ocrx_word' id='word_1_64' title='bbox 368 1086 491 1153; x_wconf 86' lang='grc' dir='ltr'>Θεῷ</span> <span class='ocrx_word' id='word_1_65' title='bbox 532 1086 630 1141; x_wconf 82' lang='grc' dir='ltr'>διὰ</span> <span class='ocrx_word' id='word_1_66' title='bbox 672 1084 867 1155; x_wconf 83' lang='grc' dir='ltr'><strong>Ἰησοῦ</strong></span> <span class='ocrx_word' id='word_1_67' title='bbox 910 1085 1167 1154; x_wconf 75' lang='grc' dir='ltr'><strong>Χριστοῦ</strong></span> <span class='ocrx_word' id='word_1_68' title='bbox 1203 1087 1241 1155; x_wconf 73' lang='grc' dir='ltr'>ἡ</span> <span class='ocrx_word' id='word_1_69' title='bbox 1276 1086 1425 1151; x_wconf 83' lang='grc' dir='ltr'>δόξα</span> <span class='ocrx_word' id='word_1_70' title='bbox 1463 1088 1550 1154; x_wconf 83' lang='grc' dir='ltr'><strong>εἰς</strong></span> <span class='ocrx_word' id='word_1_71' title='bbox 1588 1087 1730 1152; x_wconf 82' lang='grc' dir='ltr'>τοὺς</span> 
     </span>
    </p>
   </div>
   <div class='ocr_carea' id='block_1_12' title="bbox 145 1176 1729 1248">
    <p class='ocr_par' dir='ltr' id='par_1_12' title="bbox 145 1176 1729 1248">
     <span class='ocr_line' id='line_1_12' title="bbox 145 1176 1729 1248; baseline 0 -18"><span class='ocrx_word' id='word_1_72' title='bbox 145 1178 391 1243; x_wconf 68' lang='grc' dir='ltr'>αἰῶνας,</span> <span class='ocrx_word' id='word_1_73' title='bbox 427 1177 608 1248; x_wconf 78' lang='grc' dir='ltr'>ἀμήν.</span> <span class='ocrx_word' id='word_1_74' title='bbox 639 1176 757 1231; x_wconf 84' lang='grc' dir='ltr'>Κᾶν</span> <span class='ocrx_word' id='word_1_75' title='bbox 782 1176 981 1229; x_wconf 80' lang='grc' dir='ltr'>τούτων</span> <span class='ocrx_word' id='word_1_76' title='bbox 1022 1176 1099 1229; x_wconf 77' lang='grc' dir='ltr'>ἔτι</span> <span class='ocrx_word' id='word_1_77' title='bbox 1133 1178 1351 1231; x_wconf 78' lang='grc' dir='ltr'>πλείονα</span> <span class='ocrx_word' id='word_1_78' title='bbox 1394 1177 1601 1247; x_wconf 80' lang='grc' dir='ltr'>λέγοιτο</span> <span class='ocrx_word' id='word_1_79' title='bbox 1649 1179 1729 1241; x_wconf 89' lang='grc' dir='ltr'><strong>εἰς</strong></span> 
     </span>
    </p>
   </div>
   <div class='ocr_carea' id='block_1_13' title="bbox 142 1268 1728 1339">
    <p class='ocr_par' dir='ltr' id='par_1_13' title="bbox 142 1268 1728 1339">
     <span class='ocr_line' id='line_1_13' title="bbox 142 1268 1728 1339; baseline 0 -16"><span class='ocrx_word' id='word_1_80' title='bbox 142 1270 461 1339; x_wconf 79' lang='grc' dir='ltr'>δοξολογίαν</span> <span class='ocrx_word' id='word_1_81' title='bbox 493 1270 587 1324; x_wconf 87' lang='grc' dir='ltr'><strong>τοῦ</strong></span> <span class='ocrx_word' id='word_1_82' title='bbox 613 1269 732 1333; x_wconf 80' lang='grc' dir='ltr'>ἐνὸς</span> <span class='ocrx_word' id='word_1_83' title='bbox 762 1270 855 1323; x_wconf 77' lang='grc' dir='ltr'>καὶ</span> <span class='ocrx_word' id='word_1_84' title='bbox 880 1269 974 1322; x_wconf 73' lang='grc' dir='ltr'>ἐπὶ</span> <span class='ocrx_word' id='word_1_85' title='bbox 1002 1268 1215 1323; x_wconf 88' lang='grc' dir='ltr'>πάντων</span> <span class='ocrx_word' id='word_1_86' title='bbox 1241 1270 1375 1324; x_wconf 91' lang='grc' dir='ltr'>Θεοῦ</span> <span class='ocrx_word' id='word_1_87' title='bbox 1404 1271 1497 1325; x_wconf 72' lang='grc' dir='ltr'><strong>καὶ</strong></span> <span class='ocrx_word' id='word_1_88' title='bbox 1525 1270 1728 1324; x_wconf 81' lang='grc' dir='ltr'>τούτων</span> 
     </span>
    </p>
   </div>
   <div class='ocr_carea' id='block_1_14' title="bbox 149 1358 1729 1435">
    <p class='ocr_par' dir='ltr' id='par_1_14' title="bbox 149 1358 1729 1435">
     <span class='ocr_line' id='line_1_14' title="bbox 149 1358 1729 1435; baseline 0.001 -19"><span class='ocrx_word' id='word_1_89' title='bbox 149 1364 409 1417; x_wconf 80' lang='grc' dir='ltr'>ἁπάντων</span> <span class='ocrx_word' id='word_1_90' title='bbox 437 1362 545 1434; x_wconf 81' lang='grc' dir='ltr'><strong>χρὴ</strong></span> <span class='ocrx_word' id='word_1_91' title='bbox 577 1365 715 1417; x_wconf 86' lang='grc' dir='ltr'>νοεῖν</span> <span class='ocrx_word' id='word_1_92' title='bbox 744 1361 931 1416; x_wconf 82' lang='grc' dir='ltr'>εἰκόνα</span> <span class='ocrx_word' id='word_1_93' title='bbox 978 1358 1116 1418; x_wconf 72' lang='grc' dir='ltr'>εἶναι</span> <span class='ocrx_word' id='word_1_94' title='bbox 1154 1363 1247 1416; x_wconf 84' lang='grc' dir='ltr'><strong>τὸν</strong></span> <span class='ocrx_word' id='word_1_95' title='bbox 1298 1363 1559 1435; x_wconf 83' lang='grc' dir='ltr'>μονογενῆ</span> <span class='ocrx_word' id='word_1_96' title='bbox 1602 1362 1729 1418; x_wconf 80' lang='grc' dir='ltr'>Υἱὸν</span> 
     </span>
    </p>
   </div>
   <div class='ocr_carea' id='block_1_15' title="bbox 145 1454 1730 1529">
    <p class='ocr_par' dir='ltr' id='par_1_15' title="bbox 145 1454 1730 1529">
     <span class='ocr_line' id='line_1_15' title="bbox 145 1454 1730 1529; baseline -0.001 -19"><span class='ocrx_word' id='word_1_97' title='bbox 145 1457 244 1510; x_wconf 72' lang='grc' dir='ltr'><strong>τοῦ</strong></span> <span class='ocrx_word' id='word_1_98' title='bbox 290 1455 429 1509; x_wconf 83' lang='grc' dir='ltr'>Θεοῦ</span> <span class='ocrx_word' id='word_1_99' title='bbox 461 1457 559 1526; x_wconf 83' lang='grc' dir='ltr'><strong>οὐχ</strong></span> <span class='ocrx_word' id='word_1_100' title='bbox 589 1455 665 1519; x_wconf 85' lang='grc' dir='ltr'>ὡς</span> <span class='ocrx_word' id='word_1_101' title='bbox 698 1455 892 1526; x_wconf 74' lang='grc' dir='ltr'>ἀψύχῳ</span> <span class='ocrx_word' id='word_1_102' title='bbox 929 1455 1049 1529; x_wconf 82' lang='grc' dir='ltr'>ῦλῃ,</span> <span class='ocrx_word' id='word_1_103' title='bbox 1080 1456 1193 1510; x_wconf 83' lang='grc' dir='ltr'>ἀλλ’</span> <span class='ocrx_word' id='word_1_104' title='bbox 1227 1456 1303 1519; x_wconf 88' lang='grc' dir='ltr'>ὼς</span> <span class='ocrx_word' id='word_1_105' title='bbox 1333 1458 1391 1509; x_wconf 81' lang='grc' dir='ltr'>ὲν</span> <span class='ocrx_word' id='word_1_106' title='bbox 1425 1455 1539 1526; x_wconf 85' lang='grc' dir='ltr'>Υἰῷ</span> <span class='ocrx_word' id='word_1_107' title='bbox 1568 1454 1730 1519; x_wconf 79' lang='grc' dir='ltr'>ζῶντι</span> 
     </span>
    </p>
   </div>
   <div class='ocr_carea' id='block_1_16' title="bbox 153 1544 1729 1616">
    <p class='ocr_par' dir='ltr' id='par_1_16' title="bbox 153 1544 1729 1616">
     <span class='ocr_line' id='line_1_16' title="bbox 153 1544 1729 1616; baseline 0.003 -20"><span class='ocrx_word' id='word_1_108' title='bbox 153 1544 618 1615; x_wconf 82' lang='grc' dir='ltr'>μεμορφωμένην·</span> <span class='ocrx_word' id='word_1_109' title='bbox 651 1544 753 1597; x_wconf 80' lang='grc' dir='ltr'><strong>κᾶν</strong></span> <span class='ocrx_word' id='word_1_110' title='bbox 787 1546 947 1609; x_wconf 79' lang='grc' dir='ltr'>αὐτὸς</span> <span class='ocrx_word' id='word_1_111' title='bbox 976 1548 1004 1599; x_wconf 87' lang='grc' dir='ltr'><strong>ὁ</strong></span> <span class='ocrx_word' id='word_1_112' title='bbox 1053 1545 1242 1616; x_wconf 87' lang='grc' dir='ltr'>Σωτὴρ</span> <span class='ocrx_word' id='word_1_113' title='bbox 1285 1546 1445 1616; x_wconf 86' lang='grc' dir='ltr'>μόνον</span> <span class='ocrx_word' id='word_1_114' title='bbox 1474 1544 1729 1615; x_wconf 82' lang='grc' dir='ltr'>ἀληθινὸν</span> 
     </span>
    </p>
   </div>
   <div class='ocr_carea' id='block_1_17' title="bbox 147 1632 1730 1711">
    <p class='ocr_par' dir='ltr' id='par_1_17' title="bbox 147 1632 1730 1711">
     <span class='ocr_line' id='line_1_17' title="bbox 147 1632 1730 1711; baseline 0.002 -22"><span class='ocrx_word' id='word_1_115' title='bbox 147 1634 284 1691; x_wconf 75' lang='grc' dir='ltr'>Θεὸν</span> <span class='ocrx_word' id='word_1_116' title='bbox 330 1637 563 1711; x_wconf 79' lang='grc' dir='ltr'><strong>διδάσκῃ</strong></span> <span class='ocrx_word' id='word_1_117' title='bbox 605 1632 745 1691; x_wconf 72' lang='grc' dir='ltr'>εἶναι</span> <span class='ocrx_word' id='word_1_118' title='bbox 789 1638 883 1692; x_wconf 82' lang='grc' dir='ltr'><strong>τὸν</strong></span> <span class='ocrx_word' id='word_1_119' title='bbox 910 1638 1127 1710; x_wconf 82' lang='grc' dir='ltr'><strong>Πατέρα</strong></span> <span class='ocrx_word' id='word_1_120' title='bbox 1160 1637 1357 1707; x_wconf 84' lang='grc' dir='ltr'>λέγων,</span> <span class='ocrx_word' id='word_1_121' title='bbox 1393 1639 1520 1692; x_wconf 80' lang='grc' dir='ltr'><strong>Ἵνα</strong></span> <span class='ocrx_word' id='word_1_122' title='bbox 1562 1639 1730 1709; x_wconf 61' lang='lat' dir='ltr'><strong>de)-</strong></span> 
     </span>
    </p>
   </div>
   <div class='ocr_carea' id='block_1_18' title="bbox 148 1730 1731 1801">
    <p class='ocr_par' dir='ltr' id='par_1_18' title="bbox 148 1730 1731 1801">
     <span class='ocr_line' id='line_1_18' title="bbox 148 1730 1731 1801; baseline 0.001 -18"><span class='ocrx_word' id='word_1_123' title='bbox 148 1730 350 1784; x_wconf 81' lang='grc' dir='ltr'>σκωσί</span> <span class='ocrx_word' id='word_1_124' title='bbox 395 1744 471 1784; x_wconf 81' lang='grc' dir='ltr'><strong>σε</strong></span> <span class='ocrx_word' id='word_1_125' title='bbox 512 1731 620 1784; x_wconf 84' lang='grc' dir='ltr'>τὸν</span> <span class='ocrx_word' id='word_1_126' title='bbox 673 1733 868 1800; x_wconf 75' lang='grc' dir='ltr'>μόνον</span> <span class='ocrx_word' id='word_1_127' title='bbox 916 1731 1206 1801; x_wconf 78' lang='grc' dir='ltr'><strong>ἀληθινὸν</strong></span> <span class='ocrx_word' id='word_1_128' title='bbox 1253 1731 1420 1796; x_wconf 81' lang='grc' dir='ltr'>Θεὸν,</span> <span class='ocrx_word' id='word_1_129' title='bbox 1468 1732 1581 1786; x_wconf 79' lang='grc' dir='ltr'>ἀλλ’</span> <span class='ocrx_word' id='word_1_130' title='bbox 1630 1734 1731 1786; x_wconf 79' lang='grc' dir='ltr'><strong>οὐκ</strong></span> 
     </span>
    </p>
   </div>
   <div class='ocr_carea' id='block_1_19' title="bbox 152 1823 1729 1896">
    <p class='ocr_par' dir='ltr' id='par_1_19' title="bbox 152 1823 1729 1896">
     <span class='ocr_line' id='line_1_19' title="bbox 152 1823 1729 1896; baseline 0.001 -21"><span class='ocrx_word' id='word_1_131' title='bbox 152 1823 493 1893; x_wconf 81' lang='grc' dir='ltr'>ἀποκνητέον</span> <span class='ocrx_word' id='word_1_132' title='bbox 521 1825 615 1877; x_wconf 73' lang='grc' dir='ltr'><strong>καὶ</strong></span> <span class='ocrx_word' id='word_1_133' title='bbox 652 1823 811 1877; x_wconf 75' lang='grc' dir='ltr'>αὑτὸν</span> <span class='ocrx_word' id='word_1_134' title='bbox 857 1823 987 1877; x_wconf 83' lang='grc' dir='ltr'>Θεὸν</span> <span class='ocrx_word' id='word_1_135' title='bbox 1029 1823 1278 1894; x_wconf 81' lang='grc' dir='ltr'>ἀληθινὸν</span> <span class='ocrx_word' id='word_1_136' title='bbox 1320 1824 1620 1896; x_wconf 81' lang='grc' dir='ltr'>ὁμολογεῖν,</span> <span class='ocrx_word' id='word_1_137' title='bbox 1653 1824 1729 1889; x_wconf 85' lang='grc' dir='ltr'>ὡς</span> 
     </span>
    </p>
   </div>
   <div class='ocr_carea' id='block_1_20' title="bbox 1830 631 3394 702">
    <p class='ocr_par' dir='ltr' id='par_1_20' title="bbox 1830 631 3394 702">
     <span class='ocr_line' id='line_1_20' title="bbox 1830 631 3394 702; baseline 0.003 -18"><span class='ocrx_word' id='word_1_138' title='bbox 1830 632 1972 686; x_wconf 87' lang='lat' dir='ltr'><strong>dicat</strong></span> <span class='ocrx_word' id='word_1_139' title='bbox 2014 631 2331 702; x_wconf 84' lang='lat' dir='ltr'><strong>Apostolus,</strong></span> <span class='ocrx_word' id='word_1_140' title='bbox 2374 633 2631 688; x_wconf 89' lang='lat' dir='ltr'><strong>deilicans</strong></span> <span class='ocrx_word' id='word_1_141' title='bbox 2680 633 2928 699; x_wconf 89' lang='lat' dir='ltr'><strong>Patrem,</strong></span> <span class='ocrx_word' id='word_1_142' title='bbox 2977 632 3081 699; x_wconf 83' lang='lat' dir='ltr'><strong>Qui</strong></span> <span class='ocrx_word' id='word_1_143' title='bbox 3122 632 3303 687; x_wconf 78' lang='lat' dir='ltr'><strong>beatus</strong></span> <span class='ocrx_word' id='word_1_144' title='bbox 3344 642 3394 689; x_wconf 85' lang='grc' dir='ltr'><strong>ει</strong></span> 
     </span>
    </p>
   </div>
   <div class='ocr_carea' id='block_1_21' title="bbox 1830 728 3396 797">
    <p class='ocr_par' dir='ltr' id='par_1_21' title="bbox 1830 728 3396 797">
     <span class='ocr_line' id='line_1_21' title="bbox 1830 728 3396 797; baseline 0.001 -16"><span class='ocrx_word' id='word_1_145' title='bbox 1830 728 1972 783; x_wconf 78' lang='lat' dir='ltr'><strong>solus</strong></span> <span class='ocrx_word' id='word_1_146' title='bbox 2010 738 2188 797; x_wconf 78' lang='lat' dir='ltr'><strong>potens</strong></span> <span class='ocrx_word' id='word_1_147' title='bbox 2223 740 2295 784; x_wconf 83' lang='grc' dir='ltr'><strong>εει</strong></span> <span class='ocrx_word' id='word_1_148' title='bbox 2322 730 2387 781; x_wconf 77' lang='grc'><strong>⁸⁵.</strong></span> <span class='ocrx_word' id='word_1_149' title='bbox 2420 729 2487 783; x_wconf 89' lang='grc' dir='ltr'>Ει</span> <span class='ocrx_word' id='word_1_150' title='bbox 2533 745 2745 794; x_wconf 83' lang='lat' dir='ltr'><strong>rursus,</strong></span> <span class='ocrx_word' id='word_1_151' title='bbox 2788 728 2889 795; x_wconf 83' lang='lat' dir='ltr'><strong>Qui</strong></span> <span class='ocrx_word' id='word_1_152' title='bbox 2922 729 3065 783; x_wconf 79' lang='lat' dir='ltr'><strong>solus</strong></span> <span class='ocrx_word' id='word_1_153' title='bbox 3096 728 3243 783; x_wconf 83' lang='lat' dir='ltr'><strong>habet</strong></span> <span class='ocrx_word' id='word_1_154' title='bbox 3292 729 3396 782; x_wconf 77' lang='lat' dir='ltr'><strong>im-</strong></span> 
     </span>
    </p>
   </div>
   <div class='ocr_carea' id='block_1_22' title="bbox 1828 819 3397 886">
    <p class='ocr_par' dir='ltr' id='par_1_22' title="bbox 1828 819 3397 886">
     <span class='ocr_line' id='line_1_22' title="bbox 1828 819 3397 886; baseline 0.003 -14"><span class='ocrx_word' id='word_1_155' title='bbox 1828 819 2220 886; x_wconf 78' lang='lat' dir='ltr'><strong>mortalitatem,</strong></span> <span class='ocrx_word' id='word_1_156' title='bbox 2252 821 2416 875; x_wconf 83' lang='lat' dir='ltr'><strong>lucem</strong></span> <span class='ocrx_word' id='word_1_157' title='bbox 2456 821 2696 875; x_wconf 77' lang='lat' dir='ltr'><strong>habitans</strong></span> <span class='ocrx_word' id='word_1_158' title='bbox 2746 825 3062 875; x_wconf 74' lang='lat' dir='ltr'><strong>inaccessam</strong></span> <span class='ocrx_word' id='word_1_159' title='bbox 3086 821 3151 876; x_wconf 76' lang='lat'><strong>“.</strong></span> <span class='ocrx_word' id='word_1_160' title='bbox 3186 822 3252 876; x_wconf 88' lang='lat' dir='ltr'><strong>Et</strong></span> <span class='ocrx_word' id='word_1_161' title='bbox 3296 823 3397 877; x_wconf 87' lang='lat' dir='ltr'><strong>ite-</strong></span> 
     </span>
    </p>
   </div>
   <div class='ocr_carea' id='block_1_23' title="bbox 1832 910 3395 981">
    <p class='ocr_par' dir='ltr' id='par_1_23' title="bbox 1832 910 3395 981">
     <span class='ocr_line' id='line_1_23' title="bbox 1832 910 3395 981; baseline 0.001 -16"><span class='ocrx_word' id='word_1_162' title='bbox 1832 927 1971 976; x_wconf 89' lang='lat' dir='ltr'><strong>rum,</strong></span> <span class='ocrx_word' id='word_1_163' title='bbox 2016 910 2143 981; x_wconf 84' lang='lat' dir='ltr'><strong>Regi</strong></span> <span class='ocrx_word' id='word_1_164' title='bbox 2173 921 2345 966; x_wconf 81' lang='lat' dir='ltr'><strong>autem</strong></span> <span class='ocrx_word' id='word_1_165' title='bbox 2379 912 2714 977; x_wconf 65' lang='lat' dir='ltr'><strong>circulorum,</strong></span> <span class='ocrx_word' id='word_1_166' title='bbox 2755 912 3171 981; x_wconf 86' lang='lat' dir='ltr'><strong>incorruptibili,</strong></span> <span class='ocrx_word' id='word_1_167' title='bbox 3208 914 3395 968; x_wconf 70' lang='lat' dir='ltr'><strong>invisi-</strong></span> 
     </span>
    </p>
   </div>
   <div class='ocr_carea' id='block_1_24' title="bbox 1831 1000 3393 1071">
    <p class='ocr_par' dir='ltr' id='par_1_24' title="bbox 1831 1000 3393 1071">
     <span class='ocr_line' id='line_1_24' title="bbox 1831 1000 3393 1071; baseline 0.002 -17"><span class='ocrx_word' id='word_1_168' title='bbox 1831 1001 1941 1065; x_wconf 89' lang='lat' dir='ltr'><strong>bili,</strong></span> <span class='ocrx_word' id='word_1_169' title='bbox 1985 1001 2084 1055; x_wconf 77' lang='lat' dir='ltr'><strong>soli</strong></span> <span class='ocrx_word' id='word_1_170' title='bbox 2122 1000 2224 1055; x_wconf 87' lang='lat' dir='ltr'><strong>Deo</strong></span> <span class='ocrx_word' id='word_1_171' title='bbox 2253 1002 2317 1055; x_wconf 82' lang='grc'><strong>⁶”.</strong></span> <span class='ocrx_word' id='word_1_172' title='bbox 2351 1000 2414 1055; x_wconf 85' lang='grc' dir='ltr'>Ει</span> <span class='ocrx_word' id='word_1_173' title='bbox 2451 1004 2667 1065; x_wconf 84' lang='lat' dir='ltr'><strong>iterum,</strong></span> <span class='ocrx_word' id='word_1_174' title='bbox 2713 1000 2827 1056; x_wconf 83' lang='lat' dir='ltr'><strong>Soli</strong></span> <span class='ocrx_word' id='word_1_175' title='bbox 2872 1004 3095 1071; x_wconf 73' lang='lat' dir='ltr'><strong>sapienti</strong></span> <span class='ocrx_word' id='word_1_176' title='bbox 3132 1003 3259 1067; x_wconf 78' lang='lat' dir='ltr'><strong>Deo,</strong></span> <span class='ocrx_word' id='word_1_177' title='bbox 3298 1019 3393 1071; x_wconf 81' lang='lat' dir='ltr'><strong>per</strong></span> 
     </span>
    </p>
   </div>
   <div class='ocr_carea' id='block_1_25' title="bbox 1829 1092 3391 1164">
    <p class='ocr_par' dir='ltr' id='par_1_25' title="bbox 1829 1092 3391 1164">
     <span class='ocr_line' id='line_1_25' title="bbox 1829 1092 3391 1164; baseline 0 -18"><span class='ocrx_word' id='word_1_178' title='bbox 1829 1092 2008 1146; x_wconf 74' lang='lat' dir='ltr'><strong>luunt</strong></span> <span class='ocrx_word' id='word_1_179' title='bbox 2057 1092 2323 1147; x_wconf 74' lang='lat' dir='ltr'><strong>Christum</strong></span> <span class='ocrx_word' id='word_1_180' title='bbox 2364 1094 2432 1147; x_wconf 72' lang='lat' dir='ltr'><strong>sit</strong></span> <span class='ocrx_word' id='word_1_181' title='bbox 2480 1094 2648 1164; x_wconf 84' lang='lat' dir='ltr'><strong>gloria</strong></span> <span class='ocrx_word' id='word_1_182' title='bbox 2697 1095 2754 1147; x_wconf 87' lang='lat' dir='ltr'><strong>in</strong></span> <span class='ocrx_word' id='word_1_183' title='bbox 2801 1094 2994 1147; x_wconf 69' lang='lat' dir='ltr'><strong>uacula</strong></span> <span class='ocrx_word' id='word_1_184' title='bbox 3044 1095 3391 1161; x_wconf 65' lang='lat' dir='ltr'><strong>saeculorum,</strong></span> 
     </span>
    </p>
   </div>
   <div class='ocr_carea' id='block_1_26' title="bbox 1829 1184 3392 1254">
    <p class='ocr_par' dir='ltr' id='par_1_26' title="bbox 1829 1184 3392 1254">
     <span class='ocr_line' id='line_1_26' title="bbox 1829 1184 3392 1254; baseline 0 -16"><span class='ocrx_word' id='word_1_185' title='bbox 1829 1184 1991 1238; x_wconf 79' lang='lat' dir='ltr'><strong>Amen</strong></span> <span class='ocrx_word' id='word_1_186' title='bbox 2027 1184 2091 1239; x_wconf 70' lang='grc'><strong>⁵⁸.</strong></span> <span class='ocrx_word' id='word_1_187' title='bbox 2146 1184 2307 1238; x_wconf 88' lang='lat' dir='ltr'><strong>Plura</strong></span> <span class='ocrx_word' id='word_1_188' title='bbox 2366 1184 2542 1239; x_wconf 88' lang='lat' dir='ltr'><strong>adhuc</strong></span> <span class='ocrx_word' id='word_1_189' title='bbox 2595 1199 2717 1239; x_wconf 90' lang='lat' dir='ltr'><strong>cum</strong></span> <span class='ocrx_word' id='word_1_190' title='bbox 2775 1194 3022 1254; x_wconf 87' lang='lat' dir='ltr'><strong>poterant</strong></span> <span class='ocrx_word' id='word_1_191' title='bbox 3074 1184 3291 1254; x_wconf 80' lang='lat' dir='ltr'><strong>allegari</strong></span> <span class='ocrx_word' id='word_1_192' title='bbox 3340 1186 3392 1239; x_wconf 90' lang='lat' dir='ltr'><strong>in</strong></span> 
     </span>
    </p>
   </div>
   <div class='ocr_carea' id='block_1_27' title="bbox 1829 1276 3395 1347">
    <p class='ocr_par' dir='ltr' id='par_1_27' title="bbox 1829 1276 3395 1347">
     <span class='ocr_line' id='line_1_27' title="bbox 1829 1276 3395 1347; baseline -0.001 -16"><span class='ocrx_word' id='word_1_193' title='bbox 1829 1277 2006 1332; x_wconf 88' lang='lat' dir='ltr'><strong>Patris</strong></span> <span class='ocrx_word' id='word_1_194' title='bbox 2046 1276 2383 1347; x_wconf 82' lang='lat' dir='ltr'><strong>doxulogiam</strong></span> <span class='ocrx_word' id='word_1_195' title='bbox 2411 1318 2427 1343; x_wconf 94' lang='lat'><strong>,</strong></span> <span class='ocrx_word' id='word_1_196' title='bbox 2468 1278 2559 1346; x_wconf 89' lang='lat' dir='ltr'><strong>qui</strong></span> <span class='ocrx_word' id='word_1_197' title='bbox 2594 1293 2730 1332; x_wconf 87' lang='lat' dir='ltr'><strong>unus</strong></span> <span class='ocrx_word' id='word_1_198' title='bbox 2761 1287 2875 1342; x_wconf 89' lang='lat' dir='ltr'><strong>est,</strong></span> <span class='ocrx_word' id='word_1_199' title='bbox 2922 1286 2977 1332; x_wconf 92' lang='lat' dir='ltr'><strong>et</strong></span> <span class='ocrx_word' id='word_1_200' title='bbox 3022 1293 3182 1347; x_wconf 84' lang='lat' dir='ltr'><strong>super</strong></span> <span class='ocrx_word' id='word_1_201' title='bbox 3213 1280 3395 1333; x_wconf 89' lang='lat' dir='ltr'><strong>omnia</strong></span> 
     </span>
    </p>
   </div>
   <div class='ocr_carea' id='block_1_28' title="bbox 1832 1367 3398 1439">
    <p class='ocr_par' dir='ltr' id='par_1_28' title="bbox 1832 1367 3398 1439">
     <span class='ocr_line' id='line_1_28' title="bbox 1832 1367 3398 1439; baseline 0.002 -18"><span class='ocrx_word' id='word_1_202' title='bbox 1832 1367 2005 1432; x_wconf 89' lang='lat' dir='ltr'><strong>Deus,</strong></span> <span class='ocrx_word' id='word_1_203' title='bbox 2034 1384 2262 1438; x_wconf 89' lang='lat' dir='ltr'><strong>quorum</strong></span> <span class='ocrx_word' id='word_1_204' title='bbox 2309 1371 2548 1423; x_wconf 79' lang='lat' dir='ltr'><strong>ninnium</strong></span> <span class='ocrx_word' id='word_1_205' title='bbox 2592 1383 2743 1423; x_wconf 87' lang='lat' dir='ltr'><strong>mens</strong></span> <span class='ocrx_word' id='word_1_206' title='bbox 2784 1378 2899 1433; x_wconf 88' lang='lat' dir='ltr'><strong>est,</strong></span> <span class='ocrx_word' id='word_1_207' title='bbox 2942 1377 2999 1422; x_wconf 92' lang='lat' dir='ltr'><strong>ut</strong></span> <span class='ocrx_word' id='word_1_208' title='bbox 3034 1368 3398 1439; x_wconf 68' lang='lat' dir='ltr'><strong>intelligamus</strong></span> 
     </span>
    </p>
   </div>
   <div class='ocr_carea' id='block_1_29' title="bbox 1828 1459 3397 1530">
    <p class='ocr_par' dir='ltr' id='par_1_29' title="bbox 1828 1459 3397 1530">
     <span class='ocr_line' id='line_1_29' title="bbox 1828 1459 3397 1530; baseline 0.001 -17"><span class='ocrx_word' id='word_1_209' title='bbox 1828 1459 2024 1515; x_wconf 84' lang='lat' dir='ltr'><strong>Filium</strong></span> <span class='ocrx_word' id='word_1_210' title='bbox 2077 1461 2409 1530; x_wconf 89' lang='lat' dir='ltr'><strong>unigenitum</strong></span> <span class='ocrx_word' id='word_1_211' title='bbox 2460 1460 2551 1516; x_wconf 86' lang='lat' dir='ltr'><strong>Dei</strong></span> <span class='ocrx_word' id='word_1_212' title='bbox 2602 1475 2724 1516; x_wconf 88' lang='lat' dir='ltr'><strong>esse</strong></span> <span class='ocrx_word' id='word_1_213' title='bbox 2771 1460 3055 1530; x_wconf 84' lang='lat' dir='ltr'><strong>imaginem</strong></span> <span class='ocrx_word' id='word_1_214' title='bbox 3107 1475 3211 1513; x_wconf 89' lang='lat' dir='ltr'><strong>non</strong></span> <span class='ocrx_word' id='word_1_215' title='bbox 3252 1461 3397 1515; x_wconf 89' lang='lat' dir='ltr'><strong>utin</strong></span> 
     </span>
    </p>
   </div>
   <div class='ocr_carea' id='block_1_30' title="bbox 1830 1548 3395 1616">
    <p class='ocr_par' dir='ltr' id='par_1_30' title="bbox 1830 1548 3395 1616">
     <span class='ocr_line' id='line_1_30' title="bbox 1830 1548 3395 1616; baseline -0.001 -12"><span class='ocrx_word' id='word_1_216' title='bbox 1830 1551 2049 1604; x_wconf 82' lang='lat' dir='ltr'><strong>materia</strong></span> <span class='ocrx_word' id='word_1_217' title='bbox 2086 1550 2331 1616; x_wconf 87' lang='lat' dir='ltr'><strong>inanimi,</strong></span> <span class='ocrx_word' id='word_1_218' title='bbox 2371 1551 2464 1605; x_wconf 84' lang='lat' dir='ltr'><strong>sed</strong></span> <span class='ocrx_word' id='word_1_219' title='bbox 2495 1560 2551 1605; x_wconf 92' lang='lat' dir='ltr'><strong>ut</strong></span> <span class='ocrx_word' id='word_1_220' title='bbox 2584 1552 2636 1604; x_wconf 90' lang='lat' dir='ltr'><strong>in</strong></span> <span class='ocrx_word' id='word_1_221' title='bbox 2676 1548 2811 1604; x_wconf 89' lang='lat' dir='ltr'><strong>Filio</strong></span> <span class='ocrx_word' id='word_1_222' title='bbox 2843 1550 2964 1604; x_wconf 86' lang='lat' dir='ltr'><strong>vivo</strong></span> <span class='ocrx_word' id='word_1_223' title='bbox 3007 1550 3395 1612; x_wconf 86' lang='lat' dir='ltr'><strong>assimilatam;</strong></span> 
     </span>
    </p>
   </div>
   <div class='ocr_carea' id='block_1_31' title="bbox 1829 1641 3486 1713">
    <p class='ocr_par' dir='ltr' id='par_1_31' title="bbox 1829 1641 3486 1713">
     <span class='ocr_line' id='line_1_31' title="bbox 1829 1641 3486 1713; baseline 0 -17"><span class='ocrx_word' id='word_1_224' title='bbox 1829 1643 1958 1713; x_wconf 88' lang='lat' dir='ltr'><strong>quin</strong></span> <span class='ocrx_word' id='word_1_225' title='bbox 2000 1651 2053 1696; x_wconf 90' lang='lat' dir='ltr'><strong>et</strong></span> <span class='ocrx_word' id='word_1_226' title='bbox 2093 1643 2207 1711; x_wconf 86' lang='lat' dir='ltr'><strong>ipse</strong></span> <span class='ocrx_word' id='word_1_227' title='bbox 2238 1641 2494 1697; x_wconf 85' lang='lat' dir='ltr'><strong>Servatur</strong></span> <span class='ocrx_word' id='word_1_228' title='bbox 2531 1658 2652 1697; x_wconf 88' lang='lat' dir='ltr'><strong>cum</strong></span> <span class='ocrx_word' id='word_1_229' title='bbox 2686 1643 2850 1697; x_wconf 88' lang='lat' dir='ltr'><strong>Deum</strong></span> <span class='ocrx_word' id='word_1_230' title='bbox 2894 1658 3054 1696; x_wconf 79' lang='lat' dir='ltr'><strong>unum</strong></span> <span class='ocrx_word' id='word_1_231' title='bbox 3096 1644 3269 1697; x_wconf 90' lang='lat' dir='ltr'><strong>solum</strong></span> <span class='ocrx_word' id='word_1_232' title='bbox 3312 1657 3400 1696; x_wconf 68' lang='grc' dir='ltr'><strong>γε·</strong></span> <span class='ocrx_word' id='word_1_233' title='bbox 3482 1666 3486 1670; x_wconf 91' lang='grc'><strong>·</strong></span> 
     </span>
    </p>
   </div>
   <div class='ocr_carea' id='block_1_32' title="bbox 1830 1729 3399 1800">
    <p class='ocr_par' dir='ltr' id='par_1_32' title="bbox 1830 1729 3399 1800">
     <span class='ocr_line' id='line_1_32' title="bbox 1830 1729 3399 1800; baseline -0.001 -15"><span class='ocrx_word' id='word_1_234' title='bbox 1830 1746 1946 1785; x_wconf 92' lang='lat' dir='ltr'><strong>rum</strong></span> <span class='ocrx_word' id='word_1_235' title='bbox 1978 1745 2097 1785; x_wconf 91' lang='lat' dir='ltr'><strong>esse</strong></span> <span class='ocrx_word' id='word_1_236' title='bbox 2131 1732 2342 1796; x_wconf 83' lang='lat' dir='ltr'><strong>doceat,</strong></span> <span class='ocrx_word' id='word_1_237' title='bbox 2389 1731 2658 1800; x_wconf 88' lang='lat' dir='ltr'><strong>inquiens,</strong></span> <span class='ocrx_word' id='word_1_238' title='bbox 2698 1729 2767 1784; x_wconf 80' lang='lat' dir='ltr'><strong>Ut</strong></span> <span class='ocrx_word' id='word_1_239' title='bbox 2809 1742 3116 1798; x_wconf 77' lang='lat' dir='ltr'><strong>cognoscant</strong></span> <span class='ocrx_word' id='word_1_240' title='bbox 3153 1744 3202 1784; x_wconf 80' lang='lat' dir='ltr'><strong>te</strong></span> <span class='ocrx_word' id='word_1_241' title='bbox 3238 1746 3399 1784; x_wconf 87' lang='lat' dir='ltr'><strong>unum</strong></span> 
     </span>
    </p>
   </div>
   <div class='ocr_carea' id='block_1_33' title="bbox 1829 1823 3399 1894">
    <p class='ocr_par' dir='ltr' id='par_1_33' title="bbox 1829 1823 3399 1894">
     <span class='ocr_line' id='line_1_33' title="bbox 1829 1823 3399 1894; baseline 0 -17"><span class='ocrx_word' id='word_1_242' title='bbox 1829 1824 1993 1877; x_wconf 77' lang='lat' dir='ltr'><strong>solum</strong></span> <span class='ocrx_word' id='word_1_243' title='bbox 2021 1840 2197 1879; x_wconf 83' lang='lat' dir='ltr'><strong>verum</strong></span> <span class='ocrx_word' id='word_1_244' title='bbox 2232 1828 2398 1879; x_wconf 83' lang='lat' dir='ltr'><strong>Deum</strong></span> <span class='ocrx_word' id='word_1_245' title='bbox 2421 1824 2464 1855; x_wconf 84' lang='grc'><strong>⁶⁹</strong></span> <span class='ocrx_word' id='word_1_246' title='bbox 2490 1842 2505 1891; x_wconf 89' lang='grc'><strong>;</strong></span> <span class='ocrx_word' id='word_1_247' title='bbox 2541 1823 2635 1879; x_wconf 89' lang='lat' dir='ltr'><strong>sed</strong></span> <span class='ocrx_word' id='word_1_248' title='bbox 2664 1839 2768 1879; x_wconf 92' lang='lat' dir='ltr'><strong>non</strong></span> <span class='ocrx_word' id='word_1_249' title='bbox 2803 1834 2979 1878; x_wconf 87' lang='lat' dir='ltr'><strong>tamen</strong></span> <span class='ocrx_word' id='word_1_250' title='bbox 3006 1838 3314 1894; x_wconf 88' lang='lat' dir='ltr'><strong>gravemur,</strong></span> <span class='ocrx_word' id='word_1_251' title='bbox 3344 1833 3399 1877; x_wconf 86' lang='lat' dir='ltr'><strong>et</strong></span> 
     </span>
    </p>
   </div>
   <div class='ocr_carea' id='block_1_34' title="bbox 150 1890 1735 1987">
    <p class='ocr_par' dir='ltr' id='par_1_34' title="bbox 150 1914 1729 1987">
     <span class='ocr_line' id='line_1_34' title="bbox 150 1914 1729 1987; baseline 0.001 -20"><span class='ocrx_word' id='word_1_252' title='bbox 150 1916 207 1968; x_wconf 83' lang='grc' dir='ltr'>ἐν</span> <span class='ocrx_word' id='word_1_253' title='bbox 239 1915 434 1980; x_wconf 80' lang='grc' dir='ltr'>εἰκόνι,</span> <span class='ocrx_word' id='word_1_254' title='bbox 478 1915 575 1969; x_wconf 69' lang='grc' dir='ltr'><strong>καὶ</strong></span> <span class='ocrx_word' id='word_1_255' title='bbox 619 1914 774 1968; x_wconf 87' lang='grc' dir='ltr'>τοῦτο</span> <span class='ocrx_word' id='word_1_256' title='bbox 818 1916 1172 1987; x_wconf 80' lang='grc' dir='ltr'>κεκτημένον·</span> <span class='ocrx_word' id='word_1_257' title='bbox 1219 1916 1305 1970; x_wconf 81' lang='grc' dir='ltr'><strong>ἵνα</strong></span> <span class='ocrx_word' id='word_1_258' title='bbox 1346 1918 1381 1987; x_wconf 86' lang='grc' dir='ltr'><strong>ή</strong></span> <span class='ocrx_word' id='word_1_259' title='bbox 1426 1915 1520 1969; x_wconf 90' lang='grc' dir='ltr'><strong>τοῦ</strong></span> <span class='ocrx_word' id='word_1_260' title='bbox 1568 1916 1729 1987; x_wconf 89' lang='grc' dir='ltr'>μόνου</span> 
     </span>
    </p>
   </div>
   <div class='ocr_carea' id='block_1_35' title="bbox 1836 1890 3400 1987">
    <p class='ocr_par' dir='ltr' id='par_1_35' title="bbox 1836 1913 3400 1982">
     <span class='ocr_line' id='line_1_35' title="bbox 1836 1913 3400 1982; baseline -0.004 -12"><span class='ocrx_word' id='word_1_261' title='bbox 1836 1932 2014 1970; x_wconf 87' lang='lat' dir='ltr'><strong>verum</strong></span> <span class='ocrx_word' id='word_1_262' title='bbox 2047 1916 2209 1970; x_wconf 88' lang='lat' dir='ltr'><strong>Deum</strong></span> <span class='ocrx_word' id='word_1_263' title='bbox 2237 1916 2507 1980; x_wconf 81' lang='lat' dir='ltr'><strong>conﬁteri,</strong></span> <span class='ocrx_word' id='word_1_264' title='bbox 2535 1925 2591 1970; x_wconf 87' lang='lat' dir='ltr'><strong>et</strong></span> <span class='ocrx_word' id='word_1_265' title='bbox 2619 1914 2815 1970; x_wconf 88' lang='lat' dir='ltr'><strong>Filium</strong></span> <span class='ocrx_word' id='word_1_266' title='bbox 2860 1913 3021 1968; x_wconf 82' lang='lat' dir='ltr'><strong>veluti</strong></span> <span class='ocrx_word' id='word_1_267' title='bbox 3065 1913 3117 1967; x_wconf 89' lang='lat' dir='ltr'><strong>in</strong></span> <span class='ocrx_word' id='word_1_268' title='bbox 3165 1913 3400 1982; x_wconf 80' lang='lat' dir='ltr'><strong>imagine</strong></span> 
     </span>
    </p>
   </div>
   <div class='ocr_carea' id='block_1_36' title="bbox 151 2006 1731 2079">
    <p class='ocr_par' dir='ltr' id='par_1_36' title="bbox 151 2006 1731 2079">
     <span class='ocr_line' id='line_1_36' title="bbox 151 2006 1731 2079; baseline 0.001 -19"><span class='ocrx_word' id='word_1_269' title='bbox 151 2006 440 2079; x_wconf 78' lang='grc' dir='ltr'>προσθήκη</span> <span class='ocrx_word' id='word_1_270' title='bbox 474 2007 619 2078; x_wconf 84' lang='grc' dir='ltr'>μόνῳ</span> <span class='ocrx_word' id='word_1_271' title='bbox 650 2006 727 2078; x_wconf 83' lang='grc' dir='ltr'>τῷ</span> <span class='ocrx_word' id='word_1_272' title='bbox 750 2008 944 2079; x_wconf 75' lang='grc' dir='ltr'>Πατρὶ,</span> <span class='ocrx_word' id='word_1_273' title='bbox 972 2006 1047 2071; x_wconf 84' lang='grc' dir='ltr'>ὡς</span> <span class='ocrx_word' id='word_1_274' title='bbox 1076 2007 1142 2062; x_wconf 86' lang='grc' dir='ltr'>ἂν</span> <span class='ocrx_word' id='word_1_275' title='bbox 1173 2006 1285 2077; x_wconf 72' lang='lat' dir='ltr'><strong>(3i)</strong></span> <span class='ocrx_word' id='word_1_276' title='bbox 1317 2007 1606 2078; x_wconf 79' lang='grc' dir='ltr'>ἀρχετύπῳ</span> <span class='ocrx_word' id='word_1_277' title='bbox 1634 2007 1731 2078; x_wconf 88' lang='grc' dir='ltr'><strong>τῆς</strong></span> 
     </span>
    </p>
   </div>
   <div class='ocr_carea' id='block_1_37' title="bbox 148 2096 1732 2168">
    <p class='ocr_par' dir='ltr' id='par_1_37' title="bbox 148 2096 1732 2168">
     <span class='ocr_line' id='line_1_37' title="bbox 148 2096 1732 2168; baseline 0.001 -18"><span class='ocrx_word' id='word_1_278' title='bbox 148 2099 382 2163; x_wconf 82' lang='grc' dir='ltr'>εἰκόνος,</span> <span class='ocrx_word' id='word_1_279' title='bbox 429 2097 662 2168; x_wconf 75' lang='grc' dir='ltr'>ἀρμόζῃ.</span> <span class='ocrx_word' id='word_1_280' title='bbox 703 2097 1024 2167; x_wconf 87' lang='grc' dir='ltr'>Σαφέστατα</span> <span class='ocrx_word' id='word_1_281' title='bbox 1056 2096 1187 2166; x_wconf 86' lang='grc' dir='ltr'>γοῦν</span> <span class='ocrx_word' id='word_1_282' title='bbox 1214 2097 1399 2150; x_wconf 88' lang='grc' dir='ltr'>εἰκόνα</span> <span class='ocrx_word' id='word_1_283' title='bbox 1426 2098 1532 2151; x_wconf 78' lang='grc' dir='ltr'><strong>καὶ</strong></span> <span class='ocrx_word' id='word_1_284' title='bbox 1557 2098 1732 2151; x_wconf 83' lang='grc' dir='ltr'>ἀπαύ-</span> 
     </span>
    </p>
   </div>
   <div class='ocr_carea' id='block_1_38' title="bbox 146 2184 1732 2260">
    <p class='ocr_par' dir='ltr' id='par_1_38' title="bbox 146 2184 1732 2260">
     <span class='ocr_line' id='line_1_38' title="bbox 146 2184 1732 2260; baseline 0.001 -19"><span class='ocrx_word' id='word_1_285' title='bbox 146 2205 341 2259; x_wconf 84' lang='grc' dir='ltr'>γασμα</span> <span class='ocrx_word' id='word_1_286' title='bbox 367 2188 463 2242; x_wconf 91' lang='grc' dir='ltr'><strong>τοῦ</strong></span> <span class='ocrx_word' id='word_1_287' title='bbox 487 2190 697 2259; x_wconf 71' lang='grc' dir='ltr'>[ἰατρὸς</span> <span class='ocrx_word' id='word_1_288' title='bbox 722 2190 780 2242; x_wconf 83' lang='grc' dir='ltr'>ὲν</span> <span class='ocrx_word' id='word_1_289' title='bbox 809 2191 990 2260; x_wconf 80' lang='grc' dir='ltr'>μορφῇ</span> <span class='ocrx_word' id='word_1_290' title='bbox 1013 2205 1075 2241; x_wconf 89' lang='grc' dir='ltr'><strong>τε</strong></span> <span class='ocrx_word' id='word_1_291' title='bbox 1104 2188 1197 2243; x_wconf 88' lang='grc' dir='ltr'><strong>τοῦ</strong></span> <span class='ocrx_word' id='word_1_292' title='bbox 1224 2187 1360 2242; x_wconf 88' lang='grc' dir='ltr'>Θεοῦ</span> <span class='ocrx_word' id='word_1_293' title='bbox 1393 2184 1538 2242; x_wconf 77' lang='grc' dir='ltr'>εἶναι</span> <span class='ocrx_word' id='word_1_294' title='bbox 1569 2190 1732 2243; x_wconf 76' lang='grc' dir='ltr'>αὑτὸν</span> 
     </span>
    </p>
   </div>
   <div class='ocr_carea' id='block_1_39' title="bbox 151 2278 1733 2351">
    <p class='ocr_par' dir='ltr' id='par_1_39' title="bbox 151 2278 1733 2351">
     <span class='ocr_line' id='line_1_39' title="bbox 151 2278 1733 2351; baseline 0.002 -19"><span class='ocrx_word' id='word_1_295' title='bbox 151 2282 179 2332; x_wconf 85' lang='grc' dir='ltr'><strong>ό</strong></span> <span class='ocrx_word' id='word_1_296' title='bbox 221 2280 510 2343; x_wconf 83' lang='grc' dir='ltr'><strong>θεσπέσιος</strong></span> <span class='ocrx_word' id='word_1_297' title='bbox 546 2278 748 2343; x_wconf 77' lang='grc' dir='ltr'>ἐδίδαξε</span> <span class='ocrx_word' id='word_1_298' title='bbox 783 2280 1015 2347; x_wconf 86' lang='grc' dir='ltr'>Παῦλος,</span> <span class='ocrx_word' id='word_1_299' title='bbox 1053 2278 1129 2344; x_wconf 85' lang='grc' dir='ltr'>ὡς</span> <span class='ocrx_word' id='word_1_300' title='bbox 1157 2280 1245 2335; x_wconf 82' lang='grc' dir='ltr'><strong>διά</strong></span> <span class='ocrx_word' id='word_1_301' title='bbox 1288 2280 1395 2334; x_wconf 85' lang='grc' dir='ltr'><strong>τῶν</strong></span> <span class='ocrx_word' id='word_1_302' title='bbox 1425 2280 1733 2351; x_wconf 76' lang='grc' dir='ltr'>ἔμπροσθεν</span> 
     </span>
    </p>
   </div>
   <div class='ocr_carea' id='block_1_40' title="bbox 152 2362 1736 2440">
    <p class='ocr_par' dir='ltr' id='par_1_40' title="bbox 152 2362 1736 2440">
     <span class='ocr_line' id='line_1_40' title="bbox 152 2362 1736 2440; baseline 0.001 -20"><span class='ocrx_word' id='word_1_303' title='bbox 152 2368 528 2421; x_wconf 73' lang='grc' dir='ltr'>ἀποδέδεικται</span> <span class='ocrx_word' id='word_1_304' title='bbox 561 2385 575 2397; x_wconf 84' lang='grc'><strong>·</strong></span> <span class='ocrx_word' id='word_1_305' title='bbox 648 2366 838 2440; x_wconf 82' lang='grc' dir='ltr'>ὥσπερ</span> <span class='ocrx_word' id='word_1_306' title='bbox 899 2364 992 2423; x_wconf 84' lang='grc' dir='ltr'><strong>οῦν</strong></span> <span class='ocrx_word' id='word_1_307' title='bbox 1068 2368 1189 2433; x_wconf 83' lang='grc' dir='ltr'>ὲνδς</span> <span class='ocrx_word' id='word_1_308' title='bbox 1250 2368 1560 2439; x_wconf 80' lang='grc' dir='ltr'>ὑφεστῶτος</span> <span class='ocrx_word' id='word_1_309' title='bbox 1623 2362 1736 2422; x_wconf 82' lang='grc' dir='ltr'><strong>Πά-</strong></span> 
     </span>
    </p>
   </div>
   <div class='ocr_carea' id='block_1_41' title="bbox 152 2457 1734 2531">
    <p class='ocr_par' dir='ltr' id='par_1_41' title="bbox 152 2457 1734 2531">
     <span class='ocr_line' id='line_1_41' title="bbox 152 2457 1734 2531; baseline 0.003 -22"><span class='ocrx_word' id='word_1_310' title='bbox 152 2458 298 2527; x_wconf 83' lang='grc' dir='ltr'>τρὸς,</span> <span class='ocrx_word' id='word_1_311' title='bbox 352 2458 445 2511; x_wconf 77' lang='grc' dir='ltr'><strong>καὶ</strong></span> <span class='ocrx_word' id='word_1_312' title='bbox 509 2457 629 2523; x_wconf 78' lang='grc' dir='ltr'>ἐνὸς</span> <span class='ocrx_word' id='word_1_313' title='bbox 691 2457 821 2512; x_wconf 86' lang='grc' dir='ltr'>Υἱοῦ</span> <span class='ocrx_word' id='word_1_314' title='bbox 878 2458 1074 2528; x_wconf 85' lang='grc' dir='ltr'>φύντος</span> <span class='ocrx_word' id='word_1_315' title='bbox 1107 2462 1173 2513; x_wconf 79' lang='grc' dir='ltr'>ὲκ</span> <span class='ocrx_word' id='word_1_316' title='bbox 1221 2459 1315 2514; x_wconf 86' lang='grc' dir='ltr'><strong>τοῦ</strong></span> <span class='ocrx_word' id='word_1_317' title='bbox 1362 2460 1574 2531; x_wconf 86' lang='grc' dir='ltr'>Πατρὸς</span> <span class='ocrx_word' id='word_1_318' title='bbox 1634 2461 1734 2513; x_wconf 79' lang='grc' dir='ltr'><strong>οὐκ</strong></span> 
     </span>
    </p>
   </div>
   <div class='ocr_carea' id='block_1_42' title="bbox 153 2549 1734 2623">
    <p class='ocr_par' dir='ltr' id='par_1_42' title="bbox 153 2549 1734 2623">
     <span class='ocr_line' id='line_1_42' title="bbox 153 2549 1734 2623; baseline 0.001 -20"><span class='ocrx_word' id='word_1_319' title='bbox 153 2551 217 2603; x_wconf 81' lang='grc' dir='ltr'>ἄν</span> <span class='ocrx_word' id='word_1_320' title='bbox 262 2566 351 2613; x_wconf 86' lang='grc' dir='ltr'><strong>τις</strong></span> <span class='ocrx_word' id='word_1_321' title='bbox 391 2550 666 2622; x_wconf 73' lang='grc' dir='ltr'>εὐφρονῶν</span> <span class='ocrx_word' id='word_1_322' title='bbox 710 2549 853 2604; x_wconf 78' lang='grc' dir='ltr'>εἴποι</span> <span class='ocrx_word' id='word_1_323' title='bbox 883 2552 976 2604; x_wconf 87' lang='grc' dir='ltr'>δύο</span> <span class='ocrx_word' id='word_1_324' title='bbox 1016 2552 1259 2623; x_wconf 79' lang='grc' dir='ltr'>πατέρας</span> <span class='ocrx_word' id='word_1_325' title='bbox 1301 2552 1586 2623; x_wconf 84' lang='grc' dir='ltr'>ὑπάρχειν,</span> <span class='ocrx_word' id='word_1_326' title='bbox 1613 2554 1734 2607; x_wconf 81' lang='grc' dir='ltr'>οὐδὲ</span> 
     </span>
    </p>
   </div>
   <div class='ocr_carea' id='block_1_43' title="bbox 146 2636 1732 2715">
    <p class='ocr_par' dir='ltr' id='par_1_43' title="bbox 146 2636 1732 2715">
     <span class='ocr_line' id='line_1_43' title="bbox 146 2636 1732 2715; baseline 0.003 -22"><span class='ocrx_word' id='word_1_327' title='bbox 146 2636 303 2705; x_wconf 70' lang='grc' dir='ltr'>⁸υἱοὺς</span> <span class='ocrx_word' id='word_1_328' title='bbox 348 2641 461 2697; x_wconf 76' lang='grc' dir='ltr'>δύο.</span> <span class='ocrx_word' id='word_1_329' title='bbox 506 2643 617 2695; x_wconf 76' lang='grc' dir='ltr'>Καὶ</span> <span class='ocrx_word' id='word_1_330' title='bbox 661 2641 852 2714; x_wconf 82' lang='grc' dir='ltr'>ὥσπερ</span> <span class='ocrx_word' id='word_1_331' title='bbox 911 2643 1175 2713; x_wconf 85' lang='grc' dir='ltr'>βασιλέως</span> <span class='ocrx_word' id='word_1_332' title='bbox 1222 2644 1552 2715; x_wconf 83' lang='grc' dir='ltr'>κρατοῦντος</span> <span class='ocrx_word' id='word_1_333' title='bbox 1596 2645 1732 2711; x_wconf 82' lang='grc' dir='ltr'>ἐνὸς,</span> 
     </span>
    </p>
   </div>
   <div class='ocr_carea' id='block_1_44' title="bbox 153 2732 1732 2807">
    <p class='ocr_par' dir='ltr' id='par_1_44' title="bbox 153 2732 1732 2807">
     <span class='ocr_line' id='line_1_44' title="bbox 153 2732 1732 2807; baseline 0.004 -23"><span class='ocrx_word' id='word_1_334' title='bbox 153 2732 366 2796; x_wconf 81' lang='grc' dir='ltr'>εἰκόνος</span> <span class='ocrx_word' id='word_1_335' title='bbox 396 2732 453 2786; x_wconf 82' lang='grc' dir='ltr'>δὲ</span> <span class='ocrx_word' id='word_1_336' title='bbox 481 2734 644 2788; x_wconf 84' lang='grc' dir='ltr'>αὑτοῦ</span> <span class='ocrx_word' id='word_1_337' title='bbox 695 2734 973 2804; x_wconf 83' lang='grc' dir='ltr'>πανταχοῦ</span> <span class='ocrx_word' id='word_1_338' title='bbox 1007 2736 1111 2805; x_wconf 87' lang='grc' dir='ltr'><strong>γῆς</strong></span> <span class='ocrx_word' id='word_1_339' title='bbox 1153 2736 1569 2807; x_wconf 87' lang='grc' dir='ltr'>προφερομένης</span> <span class='ocrx_word' id='word_1_340' title='bbox 1598 2736 1732 2807; x_wconf 74' lang='grc'>(52),</span> 
     </span>
    </p>
   </div>
   <div class='ocr_carea' id='block_1_45' title="bbox 154 2824 1732 2898">
    <p class='ocr_par' dir='ltr' id='par_1_45' title="bbox 154 2824 1732 2898">
     <span class='ocr_line' id='line_1_45' title="bbox 154 2824 1732 2898; baseline 0.003 -24"><span class='ocrx_word' id='word_1_341' title='bbox 154 2825 254 2876; x_wconf 71' lang='grc' dir='ltr'><strong>οὐκ</strong></span> <span class='ocrx_word' id='word_1_342' title='bbox 303 2824 371 2877; x_wconf 84' lang='grc' dir='ltr'>ἄν</span> <span class='ocrx_word' id='word_1_343' title='bbox 414 2841 501 2888; x_wconf 91' lang='grc' dir='ltr'><strong>τις</strong></span> <span class='ocrx_word' id='word_1_344' title='bbox 546 2825 837 2897; x_wconf 83' lang='grc' dir='ltr'>σωφρονῶν</span> <span class='ocrx_word' id='word_1_345' title='bbox 884 2826 976 2879; x_wconf 82' lang='grc' dir='ltr'><strong>δύο</strong></span> <span class='ocrx_word' id='word_1_346' title='bbox 1020 2828 1161 2880; x_wconf 78' lang='grc' dir='ltr'>εἴποι</span> <span class='ocrx_word' id='word_1_347' title='bbox 1206 2827 1333 2891; x_wconf 79' lang='grc' dir='ltr'>τοὺς</span> <span class='ocrx_word' id='word_1_348' title='bbox 1380 2826 1732 2898; x_wconf 83' lang='grc' dir='ltr'>κρατοῦντας,</span> 
     </span>
    </p>
   </div>
   <div class='ocr_carea' id='block_1_46' title="bbox 154 2914 1736 2988">
    <p class='ocr_par' dir='ltr' id='par_1_46' title="bbox 154 2914 1736 2988">
     <span class='ocr_line' id='line_1_46' title="bbox 154 2914 1736 2988; baseline 0.003 -22"><span class='ocrx_word' id='word_1_349' title='bbox 154 2914 268 2966; x_wconf 76' lang='grc' dir='ltr'>ἀλλ’</span> <span class='ocrx_word' id='word_1_350' title='bbox 297 2914 394 2967; x_wconf 75' lang='grc' dir='ltr'><strong>ἕνα</strong></span> <span class='ocrx_word' id='word_1_351' title='bbox 422 2916 513 2968; x_wconf 83' lang='grc' dir='ltr'><strong>τὸν</strong></span> <span class='ocrx_word' id='word_1_352' title='bbox 537 2918 632 2969; x_wconf 71' lang='grc' dir='ltr'><strong>κα)⁸</strong></span> <span class='ocrx_word' id='word_1_353' title='bbox 651 2916 737 2969; x_wconf 78' lang='grc' dir='ltr'>διὰ</span> <span class='ocrx_word' id='word_1_354' title='bbox 758 2920 858 2988; x_wconf 84' lang='grc' dir='ltr'><strong>τῆς</strong></span> <span class='ocrx_word' id='word_1_355' title='bbox 887 2918 1093 2981; x_wconf 86' lang='grc' dir='ltr'>εἰκόνος</span> <span class='ocrx_word' id='word_1_356' title='bbox 1120 2917 1446 2988; x_wconf 81' lang='grc' dir='ltr'>τιμώμενον·</span> <span class='ocrx_word' id='word_1_357' title='bbox 1474 2918 1613 2972; x_wconf 84' lang='grc' dir='ltr'><strong>κατὰ</strong></span> <span class='ocrx_word' id='word_1_358' title='bbox 1644 2917 1736 2971; x_wconf 84' lang='grc' dir='ltr'><strong>τὸν</strong></span> 
     </span>
    </p>
   </div>
   <div class='ocr_carea' id='block_1_47' title="bbox 158 3007 1737 3081">
    <p class='ocr_par' dir='ltr' id='par_1_47' title="bbox 158 3007 1737 3081">
     <span class='ocr_line' id='line_1_47' title="bbox 158 3007 1737 3081; baseline 0.003 -23"><span class='ocrx_word' id='word_1_359' title='bbox 158 3007 322 3059; x_wconf 74' lang='grc' dir='ltr'>αὑτὸν</span> <span class='ocrx_word' id='word_1_360' title='bbox 337 3007 558 3079; x_wconf 82' lang='grc' dir='ltr'>τρόπον,</span> <span class='ocrx_word' id='word_1_361' title='bbox 571 3007 646 3071; x_wconf 86' lang='grc' dir='ltr'>ὼς</span> <span class='ocrx_word' id='word_1_362' title='bbox 662 3008 756 3062; x_wconf 66' lang='grc' dir='ltr'><strong>κα)⁸</strong></span> <span class='ocrx_word' id='word_1_363' title='bbox 775 3008 1033 3073; x_wconf 80' lang='grc' dir='ltr'>πολλάκις</span> <span class='ocrx_word' id='word_1_364' title='bbox 1058 3011 1190 3081; x_wconf 86' lang='grc' dir='ltr'>ήμῖν</span> <span class='ocrx_word' id='word_1_365' title='bbox 1205 3008 1439 3081; x_wconf 76' lang='grc' dir='ltr'>εἴρηται,</span> <span class='ocrx_word' id='word_1_366' title='bbox 1456 3010 1551 3062; x_wconf 75' lang='grc' dir='ltr'><strong>καὶ</strong></span> <span class='ocrx_word' id='word_1_367' title='bbox 1568 3012 1600 3081; x_wconf 82' lang='grc' dir='ltr'><strong>ή</strong></span> <span class='ocrx_word' id='word_1_368' title='bbox 1616 3010 1737 3062; x_wconf 88' lang='grc' dir='ltr'><strong>Ἐκ-</strong></span> 
     </span>
    </p>
   </div>
   <div class='ocr_carea' id='block_1_48' title="bbox 156 3097 1737 3172">
    <p class='ocr_par' dir='ltr' id='par_1_48' title="bbox 156 3097 1737 3172">
     <span class='ocr_line' id='line_1_48' title="bbox 156 3097 1737 3172; baseline 0.003 -23"><span class='ocrx_word' id='word_1_369' title='bbox 156 3098 359 3169; x_wconf 82' lang='grc' dir='ltr'>κλῃσία</span> <span class='ocrx_word' id='word_1_370' title='bbox 392 3097 485 3150; x_wconf 88' lang='grc' dir='ltr'><strong>τοῦ</strong></span> <span class='ocrx_word' id='word_1_371' title='bbox 529 3097 663 3151; x_wconf 89' lang='grc' dir='ltr'>Θεοῦ</span> <span class='ocrx_word' id='word_1_372' title='bbox 698 3099 793 3153; x_wconf 75' lang='grc' dir='ltr'><strong>ἕνα</strong></span> <span class='ocrx_word' id='word_1_373' title='bbox 826 3098 1216 3172; x_wconf 76' lang='grc' dir='ltr'>παραλαϐοῦσα</span> <span class='ocrx_word' id='word_1_374' title='bbox 1254 3099 1386 3154; x_wconf 87' lang='grc' dir='ltr'>Θεὸν</span> <span class='ocrx_word' id='word_1_375' title='bbox 1433 3099 1610 3155; x_wconf 78' lang='grc' dir='ltr'>σέϐειν</span> <span class='ocrx_word' id='word_1_376' title='bbox 1644 3100 1737 3154; x_wconf 81' lang='grc' dir='ltr'><strong>τὸν</strong></span> 
     </span>
    </p>
   </div>
   <div class='ocr_carea' id='block_1_49' title="bbox 1833 2004 3401 2074">
    <p class='ocr_par' dir='ltr' id='par_1_49' title="bbox 1833 2004 3401 2074">
     <span class='ocr_line' id='line_1_49' title="bbox 1833 2004 3401 2074; baseline -0.003 -13"><span class='ocrx_word' id='word_1_377' title='bbox 1833 2008 2204 2074; x_wconf 89' lang='lat' dir='ltr'><strong>resultantem,</strong></span> <span class='ocrx_word' id='word_1_378' title='bbox 2254 2019 2316 2061; x_wconf 86' lang='lat' dir='ltr'><strong>ut</strong></span> <span class='ocrx_word' id='word_1_379' title='bbox 2378 2008 2582 2062; x_wconf 90' lang='lat' dir='ltr'><strong>additio</strong></span> <span class='ocrx_word' id='word_1_380' title='bbox 2629 2006 2720 2062; x_wconf 88' lang='lat' dir='ltr'><strong>illa</strong></span> <span class='ocrx_word' id='word_1_381' title='bbox 2768 2006 2937 2072; x_wconf 73' lang='lat' dir='ltr'><strong>solus,</strong></span> <span class='ocrx_word' id='word_1_382' title='bbox 2979 2005 3079 2060; x_wconf 91' lang='lat' dir='ltr'><strong>soli</strong></span> <span class='ocrx_word' id='word_1_383' title='bbox 3120 2004 3264 2058; x_wconf 86' lang='lat' dir='ltr'><strong>Patri</strong></span> <span class='ocrx_word' id='word_1_384' title='bbox 3302 2006 3401 2057; x_wconf 85' lang='lat' dir='ltr'><strong>ad-</strong></span> 
     </span>
    </p>
   </div>
   <div class='ocr_carea' id='block_1_50' title="bbox 1832 2090 3398 2167">
    <p class='ocr_par' dir='ltr' id='par_1_50' title="bbox 1832 2090 3398 2167">
     <span class='ocr_line' id='line_1_50' title="bbox 1832 2090 3398 2167; baseline -0.005 -16"><span class='ocrx_word' id='word_1_385' title='bbox 1832 2106 2061 2167; x_wconf 85' lang='lat' dir='ltr'><strong>aptetur,</strong></span> <span class='ocrx_word' id='word_1_386' title='bbox 2083 2106 2269 2166; x_wconf 85' lang='lat' dir='ltr'><strong>utpote</strong></span> <span class='ocrx_word' id='word_1_387' title='bbox 2282 2097 2371 2166; x_wconf 91' lang='lat' dir='ltr'><strong>qui</strong></span> <span class='ocrx_word' id='word_1_388' title='bbox 2397 2095 2647 2165; x_wconf 81' lang='lat' dir='ltr'><strong>imaginis</strong></span> <span class='ocrx_word' id='word_1_389' title='bbox 2672 2094 2743 2148; x_wconf 91' lang='lat' dir='ltr'><strong>sit</strong></span> <span class='ocrx_word' id='word_1_390' title='bbox 2762 2095 3114 2163; x_wconf 86' lang='lat' dir='ltr'><strong>archetypou.</strong></span> <span class='ocrx_word' id='word_1_391' title='bbox 3134 2090 3398 2158; x_wconf 78' lang='lat' dir='ltr'><strong>Quocirca</strong></span> 
     </span>
    </p>
   </div>
   <div class='ocr_carea' id='block_1_51' title="bbox 1832 2183 3401 2255">
    <p class='ocr_par' dir='ltr' id='par_1_51' title="bbox 1832 2183 3401 2255">
     <span class='ocr_line' id='line_1_51' title="bbox 1832 2183 3401 2255; baseline -0.005 -12"><span class='ocrx_word' id='word_1_392' title='bbox 1832 2189 2131 2243; x_wconf 84' lang='lat' dir='ltr'><strong>clarissime</strong></span> <span class='ocrx_word' id='word_1_393' title='bbox 2155 2188 2389 2242; x_wconf 87' lang='lat' dir='ltr'><strong>ostendit</strong></span> <span class='ocrx_word' id='word_1_394' title='bbox 2420 2187 2635 2241; x_wconf 89' lang='lat' dir='ltr'><strong>divinus</strong></span> <span class='ocrx_word' id='word_1_395' title='bbox 2665 2185 2886 2250; x_wconf 85' lang='lat' dir='ltr'><strong>Paulus,</strong></span> <span class='ocrx_word' id='word_1_396' title='bbox 2916 2186 3088 2255; x_wconf 79' lang='lat' dir='ltr'><strong>ipsum</strong></span> <span class='ocrx_word' id='word_1_397' title='bbox 3116 2198 3233 2238; x_wconf 88' lang='lat' dir='ltr'><strong>esse</strong></span> <span class='ocrx_word' id='word_1_398' title='bbox 3263 2183 3401 2237; x_wconf 61' lang='lat' dir='ltr'><strong>ima-</strong></span> 
     </span>
    </p>
   </div>
   <div class='ocr_carea' id='block_1_52' title="bbox 1831 2275 3399 2352">
    <p class='ocr_par' dir='ltr' id='par_1_52' title="bbox 1831 2275 3399 2352">
     <span class='ocr_line' id='line_1_52' title="bbox 1831 2275 3399 2352; baseline -0.005 -15"><span class='ocrx_word' id='word_1_399' title='bbox 1831 2284 2007 2352; x_wconf 91' lang='lat' dir='ltr'><strong>ginem</strong></span> <span class='ocrx_word' id='word_1_400' title='bbox 2046 2278 2368 2345; x_wconf 83' lang='lat' dir='ltr'><strong>ellluentem,</strong></span> <span class='ocrx_word' id='word_1_401' title='bbox 2418 2279 2588 2335; x_wconf 85' lang='lat' dir='ltr'><strong>lucem</strong></span> <span class='ocrx_word' id='word_1_402' title='bbox 2634 2279 2842 2345; x_wconf 85' lang='lat' dir='ltr'><strong>Patris,</strong></span> <span class='ocrx_word' id='word_1_403' title='bbox 2887 2287 2941 2332; x_wconf 88' lang='lat' dir='ltr'><strong>et</strong></span> <span class='ocrx_word' id='word_1_404' title='bbox 2986 2279 3037 2331; x_wconf 91' lang='lat' dir='ltr'><strong>in</strong></span> <span class='ocrx_word' id='word_1_405' title='bbox 3079 2277 3248 2331; x_wconf 83' lang='lat' dir='ltr'><strong>forma</strong></span> <span class='ocrx_word' id='word_1_406' title='bbox 3305 2275 3399 2329; x_wconf 65' lang='lat' dir='ltr'><strong>D.i</strong></span> 
     </span>
    </p>
   </div>
   <div class='ocr_carea' id='block_1_53' title="bbox 1832 2369 3403 2443">
    <p class='ocr_par' dir='ltr' id='par_1_53' title="bbox 1832 2369 3403 2443">
     <span class='ocr_line' id='line_1_53' title="bbox 1832 2369 3403 2443; baseline -0.006 -14"><span class='ocrx_word' id='word_1_407' title='bbox 1832 2373 2139 2439; x_wconf 78' lang='lat' dir='ltr'><strong>exstitisse;</strong></span> <span class='ocrx_word' id='word_1_408' title='bbox 2171 2373 2312 2443; x_wconf 91' lang='lat' dir='ltr'><strong>quod</strong></span> <span class='ocrx_word' id='word_1_409' title='bbox 2350 2372 2405 2426; x_wconf 90' lang='lat' dir='ltr'><strong>in</strong></span> <span class='ocrx_word' id='word_1_410' title='bbox 2436 2372 2803 2442; x_wconf 86' lang='lat' dir='ltr'><strong>superioribus</strong></span> <span class='ocrx_word' id='word_1_411' title='bbox 2830 2369 3065 2439; x_wconf 88' lang='lat' dir='ltr'><strong>positum</strong></span> <span class='ocrx_word' id='word_1_412' title='bbox 3110 2378 3194 2423; x_wconf 88' lang='lat' dir='ltr'><strong>est</strong></span> <span class='ocrx_word' id='word_1_413' title='bbox 3232 2384 3259 2419; x_wconf 90' lang='lat' dir='ltr'><strong>a</strong></span> <span class='ocrx_word' id='word_1_414' title='bbox 3304 2382 3403 2420; x_wconf 87' lang='lat' dir='ltr'><strong>no-</strong></span> 
     </span>
    </p>
   </div>
   <div class='ocr_carea' id='block_1_54' title="bbox 1832 2460 3403 2535">
    <p class='ocr_par' dir='ltr' id='par_1_54' title="bbox 1832 2460 3403 2535">
     <span class='ocr_line' id='line_1_54' title="bbox 1832 2460 3403 2535; baseline -0.005 -14"><span class='ocrx_word' id='word_1_415' title='bbox 1832 2467 1916 2521; x_wconf 83' lang='lat' dir='ltr'><strong>bis</strong></span> <span class='ocrx_word' id='word_1_416' title='bbox 1953 2484 1971 2522; x_wconf 87' lang='lat'><strong>:</strong></span> <span class='ocrx_word' id='word_1_417' title='bbox 2014 2466 2181 2521; x_wconf 91' lang='lat' dir='ltr'><strong>veluti</strong></span> <span class='ocrx_word' id='word_1_418' title='bbox 2224 2466 2390 2535; x_wconf 82' lang='lat' dir='ltr'><strong>igitur</strong></span> <span class='ocrx_word' id='word_1_419' title='bbox 2433 2479 2555 2520; x_wconf 91' lang='lat' dir='ltr'><strong>cum</strong></span> <span class='ocrx_word' id='word_1_420' title='bbox 2607 2478 2745 2519; x_wconf 90' lang='lat' dir='ltr'><strong>unus</strong></span> <span class='ocrx_word' id='word_1_421' title='bbox 2815 2462 3077 2518; x_wconf 85' lang='lat' dir='ltr'><strong>sobsistat</strong></span> <span class='ocrx_word' id='word_1_422' title='bbox 3123 2460 3303 2527; x_wconf 87' lang='lat' dir='ltr'><strong>Pater,</strong></span> <span class='ocrx_word' id='word_1_423' title='bbox 3348 2468 3403 2513; x_wconf 81' lang='lat' dir='ltr'><strong>et</strong></span> 
     </span>
    </p>
   </div>
   <div class='ocr_carea' id='block_1_55' title="bbox 1832 2550 3401 2625">
    <p class='ocr_par' dir='ltr' id='par_1_55' title="bbox 1832 2550 3401 2625">
     <span class='ocr_line' id='line_1_55' title="bbox 1832 2550 3401 2625; baseline -0.008 -8"><span class='ocrx_word' id='word_1_424' title='bbox 1832 2579 1971 2617; x_wconf 87' lang='lat' dir='ltr'><strong>unus</strong></span> <span class='ocrx_word' id='word_1_425' title='bbox 1999 2562 2062 2616; x_wconf 91' lang='lat' dir='ltr'><strong>de</strong></span> <span class='ocrx_word' id='word_1_426' title='bbox 2092 2561 2251 2615; x_wconf 86' lang='lat' dir='ltr'><strong>Patre</strong></span> <span class='ocrx_word' id='word_1_427' title='bbox 2280 2559 2348 2615; x_wconf 91' lang='lat' dir='ltr'><strong>sit</strong></span> <span class='ocrx_word' id='word_1_428' title='bbox 2377 2569 2527 2614; x_wconf 89' lang='lat' dir='ltr'><strong>ortus</strong></span> <span class='ocrx_word' id='word_1_429' title='bbox 2552 2557 2745 2620; x_wconf 82' lang='lat' dir='ltr'><strong>Filius,</strong></span> <span class='ocrx_word' id='word_1_430' title='bbox 2783 2570 2940 2610; x_wconf 91' lang='lat' dir='ltr'><strong>nemo</strong></span> <span class='ocrx_word' id='word_1_431' title='bbox 2987 2554 3227 2625; x_wconf 87' lang='lat' dir='ltr'><strong>prudens</strong></span> <span class='ocrx_word' id='word_1_432' title='bbox 3254 2550 3401 2606; x_wconf 83' lang='lat' dir='ltr'><strong>allir-</strong></span> 
     </span>
    </p>
   </div>
   <div class='ocr_carea' id='block_1_56' title="bbox 1833 2642 3403 2721">
    <p class='ocr_par' dir='ltr' id='par_1_56' title="bbox 1833 2642 3403 2721">
     <span class='ocr_line' id='line_1_56' title="bbox 1833 2642 3403 2721; baseline -0.009 -11"><span class='ocrx_word' id='word_1_433' title='bbox 1833 2654 2060 2710; x_wconf 87' lang='lat' dir='ltr'><strong>maverit</strong></span> <span class='ocrx_word' id='word_1_434' title='bbox 2088 2652 2221 2707; x_wconf 89' lang='lat' dir='ltr'><strong>duos</strong></span> <span class='ocrx_word' id='word_1_435' title='bbox 2255 2658 2459 2721; x_wconf 87' lang='lat' dir='ltr'><strong>patres,</strong></span> <span class='ocrx_word' id='word_1_436' title='bbox 2497 2657 2590 2703; x_wconf 87' lang='lat' dir='ltr'><strong>aut</strong></span> <span class='ocrx_word' id='word_1_437' title='bbox 2633 2647 2771 2702; x_wconf 84' lang='lat' dir='ltr'><strong>ﬁlios</strong></span> <span class='ocrx_word' id='word_1_438' title='bbox 2812 2647 2979 2711; x_wconf 88' lang='lat' dir='ltr'><strong>duos;</strong></span> <span class='ocrx_word' id='word_1_439' title='bbox 3004 2653 3058 2700; x_wconf 85' lang='lat' dir='ltr'><strong>et</strong></span> <span class='ocrx_word' id='word_1_440' title='bbox 3097 2644 3261 2699; x_wconf 87' lang='lat' dir='ltr'><strong>veluti</strong></span> <span class='ocrx_word' id='word_1_441' title='bbox 3311 2642 3403 2697; x_wconf 86' lang='lat' dir='ltr'><strong>ubi</strong></span> 
     </span>
    </p>
   </div>
   <div class='ocr_carea' id='block_1_57' title="bbox 1834 2736 3405 2811">
    <p class='ocr_par' dir='ltr' id='par_1_57' title="bbox 1834 2736 3405 2811">
     <span class='ocr_line' id='line_1_57' title="bbox 1834 2736 3405 2811; baseline -0.01 -9"><span class='ocrx_word' id='word_1_442' title='bbox 1834 2760 1931 2802; x_wconf 80' lang='lat' dir='ltr'><strong>rex</strong></span> <span class='ocrx_word' id='word_1_443' title='bbox 1956 2760 2092 2799; x_wconf 91' lang='lat' dir='ltr'><strong>unus</strong></span> <span class='ocrx_word' id='word_1_444' title='bbox 2127 2753 2212 2797; x_wconf 89' lang='lat' dir='ltr'><strong>est</strong></span> <span class='ocrx_word' id='word_1_445' title='bbox 2246 2758 2366 2797; x_wconf 92' lang='lat' dir='ltr'><strong>cum</strong></span> <span class='ocrx_word' id='word_1_446' title='bbox 2398 2740 2643 2811; x_wconf 88' lang='lat' dir='ltr'><strong>imperio,</strong></span> <span class='ocrx_word' id='word_1_447' title='bbox 2672 2738 2829 2809; x_wconf 87' lang='lat' dir='ltr'><strong>cujus</strong></span> <span class='ocrx_word' id='word_1_448' title='bbox 2866 2740 3040 2806; x_wconf 84' lang='lat' dir='ltr'><strong>imago</strong></span> <span class='ocrx_word' id='word_1_449' title='bbox 3072 2736 3268 2805; x_wconf 87' lang='lat' dir='ltr'><strong>ubique</strong></span> <span class='ocrx_word' id='word_1_450' title='bbox 3296 2744 3405 2788; x_wconf 88' lang='lat' dir='ltr'><strong>ter-</strong></span> 
     </span>
    </p>
   </div>
   <div class='ocr_carea' id='block_1_58' title="bbox 1834 2827 3405 2902">
    <p class='ocr_par' dir='ltr' id='par_1_58' title="bbox 1834 2827 3405 2902">
     <span class='ocr_line' id='line_1_58' title="bbox 1834 2827 3405 2902; baseline -0.01 -7"><span class='ocrx_word' id='word_1_451' title='bbox 1834 2855 2018 2895; x_wconf 88' lang='lat' dir='ltr'><strong>rarum</strong></span> <span class='ocrx_word' id='word_1_452' title='bbox 2061 2837 2353 2901; x_wconf 83' lang='lat' dir='ltr'><strong>deferatur,</strong></span> <span class='ocrx_word' id='word_1_453' title='bbox 2399 2848 2556 2888; x_wconf 87' lang='lat' dir='ltr'><strong>nemo</strong></span> <span class='ocrx_word' id='word_1_454' title='bbox 2596 2832 2834 2902; x_wconf 83' lang='lat' dir='ltr'><strong>prudens</strong></span> <span class='ocrx_word' id='word_1_455' title='bbox 2864 2830 2998 2884; x_wconf 92' lang='lat' dir='ltr'><strong>duos</strong></span> <span class='ocrx_word' id='word_1_456' title='bbox 3044 2827 3241 2882; x_wconf 79' lang='lat' dir='ltr'><strong>dixerit</strong></span> <span class='ocrx_word' id='word_1_457' title='bbox 3282 2839 3405 2880; x_wconf 76' lang='lat' dir='ltr'><strong>eSse</strong></span> 
     </span>
    </p>
   </div>
   <div class='ocr_carea' id='block_1_59' title="bbox 1837 2917 3404 3002">
    <p class='ocr_par' dir='ltr' id='par_1_59' title="bbox 1837 2917 3404 3002">
     <span class='ocr_line' id='line_1_59' title="bbox 1837 2917 3404 3002; baseline -0.009 -17"><span class='ocrx_word' id='word_1_458' title='bbox 1837 2945 2027 3002; x_wconf 86' lang='lat' dir='ltr'><strong>reges:</strong></span> <span class='ocrx_word' id='word_1_459' title='bbox 2056 2929 2159 2984; x_wconf 87' lang='lat' dir='ltr'><strong>sed</strong></span> <span class='ocrx_word' id='word_1_460' title='bbox 2180 2942 2343 2982; x_wconf 91' lang='lat' dir='ltr'><strong>unum</strong></span> <span class='ocrx_word' id='word_1_461' title='bbox 2387 2925 2477 2995; x_wconf 86' lang='lat' dir='ltr'><strong>qui</strong></span> <span class='ocrx_word' id='word_1_462' title='bbox 2517 2939 2613 2994; x_wconf 90' lang='lat' dir='ltr'><strong>per</strong></span> <span class='ocrx_word' id='word_1_463' title='bbox 2643 2932 2697 2978; x_wconf 90' lang='lat' dir='ltr'><strong>et</strong></span> <span class='ocrx_word' id='word_1_464' title='bbox 2740 2923 2791 2975; x_wconf 90' lang='lat' dir='ltr'><strong>in</strong></span> <span class='ocrx_word' id='word_1_465' title='bbox 2825 2920 3059 2990; x_wconf 84' lang='lat' dir='ltr'><strong>imagine</strong></span> <span class='ocrx_word' id='word_1_466' title='bbox 3097 2934 3193 2974; x_wconf 89' lang='lat' dir='ltr'><strong>sua</strong></span> <span class='ocrx_word' id='word_1_467' title='bbox 3233 2917 3404 2972; x_wconf 86' lang='lat' dir='ltr'><strong>hono-</strong></span> 
     </span>
    </p>
   </div>
   <div class='ocr_carea' id='block_1_60' title="bbox 1835 3008 3407 3086">
    <p class='ocr_par' dir='ltr' id='par_1_60' title="bbox 1835 3008 3407 3086">
     <span class='ocr_line' id='line_1_60' title="bbox 1835 3008 3407 3086; baseline -0.01 -9"><span class='ocrx_word' id='word_1_468' title='bbox 1835 3034 2005 3078; x_wconf 83' lang='lat' dir='ltr'><strong>ratur.</strong></span> <span class='ocrx_word' id='word_1_469' title='bbox 2032 3020 2235 3076; x_wconf 87' lang='lat' dir='ltr'><strong>Eodem</strong></span> <span class='ocrx_word' id='word_1_470' title='bbox 2266 3020 2424 3071; x_wconf 88' lang='lat' dir='ltr'><strong>modo</strong></span> <span class='ocrx_word' id='word_1_471' title='bbox 2453 3026 2510 3070; x_wconf 94' lang='lat' dir='ltr'><strong>ut</strong></span> <span class='ocrx_word' id='word_1_472' title='bbox 2546 3016 2659 3086; x_wconf 88' lang='lat' dir='ltr'><strong>jam</strong></span> <span class='ocrx_word' id='word_1_473' title='bbox 2702 3012 2908 3084; x_wconf 87' lang='lat' dir='ltr'><strong>pluries</strong></span> <span class='ocrx_word' id='word_1_474' title='bbox 2940 3012 3143 3065; x_wconf 89' lang='lat' dir='ltr'><strong>dictum</strong></span> <span class='ocrx_word' id='word_1_475' title='bbox 3172 3019 3273 3073; x_wconf 89' lang='lat' dir='ltr'><strong>est,</strong></span> <span class='ocrx_word' id='word_1_476' title='bbox 3305 3008 3407 3062; x_wconf 82' lang='lat' dir='ltr'><strong>Ec-</strong></span> 
     </span>
    </p>
   </div>
   <div class='ocr_carea' id='block_1_61' title="bbox 1836 3100 3401 3179">
    <p class='ocr_par' dir='ltr' id='par_1_61' title="bbox 1836 3100 3401 3179">
     <span class='ocr_line' id='line_1_61' title="bbox 1836 3100 3401 3179; baseline -0.01 -11"><span class='ocrx_word' id='word_1_477' title='bbox 1836 3112 1999 3168; x_wconf 88' lang='lat' dir='ltr'><strong>clesia</strong></span> <span class='ocrx_word' id='word_1_478' title='bbox 2022 3110 2137 3176; x_wconf 89' lang='lat' dir='ltr'><strong>Dei,</strong></span> <span class='ocrx_word' id='word_1_479' title='bbox 2162 3125 2282 3179; x_wconf 70' lang='lat' dir='ltr'><strong>qua:</strong></span> <span class='ocrx_word' id='word_1_480' title='bbox 2310 3108 2518 3177; x_wconf 86' lang='lat' dir='ltr'><strong>accepit</strong></span> <span class='ocrx_word' id='word_1_481' title='bbox 2551 3106 2708 3161; x_wconf 89' lang='lat' dir='ltr'><strong>unius</strong></span> <span class='ocrx_word' id='word_1_482' title='bbox 2724 3109 2782 3169; x_wconf 68' lang='lat' dir='ltr'><strong>&gt;I&lt;</strong></span> <span class='ocrx_word' id='word_1_483' title='bbox 2801 3104 2893 3159; x_wconf 91' lang='lat' dir='ltr'><strong>Dei</strong></span> <span class='ocrx_word' id='word_1_484' title='bbox 2909 3103 3136 3170; x_wconf 85' lang='lat' dir='ltr'><strong>cultum,</strong></span> <span class='ocrx_word' id='word_1_485' title='bbox 3158 3100 3401 3156; x_wconf 88' lang='lat' dir='ltr'><strong>eumdem</strong></span> 
     </span>
    </p>
   </div>
   <div class='ocr_carea' id='block_1_62' title="bbox 158 3190 1735 3274">
    <p class='ocr_par' dir='ltr' id='par_1_62' title="bbox 158 3190 1735 3265">
     <span class='ocr_line' id='line_1_62' title="bbox 158 3190 1735 3265; baseline 0.001 -22"><span class='ocrx_word' id='word_1_486' title='bbox 158 3192 345 3256; x_wconf 79' lang='grc' dir='ltr'>αὑτὸν,</span> <span class='ocrx_word' id='word_1_487' title='bbox 381 3191 474 3244; x_wconf 71' lang='grc' dir='ltr'><strong>καὶ</strong></span> <span class='ocrx_word' id='word_1_488' title='bbox 512 3191 597 3245; x_wconf 81' lang='grc' dir='ltr'>διὰ</span> <span class='ocrx_word' id='word_1_489' title='bbox 629 3191 723 3245; x_wconf 88' lang='grc' dir='ltr'><strong>τοῦ</strong></span> <span class='ocrx_word' id='word_1_490' title='bbox 756 3190 907 3257; x_wconf 85' lang='grc' dir='ltr'>Υἰοῦ,</span> <span class='ocrx_word' id='word_1_491' title='bbox 965 3192 1041 3256; x_wconf 84' lang='grc' dir='ltr'>ὡς</span> <span class='ocrx_word' id='word_1_492' title='bbox 1094 3191 1183 3245; x_wconf 86' lang='grc' dir='ltr'>διὰ</span> <span class='ocrx_word' id='word_1_493' title='bbox 1227 3190 1367 3265; x_wconf 89' lang='grc' dir='ltr'>[τοῦ]</span> <span class='ocrx_word' id='word_1_494' title='bbox 1399 3192 1506 3262; x_wconf 77' lang='grc'>(55)</span> <span class='ocrx_word' id='word_1_495' title='bbox 1530 3192 1735 3255; x_wconf 84' lang='grc' dir='ltr'>εἰκόνος</span> 
     </span>
    </p>
   </div>
   <div class='ocr_carea' id='block_1_63' title="bbox 1836 3190 3406 3274">
    <p class='ocr_par' dir='ltr' id='par_1_63' title="bbox 1839 3192 3406 3274">
     <span class='ocr_line' id='line_1_63' title="bbox 1839 3192 3406 3274; baseline -0.008 -16"><span class='ocrx_word' id='word_1_496' title='bbox 1839 3204 2003 3259; x_wconf 89' lang='lat' dir='ltr'><strong>Deum</strong></span> <span class='ocrx_word' id='word_1_497' title='bbox 2048 3218 2146 3274; x_wconf 90' lang='lat' dir='ltr'><strong>per</strong></span> <span class='ocrx_word' id='word_1_498' title='bbox 2176 3200 2371 3256; x_wconf 85' lang='lat' dir='ltr'><strong>Filium</strong></span> <span class='ocrx_word' id='word_1_499' title='bbox 2416 3199 2702 3271; x_wconf 84' lang='lat' dir='ltr'><strong>imaginem</strong></span> <span class='ocrx_word' id='word_1_500' title='bbox 2742 3211 2894 3251; x_wconf 91' lang='lat' dir='ltr'><strong>suam</strong></span> <span class='ocrx_word' id='word_1_501' title='bbox 2935 3194 3143 3249; x_wconf 88' lang='lat' dir='ltr'><strong>scilicet</strong></span> <span class='ocrx_word' id='word_1_502' title='bbox 3177 3192 3406 3247; x_wconf 84' lang='lat' dir='ltr'><strong>adorare</strong></span> 
     </span>
    </p>
   </div>
   <div class='ocr_carea' id='block_1_64' title="bbox 160 3282 1728 3356">
    <p class='ocr_par' dir='ltr' id='par_1_64' title="bbox 160 3282 1728 3356">
     <span class='ocr_line' id='line_1_64' title="bbox 160 3282 1728 3356; baseline 0.001 -21"><span class='ocrx_word' id='word_1_503' title='bbox 160 3282 311 3353; x_wconf 85' lang='grc' dir='ltr'>μένει</span> <span class='ocrx_word' id='word_1_504' title='bbox 344 3282 745 3352; x_wconf 86' lang='grc' dir='ltr'>προσκυνοῦσα.</span> <span class='ocrx_word' id='word_1_505' title='bbox 782 3285 849 3336; x_wconf 80' lang='grc' dir='ltr'>Ἃ</span> <span class='ocrx_word' id='word_1_506' title='bbox 876 3282 940 3355; x_wconf 81' lang='grc' dir='ltr'>δὴ</span> <span class='ocrx_word' id='word_1_507' title='bbox 968 3283 1061 3338; x_wconf 77' lang='grc' dir='ltr'><strong>καὶ</strong></span> <span class='ocrx_word' id='word_1_508' title='bbox 1087 3284 1161 3356; x_wconf 81' lang='grc' dir='ltr'>μὴ</span> <span class='ocrx_word' id='word_1_509' title='bbox 1190 3284 1367 3347; x_wconf 75' lang='grc' dir='ltr'>συνεὶς</span> <span class='ocrx_word' id='word_1_510' title='bbox 1394 3283 1728 3356; x_wconf 88' lang='grc' dir='ltr'>Μάρκελλος,</span> 
     </span>
    </p>
   </div>
   <div class='ocr_carea' id='block_1_65' title="bbox 158 3371 1733 3448">
    <p class='ocr_par' dir='ltr' id='par_1_65' title="bbox 158 3371 1733 3448">
     <span class='ocr_line' id='line_1_65' title="bbox 158 3371 1733 3448; baseline -0.001 -19"><span class='ocrx_word' id='word_1_511' title='bbox 158 3375 257 3448; x_wconf 78' lang='grc' dir='ltr'>τὴν</span> <span class='ocrx_word' id='word_1_512' title='bbox 300 3374 487 3428; x_wconf 86' lang='grc' dir='ltr'>εἰκόνα</span> <span class='ocrx_word' id='word_1_513' title='bbox 528 3373 623 3428; x_wconf 89' lang='grc' dir='ltr'><strong>τοῦ</strong></span> <span class='ocrx_word' id='word_1_514' title='bbox 661 3373 797 3428; x_wconf 89' lang='grc' dir='ltr'>Θεοῦ</span> <span class='ocrx_word' id='word_1_515' title='bbox 844 3375 939 3429; x_wconf 88' lang='grc' dir='ltr'><strong>τοῦ</strong></span> <span class='ocrx_word' id='word_1_516' title='bbox 967 3376 1197 3445; x_wconf 80' lang='grc' dir='ltr'>ἀοράτου</span> <span class='ocrx_word' id='word_1_517' title='bbox 1229 3374 1327 3447; x_wconf 82' lang='grc' dir='ltr'>τὴν</span> <span class='ocrx_word' id='word_1_518' title='bbox 1367 3374 1565 3444; x_wconf 82' lang='grc' dir='ltr'>σάρκα</span> <span class='ocrx_word' id='word_1_519' title='bbox 1596 3371 1733 3428; x_wconf 85' lang='grc' dir='ltr'>εἶναι</span> 
     </span>
    </p>
   </div>
   <div class='ocr_carea' id='block_1_66' title="bbox 158 3466 1735 3541">
    <p class='ocr_par' dir='ltr' id='par_1_66' title="bbox 158 3466 1735 3541">
     <span class='ocr_line' id='line_1_66' title="bbox 158 3466 1735 3541; baseline -0.001 -21"><span class='ocrx_word' id='word_1_520' title='bbox 158 3466 253 3521; x_wconf 85' lang='grc' dir='ltr'><strong>τοῦ</strong></span> <span class='ocrx_word' id='word_1_521' title='bbox 300 3467 553 3539; x_wconf 82' lang='grc' dir='ltr'>Σωτῆρος</span> <span class='ocrx_word' id='word_1_522' title='bbox 591 3468 929 3540; x_wconf 85' lang='grc' dir='ltr'>ἀπεφήνατο,</span> <span class='ocrx_word' id='word_1_523' title='bbox 963 3470 1029 3541; x_wconf 77' lang='grc' dir='ltr'>ἢν</span> <span class='ocrx_word' id='word_1_524' title='bbox 1070 3471 1099 3523; x_wconf 82' lang='grc' dir='ltr'>ὁ</span> <span class='ocrx_word' id='word_1_525' title='bbox 1150 3468 1469 3533; x_wconf 85' lang='grc' dir='ltr'>Ἀπόστολος</span> <span class='ocrx_word' id='word_1_526' title='bbox 1492 3466 1735 3538; x_wconf 71' lang='grc' dir='ltr'>μορφὴν</span> 
     </span>
    </p>
   </div>
   <div class='ocr_carea' id='block_1_67' title="bbox 160 3558 1737 3633">
    <p class='ocr_par' dir='ltr' id='par_1_67' title="bbox 160 3558 1737 3633">
     <span class='ocr_line' id='line_1_67' title="bbox 160 3558 1737 3633; baseline 0 -20"><span class='ocrx_word' id='word_1_527' title='bbox 160 3559 317 3633; x_wconf 71' lang='grc' dir='ltr'>[τοῦ]</span> <span class='ocrx_word' id='word_1_528' title='bbox 366 3559 591 3615; x_wconf 75' lang='grc' dir='ltr'>δούλου</span> <span class='ocrx_word' id='word_1_529' title='bbox 646 3560 932 3631; x_wconf 75' lang='grc' dir='ltr'>κέκληκενο</span> <span class='ocrx_word' id='word_1_530' title='bbox 985 3562 1046 3614; x_wconf 88' lang='grc' dir='ltr'><strong>οὑ</strong></span> <span class='ocrx_word' id='word_1_531' title='bbox 1091 3561 1464 3633; x_wconf 81' lang='grc' dir='ltr'>λογισάμενος,</span> <span class='ocrx_word' id='word_1_532' title='bbox 1509 3562 1590 3615; x_wconf 85' lang='grc' dir='ltr'>ὃτι</span> <span class='ocrx_word' id='word_1_533' title='bbox 1642 3558 1737 3614; x_wconf 78' lang='grc' dir='ltr'><strong>καὶ</strong></span> 
     </span>
    </p>
   </div>
   <div class='ocr_carea' id='block_1_68' title="bbox 160 3651 1738 3725">
    <p class='ocr_par' dir='ltr' id='par_1_68' title="bbox 160 3651 1738 3725">
     <span class='ocr_line' id='line_1_68' title="bbox 160 3651 1738 3725; baseline -0.001 -20"><span class='ocrx_word' id='word_1_534' title='bbox 160 3654 362 3716; x_wconf 80' lang='grc' dir='ltr'>πάντες</span> <span class='ocrx_word' id='word_1_535' title='bbox 387 3651 683 3725; x_wconf 78' lang='grc' dir='ltr'>ἄνθρωποι,</span> <span class='ocrx_word' id='word_1_536' title='bbox 715 3652 851 3706; x_wconf 73' lang='grc' dir='ltr'>κατὰ</span> <span class='ocrx_word' id='word_1_537' title='bbox 870 3651 967 3724; x_wconf 72' lang='grc' dir='ltr'>’τὴν</span> <span class='ocrx_word' id='word_1_538' title='bbox 992 3654 1189 3724; x_wconf 80' lang='grc' dir='ltr'>σάρκα,</span> <span class='ocrx_word' id='word_1_539' title='bbox 1213 3654 1304 3706; x_wconf 88' lang='grc' dir='ltr'><strong>τοῦ</strong></span> <span class='ocrx_word' id='word_1_540' title='bbox 1333 3652 1584 3722; x_wconf 75' lang='grc' dir='ltr'>Σωτῆρος</span> <span class='ocrx_word' id='word_1_541' title='bbox 1609 3666 1738 3719; x_wconf 83' lang='grc' dir='ltr'>τυγ-</span> 
     </span>
    </p>
   </div>
   <div class='ocr_carea' id='block_1_69' title="bbox 160 3741 1736 3815">
    <p class='ocr_par' dir='ltr' id='par_1_69' title="bbox 160 3741 1736 3815">
     <span class='ocr_line' id='line_1_69' title="bbox 160 3741 1736 3815; baseline -0.003 -17"><span class='ocrx_word' id='word_1_542' title='bbox 160 3746 383 3815; x_wconf 81' lang='grc' dir='ltr'>χάνουσι</span> <span class='ocrx_word' id='word_1_543' title='bbox 412 3744 853 3815; x_wconf 85' lang='grc' dir='ltr'>μεμορφωμένοι.</span> <span class='ocrx_word' id='word_1_544' title='bbox 890 3745 1000 3797; x_wconf 76' lang='grc' dir='ltr'><strong>Καὶ</strong></span> <span class='ocrx_word' id='word_1_545' title='bbox 1035 3744 1096 3796; x_wconf 86' lang='grc' dir='ltr'><strong>τὸ</strong></span> <span class='ocrx_word' id='word_1_546' title='bbox 1132 3744 1229 3815; x_wconf 82' lang='grc' dir='ltr'><strong>μὲν</strong></span> <span class='ocrx_word' id='word_1_547' title='bbox 1259 3744 1417 3814; x_wconf 84' lang='grc' dir='ltr'>σῶμα</span> <span class='ocrx_word' id='word_1_548' title='bbox 1459 3744 1487 3795; x_wconf 84' lang='grc' dir='ltr'><strong>ὃ</strong></span> <span class='ocrx_word' id='word_1_549' title='bbox 1523 3741 1736 3811; x_wconf 84' lang='grc' dir='ltr'>ἀνείλη-</span> 
     </span>
    </p>
   </div>
   <div class='ocr_carea' id='block_1_70' title="bbox 162 3833 1739 3906">
    <p class='ocr_par' dir='ltr' id='par_1_70' title="bbox 162 3833 1739 3906">
     <span class='ocr_line' id='line_1_70' title="bbox 162 3833 1739 3906; baseline -0.002 -20"><span class='ocrx_word' id='word_1_550' title='bbox 162 3851 258 3903; x_wconf 79' lang='grc' dir='ltr'><strong>φεν</strong></span> <span class='ocrx_word' id='word_1_551' title='bbox 290 3836 319 3886; x_wconf 89' lang='grc' dir='ltr'>ὁ</span> <span class='ocrx_word' id='word_1_552' title='bbox 346 3834 556 3906; x_wconf 77' lang='grc' dir='ltr'>Σωτὴρ,</span> <span class='ocrx_word' id='word_1_553' title='bbox 587 3833 687 3905; x_wconf 88' lang='grc' dir='ltr'><strong>τῆς</strong></span> <span class='ocrx_word' id='word_1_554' title='bbox 716 3834 1009 3905; x_wconf 85' lang='grc' dir='ltr'>άγεννήτου</span> <span class='ocrx_word' id='word_1_555' title='bbox 1034 3833 1128 3886; x_wconf 76' lang='grc' dir='ltr'><strong>καὶ</strong></span> <span class='ocrx_word' id='word_1_556' title='bbox 1159 3835 1398 3905; x_wconf 68' lang='grc' dir='ltr'>ἀρρήτου</span> <span class='ocrx_word' id='word_1_557' title='bbox 1426 3833 1518 3885; x_wconf 75' lang='grc' dir='ltr'><strong>καὶ</strong></span> <span class='ocrx_word' id='word_1_558' title='bbox 1545 3848 1739 3902; x_wconf 83' lang='grc' dir='ltr'><strong>πατρι⁴</strong></span> 
     </span>
    </p>
   </div>
   <div class='ocr_carea' id='block_1_71' title="bbox 161 3923 1736 3997">
    <p class='ocr_par' dir='ltr' id='par_1_71' title="bbox 161 3923 1736 3997">
     <span class='ocr_line' id='line_1_71' title="bbox 161 3923 1736 3997; baseline -0.002 -18"><span class='ocrx_word' id='word_1_559' title='bbox 161 3927 263 3997; x_wconf 86' lang='grc' dir='ltr'><strong>κῆς</strong></span> <span class='ocrx_word' id='word_1_560' title='bbox 295 3925 550 3995; x_wconf 82' lang='grc' dir='ltr'>Θεότητος</span> <span class='ocrx_word' id='word_1_561' title='bbox 584 3926 766 3980; x_wconf 87' lang='grc' dir='ltr'>εἰκόνα</span> <span class='ocrx_word' id='word_1_562' title='bbox 798 3923 934 3979; x_wconf 84' lang='grc' dir='ltr'>εἶναι</span> <span class='ocrx_word' id='word_1_563' title='bbox 968 3925 1375 3997; x_wconf 76' lang='grc' dir='ltr'>διῖσχυρίζεται·</span> <span class='ocrx_word' id='word_1_564' title='bbox 1410 3926 1501 3978; x_wconf 87' lang='grc' dir='ltr'><strong>τὸν</strong></span> <span class='ocrx_word' id='word_1_565' title='bbox 1529 3924 1585 3977; x_wconf 79' lang='grc' dir='ltr'>δὲ</span> <span class='ocrx_word' id='word_1_566' title='bbox 1610 3923 1736 3976; x_wconf 74' lang='grc' dir='ltr'>Υἰὸν</span> 
     </span>
    </p>
   </div>
   <div class='ocr_carea' id='block_1_72' title="bbox 160 4011 1735 4090">
    <p class='ocr_par' dir='ltr' id='par_1_72' title="bbox 160 4011 1735 4090">
     <span class='ocr_line' id='line_1_72' title="bbox 160 4011 1735 4090; baseline -0.003 -18"><span class='ocrx_word' id='word_1_567' title='bbox 160 4019 253 4073; x_wconf 88' lang='grc' dir='ltr'><strong>τοῦ</strong></span> <span class='ocrx_word' id='word_1_568' title='bbox 312 4018 450 4072; x_wconf 89' lang='grc' dir='ltr'>Θεοῦ</span> <span class='ocrx_word' id='word_1_569' title='bbox 490 4019 580 4071; x_wconf 85' lang='grc' dir='ltr'><strong>τὸν</strong></span> <span class='ocrx_word' id='word_1_570' title='bbox 632 4019 912 4090; x_wconf 89' lang='grc' dir='ltr'>μονογενῆ,</span> <span class='ocrx_word' id='word_1_571' title='bbox 963 4017 1030 4070; x_wconf 85' lang='grc' dir='ltr'>δι’</span> <span class='ocrx_word' id='word_1_572' title='bbox 1076 4011 1135 4072; x_wconf 75' lang='grc' dir='ltr'><strong>οὗ</strong></span> <span class='ocrx_word' id='word_1_573' title='bbox 1177 4016 1247 4071; x_wconf 84' lang='grc' dir='ltr'>τὰ</span> <span class='ocrx_word' id='word_1_574' title='bbox 1292 4017 1469 4071; x_wconf 87' lang='grc' dir='ltr'>πάντα</span> <span class='ocrx_word' id='word_1_575' title='bbox 1507 4015 1735 4087; x_wconf 85' lang='grc' dir='ltr'>συνέστη</span> 
     </span>
    </p>
   </div>
   <div class='ocr_carea' id='block_1_73' title="bbox 160 4107 1738 4181">
    <p class='ocr_par' dir='ltr' id='par_1_73' title="bbox 160 4107 1738 4181">
     <span class='ocr_line' id='line_1_73' title="bbox 160 4107 1738 4181; baseline -0.002 -16"><span class='ocrx_word' id='word_1_576' title='bbox 160 4113 405 4181; x_wconf 68' lang='grc' dir='ltr'><strong>(Πανί-α</strong></span> <span class='ocrx_word' id='word_1_577' title='bbox 435 4109 544 4180; x_wconf 78' lang='grc' dir='ltr'>γὰρ</span> <span class='ocrx_word' id='word_1_578' title='bbox 580 4111 655 4163; x_wconf 76' lang='grc' dir='ltr'>δι’</span> <span class='ocrx_word' id='word_1_579' title='bbox 695 4109 879 4164; x_wconf 81' lang='grc' dir='ltr'>αὐτοῦ</span> <span class='ocrx_word' id='word_1_580' title='bbox 913 4108 1169 4177; x_wconf 76' lang='grc' dir='ltr'>ἐγένετο,</span> <span class='ocrx_word' id='word_1_581' title='bbox 1202 4109 1299 4162; x_wconf 85' lang='grc' dir='ltr'><strong>καί</strong></span> <span class='ocrx_word' id='word_1_582' title='bbox 1340 4109 1520 4178; x_wconf 78' lang='grc' dir='ltr'>χωρὶς</span> <span class='ocrx_word' id='word_1_583' title='bbox 1553 4107 1738 4162; x_wconf 85' lang='grc' dir='ltr'>αὐτοῦ</span> 
     </span>
    </p>
   </div>
   <div class='ocr_carea' id='block_1_74' title="bbox 157 4197 1741 4274">
    <p class='ocr_par' dir='ltr' id='par_1_74' title="bbox 157 4197 1741 4274">
     <span class='ocr_line' id='line_1_74' title="bbox 157 4197 1741 4274; baseline -0.003 -17"><span class='ocrx_word' id='word_1_584' title='bbox 157 4204 393 4274; x_wconf 71' lang='grc' dir='ltr'>ἐγένετο</span> <span class='ocrx_word' id='word_1_585' title='bbox 426 4202 567 4256; x_wconf 82' lang='grc' dir='ltr'>οὐδὲ</span> <span class='ocrx_word' id='word_1_586' title='bbox 588 4202 695 4273; x_wconf 80' lang='grc' dir='ltr'><strong>ἓν),</strong></span> <span class='ocrx_word' id='word_1_587' title='bbox 719 4203 959 4273; x_wconf 84' lang='grc' dir='ltr'>ἀρνεῖται</span> <span class='ocrx_word' id='word_1_588' title='bbox 986 4197 1122 4255; x_wconf 81' lang='grc' dir='ltr'>εἶναι</span> <span class='ocrx_word' id='word_1_589' title='bbox 1146 4202 1328 4257; x_wconf 86' lang='grc' dir='ltr'>εἰκόνα</span> <span class='ocrx_word' id='word_1_590' title='bbox 1356 4200 1451 4254; x_wconf 89' lang='grc' dir='ltr'><strong>τοῦ</strong></span> <span class='ocrx_word' id='word_1_591' title='bbox 1477 4200 1611 4255; x_wconf 90' lang='grc' dir='ltr'>Θεοῦ</span> <span class='ocrx_word' id='word_1_592' title='bbox 1645 4201 1741 4255; x_wconf 75' lang='grc' dir='ltr'>αῦ-</span> 
     </span>
    </p>
   </div>
   <div class='ocr_carea' id='block_1_75' title="bbox 161 4284 1742 4367">
    <p class='ocr_par' dir='ltr' id='par_1_75' title="bbox 161 4284 1742 4367">
     <span class='ocr_line' id='line_1_75' title="bbox 161 4284 1742 4367; baseline -0.003 -17"><span class='ocrx_word' id='word_1_593' title='bbox 161 4284 279 4360; x_wconf 59' lang='grc' dir='ltr'><strong>ταίς</strong></span> <span class='ocrx_word' id='word_1_594' title='bbox 316 4294 607 4358; x_wconf 81' lang='grc' dir='ltr'>συλλαϐαῖς</span> <span class='ocrx_word' id='word_1_595' title='bbox 644 4294 837 4363; x_wconf 86' lang='grc' dir='ltr'>λέγων,</span> <span class='ocrx_word' id='word_1_596' title='bbox 886 4313 906 4347; x_wconf 80' lang='grc' dir='ltr'><strong>ι</strong></span> <span class='ocrx_word' id='word_1_597' title='bbox 955 4294 1164 4348; x_wconf 77' lang='grc' dir='ltr'>Οὐκοῦν</span> <span class='ocrx_word' id='word_1_598' title='bbox 1197 4294 1480 4367; x_wconf 82' lang='grc' dir='ltr'>πρόδηλον,</span> <span class='ocrx_word' id='word_1_599' title='bbox 1523 4294 1603 4348; x_wconf 76' lang='grc' dir='ltr'>ὅτι</span> <span class='ocrx_word' id='word_1_600' title='bbox 1636 4293 1742 4366; x_wconf 80' lang='grc' dir='ltr'><strong>πρὸ</strong></span> 
     </span>
    </p>
   </div>
   <div class='ocr_carea' id='block_1_76' title="bbox 168 4385 1742 4459">
    <p class='ocr_par' dir='ltr' id='par_1_76' title="bbox 168 4385 1742 4459">
     <span class='ocr_line' id='line_1_76' title="bbox 168 4385 1742 4459; baseline -0.001 -18"><span class='ocrx_word' id='word_1_601' title='bbox 168 4408 187 4441; x_wconf 74' lang='grc' dir='ltr'><strong>ι</strong></span> <span class='ocrx_word' id='word_1_602' title='bbox 224 4390 327 4459; x_wconf 84' lang='grc' dir='ltr'><strong>τῆς</strong></span> <span class='ocrx_word' id='word_1_603' title='bbox 372 4386 467 4441; x_wconf 88' lang='grc' dir='ltr'><strong>τοῦ</strong></span> <span class='ocrx_word' id='word_1_604' title='bbox 520 4387 785 4459; x_wconf 77' lang='grc' dir='ltr'>ἡμετέρου</span> <span class='ocrx_word' id='word_1_605' title='bbox 832 4385 1081 4458; x_wconf 83' lang='grc' dir='ltr'>σώματος</span> <span class='ocrx_word' id='word_1_606' title='bbox 1125 4388 1468 4458; x_wconf 80' lang='grc' dir='ltr'>ἀναλήψεως,</span> <span class='ocrx_word' id='word_1_607' title='bbox 1516 4388 1545 4440; x_wconf 86' lang='grc' dir='ltr'>ὁ</span> <span class='ocrx_word' id='word_1_608' title='bbox 1568 4387 1742 4456; x_wconf 83' lang='grc' dir='ltr'>Λόγος</span> 
     </span>
    </p>
   </div>
   <div class='ocr_carea' id='block_1_77' title="bbox 169 4475 1736 4550">
    <p class='ocr_par' dir='ltr' id='par_1_77' title="bbox 169 4475 1736 4550">
     <span class='ocr_line' id='line_1_77' title="bbox 169 4475 1736 4550; baseline -0.002 -17"><span class='ocrx_word' id='word_1_609' title='bbox 169 4500 188 4533; x_wconf 78' lang='grc' dir='ltr'><strong>ι</strong></span> <span class='ocrx_word' id='word_1_610' title='bbox 226 4480 356 4536; x_wconf 86' lang='grc' dir='ltr'>καθ’</span> <span class='ocrx_word' id='word_1_611' title='bbox 409 4480 600 4534; x_wconf 72' lang='grc' dir='ltr'>ἑαυτὸν</span> <span class='ocrx_word' id='word_1_612' title='bbox 650 4481 747 4532; x_wconf 76' lang='grc' dir='ltr'><strong>οὐκ</strong></span> <span class='ocrx_word' id='word_1_613' title='bbox 794 4475 861 4550; x_wconf 78' lang='grc' dir='ltr'><strong>ῆν</strong></span> <span class='ocrx_word' id='word_1_614' title='bbox 907 4478 1068 4532; x_wconf 88' lang='grc' dir='ltr'>εἰκὼν</span> <span class='ocrx_word' id='word_1_615' title='bbox 1103 4478 1196 4533; x_wconf 89' lang='grc' dir='ltr'><strong>τοῦ</strong></span> <span class='ocrx_word' id='word_1_616' title='bbox 1237 4481 1464 4550; x_wconf 81' lang='grc' dir='ltr'>ἀοράτου</span> <span class='ocrx_word' id='word_1_617' title='bbox 1509 4477 1664 4534; x_wconf 89' lang='grc' dir='ltr'>Θεοῦ.</span> <span class='ocrx_word' id='word_1_618' title='bbox 1716 4496 1736 4530; x_wconf 78' lang='grc' dir='ltr'><strong>ι</strong></span> 
     </span>
    </p>
   </div>
   <div class='ocr_carea' id='block_1_78' title="bbox 1834 3280 3403 3368">
    <p class='ocr_par' dir='ltr' id='par_1_78' title="bbox 1834 3280 3403 3368">
     <span class='ocr_line' id='line_1_78' title="bbox 1834 3280 3403 3368; baseline -0.011 -18"><span class='ocrx_word' id='word_1_619' title='bbox 1834 3302 2160 3368; x_wconf 79' lang='lat' dir='ltr'><strong>perseverat.</strong></span> <span class='ocrx_word' id='word_1_620' title='bbox 2203 3289 2356 3358; x_wconf 88' lang='lat' dir='ltr'><strong>Quod</strong></span> <span class='ocrx_word' id='word_1_621' title='bbox 2384 3305 2507 3345; x_wconf 93' lang='lat' dir='ltr'><strong>cum</strong></span> <span class='ocrx_word' id='word_1_622' title='bbox 2552 3285 2833 3341; x_wconf 81' lang='lat' dir='ltr'><strong>Marcellus</strong></span> <span class='ocrx_word' id='word_1_623' title='bbox 2862 3285 3167 3353; x_wconf 82' lang='lat' dir='ltr'><strong>ignoraret,</strong></span> <span class='ocrx_word' id='word_1_624' title='bbox 3210 3280 3403 3350; x_wconf 88' lang='lat' dir='ltr'><strong>imagi-</strong></span> 
     </span>
    </p>
   </div>
   <div class='ocr_carea' id='block_1_79' title="bbox 1834 3370 3397 3442">
    <p class='ocr_par' dir='ltr' id='par_1_79' title="bbox 1834 3370 3397 3442">
     <span class='ocr_line' id='line_1_79' title="bbox 1834 3370 3397 3442; baseline -0.012 0"><span class='ocrx_word' id='word_1_625' title='bbox 1834 3400 1958 3442; x_wconf 88' lang='lat' dir='ltr'><strong>nem</strong></span> <span class='ocrx_word' id='word_1_626' title='bbox 1992 3383 2137 3440; x_wconf 84' lang='lat' dir='ltr'><strong>illam</strong></span> <span class='ocrx_word' id='word_1_627' title='bbox 2170 3381 2259 3436; x_wconf 88' lang='lat' dir='ltr'><strong>Dei</strong></span> <span class='ocrx_word' id='word_1_628' title='bbox 2295 3379 2577 3435; x_wconf 84' lang='lat' dir='ltr'><strong>invisibilis</strong></span> <span class='ocrx_word' id='word_1_629' title='bbox 2604 3378 2739 3432; x_wconf 79' lang='lat' dir='ltr'><strong>dixit</strong></span> <span class='ocrx_word' id='word_1_630' title='bbox 2782 3391 2903 3431; x_wconf 89' lang='lat' dir='ltr'><strong>esse</strong></span> <span class='ocrx_word' id='word_1_631' title='bbox 2943 3389 3155 3428; x_wconf 86' lang='lat' dir='ltr'><strong>carnem</strong></span> <span class='ocrx_word' id='word_1_632' title='bbox 3197 3370 3397 3425; x_wconf 85' lang='lat' dir='ltr'><strong>Serva-</strong></span> 
     </span>
    </p>
   </div>
   <div class='ocr_carea' id='block_1_80' title="bbox 1836 3463 3398 3546">
    <p class='ocr_par' dir='ltr' id='par_1_80' title="bbox 1836 3463 3398 3546">
     <span class='ocr_line' id='line_1_80' title="bbox 1836 3463 3398 3546; baseline -0.01 -13"><span class='ocrx_word' id='word_1_633' title='bbox 1836 3478 1988 3543; x_wconf 89' lang='lat' dir='ltr'><strong>toris,</strong></span> <span class='ocrx_word' id='word_1_634' title='bbox 2016 3491 2174 3546; x_wconf 85' lang='lat' dir='ltr'><strong>quam</strong></span> <span class='ocrx_word' id='word_1_635' title='bbox 2208 3471 2496 3543; x_wconf 83' lang='lat' dir='ltr'><strong>Apostolus</strong></span> <span class='ocrx_word' id='word_1_636' title='bbox 2534 3470 2665 3525; x_wconf 74' lang='lat' dir='ltr'><strong>servi</strong></span> <span class='ocrx_word' id='word_1_637' title='bbox 2715 3468 2942 3539; x_wconf 78' lang='lat' dir='ltr'><strong>formam</strong></span> <span class='ocrx_word' id='word_1_638' title='bbox 2965 3465 3009 3496; x_wconf 76' lang='grc' dir='ltr'><strong>⁷ο</strong></span> <span class='ocrx_word' id='word_1_639' title='bbox 3059 3463 3398 3518; x_wconf 84' lang='lat' dir='ltr'><strong>nominavit:</strong></span> 
     </span>
    </p>
   </div>
   <div class='ocr_carea' id='block_1_81' title="bbox 1836 3556 3409 3633">
    <p class='ocr_par' dir='ltr' id='par_1_81' title="bbox 1836 3556 3409 3633">
     <span class='ocr_line' id='line_1_81' title="bbox 1836 3556 3409 3633; baseline -0.011 -10"><span class='ocrx_word' id='word_1_640' title='bbox 1836 3569 2058 3624; x_wconf 89' lang='lat' dir='ltr'><strong>minime</strong></span> <span class='ocrx_word' id='word_1_641' title='bbox 2094 3564 2399 3633; x_wconf 85' lang='lat' dir='ltr'><strong>recogitans</strong></span> <span class='ocrx_word' id='word_1_642' title='bbox 2444 3561 2587 3633; x_wconf 92' lang='lat' dir='ltr'><strong>quod</strong></span> <span class='ocrx_word' id='word_1_643' title='bbox 2626 3558 2919 3614; x_wconf 86' lang='lat' dir='ltr'><strong>secundum</strong></span> <span class='ocrx_word' id='word_1_644' title='bbox 2954 3570 3171 3610; x_wconf 86' lang='lat' dir='ltr'><strong>carnem</strong></span> <span class='ocrx_word' id='word_1_645' title='bbox 3211 3556 3409 3607; x_wconf 86' lang='lat' dir='ltr'><strong>Serva-</strong></span> 
     </span>
    </p>
   </div>
   <div class='ocr_carea' id='block_1_82' title="bbox 1838 3643 3406 3724">
    <p class='ocr_par' dir='ltr' id='par_1_82' title="bbox 1838 3643 3406 3724">
     <span class='ocr_line' id='line_1_82' title="bbox 1838 3643 3406 3724; baseline -0.011 -9"><span class='ocrx_word' id='word_1_646' title='bbox 1838 3660 1969 3715; x_wconf 89' lang='lat' dir='ltr'><strong>toris</strong></span> <span class='ocrx_word' id='word_1_647' title='bbox 1995 3657 2238 3712; x_wconf 88' lang='lat' dir='ltr'><strong>homines</strong></span> <span class='ocrx_word' id='word_1_648' title='bbox 2264 3653 2459 3724; x_wconf 83' lang='lat' dir='ltr'><strong>singuli</strong></span> <span class='ocrx_word' id='word_1_649' title='bbox 2497 3651 2786 3720; x_wconf 85' lang='lat' dir='ltr'><strong>imaginem</strong></span> <span class='ocrx_word' id='word_1_650' title='bbox 2819 3647 3240 3715; x_wconf 85' lang='lat' dir='ltr'><strong>circumgestent</strong></span> <span class='ocrx_word' id='word_1_651' title='bbox 3267 3643 3406 3713; x_wconf 83' lang='lat' dir='ltr'><strong>ejus.</strong></span> 
     </span>
    </p>
   </div>
   <div class='ocr_carea' id='block_1_83' title="bbox 1837 3736 3409 3821">
    <p class='ocr_par' dir='ltr' id='par_1_83' title="bbox 1837 3736 3409 3821">
     <span class='ocr_line' id='line_1_83' title="bbox 1837 3736 3409 3821; baseline -0.011 -14"><span class='ocrx_word' id='word_1_652' title='bbox 1837 3752 2040 3821; x_wconf 89' lang='lat' dir='ltr'><strong>Corpus</strong></span> <span class='ocrx_word' id='word_1_653' title='bbox 2086 3750 2265 3817; x_wconf 87' lang='lat' dir='ltr'><strong>itaque</strong></span> <span class='ocrx_word' id='word_1_654' title='bbox 2317 3747 2455 3817; x_wconf 93' lang='lat' dir='ltr'><strong>quod</strong></span> <span class='ocrx_word' id='word_1_655' title='bbox 2506 3742 2796 3812; x_wconf 86' lang='lat' dir='ltr'><strong>assumpsit</strong></span> <span class='ocrx_word' id='word_1_656' title='bbox 2840 3739 3115 3802; x_wconf 87' lang='lat' dir='ltr'><strong>Servatur,</strong></span> <span class='ocrx_word' id='word_1_657' title='bbox 3167 3736 3258 3790; x_wconf 87' lang='lat' dir='ltr'><strong>ille</strong></span> <span class='ocrx_word' id='word_1_658' title='bbox 3288 3750 3409 3790; x_wconf 83' lang='lat' dir='ltr'><strong>esse</strong></span> 
     </span>
    </p>
   </div>
   <div class='ocr_carea' id='block_1_84' title="bbox 1840 3828 3407 3915">
    <p class='ocr_par' dir='ltr' id='par_1_84' title="bbox 1840 3828 3407 3915">
     <span class='ocr_line' id='line_1_84' title="bbox 1840 3828 3407 3915; baseline -0.01 -17"><span class='ocrx_word' id='word_1_659' title='bbox 1840 3844 2121 3915; x_wconf 63' lang='lat' dir='ltr'><strong>ingenitae,</strong></span> <span class='ocrx_word' id='word_1_660' title='bbox 2170 3839 2491 3904; x_wconf 80' lang='lat' dir='ltr'><strong>iueli‘abilis,</strong></span> <span class='ocrx_word' id='word_1_661' title='bbox 2542 3846 2779 3907; x_wconf 61' lang='lat' dir='ltr'><strong>paternae</strong></span> <span class='ocrx_word' id='word_1_662' title='bbox 2845 3832 3067 3887; x_wconf 87' lang='lat' dir='ltr'><strong>deitatis</strong></span> <span class='ocrx_word' id='word_1_663' title='bbox 3117 3828 3407 3899; x_wconf 87' lang='lat' dir='ltr'><strong>imaginem</strong></span> 
     </span>
    </p>
   </div>
   <div class='ocr_carea' id='block_1_85' title="bbox 1839 3927 3407 3995">
    <p class='ocr_par' dir='ltr' id='par_1_85' title="bbox 1839 3927 3407 3995">
     <span class='ocr_line' id='line_1_85' title="bbox 1839 3927 3407 3995; baseline -0.008 -6"><span class='ocrx_word' id='word_1_664' title='bbox 1839 3943 2111 3991; x_wconf 86' lang='lat' dir='ltr'><strong>asseverat</strong></span> <span class='ocrx_word' id='word_1_665' title='bbox 2151 3951 2166 3987; x_wconf 89' lang='lat'><strong>:</strong></span> <span class='ocrx_word' id='word_1_666' title='bbox 2213 3931 2407 3986; x_wconf 86' lang='lat' dir='ltr'><strong>Filium</strong></span> <span class='ocrx_word' id='word_1_667' title='bbox 2454 3942 2635 3984; x_wconf 85' lang='lat' dir='ltr'><strong>autem</strong></span> <span class='ocrx_word' id='word_1_668' title='bbox 2684 3927 3054 3995; x_wconf 85' lang='lat' dir='ltr'><strong>unigenitum,</strong></span> <span class='ocrx_word' id='word_1_669' title='bbox 3102 3937 3198 3991; x_wconf 92' lang='lat' dir='ltr'><strong>per</strong></span> <span class='ocrx_word' id='word_1_670' title='bbox 3247 3935 3407 3990; x_wconf 80' lang='lat' dir='ltr'><strong>quem</strong></span> 
     </span>
    </p>
   </div>
   <div class='ocr_carea' id='block_1_86' title="bbox 1839 4013 3404 4086">
    <p class='ocr_par' dir='ltr' id='par_1_86' title="bbox 1839 4013 3404 4086">
     <span class='ocr_line' id='line_1_86' title="bbox 1839 4013 3404 4086; baseline -0.013 -5"><span class='ocrx_word' id='word_1_671' title='bbox 1839 4027 2017 4081; x_wconf 82' lang='lat' dir='ltr'><strong>omnia</strong></span> <span class='ocrx_word' id='word_1_672' title='bbox 2048 4025 2366 4086; x_wconf 83' lang='lat' dir='ltr'><strong>subsistunt,</strong></span> <span class='ocrx_word' id='word_1_673' title='bbox 2396 4020 2534 4075; x_wconf 83' lang='lat' dir='ltr'><strong>Nam</strong></span> <span class='ocrx_word' id='word_1_674' title='bbox 2562 4020 2738 4073; x_wconf 88' lang='lat' dir='ltr'><strong>omnia</strong></span> <span class='ocrx_word' id='word_1_675' title='bbox 2764 4034 2857 4086; x_wconf 83' lang='lat' dir='ltr'><strong>per</strong></span> <span class='ocrx_word' id='word_1_676' title='bbox 2885 4016 3031 4069; x_wconf 88' lang='lat' dir='ltr'><strong>illum</strong></span> <span class='ocrx_word' id='word_1_677' title='bbox 3064 4013 3208 4082; x_wconf 74' lang='lat' dir='ltr'><strong>facta</strong></span> <span class='ocrx_word' id='word_1_678' title='bbox 3237 4020 3360 4064; x_wconf 80' lang='lat' dir='ltr'><strong>sunt</strong></span> <span class='ocrx_word' id='word_1_679' title='bbox 3387 4048 3404 4074; x_wconf 94' lang='lat'><strong>,</strong></span> 
     </span>
    </p>
   </div>
   <div class='ocr_carea' id='block_1_87' title="bbox 1838 4103 3408 4182">
    <p class='ocr_par' dir='ltr' id='par_1_87' title="bbox 1838 4103 3408 4182">
     <span class='ocr_line' id='line_1_87' title="bbox 1838 4103 3408 4182; baseline -0.01 -11"><span class='ocrx_word' id='word_1_680' title='bbox 1838 4128 1885 4171; x_wconf 84' lang='lat' dir='ltr'><strong>et</strong></span> <span class='ocrx_word' id='word_1_681' title='bbox 1911 4117 2021 4170; x_wconf 75' lang='lat' dir='ltr'><strong>sine</strong></span> <span class='ocrx_word' id='word_1_682' title='bbox 2048 4115 2138 4169; x_wconf 85' lang='lat' dir='ltr'><strong>illo</strong></span> <span class='ocrx_word' id='word_1_683' title='bbox 2172 4118 2369 4182; x_wconf 74' lang='lat' dir='ltr'><strong>[actum</strong></span> <span class='ocrx_word' id='word_1_684' title='bbox 2398 4119 2474 4165; x_wconf 82' lang='grc' dir='ltr'><strong>εει</strong></span> <span class='ocrx_word' id='word_1_685' title='bbox 2505 4109 2638 4163; x_wconf 86' lang='lat' dir='ltr'><strong>nihil</strong></span> <span class='ocrx_word' id='word_1_686' title='bbox 2662 4109 2705 4139; x_wconf 86' lang='lat'><strong>&#39;“</strong></span> <span class='ocrx_word' id='word_1_687' title='bbox 2728 4144 2746 4172; x_wconf 92' lang='lat'><strong>,</strong></span> <span class='ocrx_word' id='word_1_688' title='bbox 2778 4112 2939 4176; x_wconf 84' lang='lat' dir='ltr'><strong>negat</strong></span> <span class='ocrx_word' id='word_1_689' title='bbox 2968 4103 3257 4172; x_wconf 84' lang='lat' dir='ltr'><strong>imaginem</strong></span> <span class='ocrx_word' id='word_1_690' title='bbox 3287 4115 3408 4155; x_wconf 78' lang='lat' dir='ltr'><strong>esse</strong></span> 
     </span>
    </p>
   </div>
   <div class='ocr_carea' id='block_1_88' title="bbox 1841 4197 3407 4275">
    <p class='ocr_par' dir='ltr' id='par_1_88' title="bbox 1841 4197 3407 4275">
     <span class='ocr_line' id='line_1_88' title="bbox 1841 4197 3407 4275; baseline -0.01 -13"><span class='ocrx_word' id='word_1_691' title='bbox 1841 4208 1973 4275; x_wconf 91' lang='lat' dir='ltr'><strong>Dei,</strong></span> <span class='ocrx_word' id='word_1_692' title='bbox 2020 4206 2238 4263; x_wconf 89' lang='lat' dir='ltr'><strong>totidem</strong></span> <span class='ocrx_word' id='word_1_693' title='bbox 2294 4205 2475 4258; x_wconf 86' lang='lat' dir='ltr'><strong>verbis</strong></span> <span class='ocrx_word' id='word_1_694' title='bbox 2530 4201 2813 4257; x_wconf 85' lang='lat' dir='ltr'><strong>scribens:</strong></span> <span class='ocrx_word' id='word_1_695' title='bbox 2854 4217 2873 4250; x_wconf 75' lang='grc' dir='ltr'><strong>ι</strong></span> <span class='ocrx_word' id='word_1_696' title='bbox 2903 4197 3165 4264; x_wconf 85' lang='lat' dir='ltr'><strong>Quocirca</strong></span> <span class='ocrx_word' id='word_1_697' title='bbox 3222 4203 3407 4262; x_wconf 88' lang='lat' dir='ltr'><strong>patet,</strong></span> 
     </span>
    </p>
   </div>
   <div class='ocr_carea' id='block_1_89' title="bbox 1846 4285 3408 4370">
    <p class='ocr_par' dir='ltr' id='par_1_89' title="bbox 1846 4285 3408 4370">
     <span class='ocr_line' id='line_1_89' title="bbox 1846 4285 3408 4370; baseline -0.011 -14"><span class='ocrx_word' id='word_1_698' title='bbox 1846 4322 1865 4355; x_wconf 75' lang='grc' dir='ltr'><strong>ι</strong></span> <span class='ocrx_word' id='word_1_699' title='bbox 1911 4302 2051 4370; x_wconf 91' lang='lat' dir='ltr'><strong>quod</strong></span> <span class='ocrx_word' id='word_1_700' title='bbox 2096 4308 2222 4354; x_wconf 86' lang='lat' dir='ltr'><strong>ante</strong></span> <span class='ocrx_word' id='word_1_701' title='bbox 2262 4306 2595 4366; x_wconf 86' lang='lat' dir='ltr'><strong>assumptum</strong></span> <span class='ocrx_word' id='word_1_702' title='bbox 2628 4308 2822 4362; x_wconf 90' lang='lat' dir='ltr'><strong>corpus</strong></span> <span class='ocrx_word' id='word_1_703' title='bbox 2855 4299 3130 4352; x_wconf 88' lang='lat' dir='ltr'><strong>nostrum,</strong></span> <span class='ocrx_word' id='word_1_704' title='bbox 3174 4285 3408 4341; x_wconf 79' lang='lat' dir='ltr'><strong>Verbum</strong></span> 
     </span>
    </p>
   </div>
   <div class='ocr_carea' id='block_1_90' title="bbox 1849 4378 3407 4464">
    <p class='ocr_par' dir='ltr' id='par_1_90' title="bbox 1849 4378 3407 4464">
     <span class='ocr_line' id='line_1_90' title="bbox 1849 4378 3407 4464; baseline -0.011 -17"><span class='ocrx_word' id='word_1_705' title='bbox 1849 4413 1868 4447; x_wconf 79' lang='grc' dir='ltr'><strong>ι</strong></span> <span class='ocrx_word' id='word_1_706' title='bbox 1914 4410 2008 4464; x_wconf 81' lang='grc' dir='ltr'>ρει·</span> <span class='ocrx_word' id='word_1_707' title='bbox 2044 4407 2103 4448; x_wconf 88' lang='lat' dir='ltr'><strong>se</strong></span> <span class='ocrx_word' id='word_1_708' title='bbox 2146 4406 2250 4446; x_wconf 92' lang='lat' dir='ltr'><strong>non</strong></span> <span class='ocrx_word' id='word_1_709' title='bbox 2302 4399 2418 4444; x_wconf 92' lang='lat' dir='ltr'><strong>erat</strong></span> <span class='ocrx_word' id='word_1_710' title='bbox 2470 4387 2643 4457; x_wconf 89' lang='lat' dir='ltr'><strong>imago</strong></span> <span class='ocrx_word' id='word_1_711' title='bbox 2690 4384 2933 4440; x_wconf 65' lang='lat' dir='ltr'><strong>Patris.»</strong></span> <span class='ocrx_word' id='word_1_712' title='bbox 2994 4378 3201 4436; x_wconf 84' lang='lat' dir='ltr'><strong>Videsis</strong></span> <span class='ocrx_word' id='word_1_713' title='bbox 3245 4393 3407 4446; x_wconf 87' lang='lat' dir='ltr'><strong>quam</strong></span> 
     </span>
    </p>
   </div>
   <div class='ocr_carea' id='block_1_91' title="bbox 1840 4476 3406 4560">
    <p class='ocr_par' dir='ltr' id='par_1_91' title="bbox 1840 4476 3406 4560">
     <span class='ocr_line' id='line_1_91' title="bbox 1840 4476 3406 4560; baseline -0.013 -16"><span class='ocrx_word' id='word_1_714' title='bbox 1840 4494 2114 4560; x_wconf 86' lang='lat' dir='ltr'><strong>pervertat</strong></span> <span class='ocrx_word' id='word_1_715' title='bbox 2188 4481 2590 4551; x_wconf 86' lang='lat' dir='ltr'><strong>interpretando</strong></span> <span class='ocrx_word' id='word_1_716' title='bbox 2645 4476 2888 4547; x_wconf 85' lang='lat' dir='ltr'><strong>Apostoli</strong></span> <span class='ocrx_word' id='word_1_717' title='bbox 2966 4482 3234 4535; x_wconf 85' lang='lat' dir='ltr'><strong>mentem,</strong></span> <span class='ocrx_word' id='word_1_718' title='bbox 3282 4485 3406 4525; x_wconf 90' lang='lat' dir='ltr'><strong>cum</strong></span> 
     </span>
    </p>
   </div>
   <div class='ocr_carea' id='block_1_92' title="bbox 174 4561 1735 4656">
    <p class='ocr_par' dir='ltr' id='par_1_92' title="bbox 174 4571 1735 4647">
     <span class='ocr_line' id='line_1_92' title="bbox 174 4571 1735 4647; baseline -0.001 -20"><span class='ocrx_word' id='word_1_719' title='bbox 174 4574 342 4647; x_wconf 84' lang='grc' dir='ltr'>Ὁρᾷς</span> <span class='ocrx_word' id='word_1_720' title='bbox 374 4573 476 4643; x_wconf 77' lang='grc' dir='ltr'>ὅσῃ</span> <span class='ocrx_word' id='word_1_721' title='bbox 507 4572 801 4643; x_wconf 80' lang='grc' dir='ltr'>διαστροφῇ</span> <span class='ocrx_word' id='word_1_722' title='bbox 833 4571 1092 4643; x_wconf 88' lang='grc' dir='ltr'>κέχρηται</span> <span class='ocrx_word' id='word_1_723' title='bbox 1121 4571 1218 4643; x_wconf 84' lang='grc' dir='ltr'><strong>τῆς</strong></span> <span class='ocrx_word' id='word_1_724' title='bbox 1246 4572 1605 4645; x_wconf 81' lang='grc' dir='ltr'>άποστολικῆς</span> <span class='ocrx_word' id='word_1_725' title='bbox 1648 4574 1735 4645; x_wconf 83' lang='grc' dir='ltr'><strong>ὲρ-</strong></span> 
     </span>
    </p>
   </div>
   <div class='ocr_carea' id='block_1_93' title="bbox 1836 4561 3412 4656">
    <p class='ocr_par' dir='ltr' id='par_1_93' title="bbox 1846 4561 3412 4656">
     <span class='ocr_line' id='line_1_93' title="bbox 1846 4561 3412 4656; baseline -0.013 -20"><span class='ocrx_word' id='word_1_726' title='bbox 1846 4580 2080 4636; x_wconf 84' lang='lat' dir='ltr'><strong>Joannes</strong></span> <span class='ocrx_word' id='word_1_727' title='bbox 2108 4574 2431 4646; x_wconf 79' lang='lat' dir='ltr'><strong>evangelista</strong></span> <span class='ocrx_word' id='word_1_728' title='bbox 2458 4570 2770 4643; x_wconf 85' lang='lat' dir='ltr'><strong>mysterium</strong></span> <span class='ocrx_word' id='word_1_729' title='bbox 2801 4567 2952 4631; x_wconf 91' lang='lat' dir='ltr'><strong>illud,</strong></span> <span class='ocrx_word' id='word_1_730' title='bbox 2981 4564 3120 4633; x_wconf 88' lang='lat' dir='ltr'><strong>quod</strong></span> <span class='ocrx_word' id='word_1_731' title='bbox 3155 4561 3320 4656; x_wconf 58' lang='lat' dir='ltr'><strong>Moysi</strong></span> <span class='ocrx_word' id='word_1_732' title='bbox 3355 4568 3412 4617; x_wconf 81' lang='lat' dir='ltr'><strong>et</strong></span> 
     </span>
    </p>
   </div>
   <div class='ocr_carea' id='block_1_94' title="bbox 167 4663 1746 4738">
    <p class='ocr_par' dir='ltr' id='par_1_94' title="bbox 167 4663 1746 4738">
     <span class='ocr_line' id='line_1_94' title="bbox 167 4663 1746 4738; baseline -0.001 -17"><span class='ocrx_word' id='word_1_733' title='bbox 167 4666 419 4738; x_wconf 77' lang='grc' dir='ltr'>μηνεξας.</span> <span class='ocrx_word' id='word_1_734' title='bbox 444 4664 597 4718; x_wconf 84' lang='grc' dir='ltr'>Οῦτω</span> <span class='ocrx_word' id='word_1_735' title='bbox 616 4665 672 4718; x_wconf 78' lang='grc' dir='ltr'>δὲ</span> <span class='ocrx_word' id='word_1_736' title='bbox 693 4663 785 4717; x_wconf 87' lang='grc' dir='ltr'><strong>τοῦ</strong></span> <span class='ocrx_word' id='word_1_737' title='bbox 805 4664 1187 4734; x_wconf 86' lang='grc' dir='ltr'>εὐαγγελιστοῦ</span> <span class='ocrx_word' id='word_1_738' title='bbox 1228 4665 1496 4729; x_wconf 87' lang='grc' dir='ltr'>Ἰωάννου,</span> <span class='ocrx_word' id='word_1_739' title='bbox 1516 4665 1578 4719; x_wconf 84' lang='grc' dir='ltr'><strong>τὸ</strong></span> <span class='ocrx_word' id='word_1_740' title='bbox 1599 4667 1746 4738; x_wconf 81' lang='grc' dir='ltr'>παρὰ</span> 
     </span>
    </p>
   </div>
   <div class='ocr_carea' id='block_1_95' title="bbox 164 4759 1746 4832">
    <p class='ocr_par' dir='ltr' id='par_1_95' title="bbox 164 4759 1746 4832">
     <span class='ocr_line' id='line_1_95' title="bbox 164 4759 1746 4832; baseline -0.002 -15"><span class='ocrx_word' id='word_1_741' title='bbox 164 4763 361 4816; x_wconf 81' lang='grc' dir='ltr'>Μωσεί</span> <span class='ocrx_word' id='word_1_742' title='bbox 419 4760 512 4813; x_wconf 76' lang='grc' dir='ltr'><strong>καὶ</strong></span> <span class='ocrx_word' id='word_1_743' title='bbox 563 4762 675 4822; x_wconf 82' lang='grc' dir='ltr'>τοῖς</span> <span class='ocrx_word' id='word_1_744' title='bbox 726 4759 931 4822; x_wconf 86' lang='grc' dir='ltr'>λοιποῖς</span> <span class='ocrx_word' id='word_1_745' title='bbox 989 4760 1294 4831; x_wconf 83' lang='grc' dir='ltr'>προφήταις</span> <span class='ocrx_word' id='word_1_746' title='bbox 1351 4760 1746 4832; x_wconf 85' lang='grc' dir='ltr'>κεκρυμμένως</span> 
     </span>
    </p>
   </div>
   <div class='ocr_carea' id='block_1_96' title="bbox 164 4851 1745 4923">
    <p class='ocr_par' dir='ltr' id='par_1_96' title="bbox 164 4851 1745 4923">
     <span class='ocr_line' id='line_1_96' title="bbox 164 4851 1745 4923; baseline -0.001 -16"><span class='ocrx_word' id='word_1_747' title='bbox 164 4851 514 4923; x_wconf 71' lang='grc' dir='ltr'>ἐγνωσμένον</span> <span class='ocrx_word' id='word_1_748' title='bbox 549 4852 863 4923; x_wconf 82' lang='grc' dir='ltr'>μυστήριόν,</span> <span class='ocrx_word' id='word_1_749' title='bbox 906 4851 1387 4922; x_wconf 72' lang='grc' dir='ltr'>εὐαγγελιζομένου</span> <span class='ocrx_word' id='word_1_750' title='bbox 1420 4852 1515 4905; x_wconf 73' lang='grc' dir='ltr'><strong>καὶ</strong></span> <span class='ocrx_word' id='word_1_751' title='bbox 1546 4854 1745 4906; x_wconf 87' lang='grc' dir='ltr'>ἀνακα-</span> 
     </span>
    </p>
   </div>
   <div class='ocr_carea' id='block_1_97' title="bbox 158 4930 1746 5017">
    <p class='ocr_par' dir='ltr' id='par_1_97' title="bbox 158 4930 1746 5017">
     <span class='ocr_line' id='line_1_97' title="bbox 158 4930 1746 5017; baseline 0.02 -79"><span class='ocrx_word' id='word_1_752' title='bbox 158 4930 485 5008; x_wconf 54' lang='grc' dir='ltr'>ηλύπτοντος,</span> <span class='ocrx_word' id='word_1_753' title='bbox 516 4942 726 5016; x_wconf 79' lang='grc' dir='ltr'>μεγάλῃ</span> <span class='ocrx_word' id='word_1_754' title='bbox 747 4960 806 4995; x_wconf 89' lang='grc' dir='ltr'><strong>τε</strong></span> <span class='ocrx_word' id='word_1_755' title='bbox 838 4944 947 5014; x_wconf 73' lang='grc'>(54)</span> <span class='ocrx_word' id='word_1_756' title='bbox 984 4944 1346 5017; x_wconf 73' lang='grc' dir='ltr'>κηρύττοντος</span> <span class='ocrx_word' id='word_1_757' title='bbox 1389 4942 1482 5014; x_wconf 77' lang='grc' dir='ltr'><strong>βοῇ</strong></span> <span class='ocrx_word' id='word_1_758' title='bbox 1523 4944 1603 4996; x_wconf 73' lang='grc' dir='ltr'><strong>τό.</strong></span> <span class='ocrx_word' id='word_1_759' title='bbox 1644 4944 1746 4997; x_wconf 69' lang='grc' dir='ltr'><strong>Ἑν</strong></span> 
     </span>
    </p>
   </div>
   <div class='ocr_carea' id='block_1_98' title="bbox 167 5033 1741 5111">
    <p class='ocr_par' dir='ltr' id='par_1_98' title="bbox 167 5033 1741 5111">
     <span class='ocr_line' id='line_1_98' title="bbox 167 5033 1741 5111; baseline -0.002 -19"><span class='ocrx_word' id='word_1_760' title='bbox 167 5038 329 5111; x_wconf 81' lang='grc' dir='ltr'><strong>ἀρχῇ</strong></span> <span class='ocrx_word' id='word_1_761' title='bbox 346 5035 427 5108; x_wconf 79' lang='grc' dir='ltr'><strong>ἦν</strong></span> <span class='ocrx_word' id='word_1_762' title='bbox 464 5040 497 5092; x_wconf 88' lang='grc' dir='ltr'><strong>ό</strong></span> <span class='ocrx_word' id='word_1_763' title='bbox 523 5038 732 5107; x_wconf 78' lang='grc' dir='ltr'>Λόγος,</span> <span class='ocrx_word' id='word_1_764' title='bbox 757 5036 853 5090; x_wconf 80' lang='grc' dir='ltr'>καὶ</span> <span class='ocrx_word' id='word_1_765' title='bbox 878 5040 909 5090; x_wconf 81' lang='grc' dir='ltr'><em>ὀ</em></span> <span class='ocrx_word' id='word_1_766' title='bbox 929 5039 1119 5107; x_wconf 76' lang='grc' dir='ltr'>Λόγος</span> <span class='ocrx_word' id='word_1_767' title='bbox 1147 5033 1224 5107; x_wconf 77' lang='grc' dir='ltr'><strong>ἦν</strong></span> <span class='ocrx_word' id='word_1_768' title='bbox 1259 5036 1408 5105; x_wconf 80' lang='grc' dir='ltr'>πρὸς</span> <span class='ocrx_word' id='word_1_769' title='bbox 1434 5035 1541 5089; x_wconf 83' lang='grc' dir='ltr'>τὸν</span> <span class='ocrx_word' id='word_1_770' title='bbox 1575 5036 1741 5102; x_wconf 78' lang='grc' dir='ltr'>Θεὸν,</span> 
     </span>
    </p>
   </div>
   <div class='ocr_carea' id='block_1_99' title="bbox 168 5126 1741 5200">
    <p class='ocr_par' dir='ltr' id='par_1_99' title="bbox 168 5126 1741 5200">
     <span class='ocr_line' id='line_1_99' title="bbox 168 5126 1741 5200; baseline -0.003 -14"><span class='ocrx_word' id='word_1_771' title='bbox 168 5133 263 5186; x_wconf 84' lang='grc' dir='ltr'><strong>καί</strong></span> <span class='ocrx_word' id='word_1_772' title='bbox 288 5129 439 5196; x_wconf 83' lang='grc' dir='ltr'>Θεὸς</span> <span class='ocrx_word' id='word_1_773' title='bbox 455 5126 533 5199; x_wconf 83' lang='grc' dir='ltr'><strong>ἦν</strong></span> <span class='ocrx_word' id='word_1_774' title='bbox 553 5134 585 5183; x_wconf 81' lang='grc' dir='ltr'><em>ὁ</em></span> <span class='ocrx_word' id='word_1_775' title='bbox 601 5131 810 5199; x_wconf 59' lang='grc' dir='ltr'>Λόγος</span> <span class='ocrx_word' id='word_1_776' title='bbox 842 5126 1038 5181; x_wconf 81' lang='grc' dir='ltr'>πάντα</span> <span class='ocrx_word' id='word_1_777' title='bbox 1057 5128 1130 5182; x_wconf 84' lang='grc' dir='ltr'>δι’</span> <span class='ocrx_word' id='word_1_778' title='bbox 1149 5128 1333 5183; x_wconf 81' lang='grc' dir='ltr'>αὐτοῦ</span> <span class='ocrx_word' id='word_1_779' title='bbox 1355 5128 1589 5199; x_wconf 75' lang='grc' dir='ltr'>ἐγένετο</span> <span class='ocrx_word' id='word_1_780' title='bbox 1606 5127 1741 5200; x_wconf 79' lang='grc'>[(55)</span> 
     </span>
    </p>
   </div>
   <div class='ocr_carea' id='block_1_100' title="bbox 166 5219 1747 5293">
    <p class='ocr_par' dir='ltr' id='par_1_100' title="bbox 166 5219 1747 5293">
     <span class='ocr_line' id='line_1_100' title="bbox 166 5219 1747 5293; baseline -0.004 -14"><span class='ocrx_word' id='word_1_781' title='bbox 166 5225 263 5279; x_wconf 80' lang='grc' dir='ltr'><strong>καί</strong></span> <span class='ocrx_word' id='word_1_782' title='bbox 288 5223 473 5293; x_wconf 77' lang='grc' dir='ltr'>χωρὶς</span> <span class='ocrx_word' id='word_1_783' title='bbox 502 5222 686 5276; x_wconf 85' lang='grc' dir='ltr'>αὐτοῦ</span> <span class='ocrx_word' id='word_1_784' title='bbox 707 5220 942 5291; x_wconf 77' lang='grc' dir='ltr'>ἐγένετο</span> <span class='ocrx_word' id='word_1_785' title='bbox 969 5220 1112 5274; x_wconf 85' lang='grc' dir='ltr'>οὐδὲ</span> <span class='ocrx_word' id='word_1_786' title='bbox 1135 5219 1249 5293; x_wconf 62' lang='lat' dir='ltr'><strong>Er],</strong></span> <span class='ocrx_word' id='word_1_787' title='bbox 1281 5222 1372 5275; x_wconf 77' lang='grc' dir='ltr'><strong>καὶ</strong></span> <span class='ocrx_word' id='word_1_788' title='bbox 1401 5220 1747 5293; x_wconf 81' lang='grc' dir='ltr'>μαρτυρομέ-</span> 
     </span>
    </p>
   </div>
   <div class='ocr_carea' id='block_1_101' title="bbox 166 5310 1747 5387">
    <p class='ocr_par' dir='ltr' id='par_1_101' title="bbox 166 5310 1747 5387">
     <span class='ocr_line' id='line_1_101' title="bbox 166 5310 1747 5387; baseline -0.006 -14"><span class='ocrx_word' id='word_1_789' title='bbox 166 5335 281 5384; x_wconf 75' lang='grc' dir='ltr'>νου,</span> <span class='ocrx_word' id='word_1_790' title='bbox 313 5318 400 5371; x_wconf 84' lang='grc' dir='ltr'>ὅτι</span> <span class='ocrx_word' id='word_1_791' title='bbox 426 5310 494 5387; x_wconf 77' lang='grc' dir='ltr'>ἦν</span> <span class='ocrx_word' id='word_1_792' title='bbox 522 5315 582 5369; x_wconf 83' lang='grc' dir='ltr'><strong>τὸ</strong></span> <span class='ocrx_word' id='word_1_793' title='bbox 613 5314 727 5385; x_wconf 82' lang='grc' dir='ltr'>φῶς</span> <span class='ocrx_word' id='word_1_794' title='bbox 758 5313 986 5383; x_wconf 77' lang='grc' dir='ltr'>φωτίζον</span> <span class='ocrx_word' id='word_1_795' title='bbox 1015 5313 1188 5366; x_wconf 79' lang='grc' dir='ltr'>πάντα</span> <span class='ocrx_word' id='word_1_796' title='bbox 1211 5313 1494 5386; x_wconf 76' lang='grc' dir='ltr'>ἄνθρωπον</span> <span class='ocrx_word' id='word_1_797' title='bbox 1522 5313 1747 5385; x_wconf 80' lang='grc' dir='ltr'>ἐρχόμε-</span> 
     </span>
    </p>
   </div>
   <div class='ocr_carea' id='block_1_102' title="bbox 235 5514 1550 5588">
    <p class='ocr_par' dir='ltr' id='par_1_102' title="bbox 235 5514 1550 5588">
     <span class='ocr_line' id='line_1_102' title="bbox 235 5514 1550 5588; baseline -0.006 -12"><span class='ocrx_word' id='word_1_798' title='bbox 235 5529 299 5586; x_wconf 76' lang='grc' dir='ltr'><strong>›Ῑ4</strong></span> <span class='ocrx_word' id='word_1_799' title='bbox 339 5521 438 5576; x_wconf 84' lang='lat' dir='ltr'><strong>Ed.</strong></span> <span class='ocrx_word' id='word_1_800' title='bbox 471 5519 672 5583; x_wconf 89' lang='lat' dir='ltr'><strong>Paris.,</strong></span> <span class='ocrx_word' id='word_1_801' title='bbox 702 5532 824 5588; x_wconf 77' lang='lat' dir='ltr'><strong>pag.</strong></span> <span class='ocrx_word' id='word_1_802' title='bbox 856 5516 981 5573; x_wconf 73' lang='lat' dir='ltr'><strong>H2.</strong></span> <span class='ocrx_word' id='word_1_803' title='bbox 1035 5586 1041 5588; x_wconf 78' lang='lat'><strong><em>_</em></strong></span> <span class='ocrx_word' id='word_1_804' title='bbox 1071 5516 1114 5588; x_wconf 66' lang='lat' dir='ltr'><strong>f‘</strong></span> <span class='ocrx_word' id='word_1_805' title='bbox 1154 5514 1169 5568; x_wconf 95' lang='lat' dir='ltr'><strong>l</strong></span> <span class='ocrx_word' id='word_1_806' title='bbox 1204 5516 1440 5588; x_wconf 63' lang='grc' dir='ltr'><strong>ΤῘΙΙὶΛΊ,</strong></span> <span class='ocrx_word' id='word_1_807' title='bbox 1463 5515 1550 5588; x_wconf 63' lang='grc'><strong>15.</strong></span> 
     </span>
    </p>
   </div>
   <div class='ocr_carea' id='block_1_103' title="bbox 162 5585 1348 5660">
    <p class='ocr_par' dir='ltr' id='par_1_103' title="bbox 162 5585 1348 5660">
     <span class='ocr_line' id='line_1_103' title="bbox 162 5585 1348 5660; baseline -0.007 -13"><span class='ocrx_word' id='word_1_808' title='bbox 162 5585 318 5659; x_wconf 71' lang='lat' dir='ltr'><strong>xvii,</strong></span> <span class='ocrx_word' id='word_1_809' title='bbox 343 5594 399 5648; x_wconf 79' lang='lat'><strong>3.</strong></span> <span class='ocrx_word' id='word_1_810' title='bbox 477 5590 524 5620; x_wconf 85' lang='grc'><strong>⁷⁰</strong></span> <span class='ocrx_word' id='word_1_811' title='bbox 541 5585 774 5660; x_wconf 81' lang='lat' dir='ltr'><strong>Philipp.</strong></span> <span class='ocrx_word' id='word_1_812' title='bbox 800 5588 930 5651; x_wconf 72' lang='lat'><strong>11,7.</strong></span> <span class='ocrx_word' id='word_1_813' title='bbox 1002 5585 1264 5650; x_wconf 73' lang='lat' dir='ltr'><strong>“JoanJ,</strong></span> <span class='ocrx_word' id='word_1_814' title='bbox 1296 5588 1348 5641; x_wconf 78' lang='lat'><strong>5.</strong></span> 
     </span>
    </p>
   </div>
   <div class='ocr_carea' id='block_1_104' title="bbox 243 5764 854 5836">
    <p class='ocr_par' dir='ltr' id='par_1_104' title="bbox 243 5764 854 5836">
     <span class='ocr_line' id='line_1_104' title="bbox 243 5764 854 5836; baseline 0.002 -19"><span class='ocrx_word' id='word_1_815' title='bbox 243 5766 361 5836; x_wconf 80' lang='lat' dir='ltr'><strong>(5i)</strong></span> <span class='ocrx_word' id='word_1_816' title='bbox 395 5764 569 5836; x_wconf 55' lang='lat' dir='ltr'><strong>Vulgo</strong></span> <span class='ocrx_word' id='word_1_817' title='bbox 594 5765 741 5818; x_wconf 84' lang='lat' dir='ltr'><strong>deest</strong></span> <span class='ocrx_word' id='word_1_818' title='bbox 774 5764 854 5818; x_wconf 85' lang='grc' dir='ltr'>άν.</span> 
     </span>
    </p>
   </div>
   <div class='ocr_carea' id='block_1_105' title="bbox 251 5833 794 5906">
    <p class='ocr_par' dir='ltr' id='par_1_105' title="bbox 251 5833 794 5906">
     <span class='ocr_line' id='line_1_105' title="bbox 251 5833 794 5906; baseline -0.002 -17"><span class='ocrx_word' id='word_1_819' title='bbox 251 5833 367 5906; x_wconf 71' lang='lat'><strong>(32)</strong></span> <span class='ocrx_word' id='word_1_820' title='bbox 398 5833 522 5906; x_wconf 30' lang='lat' dir='ltr'><strong>Mpy.’</strong></span> <span class='ocrx_word' id='word_1_821' title='bbox 540 5851 794 5906; x_wconf 80' lang='grc' dir='ltr'>περιφερ.</span> 
     </span>
    </p>
   </div>
   <div class='ocr_carea' id='block_1_106' title="bbox 254 5842 1704 5978">
    <p class='ocr_par' dir='ltr' id='par_1_106' title="bbox 254 5842 1704 5978">
     <span class='ocr_line' id='line_1_106' title="bbox 254 5842 794 5906; baseline -0.002 -17"><span class='ocrx_word' id='word_1_822' title='bbox 254 5842 344 5901; x_wconf 71' lang='lat'><strong>(3‘2</strong></span> <span class='ocrx_word' id='word_1_823' title='bbox 399 5842 505 5901; x_wconf 83' lang='lat' dir='ltr'><strong>Mp.</strong></span> <span class='ocrx_word' id='word_1_824' title='bbox 540 5851 664 5903; x_wconf 80' lang='grc' dir='ltr'>περι</span> <span class='ocrx_word' id='word_1_825' title='bbox 712 5852 794 5906; x_wconf 90' lang='grc' dir='ltr'>ερ.</span> 
     </span>
     <span class='ocr_line' id='line_1_107' title="bbox 254 5842 1704 5978; baseline -0.002 -17"><span class='ocrx_word' id='word_1_826' title='bbox 254 5842 370 5978; x_wconf 75' lang='lat'><strong>(&#39;53)</strong></span> <span class='ocrx_word' id='word_1_827' title='bbox 403 5903 510 5959; x_wconf 85' lang='grc' dir='ltr'><strong>Τοῦ</strong></span> <span class='ocrx_word' id='word_1_828' title='bbox 545 5851 769 5962; x_wconf 47' lang='lat' dir='ltr'><strong>canitie</strong></span> <span class='ocrx_word' id='word_1_829' title='bbox 799 5913 850 5961; x_wconf 85' lang='lat' dir='ltr'><strong>et</strong></span> <span class='ocrx_word' id='word_1_830' title='bbox 874 5918 997 5961; x_wconf 74' lang='lat' dir='ltr'><strong>mox</strong></span> <span class='ocrx_word' id='word_1_831' title='bbox 1026 5903 1202 5972; x_wconf 83' lang='lat' dir='ltr'><strong>codd.;</strong></span> <span class='ocrx_word' id='word_1_832' title='bbox 1229 5916 1351 5955; x_wconf 78' lang='lat' dir='ltr'><strong>mox</strong></span> <span class='ocrx_word' id='word_1_833' title='bbox 1381 5900 1539 5973; x_wconf 83' lang='lat' dir='ltr'><strong>vulgo</strong></span> <span class='ocrx_word' id='word_1_834' title='bbox 1572 5899 1604 5953; x_wconf 79' lang='grc' dir='ltr'>ἃ</span> <span class='ocrx_word' id='word_1_835' title='bbox 1626 5901 1704 5958; x_wconf 78' lang='grc' dir='ltr'>δέ.</span> 
     </span>
    </p>
   </div>
   <div class='ocr_carea' id='block_1_107' title="bbox 1663 5500 3070 5576">
    <p class='ocr_par' dir='ltr' id='par_1_107' title="bbox 1663 5500 3070 5576">
     <span class='ocr_line' id='line_1_108' title="bbox 1663 5500 3070 5576; baseline -0.01 -8"><span class='ocrx_word' id='word_1_836' title='bbox 1663 5514 1708 5545; x_wconf 80' lang='grc'><strong><em>⁸⁸</em></strong></span> <span class='ocrx_word' id='word_1_837' title='bbox 1748 5513 1874 5567; x_wconf 86' lang='lat' dir='ltr'><strong>ibid.</strong></span> <span class='ocrx_word' id='word_1_838' title='bbox 1904 5512 1991 5567; x_wconf 77' lang='grc'><strong>16.</strong></span> <span class='ocrx_word' id='word_1_839' title='bbox 2068 5511 2109 5543; x_wconf 81' lang='grc'><strong>⁸⁷</strong></span> <span class='ocrx_word' id='word_1_840' title='bbox 2140 5511 2160 5564; x_wconf 92' lang='lat' dir='ltr'><strong>l</strong></span> <span class='ocrx_word' id='word_1_841' title='bbox 2189 5510 2328 5564; x_wconf 84' lang='lat' dir='ltr'><strong>Tim.</strong></span> <span class='ocrx_word' id='word_1_842' title='bbox 2358 5508 2505 5576; x_wconf 71' lang='lat'><strong>1,17.</strong></span> <span class='ocrx_word' id='word_1_843' title='bbox 2583 5506 2628 5538; x_wconf 80' lang='grc'>⁸⁸</span> <span class='ocrx_word' id='word_1_844' title='bbox 2664 5504 2821 5558; x_wconf 84' lang='lat' dir='ltr'><strong>Rom.</strong></span> <span class='ocrx_word' id='word_1_845' title='bbox 2841 5515 2953 5568; x_wconf 75' lang='lat' dir='ltr'><strong>xvn,</strong></span> <span class='ocrx_word' id='word_1_846' title='bbox 2978 5500 3070 5554; x_wconf 74' lang='lat'><strong>27.</strong></span> 
     </span>
    </p>
   </div>
   <div class='ocr_carea' id='block_1_108' title="bbox 1426 5584 1895 5648">
    <p class='ocr_par' dir='ltr' id='par_1_108' title="bbox 1426 5584 1895 5648">
     <span class='ocr_line' id='line_1_109' title="bbox 1426 5584 1895 5648; baseline -0.006 -9"><span class='ocrx_word' id='word_1_847' title='bbox 1426 5587 1469 5616; x_wconf 75' lang='grc'><strong>⁷⁸</strong></span> <span class='ocrx_word' id='word_1_848' title='bbox 1508 5584 1665 5639; x_wconf 84' lang='lat' dir='ltr'><strong>Joau.</strong></span> <span class='ocrx_word' id='word_1_849' title='bbox 1694 5602 1730 5648; x_wconf 83' lang='grc' dir='ltr'><strong>ι,</strong></span> <span class='ocrx_word' id='word_1_850' title='bbox 1759 5585 1808 5648; x_wconf 81' lang='lat' dir='ltr'><strong>l,</strong></span> <span class='ocrx_word' id='word_1_851' title='bbox 1841 5585 1895 5637; x_wconf 81' lang='grc'><strong>5.</strong></span> 
     </span>
    </p>
   </div>
   <div class='ocr_carea' id='block_1_109' title="bbox 1843 4654 3408 4742">
    <p class='ocr_par' dir='ltr' id='par_1_109' title="bbox 1843 4654 3408 4742">
     <span class='ocr_line' id='line_1_110' title="bbox 1843 4654 3408 4742; baseline -0.015 -14"><span class='ocrx_word' id='word_1_852' title='bbox 1843 4669 2117 4742; x_wconf 82' lang='lat' dir='ltr'><strong>prophetis</strong></span> <span class='ocrx_word' id='word_1_853' title='bbox 2146 4664 2446 4723; x_wconf 89' lang='lat' dir='ltr'><strong>abstrusius</strong></span> <span class='ocrx_word' id='word_1_854' title='bbox 2475 4671 2593 4717; x_wconf 88' lang='lat' dir='ltr'><strong>erat</strong></span> <span class='ocrx_word' id='word_1_855' title='bbox 2612 4701 2630 4729; x_wconf 93' lang='lat'><strong>,</strong></span> <span class='ocrx_word' id='word_1_856' title='bbox 2659 4660 2935 4729; x_wconf 87' lang='lat' dir='ltr'><strong>cognitum</strong></span> <span class='ocrx_word' id='word_1_857' title='bbox 2971 4654 3318 4707; x_wconf 79' lang='lat' dir='ltr'><strong>annuntiat‘et</strong></span> <span class='ocrx_word' id='word_1_858' title='bbox 3350 4660 3408 4706; x_wconf 87' lang='lat' dir='ltr'><strong>et</strong></span> 
     </span>
    </p>
   </div>
   <div class='ocr_carea' id='block_1_110' title="bbox 1841 4746 3409 4828">
    <p class='ocr_par' dir='ltr' id='par_1_110' title="bbox 1841 4746 3409 4828">
     <span class='ocr_line' id='line_1_111' title="bbox 1841 4746 3409 4828; baseline -0.013 -10"><span class='ocrx_word' id='word_1_859' title='bbox 1841 4762 2055 4819; x_wconf 80' lang='lat' dir='ltr'><strong>efferret</strong></span> <span class='ocrx_word' id='word_1_860' title='bbox 2086 4774 2274 4828; x_wconf 84' lang='lat' dir='ltr'><strong>magna</strong></span> <span class='ocrx_word' id='word_1_861' title='bbox 2308 4754 2647 4827; x_wconf 70' lang='lat' dir='ltr'><strong>prazdicautis</strong></span> <span class='ocrx_word' id='word_1_862' title='bbox 2683 4766 2814 4805; x_wconf 86' lang='lat' dir='ltr'><strong>voce</strong></span> <span class='ocrx_word' id='word_1_863' title='bbox 2848 4766 2862 4803; x_wconf 88' lang='lat'><strong>:</strong></span> <span class='ocrx_word' id='word_1_864' title='bbox 2896 4746 2963 4801; x_wconf 88' lang='lat' dir='ltr'><strong>In</strong></span> <span class='ocrx_word' id='word_1_865' title='bbox 2994 4747 3253 4816; x_wconf 82' lang='lat' dir='ltr'><strong>principio</strong></span> <span class='ocrx_word' id='word_1_866' title='bbox 3296 4753 3409 4798; x_wconf 78' lang='lat' dir='ltr'><strong>erat</strong></span> 
     </span>
    </p>
   </div>
   <div class='ocr_carea' id='block_1_111' title="bbox 1854 4836 3407 4916">
    <p class='ocr_par' dir='ltr' id='par_1_111' title="bbox 1854 4836 3407 4916">
     <span class='ocr_line' id='line_1_112' title="bbox 1854 4836 3407 4916; baseline -0.014 -10"><span class='ocrx_word' id='word_1_867' title='bbox 1854 4853 2097 4916; x_wconf 84' lang='lat' dir='ltr'><strong>Verbum,</strong></span> <span class='ocrx_word' id='word_1_868' title='bbox 2128 4863 2173 4903; x_wconf 77' lang='lat' dir='ltr'><strong>et</strong></span> <span class='ocrx_word' id='word_1_869' title='bbox 2215 4848 2435 4902; x_wconf 83' lang='lat' dir='ltr'><strong>Verbum</strong></span> <span class='ocrx_word' id='word_1_870' title='bbox 2478 4852 2589 4898; x_wconf 82' lang='lat' dir='ltr'><strong>erat</strong></span> <span class='ocrx_word' id='word_1_871' title='bbox 2630 4841 2769 4913; x_wconf 83' lang='lat' dir='ltr'><strong>apud</strong></span> <span class='ocrx_word' id='word_1_872' title='bbox 2819 4839 3005 4903; x_wconf 75' lang='lat' dir='ltr'><strong>Deum,</strong></span> <span class='ocrx_word' id='word_1_873' title='bbox 3035 4848 3082 4891; x_wconf 84' lang='lat' dir='ltr'><strong>et</strong></span> <span class='ocrx_word' id='word_1_874' title='bbox 3120 4836 3255 4890; x_wconf 83' lang='lat' dir='ltr'><strong>Deus</strong></span> <span class='ocrx_word' id='word_1_875' title='bbox 3295 4842 3407 4888; x_wconf 82' lang='lat' dir='ltr'><strong>erat</strong></span> 
     </span>
    </p>
   </div>
   <div class='ocr_carea' id='block_1_112' title="bbox 1851 4929 3408 5010">
    <p class='ocr_par' dir='ltr' id='par_1_112' title="bbox 1851 4929 3408 5010">
     <span class='ocr_line' id='line_1_113' title="bbox 1851 4929 3408 5010; baseline -0.015 -9"><span class='ocrx_word' id='word_1_876' title='bbox 1851 4945 2073 5002; x_wconf 80' lang='lat' dir='ltr'><strong>Verbum</strong></span> <span class='ocrx_word' id='word_1_877' title='bbox 2102 4959 2120 4999; x_wconf 91' lang='lat'><strong><em>:</em></strong></span> <span class='ocrx_word' id='word_1_878' title='bbox 2153 4943 2329 4997; x_wconf 90' lang='lat' dir='ltr'><strong>omnia</strong></span> <span class='ocrx_word' id='word_1_879' title='bbox 2371 4955 2463 5010; x_wconf 78' lang='lat' dir='ltr'><strong>per</strong></span> <span class='ocrx_word' id='word_1_880' title='bbox 2499 4940 2669 5008; x_wconf 81' lang='lat' dir='ltr'><strong>ipsum</strong></span> <span class='ocrx_word' id='word_1_881' title='bbox 2703 4936 2847 5006; x_wconf 76' lang='lat' dir='ltr'><strong>facta</strong></span> <span class='ocrx_word' id='word_1_882' title='bbox 2886 4941 3038 4997; x_wconf 76' lang='lat' dir='ltr'><strong>sunt,</strong></span> <span class='ocrx_word' id='word_1_883' title='bbox 3070 4943 3115 4984; x_wconf 87' lang='lat' dir='ltr'><strong>et</strong></span> <span class='ocrx_word' id='word_1_884' title='bbox 3158 4932 3265 4983; x_wconf 77' lang='lat' dir='ltr'><strong>sine</strong></span> <span class='ocrx_word' id='word_1_885' title='bbox 3297 4929 3408 4995; x_wconf 80' lang='lat' dir='ltr'><strong>ipso</strong></span> 
     </span>
    </p>
   </div>
   <div class='ocr_carea' id='block_1_113' title="bbox 1849 5021 3409 5105">
    <p class='ocr_par' dir='ltr' id='par_1_113' title="bbox 1849 5021 3409 5105">
     <span class='ocr_line' id='line_1_114' title="bbox 1849 5021 3409 5105; baseline -0.015 -14"><span class='ocrx_word' id='word_1_886' title='bbox 1849 5038 2050 5105; x_wconf 80' lang='lat' dir='ltr'><strong>factum</strong></span> <span class='ocrx_word' id='word_1_887' title='bbox 2080 5043 2155 5089; x_wconf 79' lang='grc' dir='ltr'><strong>εει</strong></span> <span class='ocrx_word' id='word_1_888' title='bbox 2189 5031 2320 5086; x_wconf 84' lang='lat' dir='ltr'><strong>nihil</strong></span> <span class='ocrx_word' id='word_1_889' title='bbox 2346 5032 2414 5097; x_wconf 76' lang='grc' dir='ltr'><strong>τ’,</strong></span> <span class='ocrx_word' id='word_1_890' title='bbox 2445 5042 2673 5098; x_wconf 88' lang='lat' dir='ltr'><strong>cumque</strong></span> <span class='ocrx_word' id='word_1_891' title='bbox 2700 5034 2924 5081; x_wconf 85' lang='lat' dir='ltr'><strong>testetur</strong></span> <span class='ocrx_word' id='word_1_892' title='bbox 2956 5038 3076 5077; x_wconf 88' lang='lat' dir='ltr'><strong>eum</strong></span> <span class='ocrx_word' id='word_1_893' title='bbox 3107 5021 3279 5074; x_wconf 80' lang='lat' dir='ltr'><strong>lucem</strong></span> <span class='ocrx_word' id='word_1_894' title='bbox 3310 5032 3374 5070; x_wconf 80' lang='lat' dir='ltr'><strong>ex</strong></span> <span class='ocrx_word' id='word_1_895' title='bbox 3404 5052 3409 5057; x_wconf 60' lang='grc' dir='ltr'><strong>ι</strong></span> 
     </span>
    </p>
   </div>
   <div class='ocr_carea' id='block_1_114' title="bbox 1850 5113 3407 5184">
    <p class='ocr_par' dir='ltr' id='par_1_114' title="bbox 1850 5113 3407 5184">
     <span class='ocr_line' id='line_1_115' title="bbox 1850 5113 3407 5184; baseline -0.015 -1"><span class='ocrx_word' id='word_1_896' title='bbox 1850 5128 2054 5184; x_wconf 89' lang='lat' dir='ltr'><strong>stitisse</strong></span> <span class='ocrx_word' id='word_1_897' title='bbox 2100 5125 2487 5181; x_wconf 89' lang='lat' dir='ltr'><strong>illuminantem</strong></span> <span class='ocrx_word' id='word_1_898' title='bbox 2528 5134 2745 5176; x_wconf 90' lang='lat' dir='ltr'><strong>omnem</strong></span> <span class='ocrx_word' id='word_1_899' title='bbox 2792 5117 3061 5172; x_wconf 87' lang='lat' dir='ltr'><strong>hominem</strong></span> <span class='ocrx_word' id='word_1_900' title='bbox 3106 5113 3407 5165; x_wconf 79' lang='lat' dir='ltr'><strong>venientem</strong></span> 
     </span>
    </p>
   </div>
   <div class='ocr_carea' id='block_1_115' title="bbox 1852 5201 3411 5273">
    <p class='ocr_par' dir='ltr' id='par_1_115' title="bbox 1852 5201 3411 5273">
     <span class='ocr_line' id='line_1_116' title="bbox 1852 5201 3411 5273; baseline -0.015 -1"><span class='ocrx_word' id='word_1_901' title='bbox 1852 5218 1905 5273; x_wconf 88' lang='lat' dir='ltr'><strong>in</strong></span> <span class='ocrx_word' id='word_1_902' title='bbox 1942 5218 2082 5272; x_wconf 87' lang='lat' dir='ltr'><strong>hunc</strong></span> <span class='ocrx_word' id='word_1_903' title='bbox 2114 5214 2411 5269; x_wconf 88' lang='lat' dir='ltr'><strong>mundum:</strong></span> <span class='ocrx_word' id='word_1_904' title='bbox 2456 5209 2522 5265; x_wconf 87' lang='lat' dir='ltr'><strong>In</strong></span> <span class='ocrx_word' id='word_1_905' title='bbox 2564 5208 2757 5262; x_wconf 86' lang='lat' dir='ltr'><strong>mundo</strong></span> <span class='ocrx_word' id='word_1_906' title='bbox 2798 5215 2942 5271; x_wconf 84' lang='lat' dir='ltr'><strong>erat,</strong></span> <span class='ocrx_word' id='word_1_907' title='bbox 2975 5216 3018 5258; x_wconf 80' lang='lat' dir='ltr'><strong>et</strong></span> <span class='ocrx_word' id='word_1_908' title='bbox 3053 5201 3276 5255; x_wconf 71' lang='lat' dir='ltr'><strong>ntundus</strong></span> <span class='ocrx_word' id='word_1_909' title='bbox 3318 5214 3411 5267; x_wconf 69' lang='lat' dir='ltr'><strong>per</strong></span> 
     </span>
    </p>
   </div>
   <div class='ocr_carea' id='block_1_116' title="bbox 1851 5290 3408 5379">
    <p class='ocr_par' dir='ltr' id='par_1_116' title="bbox 1851 5290 3408 5379">
     <span class='ocr_line' id='line_1_117' title="bbox 1851 5290 3408 5379; baseline -0.01 -16"><span class='ocrx_word' id='word_1_910' title='bbox 1851 5309 2017 5379; x_wconf 66' lang='lat' dir='ltr'><strong>ipsum</strong></span> <span class='ocrx_word' id='word_1_911' title='bbox 2063 5308 2234 5378; x_wconf 75' lang='lat' dir='ltr'><strong>factus</strong></span> <span class='ocrx_word' id='word_1_912' title='bbox 2273 5313 2380 5370; x_wconf 84' lang='grc' dir='ltr'>εει,</span> <span class='ocrx_word' id='word_1_913' title='bbox 2423 5313 2470 5359; x_wconf 82' lang='lat' dir='ltr'><strong>et</strong></span> <span class='ocrx_word' id='word_1_914' title='bbox 2506 5301 2728 5357; x_wconf 75' lang='lat' dir='ltr'><strong>mundus</strong></span> <span class='ocrx_word' id='word_1_915' title='bbox 2772 5314 2889 5352; x_wconf 86' lang='lat' dir='ltr'><strong>eum</strong></span> <span class='ocrx_word' id='word_1_916' title='bbox 2933 5312 3034 5349; x_wconf 88' lang='lat' dir='ltr'><strong>non</strong></span> <span class='ocrx_word' id='word_1_917' title='bbox 3078 5291 3312 5364; x_wconf 77' lang='lat' dir='ltr'><strong>cognorit</strong></span> <span class='ocrx_word' id='word_1_918' title='bbox 3342 5290 3408 5348; x_wconf 82' lang='grc'><strong>⁷³.</strong></span> 
     </span>
    </p>
   </div>
   <div class='ocr_carea' id='block_1_117' title="bbox 3169 5498 3416 5557">
    <p class='ocr_par' dir='ltr' id='par_1_117' title="bbox 3169 5498 3416 5557">
     <span class='ocr_line' id='line_1_118' title="bbox 3169 5498 3416 5557; baseline 0.008 -2"><span class='ocrx_word' id='word_1_919' title='bbox 3169 5499 3214 5533; x_wconf 81' lang='grc'><strong><em>⁸⁸</em></strong></span> <span class='ocrx_word' id='word_1_920' title='bbox 3249 5498 3416 5557; x_wconf 73' lang='lat' dir='ltr'><strong>Joan.</strong></span> 
     </span>
    </p>
   </div>
   <div class='ocr_carea' id='block_1_118' title="bbox 1970 5581 2302 5637">
    <p class='ocr_par' dir='ltr' id='par_1_118' title="bbox 1970 5581 2302 5637">
     <span class='ocr_line' id='line_1_119' title="bbox 1970 5581 2302 5637; baseline -0.009 1"><span class='ocrx_word' id='word_1_921' title='bbox 1970 5582 2016 5613; x_wconf 84' lang='grc'><strong>⁷³</strong></span> <span class='ocrx_word' id='word_1_922' title='bbox 2057 5582 2186 5637; x_wconf 87' lang='lat' dir='ltr'><strong>ibid.</strong></span> <span class='ocrx_word' id='word_1_923' title='bbox 2216 5581 2302 5636; x_wconf 78' lang='grc'><strong>10.</strong></span> 
     </span>
    </p>
   </div>
   <div class='ocr_carea' id='block_1_119' title="bbox 1921 5761 2586 5833">
    <p class='ocr_par' dir='ltr' id='par_1_119' title="bbox 1921 5761 2586 5833">
     <span class='ocr_line' id='line_1_120' title="bbox 1921 5761 2586 5833; baseline -0.006 -16"><span class='ocrx_word' id='word_1_924' title='bbox 1921 5763 2033 5830; x_wconf 69' lang='grc'>(54)</span> <span class='ocrx_word' id='word_1_925' title='bbox 2063 5762 2249 5832; x_wconf 76' lang='lat' dir='ltr'><strong>Vulgo</strong></span> <span class='ocrx_word' id='word_1_926' title='bbox 2266 5761 2473 5833; x_wconf 79' lang='grc' dir='ltr'>μεγάλῃ</span> <span class='ocrx_word' id='word_1_927' title='bbox 2498 5763 2586 5831; x_wconf 82' lang='grc' dir='ltr'><strong>τῇ.</strong></span> 
     </span>
    </p>
   </div>
   <div class='ocr_carea' id='block_1_120' title="bbox 1919 5820 3054 5904">
    <p class='ocr_par' dir='ltr' id='par_1_120' title="bbox 1919 5820 3054 5904">
     <span class='ocr_line' id='line_1_121' title="bbox 1919 5820 3054 5904; baseline -0.009 -17"><span class='ocrx_word' id='word_1_928' title='bbox 2067 5820 2194 5889; x_wconf 41' lang='lat' dir='ltr'><strong>Om:</strong></span> <span class='ocrx_word' id='word_1_929' title='bbox 2221 5820 2377 5890; x_wconf 76' lang='lat' dir='ltr'><strong>codd.</strong></span> <span class='ocrx_word' id='word_1_930' title='bbox 2404 5820 2520 5886; x_wconf 71' lang='grc' dir='ltr'><strong>Μ’ὸχ</strong></span> <span class='ocrx_word' id='word_1_931' title='bbox 2538 5820 2711 5885; x_wconf 72' lang='lat' dir='ltr'><strong>&quot;vulco</strong></span> <span class='ocrx_word' id='word_1_932' title='bbox 2738 5826 2851 5897; x_wconf 81' lang='grc' dir='ltr'><strong>φῶς</strong></span> <span class='ocrx_word' id='word_1_933' title='bbox 2875 5820 2942 5899; x_wconf 76' lang='grc' dir='ltr'>ἦν</span> <span class='ocrx_word' id='word_1_934' title='bbox 2975 5822 3054 5879; x_wconf 65' lang='grc' dir='ltr'><strong>τὸ.</strong></span> 
     </span>
    </p>
   </div>
   <div class='ocr_carea' id='block_1_121' title="bbox 2546 5992 2583 6007">
    <p class='ocr_par' dir='ltr' id='par_1_121' title="bbox 2546 5992 2583 6007">
     <span class='ocr_line' id='line_1_122' title="bbox 2546 5992 2583 6007; baseline 0 -2"><span class='ocrx_word' id='word_1_935' title='bbox 2546 5992 2583 6007; x_wconf 51' lang='grc' dir='ltr'><strong>θ’</strong></span> 
     </span>
    </p>
   </div>
  </div>
