3970 6518
213 376 320 435 96Ξὶ
1174 382 1262 438 DE
1302 384 1830 445 ECCLESIASTICA
1869 391 2249 447 TllEOLOGlA
2292 396 2415 450 LIB.
2459 393 2517 450 ll.

840 494 995 547 ΚΕΦ.
1039 496 1165 549 ΚΕ¹.

406 582 603 647 Ὅπως
630 584 662 635 ὀ
682 582 861 649 αὐτὸς
890 586 1076 652 ἐαυτῷ
1099 589 1339 643 ἐναντία
1370 591 1610 659 ἕγφαψε.

279 670 415 726 Εἶτα
445 676 538 727 καὶ
576 674 735 738 αὐτὸς
771 676 946 749 ἑαυτῷ
983 680 1241 735 τάναντία
1272 683 1382 752 (47)
1425 684 1649 756 γράφων
1680 702 1778 737 ουκ

206 764 477 820 αῖσθεται.
519 767 606 819 Ἐν
633 767 837 838 ἑτέροις
867 768 963 839 μὲν
994 769 1101 840 γάρ
1131 771 1537 842 διῖσχυρίζεται,
1576 775 1777 846 μηδένα

206 850 299 903 τοῦ
346 850 610 925 προτέρου
656 853 806 919 λαοῦ,
840 857 907 910 τὰ
955 859 1095 913 κατὰ
1139 858 1227 913 τὸν
1256 863 1425 930 Λόγον
1462 867 1773 933 ἐγνωκέναι.

205 944 521 1015 Μυστήριον
549 946 656 1018 γὰρ
671 942 806 1000 εἶναι
834 949 1342 1023 ἀποκεκρυμμένον.
1369 957 1570 1029 Γράφει
1593 958 1648 1010 δὲ
1674 952 1773 1012 ὦδε

207 1035 400 1098 αὑταῖς
428 1035 606 1103 λέξεσι
625 1055 639 1069 ’
677 1057 695 1089 ι
721 1036 785 1091 Τί
810 1041 916 1112 γὰρ
940 1041 1123 1115 ἕτερον
1158 1041 1226 1116 ἦν
1255 1048 1770 1121 ἀποκεκρυμμένον,

211 1144 229 1174 ι
243 1130 545 1198 μυστήριον
566 1129 598 1199 ἦ
625 1129 683 1183 τὸ
704 1131 847 1184 «κατά
869 1133 959 1186 τὸν
980 1135 1149 1204 Λόγον
1175 1138 1346 1201 ;οῢτω
1361 1140 1416 1193 δὲ
1435 1141 1544 1213 (48)
1561 1140 1626 1213 ἦν
1642 1144 1775 1197 ἀπο-

207 1233 224 1264 t
250 1218 631 1288 κεκρυμμένον
657 1221 715 1272 ἐν
742 1221 819 1291 τῷ
836 1223 973 1293 Θεῷ,
1009 1226 1158 1279 τουτὶ
1191 1230 1452 1302 πρότερον
1486 1233 1546 1285 τὸ
1574 1236 1774 1305 μυστή-

205 1324 226 1357 ι
256 1324 395 1376 ριον,
419 1309 559 1364 ὥστε
597 1312 799 1382 μηδένα
842 1316 935 1367 τοῦ
972 1318 1231 1390 προτέρου
1268 1321 1417 1385 λαοῦ,
1476 1325 1659 1393 σαφῶς
1706 1326 1773 1381 τὰ

202 1411 223 1445 t
240 1398 386 1487 κατά
407 1398 495 1451 τὸν
523 1399 693 1469 Λόγον
713 1402 935 1457 εἰδέναι’
966 1405 1078 1458 ἀλλ’
1106 1409 1270 1478 ἡμᾶς,
1297 1411 1389 1464 τοῦ
1422 1412 1649 1467 πλούτου
1675 1417 1773 1487 τῆς

199 1502 221 1535 t
248 1485 413 1559 δόξης
470 1490 562 1542 καὶ
604 1490 697 1544 τοῦ
747 1494 1233 1569 ἀποκεκρυμμένου
1296 1506 1590 1577 μυστηρίου
1636 1485 1772 1562 ἀπο-

196 1594 223 1628 ί
247 1577 439 1633 λαύειν
460 1582 595 1636 νυνί.
623 1602 641 1633 ι
664 1585 772 1637 Καὶ
800 1582 953 1652 αὖθις
984 1590 1243 1660 ἐπιλέγει,
1265 1614 1282 1645 ι
1308 1595 1363 1646 'U
1379 1596 1433 1650 δὲ
1470 1598 1610 1669 ἱερὸς
1638 1600 1773 1653 ἀπό-

202 1687 221 1719 t
243 1670 431 1734 στολός
457 1690 516 1724 τε
547 1676 639 1729 καὶ
667 1676 909 1750 μαθητὴς
935 1681 1025 1733 τοῦ
1052 1684 1257 1754 Κυρίου
1294 1688 1561 1759 Ἰωάννης,
1587 1692 1771 1761 σαφῶς

198 1779 218 1810 ι
243 1762 342 1847 καὶ
388 1763 680 1837 διαρρήδην
706 1770 762 1820 ὲν
807 1770 945 1843 ἀρχῇ
981 1774 1076 1827 τοῦ
1116 1776 1445 1847 Εὑαγγελίου
1483 1782 1767 1845 διδάσκων,

3337 391 3442 449 966

2485 506 2633 561 CAP.
2670 506 2830 563 XXV.

2076 650 2077 653 η
2145 595 2384 660 Qualiter
2409 599 2507 651 sibi
2540 599 2638 666 ipsi
2668 599 2931 651 contraria
2958 596 3170 651 scribat.

1948 684 2060 739 Non
2113 687 2356 756 intelligit
2389 704 2550 757 porro
2580 691 2722 758 quod
2767 687 2866 742 sibi
2898 688 2995 756 ipsi
3024 687 3439 742 contradictoria

1878 778 2086 833 scribit.
2123 778 2334 833 Alicubi
2374 778 2637 846 siquidem
2670 787 3045 833 asseveranter
3080 776 3288 841 statuit,
3318 776 3439 830 nul-

1878 868 1984 921 lum
2036 870 2244 938 penitus
2284 870 2348 924 de
2392 869 2609 937 antiquo
2665 868 2754 922 illo
2804 867 2997 937 populo
3046 867 3332 936 quidquam
3372 867 3438 920 dc

1878 958 2052 1014 Verbo
2084 963 2414 1028 cognovisse.
2465 960 2599 1013 Nam
2630 968 2746 1013 erat
2768 959 3081 1028 mysterium
3122 965 3180 1021 »Β
3208 958 3439 1011 abscon-

1876 1051 2064 1116 dittun,
2092 1052 2285 1121 inquit.
2319 1050 2493 1105 Verba
2526 1051 2639 1120 ejus
2663 1059 2789 1104 sunt
2820 1049 2910 1121 [Β.
2936 1050 3096 1115 XLV,
3132 1050 3254 1104 coll.
3285 1065 3337 1113 p.
3365 1048 3436 1100 ιο

1877 1141 1940 1213 1)]
1974 1158 1988 1196 ι
2031 1161 2047 1193 ι
2074 1142 2209 1207 Quid
2236 1142 2380 1195 aliud
2408 1152 2521 1196 erat
2552 1145 2863 1212 mysterium
2889 1142 3012 1195 illud
3037 1143 3432 1201 absconditum,

1876 1252 1898 1283 ‹
1924 1248 2079 1301 quam
2110 1233 2234 1286 illud
2271 1234 2333 1287 de
2359 1232 2573 1287 Verbo?
2626 1233 2757 1287 Nam
2790 1242 2907 1288 erat
2970 1234 3069 1287 hoc
3116 1232 3431 1302 mysterium

1880 1344 1896 1375 ι
1921 1325 2054 1379 adeo
2079 1324 2202 1378 olim
2237 1326 2287 1378 in
2326 1325 2435 1379 Deo
2460 1326 2853 1389 absconditum,
2890 1334 2947 1378 ut
2979 1338 3009 1378 e
3033 1325 3195 1394 priori
3226 1325 3313 1378 illo
3340 1339 3435 1394 po-

1879 1434 1895 1465 ‹
1920 1415 2063 1484 pulo,
2092 1416 2263 1470 nullus
2290 1416 2445 1485 plane
2477 1417 2577 1472 hoc
2612 1420 2783 1485 ipsum
2826 1417 3162 1487 intelligeret.
3195 1415 3297 1470 Sed
3336 1431 3434 1470 no—

1879 1507 2001 1560 «bis
2042 1505 2151 1574 jam
2197 1522 2448 1562 concessa
2505 1517 2587 1562 est
2648 1508 2830 1563 frnitio
2885 1508 3193 1562 divitiarum
3254 1507 3435 1575 gloriae

1878 1617 1896 1649 ι
1924 1597 2108 1668 ipsius,
2146 1608 2198 1653 et
2250 1599 2488 1672 mysterii
2523 1599 2665 1653 illius
2710 1600 3149 1655 reconditissimi.
3178 1618 3196 1650 ι
3239 1600 3433 1652 Statim

1872 1706 2001 1744 vero
2062 1691 2326 1744 subiniert
2360 1690 2451 1761 [IL
2485 1689 2646 1744 XLVI
2695 1690 2818 1747 coll.
2872 1705 2926 1760 p.
2974 1690 3043 1744 56
3089 1691 3129 1744 D
3184 1690 3280 1744 118
3309 1688 3371 1760 C]
3418 1708 3431 1742 :

1878 1781 2304 1836 «Sanctissimus
2354 1797 2478 1836 vero
2527 1782 2817 1851 apostolus,
2865 1790 2919 1835 et.
2949 1780 3157 1835 Domini
3200 1781 3434 1850 discipu-

196 1870 213 1901 ι
238 1842 316 1916 ὧς
327 1856 690 1927 ἀγνοούμενον
711 1861 767 1912 ὲν
790 1863 1092 1934 ἀνθρώποις
1112 1869 1392 1941 πρότερον,
1419 1874 1589 1941 Λόγον
1606 1876 1761 1929 αὑτὸν

1875 1894 1891 1925 t
1919 1875 1996 1926 Ius
2018 1873 2274 1938 Joannes,
2316 1876 2541 1928 exertim
2576 1882 2630 1928 et
2672 1884 2857 1944 aperte
2885 1873 2936 1927 in
2971 1884 3160 1928 exortu
3200 1874 3435 1940 Evange-

194 1962 212 1993 ι
239 1943 339 2038 tot":
366 1951 814 2038 ⁸παντοκράτορος
850 1955 1148 2026 ὀνομάζων,
1182 1961 1349 2028 οὕτως
1374 1964 1498 2037 ἔφη,
1544 1969 1638 2021 Ἐν
1672 1971 1766 2038 ἀρ-

194 2054 212 2085 ε
240 2035 326 2132 κῇ
350 2035 430 2107 ἦν
458 2044 490 2093 ό
517 2043 723 2113 Λόγος.
756 2065 775 2096 ι
822 2048 909 2101 Ἐν
943 2049 1150 2115 τούτοις
1175 2053 1272 2124 μὲν
1302 2052 1395 2110 οὖν
1420 2035 1766 2132 ἀποκεκρυμ-

174 2128 357 2197 μένον
383 2135 679 2204 μυστήριον
724 2136 1011 2210 διορίζεται
1041 2138 1278 2210 εἶναιτὸ,
1315 2149 1443 2219 περὶ
1473 2149 1564 2202 τοῦ
1596 2128 1765 2219 Λόγον

184 2220 336 2288 ἔχειν
355 2222 448 2276 τὸν
470 2224 620 2292 Θεὸν,
654 2228 711 2281 ὲν
742 2229 797 2281 δὲ
826 2233 945 2295 ταῖς
974 2230 1173 2305 ἀρτίως
1199 2239 1615 2307 παρατεθείσαις
1640 2260 1767 2314 προ-

186 2316 453 2382 φητικαίς
478 2320 699 2384 φωναῖς,
721 2320 897 2385 πάσας
919 2323 1015 2387 τὰς
1042 2325 1190 2390 θείας
1213 2328 1433 2398 Γραφὰς
1454 2330 1762 2402 κηρύττειν,

184 2405 257 2458 τὰ
306 2409 439 2479 περὶ
488 2410 651 2465 αὐτοῦ
703 2415 1000 2487 συνίστησι,
1041 2418 1136 2471 καὶ
1186 2420 1404 2489 συνάγει
1437 2424 1564 2494 περὶ
1593 2425 1763 2492 Λόγου

183 2494 349 2559 Θεοῦ,
381 2497 639 2564 πλείστας
659 2501 789 2565 ὅσας
821 2506 1144 2577 μαρτυρίας.
1170 2508 1281 2561 Οὐκ
1310 2505 1416 2581 ἆρα
1445 2507 1511 2582 ἦν
1545 2512 1767 2580 ἀγνοού-

171 2603 353 2657 ίμενος
380 2589 459 2660 τῷ
491 2594 739 2665 προτέρῳ
764 2594 896 2666 λαῷ·
930 2599 1127 2662 πάντες
1155 2600 1264 2672 γὰρ
1291 2603 1466 2666 αὐτοὶ,
1502 2606 1627 2668 τοὺς
1653 2623 1763 2659 τοι-

178 2677 377 2743 ούτους
408 2681 599 2751 λόγους
631 2685 825 2756 ᾔδεσαν
862 2676 967 2741 άνά
993 2690 1183 2760 στόμα,
1220 2694 1313 2746 καὶ
1337 2694 1424 2747 διὰ
1459 2697 1675 2768 μνήμης
1697 2697 1766 2751 τὰ

179 2776 503 2842 προφητικά
524 2776 677 2845 λόγια
700 2780 975 2852 φέροντες.
1009 2783 1166 2837 Ἀλλά
1185 2786 1274 2839 τὸν
1301 2791 1628 2859 γραμματέα
1657 2792 1763 2845 τῶν

192 2863 465 2919 Ἰουδαίων
492 2870 623 2938 ἡμῖν
654 2872 682 2924 ό
713 2873 1030 2943 Χριστιανὸς
1061 2878 1402 2949 προῖσχεται·
1430 2882 1528 2934 οὐκ
1553 2883 1762 2937 ἀκούων

176 2953 277 3006 τοῦ
301 2955 554 3028 Σωτῆρος
581 2960 850 3030 λέγοντος,
885 2966 1027 3019 Οὐαὶ
1064 2967 1225 3036 ὑμῖν,
1256 2973 1630 3040 γραμματεῖς,
1664 2975 1760 3028 καὶ

168 3047 492 3114 Φαρισαῖοι
514 3052 848 3120 ὑποκριταὶ,
888 3055 1154 3128 θαυμάζει
1183 3078 1241 3112 τε
1284 3062 1445 3115 αὑτὸν
1478 3064 1582 3134 (49)
1616 3066 1761 3138 ὅρκῳ

176 3140 545 3212 πιστούμενον
595 3145 676 3197 ὅτι
716 3145 820 3213 Εἷς
859 3149 1028 3202 ἐστιν
1066 3155 1099 3205 ὀ
1146 3153 1307 3218 Θεὸς,
1355 3156 1451 3209 καὶ
1495 3159 1604 3211 οὐκ
1630 3160 1761 3212 ἐστι

175 3228 352 3296 πλὴν
392 3233 599 3297 αὐτοῦ,
634 3235 733 3289 ούκ
765 3236 941 3304 εἰδὼς,
979 3241 1059 3293 ὃτι
1093 3243 1185 3296 καὶ
1230 3244 1298 3296 τὰ
1343 3244 1626 3316 ιδαιμόνια
1672 3267 1761 3304 πι-

178 3338 199 3368 ‹
224 3320 502 3385 στεύουσι,
532 3325 624 3376 καὶ
654 3327 951 3394 φρίττουσι.
981 3348 1000 3382 ›
1044 3330 1208 3401 Τήρει
1243 3332 1298 3385 δὲ
1318 3334 1464 3397 ὅπως
1496 3336 1553 3402 ἐξ
1582 3337 1759 3391 αὐτῶν

173 3412 286 3466 τῶν
312 3416 665 3484 προφητικῶν
685 3418 940 3488 Γραφῶν,
972 3421 1038 3475 τὰ
1072 3425 1197 3496 περὶ
1221 3425 1393 3492 Λόγου
1417 3428 1635 3496 συνάγει
1660 3429 1754 3483 τοῦ

172 3504 287 3556 τῶν
318 3507 606 3575 πρακτέων
640 3506 1053 3568 ’διδασκαλικούο
1087 3517 1146 3570 ὃν
1186 3520 1278 3573 καὶ
1325 3520 1588 3573 Ἰουδαίων
1633 3526 1758 3575 παῖ-

171 3594 262 3657 δες
294 3598 580 3668 γνωρίζειν
606 3602 1026 3674 ὁμολογήσουσιν
1055 3609 1188 3679 (50),
1215 3611 1309 3664 ἆτε
1334 3612 1439 3683 πρὸ
1467 3615 1498 3683 ἡ
1509 3613 1625 3683 μῶν
1644 3614 1759 3666 τοῦ·

172 3701 269 3737 τον
324 3689 746 3761 παρειληφότες.
809 3697 948 3749 Ἀλλ’
981 3700 1101 3752 οὐδὲ
1142 3701 1303 3765 αὐτὸς
1345 3704 1629 3767 Σαὸέλλιος
1666 3705 1756 3758 τὸν

171 3777 421 3831 τοιοῦτον
455 3783 636 3850 ἠγνόει
657 3786 847 3855 Λόγον.
884 3790 1007 3853 Πῶς
1026 3787 1117 3844 οὖν
1146 3793 1429 3859 Ἰουδαίους
1457 3797 1547 3848 καὶ
1570 3796 1757 3850 Σαόέλ-

168 3868 292 3922 »λιον
339 3870 575 3938 κόπτων,
616 3876 688 3947 μὴ
722 3880 1014 3947 ἐγνωκέναι
1065 3883 1155 3935 τὸν
1201 3885 1370 3952 Λόγον
1427 3885 1551 3956 ἔφη,
1585 3887 1649 3940 δι’
1682 3881 1756 3940 ὧν

174 3960 503 4033 παρεθέμην
532 3964 695 4019 αὑτοῦ
732 3971 957 4037 φωνῶν;
1005 3973 1114 4025 Καὶ
1154 3975 1338 4045 ἐπειδὴ
1374 3976 1753 4047 ἀποπέφανται

169 4054 198 4105 ό
226 4054 415 4117 αὐτὸς,
458 4055 543 4109 διὰ
582 4059 691 4112 τῶν
718 4060 1040 4133 ἔμπροσθεν,
1086 4066 1161 4130 ὡς
1200 4066 1372 4131 οὐδεὶς
1403 4068 1622 4122 ἐδύνατο
1664 4071 1754 4124 τὸν

170 4144 312 4235 Θεὸν
354 4147 571 4211 εἰδέναι.
605 4153 723 4205 οὐδὲ
751 4155 841 4208 τὸν
871 4156 1040 4224 Λόγον
1067 4157 1348 4230 γνωρίζειν
1375 4161 1538 4215 αὑτοῦ
1594 4164 1641 4215 εἰ
1676 4163 1749 4235 μὴ

168 4234 275 4306 τὴν
313 4238 499 4292 εἰκόνα
547 4242 755 4312 εἰλήφει
783 4245 875 4297 τοῦ
934 4247 1163 4319 ἀοράτου
1203 4249 1359 4315 θεοῦ,
1416 4251 1613 4324 δηλαδὴ

172 4327 378 4396 σάρκα,
412 4330 487 4393 ὡς
520 4333 679 4398 αὐτὸς
707 4334 845 4405 ἔφη·
899 4338 1007 4405 (διὰ
1051 4339 1217 4410 μόνης
1248 4340 1356 4413 γάρ
1406 4344 1504 4413 τῆς
1545 4346 1750 4408 εἰκόνος

171 4418 535 4488 γνωρίζεσθαι
576 4423 667 4478 τὸν
700 4424 829 4478 Θεὸν
862 4427 953 4480 καὶ
984 4428 1074 4481 τὸν
1122 4430 1305 4483 τούτου
1351 4432 1521 4501 Λόγον
1562 4434 1751 4488 διετεί-

170 4526 326 4605 νατο,
491 4514 667 4605 σάρκα
703 4516 874 4586 λέγων
929 4516 1184 4592 εἶναιτὴν
1218 4524 1399 4577 εἰκόνα
1503 4527 1745 4599 ύπομνη-
1779 4550 1822 4605 ι’)

171 4600 331 4653 στὲον
380 4600 467 4653 διὰ
499 4604 605 4656 τῶν
655 4609 1027 4679 προκειμένων
1073 4611 1148 4675 ὡς
1174 4611 1294 4682 δίχα
1346 4614 1442 4685 τῆς
1485 4616 1745 4687 ὲνσάρκου

170 4692 477 4762 παρουσίας
505 4694 739 4749 Ἰουδαῖοι
789 4699 987 4764 πάντες
1032 4700 1121 4754 τὸν
1146 4701 1298 4770 λόγον
1342 4703 1433 4756 τοῦ
1466 4704 1622 4769 Θεοῦ,
1656 4702 1750 4759 καὶ

166 4783 298 4845 τοὺς
338 4782 529 4851 λόγους
560 4786 683 4850 τοὺς
721 4789 778 4840 ἐν
802 4794 919 4853 ταῖς
951 4797 1313 4864 προφητικαίς
1339 4799 1597 4867 γραφαῖς,
1639 4797 1748 4849 τῶν

165 4872 335 4926 όσίων
378 4875 552 4947 ἔργων
611 4882 1095 4950 παραγγελτικους,
1141 4887 1382 4958 ἀκριϐῶς
1436 4888 1647 4958 ¹ᾔδεσαν,
1691 4890 1749 4954 ἐξ

169 4963 400 5017 ἁπαλῶν
450 4968 656 5039 ὀνύχων
703 4972 923 5037 τούτους
969 4977 1467 5047 καταμελετῶντες·
1516 4981 1609 5033 καὶ
1659 4982 1749 5035 τὸν

167 5054 305 5108 Θεὸν
332 5056 642 5128 ὡμολόγουν
665 5062 754 5117 τὸν
779 5065 993 5120 πάντων
1024 5069 1249 5139 ποιητὴν
1275 5070 1367 5123 καὶ
1387 5069 1708 5141 δημιουργόν
1729 5090 1742 5103 ·

167 5148 363 5220 ῶσπερ
396 5147 488 5206 οὖν
529 5154 623 5207 καὶ
645 5158 1022 5227 γραμματεὺς,
1055 5161 1083 5213 ὁ
1109 5159 1176 5212 δι’
1206 5160 1366 5231 ὅρκου
1397 5160 1751 5232 πιστούμενος

1870 1983 1888 2013 ι
1916 1965 1991 2026 lii,
2025 1964 2185 2018 veluti
2218 1964 2307 2034 qui
2342 1964 2556 2017 doceret
2598 1962 2738 2032 quod
2798 1962 2944 2031 prius
2976 1960 3321 2031 ignorabatur
3360 1959 3436 2012 in.

1871 2078 1889 2110 ι
1916 2068 1995 2112 ter
2022 2059 2287 2123 homines,
2326 2056 2559 2112 Verbum
2612 2055 2997 2126 omnipotentis
3034 2068 3153 2107 eum
3189 2052 3433 2106 nominat

1873 2168 1889 2201 ι
1921 2149 1992 2202 ita
2047 2148 2313 2218 inquiens,
2355 2146 2423 2200 In
2474 2147 2728 2214 principio
2769 2155 2884 2199 erat
2942 2143 3246 2199 Verbum“.
3279 2162 3298 2196 ι
3353 2142 3429 2196 Ita

1866 2240 2138 2295 contendit
2175 2240 2220 2293 is
2240 2255 2335 2307 per
2366 2240 2465 2292 ista
2507 2238 2879 2292 absconditum
2922 2236 3233 2307 mysterium
3266 2235 3431 2288 fuisse

1867 2331 2016 2394 illud,
2039 2331 2205 2384 Deum
2236 2329 2487 2384 habuisse
2522 2328 2781 2384 Verbum.
2819 2326 3127 2395 Scripturas
3156 2339 3286 2378 vero
3314 2340 3429 2376 om-

1865 2437 1962 2476 nes
1986 2435 2155 2491 nuper
2186 2421 2464 2485 recitatas,
2486 2430 2541 2472 et
2557 2419 2830 2488 appositas
2846 2416 3227 2487 prophetarum
3247 2430 3427 2483 voces,

1867 2511 2165 2580 praedicare
2185 2510 2298 2563 vult
2323 2524 2442 2579 qua:
2473 2517 2599 2564 sunt
2624 2509 2692 2563 de
2712 2507 2910 2574 Verbo,
2930 2524 3063 2578 quas
3087 2509 3347 2576 plurimas
3375 2508 3427 2561 in

1868 2604 2021 2671 lmjus
2040 2602 2116 2657 rei
2136 2602 2496 2656 testimonium
2512 2599 2868 2655 coacervavit.
2890 2597 2964 2652 Ita
2985 2616 3087 2653 non
3103 2607 3219 2654 erat
3233 2598 3429 2667 populo

1866 2692 1937 2746 illi
1979 2691 2146 2761 priori
2173 2692 2473 2759 ignoratum
2508 2690 2609 2744 hoc
2643 2690 2954 2760 mysterium
2986 2688 3253 2744 :universi
3283 2688 3427 2743 enim

1865 2790 2145 2847 noverant,
2179 2787 2231 2835 et
2260 2781 2524 2834 memoria
2558 2781 2815 2835 tenebant
2859 2788 2911 2834 et
2956 2794 3053 2833 ore
3097 2778 3429 2847 usurpabant

1864 2874 2250 2945 prophetarum
2273 2874 2360 2927 illa
2380 2874 2620 2930 oracula.
2636 2875 2705 2927 At
2736 2874 2876 2928 enim
2895 2880 2948 2927 et
2964 2874 3029 2925 de
3044 2871 3244 2926 Judreis
3272 2871 3427 2925 nobis

1863 2967 2093 3022 scribam
2131 2974 2483 3036 reprmsentat
2517 2964 2857 3019 Christianus
2892 2979 3012 3019 cum
3052 2964 3123 3018 sit
3160 2981 3173 3017 :
3208 2979 3312 3016 non
3345 2972 3426 3015 at-

1866 3060 2089 3111 tendens
2124 3057 2266 3125 quod
2308 3057 2566 3109 Servator
2613 3055 2768 3120 dixit,
2825 3052 2910 3109 γω
2944 3054 3107 3117 vobis,
3146 3050 3342 3107 Scriba:
3377 3062 3426 3104 et

1868 3148 2123 3203 Pltariswi
2169 3148 2455 3218 hypocrin
2476 3148 2541 3201 θ’.
2583 3146 2842 3217 lllumque
2886 3147 3109 3216 suspicit
3135 3147 3276 3215 quod
3304 3162 3424 3199 cunt

1857 3239 2204 3310 jurejurando
2231 3240 2451 3306 dixerit,
2478 3238 2632 3305 Quod
2656 3256 2789 3292 unus
2823 3238 2958 3292 Deus
2983 3249 3029 3292 et
3058 3247 3249 3307 printer
3283 3255 3423 3299 eum,

1860 3346 1962 3383 non
1986 3339 2059 3383 est
2086 3328 2241 3385 alius.
2272 3327 2433 3395 Quasi
2452 3328 2684 3383 nesciret
2708 3328 2846 3397 quod
2873 3338 2927 3380 et
2960 3346 2979 3378 ι
3012 3327 3279 3380 άωιηοηθε
3306 3342 3427 3380 cre-

1859 3420 1987 3474 dant
2014 3428 2065 3474 et
2097 3419 2538 3475 contremiscant.
2566 3438 2587 3472 ι
2621 3418 2757 3473 Nota
2792 3419 2920 3472 mihi
2951 3425 3129 3472 autem
3164 3418 3424 3485 quemad-

1859 3510 2076 3565 modum
2130 3511 2197 3565 de
2240 3510 2570 3580 propheticis
2598 3510 2895 3579 Scripturis
2929 3508 3134 3578 colligit
3182 3523 3299 3578 quae
3352 3509 3419 3561 ad

1858 3603 2078 3657 verbum
2132 3600 2257 3655 illud
2297 3602 2587 3673 pertinent,
2634 3604 2776 3672 quod
2810 3612 2893 3657 est
2916 3604 3240 3673 agendorum
3274 3618 3424 3657 com-

1859 3692 2301 3749 mouel‘actorium
2347 3715 2358 3749 :
2412 3694 2555 3762 quod
2584 3694 2756 3763 ipsum
2795 3694 3110 3749 fatebuntur
3162 3710 3221 3749 se
3252 3710 3421 3763 agun-

1856 3797 2007 3838 scere
2041 3781 2121 3837 vel
2153 3780 2347 3844 Judaei,
2394 3783 2554 3835 veluti
2590 3783 2679 3851 qui
2726 3792 2852 3837 ante
2889 3798 2985 3837 nos
3029 3784 3133 3838 hoc
3156 3782 3267 3851 jam
3290 3785 3418 3839 olim

1854 3874 2238 3930 edocebantur.
2276 3872 2381 3929 Sed
2408 3891 2504 3929 nec
2527 3876 2756 3943 ipsemet
2792 3874 3060 3930 Sabellins
3086 3875 3422 3945 hujuscemo-

1854 3967 1905 4021 di
1942 3967 2174 4021 Verbum
2216 3967 2517 4035 ignorabat.
2560 3966 2729 4031 Quam
2772 3967 3040 4020 innuerito
3096 3967 3293 4021 idcirco
3324 3965 3419 4019 ila-

1852 4057 2331 4125 gellatSabellium
2385 4058 2699 4119 etludtcos,
2748 4058 2801 4110 in
2848 4059 3115 4126 excerptis
3153 4074 3181 4110 a
3223 4072 3307 4112 me
3350 4058 3419 4110 de

1854 4151 2018 4219 ipsius
2054 4150 2190 4203 libro
2225 4148 2433 4217 positis,
2477 4149 2616 4216 quod
2656 4148 2887 4200 Verbum
2920 4149 3253 4214 ignorabant,
3294 4163 3416 4203 cum

1852 4254 2047 4295 nomen
2076 4239 2129 4293 id
2158 4238 2225 4292 ab
2258 4239 2346 4291 illo
2372 4239 2562 4291 scitum
2598 4238 2688 4299 sit,
2723 4238 2863 4305 quod
2896 4237 3060 4292 Deum
3107 4239 3287 4292 videre
3317 4254 3416 4292 nea

1852 4346 1940 4386 mo
1964 4341 2193 4397 poterat,
2218 4331 2310 4386 sed
2345 4346 2444 4385 nec
2492 4330 2659 4398 ipsitts
2686 4327 2920 4383 Verbum
2962 4330 3277 4400 intelligere,
3311 4330 3414 4384 nisi

1851 4424 2137 4494 imaginem
2170 4425 2416 4479 induerat
2462 4424 2746 4479 invisibilis
2784 4423 2913 4488 Dei,
2965 4438 3184 4477 carnem
3222 4438 3415 4491 nempe

1851 4514 2133 4568 intendens
2172 4514 2455 4584 imaginem
2497 4513 2675 4577 illam;
2736 4529 2861 4567 nam
2892 4528 2987 4582 per
3023 4512 3191 4565 solam
3224 4513 3413 4581 imagi-

1852 4620 1971 4659 nem
2002 4604 2251 4676 cognosci
2282 4606 2523 4675 potnisse
2560 4606 2748 4670 Deum,
2778 4614 2831 4658 et
2856 4604 3021 4673 ipsius
3052 4604 3144 4658 Dei
3177 4602 3409 4657 Verbum

1851 4698 2144 4752 contendat
2168 4712 2389 4750 carnem
2419 4710 2671 4751 asserens
2712 4696 2879 4750 fuisse
2923 4696 3208 4766 imaginem
3238 4696 3408 4751 illam.

1853 4790 1957 4845 Sed
1986 4788 2298 4843 meminisse
2332 4787 2588 4841 debemus
2628 4789 2680 4841 in
2733 4787 3102 4857 superioribus
3155 4788 3408 4858 positum,

1849 4882 1989 4954 quod
2017 4881 2221 4949 absque
2259 4879 2459 4933 carnali
2520 4880 2825 4949 praesentia,
2866 4878 3032 4935 Judati
3076 4896 3263 4935 omnes
3292 4896 3411 4933 ver-

1852 4974 1976 5028 bum
2036 4971 2148 5035 Dei,
2182 4980 2236 5024 et
2265 4972 2427 5025 verba
2475 4970 2599 5035 Dei,
2640 4986 2759 5039 quae
2798 4972 2993 5026 divinis
3030 4976 3409 5041 prophetarum

1853 5063 2149 5133 Scripturis
2207 5064 2408 5128 insunt,
2451 5065 2521 5117 ad
2569 5074 2754 5119 sancta
2802 5079 2967 5134 opera
3028 5063 3408 5127 admonitoria,

1856 5156 2197 5214 exactissime
2245 5155 2543 5222 callebant,
2580 5172 2701 5212 cum
2745 5172 2775 5211 a
2838 5158 3036 5212 teneris
3085 5156 3407 5227 unguiculis,

250 5360 310 5418 >I<
346 5356 445 5413 Ed.
473 5356 649 5416 Paris.
702 5376 818 5433 pag.
855 5364 978 5419 144.
1064 5366 1105 5398 ⁸⁸
1139 5365 1295 5421 Joan.
1325 5381 1365 5432 ι,
1399 5366 1451 5420 1.
1527 5368 1571 5398 ⁸²
1592 5366 1761 5423 Matth

1866 5380 1951 5420 tut
2018 5363 2107 5419 15.

257 5602 348 5672 47)
390 5601 562 5670 Vulgo
590 5606 808 5660 ἐναντία

260 5673 348 5749 ίὲἓ)
383 5672 554 5749 Vulso
568 5674 729 5749 ,φβτω
750 5679 879 5749 γάρν

258 5740 350 5810 49)
383 5740 704 5811 Θαιᾷιάζετε
730 5740 933 5804 αὐξόν.
975 5749 1106 5817 Ιιηο,
1142 5749 1409 5821 θαυμάζει
1438 5769 1516 5806 τε.
1546 5753 1732 5811 Admi-

1838 5620 1990 5666 ratur
2019 5610 2302 5666 Marcellus
2330 5609 2561 5664 scribam
2600 5608 2773 5663 illum.
2808 5608 2879 5663 Μ.

1890 5680 2022 5765 '(Sb)
2050 5682 2217 5766 Vulgo
2242 5678 2677 5766 opoloyoﬁcw'et
2719 5679 3068 5749 ἀποπέφαται
3101 5689 3152 5735 ct
3196 5695 3315 5735 mox
3352 5696 3405 5735 τ.

1841 5748 2018 5824 σάρκα
2048 5748 2186 5806 εἶναι
2226 5748 2324 5823 τῆν
2354 5752 2555 5818 εἰκόνα,
2588 5750 2682 5813 ὡς.
