3970 6562
202 428 311 483 975

1225 429 1312 483 DE
1354 428 1891 485 ECCLESlASTZCA
1933 430 2326 489 THEOLOGIA
2364 434 2493 490 LIB.
2536 435 2624 491 lll.

3373 439 3481 496 974

199 545 357 618 αὐτῷ
386 546 499 618 (6i)
537 545 704 618 σοφὴν
733 546 844 610 ἕξιν
886 546 1178 600 ὑπολαϐεῖν
1211 546 1444 618 ἀδελφήν
1470 545 1577 598 τῶν
1611 546 1668 597 ἐν
1694 547 1783 598 ἀν-

1894 547 2173 617 pientiam,
2199 563 2442 603 sororem
2472 550 2617 604 dicat
2645 549 2965 604 nominatim
2996 550 3239 604 habitum
3288 564 3480 607 eorum

202 639 450 711 θρώποις
483 638 890 711 κατορθούντων
915 638 1203 708 λέγεσθαι;
1233 639 1293 691 Εἰ
1320 639 1377 691 δὲ
1403 638 1495 691 ἐπὶ
1532 638 1623 691 τὸν
1658 638 1795 709 Χρι-

202 734 331 786 στὸν
365 731 461 785 τοῦ
491 730 627 784 Θεοῦ
664 731 916 795 ὲκλάὁοις
954 732 1014 784 τὸ
1047 732 1358 803 εἰρημένον,
1404 730 1638 803 Χριστὸς
1689 729 1797 801 γὰρ

201 824 342 880 Θεοῦ
368 826 599 894 δύναμις
628 825 724 879 καλ⁸
766 824 900 878 Θεοῦ
932 826 1131 894 Σοφία,
1167 824 1320 878 οὐδὲν
1362 823 1610 895 ἐμποδὼν
1647 822 1797 875 ἔσται

201 922 270 991 τῇ
320 918 562 989 διανοίᾳ,
606 917 728 970 ἐπεὶ
764 918 856 970 καὶ
894 917 992 989 τὴν
1026 918 1161 989 πρὸς
1201 920 1348 989 ἡμᾶς
1377 918 1478 969 οὐκ
1518 917 1795 970 ἀναίνεται

203 1012 551 1085 ἀδελφότητα
599 1012 666 1065 δι’
697 1011 1011 1083 ὑπερϐολὴν
1050 1011 1483 1083 φιλανθρωπίας.
1544 1012 1607 1064 El
1639 1011 1695 1063 δὲ
1738 1010 1796 1064 ἓν

202 1107 301 1160 καὶ
321 1105 518 1159 ταύτὸν
541 1100 610 1174 ἦν
642 1104 670 1156 6
695 1102 850 1168 Θεὸς,
890 1105 984 1158 καὶ
1022 1106 1054 1176 ή
1084 1106 1140 1157 ὲν
1162 1106 1282 1167 ταῖς
1312 1103 1641 1174 Παροιμίαις
1685 1103 1796 1157 εἰσ-

201 1197 451 1268 αγομὲνη
465 1195 636 1266 Σοφία
648 1196 759 1261 ἕξις
775 1192 909 1250 οὖσα
932 1197 1069 1269 σοφὴ
1098 1198 1156 1249 ὲν
1186 1196 1333 1267 αύτῷ
1358 1196 1641 1267 νοουμένη,
1664 1195 1797 1250 καθὸ

204 1284 373 1353 σοφὸς
401 1287 430 1337 6
459 1285 611 1347 Θεὸς,
646 1285 699 1337 τί
724 1285 961 1338 ἐκώλυεν
991 1286 1111 1338 ἀντὶ
1154 1289 1253 1357 τῆς
1304 1286 1503 1354 Σοφίας
1547 1286 1636 1338 τὸν
1662 1285 1795 1340 Θεὸν

198 1376 639 1449 ἀναγεγράφθαι;
657 1375 798 1431 ὥστε
810 1378 890 1444 τὸ,
923 1379 984 1432 Ἠ
998 1378 1185 1447 Σοφία
1206 1378 1592 1447 ᾠκοδόμησεν
1610 1378 1796 1448 ἑαυτῇ

199 1465 395 1534 οἷκον,
419 1468 517 1521 καὶ
551 1468 843 1537 ὐπήρεισε
871 1471 1138 1536 στύλους
1166 1469 1335 1535 ἑπτὰ,
1364 1474 1458 1524 καὶ
1487 1472 1554 1524 τὰ
1589 1472 1796 1536 τούτοις

202 1561 529 1633 συνημμένα
566 1564 815 1634 εἰρῆσθαι
848 1564 969 1617 ἀντὶ⁵
998 1562 1112 1628 τοῦ,
1151 1564 1201 1615 '0
1233 1564 1379 1628 Θεὸς
1407 1565 1796 1636 ᾠκοδόμησεν

197 1652 397 1718 ἑαυτῷ
412 1650 710 1722 οἶκον,κα“ι
731 1656 799 1708 τὰ
822 1655 949 1726 ἑξῆς
977 1672 989 1685 ο
1015 1661 1112 1710 καὶ
1137 1655 1299 1709 πάλιν
1325 1658 1448 1710 ἀντὶ
1466 1659 1580 1712 τοῦ·
1602 1657 1794 1715 Εἶπον

198 1745 318 1813 τὴν
349 1746 579 1814 Σοφίαν
610 1746 736 1814 σὴν
765 1745 1046 1815 ἀδελφὴν
1076 1743 1259 1812 εἶναι,
1296 1747 1545 1819 λελέχθαι
1569 1791 1583 1813 ,
1605 1746 1794 1804 Εἶπον

197 1837 309 1891 τὸν
345 1838 495 1891 Θεὸν
526 1838 939 1908 σὸν-ἀδελφὸν
970 1836 1143 1894 εἶναι.
1200 1840 1338 1893 Ἀλλ’
1387 1844 1519 1912 ὁρᾷς
1568 1843 1644 1905 ὡς
1694 1843 1790 1915 τὴν

195 1929 372 2000 ἀκοὴν
418 1930 642 2002 πλήττει
688 1934 719 2001 ή
762 1930 982 2002 τοιαύτη
1019 1932 1193 2002 φωνὴ,
1238 1933 1337 1985 ούκ
1375 1932 1574 2003 ἔχουσα
1620 1936 1791 2005 ἁρμο-

194 2022 341 2076 νίαν.
369 2022 498 2076 Είδ’
518 2024 625 2076 Δἐπὶ
650 2023 741 2076 τὸν
771 2023 897 2078 Υἱὸν
922 2025 1172 2088 ἐκλάὸοις
1195 2025 1261 2078 τὰ
1293 2025 1471 2094 λόγια,
1497 2027 1661 2090 αὐτὸς
1679 2027 1789 2099 γὰρ

194 2109 264 2183 ἧν
292 2115 329 2184 ἡ
367 2114 555 2183 Σοφία,
601 2116 779 2168 πάντα
816 2133 898 2168 σοι
938 2115 1215 2186 εύροήσει,
1246 2115 1473 2187 μηδενὸς
1498 2116 1791 2181 δυσσεϐοῦς

192 2208 470 2279 νοήματος
524 2206 775 2277 ἐμποδὼν
839 2208 1125 2278 ἱσταμένου
1150 2248 1164 2272 ,
1192 2208 1788 2281 συνεπιμαρτυροῦντος

191 2301 288 2354 τοῦ
330 2300 628 2355 ἀποστόλου
674 2299 909 2364 Παύλου,
954 2300 1013 2364 ὃς
1058 2301 1149 2353 τὸν
1196 2302 1423 2372 Σωτῆρα
1455 2302 1548 2355 καὶ
1585 2303 1787 2375 Κύριον

192 2394 355 2465 ήμῶν
398 2392 604 2463 Ἰησοῦν
634 2393 867 2466 Χριστὸν
900 2393 1127 2465 λαμπρᾷ
1150 2396 1215 2466 τῇ
1252 2397 1401 2465 φωνῇ
1435 2394 1633 2464 Σοφίαν
1653 2395 1789 2449 ὠνό-

194 2502 373 2557 μασεν
403 2484 592 2539 εἰπών·
622 2486 874 2553 Χριστὸς
902 2485 1049 2539 Θεοῦ
1083 2486 1336 2556 δύναμις
1368 2487 1467 2540 καὶ
1503 2487 1649 2541 Θεοῦ
1682 2492 1789 2543 Σο-

191 2578 324 2645 φία.
349 2576 569 2631 Τούτων
599 2572 713 2649 ὧδέ
753 2595 831 2648 πη
882 2578 1449 2649 κατασκευασμένων,
1495 2578 1787 2633 ἀκόλουθόν

189 2672 312 2722 ἑστι
338 2669 478 2740 μετὰ
502 2670 609 2723 τῶν
630 2670 1069 2741 προεκτεθέντων
1104 2671 1379 2735 ἁπάντων,
1408 2669 1468 2736 ἐξ
1500 2672 1663 2725 αὑτοῦ
1691 2672 1785 2726 τοῦ

190 2763 493 2835 προσώπου
522 2762 723 2827 καὶτὸ,
766 2764 978 2832 Κύριος
1009 2762 1213 2817 ἔκτισέ
1260 2781 1336 2833 με
1379 2764 1577 2833 ἀρχὴν
1632 2762 1788 2817 όδῶν

190 2852 381 2909 αὑτοῦ
410 2855 497 2918 εὶς
522 2854 668 2923 ἔργα
698 2854 909 2917 αὐτοῦ,
940 2852 1223 2923 λελέχθαι’
1270 2855 1320 2907 εί
1349 2854 1404 2907 δὲ
1438 2855 1584 2923 λέγοι
1637 2856 1786 2910 ὲκτίο

193 2944 319 2998 σθαι
366 2944 478 3014 (62)
522 2947 737 3011 ἑαυτὸν,
779 2947 878 3017 ούχ
913 2947 989 3011 ὼς
1035 2950 1100 3001 ἐκ
1142 2947 1237 3001 τοῦ
1292 2948 1365 3018 μὴ
1411 2948 1562 3012 ὄντος
1604 2951 1685 3013 εἰς
1725 2949 1787 3002 τὸ

190 3034 333 3093 εἶναι
380 3038 691 3111 παρελθὼν,
725 3039 871 3093 τοῦτ’
903 3039 969 3093 ἂν
1002 3040 1165 3105 εἴποι,
1198 3042 1309 3093 οὐδ’
1336 3041 1411 3103 ὡς
1438 3042 1637 3114 ὁμοίως
1670 3045 1785 3107 τοῖς

185 3132 399 3196 λοιποῖς
434 3132 717 3203 κτίσμασι,
753 3133 849 3186 καὶ
892 3132 1055 3195 αὐτὸς
1089 3133 1156 3184 ὲκ
1193 3132 1287 3186 τοῦ
1336 3132 1410 3204 μὴ
1443 3134 1595 3195 ὄντος
1623 3149 1785 3202 γεγο-

186 3222 318 3286 νὼς,
407 3242 553 3287 τινες
579 3226 679 3278 οὐκ
703 3224 878 3297 ὀρθῶς
902 3224 1285 3295 ὑπειλήφασιν,
1305 3224 1418 3277 ἀλλ’
1440 3226 1511 3288 ὡς
1538 3224 1786 3294 ὑφεστὼς
1812 3263 1854 3321 C

189 3317 292 3385 μὲν
338 3317 435 3369 καὶ
480 3316 610 3381 ζῶν,
657 3316 841 3387 προών
881 3334 941 3369 τε
986 3316 1081 3369 καὶ
1120 3318 1490 3389 προϋπάρχων
1539 3318 1641 3388 τῆς
1684 3317 1778 3372 τοῦ

186 3407 397 3472 πάντος
427 3407 633 3480 κόσμου
671 3408 1003 3472 συστάσεως,
1034 3409 1222 3479 ἄρχειν
1256 3409 1311 3463 δὲ
1342 3409 1451 3463 τῶν
1494 3410 1632 3463 ὅλων
1675 3409 1782 3462 ὑπὸ

184 3501 399 3573 Κυρίου
416 3501 511 3554 τοῦ
540 3500 703 3554 αὑτοῦ
724 3501 933 3573 Πατρὸς
958 3502 1433 3574 κατατεταγμένος
1456 3520 1469 3533 ⁸
1489 3501 1606 3568 τοῦ,
1626 3504 1693 3557 ἐκ
1703 3520 1783 3555 τι-

181 3608 325 3660 cer,
358 3594 596 3649 ἐνταῦθα
634 3594 753 3649 ἀντὶ
783 3595 900 3660 τοῦ,
936 3596 1280 3660 κατέταξεν,
1318 3596 1351 3669 ἢ
1380 3597 1777 3665 κατέστησεν,

186 3684 505 3754 εἰρημένου.
539 3689 843 3761 Διαρῤἡδην
859 3689 987 3758 γοῦν
1012 3691 1136 3753 τοὺς
1162 3691 1219 3741 ὲν
1251 3689 1558 3760 ἀνθρώποις
1587 3690 1781 3762 ἄρχον-

183 3790 287 3840 τας
317 3778 413 3832 καὶ
443 3783 716 3850 ἡγεμόνας
749 3783 925 3836 κτίσιν
946 3782 1230 3852 ὠνόμασεν
1257 3784 1285 3835 ό
1315 3784 1485 3835 είπὼν
1520 3783 1781 3835 Ἀπόστο-

183 3869 299 3934 λοςο
354 3871 722 3943 Ὑποτάγητε
767 3874 936 3945 πάσῃ
985 3874 1179 3928 κτίσει
1230 3875 1574 3943 ἀνθρωπίνῃ
1601 3914 1615 3939 ,
1680 3872 1780 3928 διὰ

182 3962 297 4019 τὸν
338 3964 589 4031 Κύριονο
630 3966 753 4019 εἴτε
776 3966 1053 4031 βασιλεῖ,
1102 3966 1182 4030 ὼς
1226 3964 1611 4034 ὑπερέχοντι·
1658 3964 1780 4018 εἴτε

180 4053 501 4122 ἡγεμόσιν,
528 4056 609 4121 ὡς
642 4055 717 4109 δι’
742 4057 932 4111 αὑτοῦ
956 4056 1380 4127 πεμπομένοις.
1407 4055 1516 4109 Καὶ
1541 4056 1569 4107 6
1608 4053 1778 4108 εἰπὼν

178 4145 239 4197 δὲ
252 4145 564 4215 προφήτης,
593 4145 931 4217 Ἑτοιμάζου
952 4148 1060 4202 τοῦ
1076 4146 1489 4201 ἐπικαλεῖσθαι
1505 4144 1614 4199 τὸν
1630 4146 1778 4199 Θεόν

178 4250 303 4291 σου
355 4235 625 4304 Ἰσραήλ·
658 4237 812 4293 διότι
862 4238 991 4294 ἰδοὺ
1027 4238 1292 4307 στερεῶν
1329 4239 1621 4306 βρόντην,
1672 4236 1773 4290 καὶ

176 4326 394 4389 κτίζων
420 4327 679 4398 πνεῦμα,
714 4330 813 4385 καί
866 4331 1260 4401 ἀναγγέλλων
1287 4334 1373 4397 εὶς
1424 4329 1777 4398 ἀνθρώπους

175 4421 290 4474 τὸν
314 4421 580 4489 Χριστὸν
618 4423 825 4477 αὐτοῦ.
859 4424 970 4477 Καὶ
1000 4423 1081 4487 τὸ,
1116 4422 1415 4494 Γραφήτω
1458 4422 1569 4494 (65)
1619 4422 1774 4490 αὕτη

172 4516 264 4580 είς
303 4513 521 4581 γενεὰν
541 4514 775 4583 ἑτέραν,
804 4514 903 4569 καὶ
932 4515 1084 4582 λαὸς
1114 4519 1147 4570 ό
1179 4515 1515 4585 κτιζόμενος
1545 4513 1775 4568 αἰνέσει

1897 639 1986 708 qui
2041 638 2181 693 inter
2233 640 2482 696 homines
2555 637 2703 696 recta
2784 642 3121 711 operantur?
3154 640 3306 709 Quod
3338 644 3481 697 side

1896 732 2114 788 Christo
2146 732 2239 788 Dei
2283 734 2514 803 accipiat
2545 736 2667 804 quis
2710 735 2843 789 illud
2883 734 3086 789 dictum
3117 752 3131 789 :
3157 750 3282 789 nam
3314 732 3478 789 Chri-

1896 835 2013 878 stus
2062 822 2155 877 Dei
2212 834 2449 891 p0testas
2494 833 2579 879 est
2622 833 2677 877 et
2722 824 3021 895 Sapientia,
3074 824 3210 880 nihil
3255 825 3479 895 impedit

1899 915 2037 971 hanc
2082 916 2515 988 intelligentiam,
2563 918 3000 986 quandoquidem
3048 919 3116 972 ob
3150 919 3476 973 iutmensum

1897 1026 2052 1064 suum
2090 1011 2144 1064 in
2191 1011 2489 1065 humanum
2534 1026 2703 1080 genus
2750 1026 2988 1065 amorem
3043 1027 3148 1065 non
3209 1014 3480 1067 recusavit

1896 1101 2039 1157 hanc
2085 1102 2507 1158 fraternitatem.
2556 1105 2708 1172 Quod
2758 1106 2801 1160 si
2850 1121 3012 1159 unum
3063 1117 3180 1159 erat
3221 1106 3475 1176 idemquo

1896 1197 2061 1261 Deus,
2088 1209 2147 1251 et
2187 1214 2307 1268 qua:
2348 1202 2400 1252 in
2446 1199 2752 1255 Proverbiis
2786 1199 3147 1254 introducitur
3174 1199 3474 1270 Sapientia,

1896 1305 2018 1359 qua:
2046 1292 2261 1361 sapiens
2292 1292 2511 1361 quidam
2558 1293 2777 1347 habitus
2807 1303 2891 1349 est
2921 1293 2976 1347 in
3015 1292 3104 1347 illo
3133 1293 3475 1357 intellectus,

1896 1384 1950 1437 in
1979 1394 2242 1452 quantum
2273 1384 2416 1440 Deus
2464 1386 2702 1454 sapiens,
2736 1386 2866 1455 quid
2898 1385 3150 1451 prohibet
3188 1387 3353 1440 Deum
3387 1386 3479 1440 hic

1894 1492 1991 1547 pro
2027 1475 2304 1546 Sapientia
2349 1478 2571 1533 rescribi
2602 1496 2616 1532 :
2649 1489 2706 1532 ut
2746 1480 2825 1534 sic
2869 1479 2958 1533 ubi
3005 1480 3206 1533 dictum
3237 1488 3343 1544 est,
3377 1476 3480 1532 Sa~

1893 1568 2089 1636 pientia
2119 1568 2396 1638 wdiﬁcavit
2430 1570 2535 1623 sibi
2578 1570 2812 1634 domum,
2843 1582 2889 1623 et
2926 1570 3174 1623 solidavit
3203 1570 3476 1623 columnas

1893 1670 2103 1729 septem,
2140 1671 2193 1714 et
2217 1677 2335 1730 qua:
2357 1658 2679 1731 sequuntur,
2702 1661 2903 1715 dictum
2937 1661 3006 1713 sit
3035 1676 3153 1729 pro,
3184 1659 3321 1713 Deus
3347 1661 3480 1714 ardi-

1892 1754 2065 1822 [icavit
2110 1754 2208 1806 sibi
2235 1754 2628 1830 domum,_etc.;
2666 1763 2720 1807 et
2752 1754 2944 1807 iterum
2978 1768 3074 1821 pro
3101 1767 3184 1815 co,
3220 1752 3343 1805 Dixi
3369 1749 3477 1806 Su-

1893 1844 2145 1912 pientiam
2166 1862 2396 1898 sororem
2427 1857 2595 1911 tuam,
2629 1846 2861 1906 dicatur,
2904 1845 3026 1899 Dixi
3062 1844 3227 1899 Deum
3254 1845 3474 1914 fratrem

1824 1917 1862 1971 Β
1892 1948 2058 1989 tuum.
2090 1938 2194 1991 Sed
2231 1947 2287 1990 ut
2317 1953 2476 1992 aures
2510 1938 2784 2006 percutiat
2815 1938 2913 1992 ista
2948 1937 3134 1999 dictio,
3168 1937 3319 1991 vides
3363 1945 3473 1989 tam

1893 2026 2203 2097 incongrua.
2263 2026 2417 2093 Quod
2466 2028 2511 2081 si
2563 2027 2631 2082 de
2688 2027 2824 2081 Filio
2880 2026 3214 2097 Sapientiam
3265 2025 3473 2095 capias,

1889 2120 2069 2174 omnia
2105 2121 2241 2173 bene
2273 2120 2440 2173 ﬂuent
2469 2137 2483 2173 :
2515 2134 2616 2174 nec
2647 2128 2901 2175 occurret
2926 2119 3019 2172 tibi
3053 2103 3349 2187 quidqufm
3384 2114 3473 2168 hic

1892 2211 2201 2279 impietatis,
2233 2227 2358 2266 cum
2395 2213 2678 2281 perhibeat
2730 2212 2823 2266 tibi
2861 2211 3229 2267 testimonium
3278 2210 3475 2263 beatus

1889 2303 2085 2359 Paulus
2110 2304 2519 2374 apostolus,qui
2538 2303 2857 2373 pronuntiat
2878 2302 3024 2358 clare
3046 2301 3393 2357 Servatorem
3418 2308 3475 2354 et

1890 2392 2173 2448 Dominum
2207 2403 2447 2449 nostrum
2479 2392 2663 2448 Jesum
2690 2392 2969 2447 Christum
3014 2391 3106 2447 Dei
3139 2389 3474 2459 Sapientiam

1889 2488 2304 2552 nominandum,
2356 2487 2444 2541 ubi
2490 2487 2586 2551 ait,
2620 2486 2863 2541 Christus
2897 2485 2989 2539 Dei
3033 2484 3266 2555 potentia
3298 2493 3345 2536 et
3373 2480 3475 2536 Sa-

1886 2583 2085 2655 pientia
2106 2584 2173 2636 ⁹².
2201 2581 2298 2637 llis
2324 2583 2390 2637 ad
2424 2584 2565 2637 hunc
2596 2580 2810 2634 modum
2845 2580 2915 2632 ita
2949 2578 3248 2649 apparatis,
3278 2556 3347 2631 ad
3378 2591 3471 2631 su-

1886 2667 2070 2745 perius
2097 2674 2367 2744 proposita
2405 2688 2743 2744 consequens
2784 2681 2864 2725 est
2907 2671 3027 2736 hoc,
3055 2670 3313 2724 Dominus
3342 2685 3471 2722 con-

1887 2765 2025 2820 didit
2058 2782 2138 2820 me
2158 2767 2476 2837 principium
2506 2767 2708 2820 viarum
2736 2779 2956 2817 suarum
2985 2764 3053 2817 ad
3077 2780 3233 2831 opera
3259 2762 3374 2832 ejus
3400 2760 3470 2827 ",

1888 2874 1919 2915 e
1974 2873 2206 2930 persona
2255 2857 2372 2928 ejus
2419 2858 2692 2928 usurpari.
2730 2857 2883 2924 Quod
2914 2857 2958 2911 si
3006 2857 3154 2910 dicat
3191 2856 3470 2909 conditum

1889 2951 2037 3005 illum
2066 2949 2254 3014 fuisse,
2283 2966 2388 3005 non
2419 2952 2490 3004 ita
2517 2950 2670 3015 dixit,
2695 2949 2849 3020 quasi
2883 2947 3041 3002 vellet
3069 2947 3319 3017 intelligi,
3346 2961 3470 3002 euu-

1887 3042 1955 3097 de
1987 3058 2095 3098 non
2127 3053 2255 3099 ente
2284 3044 2350 3097 ad
2379 3057 2499 3097 esse
2530 3042 3015 3112 processissemec
3046 3039 3208 3109 quod,
3242 3040 3310 3093 ad
3356 3054 3472 3095 mo-

1887 3134 2014 3189 dum
2053 3144 2429 3189 creaturarum
2461 3135 2816 3205 reliquarutn,
2855 3135 2920 3188 de
2972 3148 3077 3188 non
3109 3142 3236 3188 ente
3266 3132 3469 3201 produ-

1889 3226 2134 3291 cebatur,
2164 3227 2307 3294 quod
2344 3225 2589 3281 nonnulli
2627 3226 2808 3280 minus
2840 3240 2984 3280 reete
3015 3234 3140 3279 sunt
3171 3223 3421 3277 arbitrati
3455 3242 3468 3275 :

1887 3316 1981 3369 sed
2014 3317 2154 3385 quod
2186 3317 2488 3371 subsistens
2536 3325 2592 3370 et
2629 3317 2839 3381 vivens,
2889 3317 2983 3371 sed
3026 3312 3170 3385 quod
3214 3316 3473 3385 praeexsi-

1889 3417 2059 3471 stens,
2090 3416 2144 3461 et
2175 3409 2618 3476 prmsubsistens,
2660 3418 2790 3462 ante
2824 3423 3041 3462 omnem
3075 3408 3258 3461 mundi
3285 3408 3473 3461 condi-

1890 3498 2089 3553 tionem
2119 3511 2236 3555 erat
2263 3517 2275 3555 :
2309 3507 2367 3566 ›Ῑ‹
2396 3502 2652 3571 quodque
2684 3482 2714 3554 a
2758 3500 2983 3556 Domino
3012 3515 3111 3554 suo
3146 3500 3305 3554 Patre
3339 3515 3472 3553 cou-

1886 3593 2107 3647 stitutus
2153 3602 2235 3646 est
2263 3594 2506 3647 omnium
2545 3592 2875 3658 dominator,
2908 3593 3085 3662 posito
3128 3592 3238 3657 illo,
3290 3593 3473 3646 condi-

1886 3686 1985 3749 dit,
2042 3685 2146 3740 hoc
2198 3686 2250 3739 in
2300 3685 2440 3747 loco,
2490 3701 2586 3755 pro
2633 3686 2927 3751 constituit,
2960 3684 3042 3739 vel
3077 3684 3360 3738 ordinavit.
3389 3684 3474 3738 Di-

1885 3778 2047 3831 sertis
2074 3779 2252 3833 verbis
2280 3778 2552 3847 principes
2578 3787 2633 3832 et
2661 3780 2827 3833 duces
2851 3779 2994 3833 inter
3018 3778 3286 3841 homines,
3318 3792 3472 3833 crea-

1889 3879 2062 3923 turam
2096 3869 2386 3939 Apostolus
2426 3869 2752 3937 nominavit,
2783 3871 2871 3925 ubi
2898 3871 3012 3924 ait:
3044 3870 3281 3937 Subjecti
3309 3880 3472 3923 estote

1885 3959 2026 4011 omni
2062 3960 2309 4013 humana:
2351 3972 2611 4015 creatura:
2644 3970 2857 4030 prapter
2892 3959 3202 4025 Dominum,
3229 3961 3335 4013 sive
3365 3961 3474 4030 regi

1885 4059 1940 4102 ut
1971 4050 2267 4117 excellenti,
2292 4052 2398 4105 sive
2420 4053 2743 4122 principibus
2783 4063 2841 4105 ut
2878 4051 2942 4105 ab
2976 4051 3072 4104 illo
3099 4050 3275 4105 missis
3290 4048 3356 4104 “.
3404 4051 3474 4102 Et

1884 4143 2147 4211 propheta
2183 4145 2272 4212 qui
2308 4144 2445 4198 dixit
2476 4160 2489 4197 :
2522 4142 2865 4213 Prwparare,
2896 4153 2952 4196 ut
2985 4153 3192 4196 vocetur
3227 4157 3383 4211 super
3421 4149 3472 4194 te

1885 4232 2026 4288 Deus
2050 4234 2221 4289 Israel
2256 4251 2274 4288 :
2298 4245 2574 4305 propterea
2610 4251 2726 4289 ecce
2761 4234 2943 4304 ﬁrmat
2969 4233 3191 4297 tonitru,
3216 4242 3264 4285 et
3286 4232 3472 4285 condit

1884 4337 2080 4393 ventos,
2117 4335 2169 4380 et
2192 4328 2478 4380 annuntiat
2510 4328 2645 4380 inter
2682 4326 2919 4380 homines
2944 4324 3213 4378 Christum
3239 4323 3467 4379 suum“.

1888 4418 1950 4471 Et
1988 4418 2133 4483 illud,
2166 4420 2449 4474 Sci-ibatur
2478 4420 2571 4474 illa
2607 4420 2662 4472 in
2692 4418 3085 4489 generationem
3128 4418 3378 4482 alterunt,
3412 4425 3473 4471 ut

1881 4510 2106 4579 populus
2130 4513 2221 4581 qui
2239 4512 2485 4565 conditur
2503 4512 2677 4565 laudet
2694 4510 3052 4564 Dominum".
3074 4509 3207 4564 Illud
3232 4509 3471 4563 condidit

173 4605 287 4659 τὸν
307 4605 549 4673 Κύριονο
569 4606 651 4671 τὸ,
675 4606 907 4672 κτίζων,
922 4608 1014 4661 ἐπὶ
1032 4606 1127 4662 τοῦ
1145 4606 1428 4677 γεγονότος
1447 4606 1507 4670 ἐξ
1524 4607 1771 4678 ἀνυπαρ-

1888 4619 1980 4671 pro
2013 4618 2077 4659 eo
2111 4605 2255 4674 quod
2294 4604 2397 4658 fuit
2425 4614 2700 4673 sumptum
2737 4612 2843 4669 est,
2869 4605 2993 4673 quia
3017 4604 3130 4672 jam
3178 4613 3305 4657 ante
3328 4614 3468 4657 erat.

172 4696 292 4765 ξίας
326 4698 683 4769 παρείληφεν.
705 4700 780 4752 O6
797 4700 906 4770 γὰρ
940 4700 1059 4753 τότε
1083 4699 1342 4753 ἔκτισενό
1363 4698 1495 4762 Θεὸς
1527 4698 1586 4751 τὸ
1610 4694 1773 4751 πνεῦ-

170 4805 273 4861 μα,
300 4790 391 4842 ὅτε
413 4787 503 4843 τόν
525 4790 759 4861 Χριστὸν
790 4790 957 4844 αὐτοῦ
987 4791 1051 4844 δι’
1070 4789 1235 4845 αὐτοῦ
1266 4790 1433 4842 πᾶσιν
1462 4788 1769 4860 ἀνθρώποις

170 4878 567 4950 κατήγγειλεν·
596 4880 747 4934 οὐδὲν
798 4880 907 4952 γὰρ
959 4880 1272 4951 πρόσφατον
1311 4879 1416 4933 ὑπὸ
1457 4880 1548 4931 τὸν
1597 4878 1768 4949 ἥλιον.

183 4966 325 5021 Ἀλλ’
341 4967 410 5036 ἦν
448 4973 568 5044 μὲν,
593 4974 688 5030 καὶ
708 4974 1087 5046 προϋπῆρχεν,
1108 4971 1471 5025 ἀπεστέλλετο
1491 4972 1547 5025 δὲ
1570 4970 1689 5025 καθ’
1707 4970 1768 5023 ὃν

169 5058 370 5131 καιρὸν
414 5052 555 5129 ἦσαν
595 5067 644 5119 οἱ
690 5064 980 5120 ἀπόστολοι
1028 5064 1361 5135 συνηγμένοι
1389 5081 1401 5094 ·
1457 5065 1545 5117 ὅτε
1600 5062 1762 5132 δίκην

170 5150 429 5224 βροντῆςν
459 5150 673 5217 ἐγένετο
692 5144 822 5219 ἦχυς
849 5161 913 5212 ἐκ
939 5156 1032 5210 τοῦ
1060 5155 1290 5228 οὐρανοῦ
1308 5198 1323 5223 ,
1381 5154 1572 5227 ὥσπερ
1602 5170 1766 5227 φερο-

172 5243 347 5314 μένης
398 5243 567 5314 πνοῆς
621 5238 837 5310 βιαίας,
888 5238 1286 5310 ἐπληρώθησάν
1332 5264 1392 5301 τε
1445 5246 1767 5317 Πνεῦματος

169 5333 330 5402 ἁγίου
347 5350 362 5363 ·
395 5332 491 5387 καὶ
518 5330 691 5394 οὕτως
716 5333 796 5393 εἰς
821 5330 1029 5393 πάντας
1058 5328 1379 5401 ἀνθρώπους
1406 5332 1499 5385 τὸν
1530 5337 1767 5408 Χριστὸν

165 5425 264 5480 τοῦ
295 5422 432 5477 Θεοῦ
460 5420 850 5494 κατήγγειλαν,
873 5420 1184 5485 ἀκολούθως
1216 5424 1283 5495 τῇ
1318 5426 1629 5495 προφητεία
1658 5443 1766 5495 φη-

237 5614 297 5673 »ῃ
334 5605 434 5661 Ed.
465 5604 672 5665 Paris..
703 5619 826 5675 pag.
860 5604 982 5658 ist.
1060 5603 1105 5635 η
1139 5604 1386 5670 1(Ior.t,
1420 5605 1511 5661 ει.

169 5679 218 5714 ’⁸
248 5678 395 5733 Psal.
428 5693 501 5745 cn,
528 5677 614 5731 l9.

266 5864 357 5933 6i)
389 5862 561 5933 Vulgo
599 5862 810 5933 σοφίαν,
848 5861 959 5927 Ξξιν
987 5870 1037 5915 et
1072 5877 1197 5917 mox
1229 5860 1468 5917 ὲκλάόοι.

308 5866 326 5919 i
389 5864 561 5933 Vulgo
599 5864 772 5930 σοφίαι

300 5864 357 6005 2;
391 5932 562 6005 Vulgo
590 5932 772 5986 αὐτόν.

1617 5606 1837 5666 "Prov.
1866 5626 1985 5678 vni,
2006 5612 2098 5667 22.

1878 4696 2065 4765 Neque
2093 4701 2238 4753 enim
2273 4708 2383 4752 tum
2414 4698 2656 4753 condidit
2681 4698 2822 4751 Debs
2847 4700 3119 4769 spiritum,
3152 4713 3278 4753 cum
3311 4696 3474 4752 Chri-

1879 4802 2020 4846 stum
2056 4808 2212 4846 suum
2246 4808 2343 4862 per
2387 4792 2538 4846 illum
2592 4792 2861 4846 universis
2908 4790 3222 4847 hominibus
3259 4805 3471 4844 annuu-

1883 4885 2038 4937 tiaret
2066 4900 2079 4937 :
2112 4884 2236 4952 quia
2279 4884 2410 4939 nihil
2454 4884 2577 4939 novi
2624 4892 2708 4938 est
2759 4882 2862 4939 sub
2915 4883 3028 4939 sole
3074 4884 3217 4939 :sed
3254 4891 3371 4936 erat
3416 4889 3472 4934 et

1878 4975 2171 5048 exsistebat
2204 4984 2369 5030 ante:
2401 4976 2719 5030 mittebatur
2754 4985 2936 5032 autem
2970 4992 3036 5030 eo
3067 4986 3308 5045 tempore
3344 4988 3467 5028 cum

1879 5064 1930 5118 in
1966 5080 2129 5119 unum
2161 5066 2473 5137 congregati
2516 5066 2748 5136 apostoli
2794 5073 2993 5120 erant:
3023 5079 3147 5120 cum
3190 5063 3256 5116 ad
3298 5063 3468 5115 instar

1879 5160 2114 5212 tonitrus
2152 5157 2327 5212 faetus
2363 5168 2444 5213 est
2490 5158 2704 5213 sonitus
2740 5157 2932 5227 ingens
2981 5157 3047 5210 de
3093 5154 3233 5210 caelo
3262 5172 3276 5207 :
3302 5153 3467 5208 veluti

1879 5251 2238 5307 descendente
2277 5250 2474 5320 Splriltt
2518 5249 2945 5313 vehementiore,
2998 5256 3054 5309 et
3102 5247 3295 5316 repleti
3340 5255 3473 5299 sunt

1878 5341 2084 5411 Spiritu
2112 5351 2322 5397 sancto.
2351 5343 2527 5411 Atque
2557 5342 2629 5396 ita
2648 5341 2926 5403 Christum
2955 5337 3190 5404 Domini,
3228 5339 3281 5391 in
3312 5353 3468 5390 mun-

1878 5432 2005 5485 dum
2069 5434 2385 5489 universum
2460 5429 3089 5501 annuntiaruntsjnxta
3150 5428 3467 5484 vaticinium

2213 5611 2462 5668 “lPetr.
2499 5611 2679 5675 ".13,
2723 5610 2809 5665 14.
2900 5610 3227 5677 "Amostv,
3260 5609 3347 5677 19.,
3378 5605 3465 5662 l3.

1944 5865 2056 5939 (63)
2101 5865 2266 5938 Vulgo
2302 5865 2437 5937 αὐτή
2464 5905 2477 5930 ,
2506 5873 2557 5923 et
2591 5880 2715 5921 mox
2746 5862 2955 5933 αἱνήσε,
3000 5916 3003 5917 ν
