3970 6536
590 468 696 524 973

1258 458 1528 516 EUSEBII
1562 454 2047 513 CESARIENSIS
2076 453 2230 510 OPP.
2254 451 2435 508 PARS
2469 452 2556 508 IV.
2585 485 2650 494 -—
2680 453 3102 511 DOGMATICA.
3695 470 3769 523 975

589 579 698 662 quo
734 589 933 642 dictum
977 593 1077 644 est.
1134 581 1258 636 Ideo
1309 599 1422 636 ecce
1474 571 1794 650 confirmans
1843 580 2068 644 tonitru,
2126 588 2167 631 et

2280 571 2439 651 σάσῃ,
2497 571 2648 630 Διότι
2701 559 2831 632 ἰδοὺ
2865 574 3127 648 στερεῶν
3162 581 3449 652 βροντὴν,
3494 585 3580 640 καὶ
3615 590 3771 651 κτίζων

589 659 813 734 condens
843 675 1108 744 spiritum,
1149 684 1196 726 et
1235 673 1556 725 annuntians
1595 672 1649 723 in
1689 669 1987 722 hominibus
2012 659 2164 722 Cltri-

586 763 725 822 stum
769 765 1042 835 eju's:ubi
1086 763 1235 825 illud,
1282 762 1533 823 condens,
1585 761 1800 830 poaitur
1829 775 1926 828 pro
1958 757 2166 811 mittens

589 860 670 914 vel
698 853 997 929 injungens.
1023 853 1245 909 Tonitru
1292 865 1472 908 autem
1517 845 1790 924 Evangelii
1828 849 2166 922 praedicatio-

591 969 710 1006 nem
745 951 1015 1018 designat.
1049 948 1138 1003 Sic
1169 946 1262 1017 qui
1304 948 1462 1011 dixit,
1511 945 1619 1000 Cor
1659 944 1916 998 mundum
1955 959 2077 996 creo
2111 941 2165 994 in

489 1032 498 1043 ’
587 1060 693 1110 me,
723 1033 934 1104 Deus",
969 1055 1074 1095 non
1099 1039 1235 1094 dixit
1273 1048 1528 1107 tanquam
1566 1053 1668 1091 non
1691 1037 1893 1090 habens
1915 1050 2026 1088 cor.
2058 1031 2168 1088 lino

587 1137 782 1193 orabat
822 1135 911 1190 ille
952 1143 1010 1187 ut
1041 1134 1256 1188 animus
1291 1132 1394 1201 ipsi
1432 1132 1806 1184 mandaretur.
1844 1125 1938 1182 Sic
1966 1126 2170 1180 dicitur

587 1235 642 1284 et
665 1225 815 1304 illud,
845 1225 912 1281 Ut
943 1225 1076 1279 duos
1111 1227 1248 1280 creet
1291 1223 1345 1278 in
1382 1240 1545 1277 unum
1577 1236 1766 1276 novum
1796 1219 2059 1274 hominem
2088 1217 2165 1270 ".

588 1317 701 1377 Hoc
737 1332 842 1384 est,
878 1322 931 1375 in
984 1309 1144 1372 unum
1182 1319 1337 1370 ducat
1377 1330 1397 1370 :
1449 1311 1572 1369 vide
1619 1324 1800 1367 autem
1845 1325 2021 1364 annon
2055 1309 2170 1379 ejus

587 1429 803 1485 quoque
836 1414 1050 1480 generis
1076 1412 1166 1473 sit,
1205 1407 1516 1461 lnduamini
1547 1423 1738 1460 novum
1762 1405 2052 1466 hominem,
2083 1401 2172 1473 qui

587 1515 794 1559 creatus
823 1512 897 1558 est
922 1501 1205 1556 secundum
1234 1499 1398 1553 Deum
1423 1499 1494 1561 ",
1528 1508 1580 1552 et
1611 1497 1765 1562 illud,
1794 1489 1852 1551 Si
1876 1495 2173 1568 quisigitur

587 1597 641 1652 in
674 1595 907 1660 Christo,
942 1611 1074 1649 nova
1115 1591 1417 1656 creatura‘,
1467 1602 1520 1645 et
1547 1604 1885 1659 quacunque
1921 1587 2172 1655 hujusce-

587 1691 733 1744 modi
775 1687 1000 1757 reperiri
1033 1694 1277 1754 possunt,
1307 1684 1373 1736 ab
1403 1683 1469 1737 iis
1495 1683 1586 1752 qui
1613 1682 1892 1737 excutient
1923 1678 2171 1749 Scriptu-

586 1778 678 1837 ras
709 1791 946 1837 sanctas.
971 1777 1047 1833 Ne
1077 1777 1290 1831 mireris
1316 1776 1482 1845 igitur
1508 1775 1554 1828 si
1587 1774 1956 1844 metaphorice
1987 1772 2039 1825 in
2081 1770 2172 1824 illo

587 1890 768 1946 passu,
799 1871 1055 1928 Dominus
1079 1869 1316 1924 condidit
1351 1865 1430 1922 me
1452 1868 1770 1937 principium
1806 1868 2009 1919 viarum
2041 1871 2170 1917 sua-

2266 666 2523 735 πνεῦμα,
2559 666 2657 720 καὶ
2681 666 3072 738 ἀναγγέλλων
3098 671 3182 736 εις
3208 671 3544 740 ἀνθρώπους
3573 677 3662 728 τὸν
3676 680 3771 747 Χρι-

2266 761 2630 816 στὸν-αὑτοῦ·
2656 759 2749 815 τοῦ
2771 763 2892 834 μὲν,
2911 759 3136 822 κτίᾷον.
3156 758 3276 816 ἀντὶ
3289 763 3402 826 τοῦ,
3423 768 3770 838 καταπέμπων,

2265 853 2299 925 ἢ
2327 852 2741 920 κατατάσσων,
2769 854 3079 927 εἰρημένουο
3099 855 3194 927 τῆς
3219 856 3276 908 δὲ
3301 857 3552 926 ,ϐροντῆς
3568 862 3667 914 καθ’
3687 863 3773 915 ἓτε-

2269 961 2360 1014 ρον
2386 945 2585 1016 τρόπον
2608 944 2668 997 τὸ
2695 944 3044 1014 εὐαγγελικδν
3073 944 3334 1016 κήρυγμα
3357 946 3619 1020 δηλούσης.
3643 951 3728 1006 Καὶ
3753 958 3774 1008 0

2268 1035 2438 1105 λέγων
2453 1037 2533 1101 δὲ,
2553 1038 2818 1106 Καρδίαν
2841 1037 3108 1106 καθαρὰν
3132 1039 3344 1091 κτίσον
3361 1038 3427 1092 ἐν
3447 1041 3584 1110 ἐμοὶ,
3605 1047 3633 1097 ό
3649 1046 3726 1098 Θεε¹
3736 1069 3772 1112 ς,

2267 1130 2364 1202 οὐχ
2393 1129 2466 1194 ὡς
2504 1131 2578 1202 μὴ
2628 1131 2766 1202 ἔχων
2813 1131 3036 1204 καρδίαν
3074 1131 3220 1186 τοῦτ’
3250 1132 3449 1202 ἔλεγεν,
3493 1135 3702 1209 καθαρὰν
3735 1141 3774 1194 ἃ

2267 1219 2432 1272 αὐτοῦ
2483 1220 2581 1292 τὴν
2639 1220 2880 1276 διάνοιαν
2931 1221 3359 1294 ἀποτελεσθῆναι
3409 1223 3607 1296 ηὔχετο.
3639 1230 3776 1297 Οὕτως

2268 1313 2481 1384 εἴρηται
2502 1313 2582 1377 τὸ,
2602 1314 2735 1368 Ἵνα
2771 1314 2912 1379 τοὺς
2938 1313 3046 1368 δύο
3075 1317 3254 1386 κτίσῃ
3279 1319 3366 1383 εὶς
3387 1318 3490 1372 ἕνα
3516 1322 3776 1377 καινὸνᾶν-

2269 1409 2525 1473 θρωπον,
2558 1405 2677 1458 ἀντὶ
2701 1404 2816 1468 τοῦ,
2843 1406 3156 1478 συναγάγῃ
3182 1424 3196 1438 ·
3234 1409 3335 1480 ὅρα
3374 1413 3568 1482 μήποτε
3596 1415 3779 1468 τοιοῦτόν

2269 1497 2518 1552 ἐστικαὶ
2579 1498 2661 1563 τὸ,
2719 1498 3088 1553 Ἐνδύσασθε
3119 1501 3227 1554 τὸν
3273 1503 3477 1557 καινὸν
3501 1505 3777 1574 ἄνθρωπον,

2269 1589 2374 1642 τὸν
2404 1589 2553 1644 κατὰ
2583 1589 2732 1644 Θεὸν
2777 1592 3102 1645 κτισθέντα
3125 1610 3139 1623 ·
3179 1594 3275 1647 καὶ
3315 1595 3395 1660 τὺ,
3427 1597 3496 1648 Εἴ
3510 1613 3590 1662 τις
3622 1597 3712 1650 οὖν
3731 1598 3780 1649 ἐν

2270 1678 2519 1748 Χριστῷ.
2567 1680 2743 1750 καινὴ
2783 1683 3001 1746 κτίσις,
3045 1683 3139 1736 καὶ
3168 1685 3269 1737 ὅσα
3309 1685 3440 1740 ἄλλα
3476 1687 3608 1759 εὖροι
3652 1689 3701 1742 ἄν
3722 1706 3781 1750 τις

2270 1772 2651 1843 τοιουτότροπα
2671 1774 2770 1844 τὴν
2801 1773 3156 1830 θεόπνευστον
3177 1778 3398 1851 Γραφὴν
3413 1779 3778 1851 διερευνώμενος

2275 1861 2348 1933 μὴ
2377 1863 2665 1935 θαυμάσῃς
2693 1860 2807 1929 οὖν,
2832 1867 2880 1918 εἰ
2904 1868 3288 1941 μεταφορικῶς
3305 1871 3395 1924 καὶ
3429 1873 3481 1923 ἐν
3507 1871 3595 1943 τῷ,
3619 1873 3781 1939 Κύριις

586 1941 764 2032 rum’,
796 1965 1030 2020 condidit
1077 1979 1177 2018 vox
1221 1961 1392 2032 posita
1421 1960 1492 2014 sit
1524 1975 1620 2027 pro
1651 1957 1923 2010 constituit
1961 1954 2045 2008 vel
2075 1971 2159 2007 or-

2271 1954 2469 2008 ἕκτισέ
2491 1971 2566 2024 με
2582 1956 2779 2025 ἀρχὴν
2804 1956 2960 2011 ὁδῶν
2988 1961 3197 2024 αὑτοῦ,
3216 1941 3562 2025 τὸ.ἕκτισεν,
3594 1966 3692 2016 ἀντὶ
3715 1960 3780 2015 τοῦ

584 2055 788 2112 dinauit
834 2055 901 2109 ad
945 2053 1268 2125 principium
1315 2050 1583 2112 dandum,
1633 2047 1713 2100 vel
1763 2044 2160 2114 imperandum.

585 2146 1030 2216 Quandoquidem
1065 2160 1190 2200 cum
1236 2143 1292 2198 in
1338 2141 1634 2208 Evangelio
1667 2140 1879 2193 dicatur
1901 2153 1930 2191 a
1964 2136 2167 2192 Serva-

586 2253 703 2296 ture
729 2250 935 2303 nostro,
969 2237 1235 2307 Conﬁteor
1263 2234 1380 2301 tibi,
1409 2229 1590 2296 Pater,
1616 2229 1834 2284 Domine
1865 2231 1982 2283 caeli
2010 2239 2167 2296 atque

587 2345 762 2397 terra,
788 2332 1039 2402 quoniam
1067 2324 1386 2382 abscondisti
1417 2325 1518 2377 ista
1544 2340 1574 2376 a
1605 2321 1924 2398 sapientibus
1955 2328 2004 2372 et
2038 2334 2166 2387 pru-

585 2423 844 2490 dentibus,
872 2432 920 2477 et
959 2413 1197 2476 revelasti
1219 2436 1280 2474 ea
1305 2415 1540 2488 parvulis
1562 2417 1607 2480 ³,
1662 2432 1768 2470 non
1803 2417 1889 2470 hic
1919 2422 2168 2484 peccato-

587 2533 706 2570 rum
742 2513 1135 2570 confessionem
1164 2509 1297 2574 vult,
1319 2506 1770 2579 quemadmodum
1807 2509 1864 2568 >14
1893 2505 2040 2566 alibi,
2077 2504 2165 2558 tibi

584 2608 804 2673 dicitur,
835 2603 1171 2673 Con/itemini
1203 2603 1271 2656 ad
1307 2603 1527 2656 invicem
1563 2610 1778 2668 peccata
1808 2593 1977 2654 vestra
1999 2597 2038 2663 ",
2072 2597 2167 2652 sed

585 2698 881 2769 gratiarum
917 2696 1208 2758 actionem,
1250 2702 1478 2764 prapter
1513 2689 1792 2762 parvulos,
1825 2689 1989 2760 quasi
2017 2689 2167 2744 dice-

585 2800 687 2857 ret,
713 2787 928 2845 Gratias
953 2804 1050 2856 ago
1075 2786 1194 2852 tibi,
1223 2785 1404 2852 Pater,
1424 2784 1647 2840 Domine
1673 2783 1788 2836 caeli
1815 2793 1969 2852 atque
1991 2791 2162 2836 ιιι-ηε.

582 2883 664 2938 Ad
705 2883 849 2939 hunc
905 2883 1121 2937 modum
1168 2878 1540 2949 metaphorice
1591 2884 1851 2946 usurpata
1906 2885 2165 2929 sexcenta

586 2974 712 3030 alibi
771 2973 1175 3043 Scripturarum
1228 2970 1487 3035 inveniet,
1543 2967 1635 3038 qui
1694 2958 1789 3038 per
1843 2965 2013 3020 otium
2071 2979 2167 3019 eas

584 3067 797 3120 evolvet
829 3082 842 3120 :
877 3064 983 3118 alia
1015 3064 1182 3117 etiam
1225 3060 1574 3130 multiplicem
1607 3058 1860 3114 habentia
1888 3055 2168 3127 signiﬁca-

585 3157 809 3222 tionem,
838 3156 938 3210 alia
979 3156 1208 3210 univoce
1251 3156 1317 3207 de
1359 3153 1591 3207 diversis
1629 3151 1790 3205 rebus
1831 3149 2164 3219 prazdicata:

585 3251 653 3304 de
687 3249 885 3319 quibus
936 3243 1155 3320 longum
1212 3254 1360 3300 esset
1411 3259 1511 3299 nec
1563 3242 1851 3313 prtesentis
1904 3243 2166 3311 temporis

585 3341 874 3397 disserere.
910 3339 984 3394 lta
1014 3351 1068 3394 et
1103 3337 1206 3393 hoc
1233 3337 1287 3391 in
1319 3336 1440 3393 loco
1471 3335 1622 3402 illud,
1655 3332 1905 3388 Dominus
1931 3332 2164 3388 condidit
2194 3305 2238 3363 (ἶ

585 3449 668 3488 me
698 3433 1014 3503 principium
1043 3430 1248 3486 viarum
1288 3443 1504 3483 suarum
1523 3426 1590 3480 ad
1620 3441 1776 3496 opera
1811 3437 1930 3490 sua,
1961 3426 2164 3478 dictum

585 3536 670 3583 est
693 3541 809 3597 pro,
843 3524 1101 3577 Dominus
1144 3521 1411 3576 constituit
1447 3535 1529 3573 me
1555 3508 1905 3588 principatum
1939 3516 2168 3570 obtinere

585 3632 742 3685 super
773 3632 927 3685 opera
955 3631 1074 3667 sua.
1101 3614 1276 3682 Atque
1305 3613 1426 3666 ideo
1458 3625 1562 3664 non
1594 3607 1793 3662 dicitur
1823 3605 2165 3674 simpliciter,

585 3696 815 3761 condidit
844 3721 956 3772 me,
986 3703 1080 3758 s'e'd
1105 3713 1225 3758 eum
1255 3701 1586 3770 adiectione,
1617 3697 1936 3768 principium
1967 3698 2168 3751 viarum

587 3813 805 3851 suarum
845 3795 916 3850 ad
955 3799 1114 3867 operat
1145 3809 1267 3850 sua.
1304 3791 1459 3860 Quod
1491 3790 1743 3861 inprimis
1790 3789 2028 3844 declarat
2062 3803 2167 3843 vox

588 3887 874 3946 llebraiCa.
904 3886 964 3943 Si
997 3889 1118 3958 quis
1144 3877 1309 3956 igitur
1336 3876 1625 3956 genuinum
1655 3887 1875 3938 senSum
1907 3882 2166 3937 sacratis-

586 3971 738 4039 sima:
776 3981 1068 4051 Scriptura:
1115 3977 1444 4050 inve'Stigare
1489 3977 1674 4042 vellet,
1709 3976 1947 4031 inveniet
1977 3973 2168 4029 lectio-

585 4089 708 4130 nem
743 4072 1063 4130 Hebraicam
1098 4089 1203 4129 non
1241 4065 1443 4129 habere
1464 4111 1482 4140 ,
1529 4067 1768 4127 candidi!
1799 4087 1901 4133 me,
1936 4083 2040 4139 qua
2073 4082 2168 4123 ne-

584 4181 692 4238 que
714 4165 1044 4236 reliquorum
1069 4159 1427 4236 interpretum
1459 4164 1656 4236 aliquis
1683 4179 1815 4219 usus
1841 4163 1944 4218 est.
1973 4160 2165 4230 Aquila

587 4259 735 4331 legit,
769 4258 1024 4314 Dominus
1057 4259 1287 4329 possedit
1319 4273 1421 4322 me,
1467 4243 1624 4325 caput
1663 4256 1866 4309 viarum
1915 4268 2158 4307 suarum.

588 4351 971 4420 Symmachus,
1002 4349 1258 4405 Dominus
1297 4348 1528 4419 possedit
1571 4364 1654 4402 me
1699 4347 1911 4400 initium
1962 4345 2166 4398 viarum

586 4459 827 4497 suarum.
858 4439 951 4498 Sic
973 4453 1030 4498 et
1055 4440 1373 4502 Theodotio.
1403 4439 1661 4494 Dominus
1691 4437 1929 4506 possedit
1959 4451 2039 4489 me
2064 4434 2174 4488 ini-‘

587 4537 717 4587 tiam
749 4538 844 4588 via:
877 4551 1008 4589 suae.
1052 4534 1118 4588 Et
1160 4548 1269 4590 non
1304 4535 1561 4588 abhorret
1585 4546 1616 4586 a
1651 4531 1861 4586 ratione
1899 4530 2169 4597 interpre-

589 4627 745 4682 tatio.
787 4625 918 4680 Erat
955 4630 1100 4682 enim
1136 4625 1224 4682 ille
1252 4639 1415 4697 quem
1465 4625 1649 4696 genuit
1703 4623 1865 4679 Pater
1903 4617 2167 4692 Unigcui-

589 4729 724 4786 tum,
759 4730 926 4790 caput
967 4730 1450 4790 progeneratorunt
1485 4717 1751 4783 omnium,
1793 4715 2084 4771 visibilium
2117 4723 2172 4769 et

586 4810 937 4868 invisibilium
959 4829 986 4892 _:
1021 4813 1163 4882 quod
1193 4815 1260 4866 ad
1285 4811 1532 4866 exortum
1559 4808 1831 4864 attinebat
1862 4818 1916 4863 et
1937 4806 2168 4862 salutem

585 4901 798 4960 eorum.
822 4902 920 4961 Ubi
944 4904 1086 4960 cnim
1107 4919 1229 4960 eum
1254 4903 1459 4976 genuit,
1479 4903 1554 4957 ita
1575 4901 1765 4958 statuit
1785 4915 1907 4955 eum
1929 4897 2170 4952 omnium

587 4996 961 5062 Servatorem,
998 4997 1364 5069 recapitulans
1396 4995 1449 5050 in
1481 5008 1546 5050 eo
1587 5002 1643 5050 et
1685 5008 1785 5063 per
1813 5005 1938 5046 eum
1973 4988 2172 5045 consti-

584 5089 852 5145 tutionem
909 5089 1173 5156 universi,
1219 5100 1278 5143 ut
1322 5085 1541 5143 edocuit
1582 5085 1799 5140 divinus
1851 5080 2169 5153 Apostolus,

586 5181 863 5252 inquiens,
891 5179 963 5236 Ut
989 5180 1308 5251 recolligeret
1333 5179 1514 5234 omnia
1551 5180 1606 5232 in
1633 5176 1868 5241 Christo,
1893 5167 2013 5244 qute
2046 5183 2166 5226 sunt

586 5274 644 5328 in
665 5273 830 5342 caelis,
861 5288 909 5330 et
954 5291 1072 5346 aute
1105 5284 1227 5328 sunt
1270 5288 1431 5344 super
1479 5271 1736 5326 terram“.
1773 5267 1922 5322 Adeo
1962 5277 2019 5319 ut
2062 5280 2167 5320 non

587 5367 750 5424 modo
787 5363 971 5425 omnia
1003 5383 1099 5440 per
1137 5368 1311 5440 ipsum
1345 5352 1711 5430 substiterint,
1746 5378 1774 5416 a
1814 5377 1921 5415 non
1953 5374 2072 5414 esse
2102 5357 2169 5412 ad

2268 2043 2662 2113 κατέστησεν,
2682 2047 2714 2116 ἢ
2742 2048 3086 2113 κατέταξεν,
3103 2053 3181 2114 εἰς
3199 2052 3260 2104 τὸ
3271 2053 3454 2124 ἄρχειν
3477 2053 3782 2124 εἴρηται,ὲπεὶ

2267 2138 2362 2189 καὶ
2388 2139 2444 2189 ὲν
2475 2139 2825 2208 Εὐαγγελίοις
2854 2140 3149 2214 λεγομένου
3175 2143 3282 2197 ὑπὸ
3308 2143 3399 2198 τοῦ
3431 2145 3654 2218 Σωτῆρος
3670 2145 3782 2214 ἡμῶν

2267 2229 2349 2292 τὸ,
2367 2228 2881 2302 Ἐξομολογοῦμαί
2902 2247 3024 2298 σοι,
3049 2233 3268 2304 Πάτερ,
3288 2237 3459 2304 Κύριε
3474 2236 3570 2288 τοῦ
3583 2234 3782 2303 οὗτοι-οῦ

2269 2320 2366 2373 καὶ
2397 2320 2506 2390 τῆς
2535 2321 2670 2391 γῆς,
2705 2323 2795 2376 ὅτι
2842 2326 3200 2394 ἀπέκρυψας
3245 2326 3431 2380 ταῦτα
3479 2327 3587 2381 ἀπὸ
3625 2323 3783 2395 σοφῶν

2269 2413 2370 2465 καὶ
2398 2413 2691 2481 συνετῶν,
2743 2417 2841 2470 καὶ
2875 2416 3282 2487 ἀπεκάλυψας
3307 2417 3457 2473 αὐτὰ
3483 2420 3705 2487 νηπίοις,
3740 2417 3782 2467 οὐ

2267 2503 2366 2575 τὴν
2401 2503 2509 2573 (64-
2537 2506 2953 2578 ἁμαρτημάτων
2985 2509 3298 2580 ὁμολογίαν,
3327 2511 3458 2565 καθὸ
3501 2510 3712 2564 λέλεκται
3743 2509 3783 2560 ἐν

2270 2597 2999 2671 ὲτέροις,Ἐξομολογεῖσθε
3039 2603 3337 2669 ἀλλήλοις
3382 2605 3486 2670 τὰς
3535 2602 3782 2672 ἁμαρτίας.

2272 2691 2451 2762 φαμὲν
2479 2691 2584 2744 ὑπὸ
2613 2691 2706 2746 τοῦ
2730 2693 2980 2766 Σωτῆρος
2999 2695 3313 2766 δηλοῦσθαι,
3341 2697 3473 2752 ἀλλὰ
3498 2698 3587 2769 τὴν
3612 2695 3689 2748 ἐπὶ
3707 2696 3785 2755 τοῖς

2270 2783 2486 2856 νηπίοις
2517 2785 2894 2856 εὐχαριστίαν,
2925 2786 3047 2840 ἀντὶ
3068 2787 3185 2854 τοῦ,
3221 2789 3561 2859 Εὐχιιριστῶ
3586 2805 3685 2851 σοι,
3703 2785 3787 2840 Πάν

2269 2891 2389 2945 τερ,
2412 2878 2588 2944 Κύριε
2617 2877 2723 2932 τοῦ
2747 2877 3008 2947 οὐρανοῦ
3033 2880 3129 2933 καὶ
3156 2881 3269 2948 τῆς
3290 2881 3421 2952 γῆς,
3447 2881 3533 2934 τοῦ
3560 2877 3786 2948 ἐξομολοο

2270 2972 2502 3040 γεῒσθαι
2545 2969 2900 3041 λελεγμένου.
2958 2972 3144 3045 Μυρία
3189 2971 3235 3024 δ’
3265 2975 3330 3026 ἀν
3378 2989 3459 3034 τις
3507 2970 3637 3042 εὖροι
3667 2965 3786 3037 σχολῇ

2271 3059 2518 3132 ζητήσας
2541 3059 2618 3132 τῷ
2642 3061 2784 3116 κατὰ
2817 3061 3130 3134 μεταφορὰν
3145 3063 3336 3135 τρόπῳ
3351 3062 3416 3116 δι’
3437 3063 3555 3132 ὅλης
3570 3061 3654 3130 τῆς
3676 3056 3786 3118 Θείας

2269 3151 2496 3224 Γραφῆς
2523 3155 2809 3226 εἰρημένα,
2867 3155 2960 3209 καὶ
3009 3155 3146 3210 ἄλλα
3180 3154 3493 3226 πολύσημον
3537 3145 3788 3223 ἔχοντατὴν

2270 3244 2528 3300 διάνοιαν.
2557 3248 2666 3301 Καὶ
2703 3247 2992 3320 ὁμονύμως
3015 3248 3182 3321 ἕτερα
3222 3249 3490 3322 διαφόρων
3515 3241 3789 3318 πραγμάτων

2272 3337 2746 3410 κατηγορούμενα,
2777 3340 2907 3412 περὶ
2941 3333 3017 3394 ὧν
3049 3340 3262 3414 μακρὸν
3292 3341 3356 3396 ἂν
3387 3341 3490 3412 εἴη.
3524 3339 3610 3392 καὶ
3636 3336 3687 3389 οὐ
3722 3330 3793 3384 τοῦ

2273 3431 2536 3502 παρόντος
2560 3431 2751 3510 καιροῦ
2777 3433 3048 3500 διεξιέναι.
3066 3433 3255 3498 Οὕτως
3275 3427 3368 3488 οὖν
3393 3433 3485 3487 καὶ
3507 3426 3712 3486 ἐνταῦθα
3733 3423 3789 3484 τδ,

2271 3522 2486 3590 Κύριος
2509 3521 2618 3593 (65)
2643 3523 2847 3578 ἐκτισέ
2888 3541 2964 3595 με
3001 3525 3202 3595 ἀρχὴν
3225 3525 3384 3581 ὁδῶν
3406 3525 3582 3580 αὐτοῦ
3599 3525 3674 3588 εἰς
3685 3520 3790 3587 ἔργα

2271 3611 2481 3679 αὑτοῦ,
2515 3612 2635 3666 ἀντὶ
2671 3613 2790 3681 τοῦ,
2827 3613 3128 3681 Κατέτηξέ
3155 3634 3236 3687 με
3269 3621 3360 3685 εἰς
3397 3618 3462 3671 τὸ
3490 3616 3675 3685 ἄρχειν
3705 3607 3788 3663 τῶν

2273 3702 2462 3773 ἔργων
2487 3704 2696 3772 αὑτοῦ,
2729 3703 2996 3761 λέλεκται.
3045 3709 3135 3762 Διὸ
3187 3709 3289 3782 οὐχ
3339 3708 3519 3772 ἁπλῶς
3547 3695 3717 3761 ἐκτισέ
3736 3707 3789 3762 με

2273 3797 2508 3868 εἴρηται,
2538 3791 2674 3852 ἀλλὰ
2701 3800 2838 3872 μετὰ
2854 3800 3170 3874 προσθήκης
3201 3802 3314 3874 (66)
3338 3803 3458 3872 τῆς,
3483 3793 3660 3868 ἀρχὴν
3677 3785 3790 3844 ὁδῶν

2273 3895 2462 3950 αὑτοῦ
2488 3897 2570 3960 εις
2603 3896 2747 3964 ἔργα
2761 3894 2966 3949 αὐτοῦ.
3002 3893 3172 3949 Τοῦτο
3192 3896 3252 3949 δὲ
3277 3897 3507 3967 μάλιστα
3532 3886 3792 3960 παρίστησιν

2273 3984 2604 4057 ήΈὸραῖκὴ
2654 3984 2818 4049 λέξις.
2869 3983 2933 4037 Εἰ
2963 3983 3094 4052 γοῦν
3150 4002 3236 4050 τις
3292 3979 3690 4057 ἐξακριϐῶσαιτο
3728 3970 3792 4023 τὸν

2274 4077 2453 4150 ἁληθῆ
2476 4077 2600 4133 νοῦν
2648 4076 2748 4148 τῆς
2792 4076 3148 4130 Θεοπνεύστου
3178 4063 3422 4150 Γραφῆς,
3467 4073 3605 4144 εὕροι
3645 4067 3697 4122 ἂν
3723 4062 3794 4131 τὴν

2286 4169 2578 4242 Ἑϐραῖκὴν
2601 4167 2904 4239 ἀνάγνωσιν
2933 4171 2992 4223 οὐ
3025 4169 3388 4243 περιέχουσαν
3414 4170 3490 4231 τὸ,
3515 4158 3693 4220 ἕκτισέ
3707 4169 3792 4227 με’

2272 4261 2463 4336 διόπερ
2480 4263 2600 4317 οὐδὲ
2633 4265 2741 4316 τῶν
2768 4261 2970 4317 λοιπῶν
2991 4253 3342 4336 ὲρμηνευτῶν
3365 4262 3531 4334 ταύτῃ
3552 4274 3626 4319 τις
3651 4252 3796 4320 κέχρη-

2273 4371 2364 4409 ται
2399 4358 2464 4426 τῇ
2493 4355 2653 4421 λέξει.
2677 4354 2885 4409 Αὐτίκα
2907 4353 2951 4408 δ’
2971 4343 3062 4409 οὖν
3089 4356 3117 4407 0
3137 4356 3234 4426 μὲν
3251 4355 3498 4418 Ἀκύλας,
3518 4351 3702 4418 Κύριος
3724 4341 3796 4392 ἐκ·

2274 4444 2506 4514 τήσατό
2524 4444 2634 4516 (67)
2641 4461 2718 4514 με
2735 4445 3068 4514 κεφάλαιον
3091 4445 3208 4499 τῶν
3223 4445 3382 4500 ὁδῶν
3394 4441 3589 4505 αὐτοῦ,
3607 4439 3794 4508 εἴρηκεν

2275 4536 2304 4589 δ
2342 4533 2399 4588 δὲ
2430 4535 2728 4607 Σύμμαχος
2755 4578 2769 4602 ,
2803 4537 3018 4606 Κύριος
3042 4536 3346 4604 ἐκτήσατο
3370 4553 3446 4606 με
3471 4530 3651 4603 ἀρχὴν
3680 4520 3798 4579 ὀὸὦι·

2276 4627 2482 4681 αὐτοῦ·
2510 4630 2538 4680 0
2561 4627 2618 4681 δὲ
2649 4627 2963 4693 Θεοδοτίων,
2997 4629 3214 4697 Κύριος
3241 4627 3538 4695 ἐκτήσατο
3553 4638 3623 4692 με
3648 4611 3798 4685 ἀρχὴν

2275 4717 2420 4800 οδοῦ
2443 4719 2649 4773 αὐτοῦ’
2683 4721 2778 4774 καὶ
2800 4721 2912 4791 ἔχοι
2941 4720 2992 4790 γ’
3019 4720 3086 4775 ἂν
3108 4721 3266 4791 λόγον
3288 4721 3322 4792 ἠ
3352 4715 3620 4791 ἑρμηνεία.
3641 4709 3700 4761 Τὸ
3720 4702 3797 4772 γὰρ

2275 4808 2571 4880 κεφάλαιον
2605 4811 2704 4884 τῆς
2751 4811 2859 4864 τῶν
2883 4811 3159 4882 γεννητῶν
3213 4809 3469 4865 ἁπάντων
3491 4800 3797 4884 ὁρωμένων-τε

2275 4900 2370 4954 καὶ
2405 4901 2627 4970 ἀφανῶν
2677 4900 2988 4964 συστάσεως
3019 4918 3079 4954 τε
3115 4899 3209 4954 καὶ
3273 4897 3541 4970 σωτηρίας
3571 4888 3710 4948 αὐτὸς
3735 4877 3793 4970 ἦν’

2273 4989 2333 5045 ὃν
2361 4967 2556 5061 ἐγέννα
2575 4992 2674 5063 μὲν
2705 4994 2734 5046 0
2751 4991 2940 5064 Πατὴρ
2975 4992 3102 5046 Υἰδν
3129 4967 3434 5063 μονογενῆ
3473 4984 3707 5056 γεννήσας
3731 4967 3793 5064 δξο

2272 5084 2573 5138 κατέταττε
2603 5083 2833 5156 Σωτῆρα
2860 5085 2971 5137 τῶν
3015 5083 3175 5148 ὅλων,
3211 5059 3796 5156 ἀνακεφαλαιούμενθξξν

2274 5173 2423 5245 αὐτῷ
2455 5174 2550 5229 καὶ
2579 5173 2647 5227 δι’
2676 5145 2842 5228 αὑτοῦ
2875 5173 2973 5246 τὴν
2999 5145 3240 5230 διάταξιν
3265 5161 3357 5217 τοῦ
3389 5159 3602 5223 παντὸς,
3637 5154 3700 5216 ὡς
3722 5145 3798 5201 ἔδει

2275 5267 2434 5334 δαξεν
2460 5269 2489 5321 0
2504 5267 2646 5324 θεῖος,-
2660 5245 2979 5322 ’Λπόστολος
2996 5255 3183 5310 εἰπών’
3204 5245 3796 5334 Ἀνακεφαλαιὼσασθαξ

2276 5328 2474 5410 πάντα
2519 5353 2590 5407 ἐν
2622 5351 2705 5418 τῷ
2743 5348 3000 5421 Χριστῷ,
3037 5349 3110 5403 τὰ
3145 5347 3244 5401 ἐπὶ
3281 5346 3405 5417 τοῖς
3432 5339 3700 5414 οὐρανοῖς,
3722 5328 3795 5385 καὶ

664 5537 730 5598 Β
755 5530 861 5602 Ed.
892 5530 1094 5602 Parim.
1123 5547 1247 5602 page.
1279 5531 1400 5602 152.
1437 5530 1514 5602 _"
1546 5526 1771 5602 Psal.__t.,
1801 5522 1904 5602 {2;
1947 5520 2016 5602 _"'
2047 5518 2167 5588 Eph:

2276 5532 2338 5580 It,
2373 5515 2458 5570 t3.
2538 5513 2584 5544 ”
2616 5513 2814 5582 Eplies.
2843 5527 2914 5574 tv,
2945 5507 3036 5566 24.
3130 5513 3144 5542 ¹
3171 5510 3208 5565 Il
3248 5510 3372 5565 Cor.
3399 5523 3450 5572 ν,
3478 5505 3558 5560 Π.
3631 5496 3793 5550 'Prov.

589 5588 832 5670 νιιῖξὲἳ.
912 5588 1093 5658 ιι.υυὶ
1124 5588 1304 5669 ἱξῖὶ.
1383 5601 1405 5633 ⁵
1429 5599 1546 5655 Jac.
1575 5614 1628 5664 v,
1656 5597 1742 5652 ιθ.
1817 5590 2074 5647 'Coloss.
2110 5604 2147 5651 I,
2187 5588 2278 5644 20.

663 5735 777 5807 (64)
815 5733 982 5807 Υυιεο
1006 5735 1116 5807 τῶν
1144 5737 1576 5807 ἁμαρτημάτων·

664 5804 776 5876 (65)
810 5804 985 5876 Xulgo
1015 5804 1227 5876 ἔκτισεν
1257 5804 1379 5876 ἐμέ,

662 5874 774 5952 (σε)
803 5875 982 5952 Χριεο
1011 5874 1346 5952 «possim.
1372 5875 1494 5952 τήν·

663 5909 774 6017 ὶῦἷῖ
795 5909 1354 6014 ιξιῗρῗέςἻτῖἕῆᾈῖέἑϊ.
1373 5909 1540 6004 Ᾱῗίὶὶι
1563 5945 1616 6002 in
1638 5943 1866 6017 vulgatis
1886 5941 2032 6006 Lxx
2054 5941 2172 5997 edi-

2281 5725 2541 5789 tionibus,
2593 5722 2810 5792 Aquila,
2863 5696 3796 5792 Symmachus,et‘Theodotiotlfiﬁ"

2280 5762 3248 5867 tiliam.fati;.;.1."a:“nazzr
3261 5762 3330 5840 si
3346 5762 3553 5852 oeten.
3591 5762 3702 5830 ιοιιιό
3725 5762 3795 5825 ﬂ"
3873 5845 3877 5850 .

2281 5865 2348 5938 μζ
2371 5865 2492 5921 788.
