3970 6516
196 430 299 487 977

1144 432 1232 486 DE
1271 430 1810 486 ECCLESIASTICA
1852 430 2245 487 THEOLOGIA
2288 430 2411 484 LIB.
2456 430 2541 486 111.

3350 427 3451 482 978

198 545 271 599 τὰ
300 543 405 598 ἐπὶ
439 544 550 612 τῆς
583 544 718 615 γῆς,
755 544 829 610 ὼς
871 546 946 616 μὴ
977 551 1136 617 μόνον
1166 547 1236 601 τὰ
1271 548 1559 619 σύμπαντα
1593 548 1659 601 δι’
1688 548 1783 601 αὖ·

1891 565 2011 602 esse
2051 550 2440 617 provenientia,
2474 549 2568 602 sed
2601 548 2821 616 insuper
2857 548 2909 601 in
2941 562 2999 602 se
3027 545 3325 615 susciperet
3357 547 3455 599 ad-

194 635 293 689 τοῦ
326 636 609 707 συστῆναι,
641 638 705 689 ἐκ
734 635 827 689 τοῦ
861 638 933 708 μὴ
960 636 1109 701 δντος
1139 640 1218 702 εἰς
1245 638 1307 692 τὸ
1331 637 1468 693 εἶναι
1502 638 1781 712 προελθόν·

195 744 286 790 τα,
320 726 461 780 ἀλλὰ
488 728 582 781 καὶ¹
609 727 710 796 τῆς
733 728 846 781 τῶν
876 728 1014 783 ὅλων
1051 729 1369 802 διοικήσεως
1396 732 1496 802 τὴν
1528 730 1781 803 πρόνοιαν

195 817 556 888 ἀναδέχεσθαι
585 819 767 883 αὐτὸν,
797 818 891 873 ἅτε
936 820 1107 889 Λόγον
1148 820 1275 873 ὄντα
1321 821 1416 875 καὶ
1459 821 1658 891 Σοφίαν
1689 824 1781 875 καὶ

195 907 348 980 ζωὴν
368 947 384 972 ,
412 908 614 973 παντός
647 927 705 962 τε
737 910 903 964 καλοῦ
934 912 1027 965 καὶ
1050 910 1256 980 ἀγαθοῦ
1286 911 1588 983 πλήρωμα·
1619 911 1694 975 ὡς
1713 912 1780 966 δι’

195 1000 370 1054 αὑτοῦ
420 1002 785 1075 κυϐερνᾶσθαι
834 1004 928 1059 καὶ
980 1004 1335 1069 διασώζεσθαι
1369 1005 1435 1058 τὰ
1466 1005 1775 1075 σύμπαντα.

194 1092 375 1146 Τοῦτο
400 1092 458 1146 δὲ
486 1095 575 1147 καὶ
598 1094 685 1148 διὰ
715 1095 821 1148 τῶν
843 1096 1214 1168 προτεθέντων
1252 1096 1448 1164 λογίων
1476 1095 1635 1159 αὐτὸς
1671 1096 1779 1167 (68)

196 1183 466 1255 παρίστη,
504 1185 569 1238 δι’
602 1179 675 1239 ὧν
710 1186 910 1255 ἔφασκε
932 1206 945 1219 ο
979 1189 1057 1240 Δι’
1103 1187 1247 1257 ἐμοῦ
1283 1188 1568 1253 ,βασιλεῖς
1600 1188 1781 1253 βασι-

195 1276 478 1339 λεύουσι,
512 1276 607 1329 καὶ
634 1281 687 1331 ol
714 1278 1006 1331 δυνάσται
1038 1278 1334 1349 γράφουσι
1365 1278 1778 1347 δικαιοσύνην.

197 1364 281 1417 Δι’
318 1365 467 1434 ἐμοῦ
486 1366 846 1436 μεγιστᾶνες
874 1371 1313 1439 μεγαλύνονται
1333 1412 1348 1435 ,
1375 1371 1470 1423 καὶ
1500 1372 1781 1439 τύραννοι

196 1452 276 1505 δι’
336 1454 485 1523 ἐμοῦ
531 1455 817 1523 κρατοῦσι
862 1456 996 1526 γῆς.
1043 1458 1235 1527 Λόγοις
1290 1460 1335 1513 δ’
1382 1454 1475 1512 οὖν
1522 1461 1781 1530 ἀρρήτοις

195 1544 299 1614 τῆς
341 1545 569 1601 καθόλου
622 1549 812 1617 σοφίας
836 1566 895 1600 τε
943 1550 1037 1602 καὶ
1073 1552 1328 1622 προνοίας
1360 1551 1453 1605 τοῦ
1488 1551 1617 1605 Υἱοῦ
1668 1552 1779 1623 (69)

196 1634 295 1688 τοῦ
313 1636 476 1703 Θεοῦ,
507 1637 575 1691 τὰ
600 1640 891 1709 σύμπαντα
922 1640 1223 1695 διοικεῖται.
1266 1642 1428 1695 Ταῦτ’
1454 1639 1546 1696 οὖν
1569 1642 1657 1696 διὰ
1676 1641 1781 1695 τῶν

199 1728 643 1798 προεκτεθέντων
722 1730 1002 1795 ἐδίδασκε,
1067 1732 1377 1806 προῦτρεπέ
1432 1751 1489 1786 τε
1565 1733 1783 1805 ἔχεσθαι

198 1821 392 1885 αὐτοῦ,
425 1823 648 1891 φάσκων
671 1840 683 1853 ·
725 1824 864 1892 Ἐγὼ
894 1826 1035 1891 τοὺς
1062 1826 1167 1894 ἐμὲ
1194 1825 1523 1895 φιλοῦντας
1551 1824 1783 1896 ἁγαπῶσ

198 1916 255 1966 οι
297 1912 370 1966 δὲ
428 1915 533 1983 ἐμὲ
568 1915 879 1981 ζητοῦντες
907 1914 1299 1984 εὑρήσουσιν.
1339 1917 1673 1987 Ἀπέτρεπέν
1721 1934 1782 1969 τε

198 2006 300 2075 τῆς
328 2006 575 2068 ἐναντίας
593 2006 734 2060 ὀδοῦ.
760 2006 826 2059 δι’
851 2001 924 2059 ὧν
953 2008 1249 2078 ἐπήγαγεν,
1267 2008 1562 2076 Ἑμίσησα
1589 2006 1640 2059 δ’
1669 2007 1783 2077 ἐγὼ

198 2096 674 2166 διεστραμμέτάς
706 2096 884 2162 ὀδοὺς
906 2097 1126 2153 κακῶν.
1155 2098 1265 2151 Καὶ
1299 2097 1363 2170 δὴ
1383 2097 1554 2151 ταῦτα
1583 2096 1676 2150 καὶ
1715 2098 1784 2152 τὰ

200 2187 417 2250 τούτοις
462 2186 665 2257 ἀδελφὰ
704 2190 733 2241 ό
784 2187 875 2240 τοῦ
922 2186 1058 2240 Θεοῦ
1108 2188 1256 2250 Υἱὸς,
1292 2189 1452 2251 αὐτὸς
1489 2186 1595 2259 γὰρ
1639 2183 1705 2258 ἦν
1748 2190 1782 2258 ἡ

202 2279 378 2347 Σοφία
428 2279 578 2350 (70).
625 2280 1098 2351 διαστειλάμενος,
1133 2281 1259 2350 ἐξῆς
1305 2280 1417 2342 τοῖς
1480 2278 1546 2333 δι’
1606 2278 1783 2332 αὐτῶν

203 2369 680 2443 προωφελομένοις
724 2369 820 2440 τὴν
860 2368 1124 2441 μυστικὴν
1176 2369 1306 2439 περὶ
1338 2368 1531 2422 ἐαυτοῦ
1583 2368 1785 2437 γνῶσιν

200 2461 536 2533 παραδίδωσι
586 2460 817 2529 λέγων,ι
842 2462 966 2521 Ἐἆν
1014 2462 1317 2530 ἁναγγείλω
1366 2461 1492 2531 ὑμῖν
1539 2461 1609 2514 τὰ
1662 2461 1782 2515 καθ’

200 2556 422 2626 ἡμέραν
461 2555 789 2625 γιγνόμενα,
833 2554 1189 2627 μνημονεύσω
1232 2552 1303 2606 τὰ
1343 2552 1402 2617 ἐξ
1438 2551 1628 2614 αἰῶνος
1666 2552 1785 2623 ἀρι-

204 2647 433 2719 θμῆσαι.
463 2667 481 2699 ι
510 2648 570 2699 Ei
619 2647 727 2719 γὰρ
780 2648 1047 2718 μέλλοιμι,
1088 2646 1282 2717 φησὶν,
1308 2644 1377 2698 τὰ
1421 2645 1507 2715 ἐφ’
1551 2644 1784 2713 ἑκάστης

201 2743 422 2815 ἡμέρας
448 2743 539 2795 ὑπ’
570 2741 704 2813 ἐμοῦ
732 2740 1075 2812 πραττόμενα
1103 2739 1371 2792 διδάσκειν
1392 2777 1406 2801 ,
1441 2735 1652 2804 ἀνάγκη
1692 2735 1785 2787 καὶ

202 2838 318 2889 τῶν
361 2833 423 2899 ἐξ
472 2835 645 2906 ἀρχῆς
703 2832 795 2886 τοῦ
848 2830 1050 2893 παντὸς
1101 2828 1294 2892 αίῶνος
1321 2827 1495 2898 ἔργων
1545 2824 1784 2897 ἐμαυτοῦ

207 2926 605 2997 μνημονεῦσαι,
646 2926 739 2978 καὶ
770 2924 1138 2995 παραστῆσαι,
1167 2922 1241 2984 ὼς
1268 2920 1361 2973 ἐπὶ
1407 2919 1581 2989 τούτῳ
1637 2934 1704 2988 με
1758 2920 1786 2970 6

202 3020 480 3088 γεννήσας
513 3018 701 3089 Πατὴρ
728 3018 917 3087 ἄρχειν
939 3015 1045 3067 τῶν
1061 3015 1197 3067 ὅλων
1230 3013 1584 3082 κατέστησεν,
1628 3010 1713 3080 ἐφ’
1742 3002 1787 3076 ᾧ

202 3128 260 3164 τε
300 3110 550 3181 ἡγεῖσθαι
576 3109 682 3163 τῶν
708 3109 840 3161 ὁδῶν
863 3106 1050 3167 αὑτοῦ,
1086 3106 1177 3158 καὶ
1215 3104 1321 3158 τῶν
1381 3105 1472 3157 ὑπ’
1506 3101 1670 3156 αὐτοῦ
1718 3102 1786 3154 δι’

203 3204 343 3274 ἐμοῦ
374 3201 758 3273 πεποιημένων
780 3200 976 3271 ἔργων.
1006 3198 1097 3250 Διὸ
1127 3195 1432 3258 ἀκολούθως
1470 3195 1661 3263 ἐπάγει
1704 3193 1782 3258 τὸ,

203 3297 422 3363 Κύριος
449 3294 650 3348 ἕκτισέ
674 3310 749 3362 με
774 3290 971 3360 ἀρχὴν
993 3287 1148 3344 ὁδῶν
1175 3287 1360 3342 αὐτοῦ
1377 3326 1391 3349 ,
1420 3288 1507 3351 εἰς
1540 3286 1611 3338 τὰ
1644 3284 1788 3353 ἔργα

202 3388 415 3452 αὑτοῦ,
445 3387 500 3459 ἦ,
538 3388 751 3454 Κύριος
768 3383 1066 3449 ὲκτήσατό
1088 3398 1184 3449 με,
1212 3378 1353 3433 κατὰ
1391 3378 1487 3449 τὴν
1514 3376 1790 3431 ἀποδοθεί-

206 3498 308 3534 σαν
340 3479 658 3550 ἑρμηνείαν.
683 3476 756 3529 T6
783 3476 890 3547 γὰρ
926 3476 1066 3546 μέγα
1100 3474 1283 3544 κτῆμα
1309 3471 1403 3525 τοῦ
1452 3470 1587 3525 Θεοῦ
1621 3473 1649 3523 6
1691 3487 1786 3539 μο-

202 3571 429 3641 νογενὴς
457 3571 581 3633 Υἱὸς
609 3566 698 3639 ἦν,
730 3567 864 3622 καθὸ
899 3569 995 3637 μὲν
1035 3566 1091 3632 ἐξ
1136 3563 1299 3618 αὑτοῦ
1325 3562 1634 3632 γεγέννητο,
1663 3560 1790 3623 Υἱὸς

205 3661 283 3712 ὢν
310 3660 475 3715 αὐτοῦ
496 3678 509 3691 ⁸
546 3661 681 3714 καθὸ
714 3661 771 3713 δὲ
812 3662 924 3722 τοῖς
958 3660 1121 3711 πᾶσιν
1171 3654 1501 3723 κοινωφελὴς
1536 3652 1631 3706 καὶ
1682 3670 1779 3705 σω-

204 3752 397 3819 τήριος
424 3751 749 3821 καθέστηκε,
767 3751 829 3804 τὸ
853 3748 1107 3820 μέγιστον
1129 3746 1223 3799 καὶ
1251 3743 1577 3813 τιμιώτατον
1604 3742 1703 3811 κτῆ
1714 3759 1791 3811 μα

204 3839 301 3892 τοῦ
324 3840 536 3911 [ἰατρὸς
570 3841 827 3911 ὑπάρχων
861 3856 919 3892 τε
952 3838 1046 3891 καὶ
1072 3834 1473 3906 ὠνομασμένος.
1513 3833 1646 3887 Οὑδέ
1680 3832 1789 3904 γὰρ

204 3932 334 3988 ἄλλο
358 3935 629 4000 τιγένοιτ⁹
665 3932 730 3986 ἂν
784 3932 980 4002 πατέρι
1039 3929 1154 3983 υἱοῦ
1212 3929 1533 4000 τιμίωτερον
1583 3927 1786 3996 κτῆμα.

210 4018 406 4072 Ἔνθεν
441 4020 533 4085 καὶ
559 4020 586 4071 6
613 4018 1034 4089 πρωτόπλαστος
1082 4018 1270 4088 Ἀδὰμ,
1314 4019 1402 4071 ὅτε
1454 4017 1546 4069 τὸν
1595 4017 1652 4068 ἐν
1697 4016 1789 4068 ἁν-

206 4110 452 4181 θρὼποις
506 4110 721 4179 πρῶτον
781 4111 895 4163 υἱὸν
945 4112 1256 4180 ἐκτήσατο,
1304 4108 1494 4179 ἐλέχθη
1550 4108 1642 4160 καὶ
1701 4108 1787 4159 ἐπ’

207 4202 422 4271 ἐκείνῳ,
439 4188 822 4269 Ἔκτησάμην
846 4202 1159 4269 ἄνθρωπον
1195 4202 1293 4254 διὰ
1338 4200 1442 4253 τοῦ
1484 4198 1630 4252 Θεοῦ
1650 4216 1661 4227 ·
1692 4200 1789 4267 τῆς

218 4291 523 4364 Ἐϐραῖκῆς
560 4292 741 4362 φωνῆς
808 4292 929 4345 ἀντὶ
986 4292 1104 4355 τοῦ,
1152 4289 1524 4360 ἐκτησάμην,
1564 4290 1787 4342 nar-idet

208 4382 589 4457 περιεχούσης.
626 4384 698 4435 Τὸ
720 4383 797 4449 δὲ,
832 4380 1152 4446 ἐκτήσατο,
1175 4380 1330 4434 κάνα
1347 4381 1474 4451 παρ’
1520 4378 1789 4450 Ἑϐραίοις

206 4479 553 4546 ἐκφωνεῖται.
613 4474 799 4537 Οῦτως
821 4468 912 4526 οὖν
962 4472 1053 4526 ἐπὶ
1104 4470 1197 4523 τοῦ
1257 4470 1509 4541 ’Λϐραὰμ
1551 4468 1785 4539 εἴρηται,

1813 3241 1856 3299 C

1883 636 2334 692 ministrationem
2404 637 2643 690 omnium
2696 646 2753 691 et
2803 637 3195 706 providentiam
3226 654 3241 693 :
3272 645 3457 703 utpote

1880 730 1970 799 qui
1998 728 2170 797 Λόγος
2218 738 2383 790 esset.
2412 726 2710 796 Sapientia,
2748 730 2880 794 vita,
2923 730 3102 783 omnis
3128 728 3254 783 boni
3292 738 3456 797 atque

1881 821 2089 889 pulchri
2120 820 2395 889 plenitudo
2420 836 2435 874 :
2463 835 2570 889 quo
2598 835 2696 890 per
2724 836 2846 873 eum
2875 822 3249 892 gubernentur
3268 821 3452 874 omnia

1880 922 1934 968 et
1959 922 2368 968 conserventur.
2408 911 2521 966 Hoc
2553 914 2728 980 ipsum
2771 913 2822 966 in
2863 924 2987 967 ante
3020 913 3211 983 positis
3256 914 3453 967 divinis

1879 1004 2114 1059 oraculis
2146 1005 2399 1059 indicavit
2431 1005 2564 1074 ipse,
2603 1004 2889 1074 inquiens:
2926 1002 3029 1057 Per
3078 1021 3160 1058 me
3200 1020 3341 1074 reges
3374 1020 3453 1057 re-

1880 1104 2062 1166 gnant,
2103 1106 2151 1149 et
2198 1105 2431 1165 potentes
2470 1096 2739 1165 justitiam
2796 1096 3141 1149 determinant
3180 1111 3200 1150 :
3232 1112 3325 1163 per
3373 1112 3451 1147 nte

1880 1195 2150 1257 magnates
2169 1185 2601 1256 magniﬁcautur,
2618 1198 2665 1240 et
2687 1187 2950 1256 principes
2971 1203 3062 1255 per
3076 1203 3155 1241 me
3174 1187 3453 1241 dominan-

1881 1287 1969 1328 tur
2007 1284 2160 1329 terra:
2177 1274 2218 1330 °.
2271 1273 2429 1330 Modo
2474 1276 2654 1345 itaque
2701 1274 3063 1344 inexplicabili
3101 1290 3194 1343 per
3232 1274 3448 1343 sapien-

1883 1366 2011 1419 tiam
2085 1364 2229 1418 illam
2303 1373 2358 1419 et
2415 1365 2811 1433 providentiam
2894 1364 3251 1418 universalem
3326 1364 3453 1419 Filii

1883 1458 1997 1521 Dei,
2047 1458 2298 1512 universa
2347 1457 2818 1512 administrantur.
2878 1456 3005 1511 Haec
3046 1471 3146 1511 nos
3197 1457 3251 1510 in
3300 1458 3451 1525 prius

1880 1549 2072 1620 positis
2110 1549 2326 1604 edocuit
2356 1566 2369 1603 :
2399 1551 2753 1618 hortaturque
2799 1559 2857 1602 ut
2897 1550 2965 1604 ab
3007 1549 3097 1604 illo
3146 1549 3450 1619 dependea-

1883 1657 2052 1696 mus:
2090 1639 2202 1710 Ego
2262 1642 2432 1706 enim,
2494 1640 2700 1710 inquit,
2784 1640 3057 1710 diligentes
3123 1656 3204 1694 me
3267 1640 3448 1708 diligo.

1887 1739 1945 1797 ὦ
1985 1733 2090 1798 Qui
2120 1749 2200 1788 me
2231 1745 2496 1802 quierunt,
2529 1734 2783 1787 invenient
2806 1735 2849 1787 ⁷.
2882 1734 2924 1787 Α
2963 1718 3234 1789 contraria
3262 1749 3453 1788 rursus

1886 1826 1966 1878 via
2002 1842 2101 1880 nos
2143 1826 2360 1891 avertit,
2402 1826 2490 1880 ubi
2524 1826 2694 1890 addit,
2726 1824 2835 1895 Ego
2872 1826 2994 1879 adio
3019 1824 3177 1878 habui
3210 1825 3317 1878 vias
3350 1827 3452 1876 im-

1884 1920 2090 1986 piorum
2130 1935 2396 1983 perversos
2420 1917 2460 1971 ⁸.
2489 1917 2614 1973 Hinc
2654 1926 2709 1971 et
2753 1918 2837 1973 bis
2879 1918 3075 1971 similia
3132 1918 3247 1984 ipse
3284 1916 3455 1970 Filius

1889 2010 2005 2075 Dei,
2036 2011 2149 2079 ipse
2190 2009 2392 2065 etenim
2432 2008 2708 2079 Sapientia
2739 2020 2878 2073 erat,
2911 2010 2962 2062 in
2988 2009 3254 2064 mandatis
3280 2007 3449 2063 dedit.

1883 2103 2057 2170 Atque
2090 2103 2164 2156 ita
2215 2102 2268 2155 in
2331 2103 2680 2172 sequentibus
2726 2101 3008 2171 mysticam
3049 2103 3129 2155 sui
3186 2101 3452 2169 cognitio-

1885 2207 2008 2248 nem
2041 2193 2202 2248 tradit
2229 2194 2293 2247 iis
2316 2194 2511 2263 quibus
2528 2196 2677 2263 prius
2707 2193 3000 2261 profuerat,
3027 2193 3274 2260 inquiens
3301 2210 3314 2246 :
3346 2209 3365 2241 ι
3392 2190 3449 2243 Si

1884 2284 2281 2340 annuntiavero
2308 2283 2462 2340 vobis
2499 2300 2618 2353 quae
2642 2285 2709 2339 de
2732 2285 2818 2339 die
2854 2284 2904 2337 in
2931 2284 3072 2338 diem
3105 2283 3327 2345 ﬁebant,
3356 2282 3452 2336 ne-

1884 2391 2040 2432 cesse
2065 2385 2225 2432 estut
2246 2391 2562 2431 enumerem
2585 2392 2705 2444 quae
2735 2393 2765 2430 a
2800 2376 2997 2431 saeculo
3029 2389 3456 2431 commemoran-

1887 2479 2026 2525 tur.»
2055 2470 2165 2524 Hoc
2183 2477 2289 2535 est,
2317 2471 2360 2522 si
2383 2484 2475 2523 vos
2492 2468 2649 2521 velim
2677 2468 2871 2522 docere
2893 2468 2980 2522 illa
3008 2484 3125 2537 qua!
3156 2482 3186 2520 a
3219 2482 3303 2523 me
3321 2483 3455 2537 quo-

1887 2560 2016 2616 tidie
2067 2562 2235 2622 ﬁunt,
2302 2574 2521 2614 necesse
2574 2570 2657 2615 est
2697 2567 2763 2625 ,ut
2807 2559 2958 2614 vobis
3000 2559 3251 2627 replicem
3290 2574 3452 2629 opera

1886 2667 2003 2706 mea
2040 2651 2106 2706 ab
2131 2651 2285 2706 initio
2307 2650 2650 2716 saeculorum,
2674 2651 2800 2705 et‘in
2825 2651 3144 2704 memoriam
3184 2666 3453 2715 revocem,

1886 2742 2028 2810 quod
2070 2757 2155 2795 me
2187 2740 2346 2795 Pater
2368 2741 2459 2809 qui
2485 2742 2688 2810 genuit,
2722 2742 3010 2797 constituit
3040 2742 3325 2796 Dominum
3362 2760 3457 2797 suo

1887 2848 1983 2903 per
2031 2834 2253 2887 omnia:
2283 2842 2339 2887 ut
2379 2834 2452 2887 ita
2502 2833 2716 2901 praesim
2756 2848 2858 2904 ego
2893 2833 2995 2888 viis
3019 2833 3227 2901 ipsius,
3275 2843 3329 2887 ct
3365 2834 3457 2887 im-

1889 2940 2069 2996 perem
2120 2927 2376 2997 operibus
2427 2925 2544 2994 ejus
2592 2940 2686 2994 per
2746 2941 2833 2981 me
2879 2926 3134 2980 conditis.
3188 2924 3471 2991 Quocirca,

1887 3030 2282 3086 consequenter
2308 3018 2509 3083 intulit,
2540 3017 2795 3072 Dominus
2819 3018 3011 3071 creavit
3036 3034 3116 3071 me
3143 3016 3457 3085 principium

1888 3107 2095 3161 viarum
2115 3124 2331 3161 suarum
2352 3107 2420 3160 ad
2448 3123 2603 3176 opera
2628 3123 2749 3162 sua.
2785 3108 2914 3169 Aut,
2941 3105 3235 3159 secundum
3264 3118 3460 3172 reprae-

1890 3208 2156 3254 sentatam
2214 3199 2714 3269 interpretationem
2737 3237 2753 3262 ,
2786 3197 3045 3251 Dominus
3094 3196 3321 3265 possedit
3357 3210 3455 3251 me.

1889 3291 2078 3360 Magna
2113 3289 2378 3359 siquidem
2418 3290 2510 3343 Dei
2552 3290 2826 3359 possessio
2853 3330 2866 3349 .
2919 3300 3035 3344 erat
3064 3288 3231 3342 Filius
3273 3288 3461 3356 unige-

1889 3382 2035 3435 nitus
2068 3400 2081 3436 :
2118 3396 2184 3436 eo
2210 3382 2351 3449 quod
2384 3396 2448 3435 ex
2478 3383 2595 3450 ipso
2621 3383 2833 3451 genitus
2852 3381 3021 3436 Filius
3054 3388 3173 3434 erat
3202 3380 3320 3448 ejus
3352 3394 3367 3432 :
3396 3396 3461 3433 eo

1888 3484 2067 3525 autem
2096 3474 2238 3541 quod
2278 3472 2529 3525 omnibus
2568 3471 2857 3541 proﬁciens
2889 3480 2943 3525 et
2970 3471 3198 3525 salutem
3226 3468 3461 3524 aﬂ'ercns

1888 3564 2342 3626 constituebatur,
2394 3563 2629 3617 maxima
2685 3572 2739 3617 et
2796 3574 2915 3617 erat
2966 3574 3020 3616 et
3077 3561 3461 3616 nominabatur

1890 3658 2158 3724 possessio
2206 3655 2288 3710 sui
2340 3655 2538 3711 Patris.
2566 3653 2750 3723 Neque
2784 3656 2927 3708 enim
2967 3655 3104 3724 patri
3156 3652 3327 3722 magis
3376 3651 3464 3704 bo-

1890 3748 2145 3802 norabilis
2185 3756 2239 3803 et
2285 3758 2439 3817 grata
2486 3747 2773 3818 contigerit
2826 3746 3095 3816 possessio
3122 3786 3136 3810 ,
3174 3760 3337 3813 quam
3379 3751 3464 3795 est

1897 3838 2058 3893 ﬁlius.
2103 3840 2254 3895 Unde
2293 3851 2348 3895 et
2394 3841 2566 3893 Adam
2604 3840 2694 3894 ille
2738 3838 3104 3907 proleplastes
3130 3879 3145 3901 ,
3187 3850 3310 3891 cmn
3354 3835 3463 3903 pri-

1889 3948 2034 3986 mum
2068 3932 2381 4000 possederat
2433 3932 2645 3994 ﬁlium,
2697 3942 2749 3983 ut
2816 3932 2974 3983 bmno
3021 3930 3194 3991 dixit,
3246 3926 3461 3981 Possedi

1890 4022 2150 4075 hominem
2198 4040 2227 4073 a
2260 4021 2364 4075 Deo
2390 4024 2433 4076 ⁹.
2484 4022 2582 4077 Ubi
2630 4023 2680 4075 iu
2728 4021 2952 4074 llebrteo
2981 4031 3063 4074 est
3096 4034 3191 4088 pro
3233 4016 3460 4086 possedi,

1890 4111 2087 4164 cunitlii
2131 4126 2150 4163 :
2181 4121 2233 4165 et
2270 4127 2368 4179 pro
2402 4114 2654 4178 possedit,
2700 4128 2854 4167 cana.
2905 4109 2994 4165 Sic
3043 4112 3108 4164 de
3151 4109 3462 4167 Abrabatno

1891 4213 2179 4270 nsurpatur
2201 4221 2212 4257 :
2237 4203 2371 4272 Ager
2394 4220 2543 4271 quem
2575 4205 2803 4271 possedit
2835 4201 3205 4266 Abroltam;iu
3240 4198 3462 4254 Hebraeo

1890 4307 1970 4350 est
2012 4312 2167 4361 cana,
2197 4311 2316 4363 qua:
2349 4307 2432 4350 est
2461 4296 2648 4349 eadem
2681 4310 2785 4348 vox
2813 4304 3069 4364 usurpata
3099 4294 3173 4358 in,
3205 4292 3462 4346 Dominus

1888 4388 2117 4455 possedit
2168 4402 2249 4441 me
2299 4388 2616 4457 principium
2672 4388 2874 4441 viarum
2928 4401 3144 4440 suarum
3194 4384 3262 4437 ad
3304 4397 3463 4450 Opera

1890 4493 2008 4531 sua.
2063 4475 2213 4532 Unde
2240 4492 2363 4531 cum
2401 4478 2597 4533 ibidem
2638 4493 2737 4531 vos
2773 4493 2905 4531 cana
2953 4476 3054 4540 sit,
3092 4473 3467 4544 conspiranter

208 4572 312 4625 τόν
339 4572 525 4640 ἀγρὸν
582 4570 655 4624 ὂν
711 4568 1011 4637 ἐκτήσατο
1061 4566 1327 4635 Ἀϐραὰμ,
1364 4563 1478 4617 ἀνθ’
1512 4556 1575 4616 οὗ
1608 4562 1669 4615 τὸ
1706 4562 1783 4614 Ἐ-

1892 4584 2083 4623 omnes
2131 4570 2415 4624 reddidere
2463 4571 2794 4640 interpretes
2851 4567 3103 4635 possedit.
3157 4564 3290 4620 Illud
3335 4578 3467 4617 vero

203 4666 430 4738 ϐραῖκὺν
461 4664 615 4719 mira
638 4662 912 4735 περιέχει·
946 4662 1047 4731 τῆς
1080 4660 1249 4730 αὐτῆς
1291 4657 1492 4722 λέξεως
1527 4654 1785 4726 κειμένης

204 4758 337 4827 παρ’
373 4756 640 4827 Ἑϐραίοις
663 4757 753 4809 καὶ
782 4758 839 4807 ἐν
866 4752 965 4823 τῷ,
1000 4754 1216 4819 Κύριος
1260 4750 1461 4803 ἐκτισέ
1488 4766 1563 4817 με
1590 4747 1785 4815 ἀρχὴν

202 4847 362 4903 ὁδῶν
385 4848 572 4901 αὑτοῦ
592 4850 679 4912 εἰς
706 4848 849 4915 ἔργα
862 4845 1069 4900 αὐτοῦ.
1087 4844 1198 4897 Καὶ
1214 4839 1446 4895 ἐνταῦθα
1467 4839 1575 4911 γὰρ
1592 4839 1785 4909 κειμέ-

203 4956 301 5009 νης
324 4941 425 5008 τῆς
454 4940 608 4994 κάνα
637 4940 854 5007 λέξεως,
877 4938 958 5002 τὸ,
982 4936 1303 5005 ἐκτήσατο.
1332 4933 1531 4999 πάντες
1557 4930 1783 5001 συμφώ-

204 5048 312 5094 νως
340 5032 698 5085 ἐκδεδώκασιν
721 5034 767 5085 οἱ
817 5029 1179 5102 ἐρμτινευταίο
1220 5027 1281 5079 τὸ
1327 5025 1382 5078 δὲ
1420 5024 1555 5093 (7|),
1578 5022 1783 5077 ἔκτισε

1892 4661 2163 4725 condidit,
2221 4662 2464 4731 rejicitur
2518 4666 2587 4716 ab
2640 4662 2901 4725 Hebraeis,
2960 4675 3059 4713 nec
3107 4659 3158 4711 in
3213 4655 3467 4727 praesenti

1891 4751 2156 4819 scriptura
2189 4754 2471 4823 reperitur.
2512 4753 2814 4806 Plurimum
2864 4767 2995 4804 vero
3042 4748 3223 4804 dilI’ert
3259 4748 3465 4811 ἔκτισε,

1891 4844 2086 4897 creavit
2148 4853 2201 4898 et
2251 4846 2554 4915 ἐκτήσατο,
2585 4844 2811 4913 possedit
2841 4859 2859 4898 :
2887 4859 3009 4897 cum
3039 4842 3165 4896 illud
3199 4839 3469 4908 signiticet

1892 4935 2163 4988 communi
2201 4936 2441 5001 notione,
2476 4946 2853 4991 creaturarum
2881 4945 3222 5002 processum,
3255 4928 3321 4982 de
3360 4942 3465 4980 non

1892 5040 2010 5081 esse
2058 5029 2126 5081 ad
2180 5028 2477 5083 subsistere
2522 5046 2533 5081 :
2576 5030 2678 5082 hoc
2732 5042 2859 5080 vero
2910 5024 2985 5078 rei
3040 5018 3468 5094 prmexsistentis

279 5199 340 5258 vis
370 5193 468 5247 Ed.
500 5190 694 5260 Paris.,
726 5208 845 5263 pag.
881 5191 1003 5248 155.
1082 5190 1102 5220 ⁸
1132 5190 1285 5244 Prov.
1316 5202 1433 5251 vm,
1471 5184 1557 5246 15,
1597 5182 1680 5236 16.
1757 5184 1775 5214 ⁷

1886 5182 2048 5236 1117.
2126 5182 2147 5213 ⁸
2185 5182 2309 5236 ibid.
2343 5182 2433 5237 20.
2509 5185 2528 5215 ⁹
2565 5183 2699 5238 Gen.
2738 5198 2811 5247 tv,
2840 5182 2888 5235 1.
2942 5207 2960 5224 ο

418 5367 585 5449 gul-go
618 5367 935 5449 παρίστησι.

278 5437 393 5577 (69)
424 5437 589 5508 Vulgo
623 5437 732 5493 mn.
765 5437 882 5495 τοῦ.

278 5510 370 5577 (70
429 5509 597 5576 Vulgo
635 5512 663 5562 6
695 5509 882 5562 διατιλι

276 5509 393 5583 (7ο)
423 5509 597 5583 Wst)
635 5512 663 5562 ὁ
695 5509 1097 5583 ἕιαῖιλάμενοςο

276 5578 389 5651 (71)
410 5581 670 5652 Ἕκτισε.
692 5578 1102 5652 δίοῄιρειιιιιίυηι,
1119 5594 1214 5646 pro
1226 5579 1367 5652 vulg.
1389 5578 1778 5652 ἐκτησε.1ἶεοιε

204 5648 469 5707 Eusebius
499 5649 572 5702 ait
604 5648 886 5717 legendum
916 5648 1001 5703 bic
1042 5651 1293 5715 possedit,
1312 5648 1485 5705 etnon
1507 5648 1773 5704 'coudidit.

205 5719 361 5777 Libet
390 5720 685 5782 ascribere,
715 5735 835 5786 quae
861 5719 1027 5773 Basil.
1072 5720 1232 5773 habet
1272 5722 1362 5772 lib.
1403 5736 1461 5781 ιι,
1490 5730 1627 5774 cont.
1664 5718 1776 5771 Eu-

205 5807 348 5875 stom.
394 5787 621 5875 ἘγὼΜδέ
650 5790 822 5875 πολλα
868 5789 1006 5860 ἔχων
1034 5791 1216 5875 ,εἰπεῖν
1275 5790 1401 5863 περὶ
1440 5792 1547 5875 ,τῆς
1594 5788 1778 5875 eripvi};

204 5860 427 5933 ταύτης,
450 5859 581 5930 μηδέ
596 5862 770 5914 ἐκεῖνο
795 5859 1053 5934 ἀπαρασή
1064 5878 1257 5931 μαντον
1300 5859 1625 5930 καταλείψω.
1655 5861 1776 5911 Ὅτι

1892 5369 2039 5422 ἄλλοι
2070 5367 2177 5421 τῶν
2226 5366 2530 5439 ἑρμηνέων,
2552 5366 2631 5439 ὀἱ
2684 5355 3157 5439 καιριώτερονιτῆς
3198 5352 3470 5439 σημμσίας

1884 5439 1994 5493 τῶν
2034 5423 2336 5519 Ἐϐραῖκῖὶν
2359 5423 2740 5519 καθικόμενοι,
2779 5423 3070 5519 ξέκτησατό.
3100 5423 3167 5510 με
3210 5423 3357 5519 fut-1A
3363 5423 3469 5519 :05

1885 5458 1994 5493 των
2051 5458 2127 5492 LO
2168 5458 2336 5492 αικων
2374 5458 2740 5519 καυικομενυι,
2788 5458 3070 5515 ιιιτηυυινιυ.
3100 5458 3167 5510 μί.
3210 5458 3331 5477 νυ...
3387 5458 3469 5473 ω...

1885 5510 2097 5581 ἔκτισεν
2132 5458 2497 5581 ἕκδεδῴκασιν
2516 5523 2530 5535 ·
2562 5520 2698 5581 οπερ
2732 5501 3193 5581 μέγιῡστονβυτοις
3216 5491 3471 5581 ἐμπόδιρν

1886 5561 2218 5651 etiam;
2243 5561 2355 5651 av
2392 5561 2744 5651 βλεστρημίαδ
2778 5561 2876 5651 25°35
2922 5568 3221 5651 κείεμαξος
3242 5561 3260 5651 ;’
3295 5561 3469 5651 iis?

1886 5632 2425 5720 εἰτὲῶὴηξκτησᾶμην
2443 5632 2746 5720 Δἄνθρωπον
2774 5640 2862 5695 διὰ
2884 5639 2978 5720 τοῦ
3020 5632 3176 5720 Θεοῦ,
3201 5632 3324 5705 οὐχ).
3350 5632 3467 5720 κᾲτιί-

1888 5702 1993 5784 σας
2008 5702 2295 5784 edition,
2320 5702 2467 5772 ’ἀλλὰ
2501 5702 2787 5785 γεννήσας,
2822 5710 2995 5785 ταύτῃ
3032 5702 3299 5779 φαίνεται
3330 5702 3467 5774 χρή-

1888 5809 2117 5861 σαμενος
2136 5794 2201 5861 τῇ
2226 5792 2396 5860 φωνῇ.
2438 5786 2506 5840 Μ.
