3970 6552
512 476 516 480 “
553 513 655 571 979
1220 476 1503 566 EUSEBIIV
1528 502 2006 563 casammsns
2042 505 2080 560 ο

2167 515 2191 557 ’.
2233 503 2414 559 PARS
2452 503 2538 559 ιν.
2581 536 2650 545 ——
2691 502 3112 562 DOGMATICA.
3446 560 3451 565 .
3655 506 3735 565 980

557 632 949 705 possessionem
978 670 993 695 ,
1042 640 1097 684 et
1147 629 1529 698 pr0prietatem
1562 626 1892 696 peculiarem
1951 624 2123 693 possi-

2165 631 2197 683 Α
2228 622 2628 693 παραλέλεκται
2694 625 2821 693 παρ’
2863 622 3154 693 Ἑϐραίοις,
3208 620 3341 692 ὅπερ
3393 620 3452 674 ού
3489 622 3641 675 κεῖται
3665 624 3733 675 ἰπὶ

557 727 750 781 dentis.
785 724 1036 793 lnquiens
1064 722 1184 777 ideo
1217 722 1309 777 Dei
1342 719 1546 786 Filius,
1589 718 1842 772 Dominus
1892 717 2122 771 condidit

2224 717 2323 785 τῆς
2384 716 2751 787 προκειμένης
2801 716 3039 786 γραφῆς.
3097 714 3325 784 Πλείστη
3384 715 3428 767 δ’
3472 714 3532 767 ἂν
3573 714 3739 782 γένοιτο

554 835 636 871 me
665 817 978 885 principium
1008 814 1217 869 uiarum
1247 829 1469 866 suarum
1503 812 1573 865 ad
1606 828 1763 880 opera
1802 828 1931 876 sua,
1962 811 2122 866 simul

2223 807 2339 874 τοῦ,
2371 809 2592 873 ἔκτισε,
2619 808 2712 862 καὶ
2742 806 2860 870 τοῦ,
2892 805 3208 872 ἐκτήσατο,
3238 805 3459 877 διαφορὰ
3480 806 3551 876 τῷ
3563 806 3646 875 τὴν
3665 805 3739 876 μὲν

553 918 611 961 et
637 908 756 978 ejus
786 907 989 961 indicat
1024 905 1522 975 praeexsistentiam
1545 940 1561 968 ,
1610 913 1665 958 et
1704 905 2026 973 peculiarem
2057 903 2121 957 ad

2224 902 2399 955 κτίσιν
2418 900 2559 956 κατὰ
2583 902 2681 973 τὴν
2714 900 3025 971 κοινοτέραν
3048 900 3307 965 διάνοιαν,
3334 899 3427 970 τὴν
3454 900 3513 951 ἐκ
3553 899 3633 952 τοῦ
3681 900 3737 969 μὴ

552 1001 771 1059 Patrem
820 1000 1247 1072 proprietatem;
1293 1012 1500 1052 necnon
1551 996 1837 1050 utilitatem
1869 1001 1926 1057 ᾖ
1958 1010 2120 1064 quam

2221 995 2372 1057 ὄντος
2405 996 2485 1057 εἰς
2515 994 2576 1047 τὸ
2597 988 2736 1046 εἶναι
2772 993 3001 1065 πάροδον
3039 992 3350 1062 σημαίνειν·
3378 990 3471 1062 τὴν
3493 990 3545 1042 δὲ
3568 990 3736 1060 κτῆσιν,

553 1098 777 1159 paterna
818 1090 935 1158 ejus
981 1104 1145 1160 opera
1177 1127 1192 1153 ,
1245 1088 1312 1143 de
1362 1087 1506 1142 illius
1551 1087 2019 1140 administratione
2069 1095 2121 1140 et

2222 1085 2316 1138 τοῦ
2344 1086 2791 1157 προϋπάρχοντος
2837 1084 3141 1148 ἰδιάζουσαν
3181 1083 3481 1151 οἰκειότητα
3523 1083 3640 1153 πρὸς
3670 1082 3738 1133 τὸν

554 1184 893 1252 providentia
924 1192 1245 1254 perceptura
1278 1191 1436 1237 erant
1478 1199 1492 1237 :
1535 1181 1657 1235 inde
1686 1191 1735 1235 et
1773 1178 1956 1246 infert,
1987 1178 2122 1232 Ante

2220 1177 2514 1247 κτώμενον.
2571 1177 2758 1244 Λέγων
2790 1176 2968 1229 τοίνυν
3001 1178 3029 1229 ό
3068 1176 3197 1238 Υἱὸς
3230 1173 3324 1227 τοῦ
3355 1173 3483 1227 Θεοῦ
3532 1174 3603 1234 τὸ,
3646 1174 3738 1226 Κύ-

551 1274 745 1330 swcula
777 1276 1014 1345 {undavit
1040 1291 1143 1329 me.
1180 1273 1248 1328 In
1282 1274 1541 1342 principio
1576 1275 1880 1341 priusquam
1926 1282 2119 1324 terram

2214 1288 2344 1335 ριος
2369 1269 2571 1323 ἑκτισέ
2580 1287 2655 1338 με
2680 1269 2876 1339 ἀρχὴν
2904 1268 3059 1323 ὁδῶν
3080 1268 3266 1323 αὐτοῦ
3297 1270 3383 1333 εἰς
3416 1268 3550 1336 ἔργα
3571 1265 3738 1333 αὐτοῦ,

551 1374 741 1440 faceret
764 1412 779 1436 ,
804 1381 1081 1440 antequam
1108 1367 1396 1436 prodierint
1430 1366 1600 1434 [antes
1619 1377 1918 1434 aquarum:
1947 1363 2119 1431 prius-

2219 1362 2353 1432 ὁμοῦ
2414 1364 2508 1415 καὶ
2571 1363 2669 1433 τὴν
2728 1363 3072 1433 προύπαρξιν
3113 1360 3276 1413 αὐτοῦ
3324 1359 3501 1431 ἐδήλου
3554 1358 3634 1412 καὶ
3664 1357 3739 1429 τὴν

549 1480 707 1533 quam
740 1473 938 1515 montes
973 1458 1355 1519 stabilirentur,
1402 1466 1524 1509 ante
1549 1471 1724 1509 omnes
1764 1453 1921 1507 colles
1940 1453 2117 1522 genuit

2223 1455 2527 1518 ἰδιάζουσαν
2563 1455 2699 1525 πρὸς
2754 1454 2844 1506 τὸν
2878 1453 3095 1524 Πατέρα
3137 1451 3439 1521 οἰκειότητα
3464 1492 3478 1513 ,
3519 1448 3639 1519 ὁμοῦ
3669 1449 3740 1502 καὶ

550 1571 632 1609 me
667 1554 733 1608 ¹⁰.
764 1552 968 1620 Quibus
991 1550 1219 1619 singulis
1248 1548 1583 1610 declaratur,
1626 1562 1789 1615 quam
1841 1545 2003 1600 fuerit
2034 1545 2118 1599 ille

2218 1544 2279 1597 τὸ
2303 1546 2570 1616 χρήσιμον
2598 1544 2691 1596 καί
2720 1545 3010 1612 ἀναγκαῖον
3028 1543 3124 1613 τῆς
3155 1542 3379 1604 οἰκείας,
3406 1540 3525 1612 περὶ
3561 1538 3620 1592 τὰ
3662 1554 3740 1591 παι

551 1644 698 1698 utilis
741 1653 795 1698 et
840 1641 1175 1697 necessarius
1222 1654 1402 1693 rerum
1437 1638 1775 1692 universitati
1815 1655 1830 1691 ε
1865 1639 2119 1693 docetur-

2219 1639 2368 1709 τρῴα
2403 1638 2559 1710 ἔργα,
2614 1637 2871 1708 προνοίας
2934 1654 2993 1689 τε
3025 1636 3118 1688 καὶ
3159 1635 3489 1706 διοικήσεως.
3536 1632 3617 1684 Διὸ
3644 1631 3740 1700 ἑξῆς

547 1749 653 1803 que
680 1732 819 1804 quod
844 1738 1050 1795 eterat,
1075 1739 1129 1784 et
1150 1737 1277 1783 ante
1306 1739 1446 1791 erat,
1471 1737 1523 1782 et
1557 1738 1681 1782 ante
1710 1729 1965 1781 mundum
1995 1728 2113 1782 uni-

2219 1733 2433 1802 ἐπάγει,
2482 1731 2601 1799 Πρό
2628 1730 2734 1783 τοῦ
2758 1728 2973 1794 αἰῶνος
3009 1726 3366 1797 ἐθεμελίωσέ
3393 1743 3466 1795 με
3484 1742 3496 1754 '
3527 1725 3589 1776 ἐν
3617 1722 3739 1792 ἀρχῇ

543 1838 761 1878 versum
802 1823 1150 1889 subsistebat,
1220 1831 1276 1879 et
1302 1823 1462 1878 rebus
1499 1824 1749 1877 omnibus
1774 1822 2111 1893 praesidebat.

2220 1824 2332 1894 πρὸ
2370 1823 2476 1877 τοῦ
2501 1822 2614 1890 τὴν
2647 1819 2760 1891 γῆν
2784 1819 3051 1890 ποιῆσαι,
3074 1820 3186 1889 πρὸ
3212 1820 3317 1873 τοῦ
3345 1817 3634 1888 προελθεῖν
3660 1816 3742 1882 τὰς

543 1916 678 1971 Cum
728 1916 871 1971 enim
908 1916 961 1969 in
1004 1915 1227 1971 historia
1265 1915 1561 1970 creationis
1584 1914 1760 1970 Moses
1789 1918 2111 1986 supercaale-

2221 1916 2415 1986 πηγὰς
2464 1914 2579 1968 τῶν
2632 1913 2897 1968 ὑδάτων·
2956 1912 3069 1981 πρὸ
3129 1911 3234 1966 τοῦ
3285 1912 3389 1980 ὅρη
3410 1908 3739 1979 ἑδρασθῆναι,

542 2008 704 2062 stium
735 2018 791 2063 et
839 2010 1186 2064 invisibilium
1244 2018 1569 2079 potestatum
1625 2009 1954 2064 mentionem
2006 2024 2110 2063 non

2174 2010 2327 2077 ιπρὸ
2353 2007 2463 2079 (72)
2513 2007 2582 2059 δὲ
2631 2005 2873 2059 πάντων
2914 2004 3162 2069 ,βουνῶγ
3217 2001 3400 2074 γεννᾷ
3432 2019 3531 2071 με·
3585 2001 3644 2053 δι’
3686 1994 3742 2054 ὧν

543 2101 765 2156 fecisset
785 2104 1009 2157 omnino
1033 2102 1193 2155 ullam
1216 2141 1232 2168 ,
1261 2110 1483 2170 propter
1511 2100 1722 2155 illorum
1751 2099 2111 2170 imperieetio-

2218 2101 2472 2154 ἁπάντων
2494 2099 2555 2151 τὸ
2586 2098 2645 2163 ἐξ
2675 2098 2840 2151 αὐτοῦ
2881 2096 3156 2159 λυσιτελὲς
3206 2097 3303 2149 καὶ
3337 2096 3614 2163 ἀναγκαῖον
3658 2096 3743 2156 τοίς

543 2207 665 2247 nem
695 2193 785 2262 qui
809 2193 1089 2247 erudiendi
1117 2201 1275 2246 erant
1304 2207 1400 2260 per
1428 2190 1576 2244 illum
1614 2208 1629 2244 :
1658 2202 1715 2245 at
1756 2191 1941 2245 mundi
1972 2191 2111 2244 invi-

2217 2194 2380 2245 πᾶσιν
2408 2191 2768 2244 ἐνδείκνυται·
2807 2191 2889 2243 ὅτι
2921 2207 2979 2243 τε
3020 2186 3108 2261 ἦν,
3141 2190 3236 2244 καὶ
3291 2189 3497 2261 προῆν,
3552 2189 3634 2240 καὶ
3669 2186 3741 2239 τοῦ

541 2284 717 2341 sibilis
740 2287 1147 2355 productionem
1176 2285 1351 2341 obiret
1375 2293 1429 2338 et
1456 2295 1689 2353 quatuor
1719 2284 2109 2340 elementorum

2216 2286 2527 2356 σύμπαντος
2587 2284 2792 2355 κόσμου
2856 2283 3177 2356 προῦπῆρχέ
3232 2299 3291 2335 τε
3356 2283 3448 2336 καὶ
3500 2280 3743 2351 καθηγεῖτο

540 2377 762 2432 fecisset
794 2377 846 2430 in
876 2377 1140 2446 principio
1173 2376 1504 2431 mentionem
1547 2375 1693 2438 celi,
1726 2386 1903 2441 terrae,
1935 2375 2108 2447 abyssi

2212 2378 2525 2447 ἀναγκαίως
2566 2377 2856 2431 διδάσκων.
2916 2377 3160 2440 Μωσέως
3185 2376 3317 2448 γὰρ,
3368 2378 3423 2429 ὲν
3472 2379 3533 2446 τῇ
3580 2391 3740 2443 κοσμο-

539 2479 597 2523 et
627 2484 801 2538 aquae,
830 2469 1054 2524 istorum
1085 2468 1190 2523 duo
1217 2484 1246 2521 a
1275 2469 1383 2523 Deo
1414 2480 1593 2525 creata
1629 2469 1764 2523 dixit
1794 2487 1807 2522 :
1839 2483 1962 2522 nam
2014 2470 2107 2532 ait.

2214 2470 2365 2542 ποιίᾳ
2394 2470 2504 2523 τῶν
2542 2470 2639 2541 μὲν
2666 2468 3053 2540 ὑπερκοσμίων
3104 2469 3199 2522 καί
3248 2467 3466 2537 ἀφανῶν
3509 2467 3741 2535 δυνάμεων

539 2564 605 2618 In
626 2562 881 2634 principio
899 2563 1089 2616 creavit
1129 2562 1267 2616 Deus
1303 2562 1490 2615 malum
1512 2572 1558 2615 et
1587 2573 1782 2617 terram
1805 2563 1869 2615 “.
1907 2562 1974 2615 At
2007 2576 2107 2615 non

2215 2563 2484 2635 μηδεμίαν
2547 2562 2764 2633 μνήμην
2796 2561 3162 2632 πεποιημένου
3216 2561 3307 2615 διὰ
3362 2561 3421 2614 τὸ
3458 2558 3630 2622 ἀτελὲς
3661 2557 3743 2609 τῶν

539 2656 604 2709 ad
650 2655 794 2710 hunc
837 2655 1053 2708 modum
1105 2654 1173 2709 de
1216 2669 1356 2724 aqua
1396 2664 1451 2708 et
1498 2655 1693 2726 abysso
1732 2654 1939 2709 locutus
1984 2666 2107 2710 est:

2210 2654 2278 2706 δι’
2308 2652 2471 2706 αὐτοῦ
2506 2653 3071 2722 παιδαγωγουμένων,
3105 2651 3195 2705 τοῦ
3229 2651 3289 2704 δὲ
3346 2649 3536 2722 ὁρατοῦ
3577 2649 3742 2716 κόσμον

535 2746 690 2816 quasi
720 2754 775 2799 et
798 2744 886 2799 illa
914 2760 945 2799 a
990 2744 1100 2799 Deo
1123 2746 1382 2815 producta
1402 2745 1589 2799 fuisset
1626 2764 1639 2799 :
1671 2748 1764 2800 sed
1790 2747 2103 2816 simpliciter

2211 2745 2308 2817 τὴν
2348 2744 2603 2799 σύστασιν
2631 2743 3029 2811 διεξελθόντος,
3064 2744 3340 2813 τεττάρων
3404 2759 3462 2794 τε
3510 2738 3742 2808 στοιχείων

537 2839 672 2893 dixit
700 2878 717 2902 ,
750 2836 817 2891 Et
855 2838 1081 2893 tenebras
1132 2848 1278 2891 erant
1313 2854 1469 2905 super
1501 2838 1743 2907 abyssum
1772 2878 1788 2900 ,
1814 2851 1861 2892 et
1892 2840 2105 2907 spiritus

2211 2842 2269 2893 ἐν
2302 2841 2444 2912 ἀρχῇ
2472 2838 2967 2910 μνημονεύσαντος,
3004 2834 3232 2908 ούρανοῦ
3256 2836 3352 2889 καὶ
3374 2835 3475 2905 γῆς
3506 2833 3591 2886 καὶ
3616 2829 3743 2883 ἁδύο-

533 2932 632 2986 Dei
675 2931 942 3000 ferebatur
980 2948 1136 3000 super
1170 2950 1337 3002 aquas
1374 2933 1439 2989 ".
1485 2931 1805 2986 Necessario
1846 2948 1942 2999 per
1969 2947 2101 3000 prim

2213 2951 2305 2987 σου
2333 2937 2426 2987 καὶ
2456 2935 2679 3000 ὕδατος,
2725 2936 2943 2989 καὶδύο
2999 2934 3096 3005 μὲν
3152 2932 3478 3004 πεποιῆσθαι
3539 2928 3632 2983 ὑπὸ
3670 2924 3742 2978 τοῦ

532 3023 675 3078 dicta
709 3022 930 3087 docuit,
966 3032 1022 3075 ut
1050 3032 1104 3077 et
1130 3023 1297 3077 Filius
1341 3023 1432 3077 Dei
1458 3062 1473 3086 ,
1524 3025 1666 3091 quod
1709 3025 1894 3092 genita
1928 3035 2100 3092 erant,

2211 3027 2345 3080 Θεοῦ
2376 3030 2487 3098 ('75)
2513 3030 2815 3103 εἰρηκότοςτ
2836 3026 3101 3097 Ἐνάρχῇ
3136 3026 3263 3097 γὰρ,
3292 3026 3473 3096 φησίν,
3503 3022 3745 3088 ἐποίησεν

530 3125 588 3169 ιιι
624 3118 767 3186 quod
799 3116 914 3186 ipse
933 3127 1059 3170 ante
1089 3116 1177 3169 illa
1212 3116 1391 3169 omnia
1418 3115 1517 3169 fuit
1548 3134 1560 3170 :
1590 3124 1641 3170 et
1670 3133 1763 3186 per
1797 3118 1966 3181 ipsum
1992 3134 2098 3173 om-

2211 3121 2243 3173 ό
2263 3120 2402 3186 Θεὸς
2440 3120 2545 3173 τὸν
2574 3120 2837 3189 οὐρανὸν
2853 3119 2949 3173 καὶ
2974 3118 3088 3186 τὴν
3110 3117 3225 3188 γῆν
3243 3134 3257 3147 ⁸
3290 3120 3388 3170 οὐκ
3418 3117 3493 3170 ἔτι
3516 3116 3568 3168 δὲ
3586 3112 3744 3184 ὁμοίως

532 3208 623 3261 uia
673 3207 889 3262 condita
927 3218 1096 3261 sunt:
1131 3207 1251 3261 ideo
1297 3206 1410 3270 ait,
1459 3207 1593 3259 Ante
1636 3208 1829 3261 siccata
1872 3207 2100 3275 fundavit

2211 3212 2306 3264 καὶ
2331 3211 2423 3265 ἐπὶ
2442 3214 2534 3265 τοῦ
2568 3212 2755 3274 ὓδατος
2789 3210 3004 3279 καὶτῆς
3032 3210 3271 3264 ἀϐύσσου
3311 3207 3649 3280 μνησθέντος,
3687 3202 3745 3263 ὡς

532 3316 613 3353 me
638 3340 654 3360 ,
706 3300 760 3353 in
804 3300 1066 3369 principio
1093 3339 1107 3362 ,
1141 3300 1444 3368 priusquam
1490 3309 1681 3351 terram
1724 3302 1964 3354 conderet
1999 3317 2017 3355 :
2058 3313 2100 3355 et

2211 3302 2317 3373 ἄρα
2347 3302 2431 3371 εἴη
2462 3305 2555 3357 καὶ
2586 3303 2760 3356 ταῦτα
2779 3302 3034 3372 γεννητὰ,
3098 3301 3211 3355 ἀλλ’
3246 3301 3435 3364 ἁπλῶς
3489 3297 3745 3368 εἰρηκότος.

528 3393 834 3462 priusquam
853 3393 1066 3463 abyssos
1090 3392 1279 3452 faceret
1298 3408 1316 3444 :
1330 3393 1635 3460 priusquam
1659 3395 1971 3447 scaturirent
1987 3394 2096 3463 [on-

2177 3412 2179 3428 '
2215 3396 2319 3450 Kal
2346 3397 2564 3460 σκότος
2590 3394 2788 3447 ἐπάνω
2812 3393 2921 3461 τῆς
2941 3394 3238 3457 ἀϐύσσου,
3263 3395 3367 3447 καὶ
3395 3392 3613 3460 πνεῦμα
3631 3384 3745 3441 Θεοῦ

526 3491 604 3537 tes
622 3484 945 3551 aquarum".
966 3483 1193 3538 istorum
1213 3485 1395 3549 trium,
1417 3494 1590 3545 terrae,
1608 3485 1808 3554 abyssi,
1824 3501 2094 3555 aquarum,

2212 3487 2527 3554 ἐπεφέρετο
2558 3484 2755 3538 ἐπάνω
2789 3486 2892 3538 τοῦ
2924 3484 3139 3549 ὓδατος
3158 3524 3172 3547 ,
3206 3484 3515 3552 ἀναγκαίως
3563 3479 3641 3532 διὰ
3662 3475 3746 3529 τῶν

534 3574 672 3629 facta
689 3575 980 3640 mentione,
997 3584 1245 3644 quartum
1264 3586 1318 3627 et
1332 3575 1673 3643 praestantius
1690 3575 1754 3629 ad
1779 3587 2102 3643 postremum

2215 3579 2588 3650 προκειμένων
2631 3578 2873 3632 διδάσκει
2918 3578 3012 3631 καὶ
3059 3578 3186 3648 περὶ
3243 3578 3424 3630 αύτῶν
3469 3578 3495 3629 ὁ
3533 3574 3646 3635 Υἱὸς
3673 3567 3744 3621 τοῦ

532 3667 707 3719 locum
731 3668 1053 3731 reservavit,
1086 3666 1278 3721 cmlum
1316 3681 1523 3735 nempe.
1559 3669 1697 3721 unde
1728 3667 1805 3722 ait
1832 3668 2100 3738 deinceps,

2211 3670 2368 3733 Θεοῦ,
2400 3671 2480 3723 δτι
2516 3687 2575 3722 τε
2603 3670 2835 3740 γεννητὰ
2869 3670 2977 3739 είη,
3000 3672 3094 3722 καὶ
3123 3670 3198 3733 ὡς
3232 3671 3396 3734 αὐτὸς
3440 3669 3539 3740 πρὸ
3569 3668 3746 3720 πάντων

529 3756 752 3821 Quando
786 3758 1005 3824 parabat
1043 3758 1217 3823 caelos,
1252 3759 1466 3811 aderam
1498 3776 1599 3811 una
1635 3776 1752 3813 cum
1777 3778 1835 3814 eo
1869 3762 1956 3817 ¹³⁶.

2212 3763 2318 3834 εἴη,
2346 3764 2438 3815 καὶ
2463 3763 2528 3816 δι’
2564 3763 2729 3815 αὐτοῦ
2752 3764 2819 3818 τὰ
2847 3762 3027 3816 πάντα
3059 3763 3344 3835 πεποίητο.
3375 3763 3465 3817 Διό
3489 3776 3627 3830 φησι,
3653 3750 3747 3821 Πρὸ

528 3853 633 3903 τοῦ
664 3848 880 3916 αἰῶνος
912 3850 1271 3919 ἐθεμελίωσέ
1302 3868 1399 3919 με’
1431 3850 1501 3903 ἐν
1537 3849 1696 3920 ἀρχῇ
1734 3851 1847 3920 πρὸ
1896 3856 2003 3906 τοῦ
2064 3854 2176 3923 τὴν
2213 3855 2328 3925 γῆν
2350 3854 2595 3923 ποιῆσαι
2616 3874 2627 3885 ·
2656 3856 2751 3909 καὶ
2783 3857 2896 3925 πρὸ
2922 3857 3029 3911 τοῦ
3061 3859 3165 3923 τὰς
3194 3858 3505 3921 ἀϐύσσους
3520 3849 3746 3918 ποιῆσαι·

524 3941 636 4009 πρὸ
654 3942 760 3996 τοῦ
789 3943 1105 4011 προελθεῖν
1134 3943 1240 4008 τὰς
1266 3942 1466 4013 πηγὰς
1504 3942 1621 3995 τῶν
1654 3943 1905 3998 ὑδάτων.
1940 3946 2118 4017 Τριῶν
2165 3948 2221 4001 δέ
2269 3947 2473 4001 τούτων
2492 3949 2892 4020 μνημονεύσας,
2920 3949 3024 4017 γῆς
3056 3950 3149 4001 καὶ
3188 3948 3429 4001 ἀϐύσσου
3460 3946 3547 3999 καὶ
3574 3943 3747 4000 ὕδατος.

522 4037 584 4092 ’σὺ
615 4038 873 4110 τέταρτον
906 4039 1099 4108 ἐπάγει
1122 4038 1451 4101 τελευταῖον,
1486 4038 1547 4091 τὸ
1591 4043 1836 4109 κρεῖττον
1864 4041 2101 4109 φυλάξας
2132 4043 2220 4098 τὸν
2269 4046 2514 4116 οὐρανόν.
2542 4046 2633 4098 Διὸ
2665 4046 2915 4118 ἐπιφέρει
2951 4046 3099 4116 ἑξῆς,
3147 4046 3357 4099 Ἠνίκα
3386 4041 3639 4111 ἡτοίμαζε
3666 4036 3747 4090 τὸν

523 4135 802 4202 οὐρανὸν,
829 4134 1235 4205 συμπαρήμην
1257 4137 1436 4203 αὐτῷ.

590 4226 719 4292 Quae
748 4241 873 4280 cum
906 4238 1011 4280 tam
1041 4230 1321 4286 evidenter
1348 4230 1401 4283 in
1433 4230 1632 4285 divinis
1666 4231 1961 4302 Scripturis
1981 4249 2106 4303 pro-

2279 4235 2492 4289 Τούτων
2545 4236 2725 4287 τοίνυν
2785 4234 2889 4287 ὑπὸ
2956 4233 3055 4303 τῆς
3088 4232 3236 4295 θείας
3289 4232 3507 4304 Γραψῆς
3545 4222 3747 4297 ἐναργῶς

527 4329 835 4385 ponantur,
876 4328 929 4375 et
960 4320 1107 4374 brevi
1168 4322 1400 4390 quadam
1453 4324 1615 4377 veluti
1675 4340 1768 4390 per
1811 4327 2095 4394 epitomenI

2210 4325 2651 4397 παρισταμένωνν
2691 4324 2947 4397 βραχείας
2980 4340 3038 4375 τε
3070 4325 3198 4394 παρ’
3232 4324 3410 4393 ἡμῶν,
3445 4306 3531 4382 ὡς.
3560 4320 3612 4370 ἐν
3655 4317 3746 4367 ἐπι-

525 4411 871 4465 enarratione
902 4413 1008 4465 sint
1048 4430 1076 4465 a
1128 4415 1282 4468 nobis
1311 4420 1553 4483 exposita
1588 4456 1603 4479 ,
1661 4408 1942 4472 audiamus
1971 4434 2093 4487 quo-

2207 4420 2369 4488 τομῇ,
2418 4417 2718 4487 διηγήσεως
2760 4415 3166 4484 τετυχηκότων,
3202 4414 3585 4481 ἐπακούσωμεν
3630 4408 3746 4464 ὅπως

526 4504 687 4557 modo
719 4502 1000 4558 Marcellus
1030 4548 1043 4570 ,
1072 4505 1278 4574 dejecta
1312 4507 1364 4560 in
1401 4509 1621 4561 humum
1662 4508 2094 4577 interpretatione

2207 4509 2541 4580 Μάρκελλος,
2578 4510 2752 4580 χαμαὶ
2778 4509 2954 4579 βαλὼν
2984 4509 3080 4578 τὴν
3108 4507 3348 4559 διάνοιαν
3370 4545 3384 4569 ,
3413 4504 3576 4557 ταῦτα
3605 4500 3745 4551 πάντα

525 4611 646 4657 sua,
684 4596 800 4649 lucc
840 4598 1020 4651 omnia
1051 4607 1105 4651 et
1136 4599 1347 4668 singula
1377 4601 1443 4652 de
1492 4611 1745 4666 suscepta
1776 4615 1939 4654 carne
1973 4616 2093 4654 con-

2206 4601 2592 4671 διῖσχυρίζεται
2632 4603 2757 4672 περὶ
2786 4601 2886 4670 τῆς
2923 4600 3125 4671 σαρκὸς
3154 4599 3439 4669 εἰρῆσθαι,
3473 4592 3536 4668 ἧς
3567 4591 3745 4656 ἀνείλη-

524 4685 694 4739 tendit
721 4688 989 4755 usurpari.
1019 4688 1092 4742 Ita
1121 4690 1263 4744 enim
1284 4690 1475 4744 scribit
1511 4690 1601 4762 [11.
1620 4691 1783 4753 XVII,
1811 4690 1940 4745 coll.
1964 4707 2012 4760 p.
2035 4692 2092 4746 ιε

2208 4709 2306 4761 φεν
2336 4693 2363 4744 ὁ
2393 4692 2580 4764 Σωτὴρ
2605 4733 2618 4754 ,
2643 4693 2869 4763 γράφων
2901 4692 3042 4744 κατὰ
3066 4690 3209 4757 λέξιν
3242 4691 3430 4743 τοῦτον
3449 4689 3534 4741 τὸν
3562 4684 3744 4755 τρόπον·

525 4776 591 4850 1)]
616 4793 629 4829 :
669 4796 685 4827 ι
714 4777 823 4833 Hoc
858 4779 922 4832 ad
962 4780 1103 4834 hunc
1132 4783 1345 4835 modum
1373 4783 1573 4851 posito,
1593 4797 1930 4851 consequens
1945 4792 2026 4836 est
2049 4792 2093 4835 ul

2212 4805 2229 4835 ι
2262 4785 2461 4837 Τούτου
2496 4786 2672 4837 τοίνυν
2701 4784 2872 4847 οὕτως
2895 4784 3109 4853 ἔχοντος
3130 4823 3143 4845 ,
3178 4782 3469 4836 ἀκόλουθόν
3507 4783 3613 4833 ἐστι
3649 4788 3747 4826 σκο-

529 4888 547 4921 i
580 4872 987 4926 consideremus
1009 4870 1354 4928 Proverbiale
1374 4875 1499 4927 illud
1518 4885 1697 4943 caput,
1718 4873 1969 4928 Dominus
1988 4891 2097 4927 cun-

2212 4896 2229 4926 i
2269 4878 2388 4927 πεῖν
2414 4878 2480 4946 τῇ
2498 4875 2703 4946 διανοίᾳ
2758 4875 2817 4927 τὸ
2869 4874 3253 4945 παροιμιωδῶς
3297 4871 3595 4942 εἰρημένον,
3627 4861 3748 4918 τουτὶ

530 4982 546 5011 ι
583 4963 716 5014 didit
742 4978 821 5015 me
860 4965 1175 5032 principium
1206 4965 1407 5018 viarum
1431 4967 1565 5034 ejus.
1592 4964 1728 5019 Vere
1754 4968 1895 5020 enim
1926 4968 2098 5019 condi-

2212 4987 2228 5018 ι
2252 4967 2564 5035 κεφάλαιον,
2594 4969 2807 5034 Κύριος
2851 4964 3055 5019 ἔκτισέ
3074 4982 3148 5033 με
3176 4963 3373 5031 ἀρχὴν
3388 4961 3538 5015 ὁδῶν
3573 4950 3742 5011 αὐτοῦ·

530 5076 546 5106 ι
581 5054 681 5117 dit,
709 5054 959 5123 quiquod
989 5070 1092 5107 non
1113 5054 1399 5119 eratfccit,
1434 5056 1697 5110 Dominus
1725 5067 1910 5110 noster
1940 5056 2097 5110 Deus.

2212 5075 2229 5107 ι
2254 5058 2471 5108 "Extis:
2494 5057 2600 5127 γὰρ
2632 5056 2847 5125 ἀληθῶς
2874 5056 2935 5107 τὸ
2965 5056 3037 5126 μὴ
3056 5055 3114 5106 ὃν
3141 5051 3454 5121 πεποιηκὼς
3472 5042 3747 5105 ὁΔεσπνπης

529 5164 546 5194 σ
579 5146 807 5200 Carnem
826 5146 967 5199 enim
994 5161 1154 5223 quam
1174 5149 1466 5215 assumpsit
1492 5149 1741 5215 Verbum,
1761 5165 1879 5202 cum
1903 5164 2005 5200 non
2025 5162 2097 5200 es-

2211 5166 2230 5197 ι
2258 5147 2416 5218 ἡμῶν
2446 5150 2473 5200 ὁ
2516 5148 2666 5209 Θεός.
2704 5148 2817 5199 υύκ
2847 5142 3013 5199 οὖσαν
3038 5145 3147 5215 γὰρ
3180 5146 3277 5213 τὴν
3310 5143 3504 5211 σάρκα,
3536 5135 3598 5203 ἦν
3624 5127 3744 5223 ἁνεί-

526 5255 543 5285 ι
586 5247 690 5302 set,
720 5237 980 5291 condidit.
1019 5257 1036 5287 ι
1059 5237 1124 5290 Ει
1153 5240 1454 5292 subnectit:
1490 5258 1506 5287 ι
1538 5238 1701 5307 Igitur
1725 5240 1776 5291 in
1809 5238 2094 5291 umissimc

2210 5256 2227 5286 ι
2266 5216 2433 5307 ληφεν
2470 5236 2497 5286 ὁ
2526 5236 2717 5303 Λόγος,
2740 5235 2871 5288 ἀλλὰ
2904 5234 2977 5305 μὴ
3009 5230 3173 5287 οὖσαν
3194 5233 3393 5285 ἔκτισε.
3428 5247 3447 5279 ι
3470 5226 3572 5279 Καὶ
3600 5216 3746 5274 ἐπιλέ-

526 5345 545 5376 ι
585 5328 1095 5399 maximetempore,
1114 5329 1242 5384 licet
1259 5331 1363 5384 hoc
1384 5348 1577 5385 novum
1602 5331 1916 5401 mysterium
1943 5345 2094 5384 reve-

2204 5345 2322 5397 γει·
2355 5348 2372 5378 ι
2411 5328 2619 5382 Οὐκοῦν
2650 5329 2699 5379 εἰ
2733 5330 2827 5380 καὶ
2856 5328 2925 5380 τὰ
2978 5327 3213 5397 μάλιστα
3265 5324 3351 5376 ἐπ’
3381 5319 3614 5390 ἐσχάτων

527 5436 545 5468 σ
582 5418 793 5471 labatur
837 5436 851 5472 :
902 5397 959 5473 ut
1002 5425 1061 5482 >14
1101 5418 1170 5474 ob
1215 5420 1266 5475 id
1312 5421 1483 5490 ipsum
1516 5439 1621 5475 non
1657 5397 1927 5475 immerito
1966 5435 2095 5486 prte-

2210 5441 2228 5472 (
2269 5421 2475 5492 καιρῶν
2501 5420 2650 5472 τουτὶ
2678 5420 2863 5472 καινὸν
2907 5418 3159 5487 ἁπεῳάνη
3214 5414 3538 5485 μυστήριον’
3575 5406 3643 5466 ὡς
3677 5397 3748 5451 διὰ

527 5529 544 5558 ο
584 5511 753 5566 visum
787 5516 1050 5581 propheta
1076 5513 1296 5580 dixerit,
1326 5514 1459 5568 Ante
1488 5515 1681 5568 smcula
1710 5515 1953 5583 [undavit
1989 5530 2094 5578 me,

2210 5533 2227 5563 ε
2273 5512 2431 5565 τοῦτο
2466 5513 2569 5583 πρὸ
2601 5511 2696 5565 τοῦ
2724 5512 2919 5574 αἰῶνος
2951 5511 3143 5563 τούτου
3188 5505 3519 5581 προωρίσθω
3556 5496 3746 5551 εἰκότως

549 5688 1016 5812 ..Ῠυίιὲοὶξιηίεη
1041 5706 1162 5763 pag.
1198 5693 1318 5758 154,
1352 5694 1474 5749 155.
1578 5696 1619 5727 ¹⁰
1653 5692 1814 5749 Prov.
1846 5708 1961 5757 rm,
1998 5692 2090 5757 23,

2176 5696 2215 5747 3.
2316 5691 2353 5721 “
2397 5689 2532 5744 Gen.
2571 5704 2611 5752 ι,
2648 5690 2693 5741 l.
2794 5690 2834 5719 "
2862 5689 2991 5742 ibid.
3019 5688 3073 5739 ἓ.
3180 5684 3394 5738 "Prov.
3424 5675 3639 5739 vm,‘25.
3670 5670 3744 5722 ει.

590 5944 704 6016 (72)
734 5945 901 6018 Vulgo
926 5964 1034 6003 om.
1062 5948 1140 6002 δέ.

2280 5947 2388 6019 (7'5)
2420 5943 2585 6016 Vulgo
2615 5942 2891 6016 εἰρηκότα.
2927 5972 2989 5983 -
3016 5940 3140 5996 Cor.
3168 5940 3269 5995 iam
3301 5934 3371 5991 Μ.
