3970 6506
224 469 325 525 981

1182 460 1268 517 DE
1308 448 1847 516 ECtZLESlASTICA
1884 445 2293 504 THEOLOGIA
2333 443 2459 500 LIB.
2502 442 2588 500 Ill.

3387 434 3493 492 98‘!

228 604 247 634 ι
282 585 311 636 6
332 584 624 655 προφήτης
648 578 774 649 ἔφη,
794 577 912 647 Πρὸ
946 577 1051 631 τοῦ
1083 576 1297 642 αἰῶνος
1320 568 1675 644 ὲθεμελίωσέ
1719 582 1806 636 με,

1928 582 1944 614 ι
1981 576 2197 617 carnem
2221 575 2413 630 nempe
2447 558 2771 629 intelligens.
2795 575 2812 608 ι
2845 554 2910 609 Et
2948 553 3108 610 infert
3131 554 3325 608 ltermn
3346 570 3360 607 :
3383 572 3400 603 ι
3424 552 3492 607 In

226 696 247 729 ι
288 675 535 746 δηλονότι
554 674 651 745 τὴν
671 672 867 744 σάρκα.
881 687 905 724 s
921 671 1030 724 Καὶ
1044 666 1197 734 αὖθις
1211 668 1407 737 ἐπάγει
1423 665 1614 734 λέγων·
1647 680 1665 712 ι
1678 655 1811 715 Εἶτα

228 788 248 819 ι
285 765 461 835 ἐγτῇ
485 764 662 836 ἀρχῇ,
695 764 849 847 φησὶ,
889 763 1002 832 πρὸ
1050 761 1157 817 τοῦ
1208 759 1323 830 τὴν
1368 757 1487 830 γῆν
1539 752 1807 823 ποιῆσαι.

228 879 247 910 ο
278 860 390 929 Γῆν
422 858 580 911 ποίαν
606 874 620 923 ;
647 856 874 926 ταύτην,
897 855 1158 926 δηλονότι,
1184 853 1281 925 τὴν
1302 852 1580 925 ἡμετέραν
1609 850 1808 921 σάρκα,

230 970 249 1003 ι
281 951 381 1021 τὴν
414 949 553 1021 μετὰ
579 949 677 1020 τὴν
707 945 988 1019 παρακοήν
1012 946 1117 1016 γῆν
1154 943 1310 1007 αὖθις
1347 942 1667 1013 γενομένην.
1717 938 1809 1009 Γῆ

229 1062 249 1094 ι
284 1043 399 1111 γὰρ
429 1037 506 1105 εἴ,
540 1040 673 1112 φησὶ
702 1079 716 1104 ,
768 1037 866 1092 καὶ
904 1040 991 1104 εἰς
1045 1036 1163 1106 γῆν
1206 1037 1537 1103 ἀπελεύσῃ.
1572 1054 1591 1085 ι
1646 1034 1809 1104 Ὀρᾷς

222 1136 348 1189 ὅσον
382 1134 670 1205 διήμαρτε,
703 1133 800 1203 τῆς
836 1133 932 1203 μὲν
962 1131 1175 1195 εὐθείας
1206 1130 1520 1202 ἐκτραπεὶς,
1553 1129 1812 1199 τραχεῖαν

221 1229 281 1283 δὲ
303 1230 402 1281 καὶ
433 1224 828 1288 δύσῦατον,καὶ
860 1223 1049 1296 ῶσπερ
1102 1222 1224 1277 τινὰ
1278 1221 1594 1293 ἁνεξίτητον
1632 1218 1811 1289 ἐαυτῷ

222 1320 558 1391 περινοήσας
588 1319 725 1372 όδόν.
754 1318 860 1372 Θέα
892 1317 1045 1386 γοῦν,
1082 1317 1231 1380 ὅπως
1274 1314 1589 1379 ἐξεὸιάσατο
1634 1314 1813 1367 πάντα

223 1413 433 1485 μᾶλλον
474 1413 830 1483 ἀναίσχυντον
860 1411 955 1465 καὶ
993 1409 1182 1480 ἀναιδῆ
1215 1408 1370 1477 λόγον
1420 1407 1533 1478 (74)
1582 1406 1814 1475 φθεγγό-

222 1526 409 1580 μενος,
437 1507 469 1577 ἦ
493 1507 589 1578 τὴν
612 1506 809 1575 Σοφίαν
847 1503 1008 1558 αὐτὸν
1042 1498 1183 1556 εἶναι
1226 1501 1317 1553 τὸν
1348 1496 1625 1552 Υἱὸνοτοῦ»
1676 1497 1810 1551 Θεοῦ

216 1599 528 1671 ὁμολογεῖν.
576 1598 649 1651 Τὸ
691 1598 790 1668 μὲν
820 1591 937 1659 οὖν,
985 1594 1201 1663 Κύριος
1255 1589 1457 1645 ἕκτισέ
1496 1607 1573 1660 με
1616 1589 1815 1659 ἀρχὴν

216 1691 382 1746 ὁδῶν
405 1691 590 1745 αὐτοῦ
626 1692 714 1756 εἰς
745 1692 887 1758 ἔργα
918 1687 1106 1742 αὐτοῦ
1132 1684 1211 1755 τῷ
1244 1684 1357 1755 (75)
1380 1725 1394 1749 ,
1434 1682 1526 1736 τοῦ
1563 1682 1814 1755 Σωτῆρος

216 1785 485 1855 ἀναφέρει
499 1780 794 1853 προσώπῳ,
812 1778 1087 1851 ὁμολογῶν
1117 1779 1278 1831 αὐτὸν
1296 1772 1436 1830 εἶναι
1468 1774 1559 1829 τὸν
1585 1776 1643 1826 ἐν
1661 1774 1811 1843 Παρ-

1919 672 1937 706 ι
1970 654 2251 725 principio,
2276 652 2472 721 inquit,
2504 651 2811 720 priusquam
2845 657 3040 701 terram
3065 645 3327 700 conderet.
3360 642 3493 697 Ter.

1918 763 1937 796 ι
1974 759 2089 798 ram
2120 739 2461 812 quamuam?
2494 750 2731 793 nostram
2784 738 3035 792 nimirum
3064 750 3282 791 carnem
3312 772 3329 797 ,
3369 747 3495 801 qua:

1920 854 1938 887 ι
1979 844 2100 905 post
2148 831 2647 903 transgressionem
2703 837 2846 883 terra
2894 829 3109 883 deruunt
3167 825 3310 880 facta
3368 823 3488 877 fuit.

1921 947 1938 978 ι
1986 925 2128 980 Nam
2157 936 2298 978 terra
2333 941 2404 987 es,
2439 922 2653 990 inquit,
2689 931 2737 974 et
2773 921 2828 973 iu
2881 929 3072 972 terram
3104 914 3428 971 revertere“.
3465 933 3484 965 ρ

1919 1021 2078 1076 Vides
2142 1028 2399 1088 quantum
2453 1016 2543 1069 ille
2577 1014 2851 1068 aberravit
2882 1030 2909 1065 a
2956 1020 3101 1065 recta
3141 1010 3225 1062 via
3278 1007 3489 1071 devius,

1914 1115 2053 1167 viam
2116 1111 2218 1166 sibi
2265 1108 2628 1163 adinveniens
2672 1121 2956 1175 asperam,
3002 1100 3485 1172 impermeabilem,

1916 1203 2205 1261 diliiculter
2228 1201 2638 1257 transeundum.
2675 1197 2808 1253 Vide
2840 1214 2971 1268 ergo
2998 1196 3229 1267 qualiter
3259 1194 3348 1250 ille
3386 1194 3490 1249 im-

1916 1298 2183 1369 pudenter
2225 1294 2405 1350 omnia
2438 1304 2493 1348 et
2541 1292 2824 1363 proﬂigato
2860 1290 3061 1361 pudore
3107 1288 3282 1357 potius
3309 1286 3488 1357 eloqui

1917 1392 2129 1454 maluit,
2166 1406 2330 1456 quam
2365 1387 2455 1457 qui
2486 1387 2579 1441 Dei
2616 1385 2891 1454 Sapientia
2934 1390 3049 1447 cst,
3084 1391 3142 1435 ut
3167 1380 3360 1434 Filium
3395 1394 3487 1433 vc-

1916 1486 1975 1539 lit
2005 1485 2272 1539 couliteri.
2300 1481 2432 1535 Illud
2457 1495 2585 1551 ergo
2606 1518 2622 1544 ,
2652 1479 2903 1533 Dominus
2947 1468 3141 1530 creavit
3168 1491 3250 1528 me
3289 1473 3489 1543 princi-

1913 1581 2057 1651 pium
2077 1581 2279 1635 uiarum
2305 1594 2544 1642 suarum,
2573 1578 2642 1628 ad
2669 1591 2825 1642 Opera
2851 1589 2971 1639 sua,
2992 1573 3058 1626 ad
3088 1584 3372 1642 personam
3401 1582 3489 1622 re-

1918 1675 2040 1727 tulit
2068 1672 2402 1738 Servatoris,
2441 1669 2727 1726 confessus
2777 1668 2926 1723 illum
2956 1666 3204 1721 eumdem
3228 1678 3367 1729 esse,
3396 1664 3488 1731 qui

1916 1768 1970 1821 in
2000 1765 2310 1820 Proverbiis
2340 1765 2453 1818 haac
2479 1761 2763 1832 profatur;
2790 1760 2864 1813 ait
2887 1760 3049 1827 igitur
3082 1757 3232 1811 hisce
3265 1754 3488 1810 totidem

214 1847 431 1948 οιμίαις
474 1847 647 1930 ταδτα
685 1847 979 1946 φάσκοντα.
1014 1873 1176 1942 Λέγει
1208 1871 1252 1924 δ’
1282 1865 1375 1924 οὖν
1415 1870 1598 1932 αὐτοῖς
1631 1869 1806 1938 ῥήμα-

1917 1858 2097 1913 verbis
2147 1856 2234 1927 [ιι.
2285 1853 2422 1926 XI]:
2479 1873 2497 1905 ι
2548 1853 2811 1919 Quocirca
2870 1866 2993 1903 cum
3049 1857 3260 1903 vetusta
3307 1847 3489 1901 omnia

217 1942 303 2023 σιν
324 1988 339 2000 ·
382 1988 400 2020 ι
428 1967 637 2021 Οὐκοῦν
661 1942 886 2030 είκότως
922 1963 1031 2019 τῶν
1061 1963 1307 2036 ἀρχαίων
1337 1960 1806 2033 παρεληλυθότων,

1918 1970 1936 2001 ι
1981 1948 2475 2021 praetermiserim,
2514 1947 2691 2001 futura
2723 1955 2901 2000 autem
2945 1953 3128 1998 essent
3160 1942 3342 1997 omnia
3388 1955 3489 1995 no-

220 2081 239 2111 ι
284 2060 491 2113 καινῶν
518 2060 575 2113 δέ
603 2058 823 2112 ἔσεσθαι
852 2057 1154 2130 μελλόντων
1182 2055 1439 2110 ἁπάντων
1462 2052 1552 2107 διὰ
1582 2052 1681 2123 τῆς
1712 2050 1806 2105 τοῦ

220 2171 241 2203 ι
274 2152 531 2223 Σωτῆρος
584 2151 746 2223 ἡμῶν
785 2150 1128 2222 καινότητος,
1179 2152 1208 2203 6
1259 2147 1525 2218 δεσπότης
1575 2146 1733 2218 ήμῶν
1779 2148 1808 2200 6

220 2262 240 2295 ι
273 2244 515 2315 Χριστὸς
568 2243 656 2297 διά
704 2242 799 2297 τοῦ
853 2243 1134 2315 προφήτου
1191 2240 1320 2295 ἐϐόα
1365 2239 1562 2308 λέγων,
1590 2240 1809 2307 Κύριος

219 2357 237 2388 ι
275 2336 483 2391 ἐκτισὲ
500 2354 577 2406 με
601 2335 799 2406 ἀρχὴν
827 2334 983 2390 ὁδῶν
1012 2333 1222 2388 αὑτοῦ.
1272 2351 1290 2384 ι
1333 2332 1503 2386 Τοῦτο
1543 2331 1587 2385 δ’
1639 2330 1807 2385 εἰπὼν

214 2430 311 2483 ἐπὶ
333 2431 435 2502 τὴν
482 2428 664 2501 σάρκα
684 2427 779 2482 τοῦ
831 2428 1081 2499 Σωτῆρος
1133 2425 1290 2496 ἡμῶν
1344 2422 1675 2479 καταὸάλλει
1709 2422 1807 2494 τὴν

210 2521 456 2575 διάνοιαν
476 2561 491 2585 ,
531 2520 661 2591 ἑξῆς
690 2519 958 2589 ἐπιλέγων
983 2536 996 2549 ·
1038 2539 1057 2571 ι
1091 2519 1313 2572 Ἕκτισε
1334 2516 1440 2589 γὰρ
1477 2515 1713 2588 ἀληθῶς,
1746 2515 1808 2568 τὸ

217 2632 235 2664 ι
272 2614 350 2685 μὴ
384 2612 445 2667 ὃν
493 2611 833 2684 πεποιηκὼς,
859 2615 888 2666 6
915 2612 1196 2682 Δεσπότης
1243 2609 1402 2682 ἡμῶν
1444 2611 1473 2664 6
1508 2608 1659 2672 Θεός.
1693 2609 1808 2661 Οὐκ

217 2723 237 2755 ι
274 2698 444 2757 οὖσαν
472 2702 580 2776 γάρ
602 2704 702 2775 τὴν
731 2704 909 2776 σάρκα
927 2744 942 2770 ,
978 2704 1047 2777 ἣν
1077 2703 1367 2775 ἀνείληφεν
1393 2704 1422 2755 6
1440 2701 1634 2769 Λόγος,
1670 2699 1808 2754 ἀλλά

218 2813 238 2849 ι
282 2798 360 2869 μὴ
396 2793 563 2852 οὖσαν
590 2797 804 2852 ἔκτισεν
828 2799 1002 2872 ἀρχὴν
1036 2796 1190 2871 [τῶν]
1220 2796 1357 2851 ὁδῶν
1397 2795 1583 2850 αὑτοῦ.
1627 2814 1646 2847 ι
1695 2796 1805 2848 Καὶ

208 2892 275 2946 οὐ
304 2894 553 2964 συνίησιν
584 2896 613 2947 6
652 2898 917 2963 γενναῖος,
944 2894 1021 2958 ὡς
1050 2894 1148 2965 μία
1187 2910 1273 2957 τις
1304 2892 1572 2964 ἔκφρασις
1603 2891 1698 2945 καὶ
1749 2890 1808 2943 ἒν

214 2987 511 3059 πρόσωπον
550 2988 809 3060 τυγχάνει
833 2989 895 3042 τὸ
930 2989 1130 3059 φῆσαν,
1165 2986 1314 3054 Ἐγὼ
1338 2989 1377 3057 ἡ
1402 2986 1612 3056 Σοφία,
1668 3002 1809 3038 κατ-

209 3081 543 3151 εσκήνωσα
591 3082 838 3149 βουλὴν
869 3124 883 3146 ,
933 3084 1026 3135 καὶ
1070 3082 1163 3145 τὸ,
1217 3081 1433 3147 Κύριος
1476 3077 1681 3133 ἐκτισέ
1707 3094 1803 3147 με.

215 3174 385 3227 Ὥστε
416 3171 518 3246 (εὖ)
553 3175 645 3228 ἐπὶ
678 3174 775 3246 τὴν
808 3175 987 3245 σάρκα
1004 3173 1258 3242 ἀνάγοιτο
1291 3171 1518 3243 θάτερον
1542 3211 1556 3236 ,
1592 3170 1805 3241 ἀνάγκη

212 3266 311 3363 καὶ
348 3266 411 3320 τὸ
445 3267 630 3339 ἕτερον
652 3284 667 3298 ο
713 3268 809 3321 καὶ
858 3267 892 3337 ή
937 3265 1105 3335 Σοφία
1142 3264 1294 3318 ἔσται
1340 3265 1375 3336 ἡ
1407 3263 1476 3316 τὰ
1523 3264 1809 3333 ἀμφότερα
1834 3304 1879 3363 c

210 3358 468 3427 λέγουσα.
506 3360 569 3413 Εἰ
598 3360 656 3412 δέ
699 3361 732 3432 ἡ
774 3358 911 3430 σὰρξ
956 3358 1103 3427 λέγει
1160 3356 1302 3410 κατά
1355 3355 1673 3428 Μάρκελλον
1723 3353 1804 3418 τὸ,

213 3449 435 3517 Κύριος
457 3449 661 3503 ἔκτισέ
684 3466 764 3519 με
794 3448 994 3518 ἀρχὴν
1023 3446 1189 3519 [τῶν]
1216 3445 1370 3502 ὁδῶν
1410 3445 1627 3510 αὐτοῦ,
1669 3444 1804 3513 αὕτη

212 3542 281 3597 ἀν
306 3545 392 3612 εἴη
421 3546 455 3615 ή
518 3543 718 3612 Empta“
754 3544 849 3597 καὶ
901 3542 1053 3596 ἐσται
1085 3544 1118 3613 ή
1153 3542 1289 3615 σάρξ
1326 3543 1359 3613 ἡ
1388 3542 1690 3611 φάσκουσα,
1727 3540 1805 3591 Δι’

209 3636 361 3705 ἐμοῦ
377 3635 661 3703 ,ϐασιλεῖς
707 3636 1135 3702 βασιλεύουσι,
1193 3634 1291 3689 καὶ
1331 3633 1405 3687 δι’
1459 3633 1606 3704 ἐμοῦ
1645 3649 1807 3702 μεγι-

211 3723 441 3793 στᾶνες
461 3726 917 3797 μεγαλύνονται.
955 3726 1080 3790 Πῶς
1119 3726 1163 3779 δ’
1194 3725 1260 3781 ἂν
1304 3725 1448 3777 εἴποι
1480 3727 1513 3797 ή
1562 3723 1698 3795 σάρξ
1723 3724 1803 3789 τὸ,

209 3819 627 3887 Μνημονεύσω
663 3820 736 3873 τὰ
760 3819 831 3883 ἐξ
857 3818 1073 3884 αἰῶνος
1101 3817 1464 3889 ἁριθμῆσαι;
1501 3812 1582 3881 οἷς
1609 3816 1804 3885 ἐπάγει

209 3911 295 3971 τὺ.
331 3912 549 3980 Κύριος
590 3912 793 3967 ἐκτισέ
839 3929 918 3981 με
977 3912 1178 3982 ἀρχῆγ
1206 3911 1373 3984 [τῶν]
1405 3911 1563 3967 ὁδῶν
1593 3915 1801 3971 αὐτοῦ.

212 4004 343 4059 Ὀδε
378 4007 473 4058 καὶ
503 4006 646 4069 τίνες
671 4008 725 4060 αί
749 4006 860 4059 ὁδοὶ
892 4008 1188 4077 παρίστησι
1238 4005 1412 4074 λέγων
1446 4005 1602 4077 ἐξῆς’
1639 4026 1659 4058 ι
1698 4003 1803 4061 Οὗ-

216 4118 236 4149 ι
272 4115 365 4161 τος
388 4098 497 4170 γὰρ
519 4102 651 4170 ἡμῖν
675 4103 787 4165 τοῖς
815 4101 1043 4164 δικαίως
1105 4098 1486 4153 πολιτεύεσθαι
1524 4098 1800 4171 μέλλουσι,

215 4209 236 4243 ι
266 4190 577 4256 θεοσεϐείας
624 4193 740 4257 ὁδὸς
791 4194 1045 4262 γέγονεν·
1079 4192 1222 4265 ἀρχὴ
1278 4193 1466 4246 πασῶν
1500 4193 1608 4247 τῶν
1667 4194 1806 4265 μετὰ

217 4303 237 4336 ι
274 4284 611 4339 ταῦταόδῶν.
638 4307 655 4336 ι
680 4288 790 4341 Καὶ
808 4286 1184 4359 προστίθησιν,
1214 4306 1232 4339 ι
1251 4286 1449 4356 ἀρχὴν
1467 4287 1523 4340 δέ
1548 4286 1702 4341 ὁδῶν
1716 4287 1805 4340 διὰ

216 4394 235 4427 ι
268 4375 432 4429 τοῦτο
461 4377 687 4441 εἰκότως
720 4378 908 4451 εἴρηκε
947 4377 1037 4430 τὸν
1073 4377 1341 4447 δεσπότην
1371 4378 1529 4448 ήμῶν
1561 4378 1652 4431 τὸν
1689 4380 1802 4431 Σω-

216 4488 236 4519 ι
274 4469 442 4540 τῆρα,
469 4469 603 4523 διότι
645 4475 739 4523 καὶ
769 4470 877 4523 τῶν
908 4470 1132 4542 ἐτέρων,
1173 4462 1247 4523 ὧν
1281 4472 1617 4542 ἐσχήκαμεν,
1668 4471 1803 4525 ὁδῶν

213 4580 235 4615 ‹
269 4562 411 4633 μετά
434 4563 532 4635 τὴν
566 4564 788 4635 πρώτην
849 4563 966 4617 ὁδον
1011 4564 1153 4635 ἀρχὴ
1182 4563 1370 4632 γέγονε
1391 4580 1403 4592 ·
1439 4564 1536 4627 τὰς
1561 4563 1647 4617 διὰ
1696 4563 1802 4636 τῶν

214 4672 235 4707 ι
276 4654 441 4727 ιερῶν
501 4656 815 4710 ἀποστόλων
869 4655 1043 4727 δηλῶν
1094 4655 1441 4727 παραδόσεις,
1484 4655 1591 4709 τῶν
1664 4656 1799 4726 μετᾶ

214 4764 235 4799 ι
267 4745 477 4818 ὑψηλοῦ
498 4787 513 4811 ,
556 4747 698 4801 κατά
723 4750 819 4819 τήν
860 4748 1218 4820 προφητείαν,
1248 4748 1601 4819 κηρύγματος
1631 4767 1809 4819 κηρυτ⁵

212 4857 233 4889 ι
268 4839 479 4906 ξάντων
527 4843 659 4911 ήμῖν
686 4842 747 4895 τὸ
782 4842 968 4895 καινὸν
1010 4841 1167 4894 τοῦτο
1199 4843 1515 4911 μυστήριον.
1556 4862 1573 4893 ι
1616 4842 1800 4894 Ταῦτα

208 4931 553 5002 Μάρκελλκ.
878 5005 1015 5057 1(εῷ
1079 5005 1129 5055 Γ,

1920 2064 1938 2095 ι
1978 2060 2065 2109 va,
2098 2059 2194 2113 per
2221 2053 2275 2097 et
2308 2053 2529 2111 prepter
2573 2039 2909 2094 nobilitatem
2943 2034 3250 2091 Servatoris
3296 2031 3493 2095 nostri,

1916 2157 1934 2189 ι
1982 2137 2240 2191 Dominus
2272 2146 2458 2188 noster
2507 2133 2758 2188 Christus
2787 2146 2884 2200 per
2918 2129 3233 2199 prophetam
3284 2125 3492 2196 procla—

1918 2248 1936 2281 ι
1975 2238 2111 2293 mat,
2158 2227 2432 2297 inquiens,
2470 2225 2727 2279 Dominus
2776 2224 3013 2278 condidit
3042 2238 3122 2275 me
3169 2214 3490 2290 principium

1917 2341 1936 2373 ι
1978 2323 2180 2376 viarum
2206 2337 2443 2375 suarum.
2479 2338 2495 2371 ι
2534 2320 2656 2373 ΙΙωο
2682 2317 3000 2388 prolocutus
3027 2314 3093 2369 ad
3125 2327 3342 2368 carnem
3364 2314 3492 2367 Ser-

1912 2416 2139 2475 vatoris.
2175 2415 2563 2485 cogitationem
2599 2427 2752 2468 suam
2783 2411 2966 2478 dejicit
2995 2449 3011 2472 ,
3054 2409 3106 2463 in
3139 2405 3493 2477 sequentibus

1911 2506 2198 2574 inquiens:
2231 2522 2251 2555 ι
2290 2501 2426 2557 Vere
2480 2502 2621 2557 enim
2650 2499 2891 2555 condidit
2917 2497 3007 2567 qui
3038 2512 3142 2550 ntm
3171 2509 3266 2549 eus
3286 2493 3492 2547 creavit

1916 2617 1933 2649 ι
1964 2597 2221 2651 Dominus
2250 2607 2434 2667 noster
2454 2593 2613 2647 Deus.
2631 2591 2763 2645 Nam
2781 2606 3002 2645 carnem
3021 2604 3123 2643 non
3138 2586 3487 2641 exsisteutcm

1915 2707 1932 2740 ι
1959 2689 2198 2757 suscepit
2241 2695 2481 2740 nostram
2507 2686 2763 2748 Verbum,
2782 2692 2974 2737 etcum
2994 2680 3312 2747 susciperet,
3339 2678 3489 2745 prin-

1917 2803 1936 2837 ι
1961 2784 2155 2852 cipiunt
2208 2782 2409 2836 viarum
2450 2796 2668 2834 suarum
2703 2776 2852 2832 fecit.
2894 2794 2911 2826 ι
2948 2773 3059 2829 Nec
3112 2771 3363 2842 intelligit
3407 2770 3492 2822 vir

1908 2875 2177 2947 optimus,
2208 2873 2352 2943 quod
2396 2881 2451 2928 et
2505 2871 2667 2925 unica
2697 2866 2865 2924 dictio
2909 2875 2963 2921 et
3012 2878 3243 2937 persona
3273 2876 3491 2934 quoque

1910 2970 2067 3025 unica
2103 2968 2194 3029 sit,
2225 2968 2315 3037 qui
2343 2966 2499 3028 dixit,
2533 2963 2648 3033 Ego
2686 2961 2956 3032 Sapientia
2987 2958 3265 3012 consilium
3293 2955 3492 3009 consti-

1910 3064 1985 3117 tui
2023 3062 2089 3127 ",
2130 3071 2204 3123 et,
2237 3059 2493 3113 Dominus
2547 3054 2779 3111 rondidit
2814 3069 2891 3106 me
2917 3051 2982 3108 ¹⁸.
3008 3050 3247 3116 Quorum
3282 3054 3492 3100 utrum-

1909 3171 2013 3225 que
2046 3154 2130 3209 vel
2176 3151 2494 3208 utrumlibet
2538 3150 2603 3203 de
2626 3163 2789 3202 carne
2826 3145 3193 3216 praedicatur:
3236 3138 3377 3211 quod
3411 3139 3490 3193 sic

1910 3249 2067 3316 plane
2120 3257 2406 3314 utrumque
2435 3252 2490 3296 et
2541 3241 2816 3311 Sapientia
2852 3239 2977 3301 erit,
3018 3252 3140 3306 quae
3176 3245 3230 3290 et
3266 3234 3373 3288 hoc
3401 3232 3487 3284 tli-

1912 3342 1989 3396 ait
2009 3380 2025 3405 ,
2051 3352 2211 3408 atque
2239 3339 2388 3391 illud.
2426 3335 2579 3403 Quod
2609 3336 2652 3389 si
2690 3349 2754 3388 ex
2796 3331 3063 3388 sententia
3094 3326 3331 3381 Marcelli
3360 3340 3489 3380 caro

1912 3434 2083 3498 dicat,
2117 3432 2374 3486 Dominus
2405 3431 2595 3484 creavit
2632 3444 2713 3481 me
2746 3424 3067 3496 principium
3108 3422 3315 3476 viarum
3360 3437 3489 3474 sua-

1910 3543 2051 3591 rum,
2094 3524 2183 3579 illa
2215 3525 2320 3577 erit
2354 3521 2654 3593 Sapientia,
2688 3532 2851 3589 atque
2874 3531 3004 3573 caro
3041 3531 3161 3585 qua:
3186 3514 3337 3577 dicit,
3389 3509 3492 3563 Fer

1910 3636 1988 3674 me
2012 3634 2155 3686 reges
2184 3625 2400 3687 regnant
2427 3656 2442 3679 ,
2489 3625 2536 3670 et
2570 3629 2664 3682 per
2696 3628 2777 3666 me
2820 3619 3088 3681 magnates
3119 3606 3296 3677 magni
3328 3603 3487 3673 ﬁunt,

1910 3721 1964 3766 at
1988 3712 2261 3782 quomodo
2290 3711 2471 3764 dicere
2522 3706 2721 3778 poterit
2766 3719 2916 3768 caro,
2962 3700 3267 3757 Memorabo
3306 3710 3489 3753 eorum

1908 3824 2025 3876 qua:
2067 3816 2189 3860 sunt
2240 3822 2272 3857 a
2318 3802 2555 3858 smculo?
2601 3799 2800 3869 quibus
2852 3794 3177 3852 subnectit:
3230 3791 3489 3845 Dominus

1909 3898 2142 3951 condidit
2175 3912 2254 3950 me
2291 3894 2606 3963 principium
2641 3890 2848 3944 viarum
2890 3886 3028 3956 ejus.
3068 3884 3324 3951 Quaenam
3360 3893 3490 3935 vero

1907 3993 2015 4045 sint
2045 3991 2148 4044 illa:
2190 3990 2287 4041 via:
2336 3989 2493 4040 docet
2528 3986 2578 4037 in
2616 3982 2966 4052 sequentibus
3004 3978 3094 4050 [Β.
3136 3974 3249 4045 XII]
3284 3994 3296 4029 :
3337 3993 3355 4027 ι
3409 3972 3487 4027 lta

1914 4103 1931 4135 ι
1965 4084 2106 4138 enim
2130 4082 2217 4136 ille
2246 4079 2423 4144 nobis,
2446 4077 2536 4147 qui
2563 4074 2862 4130 secundum
2897 4072 3159 4126 rationem
3183 4069 3385 4137 justam
3407 4067 3490 4120 in-

1913 4196 1931 4227 ι
1972 4175 2199 4229 stituere
2244 4173 2408 4225 vitam
2440 4169 2688 4223 volumus
2714 4206 2729 4225 .
2776 4164 2993 4236 pietatis
3027 4163 3110 4216 via
3149 4162 3325 4215 factus
3353 4168 3437 4214 est
3470 4177 3485 4212 :

1913 4288 1931 4320 ι
1971 4266 2296 4339 principium
2334 4265 2545 4316 viarum
2587 4259 2830 4315 omnium
2859 4257 3241 4327 posteriorum.
3279 4271 3297 4305 ι
3327 4252 3491 4307 Addit

1908 4372 2086 4414 autem
2123 4379 2141 4411 ι
2175 4356 2493 4426 principium
2525 4353 2727 4408 viarum
2753 4354 2823 4406 ob
2866 4350 2968 4404 hoc
2998 4351 3170 4417 ipsum
3205 4346 3489 4426 Dominum

1914 4469 1930 4500 ι
1967 4464 2109 4511 esse,
2132 4458 2186 4503 et
2209 4447 2556 4502 Servatorem
2584 4453 2828 4498 nostrum
2865 4456 2879 4495 :
2906 4450 3187 4511 propterea
3215 4416 3492 4507 quodvia-

1914 4564 1932 4596 ι
1978 4560 2117 4608 rum,
2160 4557 2295 4613 quas
2355 4538 2582 4610 ingressi
2638 4544 2989 4604 sumuspost
3037 4532 3268 4602 primam
3303 4532 3445 4586 viam
3473 4573 3488 4593 ,

1914 4656 1931 4688 ι
1974 4635 2297 4705 principium
2323 4632 2554 4687 exstitit.
2591 4627 2773 4681 lnnuit
2802 4636 2987 4681 autem
3022 4625 3349 4680 traditiones
3396 4640 3490 4678 ae-

1915 4749 1932 4780 ι
1961 4741 2144 4800 reptas
2162 4743 2190 4781 a
2209 4728 2405 4780 divinis
2419 4724 2702 4793 apostolis,
2717 4721 2831 4789 qui,
2847 4720 3141 4775 secundum
3158 4718 3434 4788 prophetia
3444 4734 3490 4779 s,

1914 4838 1930 4869 ι
1973 4836 2075 4873 una
2100 4834 2221 4873 cum
2253 4816 2519 4871 altissimo
2548 4814 2640 4868 illo
2666 4811 2957 4884 praeconio,
3002 4827 3197 4866 novum
3237 4812 3338 4866 hoc
3374 4824 3493 4877 my-

1913 4931 1930 4962 ι
1976 4911 2203 4965 stt-rium
2228 4909 2383 4965 nobis
2408 4910 2816 4962 annuntiarunt.
2844 4927 2862 4959 ι
2892 4904 3162 4960 Hactenus
3187 4901 3487 4957 Marcellus.

2511 5000 2741 5057 CAPUT
2786 5000 2870 5055 ΙΙΙ.

212 5096 514 5164 Ἔλεγχος
538 5095 655 5149 τῶν
683 5099 795 5149 οὐκ
842 5096 1026 5166 ὀρθῶς
1061 5102 1149 5163 εὶς
1185 5097 1326 5162 τοὺς
1372 5101 1599 5165 τόπους
1640 5099 1801 5164 αὐτῷ

1916 5105 1972 5162 >14
2036 5098 2299 5166 Refntntio
2353 5112 2531 5149 eorum
2568 5112 2686 5162 qua
2720 5110 2960 5166 perverse
3005 5099 3381 5166 commentatus
3415 5098 3491 5141 est

281 5166 686 5236 λελεγμένων,
715 5166 956 5221 καὶτῶν
981 5168 1178 5221 αὐτῶν
1216 5167 1390 5236 ὑγιὴς
1426 5168 1726 5237 ἑρμηνεία.

282 5261 347 5313 Ei
378 5258 479 5329 μὲν
500 5254 594 5312 οὖν
623 5258 697 5330 μὴ
726 5260 820 5312 καὶ
846 5260 944 5330 τὴν
966 5260 1207 5323 Μωσέως
1233 5260 1325 5314 καὶ
1368 5260 1477 5313 τῶν
1508 5259 1617 5329 (76)
1663 5262 1800 5331 μετά

209 5350 419 5405 Μωσέα
450 5348 743 5420 προφητῶν
775 5348 1101 5420 παρεδέχετο
1130 5348 1351 5419 Γραφὴν
1374 5388 1387 5408 ,
1415 5344 1558 5418 εἶχεν
1584 5349 1649 5402 ἄν
1681 5366 1802 5402 τινα

209 5444 402 5498 είκότα
426 5443 576 5514 αὐτῷ
609 5440 765 5509 λόγον
812 5444 844 5512 ή
884 5440 1134 5504 ἀπόδοσις
1156 5459 1167 5470 ·
1214 5441 1335 5494 ἐπεὶ
1364 5440 1419 5493 δὲ
1442 5441 1501 5493 οὐ
1525 5441 1634 5494 τῶν
1678 5442 1802 5495 ἀθεο

209 5534 454 5590 τούντων
493 5533 610 5587 ἐστὶ
638 5533 736 5604 τὴν
762 5533 1004 5587 Παλαιὰν
1038 5533 1478 5605 Διαθήκην,τίδή
1514 5550 1639 5588 ποτε
1674 5535 1798 5600 τοὺς

287 5692 346 5749 ἧς
384 5685 484 5740 Ed.
522 5686 721 5749 Paris.,
756 5704 877 5756 pug.
920 5687 1034 5740 l56.
1120 5689 1159 5717 "'
1198 5688 1331 5745 Gen.
1365 5704 1447 5753 ιιι,
1496 5689 1578 5743 19.

314 5874 408 5945 im
436 5872 778 5945 φθέγξασθαι
812 5874 843 5943 ι
879 5872 984 5945 Mp-

282 5943 400 6015 (75)
428 5943 598 6014 Vulgo
628 5944 706 5996 τό.

1681 5692 1722 5723 ¹⁸
1745 5691 1908 5753 Prov.
1942 5710 2038 5750 vm
2068 5731 2083 5759 ,
2114 5693 2202 5747 ιε.

2072 5161 2138 5221 ad
2169 5169 2313 5231 loca,
2343 5176 2391 5220 et
2420 5161 2914 5219 orthodoxaeorum
2944 5161 3331 5228 interpretatio.

1983 5262 2041 5317 Si
2104 5276 2278 5330 nequc
2318 5258 2479 5313 Musis
2528 5276 2626 5313 nec
2674 5259 3061 5326 prophetarum
3110 5263 3232 5324 post
3286 5251 3489 5306 Moscm

1913 5355 2230 5424 Scripturas
2245 5353 2557 5407 admitteret
2581 5350 2886 5414 Marcellus,
2923 5344 3258 5417 probabilem
3293 5343 3497 5400 {ortas--

1913 5445 1989 5502 sis
2018 5445 2285 5501 rationem
2324 5444 2588 5498 haberent
2618 5456 2737 5510 quae
2764 5440 2833 5495 ab
2865 5456 2932 5495 eo
2964 5439 3202 5511 profecta
3234 5448 3379 5493 sunt.
3424 5440 3487 5491 At

1910 5554 2035 5594 cunt
2064 5552 2166 5590 non
2222 5536 2292 5590 sit
2320 5551 2385 5589 ex
2417 5548 2602 5588 eorum
2630 5546 2857 5588 numero
2900 5531 2989 5603 qui
3034 5526 3196 5587 Vetus
3237 5540 3490 5587 recusant

2301 5692 2345 5723 ”
2379 5690 2506 5745 ibid.
2541 5691 2632 5746 ‘22.

1993 5882 2101 5956 (76)
2130 5880 2297 5953 Vulgo
2332 5880 2488 5936 κατά.
