3970 6514
470 450 581 513 983

1149 448 1417 507 EUSEBII
1457 449 1939 509 CASSARIENSIS
1976 453 2129 509 OPP.
2172 452 2351 510 PARS
2390 453 2479 510 IV.
2517 484 2580 494 —
2626 451 3041 511 DOGMATICA.

3636 451 3753 510 984

469 566 897 634 Testamentum,
922 586 1179 643 quorsum
1204 581 1261 626 et
1293 570 1564 638 apostolos
1584 614 1599 639 ,
1630 582 1685 628 et
1712 574 1927 629 illorum
1958 583 2056 631 do-

2179 576 2265 629 ιὲν
2293 577 2619 641 ἀποστόλους
2639 578 2735 631 καὶ
2770 576 2977 632 τούτων
3015 574 3114 639 τὰς
3169 575 3537 641 διδασκαλίας,
3563 574 3752 642 ὀδοὺς

473 666 700 720 ctrinam
745 665 857 718 vias
911 664 1258 719 nominavit?
1313 662 1501 734 Neque
1538 665 1778 720 animum
1822 667 2056 721 advertit

2179 667 2457 739 ὒνόμασεν,
2486 670 2610 741 οὐχὶ
2639 669 2697 723 δὲ
2724 668 3029 742 προσσέσχε
3077 671 3188 732 τοῖς
3211 667 3303 722 τοῦ
3341 667 3478 722 Θεοῦ
3538 669 3754 739 προφή-

476 757 564 811 Dei
595 757 897 826 prophetis,
923 756 1016 826 qui
1048 765 1306 811 sexcenta
1334 757 1580 826 quaedam
1619 757 1683 812 de
1710 759 1817 815 viis
1842 758 2052 814 Domini

2179 777 2299 826 ταις,
2353 761 2520 833 μυρία
2555 763 2685 833 περὶ
2723 761 2862 832 όδῶν
2911 760 3047 815 Θεοῦ
3084 761 3453 831 γεγραφόσιν;
3520 760 3755 834 Πρῶτον

472 849 829 918 scripserunt.
861 848 1035 905 Moses
1064 859 1247 904 autem
1278 848 1528 919 inprimis
1575 850 1645 904 ita
1671 852 1911 921 scripsit.
1952 850 2056 905 Via

474 943 617 1013 regia
665 942 995 1013 proficiscere
1047 944 1111 999 ".
1164 943 1271 1009 Et,
1318 940 1457 998 Ecce
1516 944 1669 1011 posui
1716 954 1837 997 ante
1868 943 2057 1013 faciem

475 1045 620 1088 ruam
650 1035 788 1089 viam
821 1037 961 1099 vitae,
994 1045 1043 1090 et
1075 1037 1212 1090 viam
1243 1036 1432 1090 mortis
1464 1034 1529 1089 ¹⁸.
1568 1035 1633 1089 Et
1660 1033 1830 1089 David
1868 1035 2060 1091 simili-

477 1138 585 1195 ter,
623 1127 783 1184 Novit
818 1128 1073 1185 Dominus
1103 1130 1239 1183 viam
1273 1129 1564 1199 justorum,
1595 1138 1643 1183 et
1672 1129 1754 1183 via
1777 1129 2058 1197 impiorum

474 1217 752 1289 peribit".
786 1220 851 1276 Et
887 1219 1174 1285 Jeremias,
1201 1220 1354 1277 State
1386 1222 1442 1275 in
1481 1222 1601 1287 viis,
1650 1230 1697 1275 et
1737 1221 2062 1291 interrogate

477 1314 543 1365 de
574 1312 770 1366 semitis
801 1312 1010 1366 Domini
1033 1315 1327 1375 wternis,et
1356 1313 1522 1367 videte
1543 1329 1662 1383 qua:
1694 1313 1762 1367 sit
1795 1313 1879 1367 via
1903 1314 2060 1379 bona,

477 1411 529 1457 et
558 1402 613 1455 in
651 1403 745 1456 illa
768 1404 1031 1459 ambulate
1059 1406 1125 1460 ⁸ο.
1154 1403 1259 1459 Sed
1288 1414 1343 1460 et
1370 1405 1610 1477 singulos
1646 1407 1939 1475 prophetas
1976 1408 2062 1462 in-

477 1494 665 1549 venies
706 1494 903 1550 fecisse
950 1496 1276 1552 mentionem
1340 1497 1542 1551 viarum
1600 1497 1719 1554 Dei.
1789 1499 1847 1554 Si
1900 1500 2065 1569 igitur

481 1584 741 1643 Servator
761 1597 816 1642 et
859 1589 1116 1644 Dominus
1144 1599 1334 1644 noster
1363 1587 1522 1645 Iesus
1548 1589 1822 1654 Christus,
1858 1606 1918 1647 se
1956 1592 2062 1646 ini-

483 1680 619 1733 tium
654 1681 861 1735 viarum
894 1682 1106 1737 Domini
1144 1684 1356 1746 doceat,
1384 1682 1436 1737 in
1460 1684 1661 1754 quibus
1683 1684 1780 1749 ait,
1810 1684 2065 1740 Dominus

482 1773 718 1826 condidit
770 1790 852 1827 me
901 1774 1219 1843 principium
1266 1777 1477 1830 viarum
1527 1792 1747 1832 suarum
1790 1780 1862 1831 ad
1909 1794 2067 1847 opera

482 1878 581 1917 sua
605 1865 671 1933 “,
705 1866 926 1921 omnino
949 1867 1057 1932 ille,
1098 1878 1154 1923 et
1194 1866 1343 1923 Mose
1373 1870 1671 1937 antiquior,
1705 1878 1760 1926 et
1787 1872 2069 1941 prophetis

2163 854 2262 926 μὲν
2296 853 2403 927 γὰρ
2438 853 2647 924 Μωσῆς
2666 849 2769 907 ὦδε
2792 854 3018 925 γράφων
3050 852 3264 922 ἔλεγεν
3315 851 3461 918 ’0δῷ
3497 854 3755 919 ,ϐασιλι-

2161 944 2240 1016 κῇ
2296 947 2568 1015 πορεύσῃ
2588 963 2603 977 ο
2653 946 2770 1010 καὶ,
2823 945 2973 1000 Ἰδοὺ
3004 944 3235 1001 τέθεικα
3266 946 3377 1015 πρὸ
3418 944 3755 1016 προσώπου

2163 1054 2281 1094 σου
2310 1038 2424 1108 τὴν
2452 1038 2598 1094 ὁδὸν
2622 1035 2734 1107 τῆς
2759 1036 2908 1107 ζωῆς
2926 1079 2940 1102 ,
2983 1038 3081 1091 καὶ
3110 1036 3223 1107 τὴν
3248 1037 3394 1093 ὁδὸν
3422 1037 3537 1093 τοῦ
3568 1035 3757 1092 Oet/d-

2163 1146 2301 1185 tov‘
2373 1132 2468 1185 καὶ
2508 1131 2537 1184 ό
2591 1129 2758 1183 Δαόὶδ
2779 1130 2999 1201 ὁμοίως,
3036 1128 3328 1184 Γινώσκει
3379 1129 3491 1201 (77)
3532 1129 3757 1199 Κύριος

2164 1219 2312 1274 ὁδὸν
2339 1220 2603 1286 δικαίων,
2639 1222 2737 1275 καὶ
2784 1220 2927 1286 ὁδὸς
2983 1220 3219 1276 ἀσεϐῶν
3247 1219 3593 1276 ἀπολεῖται·
3658 1218 3757 1273 καὶ

2177 1315 2468 1387 Ἱερεμίας,
2499 1312 2687 1384 Στῆτε
2706 1314 2777 1368 ἐν
2804 1314 2932 1379 ταῖς
2945 1312 3126 1380 ὁδοῖς,
3149 1312 3246 1368 καὶ
3268 1313 3611 1382 ἐρωτήσατε
3632 1310 3759 1380 τρι-

2166 1409 2313 1474 ϐους
2354 1410 2572 1477 Κυρίου
2615 1408 2913 1471 αἰωνίους,
2966 1406 3067 1460 καὶ
3116 1406 3272 1460 ἴδετε
3315 1406 3457 1461 ποια
3508 1404 3758 1472 ἐστινὴ

2167 1498 2307 1566 ὁδὸς
2328 1501 2366 1568 ή
2403 1499 2619 1569 ἀγαθὴ,
2649 1499 2747 1553 καὶ
2775 1499 3101 1569 πορεύεσθε
3140 1499 3211 1552 ἐν
3235 1497 3388 1567 αὐτῇ
3408 1516 3421 1529 ·
3471 1500 3571 1554 καὶ
3628 1499 3762 1551 ἐκα-

2168 1608 2292 1645 στον
2319 1591 2376 1645 δὲ
2406 1591 2514 1645 τῶν
2539 1590 2832 1664 προφητῶν
2851 1590 3124 1663 διαφόρως
3171 1590 3626 1662 μνημονεύσαντα
3650 1589 3763 1642 τῶν

2165 1681 2301 1737 ὁδῶν
2325 1681 2419 1735 τοῦ
2448 1680 2582 1735 Θεοῦ
2614 1682 2883 1754 εὑρήσεις.
2913 1682 2975 1735 Εἰ
2997 1680 3175 1735 τοίνυν
3202 1684 3230 1734 ό
3278 1680 3467 1753 Σωτὴρ
3500 1681 3598 1734 καὶ
3644 1679 3762 1733 Κύ-

2170 1791 2287 1847 ριος
2318 1773 2477 1845 ἡμῶν
2513 1773 2720 1846 Ἰησοῦς
2751 1773 2987 1845 Χριστὸς
3003 1772 3099 1826 τοῦ
3125 1772 3258 1826 Θεοῦ
3286 1772 3460 1843 ἀρχὴν
3486 1767 3635 1825 εἶναι
3651 1771 3763 1824 τῶν

2169 1864 2309 1919 ὁδῶν
2335 1863 2433 1918 τοῦ
2459 1863 2596 1918 Θεοῦ
2623 1864 2814 1919 ἑαυτὸν
2839 1863 3078 1918 διδάσκει
3104 1862 3529 1933 λέγων,Κύριος
3553 1860 3768 1917 ἔκτισέ

483 1956 609 2020 erit,
640 1966 696 2009 et
751 1958 817 2013 iis
848 1960 1103 2015 omnibus
1131 1961 1225 2030 qui
1272 1961 1451 2017 adhuc
1478 1962 1729 2027 ulterius,
1763 1966 2061 2019 secundum

2179 1974 2240 2022 ae
2259 1955 2458 2026 ἀρχὴν
2485 1954 2639 2010 ὁδῶν
2663 1955 2850 2010 αὑτοῦ
2871 1958 2958 2021 εὶς
2983 1956 3127 2025 ἔργα
3153 1954 3359 2015 αὐτοῦ,
3396 1954 3625 2017 πάντως
3656 1969 3765 2007 που

483 2050 600 2102 vias
630 2048 723 2103 Dei
755 2050 1028 2108 vixerunt.
1072 2052 1178 2108 Sed
1208 2069 1315 2107 non
1353 2063 1471 2109 erat
1499 2070 1628 2110 caro
1658 2070 1824 2121 quam
1849 2070 2065 2110 assum-

482 2143 593 2211 psit
640 2143 789 2199 hisce
817 2144 1069 2200 omnibus
1093 2146 1375 2216 antiquior
1408 2167 1423 2203 :
1456 2146 1641 2217 itaque
1690 2164 1797 2204 non
1825 2160 1975 2204 recte
2002 2148 2068 2202 de

485 2248 649 2288 carne
679 2236 1106 2304 interpretantur
1149 2236 1428 2292 oraculum
1464 2236 1616 2292 illud.
1662 2235 1929 2304 Quocirca
1959 2252 2065 2291 non

487 2322 697 2379 locutus
721 2335 803 2379 est
833 2326 934 2380 ista
962 2325 1222 2382 Servator
1252 2337 1477 2399 propter
1506 2344 1752 2393 carnem,
1799 2329 1894 2383 sed
1924 2330 2067 2399 quod

493 2416 904 2485 prmexsistebat
951 2420 1063 2489 ipse
1092 2459 1107 2484 ,
1158 2431 1214 2475 et
1243 2421 1386 2476 viam
1427 2419 1658 2476 ducebat
1710 2420 1814 2476 viis
1857 2420 2069 2475 Domini

496 2509 791 2575 universis,
829 2510 883 2565 in
914 2511 1114 2580 quibus
1147 2511 1237 2581 qui
1264 2512 1588 2578 erantolim,
1613 2511 1724 2566 Deo
1755 2512 1936 2567 dilecti
1963 2526 2072 2565 om-

489 2614 590 2655 nes
621 2602 1053 2658 ambulaverunt.
1091 2604 1539 2674 Quandoquidem
1582 2612 1637 2658 et
1671 2604 1889 2659 divinus
1924 2604 2070 2674 Apo-

490 2692 660 2747 stolus
698 2693 852 2758 dixit,
883 2693 928 2748 0
951 2694 1274 2763 profundum
1337 2694 1669 2758 divitiarum,
1697 2704 1749 2749 et
1778 2696 2071 2765 sapientiw,

489 2794 540 2839 et
579 2785 893 2857 cognitionis
941 2787 1037 2841 Dei
1064 2829 1077 2848 ,
1109 2805 1269 2859 quam
1309 2788 1675 2842 inscrutabilia
1702 2798 1825 2841 sunt
1859 2787 2072 2858 judicia

489 2874 606 2945 ejus
632 2916 648 2942 ,
682 2886 733 2929 et
775 2871 1274 2947 impercestigabiles
1306 2880 1400 2932 via:
1429 2878 1547 2948 ejus
1578 2879 1646 2940 ²¹,
1676 2877 1839 2931 aliam
1878 2892 2072 2947 qnam-

492 2968 617 3022 dam
655 2970 796 3023 viam
831 2970 919 3025 ille
947 2970 1210 3024 indicavit
1236 3011 1252 3034 ,
1296 2972 1674 3026 universitatis
1702 2986 1883 3025 rerum
1910 2985 2074 3025 cura-

492 3063 687 3116 tricem
716 3102 731 3126 ,
758 3074 856 3131 per
893 3077 1053 3131 quam
1110 3061 1365 3118 ineffabili
1399 3064 1632 3135 quodam
1656 3064 1866 3135 judicio
1889 3072 1943 3118 et
1973 3079 2077 3117 ra-

492 3153 731 3208 tionibus
754 3154 1076 3224 quibusdam
1121 3169 1223 3208 uon
1252 3156 1798 3225 comprehendendis,
1824 3156 2075 3209 universa

493 3245 793 3315 gubernat,
844 3261 943 3316 pro
990 3246 1175 3302 divina
1215 3261 1312 3301 sua
1367 3254 1639 3316 potestate
1681 3266 1695 3302 :
1734 3260 2077 3316 consequens

2171 2047 2266 2099 καὶ
2292 2044 2537 2109 Μωσέως
2565 2046 2657 2100 καὶ
2684 2045 2793 2099 τῶν
2829 2044 3124 2117 προφητῶν
3148 2044 3241 2098 καὶ
3272 2044 3382 2098 τῶν
3417 2044 3498 2097 ἔτι
3551 2043 3766 2097 ἀνωτέ-

2172 2157 2250 2210 ρω
2303 2137 2447 2192 κατὰ
2494 2138 2596 2203 τὰς
2654 2138 2808 2203 ὁδοὺς
2848 2138 2945 2193 τοῦ
2996 2138 3133 2192 Θεοῦ
3203 2136 3542 2210 βεϐιωκότων
3570 2137 3662 2207 εἴη
3700 2135 3769 2189 ἂν

2170 2228 2573 2301 πρεσϐύτερος·
2598 2228 2714 2284 ἀλλ’
2739 2229 2862 2300 οὐχὶ
2899 2230 2932 2300 ἡ
2963 2229 3118 2301 σὰρξ,
3148 2229 3217 2299 ἢν
3255 2228 3571 2299 ἀνείληφεν,
3613 2226 3768 2279 ὲκεί-

2169 2339 2275 2376 νων
2309 2322 2567 2377 ἁπάντων
2600 2321 2815 2392 ὑπῆρχε
2846 2321 3271 2393 προγενεστέρα.
3303 2320 3417 2373 Οὐκ
3446 2318 3631 2392 ὀρθῶς
3673 2315 3769 2374 οὖν

2170 2416 2263 2469 ἐπὶ
2304 2414 2402 2486 τὴν
2431 2415 2614 2488 σάρκα
2644 2415 2958 2487 ὲξείληπται
3004 2415 3067 2470 τὸ
3120 2414 3319 2485 λόγιον.
3375 2415 3449 2467 Οὐ
3522 2413 3614 2466 διὰ
3668 2412 3770 2483 τὴν

2172 2511 2352 2579 σάρκα
2384 2508 2567 2562 τοίνυν
2590 2508 2742 2563 ταῦτ’
2766 2508 2950 2579 ἔλεγεν
2975 2509 3003 2561 ὁ
3031 2506 3242 2579 Σωτὴρ,
3303 2506 3392 2560 διὰ
3432 2505 3490 2559 δὲ
3522 2506 3585 2559 τὸ
3626 2521 3769 2577 προ-

2174 2601 2439 2673 ὓπάρχειν
2472 2602 2666 2667 αὑτὸν,
2718 2601 2813 2655 καὶ
2845 2599 3205 2673 καθηγεῖσθαι
3261 2599 3373 2670 (78)
3429 2598 3621 2654 πασῶν
3658 2599 3772 2652 τῶν

2171 2693 2306 2747 ὁδῶν
2333 2694 2427 2747 τοῦ
2460 2693 2618 2759 Θεοῦ,
2667 2691 2737 2758 ἀς
2777 2692 3001 2759 πάντες
3020 2696 3074 2747 οὶ
3103 2691 3289 2746 πάλαι
3320 2691 3621 2761 θεοφιλεῖς
3649 2692 3763 2745 ἇν-

2172 2783 2310 2852 δρες
2336 2784 2693 2841 ὡδεύκασιν.
2734 2785 2887 2838 Ἐπεὶ
2918 2785 2975 2838 δὲ
2997 2786 3026 2841 ὁ
3051 2783 3190 2848 θεῖος
3206 2782 3525 2845 Ἀπόστολος
3569 2781 3774 2850 λέγων,

2173 2873 2241 2930 Ὦ
2273 2876 2468 2944 βάθος
2496 2878 2766 2932 πλούτου
2793 2878 2891 2932 καὶ
2921 2878 3144 2946 σοφίας
3170 2875 3564 2946 etaim-(boer
3596 2874 3777 2939 Θεοῦ,

2173 2971 2256 3036 ὡς
2310 2970 2749 3038 ἀνεξερεύνητα
2804 2971 2878 3025 τὰ
2931 2970 3187 3039 κρίματα
3240 2969 3428 3025 αὑτοῦ
3516 2967 3615 3021 καὶ
3666 2965 3779 3020 ἀν·-

2174 3060 2544 3130 εξιχνίαστοι
2579 3064 2640 3115 αἱ
2668 3062 2792 3116 όδοὶ
2818 3061 3026 3127 αὐτοῦ,
3058 3061 3249 3133 ἐτέρας
3270 3059 3421 3124 τινὰς
3444 3060 3597 3121 ὁδοὺς
3638 3059 3777 3111 ὐπο-

2176 3148 2382 3213 δόιλλει,
2415 3149 2513 3213 τὰς
2541 3151 2906 3222 προνοητικὰς
2931 3150 3040 3203 τῶν
3066 3150 3225 3217 ὅλων,
3251 3150 3319 3204 δι’
3344 3144 3420 3204 ὧν
3467 3150 3781 3221 ἀπορρήτῳ

2177 3242 2377 3313 κρίσει,
2410 3243 2503 3296 καὶ
2526 3242 2706 3311 λόγοις
2731 3244 2843 3314 (79)
2888 3244 3173 3315 ἁλήπτοις,
3208 3244 3275 3297 τὰ
3325 3243 3619 3315 σύμπαντα
3655 3240 3779 3293 δια-

494 3346 646 3393 eerte
683 3348 805 3401 est,
841 3348 981 3394 utet
1010 3340 1202 3395 harum
1240 3340 1449 3395 viarum
1486 3355 1703 3412 quoque
1746 3339 2071 3409 principium

2179 3334 2416 3405 κυϐερνᾷ
2448 3336 2568 3407 θείᾳ
2598 3336 2863 3407 δυνάμει,
2919 3336 3213 3391 ἀκόλουθόν
3251 3338 3367 3388 ἐστι
3427 3335 3520 3387 καὶ¹
3567 3332 3781 3388 τούτων

493 3440 800 3487 statuamus
871 3432 1023 3487 illum
1066 3472 1081 3498 ,
1142 3434 1233 3502 qui
1290 3433 1467 3498 dixit,
1532 3431 1786 3486 Dominus
1839 3432 2074 3485 condidit

493 3539 576 3577 me
635 3525 954 3594 principium
1025 3526 1233 3579 viarum
1303 3541 1525 3579 suarum
1586 3527 1655 3578 ad
1728 3542 1886 3592 opera
1953 3542 2073 3580 sua.

496 3616 651 3682 Quod
725 3616 1011 3672 Marcellus
1078 3634 1184 3672 non
1250 3618 1555 3688 intelligens
1620 3619 1734 3673 vias
1804 3619 2076 3682 Domini,

494 3711 682 3763 statuit
738 3724 860 3765 esse
918 3724 1136 3764 carnem
1180 3709 1487 3765 Servatoris
1539 3710 1709 3765 nostri
1751 3725 1765 3763 :
1806 3715 1865 3773 ›Ι‹
1915 3709 2079 3763 inter—

496 3809 744 3872 prelatur
791 3800 884 3873 ill.
914 3800 1056 3875 XIII]
1110 3812 1163 3858 et
1213 3803 1341 3857 illud
1392 3818 1608 3873 quoque
1644 3803 1697 3857 in
1759 3805 1903 3857 hunc
1957 3818 2081 3859 sen-

497 3909 643 3962 sum,
678 3897 912 3950 condidit
964 3913 1045 3950 me
1116 3896 1431 3964 principium
1486 3896 1687 3950 viarum
1731 3911 1949 3949 suarum
2011 3894 2081 3948 ad

498 4003 656 4054 cpera
682 4005 801 4046 sua.
827 3989 1088 4055 Qumnatn
1121 3998 1302 4044 autem
1333 4003 1497 4058 opera
1530 3987 1683 4043 vult?
1711 3988 1799 4041 illa
1825 3987 2080 4042 nimirum

499 4079 567 4132 de
597 4080 795 4149 quibus
826 4081 1088 4134 Servator
1120 4080 1232 4148 ait,
1262 4079 1425 4134 Pater
1446 4095 1589 4134 meus
1619 4080 1792 4133 adhuc
1816 4089 2080 4147 operatur,

496 4179 547 4221 et
577 4185 671 4238 ego
700 4172 970 4235 operar".
1003 4170 1066 4223 Et
1086 4186 1299 4234 rursus,
1334 4169 1481 4238 Opus
1502 4169 1695 4240 perfeci
1750 4168 1906 4232 illud,
1943 4168 2082 4237 quod

496 4261 687 4314 dedisti
725 4261 934 4317 mihi”.
973 4260 1262 4332 Sulijungit
1294 4276 1497 4330 porro,
1544 4260 1698 4329 quasi
1751 4258 2082 4314 sententiam

499 4352 690 4405 horum
721 4354 1034 4421 exiillcallS:
1069 4372 1087 4404 ι
1121 4353 1384 4419 Quisnam
1416 4362 1540 4407 ante
1572 4351 1771 4406 factam
1799 4367 1895 4421 per
1920 4364 2083 4419 opera

504 4462 525 4495 ε
558 4446 1081 4499 demonstrationem
1138 4446 1482 4512 credidisset,
1517 4444 1661 4513 quod
1707 4442 1943 4498 Verbum
1991 4442 2084 4497 Dei

505 4551 526 4585 ι
558 4548 652 4602 per
681 4532 954 4605 Virginem
985 4546 1337 4604 generatum,
1371 4546 1611 4590 nostram
1639 4549 1857 4589 carnem
1900 4547 2087 4588 susce-

505 4639 526 4675 (
559 4624 767 4691 pisset?
793 4634 849 4679 et
880 4634 1061 4680 tamen
1098 4625 1410 4680 universam
1441 4625 1698 4680 deitatem
1732 4624 1785 4677 in
1818 4639 1875 4678 se
1903 4639 2087 4693 corpo-

504 4733 529 4767 ι
560 4715 747 4769 raliter
788 4719 1114 4772 residentem
1138 4717 1601 4774 demonstrasset?
1634 4737 1651 4769 ι
1683 4716 1748 4771 Et
1782 4717 1948 4771 veluti
1990 4720 2081 4788 qui

502 4807 831 4861 sententiam
862 4808 1101 4876 perfecte
1119 4808 1476 4878 explicuerat.
1505 4810 1654 4863 addit
1680 4826 1695 4863 :
1730 4826 1749 4859 ‹
1785 4808 1894 4864 Hoc
1926 4809 2089 4879 igitur

507 4917 529 4949 ε
553 4908 659 4963 est,
676 4897 931 4953 Dominus
960 4900 1198 4954 condidit
1219 4916 1299 4955 me
1317 4900 1634 4969 principium
1649 4900 1855 4953 viarum
1875 4914 2089 4953 suarum

508 5009 529 5043 ι
560 4992 632 5045 ad
664 5007 821 5060 opera
856 5009 976 5046 sua.
1010 5010 1029 5043 ι
1072 4992 1197 5048 Haec
1245 5003 1425 5048 autem
1477 4993 1699 5061 scripsit
1753 5006 1856 5046 non
1906 4990 2093 5045 valens

501 5099 617 5139 suae
640 5084 837 5139 mentis
886 5084 1077 5141 oculos
1123 5100 1339 5141 sursum
1381 5083 1655 5146 attollere,
1707 5098 1807 5138 nec
1869 5081 2093 5153 perinde

503 5190 571 5228 ac
621 5174 887 5243 propheta
938 5176 1147 5241 dicens,
1173 5173 1400 5240 Quando
1445 5172 1690 5227 intuebar
1731 5171 1886 5225 caelos
1936 5185 2095 5238 opera

503 5265 791 5336 digitorum
823 5275 1056 5333 tuorum,
1091 5268 1275 5321 lunam
1305 5276 1355 5322 et
1395 5265 1598 5330 stellas,
1636 5281 1769 5333 quas
1811 5272 1868 5316 tu
1904 5262 2097 5330 funda-

506 5358 573 5410 sti
592 5355 659 5408 ⁸⁸.
686 5353 798 5411 Nec
823 5357 884 5412 in
920 5359 1236 5414 memoriam
1269 5371 1534 5413 revocans
1565 5356 1843 5426 propheta:
1867 5353 2097 5416 dictum,

583 5550 642 5618 [It
679 5546 776 5601 Ed.
804 5546 1001 5605 Paris..
1039 5564 1162 5618 pag.
1208 5548 1330 5603 157.
1457 5548 1498 5581 ⁸⁷
1524 5555 1682 5602 Num.
1725 5561 1841 5618 3x1.
1874 5544 1964 5598 2’2.

508 5613 553 5647 “
580 5614 740 5671 Prov.
783 5633 902 5684 vnt,
938 5613 1053 5674 22$
1105 5613 1152 5651 "
1178 5619 1334 5675 Rom.
1364 5636 1441 5687 ιι,
1471 5620 1563 5676 '53.
1648 5618 1694 5650 ’³
1720 5615 1879 5674 Joan.
1908 5632 1961 5683 ν,
1998 5617 2079 5673 l7.

722 5802 887 5934 itii-go
913 5855 940 5903 ὁ
973 5854 1297 5934 Κύριοςᾳῖὴν
1322 5854 1459 5934 ὁδόν,

606 5919 699 6001 78)
730 5919 902 5977 Vuieo
927 5919 1116 5978 πασῶν
1150 5919 1287 5980 ὁδῶν
1310 5924 1405 5979 τοῦ
1441 5926 1669 5994 Κυρίου.

2088 5544 2129 5578 ¹⁸
2160 5546 2317 5601 Dent.
2359 5562 2488 5610 xxx,
2542 5548 2626 5603 15.

2161 5616 2206 5648 ’⁸
2236 5617 2393 5671 Joan.
2418 5633 2549 5683 χιιι,
2588 5620 2639 5673 4.
2720 5620 2765 5652 ’⁸
2808 5622 2946 5675 Psal.
2980 5636 3096 5684 vnt,
3133 5621 3185 5674 4.

2182 3427 2290 3481 τῶν
2322 3426 2459 3480 ὁδῶν
2502 3428 2678 3499 ἀρχὴν
2737 3425 2875 3483 εἶναι
2918 3428 3099 3497 λέγειν
3122 3429 3212 3481 τὸν
3255 3426 3537 3499 εἰρηκότα,
3560 3426 3780 3495 Κύριος

2183 3517 2383 3572 ἐκτισέ
2409 3536 2487 3589 με
2510 3519 2709 3588 ἀρχὴν
2732 3519 2888 3574 ὁδῶν
2909 3520 3094 3575 αὐτοῦ
3119 3522 3210 3586 εὶς
3235 3520 3380 3587 ἔργα
3416 3516 3605 3572 αὑτοῦ
3628 3534 3642 3546 ·
3666 3518 3694 3572 ὁ
3714 3517 3779 3571 δὲ

2188 3609 2264 3681 μὴ
2286 3612 2484 3683 νοήσας
2497 3611 2595 3676 τὰς
2611 3612 2762 3677 ὁδοὺς
2776 3613 2872 3666 τοῦ
2889 3605 3046 3677 Θεοῦ,
3078 3612 3175 3684 τὴν
3208 3612 3387 3685 σάρκα
3405 3611 3499 3666 τοῦ
3521 3611 3779 3682 Σωτῆρος

2187 3703 2359 3775 ἀρχὴν
2404 3704 2608 3759 τούτων
2656 3702 2792 3759 εἷναι
2826 3706 3182 3778 ἀπεφήνατο..
3225 3704 3548 3778 Ἐρμηνεύει
3582 3704 3641 3757 δὲ
3683 3705 3783 3758 καὶ

2185 3797 2267 3857 τὸ,
2302 3799 2391 3862 εἰς
2405 3798 2548 3867 ἔργα
2562 3796 2770 3862 αὑτοῦ,
2799 3797 3044 3868 φάσκων,
3055 3800 3341 3853 Ἐκτιονεν
3367 3793 3459 3851 οὖν
3468 3813 3567 3867 με,
3590 3798 3779 3867 φησὶν,

2187 3888 2385 3958 ἀρχὴν
2421 3887 2577 3944 ὁδῶν
2615 3888 2802 3943 αὐτοῦ
2844 3892 2932 3956 εὶς
2961 3890 3107 3960 ἔργα
3136 3888 3343 3944 αὐτοῦ.
3388 3889 3523 3941 Ποῖα
3551 3887 3609 3940 δὲ
3643 3887 3783 3956 ἔργα

2189 3979 2390 4051 accolit;
2424 3981 2553 4050 περὶ
2584 3973 2659 4034 ὧν
2700 3982 2729 4033 ό
2766 3982 2958 4053 Σωτὴρ
2987 3981 3156 4050 λέγει,
3194 3981 3246 4033 Ὁ
3269 3980 3471 4048 Πατήρ
3504 3997 3626 4049 μου
3669 3978 3783 4043 ἕως

2189 4070 2318 4138 ἄρτι
2359 4068 2683 4140 ἐργάζεται,
2733 4071 2895 4142 κάγὼ
2945 4071 3283 4142 ἐργάζομαι·
3332 4071 3428 4125 καὶ⁹
3476 4066 3654 4133 αὖθις,
3709 4069 3782 4122 Τὸ

2188 4162 2387 4232 ἔργον,
2420 4163 2606 4234 φησὶν,
2623 4164 2964 4229 ἐτελείωσα,
2987 4164 3018 4218 ὃ
3040 4163 3308 4231 δέδωκάςΔ
3317 4181 3439 4234 μοι.
3462 4158 3573 4216 Εἶθ’
3594 4160 3783 4230 ὥσπερ

2190 4252 2467 4323 διασαφῶν
2510 4255 2610 4327 τὴν
2661 4255 2772 4309 τῶν
2816 4257 3124 4329 εἰρημένων
3178 4255 3447 4321 διάνοιαν,
3504 4253 3779 4323 ἐπιλέγει·

2198 4364 2216 4396 ι
2257 4346 2354 4411 Τίς
2381 4346 2491 4420 γὰρ
2512 4348 2630 4420 πρὸ
2655 4348 2756 4420 τῆς
2775 4347 2887 4402 τῶν
2917 4350 3259 4421 πραγμάτων
3287 4348 3634 4415 ἀποδείξεως,
3661 4346 3783 4400 ἑπι-

2199 4457 2217 4489 r
2263 4455 2485 4492 στευσεν
2520 4438 2608 4505 ἂν,
2643 4442 2727 4494 ὅτι
2763 4440 2935 4509 Λόγος
2963 4440 3098 4493 Θεοῦ
3132 4440 3219 4494 διὰ
3242 4440 3515 4513 Παρθένου
3548 4438 3781 4509 τεχθεὶς,

2199 4548 2217 4580 ι
2259 4530 2361 4600 τὴν
2401 4531 2683 4602 ἡμετέραν
2713 4532 3048 4603 ἀναλήψεται
3076 4534 3286 4604 σάρκα.
3318 4533 3411 4587 καὶ
3456 4533 3558 4604 τὴν
3607 4533 3785 4585 πᾶσαν

2201 4641 2219 4673 ι
2263 4622 2495 4694 θεότητα
2554 4626 2611 4678 ὲν
2674 4626 2812 4697 αὐτῇ
2846 4626 3173 4696 σωματικῶς
3234 4625 3596 4691 ὲπιδείξεταις
3638 4643 3659 4677 s
3696 4624 3784 4676 καὶ

2116 4696 2161 4752 D
2190 4712 2380 4786 ῶσπερ
2409 4716 2599 4787 ἐντελῆ
2623 4716 2719 4789 τὴν
2746 4696 2987 4771 διάνοιαν
3010 4718 3242 4781 ἀποδοὺς
3274 4717 3488 4787 ἐπάγει·
3521 4736 3541 4767 ε
3580 4713 3784 4770 Οὐκοῦν

2172 4799 2216 4858 ἰ
2257 4806 2402 4860 τοῦτ’
2430 4808 2543 4862 ἔστι
2586 4809 2668 4874 τὸ,
2705 4811 2921 4879 Κύριος
2955 4811 3158 4865 ἔκτισέ
3180 4828 3256 4881 με
3276 4810 3474 4880 ἀρχὴν
3502 4809 3662 4863 ὁδῶν
3688 4811 3785 4864 αὺ-

2201 4917 2219 4949 ι
2260 4898 2367 4952 τοῦ
2392 4901 2481 4965 εἰς
2511 4902 2659 4970 ἔργα
2688 4902 2898 4957 αὐτοῦ.
2940 4922 2956 4953 ι
2993 4904 3102 4956 Καὶ
3128 4902 3303 4957 ταῦτα
3334 4902 3397 4973 δὴ
3435 4900 3701 4971 ἔγραφεν,
3730 4898 3782 4952 οὐ

2193 4988 2444 5061 δυνηθεὶς
2474 4992 2599 5055 τοὺς
2624 4992 2723 5064 τῆς
2750 4993 2992 5058 διανοίας
3024 4993 3335 5065 ὀφθαλμοὺς
3365 4996 3443 5055 εἰς
3474 4992 3609 5062 ῦψος
3638 4988 3783 5065 ἆραι,

2195 5080 2292 5133 καὶ
2330 5081 2409 5152 τῷ
2441 5085 2697 5157 προφήτῃ
2727 5086 3123 5159 παραπλησίως
3162 5090 3356 5148 εἰπεῖν,
3395 5086 3531 5139 Ὅτε
3569 5084 3785 5155 (Si-quat

2198 5171 2339 5239 τοὺς
2376 5176 2706 5243 οὐρανοὺς,
2742 5179 2889 5248 ἔργα
2924 5178 3044 5232 τῶν
3079 5179 3393 5233 δακτύλων
3423 5192 3541 5231 σου
3562 5219 3578 5242 ,
3602 5175 3782 5241 σελή-

2196 5280 2315 5332 νην
2348 5267 2447 5321 καὶ
2478 5268 2757 5338 ἀστέρας,
2794 5269 2834 5324 ἃ
2858 5270 2942 5325 σὺ
2964 5270 3383 5341 ἐθεμελίωσας·
3420 5269 3542 5322 οὐδὲ
3581 5283 3783 5339 μνημο-

2201 5356 2403 5424 νεύσας
2434 5358 2531 5413 τοῦ
2562 5361 2906 5435 προφητικοῦ
2936 5362 3116 5432 λόγου,
3144 5363 3210 5417 δι’
3235 5356 3297 5416 οῦ
3327 5361 3564 5433 εἴρηται,
3607 5361 3684 5414 Τὰ
3722 5356 3783 5411 δὲ

2777 5549 2988 5605 "Psal.
3028 5566 3071 5611 ι.
3103 5553 3156 5605 6.
3311 5547 3358 5579 ¹⁰
3399 5545 3511 5601 Jer.
3562 5556 3651 5610 vt,
3704 5536 3759 5593 ιε

2280 5856 2392 5925 (79)
2425 5854 2590 5928 Vulgo
2626 5854 3046 5925 ἀκαταλήπτοις.
