3970 6548
249 460 389 523 985

1262 472 1349 528 DE
1391 470 1932 532 ECCLESIASTICA
1970 472 2361 533 THEOLOGIA
2402 476 2527 539 LIB.
2568 477 2656 536 Ill.

3445 481 3553 541 986

248 581 427 652 ἔργα
464 586 686 654 Κυρίου
729 590 841 643 οὐκ
881 586 1249 659 ἐμϐλέπουσι
1271 630 1285 655 ,
1318 590 1419 645 καὶ
1460 591 1533 646 τὰ
1576 590 1719 660 ἔργα
1752 588 1870 644 τῶν

1992 607 2080 663 [uo
2099 592 2195 655 ait.
2219 593 2389 663 Opera
2412 606 2587 650 autem
2604 596 2815 653 Domini
2831 613 2935 654 non
2948 599 3310 663 intuebuntur,
3327 608 3377 654 et
3395 616 3555 668 opem

252 675 498 745 χειρῶν
548 680 737 736 αὐτοῦ
795 683 866 737 οὐ
929 686 1352 741 κατανοοῦσιν.
1405 686 1468 739 Εἰ
1512 685 1621 757 γὰρ
1664 684 1870 748 τούτοις

255 773 674 843 προσεσχήκει,
709 773 850 843 ἔγνω
876 776 964 843 ἂν,
998 777 1077 831 ὅτι
1111 777 1218 850 πρὸ
1244 776 1471 849 οὐρανοῦ
1500 777 1600 831 καὶ
1630 776 1731 846 γῆς
1773 776 1869 829 καὶ

257 862 392 932 πρὸ
427 863 525 917 τοῦ
561 856 881 937 σώματιαντος⁸
900 868 1127 941 κόσμου,
1160 872 1254 924 καὶ
1289 871 1350 924 οὐ
1380 870 1484 941 πρὸ
1517 868 1627 921 τῶν
1658 867 1869 941 ὁρατῶν

263 954 448 1023 μόνον
491 956 629 1010 ἀλλά
675 958 769 1011 καὶ
815 959 951 1031 (80).
1000 961 1105 1033 πρὸ
1137 962 1245 1015 τῶν
1282 960 1490 1034 νοητῶν
1540 960 1717 1032 ἔργων
1775 958 1869 1014 τοῦ

260 1047 419 1102 θεοῦ
451 1048 561 1102 τῶν
591 1050 648 1103 ὲν
687 1052 1000 1123 ἀσωμάτοις
1033 1056 1128 1107 καὶ
1157 1052 1552 1124 ὑπερκοσμίοις
1580 1050 1871 1122 δυνάμεσιν

265 1142 335 1193 ὲν
373 1140 675 1195 ὑποστάσει
706 1144 874 1197 ὄντων
895 1183 910 1208 ,
950 1140 1019 1216 ἦν
1053 1146 1147 1198 καὶ
1185 1144 1362 1217 προῆν
1392 1144 1435 1198 6’
1469 1144 1643 1198 ταῦτα
1676 1142 1869 1211 λέγων.

280 1232 351 1286 ’0
376 1233 437 1287 δὲ
479 1235 720 1306 μεταϐὰς
749 1238 840 1290 ἐπὶ
869 1237 951 1300 τὸ,
985 1237 1105 1307 Πρὸ
1135 1238 1240 1291 τοῦ
1268 1236 1484 1303 αἰῶνος
1515 1236 1873 1305 ἐθεμελίωσέ

260 1342 378 1394 με,
411 1326 577 1381 πάλιν
613 1327 713 1400 τὴν
754 1329 932 1401 σάρκα
971 1330 1051 1392 εἰς
1098 1329 1260 1401 μέσον
1296 1329 1419 1397 ἄγει
1454 1327 1626 1395 λέγων
1662 1325 1833 1390 οὕτως
1855 1343 1869 1356 θ

274 1436 299 1469 ι
349 1419 642 1490 Θεμέλιον
663 1420 849 1475 τοῦτον
878 1422 1178 1494 ὀνομάζων,
1208 1421 1307 1494 τὴν
1335 1420 1476 1475 κατὰ
1502 1420 1679 1489 σάρκα
1707 1418 1872 1472 αὐτου

278 1530 298 1559 ι
346 1511 773 1583 προορισθεῖσαν
796 1514 1124 1585 οἰκονομίαν.
1160 1514 1245 1576 Ὦς
1268 1511 1362 1565 xui.
1385 1514 1413 1565 6
1445 1509 1763 1573 Ἀπόστολος
1788 1508 1874 1561 λέ-

279 1619 301 1653 ‹
348 1620 475 1672 γει·
507 1604 792 1672 Θεμέλιον
814 1605 924 1676 γὰρ
943 1605 1137 1659 ἄλλον
1164 1604 1361 1670 οὐδεὶς
1382 1603 1629 1658 δύναται
1666 1600 1873 1664 θεῖναι,

278 1723 301 1743 ι
354 1693 519 1764 παρὰ
547 1696 653 1749 τὸν
685 1697 986 1766 κείμενον,
1017 1695 1085 1761 ὅς
1099 1696 1269 1750 ἐστιν
1284 1696 1524 1765 Ἰησοῦς
1547 1694 1819 1762 Χριστός.
1849 1712 1868 1745 ι

272 1786 402 1838 Καὶ
441 1786 718 1855 ἐπιλέγειο
754 1806 772 1838 ι
797 1787 945 1851 Ἐνδς
992 1787 1048 1841 δὲ
1080 1788 1273 1851 αἰῶνος
1300 1786 1533 1841 ἐνταῦθα
1582 1788 1872 1857 μέμνηται,

284 1897 305 1929 ι
355 1880 454 1947 ἀφ’
488 1872 549 1932 οὗ
593 1878 661 1931 τὰ
690 1877 834 1932 κατά
877 1878 968 1932 τὸν
1015 1879 1247 1950 Χριστὸν
1276 1876 1703 1948 τεθεμελιῶσθαι
1746 1874 1871 1946 ἔφη,

1983 699 2235 739 manuum
2281 686 2446 754 ipsius
2497 703 2599 742 non
2632 688 2922 760 intelligent
2946 689 3014 745 ²⁶.
3065 687 3198 743 Nam
3258 689 3305 744 si
3347 690 3413 744 ad
3454 689 3556 744 ista

1978 776 2301 833 attendisset
2339 778 2604 845 animum,
2658 778 2787 834 illud
2838 781 3029 850 utique
3084 795 3413 853 cognoscere
3459 796 3555 851 po-

1981 867 2173 922 tuisset
2191 908 2206 931 .
2234 870 2379 938 quod
2406 878 2536 925 ante
2565 870 2760 924 coelum
2793 880 2849 926 et
2875 879 3075 926 terram
3096 911 3112 938 ,
3134 881 3260 927 ante
3294 872 3555 927 mundum

1980 960 2315 1027 universum,
2377 977 2481 1017 nec
2513 971 2639 1017 ante
2670 963 2783 1018 sola
2816 964 3045 1018 visibilia
3070 1004 3086 1030 ,
3141 966 3235 1021 sed
3273 974 3328 1020 et
3367 965 3557 1020 invisi-

1980 1050 2129 1113 bilia,
2163 1060 2218 1106 et
2244 1062 2371 1106 ante
2403 1068 2566 1123 opera
2594 1053 2687 1107 Dei
2730 1053 3135 1119 intellectualia,
3183 1072 3303 1126 qua:
3347 1057 3400 1111 in
3453 1072 3554 1126 po-

1984 1143 2168 1198 tentiis
2188 1142 2429 1199 relucent
2456 1145 2818 1214 incorporeis,
2849 1155 2901 1201 et
2925 1149 3393 1212 extramundanis,
3418 1159 3554 1214 erat,

1980 1244 2034 1290 et
2075 1245 2307 1305 praeerat
2330 1236 2396 1301 is,
2433 1237 2524 1305 qui
2553 1236 2655 1291 ista
2687 1236 2943 1306 loquitur.
2988 1236 3081 1293 llle
3122 1250 3322 1303 autem,
3355 1241 3555 1295 transi-

1984 1322 2133 1377 tione
2184 1322 2325 1378 facta
2370 1324 2435 1377 ad
2467 1325 2617 1392 illud,
2666 1325 2800 1380 Ante
2846 1326 3041 1380 saecula
3081 1328 3321 1397 {undavit
3370 1346 3473 1393 me,
3502 1332 3557 1385 in

1985 1415 2217 1469 medium
2251 1416 2427 1471 denuo
2459 1416 2678 1471 adducit
2703 1433 2945 1486 carnem,
2971 1420 3222 1489 inquiens
3250 1419 3339 1492 [ιι.
3368 1420 3507 1494 XIV]
3539 1440 3555 1477 :

1988 1526 2006 1559 ι
2042 1508 2116 1563 Ita
2144 1508 2196 1563 in
2227 1524 2391 1564 carne
2425 1510 2540 1579 ejus
2582 1512 3005 1580 przeordinatam
3038 1515 3394 1568 mconomiam
3416 1555 3432 1581 ,
3465 1530 3559 1571 vo-

1987 1618 2005 1652 ι
2038 1608 2127 1654 cat
2156 1599 2560 1669 fundamentum
2607 1616 2624 1655 :
2677 1604 3133 1671 quemadmodum
3174 1615 3228 1661 et
3269 1606 3560 1677 Aposmlus

1987 1709 2006 1742 ι
2037 1690 2293 1761 loquitur,
2328 1689 2761 1748 Fundamentum
2789 1711 2935 1749 nemo
2966 1696 3114 1750 aliud
3134 1706 3307 1766 potest
3350 1714 3559 1766 ponere,

1988 1801 2006 1833 ι
2036 1794 2225 1851 praeter
2252 1783 2386 1838 illud
2414 1786 2553 1854 quod
2590 1786 2819 1854 positum
2847 1796 2954 1855 est,
2982 1789 3070 1854 qui
3101 1799 3175 1842 est
3217 1788 3374 1843 Jesus
3411 1789 3564 1844 Chri-

1990 1893 2008 1926 ι
2042 1885 2153 1929 stus
2178 1876 2243 1930 '7.
2285 1895 2304 1928 ι
2324 1876 2519 1931 Addit:
2545 1894 2563 1927 ι
2590 1876 2763 1933 Unius
2781 1888 2960 1932 autem
2985 1880 3167 1936 saeculi
3194 1881 3353 1935 isthic
3371 1882 3562 1936 memi-

285 1989 306 2021 s
358 1972 539 2025 καίτοι
572 1970 785 2024 πολλῶν
826 1971 1277 2044 παρεληλυθότων
1320 1968 1552 2034 αἰώνων,
1598 1968 1673 2031 ob;
1710 1969 1739 2020 6
1778 1969 1884 2020 Δα-

1992 1985 2011 2017 ι
2049 1966 2150 2031 nit,
2178 1966 2232 2021 in
2260 1982 2367 2037 quo
2394 1982 2455 2023 ea
2481 1984 2608 2039 quae
2635 1970 2700 2025 ad
2728 1969 3001 2026 Christum
3036 1981 3305 2042 spectant,
3337 1973 3561 2027 fundata

285 2083 307 2112 ο
354 2064 441 2115 ϐὶδ
458 2062 583 2136 ἔφη.
600 2063 662 2116 Ὀ
685 2062 969 2133 ὑπάρχων
994 2062 1105 2131 πρὸ
1130 2061 1247 2116 τῶν
1265 2060 1513 2117 αἰώνων.
1540 2081 1558 2113 ι
1586 2059 1694 2114 Καὶ
1712 2075 1881 2130 μετα-

283 2154 397 2218 ϐὰς
428 2155 557 2225 ἑξῆς
590 2157 683 2208 ἐπὶ
714 2154 776 2208 τὸ
803 2156 873 2209 ἐν
902 2153 1063 2224 ἀρχῇ
1091 2154 1204 2222 πρὸ
1241 2152 1346 2207 τοῦ
1399 2152 1516 2222 τὴν
1570 2150 1687 2222 γῆν
1711 2150 1881 2220 ποιῆ-

284 2264 422 2312 σαι,
464 2249 557 2302 καί
601 2248 698 2319 τὴν
736 2249 841 2320 γῆν
892 2248 1053 2302 πάλιν
1096 2247 1193 2318 τὴν
1269 2246 1449 2317 σάρκα
1523 2240 1659 2298 εἶναι
1711 2244 1879 2312 λέγει.

284 2340 578 2413 Γράφειδὲ
609 2340 769 2394 οὕτω·
814 2360 831 2392 ι
867 2343 1033 2395 Ποίαν
1086 2337 1290 2409 ταύτην
1343 2336 1439 2408 τὴν
1482 2334 1884 2406 γῆν;ἢδηλον-

292 2451 317 2485 e
363 2434 446 2488 ότι
476 2434 573 2505 τήν
603 2432 878 2505 ἡμετέραν
913 2431 1114 2502 σάρκα,
1145 2429 1244 2501 τὴν
1279 2428 1417 2500 μετὰ
1470 2427 1569 2497 τὴν
1598 2424 1884 2497 παρακοήν

293 2544 318 2578 s
359 2525 467 2594 γῆν
502 2522 659 2589 αὖθις
696 2524 1025 2595 γενομένην·
1058 2520 1150 2590 Γῆ
1191 2521 1303 2590 γὰρ
1344 2516 1417 2584 εἷ,
1448 2518 1634 2590 φησὶν,
1670 2517 1767 2570 καὶ
1798 2519 1887 2583 εἰς

296 2637 321 2670 ι
362 2616 482 2687 ¹Γῆν
528 2618 860 2685 ἀπελεύσῃ.
922 2614 1069 2669 Ἔδει
1116 2614 1226 2685 γὰρ
1274 2611 1480 2684 ταύτην
1549 2610 1743 2674 ἰάσεως
1788 2627 1887 2663 τυ-

299 2730 320 2761 (
365 2712 500 2779 χεῖν.
545 2728 563 2759 ι
610 2708 721 2761 Καὶ
758 2708 933 2761 ταῦτα
972 2707 1029 2760 δὲ
1069 2705 1290 2776 φάσκει,
1318 2704 1377 2756 οὐ
1437 2701 1816 2775 μνημονεύσας
1858 2702 1887 2754 6

296 2800 611 2871 σοφώτατος
639 2801 713 2864 ώς
740 2802 833 2854 καὶ
858 2799 1116 2871 ἀνωτέρω
1139 2798 1245 2869 πρὸ
1270 2796 1365 2851 τοῦ
1395 2796 1494 2868 τὴν
1522 2796 1625 2867 γῆν
1662 2794 1887 2864 ποιῆσαι

292 2894 547 2948 ἐκτίσθαι
591 2893 690 2965 τὴν
740 2894 920 2966 σάρκα
957 2890 1132 2964 ἀρχὴν
1172 2889 1308 2943 ὁδῶν
1345 2888 1439 2941 τοῦ
1485 2886 1618 2941 Θεοῦ
1652 2884 1889 2959 εἰρηκὼς

295 2988 511 3059 ἔτυχεν.
545 2989 608 3040 Εἰ
645 2987 700 3040 δὲ
731 2987 867 3050 ὅλως
899 2985 987 3039 διά
1020 2986 1118 3056 τῆς
1155 2983 1256 3053 γῆς
1297 2980 1396 3053 τὴν
1437 2979 1638 3049 σάρκα
1674 2978 1889 3050 ἐδήλου,

296 3081 418 3143 πῶς
447 3079 509 3132 οὐ
553 3080 927 3150 προϋπάρχειν
968 3076 1069 3147 τῆς
1104 3074 1304 3145 σαρκὸς
1346 3072 1561 3144 ἀνάγκη
1608 3070 1892 3143 ὁμολογεῖν

295 3172 390 3226 τὸν
418 3171 648 3239 λέγοντα
678 3170 782 3241 πρὸ
814 3168 907 3222 τοῦ
950 3168 1049 3240 τήν
1078 3167 1180 3237 γῆν
1225 3167 1448 3237 ποιῆσαι
1494 3165 1684 3219 ἑαυτὸν
1711 3160 1885 3227 εἶναις

298 3263 422 3334 Πρὸ
462 3262 573 3335 γὰρ
616 3262 723 3316 τοῦ
768 3260 1012 3327 αἰῶνος,
1057 3260 1242 3332 φησιν,
1286 3256 1645 3327 ἐθεμελίωσέ
1673 3274 1770 3326 με,
1821 3257 1893 3311 ἐν

299 3355 464 3427 ἀρχῇ
494 3355 608 3423 πρὸ
646 3354 752 3408 τοῦ
785 3353 900 3422 τὴν
937 3350 1051 3423 γῆν
1101 3350 1375 3420 ποιῆσαι.
1418 3349 1627 3405 Οὐκοῦν
1661 3350 1766 3422 πρὸ
1792 3347 1890 3402 τοῦ

297 3448 403 3522 τὴν
443 3450 625 3520 σάρκα
664 3446 887 3517 ποιῆσαι
919 3446 947 3497 6
997 3443 1169 3497 ταῦτα
1212 3442 1385 3511 λέγων
1420 3442 1684 3513 ὑπῆρχεν.
1726 3442 1789 3496 Εἰ
1833 3440 1892 3495 δὲ

303 3542 399 3613 καί
433 3538 746 3612 μήπολλῶν
784 3536 995 3591 αἰώνων
1026 3535 1451 3607 ἐμνημόνευσεν,
1488 3531 1601 3586 ἀλλ’
1644 3532 1784 3597 ἑνὸς,
1828 3523 1889 3584 οὗ

244 3660 249 3661 ί
302 3635 398 3688 καὶ
438 3635 467 3687 6
499 3632 689 3701 Σωτὴρ
732 3629 977 3701 ἐμνήσθη
1018 3626 1217 3691 εἰπὼν,
1258 3629 1323 3680 Οἱ
1364 3626 1483 3680 υἱοὶ
1528 3625 1637 3679 τοῦ
1676 3624 1893 3688 αἰῶνος

304 3721 519 3775 τούτου
552 3718 812 3790 γαμοῦσι
843 3718 940 3771 καὶ
973 3718 1365 3787 γαμίσκονται
1385 3756 1399 3781 ,
1450 3716 1544 3769 καὶ
1579 3714 1750 3779 οὕτως
1795 3716 1893 3786 οὐχ

303 3814 338 3883 ή
366 3810 504 3882 σὰρξ
527 3812 593 3883 ἢν
623 3810 911 3882 ἀνείληφεν
939 3812 966 3863 6
995 3809 1184 3881 Σωτὴρ
1215 3807 1375 3879 ήμῶν
1404 3808 1511 3879 πρὸ
1539 3807 1636 3860 τοῦ
1661 3805 1891 3860 ἐνεστῶ-

302 3920 396 3966 τος
420 3902 617 3966 αἰῶνος
644 3903 858 3974 ὑπῆρχε
878 3918 891 3932 ·
936 3900 1048 3954 ἀλλ’
1078 3900 1240 3963 αὐτὸς
1265 3902 1293 3953 6
1329 3898 1500 3953 ταῦτα
1530 3898 1618 3952 διὰ
1645 3897 1895 3969 Σολομῶ-

304 4013 395 4060 νος
420 3996 709 4062 διδάσκων,
736 3996 867 4066 ὁρᾷς
893 3996 994 4067 ὅσῃ
1024 3992 1414 4066 περιπέπτωκε
1436 3992 1712 4064 δυσχωρίᾳ
1741 3993 1768 4043 6
1794 3992 1895 4062 τῆς

304 4088 522 4152 εὐθείας
553 4089 649 4142 καὶ
683 4087 794 4158 (81)
833 4086 1116 4158 βασιλικῆς
1159 4086 1539 4156 παρατραπεκ
1579 4085 1720 4139 ὁδοῦ.
1760 4084 1816 4136 '0
1839 4083 1895 4137 δὲ

305 4178 446 4251 πρὸς
486 4182 606 4243 ταῖς
636 4177 954 4249 εἰρημέναις
989 4176 1068 4229 ἔτι
1109 4176 1205 4229 καὶ
1247 4174 1423 4229 ταῦτα
1453 4174 1777 4247 προστίθησι
1808 4173 1896 4226 λέ-

305 4288 452 4341 γων·
488 4270 607 4341 Πρό
647 4270 751 4323 τοῦ
781 4268 885 4335 τὰς
916 4269 1230 4333 ἀϐύσσους
1267 4266 1552 4337 ποιῆσαι,
1585 4266 1778 4337 φησιν’
1812 4266 1898 4318 ὲν-

305 4364 483 4420 ταῦθα
515 4365 612 4427 τὰς
653 4363 921 4425 ἀϐύσσους
966 4360 1351 4434 παροιμιωδῶς
1393 4363 1421 4414 6
1466 4362 1753 4432 προφήτης
1797 4359 1897 4422 τὰς

306 4457 414 4510 τῶν
457 4455 627 4524 ἁγίων
678 4455 905 4525 καρδίας
945 4450 1083 4507 εἶναι
1124 4453 1308 4523 λέγει,
1342 4452 1441 4515 τὰς
1491 4455 1547 4505 ἐν
1577 4451 1657 4523 τῷ
1690 4450 1898 4505 ἑαυτῶν

1918 3308 1961 3367 C

1989 2080 2007 2113 ι
2040 2077 2160 2118 esse
2184 2062 2334 2126 dicit,
2365 2078 2485 2116 cum
2507 2070 2686 2118 tamen
2720 2062 2869 2134 plura
2894 2063 3278 2133 praeteriissent
3318 2062 3514 2118 saecula
3543 2080 3558 2117 :

1992 2170 2011 2205 ι
2049 2153 2191 2222 quod
2215 2162 2269 2207 et
2306 2152 2475 2207 David
2525 2151 2776 2219 allii-mat,
2820 2155 3092 2221 inquiens,
3123 2153 3225 2220 Qui
3275 2163 3387 2209 erat
3439 2164 3563 2209 ante

1990 2264 2009 2297 ι
2047 2244 2243 2301 sarcula
2270 2245 2337 2297 ’⁸.
2370 2264 2388 2297 ›
2414 2243 2737 2313 Progressus
2762 2244 2889 2301 hinc
2915 2247 2981 2301 ad
3018 2246 3166 2311 illud,
3196 2244 3262 2300 In
3281 2248 3559 2316 principio,

1986 2338 2292 2407 priusquam
2342 2346 2537 2391 terram
2578 2336 2843 2403 conderet,
2896 2337 2968 2392 ibi
2999 2337 3174 2393 denuo
3209 2348 3408 2392 terram
3441 2352 3564 2393 esse

1985 2443 2207 2485 carnem
2252 2438 2554 2487 asseverat.
2586 2447 2605 2482 ι
2634 2429 2935 2497 Quamnam
2976 2446 3106 2486 vero
3163 2430 3401 2486 terram?
3433 2450 3452 2483 ι
3474 2420 3563 2487 ita

1989 2524 2064 2578 ait
2092 2540 2106 2576 :
2142 2542 2161 2575 ι
2193 2533 2341 2579 certe
2370 2539 2475 2578 non
2504 2524 2664 2578 aliam
2688 2541 2851 2594 quam
2882 2540 3103 2579 carnem
3128 2535 3369 2580 nostram
3399 2540 3413 2578 :
3444 2541 3564 2596 qua:

1993 2635 2011 2666 ι
2052 2626 2173 2682 post
2206 2617 2713 2686 transgressionem,
2773 2617 2918 2670 terra
2971 2616 3187 2670 demum
3240 2616 3388 2672 facta
3438 2617 3565 2673 fuit.

1995 2728 2014 2762 ι
2054 2707 2218 2765 Terra
2244 2725 2296 2764 es
2331 2708 2490 2771 enim,
2527 2708 2732 2778 inquit,
2762 2717 2811 2763 et
2863 2709 2919 2762 in
2964 2719 3160 2762 terram
3212 2710 3564 2765 reverteris".

1994 2817 2015 2852 ι
2045 2800 2139 2854 Illa
2173 2801 2375 2857 etenim
2426 2798 2761 2871 persananda
2808 2798 3007 2853 fuerat.
3044 2818 3063 2851 ι
3098 2797 3223 2854 Haec
3261 2807 3440 2855 autem
3491 2800 3567 2856 ita

1989 2891 2190 2962 posuit.
2219 2906 2329 2947 non
2356 2891 2694 2952 recordatus,
2720 2904 2818 2959 pro
2846 2904 2942 2945 sua
2972 2890 3235 2959 sapientia
3260 2892 3401 2960 quod
3433 2892 3569 2947 dici-

1993 2993 2101 3050 tur,
2169 2982 2486 3053 priusquam
2545 2994 2689 3038 terra
2745 2983 3114 3048 conderetur,
3175 2992 3415 3037 creatam
3461 2984 3569 3040 dici

1991 3092 2215 3133 carnem
2245 3077 2569 3147 principium
2600 3077 2809 3131 viarum
2837 3076 2956 3133 Dei.
2984 3074 3137 3143 Quod
3184 3076 3228 3131 si
3277 3091 3411 3133 vero
3471 3092 3571 3148 per

1993 3182 2193 3225 terram
2246 3168 2488 3223 indicare
2532 3167 2705 3223 voluit
2741 3184 2953 3222 carnem
2986 3182 3006 3222 :
3038 3166 3308 3237 quomodo
3353 3168 3571 3238 cogitur

1993 3259 2238 3315 conﬁteri
2267 3273 2373 3320 non
2420 3259 2694 3315 exstitisse
2738 3270 2866 3316 ante
2916 3273 3131 3316 carnem
3154 3260 3243 3330 qui
3269 3260 3398 3314 dicit
3431 3265 3490 3324 >3
3512 3273 3572 3314 se

1994 3352 2310 3422 priusquam
2351 3360 2494 3405 terra
2540 3352 2899 3417 conderetur,
2934 3350 3246 3407 exstitisse?
3284 3348 3419 3404 Nam
3450 3352 3573 3404 ante

1991 3441 2265 3508 swculum,
2316 3442 2511 3512 inquit,
2563 3443 2803 3513 fundavit
2843 3460 2958 3509 me,
3007 3444 3061 3496 in
3107 3441 3374 3513 principio
3419 3450 3572 3495 ante-

1992 3554 2149 3608 quam
2176 3547 2371 3590 terram
2397 3536 2614 3606 faceret.
2645 3538 2823 3606 Atque
2849 3539 2919 3591 ita
2960 3537 3051 3606 qui
3092 3538 3194 3591 ista
3228 3538 3292 3591 de
3326 3550 3385 3590 se
3415 3534 3571 3596 dixit.

1993 3640 2141 3685 certe
2166 3627 2461 3684 exsistebat
2491 3637 2617 3684 ante
2644 3627 3029 3684 carnarii.sNec
3076 3628 3241 3684 refert
3269 3625 3417 3698 quod
3463 3640 3575 3681 non

1994 3721 2309 3777 meminerit
2338 3722 2692 3793 plurimorum
2726 3720 3048 3776 smeulorum
3072 3760 3087 3785 ,
3122 3719 3218 3775 sed
3250 3718 3434 3784 unius,
3480 3731 3569 3773 cu.

1989 3813 2079 3885 jus
2107 3823 2160 3869 ct
2186 3811 2446 3869 Servator
2478 3813 2762 3882 meminit,
2787 3813 3069 3883 inquiens,
3097 3810 3229 3866 Filii
3268 3811 3426 3881 hujus
3471 3825 3575 3865 sw-

1997 3910 2103 3965 culi
2140 3910 2266 3965 dant
2298 3919 2346 3965 et
2384 3910 2645 3979 accipiunt
2678 3911 2732 3962 in
2774 3910 3167 3962 matrimonium
3200 3907 3267 3963 ³ο.
3293 3905 3471 3974 Atque
3501 3905 3577 3959 ita

1997 4019 2104 4059 non
2137 4017 2292 4064 caro,
2320 4016 2484 4071 quam
2524 3999 2761 4068 suscepit
2789 3998 3049 4052 Servator
3076 4006 3256 4051 noster
3283 4005 3409 4049 ante
3440 4008 3579 4062 prae-

1998 4112 2125 4153 sens
2176 4097 2278 4150 hoc
2335 4095 2591 4149 saaculum
2644 4092 2943 4145 exsistebat
2982 4104 2997 4143 :
3040 4089 3135 4144 sed
3170 4087 3284 4152 ille,
3328 4086 3417 4155 qui
3461 4085 3579 4140 hac

1974 4189 2191 4244 eadem
2248 4202 2343 4257 per
2387 4185 2732 4241 Salomonem
2784 4182 3001 4244 docuit;
3050 4181 3198 4235 vides
3232 4178 3319 4233 ille
3364 4177 3417 4232 in
3442 4190 3579 4247 quas

2003 4278 2291 4350 angustias
2335 4294 2393 4333 se
2441 4275 2758 4346 conjecerit,
2788 4273 2882 4343 qui
2925 4274 2991 4328 de
3034 4271 3180 4341 regia
3226 4280 3280 4326 et
3321 4278 3465 4325 recta
3492 4267 3580 4322 via

1997 4370 2306 4426 declinavit.
2326 4368 2406 4423 Ad
2438 4368 2522 4423 illa
2551 4366 2895 4422 autcmdicta
2926 4365 3173 4433 superius
3189 4370 3241 4417 et
3260 4361 3360 4416 ista
3383 4359 3532 4415 addit
3562 4377 3579 4415 :

2006 4481 2025 4513 ι
2064 4461 2383 4532 Priusquam
2432 4459 2678 4515 conderet
2733 4460 2945 4528 abyssos
2979 4472 2996 4510 :
3048 4455 3155 4519 hic,
3192 4454 3387 4523 inquit,
3421 4452 3585 4524 abys-

308 4549 465 4621 βάοει
505 4549 606 4620 τήν
640 4547 733 4602 τοῦ
776 4547 1086 4618 πνεύματος
1128 4547 1360 4617 ἐχούσας
1411 4544 1640 4617 δωρεάν⁸
1685 4544 1778 4598 καὶ
1836 4545 1885 4597 οὗ

2005 4569 2025 4604 ι
2063 4567 2153 4607 sos
2195 4549 2607 4621 proverbialiter
2645 4549 2906 4619 propheta
2935 4555 3243 4601 sanctorum
3268 4544 3434 4600 corda
3480 4556 3575 4613 ap-

308 4642 579 4713 συνίησιν,
612 4640 688 4705 ώς
727 4640 833 4711 πρὸ
870 4639 970 4709 τῆς
1025 4638 1291 4709 ὲνσάρκου
1339 4637 1452 4709 (89.)
1495 4635 1591 4689 τοῦ
1643 4635 1885 4707 Σωτῆρος

2007 4663 2025 4697 ι
2065 4644 2435 4714 pellavit,qute
2458 4646 2509 4696 in
2535 4657 2631 4697 sua
2660 4640 3023 4711 prolunditate
3042 4639 3262 4708 spiritus
3289 4638 3427 4692 dona
3456 4648 3582 4690 con-

309 4734 468 4805 ἡμῶν
514 4732 818 4804 παρουσίας
856 4733 907 4784 οἰ
947 4732 1091 4799 ἅγιοι
1134 4729 1227 4783 τοῦ
1270 4728 1405 4783 Θεοῦ
1448 4729 1746 4800 προφῆται,
1800 4726 1895 4780 τοῦ

310 4824 477 4879 αὐτοῦ
534 4825 794 4895 μετέσχον
838 4821 1178 4893 πνεύματος,
1214 4820 1419 4891 Μωσῆς
1465 4838 1525 4873 τε
1573 4820 1667 4873 καὶ
1718 4821 1768 4872 οἰ
1817 4818 1897 4872 ἔτι

309 4916 560 4980 Μωσέως
597 4915 967 4987 παλαιότεροι.
1006 4912 1215 4968 Οὐκοῦν
1249 4913 1463 4981 ἀνάγκη
1509 4911 1716 4964 τούτων
1753 4910 1899 4964 άπα-

313 5008 424 5061 σῶν
460 5007 570 5061 τῶν
603 5007 880 5071 ἀϐύσσων,
910 5006 960 5059 εἰ
984 5005 1049 5076 δὴ
1077 5006 1133 5058 αἰ
1176 5003 1283 5057 τῶν
1314 5004 1483 5071 ἀγίων
1513 5001 1730 5072 καρδίαι
1758 4996 1898 5072 ἦσαν

314 5093 497 5165 αὗται,
544 5098 898 5169 παλαιότερον
940 5094 1077 5152 εἶναι
1107 5096 1196 5151 τὸν
1234 5096 1482 5164 λέγοντα,
1515 5093 1635 5161 Πρὸ
1656 5093 1761 5147 τοῦ
1792 5095 1898 5160 τὰς

312 5196 631 5260 ἀϐύσσους
675 5192 946 5262 ποιῆσαι.
977 5190 1101 5254 Πῶς
1143 5186 1237 5244 οὖν
1274 5189 1499 5244 δυνατὸν
1543 5184 1611 5258 ῆν
1662 5188 1755 5241 ἐπὶ
1802 5186 1902 5258 τὴν

317 5286 499 5357 σάρκα
540 5284 635 5339 τοῦ
680 5283 931 5355 Σωτῆρος
982 5280 1350 5353 ἀναφέρεσθαι
1388 5278 1593 5343 tati-cat;
1626 5278 1739 5331 Kal.
1771 5276 1899 5348 μὴν,

2010 4755 2029 4789 ι
2071 4734 2335 4791 tinebant.
2380 4757 2398 4787 ι
2428 4734 2539 4790 Nec
2567 4733 3285 4804 intelligitquodantequam
3333 4730 3384 4785 in
3419 4740 3584 4783 carne

2005 4826 2262 4880 Servator
2312 4824 2632 4889 adveniret,
2680 4824 2850 4879 sancti
2903 4823 2998 4878 Dei
3035 4821 3310 4893 propheta:
3343 4817 3585 4889 ejusdth

2003 4916 2225 4987 spiritus
2270 4914 2703 4985 participabant;
2757 4913 2934 4969 Moses
2990 4913 3245 4968 nimirum
3297 4918 3351 4963 et
3406 4906 3585 4962 adhuc

2005 5008 2097 5062 illo
2126 5008 2474 5062 vetustiores.
2506 5006 2691 5075 Itaque
2721 5020 2948 5061 necesse
2976 5014 3057 5059 cst
3095 5000 3459 5070 antiquiorem
3502 4996 3587 5050 bis

2006 5098 2219 5170 abyssis
2249 5098 2318 5170 (si
2349 5098 2511 5153 modo
2544 5107 2854 5153 sanctorum
2884 5097 3047 5151 corda
3090 5095 3202 5148 sint
3241 5089 3443 5160 abyssi)
3489 5102 3588 5141 ex-

2006 5188 2214 5244 stitisse
2249 5187 2424 5255 illum,
2461 5188 2553 5257 qui
2589 5186 2759 5252 dixit,
2816 5186 3138 5254 Priusquam
3175 5180 3351 5251 abyssi
3396 5177 3590 5231 conde-

2009 5289 2214 5345 rentur,
2240 5290 2351 5335 etc.
2389 5280 2671 5347 Quomodo
2707 5280 2874 5348 igitur
2925 5277 2993 5331 ad
3025 5290 3248 5330 carnem
3282 5268 3593 5326 Servatoris

316 5380 371 5434 εἰ
393 5396 478 5442 τις
509 5377 659 5449 αὐτῷ
684 5378 860 5448 παρῆν
883 5376 994 5430 τῶν
1018 5376 1177 5430 θείων
1203 5371 1436 5443 Γραφῶν
1465 5371 1767 5443 ἐπιστήμη,
1801 5371 1885 5424 οὐ)

2010 5370 2203 5428 referri
2231 5374 2529 5443 poterant?
2562 5373 2744 5439 Certe,
2781 5372 2828 5426 si
2857 5370 2940 5426 vel
2978 5366 3240 5423 tantillam
3284 5364 3590 5419 divinarum

394 5554 455 5612 bis
483 5548 581 5602 Ecl.
611 5545 810 5610 Paris.,
843 5541 1123 5615 pag.'158.
1202 5542 1247 5575 “
1276 5540 1379 5595 lsa.
1414 5538 1582 5603 v.12.
1660 5537 1743 5591 "l
1778 5536 1904 5592 Cor.
1942 5553 2026 5603 ιιι,
2055 5537 2143 5593 Η.

384 5637 477 5686 xx,
516 5616 587 5673 54

394 5809 720 5882 (80i7Vulgo
740 5808 876 5863 ἀλλά
923 5809 1054 5882 [τῶν
1100 5805 1369 5878 ἀοράτων]
1430 5807 1541 5861 καί.
1594 5804 1713 5859 Mox
1743 5804 1901 5873 vulgo

322 5881 942 5961 βοειλέῖεογίιιιθῑνσξ
1001 5951 1026 5961 -
1187 5949 1198 5961 .
1567 5952 1579 5961 .
1817 5943 1839 5959 .

394 5952 510 6027 (8|)
552 5944 722 6021 Vulgo
780 5944 1063 6022 βασιλικῆς
1116 5949 1209 6003 καὶ
1250 5945 1484 6017 εὐθείας,
1532 5952 1585 6003 et
1629 5962 1773 6012 mox,
1816 5944 1901 5999 ὅδε

3381 5524 3425 5557 ⁸⁸
3459 5521 3595 5579 Luc.
3620 5564 3621 5567 η

2246 5537 2290 5567 ’⁸
2308 5534 2452 5593 Psal.
2490 5550 2621 5601 xcn,
2654 5536 2709 5590 2.
2813 5534 2857 5566 "
2889 5531 3024 5589 Gen.
3070 5545 3155 5599 In,
3185 5530 3270 5586 l9.

2014 5805 2197 5949 πρῗὲἀ)
2240 5872 2410 5944 Vulgo
2432 5886 2524 5925 τον
2549 5887 2657 5929 om.

2395 6002 2411 6033 \
