3970 6514
438 475 543 531 987

1106 466 1373 527 EUSEBII
1412 464 1890 525 CAESARIENSIS
1927 465 2079 523 OPP.
2120 465 2300 522 PARS
2341 466 2428 522 ιν.
2470 497 2536 506 ——
2578 466 2993 525 DOGMATICA.

3582 476 3688 529 988

439 599 847 667 Stzripturarum
879 590 1241 665 cognitionem
1273 594 1524 655 haberet,
1559 607 1664 645 non
1708 591 1778 643 ita
1812 589 2004 643 leviter

2111 588 2174 640 ἂν
2214 588 2452 659 εὐχερῶς
2495 587 2667 652 οὕτως
2709 590 2820 660 (85)
2866 592 3192 659 ἀπεφαίνετο
3221 592 3318 657 τὰς
3364 594 3471 647 τῶν
3516 596 3687 663 ἁγίων

438 700 493 744 et
517 686 678 742 facile
701 686 1119 742 determinasset
1160 694 1473 738 sanctorum
1520 682 1680 737 corda
1716 696 1834 735 esse
1878 686 2010 733 istas

439 777 685 849 abyssos.
730 776 997 831 Instantcr
1025 776 1172 829 adtlit
1201 776 1345 828 enim
1375 773 1580 839 Moses,
1608 773 1749 841 quod
1780 772 2011 849 tenebrat

440 878 778 938 erantsuper
804 869 1090 939 abyssum;
1121 866 1399 935 multiplex
1429 866 1522 921 sed
1542 863 1930 919 inextricabilis
1947 863 2011 916 de

442 962 562 1015 istis
587 977 766 1016 sermo
782 964 982 1015 scritur
1006 963 1056 1014 in
1084 960 1281 1013 divinis
1303 958 1543 1012 Litteris.
1564 955 1698 1009 Nam
1719 955 2011 1025 Apostolus

440 1055 537 1118 ait,
570 1051 652 1107 Ne
705 1054 922 1115 dixeris,
956 1052 1086 1117 Quis
1138 1052 1379 1105 ascendet
1435 1050 1492 1103 in
1541 1046 1767 1101 calum?
1809 1049 1905 1101 hoc
1936 1057 2009 1100 est

441 1145 708 1200 Christum
740 1146 1030 1206 deducere;
1065 1154 1154 1197 aut
1180 1142 1310 1208 Quis
1337 1140 1608 1195 descendet
1646 1143 1699 1192 in
1723 1139 2011 1210 abyssum?

442 1240 541 1291 hoc
565 1246 662 1304 est,
704 1236 975 1291 Christum
1026 1252 1052 1290 e
1103 1236 1325 1289 mortuis
1372 1233 1590 1287 educere
1611 1233 1675 1286 ³¹.
1723 1231 1779 1285 lu
1816 1233 2010 1300 quibus

441 1328 655 1382 videtur
719 1326 1013 1382 infernales
1063 1326 1311 1394 regiones
1374 1325 1602 1394 abyssos
1680 1322 2004 1377 nominasse.

441 1418 595 1485 Quod
619 1418 821 1472 clarius
866 1418 1043 1471 adhuc
1096 1416 1303 1469 indicat
1346 1415 1606 1469 Dominus
1655 1413 1766 1481 ipse
1817 1413 1868 1466 in
1921 1411 2010 1467 illo

441 1528 564 1566 cttm
590 1510 727 1565 Jobo
752 1511 1021 1579 colloquio
1048 1525 1163 1571 suo,
1202 1507 1345 1561 Vade
1371 1518 1544 1561 autem
1577 1506 1645 1559 ad
1674 1505 1864 1573 [autem
1896 1522 2011 1556 ma—

443 1600 536 1663 ris,
562 1608 635 1663 et,
670 1597 734 1652 In
766 1599 986 1669 vestigiis
1013 1599 1184 1667 abyssi
1210 1598 1497 1651 ambulain
1528 1613 1546 1651 :
1587 1596 1892 1664 aperiuntur
1917 1596 2009 1648 tibi

442 1707 551 1757 prta
575 1693 759 1744 timore
781 1692 962 1760 jauute
987 1691 1172 1742 ntortis
1198 1706 1217 1743 :
1248 1690 1512 1759 janitores
1545 1690 1740 1755 inferni
1782 1690 2007 1742 videntes

440 1790 511 1846 te,
537 1784 939 1836 contremiscunt
959 1783 1024 1835 “.
1059 1784 1163 1835 Sed
1193 1792 1247 1837 et
1279 1783 1453 1851 impia:
1474 1783 1525 1837 in
1547 1783 1744 1852 abysso
1768 1790 2004 1850 potesta-

444 1883 564 1929 tes:
593 1876 658 1927 de
687 1873 878 1942 quibus
906 1874 1107 1927 dictum
1138 1882 1241 1938 est,
1280 1872 1517 1927 Laudate
1551 1874 1701 1927 illum
1741 1873 1805 1927 de
1842 1882 2003 1937 terra,

2111 680 2336 749 καρδίας
2369 676 2504 732 εἶναι
2535 680 2631 741 τὰς
2656 680 2942 746 ἀϐύσσους,
2970 684 3267 755 ἐπιστήσας
3290 684 3364 749 ὡς
3395 686 3587 749 σκότος
3619 681 3689 755 ἦν

2112 771 2296 824 ἐπάνω
2333 772 2431 841 τῆς
2464 773 2721 839 ἀϐύσσου,
2754 773 2895 827 κατά
2929 774 3028 847 τὴν
3070 777 3310 841 Μωσέως
3355 778 3685 849 μαρτυρίαν,

2111 861 2204 914 καὶ
2244 862 2319 927 ὡς
2368 863 2537 925 πολὺς
2581 865 2674 917 καὶ
2711 865 3141 937 δυσερμήνευτος
3178 870 3205 921 6
3245 869 3369 939 περὶ
3402 868 3581 921 αὐτῶν
3630 870 3689 923 ἐν

2110 953 2174 1021 τῇ
2210 950 2329 1023 θείᾳ.
2363 954 2548 1024 Γραφῇ
2584 955 2807 1026 φέρεται
2844 955 3016 1024 λόγος.
3064 958 3119 1010 Ὀ
3155 959 3250 1028 μὲν
3280 959 3384 1029 γὰρ
3429 958 3689 1011 Ἀπόστο-

2110 1039 2218 1103 λος,
2258 1043 2313 1094 Μ
2323 1042 2354 1109 ἱι
2383 1044 2578 1110 εἴπῃς,
2605 1045 2758 1115 φησὶ,
2822 1046 2916 1110 Τίς
2939 1046 3297 1112 ἀναϐήσεται
3329 1049 3415 1111 εις
3443 1048 3551 1100 τὸν
3582 1050 3686 1101 οὑ-

2105 1136 2327 1202 ρανόν;
2356 1135 2511 1189 τοῦτ’
2548 1136 2679 1190 ἔστι
2729 1139 2987 1206 Χριστὸν
3030 1140 3397 1209 καταγαγεῖν.
3443 1144 3532 1202 Ἡ,
3592 1143 3688 1207 Τίς

2110 1230 2503 1294 καταϐήσεται
2526 1232 2610 1295 εις
2640 1230 2753 1298 τὴν
2772 1230 3081 1295 ἅϐυσσον;
3102 1233 3257 1285 τοῦτ’
3280 1234 3689 1300 ἐστι’Χριστὸν

2107 1323 2175 1375 ἐκ
2214 1321 2442 1390 νεκρῶν
2485 1323 2825 1392 ἀναγαγεῖν.
2874 1325 3057 1377 Ἐοικε
3109 1324 3237 1392 γοῦν
3284 1327 3341 1377 ἐν
3377 1325 3587 1388 τούτοις
3619 1325 3688 1378 τά

2109 1416 2201 1468 τοῦ
2236 1415 2360 1486 ᾅδου
2392 1416 2566 1487 χωρία
2602 1416 2925 1485 κεκληκέναι
2955 1416 3206 1470 ἀϐυσσον.
3239 1417 3347 1469 Kal
3376 1417 3535 1479 αὐτὸς
3564 1417 3623 1469 δὲ
3658 1419 3687 1471 6

2109 1506 2310 1579 Κύριος
2348 1508 2678 1577 σαφέστερον
2720 1506 2878 1561 τοῦτο
2918 1508 3152 1579 παρίστη
3198 1509 3255 1560 ἐν
3300 1507 3378 1577 τῷ
3411 1509 3548 1579 πρὸς
3594 1508 3685 1561 τὸν

2123 1597 2238 1651 Ἰὼϐ
2266 1598 2632 1669 χρηματισμῷ
2657 1599 2830 1667 λέγων
2856 1598 2964 1669 (84)
2982 1616 2994 1628 ⁸
3020 1595 3241 1665 Ἶιλθες
3265 1593 3449 1653 δὲ’ἐπὶ
3478 1599 3686 1668 πηγὴν

2107 1689 2441 1756 θαλάσσης,
2466 1690 2534 1743 ἐν
2553 1690 2621 1743 δὲ
2647 1691 2882 1759 ἴχνεσιν
2907 1691 3180 1745 ἀϐύσσου
3220 1689 3681 1758 περιεπάτησαςο

2107 1784 2445 1852 ἀνοίγονται
2483 1782 2550 1836 δέ
2587 1799 2686 1836 σοι
2733 1783 2894 1851 φόϐῳ
2925 1782 3108 1835 πυλαὶ
3148 1782 3443 1836 θανάτου·
3480 1786 3681 1835 πυλω-

2100 1876 2195 1944 ροὶ
2232 1875 2298 1928 δὲ
2331 1876 2479 1942 ᾅδου
2522 1875 2749 1941 ἰδόντες
2786 1891 2879 1937 σε,
2914 1874 3203 1941 ἔπτηξαν.
3254 1874 3362 1927 Καὶ
3385 1873 3482 1937 τὰς
3527 1876 3583 1925 ἐν
3616 1878 3680 1944 τῇ

436 1969 688 2022 dracones
708 1978 754 2021 et
775 1968 1029 2020 universtc
1050 1967 1300 2037 abyssi”.
1332 1967 1633 2020 Etnltet'ius
1658 1966 1809 2031 illud,
1836 1966 2006 2033 Super

2111 1967 2326 2039 ἀϐύσσῳ
2362 1968 2418 2021 δέ
2457 1967 2712 2038 δυνάμεις
2740 1967 3010 2038 πονηρὰς,
3042 1967 3167 2038 περὶ
3199 1960 3272 2019 ὧν
3302 1966 3538 2038 εἴρηται,
3588 1967 3687 2019 Αι-

438 2058 680 2125 abyssum
710 2057 955 2109 tenebra’.
989 2057 1061 2111 De
1090 2057 1287 2125 quibus
1315 2057 1391 2109 ait
1434 2056 1608 2110 Moses
1628 2097 1642 2121 ,
1685 2057 1747 2109 Et
1785 2058 2008 2111 tenebrat

437 2157 586 2202 erant
632 2165 785 2215 super
808 2148 1130 2217 abyssum“.
1181 2148 1303 2204 Ilaec
1358 2151 1537 2202 omnia
1581 2150 1670 2217 qui
1727 2150 2007 2203 addiscere

437 2248 671 2309 poterat,
706 2241 751 2293 si
780 2240 1022 2293 sedulam
1066 2242 1252 2293 saltem
1294 2256 1543 2309 operam,
1594 2250 1647 2294 et
1692 2256 1797 2295 non
1842 2240 2007 2309 negli-

436 2343 650 2403 gentem
677 2335 728 2387 in
760 2334 957 2387 divinis
992 2332 1207 2387 Litteris
1246 2334 1533 2402 posuisset,
1576 2338 1635 2395 rh
1677 2348 1782 2386 non
1824 2334 2007 2402 utique

437 2430 685 2477 vocasset
701 2433 1011 2477 sanctorum
1030 2422 1188 2476 corda
1205 2422 1427 2489 abyssos
1450 2438 1463 2473 :
1496 2420 1844 2474 intellexisset
1862 2422 2003 2474 enim

436 2515 704 2586 quomodo
743 2515 939 2568 dictum
989 2514 1103 2581 sit,
1138 2524 1209 2580 et,
1243 2516 1470 2584 Abyssus
1510 2517 1711 2568 invocat
1738 2516 2002 2583 abyssum.

435 2609 506 2661 ad
535 2624 703 2661 vocent
735 2617 1125 2660 cataractarum
1157 2619 1374 2661 tuarum
1394 2608 1468 2673 ³⁸,
1514 2618 1568 2661 et
1610 2608 1838 2670 iterum,
1872 2610 2003 2660 Tur-

436 2701 573 2753 bata:
602 2709 720 2753 sunt
757 2700 963 2769 abyssi,
1007 2699 1282 2751 multitudo
1312 2700 1513 2752 sonitus
1568 2696 1909 2768 aquarum",
1950 2705 2005 2748 et

431 2792 652 2854 iterum,
676 2792 912 2862 Abyssus
934 2802 1180 2861 tanquam
1202 2791 1349 2845 restis
1370 2790 1788 2844 circumamictus
1805 2788 1917 2856 ejus
1936 2787 2002 2840 ³⁷.

437 2882 562 2938 Haec
600 2892 654 2938 et
688 2884 771 2937 Itis
807 2882 1004 2937 similia
1055 2883 1291 2937 novisset
1335 2882 1611 2941 exactius,
1656 2881 1699 2933 si
1747 2896 1864 2949 qum
1906 2879 2004 2947 ipsi

431 2990 562 3031 cura
597 2975 849 3030 subiisset
892 2984 950 3028 ιιι
981 2976 1095 3029 haec
1141 2975 1465 3042 intelligeret
1504 2988 1518 3027 :
1551 2983 1608 3026 at
1669 2988 1810 3025 nunc
1858 2980 2003 3024 tanta

435 3068 550 3137 ipse
584 3066 878 3130 facilitate,
925 3077 1139 3135 tamque
1167 3065 1428 3121 dissolute
1475 3074 1783 3119 sanctorum
1839 3064 2002 3119 corda

430 3159 799 3227 pronuntiavit
836 3158 1080 3228 abyssos.
1123 3155 1230 3211 Nec
1265 3166 1437 3211 tamen
1476 3157 1546 3209 ita
1579 3154 2005 3222 intellexitquod

433 3249 517 3303 vel
546 3250 841 3305 secundum
875 3250 1014 3304 lianc
1048 3248 1589 3315 interpretationem,
1712 3246 1801 3313 qui
1845 3244 2002 3309 dixit,

2112 2060 2265 2115 νεῖτε
2295 2061 2479 2115 αὐτὸν
2510 2061 2577 2113 ἐκ
2612 2058 2722 2127 τῆς
2739 2057 2868 2128 γῆς.
2903 2056 3242 2127 δράκοντες,
3276 2058 3371 2110 καὶ
3406 2054 3599 2111 πᾶσαι
3627 2059 3685 2109 αι

2111 2150 2403 2205 ἄϐυσσοι·
2442 2150 2537 2204 καὶ
2580 2150 2657 2203 ἐτι
2688 2150 2776 2215 τὸ,
2819 2148 3054 2203 Ἐπάνω
3094 2142 3204 2216 τῆς
3234 2150 3509 2202 ἀϐύσσου
3541 2148 3661 2201 σκό

2112 2261 2240 2307 τος·
2272 2242 2398 2314 περὶ
2418 2236 2478 2295 οὗ
2517 2241 2724 2311 Μωσῆς
2762 2240 2888 2310 ἔφη,
2920 2240 3029 2293 Καὶ
3078 2239 3187 2311 (83)
3227 2241 3447 2303 σκότος
3485 2240 3689 2291 ἐπάνω

2111 2334 2220 2403 τῆς
2259 2335 2565 2389 ἀϐύσσου·
2604 2332 2775 2387 ταῦτα
2803 2333 2979 2386 πάντα
3020 2331 3225 2401 μαθὼν,
3281 2330 3437 2401 είπερ
3470 2324 3539 2400 ἦν
3568 2330 3691 2381 ἐπι-

2112 2427 2307 2487 πόνως,
2337 2425 2471 2479 ἀλλὰ
2517 2426 2591 2495 μὴ
2641 2423 2899 2493 ἐξιτήλως
2937 2424 3055 2486 ταῖς
3091 2423 3260 2485 θείαις
3311 2418 3689 2491 ἐντετυχηκὼς

2112 2518 2376 2588 Γραφαῖς,
2411 2518 2511 2569 οὐκ
2550 2516 2616 2568 ἂν
2649 2515 2745 2575 τὰς
2772 2514 2881 2566 τῶν
2909 2513 3080 2581 ἁγίων
3110 2512 3333 2582 καρδίας
3358 2510 3562 2580 ἐτόλμα
3606 2512 3688 2564 ei-

2112 2614 2231 2664 πεῖν
2258 2613 2356 2674 τὰς
2385 2608 2672 2670 ἀϐύσσους,
2699 2606 2837 2675 ἔγνω
2869 2606 2912 2658 δ’
2939 2605 3026 2668 ἂν,
3056 2606 3201 2669 ὅπως
3243 2604 3455 2677 είρηται
3480 2605 3575 2656 καὶ
3601 2602 3685 2663 τὸ.

2116 2698 2183 2751 Ἀ
2192 2700 2422 2764 ϐυσσος
2442 2699 2717 2752 ἄϐυσσον
2741 2696 3105 2750 ἐπικαλεῖται
3121 2698 3207 2761 είς
3220 2695 3429 2764 φωνὴν
3441 2692 3562 2748 τῶν
3585 2712 3687 2748 κα·

2111 2791 2450 2858 ταρῤακτῶν
2469 2804 2603 2844 σου⁸
2632 2790 2724 2843 καὶ
2738 2785 2911 2851 αὖθις,
2930 2787 3379 2856 Ἐταράχθησαν
3402 2788 3686 2849 ἄϐυσσοι,

2111 2882 2344 2950 πλῆθος
2369 2882 2557 2950 ἤχους
2580 2882 2816 2947 ὓδατοςο
2843 2880 2934 2932 καὶ
2952 2880 3131 2942 πάλιν,
3154 2879 3682 2949 Ἀϐυσσοςώςιμά-

2112 2992 2240 3027 τιον
2270 2974 2337 3027 τὸ
2380 2976 2761 3043 περιϐόλαιον
2787 2973 2992 3027 αὑτοῦ.
3030 2973 3211 3025 Ταῦτα
3256 2975 3349 3026 καὶ
3376 2974 3443 3025 τὰ
3474 2974 3687 3038 τούτοις

2111 3066 2312 3135 ἀδελφὰ
2349 3066 2704 3137 διηκρίϐωσεν
2738 3066 2823 3129 ἂν,
2856 3067 2908 3119 εί
2942 3084 3024 3129 τις
3052 3062 3119 3136 ἦν
3148 3066 3295 3136 αύτῷ
3336 3067 3556 3137 φρόντις
3588 3067 3687 3135 τῆς

2110 3159 2313 3213 τούτων
2356 3159 2711 3230 καταλήψεως
2743 3177 2756 3190 ο
2797 3160 2906 3231 (86)
2939 3158 3032 3213 νῦν
3080 3159 3135 3213 δὲ
3175 3158 3475 3229 προχείρως
3515 3158 3691 3220 οὕτως

2111 3253 2206 3306 καὶ
2239 3252 2629 3323 διαλελυμένως
2656 3252 2754 3316 τὰς
2784 3251 2892 3305 τῶν
2931 3251 3098 3319 ἁγίων
3134 3250 3358 3321 καρδίας
3390 3249 3488 3313 τὰς
3515 3250 3682 3303 ἀϐύσο

433 3342 754 3412 Priusquam
793 3345 1036 3395 conderet
1091 3342 1303 3410 abyssos
1347 3342 1560 3393 aderam
1600 3337 1766 3401 illi",
1816 3338 2006 3391 docere

2114 3361 2236 3407 σους
2285 3339 2422 3398 εἶναι
2470 3344 2889 3414 ἀποφηνάμενος
2911 3382 2923 3403 ,
2968 3342 3073 3395 οὐδ’
3105 3340 3279 3404 οὕτως
3312 3344 3543 3411 συνῆκεν
3566 3380 3579 3402 ,
3612 3342 3687 3403 ὡς

431 3432 603 3487 voluit
635 3448 693 3486 se
724 3431 1083 3484 antecessisse
1121 3439 1364 3497 tempore
1407 3438 1624 3481 sanctos
1665 3426 1784 3481 illos
1813 3436 1867 3480 et
1898 3426 2005 3479 Deo

431 3524 657 3579 dilectos
680 3524 826 3577 virus
858 3522 1004 3590 quia
1030 3520 1228 3575 saeculo
1273 3519 1488 3572 fuerunt
1515 3560 1530 3584 ,
1564 3527 1626 3571 ut
1676 3517 2007 3585 impossibile

428 3615 595 3670 fuerit
620 3613 932 3668 omnimodo
960 3626 1119 3665 voces
1157 3611 1274 3663 illas
1315 3610 1595 3679 praedictas
1635 3608 1781 3662 carni
1812 3607 2008 3661 Serva-

433 3706 567 3760 tori's
586 3706 864 3774 adaptare.
890 3703 935 3757 Is
954 3717 1080 3756 vero
1102 3702 1167 3755 ad
1193 3700 1352 3753 aliam
1378 3714 1696 3769 progressus
1718 3699 2005 3752 dictionem

429 3794 671 3863 ejusdem
718 3792 1050 3863 Scriptum,
1090 3807 1211 3846 eam
1261 3805 1477 3859 quoque
1527 3790 1579 3843 itt
1612 3789 1751 3863 lianc
1790 3798 2007 3842 senten-

431 3862 657 3942 tcntiam
697 3862 1082 3957 interpretatur
1122 3884 1211 3957 [ιι.
1251 3881 1369 3954 XX]
1411 3900 1423 3935 ε
1468 3899 1487 3932 t
1529 3862 1668 3949 Quid
1715 3896 1875 3951 porro
1902 3880 2004 3934 sibi

434 3998 455 4031 ε
486 3980 603 4035 vult
653 3988 707 4033 et
764 3978 894 4033 illttd
946 3988 1131 4047 caput,
1178 3977 1472 4044 Antequam
1522 3974 1789 4042 prodirent
1842 3970 2005 4041 fontes

434 4088 455 4121 1
487 4087 743 4141 aquarum
761 4070 842 4121 '9?
885 4069 1058 4123 Divini
1089 4081 1281 4136 nempe
1311 4064 1538 4134 apostoli
1570 4064 1804 4118 fuerant.
1835 4064 2005 4130 Quam

436 4182 453 4212 t
483 4160 809 4216 sententiam
861 4158 1139 4227 Scriptura
1190 4156 1345 4209 nobis
1387 4156 1438 4208 itt
1466 4156 1650 4208 Exodo
1701 4169 2005 4219 repracsen-

434 4274 454 4306 I
491 4264 567 4310 tat
617 4271 631 4307 :
674 4255 762 4308 ubi
822 4253 927 4323 ιγρὶ
963 4268 1149 4306 eorum
1195 4256 1707 4303 commemorantur.
1765 4244 2008 4298 Meminit

433 4366 453 4397 I
485 4347 629 4401 enim
665 4344 893 4399 fontium
934 4342 1005 4397 ibi
1052 4342 1333 4397 duodecim
1352 4339 1421 4403 ⁸⁸,
1468 4353 1590 4391 cum
1636 4336 1861 4391 totidem
1915 4352 2011 4388 nu-

432 4458 453 4490 ί
487 4452 636 4491 tnet'o
687 4434 910 4504 apostoli
972 4443 1173 4489 essent.
1215 4450 1232 4484 ι
1302 4430 1427 4485 lltec
1474 4445 1595 4483 cum
1666 4430 1831 4491 dicat,
1899 4442 2004 4481 non

429 4527 831 4593 animadvertit,
867 4525 1005 4593 quod
1044 4535 1095 4578 et
1148 4537 1222 4576 xu
1264 4532 1423 4574 erant
1464 4520 1682 4576 lsraelis
1719 4520 1913 4583 tribus,
1953 4528 2008 4572 et

429 4633 506 4673 xtt
546 4618 759 4671 illorum
806 4618 1146 4686 patriarcha).
1198 4614 1490 4667 Duodecim
1543 4613 1722 4665 itidem
1770 4610 2004 4679 prophe-

426 4720 498 4764 tze
522 4698 628 4762 uno
655 4709 793 4762 libro
828 4706 1224 4775 comprehensi.
1259 4704 1366 4758 Sed
1396 4712 1450 4757 et
1480 4718 1556 4756 xu
1599 4703 1651 4755 in
1679 4702 1764 4756 die
1798 4700 1947 4754 liora:
1984 4716 1997 4752 :

418 4810 483 4855 et
513 4801 566 4855 itt
613 4815 755 4853 anno
792 4813 864 4851 χιι
917 4812 1148 4851 menses.
1200 4794 1483 4862 Quomodo
1528 4794 1692 4862 igitur
1739 4793 2005 4845 duodena-

428 4895 540 4948 rius
582 4909 859 4957 numerus,
913 4893 977 4945 ad
1023 4890 1292 4958 apostolos
1350 4890 1544 4957 potius,
1596 4902 1755 4954 quam
1795 4885 1861 4939 ad
1906 4885 2005 4938 ista

425 4980 606 5035 omnia
639 4980 955 5051 spectabat?
982 4979 1130 5045 Quod
1175 4980 1219 5032 si
1249 4979 1368 5046 quis
1404 4991 1655 5031 numerus
1690 4974 2011 5044 quantitati'

424 5087 547 5135 vus,
583 5087 800 5126 causam
856 5073 955 5140 ipsi
998 5070 1224 5141 prmbuit
1270 5068 1575 5123 istiusmodi
1632 5066 1881 5121 dictionis
1930 5068 2015 5120 in-

428 5162 852 5227 terpretationis,
883 5162 1164 5228 Oportebat
1189 5160 1335 5214 illum
1366 5157 1799 5210 animadvertere
1824 5196 1840 5220 ,
1867 5156 2007 5226 quod

428 5263 601 5317 neque
632 5252 802 5304 sancti
828 5252 1138 5320 prophetae,
1165 5251 1215 5303 in
1249 5260 1508 5319 quantum
1539 5247 1831 5317 participes
1855 5256 2013 5301 erant

427 5339 664 5409 ejusdem
712 5341 945 5411 Spiritus
988 5344 1198 5406 sancti,
1248 5358 1277 5394 a
1323 5338 1557 5394 fontibus
1608 5338 1694 5394 his
1741 5338 2008 5408 peregrini

496 5527 554 5591 ﬁs
588 5522 683 5575 Ed.
716 5521 909 5589 Paris,
940 5540 1056 5591 pag.
1102 5523 1218 5577 159.

501 5584 643 5645 l’aal.
676 5593 850 5649 11.x.8.
898 5584 907 5589 ⁷
940 5584 1149 5647 ’³⁶Ῑ’›;ιΙ.
1194 5609 1371 5646 mm.
1406 5593 1489 5655 17,
1534 5593 1618 5645 18.

499 5774 610 5841 (83)
640 5772 805 5843 Yulgn
831 5776 1204 5843 ἀπεφαίνοιτο.

514 5840 612 5914 βό)
642 5840 839 5914 τηλθες
878 5840 1050 5909 vulgo.

503 5912 612 5983 the)
648 5912 811 5985 Vulgo
846 5914 1032 5979 σκότος
1215 5918 1418 5972 ἐπάνω.

2110 3434 2217 3505 πρὸ
2252 3434 2357 3486 τῶν
2393 3433 2559 3501 ἁγίων
2593 3434 2687 3485 καὶ
2719 3432 2979 3501 Θεοφιλῶν
3012 3431 3240 3503 ἀνδρῶν,
3272 3431 3376 3483 τῶν
3410 3430 3469 3495 ἐξ
3493 3430 3688 3493 αἰῶνος

2107 3524 2433 3595 γενομένων,
2476 3525 2661 3578 ἑαυτὸν
2698 3525 2961 3595 ὑπάρχειν
2993 3522 3224 3587 ἐδίδαξεν
3262 3524 3289 3575 ὁ
3326 3521 3530 3584 εἰπὼν,
3564 3522 3687 3591 Πρὸ

2107 3615 2214 3669 τοῦ
2256 3618 2361 3682 τὰς
2400 3618 2710 3682 ἀϐύσσους
2763 3616 3042 3684 ποιῆσαι·
3089 3616 3164 3679 ὡς
3222 3614 3555 3685 πανταχόθεν
3610 3616 3683 3685 μὴ

2106 3707 2361 3761 δύνασθαι
2384 3711 2449 3779 τῇ
2482 3709 2644 3779 σαρκὶ
2670 3707 2761 3760 τοῦ
2794 3708 3043 3777 Σωτῆρος
3073 3705 3404 3776 ἐφαρμόζειν
3428 3704 3526 3767 τὰς
3556 3721 3687 3774 προ-

2108 3800 2365 3871 κειμένας
2393 3801 2582 3867 λέξεις.
2624 3802 2679 3854 Ὀ
2704 3800 2760 3853 δὲ
2788 3800 2896 3868 (87)
2926 3799 3009 3867 ἐφ’
3035 3799 3227 3870 ἐτέραν
3260 3797 3496 3867 μεταϐἀς
3527 3796 3688 3867 ῥῆσιν

2107 3893 2205 3962 τῆς
2244 3894 2411 3963 αὐτῆς
2445 3893 2684 3963 Γραφῆς,
2717 3893 2810 3945 καὶ
2838 3891 3039 3961 ταύτην
3071 3888 3243 3953 οὕτως
3272 3887 3561 3959 ἐρμηνεύει
3601 3887 3683 3940 λέ-

2108 4001 2251 4053 γων’
2297 4002 2314 4034 ι
2358 3985 2421 4035 Τί
2454 3985 2632 4036 τοίνυν
2667 3983 2781 4037 ἔστι
2828 3983 2921 4036 καὶ
2952 3982 3104 4034 τουτὶ
3131 3981 3189 4034 τὸ
3218 3979 3533 4049 κεφάλαιον,
3566 3977 3683 4045 Πρύ

2116 4096 2133 4127 t
2173 4075 2277 4129 τοῦ
2324 4076 2640 4143 προελθεῖν
2679 4077 2784 4141 τὰς
2835 4074 3029 4143 πηγὰς
3079 4072 3196 4126 τῶν
3245 4056 3514 4132 inﬁtietur;
3558 4070 3684 4131 τοὺς

2114 4186 2131 4218 t
2174 4166 2355 4237 ίέρους
2390 4166 2720 4228 ἀποστόλους
2768 4160 2905 4217 εἷναί
2952 4181 3135 4235 φησιν.
3168 4162 3336 4215 Τοῦτο
3367 4161 3421 4213 δὲ
3458 4162 3589 4231 ἡμῖν
3624 4159 3684 4211 τὸ

2114 4277 2133 4310 ι
2181 4260 2476 4329 μυστήριον
2512 4258 2837 4328 παρίστησιν
2872 4258 2904 4326 ἡ
2933 4257 3032 4325 τῆς
3081 4254 3292 4319 Ἐξόδου
3326 4252 3533 4325 γραφὴ,
3560 4252 3685 4313 τοὺς

2116 4369 2133 4401 t
2172 4350 2280 4402 τῶν
2307 4347 2616 4401 ἀποστόλων
2644 4348 2850 4411 τύπους
2879 4347 3045 4399 πάλαι
3078 4344 3538 4417 προαγορεύουσα.
3570 4340 3684 4394 Δώ-

2115 4459 2131 4489 t
2173 4441 2303 4493 δεκα
2325 4440 2431 4511 γὰρ
2462 4439 2629 4491 ὄντων
2650 4438 2738 4491 τὸν
2754 4436 2985 4510 ἀριθμὸν
3002 4437 3110 4489 τῶν
3128 4435 3455 4496 ἀποστόλων,
3473 4432 3688 4485 δώδεκα

2114 4551 2132 4582 t
2178 4531 2365 4601 πηγῶν
2398 4533 2690 4602 μέμνηται.
2731 4552 2749 4582 s
2783 4531 2891 4583 Καὶ
2921 4528 3093 4583 ταῦτα
3122 4528 3293 4595 λέγων
3324 4527 3383 4578 οὐ
3419 4526 3685 4596 συνίησιν,

2111 4620 2183 4684 ὡς
2218 4620 2429 4673 καὶτοῦ
2490 4621 2704 4691 Ἰσραὴλ
2740 4620 2945 4674 δώδεκα
2972 4616 3112 4691 ἦσαν
3148 4619 3333 4687 φυλαὶ,
3361 4619 3452 4672 καὶ
3476 4618 3686 4671 δώδεκα

2108 4711 2157 4760 οἱ
2188 4708 2390 4762 τούτων
2428 4712 2778 4782 πατριάρχαι,
2816 4712 2913 4781 μία
2951 4727 3008 4763 τε
3053 4710 3231 4780 βίϐλος
3277 4711 3309 4781 ἡ
3348 4710 3455 4763 τῶν
3482 4708 3686 4761 δώδεκα

2112 4798 2423 4867 προφητῶν·
2452 4798 2588 4851 ἀλλά
2626 4801 2719 4853 καὶ
2754 4798 2960 4852 δώδεκα
3007 4801 3102 4868 τῆς
3131 4800 3343 4869 ἡμέρας
3372 4791 3511 4869 ὧραι
3530 4837 3545 4860 ,
3593 4798 3686 4849 καὶ

2116 4890 2279 4959 μῆνες
2304 4889 2397 4942 τοῦ
2432 4892 2630 4953 παντὸς
2672 4890 2823 4953 ἔτους
2854 4889 3077 4943 δώδεκα.
3114 4891 3178 4941 Τί
3210 4886 3301 4942 οὖν
3344 4889 3543 4959 μᾶλλον
3580 4891 3688 4948 τοῖς

2114 4982 2429 5044 ἀποστόλοις
2458 4982 2488 5051 ἢ
2521 4983 2748 5044 ἐκείνοις
2779 4983 2978 5035 ἀπασιν
3018 4983 3046 5033 6
3076 4980 3182 5034 τῶν
3208 4979 3413 5032 δώδεκα
3442 4978 3687 5047 διέφερεν

2114 5070 2382 5138 ἁριθμός;
2423 5072 2482 5122 Εἰ
2518 5071 2581 5142 δὴ
2620 5072 2712 5124 τοῦ
2761 5072 2932 5124 ποσοῦ
2980 5088 3062 5133 τις
3104 5069 3335 5141 ἀριθμὸς
3366 5068 3461 5137 τὴν
3508 5068 3687 5120 αἰτίαν

2114 5158 2262 5227 αύτῷ
2304 5160 2403 5230 τῆς
2443 5161 2646 5213 τοιασδὶ
2699 5161 2791 5213 τοῦ
2845 5161 3001 5229 λόγου
3058 5163 3316 5230 παρεῖχεν
3368 5158 3684 5229 ἑρμηνείας,

2113 5247 2249 5316 χρῆν
2290 5246 2344 5300 δὲ
2380 5249 2610 5302 συνιδεῖν
2643 5250 2719 5312 ὡς
2749 5250 2841 5302 καὶ
2863 5252 2912 5302 οἱ
2936 5249 3030 5303 τοῦ
3063 5248 3196 5302 Θεοῦ
3228 5249 3521 5318 προφῆται,
3557 5247 3686 5299 καθὸ

2111 5338 2204 5390 τοῦ
2244 5340 2407 5393 αὑτοῦ
2444 5342 2700 5410 μετέσχον
2746 5340 3060 5411 Πνεύματος
3089 5340 3265 5407 ἁγίου,
3290 5340 3387 5391 ούκ
3416 5334 3555 5407 ἦσαν
3598 5339 3687 5389 ἀλ-

1334 5524 1373 5552 ³¹
1402 5520 1556 5574 Rom.
1583 5537 1635 5585 x,
1666 5519 1715 5580 6,
1746 5517 1798 5570 7.
1878 5518 1920 5548 "
1960 5515 2004 5569 Jt

1338 5609 1371 5643 I.
1406 5593 1489 5643 17.
1534 5593 1618 5643 18.
1724 5589 1764 5617 ³⁷
1805 5587 1949 5642 Paul.
1977 5605 2004 5642 C

2128 5532 2353 5577 xsxvnt,
2388 5518 2469 5580 16,
2510 5518 2591 5568 l7.
2674 5518 2717 5549 ³³
2752 5516 3224 5579 Psal.cxi.vttt,'7.
3303 5514 3347 5545 "‘
3388 5513 3528 5567 Gen.
3560 5529 3595 5576 t,
3627 5515 3680 5564 ἓ.

2126 5588 2178 5640 6.
2278 5589 2324 5617 ³⁸
2364 5589 2517 5639 Prov.
2560 5602 2675 5643 vttt.
2715 5589 2805 5641 2i.
2888 5588 2930 5617 ³⁸
2975 5587 3109 5641 ibid.
3188 5586 3231 5615 ⁵⁸
3262 5584 3429 5638 Exod.
3468 5598 3557 5643 xv,
3592 5584 3675 5634 27.

1850 5609 1949 5642 sat.
1977 5609 2093 5651 CIII,
2126 5609 2178 5640 0.

2278 5589 2324 5617 "‘
2364 5589 2517 5639 Prov.
2560 5602 2675 5651 vttt,
2715 5589 2805 5641 2i.
2888 5588 2930 5617 ³⁸
2975 5587 3109 5641 ibid.
3188 5586 3231 5615 ⁵⁸
3262 5584 3429 5638 Exod.
3468 5598 3557 5646 xv,
3592 5584 3675 5634 27.

2332 5772 2497 5840 Vulgo
2518 5772 2652 5823 νυνί.

2178 5772 2288 5903 (8θῖζ
2332 5772 2497 5840 Vulgo
2518 5789 2610 5823 νυν

2179 5845 2266 5906 (87
2318 5842 2482 5911 Vulgo
2505 5843 2619 5910 ἀφ’.

2179 5845 2266 5906 (87
