3970 6514
263 457 377 515 989

1193 463 1283 520 DE
1321 463 1859 523 ECCLESIASTICA
1901 465 2291 526 'IHEOLOGIA
2333 469 2459 528 LIB.
2502 471 2589 530 Ill.

3437 485 3541 546 990

257 575 468 649 λότριοι
502 575 610 630 τῶν
640 579 848 650 πηγῶν.
876 581 967 635 Διὸ
990 581 1239 638 λέλεκται
1264 585 1391 656 περὶ
1423 586 1602 640 αὑτῶν
1619 589 1677 640 ὲν
1706 586 1860 641 Ψαλ-

1979 587 2196 644 berant.
2249 590 2514 658 Quocirca
2567 594 2634 649 de
2688 592 2794 650 illis
2839 595 2894 650 in
2927 591 3159 652 Psalmis
3196 594 3395 654 dicitur
3427 618 3441 654 :
3475 599 3543 656 In

260 671 410 739 μοῖς,
429 668 529 722 Ἐν
563 670 943 739 Ἐκκλησίαις
977 676 1278 746 εὐλογεῖτε
1300 680 1408 732 τόν
1451 678 1600 733 Θεὸν
1641 679 1860 748 Κύριον

255 759 334 813 ἐκ
363 759 577 830 πηγῶν
619 762 886 831 Ἰσραήλ.
921 765 1082 819 Ὥστε
1111 768 1204 821 καὶ
1229 770 1335 842 πρὸ
1358 771 1582 824 ἐκείνων
1611 769 1719 824 τῶν
1747 787 1858 841 πη-

257 855 378 921 γῶν
398 895 413 918 ,
451 856 746 924 ἀναγκαῖον
785 857 1067 927 ὁμολογεῖν
1109 859 1199 913 τὸν
1252 861 1378 915 Υἱδν
1423 855 1562 915 εἶναι
1607 861 1719 932 (88)
1763 859 1858 915 τοῦ

259 947 404 1001 Θεοῦ
444 949 538 1000 τὸν
583 948 832 1017 λέγοντα,
874 951 992 1020 Πρό
1028 954 1133 1007 τοῦ
1173 954 1490 1024 προελθεῖν
1527 954 1634 1019 τὰς
1665 953 1860 1023 πηγὰς

257 1038 386 1093 τῶν
413 1039 670 1095 ὑδάτων.
688 1042 745 1095 '0
765 1041 820 1096 δὲ
843 1043 1146 1097 ἐπάκουσον
1175 1046 1323 1106 ὅπως
1345 1045 1636 1118 ἑρμηνεὺει
1662 1045 1855 1114 λέγων·

265 1151 285 1180 ι
330 1132 573 1195 Εἰκότως
600 1127 692 1186 οὖν
720 1134 848 1204 περὶ
876 1135 976 1205 τῆς
1003 1137 1143 1189 κατὰ
1180 1135 1358 1208 σάρκα
1388 1137 1497 1208 (89)
1530 1138 1799 1205 γενέσεως
1830 1138 1860 1190 6

263 1243 284 1275 ι
327 1225 643 1296 Δεσπότης,
692 1225 779 1278 διὰ
822 1226 915 1279 τοῦ
969 1230 1250 1300 προφήτου
1299 1229 1610 1299 Σολομῶνος
1661 1229 1856 1298 λέγων,

263 1333 284 1366 ι
328 1317 455 1386 Πρὸ
481 1317 587 1370 τοῦ
618 1317 932 1385 προελθεῖν
973 1320 1079 1386 τὰς
1111 1321 1310 1391 πηγὰς
1357 1321 1477 1374 τῶν
1522 1321 1791 1385 ὑδάτων,
1835 1341 1855 1373 r

255 1408 391 1479 ἔφη.
445 1410 557 1463 Καὶ
603 1409 896 1481 ἐπιφέρειο
965 1428 984 1462 ι
1025 1411 1182 1465 Οὕτω
1237 1412 1348 1484 γὰρ
1402 1414 1430 1466 6
1487 1413 1679 1484 Σωτὴρ
1723 1413 1860 1484 πρὸς

260 1519 282 1551 s
321 1502 427 1564 τὰς
460 1501 611 1573 ἱερὰς
635 1502 818 1572 πηγάς
851 1502 978 1573 ἔφη,
1012 1504 1414 1572 Πορευθέντες
1443 1505 1860 1575 μαθητεύσατε

262 1611 282 1643 ι
322 1593 527 1647 πάντα
553 1593 626 1647 τὰ
656 1595 823 1662 ἔθνη.
869 1615 888 1646 ι
918 1591 1056 1660 Εἶθ’,
1087 1595 1275 1668 ῶσπερ
1300 1595 1620 1664 συναγαγὼν
1653 1594 1743 1649 τὸν
1775 1595 1862 1648 λό-

253 1701 382 1754 γον,
415 1687 478 1739 τὺ
507 1687 878 1760 συμπέρασμα
911 1688 1108 1758 ἐπάγει
1139 1692 1205 1761 τῇ
1241 1690 1436 1743 ἑαυτοῦ
1462 1690 1744 1761 διηγήσει,
1773 1690 1860 1742 λέ-

253 1796 400 1848 γων·
443 1799 459 1830 ι
480 1780 826 1852 Πανταχόθεν
841 1781 998 1854 δῆλόν
1018 1783 1154 1847 ἐστι,
1177 1784 1305 1847 τοὺς
1337 1784 1514 1855 ἱεροὺς
1527 1783 1856 1847 ἀποστόλους

1965 677 2211 734 Ecclesiis
2247 680 2461 736 laudate
2505 680 2668 736 Deum
2708 684 2992 739 Dominum
3017 686 3082 741 de
3105 687 3340 756 fontibus
3365 686 3542 744 Israe-

1960 769 2104 826 lis“.
2143 769 2212 825 Ut
2242 786 2464 827 necesse
2489 774 2559 827 sit
2587 789 2685 829 nos
2727 774 2972 831 conﬁteri
3002 775 3197 831 Filium
3241 775 3334 833 Dei
3372 779 3544 833 exsti-

1961 863 2090 917 tisse
2135 873 2261 916 ante
2308 863 2486 921 fontes
2535 865 2676 934 illos,
2711 881 2832 922 eum
2885 868 2976 938 qui
3002 869 3170 936 dixit,
3220 869 3544 942 Priusquam

1959 958 2230 1026 prodirent
2246 958 2416 1028 fontes
2445 976 2726 1029 aquarum.
2768 961 2815 1017 ls
2844 966 3114 1033 quomodo
3141 967 3243 1022 hoc
3274 966 3542 1036 interpre-

1963 1059 2104 1104 tetur
2168 1051 2292 1104 audi
2338 1069 2351 1105 :
2407 1068 2425 1102 ι
2474 1050 2734 1118 Quocirca
2800 1067 2898 1108 nec
2962 1055 3234 1112 immerito
3280 1056 3543 1115 Dominus

1964 1159 1986 1193 ι
2013 1157 2109 1212 per
2131 1143 2451 1212 prophetam
2489 1143 2834 1199 Salomonem
2867 1145 3029 1212 dixit,
3071 1145 3389 1218 Priusquam
3428 1167 3541 1203 sca-

1965 1251 1985 1286 ι
2020 1233 2442 1320 turirentfontes
2469 1249 2750 1304 aquarum,
2781 1236 2846 1288 de
2876 1249 2970 1288 sua
2998 1239 3289 1291 secundum
3321 1255 3540 1294 carnem

1963 1341 1984 1376 ‹
2014 1325 2383 1394 generatione.
2413 1344 2433 1378 ι
2488 1326 2650 1381 Addit
2703 1344 2718 1380 :
2777 1345 2795 1378 ι
2846 1325 2922 1382 lta
2975 1327 3121 1382 enim
3163 1328 3542 1397 Servator,ad

1965 1430 1984 1464 ι
2017 1423 2240 1468 sanctos
2290 1414 2470 1472 fonms
2514 1415 2671 1480 dixit,
2721 1416 2924 1473 Euntes
2976 1419 3156 1474 docete
3198 1436 3372 1476 omnes
3420 1439 3544 1494 gen-

1965 1523 1984 1557 ι
2015 1515 2090 1560 tes
2112 1505 2178 1560 “.
2203 1525 2222 1559 ι
2241 1505 2546 1574 Postremo,
2565 1509 2728 1564 veluti
2753 1511 3056 1567 recollectis
3081 1514 3355 1578 omnibus,
3375 1515 3547 1570 intro-

1959 1595 2105 1651 ducit
2133 1598 2536 1654 conclusionem
2555 1599 2933 1668 disputationis
2959 1617 3070 1657 sure
3096 1621 3108 1657 :
3141 1609 3200 1667 »Β
3233 1621 3252 1656 ι
3275 1604 3350 1658 Ita
3367 1606 3546 1660 omni-

1962 1705 1982 1740 ι
2012 1691 2172 1744 modo
2209 1691 2558 1760 perspicuum
2588 1701 2691 1757 est,
2727 1701 2946 1748 sanctos
2995 1695 3267 1762 apostolos
3316 1696 3547 1767 figurate

1963 1781 2184 1837 «fontes
2234 1784 2528 1854 appellatos
2581 1799 2611 1839 a
2671 1786 2956 1855 propheta.
3011 1805 3030 1840 ι
3091 1791 3383 1856 Apostolus
3432 1791 3548 1844 vult

254 1871 360 1925 καὶ
391 1871 573 1943 πηγὰς
612 1873 887 1944 τροπικῶς
915 1874 1230 1946 ὠνομάσθαι
1258 1875 1364 1929 ὑπὸ
1379 1875 1473 1928 τοῦ
1504 1876 1804 1947 προφήτουο
1834 1893 1852 1926 i

1979 1873 2134 1929 ontes
2176 1876 2480 1943 nominari,
2532 1877 2843 1933 at-minime
2893 1879 2942 1934 ei
2991 1878 3203 1948 placent
3240 1881 3540 1951 praphetae.

262 1985 281 2014 ι
313 1965 414 2017 καὶ
437 1966 564 2029 τοὺς
600 1966 696 2036 μὲν
724 1967 1058 2030 ἀποστόλους
1079 1966 1178 2030 τὰς
1205 1968 1388 2038 πηγὰς
1417 1963 1555 2021 εἶναι
1588 1966 1854 2038 βούλεται,

1979 1962 2068 2020 Zur
2091 1965 2197 2019 ita?
2226 1967 2480 2021 nimirum
2516 1968 2656 2037 quod
2687 1976 2812 2024 ante
2841 1969 2958 2024 illos
2987 1985 3208 2026 carnem
3240 1973 3549 2030 Servatoris

251 2057 367 2109 οὐκ
394 2057 688 2126 ἀρέσκουσι
718 2059 775 2110 δὲ
805 2057 951 2129 αὑτῷ
979 2059 1028 2112 οἱ
1054 2059 1352 2128 προφῆται.
1383 2058 1482 2111 Διὰ
1507 2058 1585 2122 τίς
1631 2057 1744 2111 ἀλλ’
1776 2057 1856 2110 ὃτι

261 2147 346 2218 μὴ
378 2136 601 2200 ἐδύνατο
628 2149 728 2218 τὴν
769 2148 946 2219 σάρκα
975 2148 1068 2203 τοῦ
1105 2150 1356 2220 Σωτῆρος
1388 2149 1494 2219 πρὸ
1520 2149 1746 2200 ἐκείνων
1776 2146 1856 2199 δι-

253 2240 435 2294 δόναι.
460 2240 651 2294 Καίτοι
693 2241 788 2294 καὶ
822 2240 927 2313 πρὸ
955 2241 1062 2295 τῶν
1089 2240 1232 2294 κατὰ
1255 2240 1417 2310 φύσιν
1448 2239 1721 2310 αἰσθητῶν
1756 2257 1861 2311 πη-

255 2331 402 2401 γῶν,
438 2325 513 2385 ὧν
534 2333 627 2386 καὶ⁸
649 2332 854 2402 Μωσῆς
884 2333 1289 2404 ἐμνημόνευσεν
1317 2334 1374 2385 ὲν
1395 2335 1462 2403 τῇ
1505 2329 1857 2403 κοσμοποιίᾳ,

257 2422 460 2487 εἰπὼν,
491 2423 658 2493 Πηγνὴ
685 2423 754 2476 δὲ
780 2423 1095 2478 ἀνέϐαινεν
1114 2425 1183 2478 ἐκ
1207 2424 1317 2492 τῆς
1341 2423 1471 2493 γῆς,
1503 2424 1599 2477 καὶ
1634 2422 1863 2482 ἐπότιζε

256 2514 394 2572 πᾶν
425 2515 492 2570 τὸ
525 2518 849 2583 πρόσωπον
875 2515 986 2584 τῆς
1013 2515 1144 2586 γῆς·
1177 2517 1272 2569 καὶ
1297 2511 1472 2580 αὖθις,
1502 2513 1774 2582 Ποταμὸς
1794 2511 1864 2565 δὲ

258 2610 654 2678 ἐκπορεύεται
688 2608 756 2673 ἐξ
802 2607 997 2677 Ἐδὲμ,
1023 2606 1282 2668 ποτίζειν
1325 2607 1432 2661 τόν
1473 2605 1860 2675 παράδεισον,

265 2702 630 2774 προϋπῆρχεν
651 2704 679 2756 6
706 2701 801 2754 τοῦ
837 2701 971 2755 Θεοῦ
1013 2701 1161 2765 Υἱὸς,
1192 2702 1221 2753 6
1249 2700 1421 2754 ταῦτα
1450 2701 1506 2753 ὲν
1534 2697 1862 2770 Παροιμίαις

264 2794 403 2866 περὶ
437 2793 629 2847 ἑαυτοῦ
665 2793 951 2847 διδάσκων.
1000 2793 1058 2846 'U
1091 2793 1148 2846 δὲ
1193 2791 1271 2863 τῷ
1317 2791 1438 2845 Ἰὼϐ
1489 2787 1861 2863 χρηματίζων,

266 2887 370 2940 καὶ
399 2885 591 2957 πηγῶν
636 2883 911 2955 Θαλάσσης
952 2882 1286 2954 μνημονεύει
1309 2881 1480 2951 λέγων
1501 2898 1515 2913 ·
1544 2877 1769 2946 τΗλθες
1798 2879 1867 2933 δὲ

265 2978 371 3032 ἐπὶ
387 2976 593 3048 πηγὴν
604 2976 713 3045 τῆς
724 2975 1060 3042 θαλάσσηςο
1077 2975 1146 3029 ἐν
1160 2973 1211 3028 δ’
1231 2975 1467 3042 ἴχνεσιν
1482 2972 1754 3026 ἀϐύσσου
1771 2985 1867 3024 πε-

256 3069 665 3142 ριεπάτησας.
683 3069 738 3122 Ἐ
747 3071 835 3122 πεὶ
848 3069 903 3122 δὲ
923 3069 1015 3122 καὶ
1030 3068 1283 3138 ὑπεράνω
1294 3066 1400 3119 τῶν
1415 3063 1680 3137 οὐρανῶν,
1699 3061 1869 3116 ὑδατά

269 3181 397 3217 τινα
450 3158 588 3218 εἶναι
633 3163 667 3234 ἡ
707 3162 899 3233 Γραφὴ
946 3159 1219 3221 διδάσκει,
1257 3161 1289 3230 ἡ
1341 3157 1601 3226 λέγουσα,
1645 3153 1869 3209 Αἰνεῖτε

269 3256 486 3318 αὐτὸν,
507 3253 750 3323 οὐρανοὶ
762 3251 881 3306 τῶν
896 3249 1186 3320 οὐρανῶν,
1203 3250 1300 3305 καὶ
1319 3251 1392 3302 τὰ
1409 3248 1592 3301 ὕδατα
1610 3247 1679 3300 τὰ
1691 3249 1871 3314 ὑπερ-

274 3346 402 3401 άνω
417 3345 536 3400 τῶν
551 3321 842 3415 οὐρανῶν,
860 3342 1153 3397 ἀκόλουθόν
1170 3341 1282 3413 (90)
1330 3342 1446 3394 ἐστι
1470 3339 1738 3392 κάκείνων
1760 3337 1870 3390 τῶν
1900 3321 1941 3378 (ἶ

276 3439 520 3503 ὑδάτων,
551 3440 711 3492 ὁποῖα
747 3437 813 3491 ἂν
856 3436 1076 3510 ὑπάρχῃ
1109 3433 1292 3504 φύσιν,
1323 3433 1513 3503 νοῆσαι
1550 3431 1703 3494 τίνας
1735 3427 1872 3484 εἶναι

280 3531 466 3604 πηγὰς
497 3569 512 3593 ,
567 3531 716 3593 ὅπως
763 3529 1033 3583 κάκείνων
1085 3526 1458 3598 πρεσϐύτερος
1509 3523 1804 3593 ἀποδειχθῇ
1849 3525 1877 3577 6

278 3622 521 3696 ιίρηκὼς
563 3623 752 3676 ἑαυτὸν
781 3622 1160 3694 προὺπάρχειν
1195 3620 1301 3690 πρὸ
1329 3618 1424 3672 τοῦ
1464 3617 1748 3689 προελθεῖν
1779 3614 1876 3679 τὰς

281 3715 469 3787 πηγὰς
501 3714 610 3768 τῶν
644 3713 870 3767 ὑδάτων.
915 3711 974 3765 '0
1005 3713 1063 3766 δὲ
1097 3711 1288 3782 μηδενὶ
1338 3711 1542 3763 τούτων
1581 3710 1878 3789 ἐπιστήσας

280 3808 375 3863 τδν
409 3806 557 3873 νοῦν,
603 3807 737 3878 μηδὲ
766 3807 949 3858 πονεῖν
983 3804 1204 3866 ἐθέλων,
1247 3806 1361 3866 τοῖς
1395 3803 1576 3864 αὑτοῖς
1607 3801 1876 3871 ἐπιμένει.

301 3900 459 3956 Ἐπεὶ
491 3900 586 3954 καὶ
618 3897 790 3953 ταῦτα
830 3898 1087 3968 φάσκων,
1130 3896 1252 3964 Πρὸ
1295 3895 1402 3948 τοῦ
1454 3892 1560 3960 ὄρη
1594 3889 1880 3959 ἑδρασθῆ-

289 4010 412 4057 ναι,
445 3993 627 4063 φησὶν,
661 3991 773 4062 πρὸ
799 3991 866 4044 δὲ
882 3989 1124 4044 πάντων
1138 3985 1386 4054 ﬂow-(or
1399 3981 1583 4055 γεννᾷ
1604 3999 1698 4053 με.
1738 3983 1878 4051 Ὀρη

288 4084 382 4138 καὶ
413 4084 657 4156 βουνοὺς,
685 4070 811 4146 τοὺς
842 4082 1193 4143 ἀποστόλους.
1224 4079 1321 4133 καὶ
1354 4077 1481 4140 τοὺς
1514 4075 1622 4128 τῶν
1651 4072 1881 4127 ἀποστό-

287 4178 398 4232 λων
427 4176 704 4248 διαδόχους
734 4175 903 4244 λέγει,
947 4174 1034 4226 ἵνα
1078 4170 1229 4243 παρὰ
1273 4170 1401 4233 τοὺς
1440 4168 1632 4228 ἄλλους
1668 4163 1879 4235 ἀνθρώ-

293 4283 453 4330 πους,
486 4263 786 4337 τηνικαῦτα
824 4265 951 4326 τοὺς
978 4261 1191 4315 δικαίαν
1224 4257 1498 4312 πολιτείαν
1529 4256 1641 4324 (9|)
1687 4270 1877 4324 παροι-

298 4358 514 4422 ιιιωδῶς
551 4357 809 4429 σημαίνῃ.
847 4354 1056 4408 Οὑκοῦν
1099 4355 1145 4406 οί
1186 4352 1339 4405 αὑτοὶ
1362 4350 1472 4421 (92)
1517 4345 1655 4420 ἦσαν
1691 4347 1786 4399 καὶ
1825 4347 1880 4398 αί

294 4453 494 4522 πηγαὶ,
526 4449 617 4520 (0i)
643 4450 797 4503 αὑτοὶ
832 4447 926 4501 καὶ
964 4445 1033 4498 τὰ
1059 4445 1180 4516 ὅρη,
1208 4445 1256 4497 οἱ
1296 4443 1448 4498 αὐτοὶ
1477 4442 1575 4506 καὶ,
1602 4441 1649 4493 οἱ
1683 4437 1877 4510 βουνοί’

296 4530 412 4598 αλλ’
446 4541 636 4611 ῶσπερ
679 4541 780 4594 οὑκ
829 4539 942 4608 ἔχει
985 4537 1168 4607 φύσιν,
1214 4535 1307 4588 ὲπὶ
1347 4533 1452 4588 τῶν
1495 4530 1884 4604 θεωρουμένων

1963 2053 2226 2110 exhibere
2259 2056 2536 2122 nequibat.
2562 2056 2626 2110 Et
2661 2067 2841 2112 tamen
2885 2059 2974 2114 Dei
3002 2061 3172 2115 Filius
3201 2061 3295 2129 qui
3330 2062 3446 2115 haec
3493 2062 3548 2114 in

1966 2142 2272 2202 Proverbiis
2294 2146 2360 2201 de
2383 2148 2561 2216 seipso
2592 2145 2891 2220 usurpavit,
2921 2161 3040 2206 erat
3068 2162 3194 2206 ante
3225 2153 3345 2206 illos
3374 2151 3552 2207 fontes

1966 2236 2266 2302 naturales,
2295 2253 2526 2306 quorum
2559 2241 2804 2295 meminit
2843 2242 2896 2294 in
2926 2244 3255 2312 cosntOpteia
3301 2257 3394 2298 sua
3441 2242 3553 2298 Mo-

1966 2341 2089 2391 ses,
2127 2327 2215 2382 ulii
2251 2329 2345 2388 ait.
2384 2329 2455 2382 Et
2485 2330 2604 2398 fons
2629 2331 2692 2384 de
2719 2341 2861 2386 terra
2885 2333 3230 2394 ascendebat,
3271 2343 3319 2387 et
3358 2333 3554 2402 irriga-

1969 2421 2056 2472 bat
2083 2420 2269 2488 facient
2305 2422 2565 2476 universae
2599 2425 2836 2489 terrai”,
2870 2435 2924 2479 et
2957 2425 3150 2479 iterum
3178 2465 3193 2489 ,
3227 2423 3450 2486 Flavius
3490 2426 3556 2479 de

1973 2513 2140 2566 Edent
2187 2516 2573 2582 egrediebatur,
2622 2523 2674 2568 et
2723 2517 3034 2583 paradisum
3076 2517 3410 2587 irrigabat“.
3454 2516 3554 2582 Qui

1967 2614 2023 2659 et
2047 2621 2167 2659 cum
2192 2604 2331 2660 Jobo
2359 2606 2658 2661 collocutus
2698 2607 2924 2660 fontium
2977 2624 3192 2678 quoque
3238 2610 3404 2663 tnaris
3452 2623 3558 2663 nte-

1971 2697 2148 2763 minit,
2192 2695 2394 2751 Venisti
2424 2707 2598 2751 autem
2630 2699 2700 2751 ad
2749 2701 3098 2770 scaturigines
3133 2701 3298 2755 ntaris
3326 2717 3347 2755 :
3376 2700 3557 2753 ambu-

1970 2790 2093 2844 lasti
2117 2807 2209 2858 per
2233 2792 2448 2858 vestigia
2473 2793 2647 2861 abyssi
2665 2793 2733 2847 “.
2773 2793 2906 2847 Cum
2935 2809 3061 2848 vero
3099 2804 3152 2848 et
3185 2809 3349 2862 super
3386 2794 3556 2849 oculos

1972 2898 2234 2954 aquarum
2267 2887 2470 2940 mentio
2512 2886 2605 2940 ﬁat
2653 2886 2705 2940 in
2759 2886 3080 2956 Scripluris,
3135 2897 3316 2956 utputa
3354 2886 3445 2941 ubi
3480 2886 3558 2940 le-

1972 2982 2136 3052 gitur,
2165 2980 2403 3034 Laudate
2433 2980 2734 3045 Demittunt,
2778 2980 2890 3034 cmli
2918 2991 3070 3050 atque
3108 2996 3260 3049 aqua'
3280 2995 3396 3048 qua:
3435 2989 3556 3034 sunt

1972 3090 2130 3144 super
2159 3074 2380 3128 caelos“
2428 3089 2441 3121 :
2494 3088 2832 3142 consequens
2871 3081 2954 3127 est
2984 3080 3041 3125 ut
3069 3087 3188 3141 qua:
3236 3072 3310 3126 sit
3349 3070 3555 3123 illarum

1975 3179 2241 3234 aquarum
2275 3175 2467 3218 natura
2501 3163 2853 3232 dispiciamus
2884 3179 2898 3215 :
2941 3163 3308 3232 quinam'sint
3343 3161 3556 3215 illarum

1977 3255 2173 3322 fontes,
2206 3264 2268 3310 ut
2296 3265 2350 3311 et
2382 3257 2529 3310 hisce
2555 3257 2828 3324 antiquior
2866 3255 2955 3310 ille
2989 3255 3328 3318 declaretur,
3362 3254 3450 3323 qui
3483 3254 3559 3306 ait

1975 3362 2035 3402 se
2074 3349 2348 3402 exstitisse
2375 3363 2496 3401 cum
2534 3349 2767 3401 nondum
2807 3347 3085 3415 prodirent
3131 3346 3304 3400 fontes
3346 3344 3556 3398 illarum

1976 3454 2260 3509 aquarum.
2288 3440 2357 3494 At
2413 3455 2544 3494 vero
2568 3439 2696 3492 nulli
2750 3440 2940 3493 horum
2985 3439 3274 3493 advertens
3319 3437 3559 3492 animum

1977 3531 2280 3596 Marcellus,
2316 3547 2413 3587 nec
2443 3533 2494 3585 in
2534 3532 2600 3586 iis
2640 3531 2958 3600 indagandis
3001 3530 3277 3585 collocatis
3316 3542 3558 3596 operam.

1976 3624 2029 3678 in
2059 3626 2329 3679 sententia
2362 3639 2458 3678 sua
2497 3624 2768 3692 persistit.
2805 3621 2937 3675 Nam
2983 3631 3037 3676 et
3083 3623 3210 3685 illa,
3239 3620 3563 3690 Priusquam

1978 3728 2177 3770 montes
2198 3717 2542 3786 ﬁrmarentur
2574 3733 2592 3772 :
2623 3729 2697 3782 et,
2723 3718 2857 3772 Ante
2883 3733 3056 3771 omnes
3091 3714 3248 3769 colles
3271 3713 3444 3784 genuit
3462 3727 3563 3774 me.

1978 3809 2044 3861 ad
2072 3811 2318 3863 eumdem
2377 3813 2591 3865 modum
2645 3811 3060 3879 interpretatur,
3091 3819 3290 3862 montes
3330 3816 3386 3860 et
3410 3803 3566 3859 colles

1981 3900 2252 3967 apostolos
2276 3915 2395 3954 esse
2426 3901 2694 3970 inquiens,
2720 3909 2775 3954 et
2795 3899 3162 3968 apostolorum
3186 3908 3525 3951 successores
3548 3911 3566 3950 :

1984 4001 2036 4044 ut
2064 3990 2498 4059 proverbialiter,
2537 4003 2733 4060 prteter
2768 4005 2973 4044 morem
3008 3988 3147 4056 apud
3178 3987 3314 4040 alios
3341 3998 3569 4052 usurpa-

1983 4091 2095 4136 tum
2120 4080 2322 4150 justam
2351 4083 2659 4151 reipublic-te
2682 4082 3125 4135 administratum:
3154 4079 3381 4132 formam
3403 4076 3570 4144 signi-

1987 4176 2197 4230 ficaret.
2233 4175 2496 4240 Quocirca
2533 4175 2741 4239 fontes,
2766 4181 2820 4228 et
2849 4182 3079 4238 montes,
3114 4182 3167 4224 et
3219 4169 3383 4223 colles
3428 4168 3568 4221 idem

1985 4266 2384 4336 signiﬁcabant.
2447 4264 2551 4319 Sed
2595 4264 2758 4318 veluti
2813 4263 3111 4318 secundum
3173 4271 3418 4314 naturam
3463 4272 3570 4312 non

1985 4367 2088 4420 est,
2132 4368 2188 4411 ut
2216 4357 2305 4424 qui
2360 4359 2534 4412 oculis
2575 4346 2870 4412 cerndntur
2900 4357 3077 4409 fontes
3124 4363 3284 4422 atque
3335 4360 3572 4412 montes,

1987 4449 2148 4505 iidem
2183 4451 2290 4504 sint
2319 4450 2514 4521 (neque
2541 4449 2684 4504 enim
2716 4462 2980 4516 aquarum
3023 4447 3201 4502 fontes
3249 4446 3451 4499 habent
3483 4442 3576 4496 ali.

1987 4542 2115 4612 quid
2167 4555 2453 4597 commune
2503 4555 2627 4594 cum
2685 4539 2948 4593 montium
3014 4536 3408 4601 cacuminibus)
3458 4530 3575 4603 pari

297 4633 494 4706 πηγῶν
521 4651 580 4687 τε
633 4633 726 4686 καὶ
764 4630 904 4701 ὀρῶν
950 4629 1019 4683 τὰ
1058 4626 1198 4681 αὑτὰ
1245 4626 1476 4696 φάσκειν
1533 4619 1670 4677 εἶναι
1701 4621 1871 4693 (οὑδὲκ

1994 4633 2173 4695 modo,
2227 4645 2281 4687 et
2329 4632 2380 4684 in
2416 4631 2518 4684 illis
2549 4645 2667 4699 qua:
2711 4629 2998 4699 allegorice
3044 4625 3389 4695 intelligenda
3427 4633 3574 4685 sunt.

297 4729 408 4799 γὰρ
461 4727 638 4781 κοινὸν
677 4725 753 4789 ὡς
796 4725 853 4776 ἐν
903 4721 1188 4792 ποιότητος
1232 4719 1376 4789 λόγῳ
1429 4719 1631 4788 πηγαῖς
1680 4713 1871 4768 ὑδάτωκ

1995 4723 2328 4780 instituenda
2359 4733 2442 4778 est
2472 4721 2760 4776 diversitas
2792 4721 2935 4775 inter
2965 4719 3053 4774 illa
3090 4734 3210 4788 qua:
3239 4731 3335 4787 per
3381 4714 3578 4777 fontes,

301 4820 438 4892 πρὸς
479 4818 548 4872 τὰ
579 4817 686 4892 τῶν
724 4815 866 4888 ὁρῶν
900 4810 1295 4884 ἀναστήματα)
1319 4852 1334 4877 ,
1363 4809 1453 4862 τὸν
1492 4808 1653 4860 αὑτὸν
1686 4806 1887 4879 τρόπον

303 4911 400 4964 καὶ
421 4912 515 4963 ὲτξι
538 4908 647 4962 τῶν
670 4905 1042 4980 άλληγορικῶς
1071 4903 1210 4958 κατὰ
1237 4903 1474 4956 διάνοιαν
1500 4898 1888 4970 θεωρουμένων

307 5003 659 5076 παραστῆσαι
704 5001 810 5072 χρὴ
851 4997 1114 5069 διαφορὰν
1161 4993 1270 5048 τῶν
1320 4992 1464 5046 κατὰ
1515 4990 1612 5062 τὴν
1659 4989 1891 5061 θεωρίαν

306 5094 637 5165 νοουμένων,
677 5091 871 5163 πηγῶν
913 5109 972 5144 τε
1017 5090 1112 5144 καὶ
1153 5086 1295 5158 ὀρῶν
1339 5085 1432 5137 καὶ
1487 5082 1720 5153 βουνῶνο
1780 5080 1895 5134 ἀλλ’

385 5282 444 5339 Ψ
473 5275 572 5329 Ed.
609 5273 806 5328 Paris..
838 5288 962 5342 pag.
990 5271 1111 5324 160.
1210 5268 1252 5342 ⁸-⁸
1289 5266 1432 5322 Psal.
1470 5281 1637 5331 uvn,
1665 5265 1756 5318 27.

313 5362 543 5410 suum,
567 5346 654 5399 l6.
731 5343 776 5375 “
797 5339 936 5398 PSal.
960 5357 1184 5405 chvm,
1214 5339 1268 5392 4.

384 5485 496 5558 (88)
527 5484 697 5558 Y_ul_go
734 5479 996 5558 coiiOeoB
1026 5480 1272 5549 λέγοντα.

410 5554 499 5618 89)
533 5554 708 5622 Vulgo
724 5554 853 5622 γενή
862 5568 1018 5614 σεως.

802 5597 1090 5696 ’ἕᾶξῐνειη
1128 5634 1256 5696 mox
1274 5618 1430 5696 ὁποῖα
1548 5616 1612 5670 ἂν
1643 5615 1898 5688 ὑπάρχοι,

312 5685 413 5767 τὴν
447 5685 608 5782 φ’ὑσιν
637 5685 829 5762 νοῆσαι
857 5692 1008 5775 τίνας
1037 5685 1181 5742 εἶναι
1212 5687 1322 5760 [ἃς]
1351 5688 1534 5759 πηγάς
1557 5697 1664 5742 etc.
1693 5685 1899 5741 et'tnox

319 5765 696 5837 προϋπάρχειν
720 5765 928 5843 ἑαυτόν.
1514 5829 1524 5839 _
1637 5829 1648 5839 .

391 5834 918 5905 (θυηαροιμιωδως
945 5831 1238 5905 σημαίνῃἒ
1271 5828 1432 5905 Deest
1472 5829 1560 5883 lttc
1581 5828 1759 5902 aliqua
1797 5841 1897 5905 vos

318 5882 1158 5969 suii‘itlc-iewn'dasrs—ewntentiatante
1187 5882 1334 5961 hiat,
1373 5901 1514 5969 forte
1546 5882 1902 5968 μετερχομέ-

319 5996 468 6038 νους.
495 5987 588 6033 aut
608 5972 1036 6035 ἀσπασαμένους
1061 5968 1161 6026 aut
1186 5969 1363 6026 simile
1391 5968 1519 6034 quid
1565 5971 1666 6024 hoc
1700 5983 1860 6024 sensu
1881 6004 1898 6031 ,

1854 5263 1897 5294 ι’
1926 5260 2118 5316 Matth.
2151 5275 2342 5323 xxvnt,
2381 5257 2468 5311 19.

1995 4813 2181 4882 colles,
2223 4823 2436 4868 montes
2479 4811 2871 4878 intelliguntur.
2917 4809 3006 4865 Ille
3051 4819 3229 4863 autem
3287 4805 3420 4861 nihil
3469 4813 3581 4857 tru-

1999 4911 2228 4963 tiuatum
2264 4906 2590 4975 intelligens,
2624 4906 2718 4960 sed
2749 4904 2930 4960 omnia
2962 4903 3322 4972 permiscens,
3352 4912 3472 4967 qua
3498 4904 3583 4949 est

2002 5001 2171 5068 ipsius
2193 4999 2359 5052 animi
2390 4997 2602 5064 levitas,
2640 4996 2858 5050 eosdem
2888 4995 3070 5062 utique
3116 5007 3210 5061 per
3253 4990 3431 5044 omnia
3484 4985 3582 5039 de.

2002 5093 2200 5162 signat.
2229 5090 2395 5158 fontes
2427 5105 2712 5159 aquarum,
2742 5097 2796 5142 et
2819 5097 3016 5140 montes
3048 5095 3210 5152 atque
3247 5081 3432 5136 colles.
3461 5077 3584 5132 llaec

2587 5254 2633 5286 "
2656 5252 2870 5314 Gemit,
2893 5247 2946 5302 ϐ.
3020 5246 3064 5278 ⁸⁸
3091 5245 3222 5300 ibid.
3243 5241 3332 5296 10.
3412 5240 3456 5271 ⁸⁵
3485 5236 3586 5293 Job

2008 5481 2068 5527 ut
2095 5468 2366 5541 signiticet
2389 5479 2482 5520 eos
2499 5462 2614 5533 qui,
2649 5466 3081 5541 praeter-morem
3106 5447 3587 5541 aliorum,-

2009 5521 2534 5596 vivet't’dinraitiouetn
2572 5521 2808 5598 amplexi
2842 5527 3080 5598 fuerant.
3114 5521 3243 5588 Quae
3287 5524 3592 5598 sequuntur

2573 5611 2627 5654 et
2671 5585 3052 5676 distinguenda
3099 5585 3246 5676 sunt,
3275 5585 3590 5676 ouxoﬁvg-o‘l

2011 5653 2536 5751 ’ῆῖιάῦδκῐϊάι
2562 5653 2737 5738 πηγαὶ
2759 5653 2934 5727 αὑιῖοὶ,
2954 5664 3048 5718 καὶ
3070 5662 3140 5717 τὰ
3161 5662 3285 5732 ὅρη,
3313 5659 3408 5713 καὶ
3438 5653 3594 5710 αὐτοὶ

2009 5747 2393 5820 οἱβουνοίηΜ.
2452 5817 2470 5820 __
2627 5814 2638 5820 _
2718 5813 2729 5820 _
2792 5805 2818 5820 υ
3042 5806 3054 5820 ι
3157 5806 3169 5820 ,
3421 5763 3475 5820 __.'

2447 5817 2529 5891 ὅτι
2565 5813 2741 5891 ἀὑταὶ
2789 5805 2930 5891 ᾖσαν
2971 5806 3065 5891 καὶ
3117 5806 3172 5858 αἱ
3205 5797 3381 5871 πηγαὶ
3417 5793 3593 5862 αὐτοὶ.

2009 5877 2196 5949 καί*τᾶ
2225 5877 2402 5961 θρηνοί
2434 5886 2607 5951 αὑτοὶ,
2639 5884 2733 5938 καὶ
2757 5877 2825 5936 οἵ
2849 5877 3043 5952 βουνοί.
