1985 3255
200 222 249 251 991

537 221 672 251 EUSEBII
691 221 926 251 CESABIENSIS
944 222 1020 251 OPP.
1039 223 1127 251 PARS
1145 222 1190 250 IV.
1211 238 1244 242 —
1264 222 1474 251 DOGMATICA.

1777 224 1830 252 93'!

199 281 310 316 insuper
331 280 421 311 omnia
437 280 575 315 apostolos
585 288 647 311 esse
664 280 704 308 ait
716 300 725 314 ,
736 280 896 310 diﬂ'et‘entiae
916 282 989 310 nulla

1043 282 1054 308 ὑ
1071 280 1127 317 (95)
1145 281 1227 317 μηδὲν
1242 280 1469 316 βεὸασανισμένον
1487 280 1677 316 ἐπιστάμενος,
1693 282 1727 308 τὰ
1740 282 1830 309 πάντα

199 327 291 354 habita
306 326 422 355 ratione.
443 326 578 360 Quorsum
595 326 680 362 igitur
694 326 765 361 illos,
788 328 834 362 qui
849 335 896 362 per
910 327 991 362 justi--

199 372 264 401 tiam
278 377 305 400 et
320 372 430 407 pietatis
442 372 557 405 cultum,
573 377 637 402 ante
661 373 835 401 Servatorem
864 373 991 402 incarna-

199 424 254 446 tum
270 419 546 453 consummabantur,
559 424 659 446 montes
680 423 708 446 et
724 419 802 447 colles
828 427 880 447 non
898 419 992 454 appel-

198 463 282 492 lavit?
295 464 428 493 Nimirum
440 465 512 500 quod
527 465 645 500 priorem
660 465 714 493 illis
724 485 732 498 ,
748 473 800 493 non
814 471 919 500 poterat
929 465 993 493 Ser-

198 510 299 538 vatoris
308 518 418 539 carnem
433 511 607 539 substituere.
618 511 668 539 Est
685 519 751 546 ergo
770 511 895 540 violentia
912 512 992 539 nimis

198 560 225 583 et
235 561 328 585 coacta
343 557 540 592 interpretatio.
556 557 703 585 dictionum
725 558 781 592 jam
792 565 992 586 commemora-

200 606 299 635 tarum,
316 602 338 629 si
356 601 509 630 referantur
535 603 569 630 ad
593 610 704 631 carnem
727 603 800 630 illam
822 602 989 632 Servatoris.

203 649 233 680 »Β
248 646 389 681 Quomodo
409 653 499 677 autem
519 654 546 676 et
566 648 642 681 illud,
661 648 757 676 Genuit
769 656 821 681 me,
838 649 870 676 ad
881 656 991 676 carnem

152 709 156 711 λ
199 697 282 728 queat
293 693 437 728 adaptari?
451 701 482 722 se
497 698 571 722 certe
584 695 705 728 genitum
718 693 835 722 afﬁrmat
852 699 916 722 ante
929 694 990 722 {on-

200 743 251 770 tes,
264 742 327 765 ante
338 743 452 771 montes,
468 743 532 767 ante
551 747 639 766 omnes
660 738 750 772 colles,
768 739 813 767 ubi
825 739 873 772 ait,
895 739 991 770 Domi-

201 792 250 810 nus
266 784 383 811 condidit
401 792 441 811 me
454 784 612 818 principium
630 785 730 811 viarum
744 791 852 811 suarum
863 785 898 812 ad
911 793 991 818 opera

199 838 260 862 sua,
287 835 348 857 ante
365 829 462 857 sa-cuta
489 829 609 863 fundavit
630 838 681 857 me.
700 829 728 857 Si
743 837 807 858 caro
822 830 873 858 ista
888 830 991 858 diceret

200 881 229 903 ut
243 876 369 904 Marcello
382 877 479 910 visum,
493 876 630 912 quomodo
642 884 706 904 caro
721 876 833 909 dixerit,
850 877 916 905 Ante
931 885 987 905 om-

200 931 244 950 nes
257 922 337 950 colles
350 923 433 958 gignit
447 923 509 949 me?
523 922 587 950 Esto
600 922 684 955 enim,
702 922 783 950 fuerit
797 928 860 950 ante
877 927 989 957 aposto-

1044 326 1136 363 φύρων
1149 327 1183 354 δι’
1196 327 1352 362 εὐχέρειαν,
1368 327 1432 359 τοὺς
1447 327 1544 359 αὐτοὺς
1557 325 1624 354 εἶναι
1639 328 1830 362 ἀποπέφανται

1042 373 1090 400 καὶ
1109 372 1200 408 πηγὰς
1224 372 1338 405 ὑδάτων,
1359 372 1406 400 καὶ
1426 372 1487 407 ὅρη,
1505 373 1553 399 καὶ
1572 372 1692 407 βουνοὺς,
1713 374 1780 409 φησι
1800 384 1830 401 τε

1042 418 1131 446 πάντα
1152 418 1239 446 ταῦτα
1259 416 1328 445 εἶναι
1349 420 1412 450 τοὺς
1426 418 1604 451 ἀποστόλους,
1625 419 1655 446 οὺ
1677 419 1830 447 διαστειλά-

1044 472 1123 499 μενος
1147 464 1193 491 τὸν
1214 464 1264 499 τῆς
1287 464 1417 500 διαφορᾶς
1444 463 1553 499 τρόπον.
1578 465 1611 491 Τί
1632 463 1679 492 οὖν
1700 466 1761 501 οὐχὶ
1785 467 1833 494 καὶ

1042 510 1095 546 πρὸ
1114 510 1163 546 τῆς
1179 510 1281 546 σαρκὸς
1307 509 1354 536 τοῦ
1375 510 1500 546 Σωτῆρος
1527 510 1609 545 ἡμῶν
1626 512 1656 537 ὲν
1674 511 1833 549 δικαιοσύνῃ

1042 555 1089 583 καὶ
1106 555 1160 590 (94)
1180 555 1320 591 θεοσεσείᾳ
1335 555 1390 591 (95)
1410 555 1601 588 τελειωθέντας
1625 556 1675 592 ὅρη
1697 558 1745 584 καὶ
1769 557 1832 593 βου-

1041 602 1104 633 νοὺς
1129 601 1231 636 ὁμοίως
1252 600 1399 633 ἐπεκάλει,
1428 601 1485 627 ἀλλ’
1508 602 1550 628 ὅτι
1579 601 1617 637 μὴ
1641 602 1694 638 πρὸ
1720 604 1834 631 ὲκεενων

1040 644 1096 679 οἷός
1109 655 1137 674 τε
1149 644 1183 683 ἦν
1194 647 1244 681 τὴν
1262 647 1352 682 σάρκα
1366 645 1414 673 τοῦ
1432 647 1559 682 Σωτῆρος
1575 648 1749 683 ὑφίστασθαι.
1764 649 1834 676 οὐκ·

1041 693 1089 720 οὗν
1106 692 1193 728 βίαιος
1216 693 1262 720 καὶ
1285 695 1532 729 κατηναγκασμένη
1558 694 1612 720 τῶν
1643 694 1834 730 προκειμένων

1040 739 1140 772 λέξεων
1167 740 1183 774 ή
1209 738 1255 765 ἐπὶ
1278 738 1327 774 τὴν
1354 737 1443 773 σάρκα
1467 738 1516 764 τοῦ
1542 739 1668 774 Σωτῆρος
1697 740 1831 775 ἀναφορὰ.

1041 784 1102 817 Πῶς
1118 784 1146 811 δὲ
1157 785 1204 811 καὶ
1215 784 1256 816 τὸ,
1271 783 1363 818 γεννᾷ
1372 792 1421 818 με,
1434 784 1599 819 ὲφαρμόσειε
1610 786 1643 819 τῇ
1666 786 1765 821 capiti;
1782 786 1836 822 πρὸ

1039 831 1094 866 γὰρ
1113 831 1168 857 τῶν
1183 831 1278 865 ¹ιι-ηγῶν
1293 830 1340 857 καὶ
1357 830 1410 866 πρὸ
1424 830 1479 857 τῶν
1492 830 1563 865 ὀρῶν
1577 831 1624 856 καὶ
1638 830 1691 866 πρὸ
1706 832 1761 858 τῶν
1775 831 1836 866 βου-

1039 876 1093 903 νῶν
1107 875 1286 911 γεγεννῆσθαι
1297 876 1398 911 ἔφησεν
1410 876 1516 907 ἑαυτὸν,
1528 875 1623 906 εἰπὼν,
1634 877 1741 910 Κύριος
1755 877 1833 904 ἐκτι-

1039 921 1077 948 σέ
1089 930 1127 956 με
1136 921 1235 956 ἀρχὴν
1248 920 1325 947 ὁδῶν
1339 920 1431 949 αὑτοῦ
1445 922 1488 954 εὶς
1501 921 1573 956 ἔργα
1588 921 1691 953 αὑτοῦ,
1704 921 1835 956 πρὸδτοῡ

199 966 240 994 los
264 974 328 995 caro
347 955 399 994 :va't
413 975 466 1002 quo
483 973 562 1003 pacto
576 968 693 1003 seipsam
711 967 767 1002 ipsa
784 975 800 994 a
820 968 875 995 Deo
889 955 986 996 iactam

1043 955 1146 1000 αίὼιυος
1162 955 1340 1002 ἐθεμελίωσέ
1368 975 1417 1001 με.
1436 967 1467 994 Ει
1487 967 1519 1003 δὴ
1540 955 1594 994 οὖν
1611 968 1627 1002 ἡ
1655 955 1729 1003 σὰρξ
1749 968 1837 995 ταῦτα

199 1009 315 1037 dixerit?
329 1010 421 1038 Visum
440 1016 481 1039 est
497 1011 624 1039 Marcello
641 1010 776 1040 aﬂirmare
791 1019 901 1040 carnem
926 1020 987 1040 cum

200 1063 252 1082 non
278 1060 397 1084 exstaret
425 1056 510 1091 prius,
529 1057 664 1084 conditam
699 1057 791 1085 fuisse.
820 1058 865 1085 Ait
894 1058 986 1087 enim:

202 1111 210 1127 t
229 1101 333 1130 Revera
352 1103 455 1130 creavit
467 1103 512 1137 qui
530 1103 601 1136 quod
623 1111 676 1131 non
693 1108 753 1131 erat
773 1104 837 1131 fecit
860 1103 989 1132 Dominus

201 1156 212 1172 ι
230 1152 321 1175 poster
337 1147 417 1176 Deus.
432 1148 548 1176 Carnem
568 1149 639 1176 enim
654 1148 771 1177 Verbum
787 1150 903 1185 sumpsit
930 1157 990 1184 qum

202 1203 212 1219 ‹
230 1201 284 1220 non
300 1199 369 1227 erat,
383 1195 431 1221 sed
447 1194 565 1222 condidit
581 1194 654 1221 illam
671 1202 731 1230 quae
753 1203 805 1222 non
821 1200 888 1223 erat.
905 1204 916 1221 s
934 1195 990 1223 No-

200 1239 287 1266 vimus
311 1241 347 1266 ita
377 1240 449 1267 illam
465 1241 614 1273 conditam,
630 1245 657 1267 at
669 1242 788 1276 genitam
805 1248 820 1268 a
841 1240 896 1269 Deo
917 1241 990 1269 illam

199 1285 334 1320 quomodo
359 1286 475 1318 dicetur,
501 1293 561 1312 cum
578 1285 693 1314 allirmet
707 1286 847 1320 Senator,
866 1286 943 1320 Quod
957 1289 991 1316 de

199 1337 277 1356 carne
287 1330 404 1365 gignitur
416 1339 478 1357 caro
494 1337 529 1358 est
541 1330 580 1366 "_?
590 1335 617 1358 et
630 1331 773 1366 Apostolus
788 1332 893 1367 inquiat
909 1341 916 1360 :
932 1331 990 1359 Fa-

199 1381 255 1402 ctus
263 1376 294 1402 de
303 1376 420 1410 muliere,
429 1377 515 1411 [actus
524 1377 570 1404 sub
581 1377 675 1412 lege“.
687 1378 827 1412 Quomodo
837 1378 919 1414 igitur
927 1386 992 1407 caro

200 1421 232 1448 de
247 1420 300 1448 Deo
315 1422 502 1450 universorum
527 1423 637 1455 dixerit,
654 1423 720 1451 Ante
745 1432 834 1451 omnes
851 1424 931 1451 colles
949 1433 992 1459 ge-

201 1469 257 1495 nuit
267 1476 307 1496 me
319 1469 330 1495 .7
343 1468 381 1496 Ita
394 1469 515 1497 arbitror
530 1470 674 1505 unicuique
684 1470 738 1505 jam
751 1475 900 1505 patescere,
912 1478 992 1505 quam

199 1520 320 1543 coactam
329 1516 385 1543 haec
392 1515 534 1543 admittant
542 1515 801 1550 interpretationem.
811 1516 907 1544 Atsine
916 1516 990 1544 omni

199 1561 328 1588 violentia
337 1554 436 1589 dixerit
449 1561 582 1597 quispiam
593 1561 620 1588 in
637 1560 736 1588 Filium
746 1561 803 1594 Dei,
813 1566 919 1589 semota
928 1562 993 1590 alle-

1039 1013 1149 1047 φάσκοι,
1161 1013 1199 1044 ὡς
1215 1012 1366 1048 Μαρκέλλῳ
1380 1013 1461 1045 δοκεῖ,
1476 1013 1534 1046 πῶς
1549 1013 1588 1046 τὸ,
1601 1013 1660 1047 Πρὸ
1672 1014 1706 1041 δὲ
1714 1014 1838 1042 πάντων

1036 1058 1160 1092 ,Βουνῶν
1172 1057 1263 1094 γεννᾷ
1280 1067 1328 1093 με,
1345 1059 1416 1085 εἴποι
1430 1059 1462 1086 ἂν
1477 1060 1493 1094 ἡ
1507 1059 1593 1095 cipe;
1609 1060 1699 1086 Ἔστω
1713 1060 1768 1096 γὰρ
1784 1060 1838 1096 πρὸ

1037 1105 1094 1132 τῶν
1108 1105 1264 1131 ἀποστόλων
1282 1106 1298 1141 ἡ
1313 1104 1382 1141 σάρξ
1396 1105 1466 1140 (96)’
1484 1105 1552 1132 ἀλλὰ
1564 1105 1621 1137 πῶς
1633 1106 1702 1140 αὑτὴ
1720 1106 1773 1133 ὑπὸ
1790 1107 1836 1132 τώ

1038 1149 1105 1177 Θεοῦ
1119 1150 1296 1186 γεγεννῆσθαί
1311 1159 1394 1186 φησιν
1405 1151 1504 1186 ἑαυτήν
1515 1160 1522 1183 ;
1534 1151 1564 1177 τὸ
1576 1152 1625 1186 μὲν
1636 1152 1689 1188 γὰρ
1700 1151 1837 1178 ἐκτίσθαι)

1041 1196 1078 1232 μὴ
1095 1194 1178 1222 οὖσαν
1201 1195 1333 1232 πρότερον
1355 1196 1404 1232 τὴν
1417 1197 1508 1233 σάρκα
1526 1196 1613 1223 ἐδόκει
1626 1197 1779 1232 Μαρκέλλῳ
1794 1197 1837 1223 λέ-

1039 1250 1108 1277 γειν.
1124 1242 1197 1277 Ἔφη
1211 1242 1276 1278 γάρ·
1298 1243 1442 1270 ιἜκτισεν
1456 1242 1566 1278 ἀληθῶς
1580 1242 1610 1269 τὸ
1627 1242 1664 1278 μὴ
1677 1242 1707 1269 ὃν
1725 1247 1838 1278 πεποιη·

1043 1297 1052 1314 ι
1066 1287 1122 1320 κὼς
1140 1288 1155 1314 ὁ
1167 1288 1300 1323 δεσπότης
1316 1288 1395 1324 ἡμῶν
1417 1289 1432 1314 ὁ
1447 1288 1522 1320 Θεός.
1545 1288 1603 1315 οὐκ
1616 1286 1699 1315 οὖσαν
1718 1289 1772 1324 γὰρ
1787 1290 1838 1324 τὴν

1044 1343 1053 1359 ι
1064 1334 1153 1370 σάρκα
1167 1334 1199 1369 ἦν
1221 1334 1365 1369 ἀνείληφεν
1380 1335 1395 1361 ὁ
1418 1334 1513 1368 Λόγος,
1532 1333 1599 1360 ἀλλὰ
1615 1333 1651 1369 μὴ
1666 1331 1749 1361 οὖσαν
1765 1334 1838 1360 ἐκτι-

1041 1388 1081 1406 σε.
1096 1390 1104 1405 ι
1138 1380 1174 1406 Τὸ
1193 1380 1243 1415 μὲν
1274 1378 1320 1407 οὖν
1348 1379 1472 1407 ἐκτίσθαι
1487 1379 1620 1415 ἔγνωμεν,
1637 1380 1668 1406 τὸ
1682 1380 1709 1407 δὲ
1729 1381 1777 1407 καὶ
1792 1389 1839 1414 γε-

1041 1424 1186 1460 γεννῆσθαι
1198 1425 1282 1460 αὐτὴν
1296 1425 1347 1452 ὑπὸ
1365 1425 1410 1451 τοῦ
1429 1424 1495 1451 Θεοῦ
1510 1424 1569 1456 πῶς
1584 1425 1617 1452 ἂν
1631 1425 1776 1460 ἀποδοθείη
1790 1425 1838 1453 τοῦ

1042 1470 1166 1505 Σωτῆρος
1187 1470 1266 1505 ἡμῶν
1279 1470 1413 1504 λέγοντος,
1433 1470 1467 1497 Τὸ
1489 1470 1707 1505 τεγειηημένον
1727 1472 1761 1498 ἐκ
1782 1471 1839 1505 τῆς

1042 1514 1155 1548 σαρκὸς
1172 1514 1250 1549 σάρξ
1259 1515 1341 1547 ἐστι;
1360 1515 1407 1541 καὶ
1427 1515 1441 1540 ὁ
1456 1514 1615 1546 Ἀπόστολος
1629 1515 1657 1541 δέ
1667 1524 1733 1551 φησι
1746 1517 1837 1543 Γενό-

1041 1568 1134 1595 μενος
1145 1560 1211 1595 (97),
1227 1560 1261 1586 ἐκ
1279 1558 1433 1594 γυναικὸς,
1451 1560 1610 1594 γενόμενος
1636 1559 1695 1587 ὑπὸ
1717 1560 1769 1587 τοῦ
1786 1562 1838 1588 νό-

198 1606 290 1642 carica
301 1606 384 1641 ﬁgura
392 1607 442 1634 ista
451 1613 513 1634 vere
520 1607 673 1635 convenire.
684 1605 750 1633 Nam
759 1611 787 1634 et
795 1612 857 1635 ante
865 1607 989 1636 tellurem

1043 1615 1111 1640 μου.
1131 1605 1193 1637 Πῶς
1213 1604 1259 1632 οὖν
1274 1607 1290 1641 ὴ
1307 1605 1375 1641 σὰρξ
1400 1603 1476 1632 εἶπεν
1499 1605 1532 1632 ἂν
1554 1606 1618 1642 περὶ
1633 1606 1679 1633 τοῦ
1697 1606 1764 1633 Θεοῦ
1782 1607 1838 1633 τῶν

200 1652 373 1681 Subsistebat.
390 1652 464 1685 Erat,
479 1657 505 1680 et
520 1657 645 1688 proterat,
667 1653 823 1688 priusquam
844 1654 985 1688 prodirent

203 1698 341 1726 naturales
353 1706 483 1733 aquarum
499 1699 679 1735 scaturigines
694 1708 702 1732 ;
717 1704 779 1727 ante
792 1700 904 1735 abyssos
916 1708 991 1728 com-

201 1749 381 1777 memoratas;
395 1745 552 1779 priusquam
568 1750 646 1773 terra:
666 1745 749 1779 ﬁgura
770 1750 841 1773 esset
857 1746 991 1781 ordinata,

200 1797 248 1823 per
264 1789 395 1816 montium
412 1795 438 1817 et
455 1790 562 1817 collium
578 1791 760 1818 surrectiones
777 1800 784 1818 :
802 1790 899 1817 Omnia
922 1791 991 1818 enim

199 1844 246 1870 per
259 1836 344 1870 ipsum
359 1835 429 1869 [acta
444 1841 516 1868 sunt,
528 1841 552 1863 et
571 1837 627 1863 sine
642 1838 698 1870 ipso
713 1837 812 1871 factum
830 1842 867 1864 est
882 1836 946 1864 nihil
957 1838 990 1864 δ’.

199 1881 235 1908 At
258 1881 280 1909 si
297 1881 430 1916 quispiam
451 1881 495 1908 hic
517 1881 675 1917 interroget,
697 1890 746 1909 cur
765 1889 795 1909 se
820 1890 872 1909 non
893 1882 992 1910 dixerit

201 1928 393 1961 prmexstitisse
406 1932 467 1956 ante
483 1928 577 1960 caelos,
594 1933 621 1954 et
633 1932 695 1954 ante
707 1935 738 1955 ea
750 1936 809 1963 quae
825 1933 888 1956 sunt
900 1928 925 1955 in
937 1936 991 1956 cte-

201 1972 245 2006 lis,
259 1978 306 2000 aut
321 1981 381 2008 quae
393 1981 473 2009 supra
485 1979 567 2006 sunt;
582 1979 644 2001 ante
658 1974 763 2001 divinas
786 1978 814 2001 et
830 1982 992 2009 supermun-

201 2020 286 2048 danas
311 2024 457 2055 potestates
481 2024 509 2048 et
532 2020 665 2055 spiritus:
684 2019 789 2047 dicetur
812 2020 881 2054 quod
895 2027 990 2048 eorum

201 2074 254 2096 non
282 2066 405 2093 meminit
429 2066 580 2101 Scriptura,
613 2071 755 2101 propterea
770 2066 841 2101 quod
865 2074 913 2101 per
932 2067 991 2095 hmo

201 2112 355 2143 Proverbia.
385 2112 539 2148 paedagogia
570 2112 693 2147 quaedam
720 2113 812 2140 animo
844 2112 991 2140 infantibus

200 2158 413 2193 protendebatur
429 2158 520 2193 :quod
535 2159 601 2186 satis
619 2162 702 2193 patet,
712 2165 774 2185 cum
788 2158 894 2185 dicatur
907 2158 991 2186 inter-

201 2204 274 2236 dum,
287 2204 408 2236 Attende,
424 2204 476 2238 ﬁli,
493 2204 527 2231 ad
549 2204 745 2231 instructionem
764 2204 846 2238 patris
860 2204 909 2236 lui,
921 2209 944 2231 et
959 2212 990 2231 ne

201 2248 306 2283 rejicias
317 2249 384 2284 leges
400 2250 491 2276 matris
505 2249 588 2276 tute"
604 2258 611 2276 :
629 2249 783 2283 aliquando,
805 2248 871 2281 Fili,
885 2250 990 2276 aduerte

1045 1652 1112 1679 ὅλων
1126 1652 1167 1683 τὸ.
1181 1651 1240 1687 Πρὸ
1256 1651 1290 1678 δὲ
1308 1652 1429 1679 πάντων
1443 1651 1568 1684 ,βουνῶν
1582 1651 1673 1686 γεννᾷ
1684 1661 1743 1687 με;
1766 1654 1838 1681 Tai-

1045 1710 1078 1729 τα
1097 1701 1145 1737 μὲν
1158 1698 1204 1727 οὖν
1227 1701 1263 1733 ὡς
1283 1700 1467 1736 βεϐιασμένην
1489 1700 1546 1736 ἔχει
1562 1701 1612 1736 τὴν
1627 1700 1778 1736 ἑρμηνείαν
1796 1697 1837 1726 οἷς

1047 1755 1095 1782 μαι
1112 1746 1192 1773 παντί
1205 1754 1244 1781 τῳ
1270 1746 1426 1780 καταφανὲς
1451 1743 1530 1773 εἶναι.
1553 1745 1701 1777 Ἀϐιὰστως
1716 1745 1737 1771 δ’
1754 1745 1787 1772 ἂν
1805 1745 1840 1772 εῖ-

1045 1801 1090 1819 ποι
1106 1793 1161 1828 (98)
1184 1801 1226 1824 τις
1238 1792 1284 1818 τὸν
1298 1792 1363 1819 Υἱὺν
1378 1792 1425 1818 τοῦ
1443 1791 1522 1823 Θεοῦ,
1544 1792 1590 1818 καὶ
1604 1791 1665 1827 δίχα
1681 1791 1780 1823 παντὸς
1791 1792 1838 1818 σλ-

1044 1838 1189 1874 ληγορικοῦ
1203 1838 1314 1874 τρόπον,
1326 1838 1411 1866 ταῦτα
1427 1837 1615 1873 ἐπαληθεύειν,
1638 1838 1699 1864 ἐπεὶ
1721 1838 1769 1864 καὶ
1788 1837 1838 1872 τῆς

1044 1885 1096 1920 τῆς
1111 1885 1296 1920 προϋπῆρχεν,
1309 1883 1343 1920 ἦν
1357 1893 1387 1911 τε
1402 1884 1449 1911 καὶ
1465 1884 1552 1920 προῆν
1567 1884 1621 1920 πρὸ
1633 1883 1679 1910 τοῦ
1696 1882 1838 1919 προελθεῖν

1043 1930 1094 1962 τὰς
1106 1930 1264 1965 σωματικὰς
1281 1929 1373 1964 πηγὰς
1386 1929 1441 1955 τῶν
1452 1929 1567 1962 ὑδάτων,
1582 1929 1629 1956 καὶ
1642 1929 1694 1965 πρὸ
1710 1928 1764 1955 τῶν
1781 1928 1838 1963 (99)

1044 1975 1181 2010 αἰσθητῶς
1196 1975 1350 2011 λεγομένων
1378 1974 1514 2007 ἀϐύσσων,
1537 1975 1584 2001 καὶ
1605 1975 1657 2011 πρὸ
1679 1972 1725 2001 τοῦ
1740 1974 1838 2010 συστῆ-

1043 2030 1087 2048 ναι
1100 2019 1133 2048 αὖ
1148 2020 1178 2047 τὺ
1193 2021 1242 2056 τῆς
1264 2020 1316 2055 γῆς
1331 2020 1424 2056 σχῆμα
1444 2021 1473 2046 ὲν
1489 2021 1544 2051 τοῖς
1564 2020 1618 2046 τῶν
1639 2019 1709 2055 ὀρῶν
1722 2019 1769 2045 καὶ
1784 2019 1837 2045 τῶν

1045 2067 1146 2102 βουνῶν
1159 2067 1348 2102 ἀναστήμασι·
1365 2065 1466 2093 Πάντα
1480 2067 1535 2101 γὰρ
1547 2066 1584 2093 δι’
1599 2066 1692 2092 αὑτοῦ
1706 2065 1836 2100 ἐγένετο,

1044 2113 1092 2139 καὶ
1110 2112 1199 2147 χωρὶς
1218 2112 1310 2139 αὑτοῦ
1323 2112 1441 2146 ἐγένετο
1459 2111 1530 2139 οὐδὲ
1547 2112 1591 2139 ἓν.
1613 2112 1643 2138 Ei
1656 2111 1677 2138 δ’
1690 2110 1837 2146 ἑρωτὴσειέ

1043 2166 1095 2189 τις,
1108 2158 1151 2184 διὰ
1162 2158 1187 2184 τί
1204 2157 1240 2192 μὴ
1254 2157 1306 2193 πρὸ
1316 2157 1369 2184 τῶν
1387 2157 1521 2193 οὐρανῶν,
1540 2157 1607 2192 μηδὲ
1620 2157 1671 2193 πρὸ
1684 2156 1738 2183 τῶν
1749 2157 1778 2182 ὲν
1790 2157 1836 2183 οὐ-

1047 2209 1146 2244 ρανοῖς,
1166 2208 1183 2243 ἧ
1198 2207 1252 2234 τῶν
1273 2207 1311 2243 (1)
1333 2208 1462 2235 ἐπέκεινα
1475 2208 1554 2235 θείων
1574 2208 1621 2234 καὶ
1643 2206 1837 2242 ὑπερκοσμίων

1042 2256 1182 2292 δυνάμεων
1195 2265 1225 2283 τε
1242 2257 1289 2284 καὶ
1305 2257 1478 2293 πνευμάτων,
1503 2257 1596 2284 ἑαυτὸν
1613 2255 1680 2284 εἶναι
1703 2256 1837 2284 ὲδίδασκε’

200 2294 317 2321 unimum
340 2294 373 2321 ad
392 2294 460 2329 leges
473 2303 554 2326 meus,
569 2300 592 2321 et
606 2302 696 2322 aurem
717 2294 886 2321 accommoda
906 2295 989 2322 verbis

1043 2310 1178 2342 λελέξεται
1194 2310 1279 2346 αὐτῷ,
1297 2310 1338 2337 ὃτι
1352 2310 1453 2338 τούτων
1471 2311 1540 2342 τέως
1551 2310 1750 2346 ιμνημόνευσεν
1764 2310 1779 2336 ὁ
1793 2309 1838 2336 λύ-

200 2340 263 2367 mcis
272 2340 305 2366 ".
323 2340 358 2367 Et
373 2340 480 2370 iterum.
497 2339 564 2373 Fili,
577 2348 608 2367 ne
621 2345 771 2367 contemnas
789 2340 987 2367 instructionem

199 2386 317 2420 Domini,
337 2391 362 2414 ct
377 2395 435 2412 cum
446 2388 477 2413 ab
492 2386 537 2413 illo
552 2387 703 2421 increperis,
725 2394 756 2412 ne
768 2386 875 2418 deﬁcias
891 2387 914 2402 ⁸¹
927 2395 934 2413 :
949 2391 987 2419 et,

202 2430 266 2463 Fili,
283 2432 305 2458 si
320 2431 367 2458 tibi
383 2432 478 2465 probus
496 2431 689 2466 fueris,probus
707 2432 796 2458 itidem
812 2431 862 2458 eris
882 2437 905 2459 et
923 2432 988 2458 vici-

200 2478 250 2504 nis.
262 2477 337 2510 Quod
347 2478 370 2504 si
386 2477 518 2511 improbus
534 2478 640 2508 evadas,
651 2482 705 2504 tum
720 2477 791 2504 salus
806 2481 874 2504 certe
888 2477 990 2504 czhau-

200 2520 251 2547 ries
264 2520 333 2546 mnta
344 2521 389 2548 δ”.
405 2520 545 2547 lnnumera
560 2519 602 2547 his
613 2519 722 2551 similia,
735 2519 767 2547 de
778 2519 985 2548 Proverbiorum

237 2607 267 2636 ἧς
285 2604 333 2632 Ed.
349 2604 447 2636 Paris.,
465 2611 526 2639 pag.
543 2603 603 2631 itii.

200 2639 222 2655 "
237 2638 318 2667 Prov.
332 2647 374 2672 ιιι,
388 2640 433 2667 Η.
467 2638 508 2655 ⁷⁵³·
520 2639 598 2666 Prov.
617 2647 654 2671 Ix,
673 2638 715 2666 l2.

236 2685 291 2720 (95)
308 2686 395 2719 Vulgo
409 2686 458 2720 μὲν
478 2686 570 2720 μηδὲν.

235 2720 293 2753 (94)
311 2720 396 2753 Vulgo
413 2722 548 2747 εὐσεϐεία.

313 2741 621 2792 Ῠὲᾆᾙωιθϋὲἒῖῖἇξωῦρη.
641 2756 712 2791 Lege
742 2757 790 2784 καὶ
819 2757 920 2792 πηγὰς,
945 2756 993 2784 καὶ

195 2791 326 2830 genum!
353 2791 472 2830 {io-H905.
494 2793 592 2830 Statim
616 2801 624 2819 :
648 2792 707 2827 lege
728 2793 782 2830 πρὸ
808 2791 918 2821 πάντων
938 2792 993 2820 τῶν

200 2825 506 2862 βούνῶνῗγεγεννῆσθαι.
522 2826 545 2854 Μ
551 2846 557 2853 .

236 2860 292 2898 (οδ)
307 2852 392 2896 νιιίεσ
415 2852 588 2898 suam.
603 2862 710 2896 αὐτήν.
732 2863 814 2898 Lego,
836 2861 916 2891 Ἀλλὰ
935 2862 993 2898 πῶς

200 2896 280 2933 αὑτὴ,
306 2904 402 2933 nempe
415 2904 489 2933 caro.
501 2897 556 2933 imo
567 2898 614 2925 τοῦ
633 2898 700 2925 θεοῦ
727 2896 794 2933 φησι
810 2897 990 2933 γεγεννῆσθαι

202 2907 280 2931 αυτη,
306 2907 402 2931 nempe
415 2907 489 2927 caro.
503 2907 556 2923 υπο
567 2907 614 2925 του
633 2907 700 2925 υεου

202 2932 287 2966 αὑτήν
305 2931 373 2967 (imo
387 2936 413 2958 et
429 2931 526 2967 ἑαυτήν
535 2940 595 2959 ctun
608 2933 699 2967 codd.)

243 2966 299 3002 (07)
315 2966 401 3001 Vulgo
413 2966 592 3002 γεννώμενος,
616 2973 642 2996 et
659 2976 719 2996 mox
736 2969 787 3004 πρὸ
802 2969 907 2996 πάντων
925 2969 948 3002 β.
965 2973 991 2996 et

1043 2371 1101 2397 γος,
1114 2362 1223 2398 -ὲπειδὴ
1248 2362 1435 2398 παιδαγωγίαν
1453 2363 1515 2389 τινὰ
1537 2363 1580 2390 διὰ
1604 2362 1657 2389 τῶν
1679 2362 1838 2398 Παροιμιῶν

1042 2417 1098 2448 τοῖς
1111 2416 1160 2447 τὰς
1174 2416 1262 2451 ψυχὰς
1280 2417 1387 2452 νηπίοις
1401 2416 1553 2452 παρεδίδου.
1573 2417 1606 2442 '0
1622 2416 1668 2442 καὶ
1681 2415 1762 2450 δῆλον
1773 2423 1838 2449 τυγ-

1041 2469 1117 2504 χάνει
1142 2469 1174 2496 ὲκ
1185 2468 1231 2496 τοῦ
1252 2478 1317 2496 ποτε
1338 2469 1475 2504 λέγεσθαι,
1489 2470 1602 2502 Ἄκουε,
1618 2468 1674 2501 υἱὲ,
1700 2468 1838 2495 παιδείαν

1043 2523 1155 2557 πατρός
1170 2530 1239 2555 σου,
1256 2522 1304 2549 καὶ
1318 2521 1361 2557 μὴ
1391 2521 1498 2556 ἀπώσῃ
1518 2521 1648 2556 θεσμοὺς
1668 2520 1704 2555 (2)
1725 2520 1838 2555 μητρός

648 2603 670 2619 ⁸⁷
682 2602 759 2630 Joan.
774 2611 814 2635 ill,
830 2604 856 2631 ϐ.
902 2605 923 2620 ⁸⁸
934 2604 990 2633 Gal.

1043 2624 1046 2636 ,
1063 2603 1090 2631 4.
1134 2604 1157 2619 δ’
1173 2602 1251 2631 Joan.
1266 2611 1286 2635 ι,
1297 2603 1324 2630 5.
1363 2603 1385 2618 ¹⁰
1396 2601 1474 2630 Prov.
1492 2610 1511 2635 ι,
1528 2602 1553 2629 8.
1591 2601 1613 2617 ⁸¹
1630 2601 1710 2629 Prov.
1726 2608 1763 2632 iv.
1780 2599 1826 2627 ΞΟ.

1045 2695 1129 2713 παντι
1146 2694 1184 2713 τω
1189 2704 1195 2710 .

1219 2718 1273 2745 τὸν
1291 2716 1465 2755 ῐἰὀτς.ΑΕδεεει
1481 2723 1532 2748 τις,
1548 2716 1588 2755 εις
1601 2715 1646 2742 τὸν
1663 2714 1737 2741 Υίόν.
1758 2714 1793 2742 M.

1080 2749 1138 2791 (99)
1158 2749 1242 2791 VII-lg!)
1259 2750 1467 2791 οιηηαὶσθητῶς
1486 2755 1519 2791 et_
1533 2749 1577 2791 αξ.

1080 2783 1174 2827 (1)’.Η
1270 2783 1422 2817 ὑπέκεινά.
1441 2786 1497 2813 Ιιιιο
1511 2786 1639 2827 ἐπέκεινα.
1663 2785 1715 2827 [sic
1729 2783 1831 2827 cos-Idi

1045 2820 1272 2861 de‘potestatibns
1297 2829 1357 2857 qua:
1381 2827 1490 2848 sursum
1512 2827 1592 2849 erant
1606 2820 1735 2857 loquitur.
1754 2820 1831 2847 Μ.-

1047 2859 1106 2889 Llox
1120 2861 1199 2895 vulgo
1211 2859 1328 2895 λέξεται.

1079 2897 1117 2931 (2)
1134 2889 1305 2931 νᾶ18ρ[τῆς1
1325 2904 1353 2930 μ.
1381 2900 1407 2922 et
1433 2902 1495 2922 mox
1511 2892 1584 2931 νοῦν,
1612 2891 1657 2918 καὶ
1681 2889 1771 2921 πάλιν,
1786 2896 1831 2924 pro

1044 2929 1100 2965 οἷς,
1120 2932 1166 2959 καί
1181 2929 1306 2964 adﬁciet
1319 2929 1415 2967 γέννῃς
1433 2938 1481 2965 pro
1499 2929 1574 2964 γένῃ.
