3970 6510
403 417 514 475 993

1380 415 1469 471 DE
1510 415 2043 473 ECCLESIASTICA
2086 417 2472 478 THEOLOGIA
2511 418 2635 477 LIB.
2678 420 2766 477 ill.

3569 425 3675 483 994

403 549 542 588 σοιν
579 532 709 587 ποτὲ
742 530 820 596 δὲ,
864 531 978 596 Υιέ,
1011 529 1176 601 ἐμοῖς
1208 532 1413 601 νόμοις
1445 534 1724 603 πρόσεχε,
1774 534 1894 601 τοῖς
1925 534 1981 589 δὲ

2096 536 2231 591 libro
2254 551 2349 606 per
2370 538 2603 607 seipsum
2646 541 2768 610 quis
2807 538 3083 610 collegerit
3114 540 3326 611 negotio
3348 539 3516 607 nullo,
3552 546 3676 613 qui-

400 624 569 697 ἐμοῖς
595 626 828 696 ῥήμασι
860 624 1207 693 παράϐαλλε
1237 626 1355 679 σειν
1385 621 1512 692 οὖς·
1546 628 1639 680 καὶ
1662 624 1837 691 αὖθις,
1876 627 1990 690 Υἱὲ,

397 719 485 788 μὴ
517 717 782 788 ὀλιγώρει
814 717 1085 784 παιδείας
1111 719 1352 786 Κυρίου,
1388 720 1486 772 καὶ
1521 718 1607 789 μὴ
1634 710 1859 774 ἐκλύου
1888 719 1990 773 ὑπ’

401 812 592 865 αὑτοῦ
611 812 1008 879 ἐλεγχόμενος
1023 829 1035 840 ·
1066 811 1180 873 καὶ,
1218 810 1331 875 Υἱὲ,
1358 811 1467 864 ἐὰν
1483 810 1681 878 καλῶς
1704 811 1848 882 γένῃ
1866 812 1994 866 ἑαυ-

400 903 506 970 τῷ,
555 903 744 970 καλὸς
772 902 888 971 ἔσῃ
918 905 1014 957 καὶ
1058 904 1183 971 τοῖς
1210 905 1513 972 πλησίον·
1554 905 1663 959 ἐὰν
1693 904 1762 957 δὲ
1807 904 1992 970 κακὸς

397 996 661 1065 ἀποϐῇς,
688 997 877 1065 μόνος
915 996 1240 1062 ἀντλήσεις
1269 997 1341 1051 τὰ
1377 995 1531 1050 κακά
1566 997 1663 1069 (5).
1712 998 1895 1070 Μυρία
1933 997 1991 1050 δὲ

400 1090 470 1143 ἂν
494 1091 589 1143 καὶ
616 1090 777 1153 αὐτὸς
808 1089 1017 1153 τούτοις
1053 1091 1234 1161 ὃμοια,
1264 1089 1384 1144 καθ’
1410 1090 1600 1143 ἑαυτὸν
1639 1090 1747 1143 ἀπὸ
1776 1089 1878 1159 τῆς
1906 1087 1988 1159 βί-

396 1178 530 1232 6λου
556 1178 666 1233 τῶν
705 1178 1018 1251 Παροιμιῶν
1052 1178 1305 1250 ἁναλέξῃ,
1340 1178 1404 1231 δι’
1432 1173 1505 1233 ὧν
1537 1180 1565 1230 6
1602 1178 1775 1247 Λόγος
1804 1179 1990 1247 φαίνε-

394 1286 491 1322 ται
523 1269 737 1342 νηπίοις
767 1270 865 1332 τὰς
898 1269 1075 1340 ψυχὰς
1115 1268 1654 1339 προσδιαλεγόμενος.
1705 1268 1862 1322 Οὕτω
1895 1270 1989 1324 καὶ

392 1363 606 1434 Μωσῆς
634 1363 979 1432 παιδαγωγὸς
1003 1363 1109 1416 τῶν
1136 1362 1338 1416 ἀτελῶν
1366 1362 1465 1425 τὰς
1494 1362 1567 1432 (Ai)
1594 1362 1796 1435 φρένας
1823 1364 1991 1435 ὑπάρ-

394 1472 530 1526 χων,
558 1454 788 1521 οὐρανοῦ
839 1455 932 1508 καὶ
962 1455 1065 1525 γῆς
1099 1455 1192 1506 καὶ
1220 1453 1320 1523 τῆς
1345 1452 1453 1506 τῶν
1479 1454 1687 1525 ὁρατῶν
1726 1455 1989 1527 δημιουρ-

392 1552 519 1618 γίας
562 1536 999 1621 ἐμνημόνευσεν
1054 1550 1113 1603 οὐ
1171 1548 1275 1620 μὴν
1315 1550 1408 1602 καὶ
1449 1549 1679 1613 κτίσεως
1716 1551 1984 1619 ἀγγέλων,

348 1646 352 1649 ⁷
390 1645 520 1697 οὐδὲ
550 1645 707 1697 θείων
736 1644 1016 1715 δυνάμεων
1037 1685 1052 1708 ,
1090 1644 1210 1697 οὐδὲ
1239 1642 1562 1714 πνευμάτων
1587 1643 1777 1712 ἁγίων,
1800 1642 1877 1715 τῷ
1912 1645 1986 1717 μὴ

391 1739 594 1808 χωρεῖν
631 1754 717 1789 πω
758 1735 855 1806 τὴν
900 1735 1100 1789 τούτων
1140 1734 1488 1789 διδασκαλίαν
1530 1735 1655 1798 τοὺς
1696 1736 1846 1807 αὐτῷ
1883 1754 1988 1808 μα-

393 1826 810 1898 θητευομένους.
843 1828 1082 1891 Εἰκότως
1110 1827 1396 1898 τοιγαροῦν
1427 1827 1517 1880 καὶ
1537 1828 1565 1879 6
1601 1829 1657 1879 ὲν
1682 1830 1802 1891 ταῖς
1833 1829 1982 1901 Παρ-

2097 627 2197 683 bus
2227 628 2354 682 illud
2381 628 2546 698 liquet
2572 629 2801 685 Verbum
2829 630 2902 685 ibi
2936 646 3217 687 sermones
3242 634 3521 688 instituere
3549 650 3669 688 cum

2094 721 2274 775 animo
2295 721 2581 775 admodum
2607 723 2809 791 pueris.
2838 729 2897 785 ᾖ(
2929 724 3009 778 Ad
3040 726 3202 780 istum
3233 728 3447 780 ntodum
3478 734 3531 779 et
3562 725 3674 781 Mo-

2095 827 2183 866 ses
2238 811 2672 882 imperiectorum
2727 819 3020 872 secundum
3077 818 3285 871 animos
3352 818 3672 887 pmdagogus

2094 903 2409 969 cum'essct,
2441 906 2561 960 cceli
2594 915 2647 960 et
2682 915 2861 971 terrae,
2888 919 2941 961 et
2973 910 3266 963 visibilium
3301 910 3673 963 commeminit

2093 994 2433 1050 condituram
2470 986 2803 1052 non‘autem
2859 1000 3151 1054 creationis
3195 1002 3528 1067 angelorum,
3574 1017 3675 1057 nec

2093 1090 2395 1144 divinarum
2440 1098 2793 1159 potestatum,
2833 1107 2935 1145 nec.
2993 1102 3304 1147 sanctorum
3358 1095 3669 1164 spirituum,

2090 1196 2156 1236 eo
2205 1183 2348 1252 quod
2394 1198 2497 1236 non
2539 1192 2758 1252 possent
2788 1198 2981 1253 capere
3012 1185 3310 1240 doctrinam
3364 1189 3519 1241 istam
3569 1187 3666 1249 illi,

2091 1274 2183 1343 qui
2214 1275 2267 1329 in
2304 1274 2645 1344 disciplinam
2695 1276 2744 1329 ei
2768 1277 3161 1344 ﬁndebantur.
3220 1277 3294 1331 Ut
3330 1294 3427 1333 nec
3475 1279 3667 1350 injuria

2090 1363 2349 1430 Verbum,
2383 1364 2508 1418 dum
2561 1363 2796 1433 loquitur
2841 1366 2928 1421 hic
2956 1366 3006 1420 in
3031 1365 3357 1433 Proverbiis,
3384 1370 3450 1422 ad
3495 1367 3672 1423 istius-

2090 1459 2234 1512 modi
2260 1457 2534 1511 auditores
2557 1456 2856 1527 doctrinﬂam
2884 1474 3060 1525 Suam,
3086 1476 3113 1513 a
3141 1461 3369 1515 terrenis
3398 1463 3669 1516 montibus

2090 1550 2338 1614 deducat,
2370 1564 2397 1602 a
2427 1548 2656 1603 collibus
2688 1536 2744 1603 et
2780 1565 3041 1618 aquarum
3074 1552 3529 1621 scaturiginibus;
3577 1564 3665 1608 ut-

2089 1650 2213 1710 pote
2247 1656 2274 1694 a
2303 1642 2470 1711 magis
2503 1643 2731 1711 cognitis
2767 1660 2780 1695 :
2814 1652 2975 1712 atque
2998 1644 3066 1697 ita
3098 1661 3324 1701 exorsus
3354 1648 3422 1701 ab
3445 1648 3670 1703 inferius

2087 1735 2298 1803 positis,
2324 1735 2693 1788 informandos
2712 1736 2865 1804 quasi
2895 1752 3053 1789 manu
3090 1738 3318 1793 deducat
3349 1740 3414 1794 ad
3440 1742 3677 1796 eximio-.

2091 1841 2149 1879 ra
2188 1844 2200 1879 :
2231 1836 2285 1880 et
2308 1842 2336 1878 a
2367 1827 2745 1881 minutioribus
2782 1830 2859 1881 sic
2888 1828 2953 1879 ad
2979 1828 3145 1898 magis
3173 1829 3348 1883 divina
3382 1841 3668 1887 transcen—

387 1919 600 1990 οιμίαις
627 1919 818 1988 Λόγος,
849 1920 923 1984 ὡς
957 1920 1218 1983 τοιούτοις
1255 1920 1365 1972 ἀπὸ
1424 1919 1530 1973 τῶν
1563 1920 1690 1991 περὶ
1715 1921 1818 1991 γῆν
1840 1920 1981 1993 ὀρῶν

2088 1914 2217 1969 dere
2249 1915 2370 1975 illos
2412 1916 2592 1971 faciat.
2634 1915 2756 1971 llaec
2789 1918 2859 1971 ita
2888 1929 3024 1981 esto,
3076 1919 3120 1971 si
3166 1934 3272 1973 non
3315 1920 3453 1975 ultra
3504 1937 3668 1979 voces

391 2027 453 2064 τε
484 2012 578 2064 καὶ
613 2010 837 2080 βουνῶν,
895 2012 988 2065 καὶ
1030 2011 1240 2082 πηγῶν,
1274 2010 1351 2075 ὡς
1388 2012 1497 2065 ἀπὸ
1548 2013 1984 2085 γνωριμωτέρων

391 2101 491 2174 τὴν
518 2101 866 2156 διδασκαλίαν
911 2104 1175 2156 ἐποιεῖτο’
1220 2103 1296 2166 ὡς
1345 2103 1405 2168 ἐξ
1470 2103 1787 2174 ὑποϐάθρας
1817 2105 1985 2177 ἀρξά-

393 2212 559 2266 μενος
594 2196 686 2248 ἐπὶ
715 2196 783 2250 τὰ
822 2195 1056 2268 κρείττω
1086 2198 1518 2271 χειραγωγήσειε
1557 2196 1685 2259 τοὺς
1708 2198 1984 2267 παιδαγωα

390 2292 713 2363 γουμένους,
745 2293 853 2345 ἀπὸ
881 2309 938 2347 τε
975 2293 1083 2346 τῶν
1111 2293 1484 2365 σμικροτέρων
1526 2294 1617 2347 ἐπὶ
1648 2295 1717 2349 τὰ
1741 2294 1985 2366 θειότερα

386 2382 687 2436 διαϐαίνειν
729 2383 1189 2454 παρασκευάσειε.
1229 2382 1412 2436 Ταῦτα
1445 2385 1543 2455 μὲν
1578 2380 1695 2450 οὖν,
1741 2387 1789 2438 εἰ
1820 2387 1986 2458 μηδὲν

386 2490 474 2539 τις
500 2475 647 2546 πέρα
687 2474 785 2545 τῆς
815 2474 1014 2540 λέξεως
1048 2475 1496 2546 περιεργάζοιτο·
1525 2476 1572 2529 εί
1608 2476 1664 2528 δὲ
1691 2476 1985 2549 βαθύτερόν

388 2585 477 2632 τις
498 2567 788 2621 καὶταῦτα
825 2570 965 2621 νοεῖν
1004 2566 1199 2632 ἐθέλοι,
1234 2569 1295 2621 οὑ
1340 2567 1540 2639 μᾶλλον
1570 2571 1661 2623 ἐπὶ
1690 2572 1816 2635 τοὺς
1845 2573 1983 2624 ἁποο

391 2659 636 2724 στόλους,
676 2659 831 2730 ἢὲπὶ
854 2659 1062 2723 πάντας
1109 2662 1237 2723 τοὺς
1284 2659 1504 2713 πώποτε
1544 2661 1866 2732 γενομένους
1902 2662 1981 2714 δι-

389 2747 582 2809 καίους
610 2748 705 2800 καὶ
750 2747 1015 2817 Θεοφιλεῖς
1047 2748 1248 2820 ἄνδρας
1285 2748 1426 2803 αὐτὰ
1453 2749 1748 2816 ἐκδέξεται,
1794 2750 1982 2823 διαϐή-

388 2858 540 2894 σεται
567 2840 622 2894 δὲ
644 2840 854 2895 ἐνθένδε
886 2843 981 2896 καὶ
1021 2844 1114 2896 ἐπὶ
1141 2842 1242 2907 τὰς
1272 2843 1424 2908 Θείας
1452 2845 1546 2897 καὶ
1570 2843 1866 2913 ἀγγελικὰς
1890 2845 1983 2897 δυ-

385 2934 603 3004 νάμεις,
655 2932 754 3006 ὅρη
803 2933 975 3003 λέγων
999 2936 1093 2989 καὶ
1125 2934 1345 3005 βουνοὺς
1378 2936 1708 2990 αἰνίττεσθαι
1734 2937 1981 3006 ἀγγέλων

384 3026 483 3079 καὶ
520 3027 875 3096 άρχαγγέλων
933 3027 1027 3081 καὶ
1082 3029 1410 3099 πνευμάτων
1474 3028 1635 3083 θείων
1693 3030 1981 3103 διαφορὰς,

384 3118 612 3191 θρόνους
642 3137 701 3173 τε
731 3122 826 3174 καὶ
858 3122 1183 3226 κυριότητας
1220 3123 1314 3177 καὶ
1365 3123 1541 3197 ἀρχὰς
1574 3123 1669 3178 καὶ
1709 3123 1976 3191 ἐξουσίας,

2087 2009 2209 2077 quis
2240 2008 2504 2063 curiosius
2556 2008 2815 2078 inquirat.
2858 2009 3010 2077 Quod
3036 2010 3078 2062 si
3108 2011 3229 2079 quis
3260 2011 3666 2080 profundiorem

2086 2100 2274 2157 harum
2310 2116 2492 2155 rerum
2528 2100 2935 2172 intelligentiam
2972 2105 3251 2173 percipere
3305 2105 3453 2170 velit,
3517 2116 3670 2161 certe

2088 2208 2191 2247 non
2219 2194 2389 2263 magis
2420 2208 2481 2247 ea
2507 2194 2573 2247 ad
2597 2194 2867 2263 apostolos
2893 2210 3050 2264 quam
3084 2197 3303 2265 quosvis
3322 2196 3493 2265 iustos
3513 2208 3566 2252 et
3589 2200 3669 2254 di-

2086 2285 2257 2339 lectos
2287 2284 2397 2340 Deo
2444 2285 2687 2340 retulerit
2720 2304 2735 2340 :
2772 2295 2826 2340 et
2874 2287 2944 2340 ita
2982 2289 3376 2343 transcenderit
3420 2290 3545 2345 inde
3599 2293 3665 2345 ad

2087 2379 2297 2432 divinas
2325 2388 2382 2433 et
2409 2378 2681 2449 angelicas
2708 2388 3003 2448 potestates
3035 2396 3049 2431 :
3086 2395 3182 2450 per
3227 2393 3438 2437 montes
3470 2391 3523 2437 et
3552 2383 3667 2437 col-

2082 2465 2166 2519 les
2191 2465 2459 2536 designari
2484 2468 2791 2539 intelligens
2818 2469 3127 2537 angelorum
3148 2472 3666 2542 etarcbangelorum

2080 2564 2139 2609 et
2169 2556 2470 2612 divinorum
2500 2559 2785 2629 spirituum
2818 2560 3172 2627 diﬂ‘erentias,
3218 2564 3462 2629 thronos,
3496 2565 3669 2619 domi-

2081 2648 2355 2715 nationes,
2408 2651 2767 2721 principatus,
2825 2664 3142 2722 potestates.
3195 2655 3312 2710 1am
3362 2671 3491 2711 vero
3525 2660 3668 2726 quod

2086 2741 2187 2796 ista
2215 2743 2395 2797 omnia
2443 2759 2540 2814 per
2572 2745 2744 2814 illum,
2774 2755 2829 2801 ct
2850 2750 2915 2801 ad
2945 2748 3090 2802 illum
3119 2758 3299 2803 creata
3336 2749 3535 2803 iuerint
3563 2766 3578 2804 :
3613 2760 3669 2805 et

2083 2834 2225 2901 quod
2256 2845 2381 2887 ante
2410 2836 2511 2890 ista
2539 2838 2745 2903 omnia,
2778 2839 2894 2909 ipse
2924 2838 3279 2906 subsistebat,
3320 2840 3534 2895 divinus
3574 2841 3670 2896 do-

2078 2937 2168 2983 cet
2189 2928 2501 2997 Apostolus,
2530 2929 2844 2999 inspiratus,
2874 2940 2934 2984 ut.
2961 2945 3060 2999 par
3092 2932 3437 2997 estcredere,
3469 2933 3668 2987 divini--

2082 3028 2190 3083 tus;
2225 3034 2343 3076 cum
2375 3020 2428 3074 in
2454 3036 2683 3090 persona
2724 3021 2845 3076 Filii
2878 3020 2971 3076 Dei
2998 3023 3111 3077 haec
3140 3034 3451 3093 usurparet,
3478 3023 3667 3079 Prius-

2074 3128 2238 3183 quam
2267 3122 2467 3167 ntontes
2502 3114 2878 3182 funderentur,
2922 3125 3043 3170 ante
3089 3132 3267 3171 omnes
3299 3117 3456 3171 colles
3490 3120 3668 3188 genuit

378 3212 468 3266 ὅτι
496 3214 574 3283 (5)
608 3212 672 3284 δὴ
713 3213 808 3266 καὶ
833 3204 1006 3268 ταῦτῖι
1043 3215 1223 3270 πάντα
1251 3215 1320 3269 δι’
1352 3215 1538 3282 αὑτοῦ,
1577 3218 1668 3271 καὶ
1701 3218 1780 3281 είς
1818 3217 1980 3272 αὑτὸν

2084 3220 2181 3258 nte.
2211 3204 2277 3258 Et
2316 3205 2420 3259 alia
2463 3207 2677 3275 quidem
2715 3210 2893 3263 omnia
2929 3206 3067 3265 facta
3108 3211 3281 3266 dicit:
3319 3211 3489 3266 solum
3540 3224 3668 3268 vero

379 3304 632 3357 ἐκτίσθαι
667 3306 761 3358 καὶ
789 3305 896 3377 πρὸ
918 3306 1134 3361 πάντων
1168 3307 1347 3360 αὐτῶν
1369 3301 1507 3361 εἶναι
1531 3308 1757 3375 τούτων,
1789 3311 1817 3363 ὁ
1839 3308 1981 3372 θεῖος

2085 3294 2261 3365 ipsum
2292 3300 2530 3368 genitum
2565 3310 2691 3355 ante
2723 3302 3167 3358 constitutionem
3209 3305 3665 3374 supradictorum.

378 3396 624 3461 ἐδίδαξεν
639 3397 959 3462 Ἀπόστολος
990 3397 1088 3471 (6),
1116 3397 1442 3470 ὲνθέως(ὡς)
1467 3400 1612 3462 εἰκὸς
1637 3398 1979 3469 ὁρμώμενος,

379 3488 559 3542 διὰτὸ
601 3489 854 3558 λέγεσθαι
910 3492 968 3544 ὲν
1011 3491 1220 3555 τούτοις
1271 3493 1336 3544 ὲκ
1386 3490 1683 3565 προσώπου
1715 3491 1809 3545 τοῦ
1850 3491 1980 3545 Υἱοῦ

378 3581 476 3635 τοῦ
496 3581 630 3635 Θεοῦ
648 3583 729 3647 τὸ,
760 3582 879 3653 Πρὸ
913 3583 1018 3638 τοῦ
1046 3582 1152 3652 ὄρη
1176 3583 1563 3653 ἑδρασθῆναι,
1591 3583 1704 3652 πρὸ
1736 3583 1805 3637 δὲ
1832 3581 1982 3636 πάν-

2083 3386 2243 3441 Novit
2272 3402 2449 3443 autem
2468 3390 2610 3444 idem
2630 3392 2924 3462 Apostolus
2942 3405 2997 3449 et
3017 3393 3317 3451 Jerusalem
3350 3398 3628 3454 caelestem
3651 3439 3669 3465 ,

2083 3489 2138 3534 et
2167 3492 2402 3535 montem
2461 3482 2513 3537 in
2549 3499 2657 3554 quo
2684 3487 2770 3540 illa
2813 3490 3066 3544 conditur
3091 3491 3387 3554 cmleStem,
3426 3492 3513 3547 tibi
3570 3492 3666 3559 ait,

2080 3571 2384 3625 Accessistis
2410 3574 2478 3625 ad
2505 3584 2732 3629 montem
2760 3573 2910 3645 Sion,
2938 3588 2986 3632 et
3013 3580 3276 3633 civitatem
3314 3581 3527 3635 virentis
3551 3580 3668 3646 Dei,

379 3690 501 3727 των
536 3672 785 3737 ,Βουνῶν
825 3674 1008 3746 γεννᾷ
1036 3693 1131 3744 με.
1176 3677 1256 3729 Τὰ
1292 3676 1388 3746 μὲν
1426 3671 1519 3730 οὖν
1574 3676 1710 3731 ἄλλα
1747 3675 1979 3749 δρᾶσθαι

2084 3661 2379 3719 Jerusalem
2410 3666 2467 3719 in
2496 3666 2660 3732 ariis,
2691 3668 2759 3721 ad
2783 3670 3176 3725 multitudinem
3213 3673 3543 3727 innumeram
3568 3689 3667 3727 an-

378 3766 511 3838 ἒφη,
548 3768 707 3837 μόνον
745 3766 800 3820 δὲ
832 3768 994 3823 αὐτὸν
1016 3768 1374 3840 γεγεννῆσθαι
1410 3769 1515 3840 πρὸ
1542 3768 1641 3839 τῆς
1664 3769 1773 3822 τῶν
1804 3768 1977 3842 δηλω-

379 3858 583 3913 θέντων
610 3860 943 3924 συστάσεως.
977 3855 1098 3915 Οῐδε
1124 3861 1181 3914 δὲ
1214 3859 1311 3932 τὴν
1345 3859 1667 3930 ἐπουράνιον
1709 3860 1980 3932 Ἰερουσα-

380 3950 494 4023 λὴμ
516 3953 544 4005 6
569 3951 1087 4016 αὑτὸςἈπόστολος,
1130 3951 1225 4005 καὶ
1255 3951 1317 4004 τὸ
1361 3950 1612 4020 οὐράνιον
1663 3950 1789 4023 ὅρος
1815 3953 1900 4022 ἐφ’
1932 3946 1979 4021 ᾧ

374 4043 585 4115 ταύτην
638 4040 778 4097 εἷναί
834 4061 967 4116 φησι
1013 4043 1221 4112 λέγων’
1273 4045 1775 4113 Προσεληλὺθατε
1824 4046 1978 4099 Σιὼν

378 4134 520 4201 ὄρει,
559 4132 657 4187 καὶ
692 4134 866 4187 πόλει
899 4134 1047 4189 Θεοῦ
1076 4132 1291 4201 ζῶντος
1325 4135 1721 4205 Ἰερουσαλὴμ
1750 4136 1843 4189 ἐπ’
1871 4138 1967 4190 οὐ·

367 4224 558 4296 ρανῷ,
598 4226 697 4280 καὶ
740 4227 1034 4297 μυρίασιν
1064 4228 1359 4299 ἀγγέλων,
1394 4230 1724 4300 πανηγύρει
1749 4229 1843 4283 καὶ
1864 4233 1980 4285 Εκ-

378 4319 605 4388 uincla.
654 4320 1043 4389 πρωτοτόκων
1080 4320 1626 4391 ἀπογεγραμμένων
1682 4322 1753 4377 ἐν
1799 4323 1976 4391 οὐρα-

376 4411 525 4478 νοῖς.
558 4412 668 4465 Καὶ
700 4412 905 4467 τούτων
941 4412 1231 4485 τοιγαροῦν
1254 4413 1511 4467 ἁπάντων
1539 4413 1917 4485 προῦπάρχων
1942 4416 1970 4467 6

374 4504 470 4557 τοῦ
495 4504 630 4558 Θεοῦ
674 4504 968 4576 μονογενὴς
996 4505 1124 4569 Υίὸς
1167 4504 1235 4558 τὰ
1262 4505 1364 4575 τῆς
1409 4505 1616 4569 οἰκείας
1656 4506 1972 4578 ἀπορρήτου

2079 3754 2335 3823 gelorum,
2361 3758 2665 3828 panegyrim
2714 3768 2761 3812 et
2805 3758 3095 3815 Ecclesium
3125 3764 3590 3834 primogenilorum
3614 3763 3670 3816 in

2078 3846 2219 3899 eatis
2237 3847 2615 3916 descriptorum
2634 3848 2703 3901 ⁸⁸.
2740 3848 2879 3905 Ante
2918 3852 3019 3905 ista
3049 3850 3266 3920 quidem
3298 3852 3479 3905 omnia
3516 3849 3668 3905 exsi-

2079 3947 2226 3994 stens
2255 3940 2571 4009 unigenitus
2600 3940 2696 3995 Dei
2724 3941 2916 4008 Filius,
2946 3959 3068 4013 qua?
3117 3945 3186 3997 ad
3220 3943 3391 4013 ipsius
3425 3940 3671 3997 ineffabi-

2078 4031 2181 4086 lem
2212 4033 2531 4100 spectabant
2567 4038 2992 4105 generationem,
3027 4034 3343 4091 abscondite
3364 4036 3413 4088 in
3438 4034 3668 4089 Prover-

2078 4123 2180 4179 biis
2209 4124 2501 4180 intimavit.
2545 4125 2611 4181 Et
2650 4127 2793 4196 quod
2843 4127 2989 4182 hunc
3018 4130 3242 4183 subesse
3269 4142 3491 4182 sensum
3520 4125 3668 4181 vole-

2076 4217 2169 4271 bat
2198 4217 2421 4289 intelligi
2455 4228 2603 4289 patet
2634 4234 2701 4273 ex
2749 4219 2815 4275 iis
2867 4234 2987 4290 quae
3018 4220 3202 4275 statim
3233 4219 3499 4291 adjungit,
3533 4217 3667 4274 Cum

2074 4308 2230 4363 caelos
2261 4318 2566 4379 appararet,
2597 4309 2679 4364 illi
2702 4327 2933 4380 prwsens
2958 4311 3132 4381 adfui.
3153 4309 3252 4367 Hic
3271 4310 3382 4379 jam
3416 4313 3666 4382 egregius

2077 4402 2346 4472 interpres
2373 4402 2778 4474 Scripturarum
2806 4405 3063 4460 exclusus
3076 4404 3342 4469 substitit,
3371 4418 3468 4460 nec
3488 4412 3671 4460 trans-

2076 4492 2157 4547 ire
2188 4494 2361 4561 potuit
2401 4508 2415 4546 :
2453 4495 2596 4564 quod
2625 4494 3073 4565 consequentiam
3107 4495 3395 4550 reddendae
3421 4495 3668 4566 supposi-

373 4596 681 4667 γεννήσεως
704 4595 1218 4667 ὲπικεκρυμμένως,
1248 4595 1335 4650 διὰ
1352 4595 1461 4649 τῶν
1487 4595 1807 4667 Παροιμιῶν
1828 4595 1971 4667 ᾐνίτο

2084 4586 2237 4641 Lionis
2288 4587 2354 4641 de
2399 4602 2565 4643 carne
2619 4585 2950 4651 Servatoris,
3005 4585 3353 4657 complanare
3394 4586 3664 4657 nequiret.

374 4705 520 4743 τετο.
547 4689 658 4743 Καὶ
681 4691 763 4743 ὅτι
790 4706 854 4759 γε
896 4689 1065 4743 ταῦτα
1086 4688 1357 4743 ὑπέϐαλλε
1387 4691 1548 4756 νοεῖν,
1577 4688 1735 4760 δῆλον
1782 4688 1848 4743 ἂν
1869 4687 1964 4758 γέ-

378 4800 523 4837 νοιτο
543 4783 635 4853 ἀφ’
664 4776 740 4837 ὧν
767 4783 1027 4838 συνάπτει
1058 4783 1184 4855 ἑξῆς
1210 4784 1382 4853 λέγων
1406 4800 1420 4814 ·
1469 4782 1671 4843 Ἡνίκα
1699 4779 1969 4852 ἡτοίμαζε

372 4878 484 4932 τὸν
502 4877 785 4948 οὐρανὸν,
816 4877 1233 4948 συμπαρήμην
1260 4877 1440 4943 αὐτῷ.
1476 4876 1645 4931 Ἔνθα
1670 4878 1699 4930 6
1720 4877 1979 4945 γενναῖος,

369 4968 481 5023 τῶν
510 4970 742 5042 Γραφῶν
771 4970 1042 5043 ἑρμηνεὺς
1075 4968 1454 5034 ἀποκλεισθεὶς
1483 4968 1611 5040 ἔστη
1642 4968 1743 5038 (7),
1776 4966 1970 5039 μηκέθ’

369 5061 638 5133 ὑπερϐάς,
670 5062 750 5134 τῷ
792 5062 867 5136 μὴ
903 5062 1219 5135 δεδυνῆσθαι
1255 5059 1574 5132 ὲξομαλίσαι
1620 5059 1720 5132 τὴν
1748 5059 1973 5113 ἀκολου-

369 5152 496 5207 θίαν
515 5154 615 5226 τῆς
638 5152 994 5224 ἀποδοθείσης
1031 5152 1181 5224 αὑτῷ
1212 5153 1343 5224 περὶ
1370 5152 1471 5223 τῆς
1497 5150 1701 5223 σαρκὸς
1728 5147 1824 5203 τοῦ
1856 5149 1971 5201 Σω-

368 5245 534 5317 τῆρος
580 5244 911 5309 ὑποθέσεως.
946 5246 1095 5298 Ἀνω
1138 5243 1247 5317 γὰρ
1288 5244 1384 5298 καὶ
1420 5242 1572 5296 κάτω
1620 5240 1719 5312 τῆς
1761 5239 1965 5312 σαρκὸς

370 5337 778 5411 μνημονεύσας,
820 5338 918 5392 καὶ
952 5337 1130 5391 πάντα
1163 5334 1416 5409 εἰρῆσθαι
1448 5333 1579 5407 περὶ
1606 5333 1707 5405 τῆς
1758 5332 1960 5405 σαρκὸς

445 5509 505 5569 ›Ῑ‹
541 5502 639 5560 Ed.
669 5500 872 5568 Paris.,
898 5516 1020 5573 pag.
1046 5499 1170 5566 162,
1216 5498 1315 5556 165
1411 5498 1459 5531 ⁸³
1488 5494 1651 5553 Hebr.
1685 5510 1782 5564 xtl,
1804 5494 1899 5560 22,
1931 5492 2023 5550 23.

438 5687 519 5763 (5)
544 5687 976 5763 ΔΜιιοριαμαιῦτός.
1004 5685 1149 5760 Lege
1186 5687 1356 5760 μυρία
1379 5687 1437 5743 δὲ
1477 5687 1612 5761 [imo
1642 5687 1690 5741 δ’
1729 5686 1795 5742 ἄν
1832 5700 1955 5744 cum

368 5758 556 5822 codd.|
586 5758 681 5814 καὶ
703 5758 886 5822 αὐτός.

463 5830 519 5901 4)
535 5828 705 5901 Vulgo
715 5830 892 5901 ψυχάς
903 5840 959 5886 et
972 5844 1095 5884 mox
1111 5828 1173 5901 τὸ
1194 5829 1268 5901 μή
1289 5830 1507 5900 etjni'ra
1519 5831 1613 5885 καὶ
1628 5828 1778 5885 διαδ.

467 5898 519 5974 3)
554 5898 879 5971 Vulgoﬂ'et
906 5914 1029 5957 mox
1058 5898 1301 5972 ἐκτίσθη.

2074 4678 2345 4734 Mentione
2370 4680 2515 4735 enim
2575 4679 2714 4735 facta
2769 4682 3148 4751 susquedeque
3195 4680 3402 4744 carnis,
3462 4691 3517 4733 et
3552 4693 3668 4734 om-

2080 4774 2168 4829 nia
2188 4773 2341 4843 quasi
2366 4773 2509 4828 dicta
2535 4773 2601 4829 de
2617 4788 2784 4829 carne
2809 4775 3052 4843 eXposita
3089 4788 3397 4844 proponens
3432 4777 3490 4835 ἦ(
3518 4771 3666 4842 (nam

2079 4864 2145 4918 ad
2170 4878 2340 4935 usque
2370 4874 2580 4921 montes
2615 4876 2669 4920 et
2690 4866 2857 4922 colles
2878 4867 3070 4933 evasit,
3098 4882 3235 4937 quos
3261 4865 3536 4935 apostolos
3572 4878 3666 4916 ar-

2080 4958 2314 5013 bitratur
2364 4957 2555 5029 esse),
2597 4975 2715 5030 qua:
2772 4970 3077 5030 sequuntur
3131 4960 3352 5015 silentio
3408 4956 3667 5025 deinceps

2081 5051 2274 5107 lubens
2326 5052 2647 5118 transmisit,
2683 5067 2787 5107 non
2819 5069 2984 5110 ausus
3023 5053 3250 5107 ulterius
3284 5051 3337 5105 in
3366 5048 3668 5118 Scripturis

2082 5146 2353 5216 progredi.
2381 5146 2563 5217 Atque
2602 5148 2674 5203 ita
2710 5146 2929 5201 ﬁbulam
2968 5143 3202 5200 orationi
3232 5142 3497 5213 apposuit.
3539 5139 3668 5193 Post

2074 5238 2473 5309 quamplurima
2504 5240 2832 5295 intermeuto
2860 5250 3109 5293 sermone
3143 5244 3443 5297 transacta,
3478 5233 3547 5287 ab
3580 5246 3669 5285 ac-

2069 5331 2319 5400 ceptione
2348 5331 2435 5387 illa
2462 5331 2670 5388 carnali
2713 5330 2908 5396 resilit,
2942 5329 3122 5384 fassus
3159 5327 3253 5383 Dei
3288 5324 3524 5383 Verbum
3560 5324 3662 5378 ista

2137 5684 2214 5809 $6)
2262 5680 2508 5748 Ἑνθέως
2537 5680 2719 5745 εἰκός.
2743 5678 2924 5746 Deest,
2951 5676 3049 5743 ὡς,
3084 5676 3162 5740 ὡς
3195 5673 3364 5739 είκὸς.
3384 5671 3657 5730 M.—Mox

2137 5774 2140 5809 ι
2166 5771 2233 5809 ao
2256 5754 2368 5809 πρὸ
2387 5752 2458 5806 τὰ
2481 5751 2606 5809 bon.

2068 5751 2827 5951 vu(l78$;§1b;:0§pgirep6dc.
2853 5820 3038 5889 Forte,
3070 5819 3145 5891 μὴ
3184 5818 3334 5874 κάτω
3358 5816 3573 5880 διαϐάς.
3596 5814 3665 5869 Μ.

2083 5928 2152 5938 --
2228 5897 2348 5951 nico
2385 5894 2460 5951 μὴ
2495 5894 2668 5951 μηκέθ
2697 5891 2961 5951 ὑπερΰάς.
3618 5926 3622 5935 ,

2083 5891 2153 5938 -ὲ
2182 5891 2348 5966 Vulgo
2385 5894 2460 5967 μὴ
2494 5894 2668 5966 μηκέθ
2697 5891 2961 5962 ὑπερϐάς.
3618 5926 3622 5935 ,
