3970 6574
383 398 488 453 995

1055 400 1325 456 EUSEBII
1364 396 1844 456 CESARIENSlS
1882 396 2034 453 OPP.
2078 396 2259 453 PARS
2301 396 2394 454 IV.
2435 428 2503 437 -—
2546 396 2967 454 DOCMATICA.

3559 403 3679 459 996

385 523 752 592 prolocutum;
787 522 1110 592 verba'ejus
1139 534 1262 580 sunt
1295 524 1386 597 [ιι.
1420 520 1529 580 LIV
1568 524 1691 580 coll.
1722 540 1775 593 p.
1814 524 1877 577 ﬂ
1912 524 1968 589 D,

2079 522 2495 593 ἀποφηνάμενος
2517 521 2702 593 (μέχρι
2730 523 2840 595 γὰρ
2866 522 2974 575 τῶν
3018 522 3161 594 όρῶν
3192 521 3285 575 καὶ
3318 522 3425 576 τῶν
3458 523 3684 593 βουνῶν

388 617 489 671 H2
525 616 586 681 D,
620 617 721 671 166
748 616 814 688 Α]
851 634 864 670 :
899 634 917 666 ι
955 616 1277 687 Priusquam
1333 628 1478 673 esset
1540 616 1794 678 mundus,
1852 624 1972 669 erat

389 732 406 762 ι
441 712 552 781 jam
608 710 836 766 Verbum
897 711 949 763 in
1008 710 1188 765 Patre.
1245 710 1378 765 Cum
1442 724 1571 763 vero
1620 709 1971 775 omnipotens

390 824 409 856 ι
450 805 606 867 Deus,
637 805 815 858 omnia
844 818 905 858 ea
933 803 1166 859 condere
1193 804 1331 874 apud
1362 819 1422 859 se
1451 804 1826 867 constituerat,
1851 816 1970 869 quae

390 915 409 946 ι
447 906 573 950 sunt
606 896 658 950 in
708 895 860 950 caelis
898 904 951 949 et
980 911 1141 965 super
1171 907 1368 951 terram
1401 915 1413 949 :
1442 897 1623 950 mundi
1655 906 1803 950 certe
1842 911 1968 964 pro-

389 1009 407 1042 ι
442 990 625 1043 ductio
658 988 861 1044 eﬂicaci
885 989 1196 1057 operatione
1225 989 1514 1059 indigebat.
1551 989 1615 1042 Et
1661 1004 1781 1041 eum
1831 1002 1969 1057 pra:-

391 1099 409 1131 ι
447 1090 527 1135 ter
577 1083 760 1144 Deum,
814 1081 945 1134 nihil
985 1096 1205 1150 prorsus
1256 1090 1401 1136 esset
1447 1081 1593 1151 (nam
1651 1080 1866 1149 penitur
1917 1080 1969 1133 in

393 1191 411 1224 ι
443 1173 690 1228 confesso
725 1174 867 1243 quod
900 1173 1096 1227 fuerint
1124 1175 1301 1227 omnia
1331 1174 1398 1228 ab
1446 1174 1535 1227 illo
1569 1170 1829 1241 condita),
1860 1180 1970 1225 tum

393 1284 411 1316 ι
444 1268 739 1333 procedens
770 1266 1026 1329 Verbum,
1086 1269 1283 1323 factum
1331 1276 1414 1321 est
1465 1266 1647 1319 mundi
1702 1266 1968 1331 conditor,

392 1375 412 1410 ι
443 1359 582 1428 quod
616 1359 883 1414 exsistens
911 1361 1059 1430 prius
1093 1361 1259 1427 intus,
1293 1360 1438 1413 illum
1476 1358 1647 1427 ipsum
1681 1358 1974 1428 apparabat

392 1468 411 1499 ι
448 1452 896 1520 quemadmodum
925 1468 1022 1506 nos
1050 1452 1307 1521 propheta
1331 1456 1485 1505 docet
1513 1451 1766 1505 Salomon
1798 1468 1810 1503 :
1838 1447 1973 1503 Cum

394 1560 411 1592 ι
450 1552 727 1609 appararet
750 1554 969 1607 terram,
991 1560 1095 1596 una
1122 1559 1350 1610 pra’sens
1383 1545 1595 1596 aderam
1615 1542 1681 1595 “.
1719 1542 1805 1607 Et,
1839 1540 1971 1595 Cum

391 1651 409 1682 ι
446 1633 614 1700 fontes
642 1636 731 1703 qui
766 1635 857 1687 sub
889 1635 1015 1688 cwlo
1044 1646 1163 1687 sunt
1191 1635 1373 1703 ﬁrmos
1403 1645 1639 1703 poneret,
1659 1646 1704 1687 ct
1723 1634 1973 1686 solidaret

391 1744 409 1774 ι
446 1726 775 1793 ﬁrmamenta
817 1738 990 1790 (ει-να»,
1048 1743 1192 1779 eram
1240 1726 1382 1794 apud
1429 1742 1545 1780 eum
1593 1726 1853 1793 adaptans
1885 1742 1968 1778 ea.

389 1832 409 1865 ς
453 1814 562 1885 Ego
600 1832 742 1869 erum
792 1815 974 1887 inqua
1009 1816 1455 1872 oblectabatur”.
1486 1816 1676 1871 Procul
1717 1820 1878 1872 dubio
1908 1819 1974 1873 si-

390 1927 409 1958 ι
447 1910 659 1977 quidem
705 1896 1194 1979 gaudchat'Pater,
1256 1926 1377 1965 cum
1418 1926 1514 1979 per
1546 1909 1779 1964 Verbum
1811 1904 1975 1966 suum

392 2019 412 2053 ε
451 2001 719 2069 sapienter
767 2009 820 2054 ct
868 2012 1114 2071 potenter
1160 2002 1273 2055 haec
1310 2002 1489 2055 omnia
1526 2002 1743 2057 laceret.
1787 2023 1805 2055 ι
1849 2003 1972 2059 Hzec

388 2093 691 2147 Marcellus.
717 2092 819 2159 Qui
848 2094 895 2147 si
924 2096 1010 2146 vix
1046 2094 1257 2147 tandem
1288 2096 1504 2164 agnovit
1534 2096 1649 2149 hinc
1695 2096 1746 2150 in
1786 2112 1971 2164 perso-

387 2201 455 2240 na
492 2184 646 2240 Verbi
688 2185 829 2238 dicta
884 2199 1025 2249 esse,
1089 2186 1396 2239 necessario
1430 2186 1672 2240 conﬁteri
1727 2196 1968 2257 cogetur,

388 2281 694 2334 universam
756 2276 826 2329 ibi
878 2276 1143 2330 dictorum
1196 2291 1531 2346 compagem,
1566 2277 1633 2331 de
1658 2279 1844 2331 eodem
1879 2279 1971 2333 Dei

386 2366 567 2422 Verbo
603 2377 936 2435 usurpatam.
980 2364 1114 2419 Nam
1151 2367 1241 2435 qui
1281 2368 1437 2433 dixit,
1473 2368 1605 2422 Cum
1649 2381 1972 2437 pra'pararet

386 2459 570 2514 caelum
605 2459 652 2511 ei
682 2461 919 2523 aderam,
988 2459 1125 2512 idem
1159 2458 1391 2513 Verbum
1418 2462 1628 2514 scilicet
1652 2471 1765 2514 erat
1797 2461 1886 2531 qui
1918 2470 1973 2516 et

387 2550 547 2605 dixit.
583 2553 837 2605 Dominus
863 2552 1095 2606 condidit
1144 2570 1223 2605 me
1263 2554 1579 2623 principium
1620 2556 1823 2607 viarum
1843 2572 1971 2609 sua-

388 2661 506 2698 rum
540 2648 610 2699 ad
641 2662 796 2709 opera
824 2663 939 2699 sua.
997 2645 1110 2701 Una
1163 2649 1360 2702 etenim
1395 2648 1689 2718 eademque
1739 2664 1968 2719 persona

389 2739 897 2806 repraesentabatur,
935 2738 984 2790 in
1017 2739 1280 2808 principio
1309 2738 1467 2807 hujus
1496 2756 1703 2809 passus,
1760 2756 1880 2810 qua:
1919 2751 1973 2795 et

387 2830 570 2884 omnia
625 2830 875 2898 deinceps
934 2831 1349 2899 exsequebatur.
1406 2830 1497 2886 Ille
1529 2846 1657 2901 ergo
1688 2834 1777 2902 qui
1813 2833 1967 2897 dixit,

388 2920 646 2976 Dominus
698 2920 928 2974 condidit
977 2936 1057 2974 me
1110 2922 1424 2989 principium
1469 2922 1673 2975 viarum
1726 2938 1969 2986 suarum,

387 3014 672 3070 subéotulit
720 3013 869 3079 illud,
935 3014 1067 3067 Ante
1093 3014 1288 3067 sa'cula
1338 3014 1574 3081 [undavit
1606 3031 1685 3069 me
1727 3030 1745 3068 :
1792 3024 1864 3080 et,
1904 3013 1970 3067 In

390 3107 645 3175 nrincipio
691 3117 969 3175 antequam
1013 3116 1207 3160 terram
1248 3107 1493 3159 conderet
1524 3124 1541 3160 :
1575 3115 1648 3172 et,
1682 3108 1970 3176 Antequam

2071 614 2294 683 ἔφθασε,
2331 617 2454 680 τοὺς
2483 616 2815 679 ἀποστόλους
2842 616 2991 669 ταῦτ’
3018 616 3185 669 εἰπὼν
3212 612 3398 683 εἶναι),
3426 618 3493 671 τὰ
3514 618 3573 670 δέ
3608 633 3682 685 γε

2073 706 2288 769 τούτοις
2321 706 2591 760 ἀκόλουθα
2614 708 2757 761 ἓκων
2785 707 3067 779 παρέδωκε
3098 712 3297 779 σιωπῇ,
3336 710 3534 780 μηκέτι
3570 710 3687 781 τῆς

2071 797 2297 868 Γραφῆς
2350 798 2662 869 περαιτέρω
2710 797 2991 869 προελθεῖν
3040 799 3336 870 τολμήσας.
3405 801 3687 854 Ἐνταῦθα.

2075 889 2172 958 μὲν
2205 885 2298 942 οῦν
2329 890 2508 961 ἵστησι
2538 890 2627 942 τὸν
2652 889 2837 957 λόγον·
2868 892 3004 961 μετὰ
3026 891 3253 945 πλεῖστα
3280 892 3335 944 δὲ
3368 894 3467 946 ὃσα
3505 910 3689 962 μετει-

2073 978 2134 1042 ξῦ
2170 980 2316 1051 αὐτῷ
2340 980 2658 1052 λελεγμένα,
2687 982 2980 1051 ἀφίσταται
3012 982 3108 1053 μὲν
3145 984 3244 1053 τῆς
3283 985 3375 1036 ἐπὶ
3409 985 3509 1054 τὴν
3539 985 3685 1055 σάρ-

2072 1089 2143 1125 κα
2177 1074 2424 1145 ἐκδοχῆς.
2466 1073 2718 1145 ὁμολογεί
2771 1074 2827 1126 δὲ
2871 1074 2964 1127 τὸν
2995 1074 3089 1128 τοῦ
3146 1074 3281 1128 Θεοῦ
3313 1077 3487 1144 Λόγον
3532 1073 3684 1129 εἶναι

2071 1166 2161 1219 τὸν
2206 1167 2381 1220 ταῦτα
2434 1168 2702 1236 φήσαντα.
2756 1166 2920 1236 Λέγει
2965 1168 3011 1220 δ’
3056 1163 3147 1221 οῦν
3190 1168 3373 1233 αὐτοῖς
3421 1170 3680 1241 ῥήμασιο

2078 1276 2095 1308 ι
2118 1258 2231 1328 Πρὸ
2259 1258 2367 1328 γὰρ
2392 1256 2483 1310 τοῦ
2528 1258 2618 1310 τὸν
2645 1256 2849 1328 κόσμον
2877 1254 3019 1310 εἶναι
3055 1254 3123 1328 ἦν
3163 1259 3332 1325 Λόγος
3361 1260 3421 1310 ἐν
3446 1259 3525 1328 τῷ
3560 1260 3686 1312 Πα-

2079 1368 2096 1399 ι
2121 1349 2230 1420 τρί.
2267 1350 2393 1402 Ὅτε
2416 1349 2473 1402 δὲ
2497 1350 2524 1401 6
2554 1347 2951 1419 παντοκράτωρ
2976 1348 3107 1411 Θεὸς
3132 1349 3307 1401 πάντα
3330 1366 3389 1400 τε
3416 1350 3474 1401 ὲν
3507 1350 3568 1401 οὐ
3581 1364 3687 1417 ρα-

2080 1462 2096 1493 ι
2130 1445 2241 1505 νοῖς
2284 1441 2380 1494 καὶ
2418 1441 2486 1495 τά
2528 1441 2619 1493 ἐπὶ
2664 1440 2763 1510 τῆς
2806 1441 2909 1511 γῆς
2952 1441 3171 1511 ποιῆσαι
3208 1441 3490 1511 προέθετο,
3522 1444 3687 1510 ἐνερ-

2079 1556 2097 1587 ι
2127 1534 2279 1603 γείας
2306 1536 2339 1604 ή
2371 1533 2463 1586 τοῦ
2495 1533 2699 1604 κόσμου
2743 1533 2959 1602 γένεσις
3002 1533 3170 1586 ἐδεῖτο
3208 1534 3528 1605 δραπικῆς,
3580 1534 3685 1589 καὶ

2081 1648 2099 1680 ι
2127 1628 2215 1681 διά
2239 1627 2417 1690 τοῦτο,
2459 1627 2683 1699 μηδενὸς
2724 1628 2877 1689 ὄντος
2914 1627 3102 1699 ἑτέρου
3152 1628 3291 1698 πλὴν
3341 1628 3477 1681 Θεοῦ
3515 1629 3687 1698 (πάν-

2081 1738 2191 1773 «τα
2250 1719 2359 1790 γὰρ
2421 1720 2761 1789 ὁμολογεῖται
2813 1719 2885 1790 (8)
2930 1720 3021 1772 ὑπ’
3077 1719 3241 1772 αὐτοῦ
3294 1719 3684 1792 γεγενῆσθαι),

2083 1830 2099 1863 ι
2130 1813 2249 1865 τότε
2281 1812 2490 1881 ὁΛόγος
2521 1813 2799 1883 προελθὼν
2827 1814 3036 1881 ἐγίνετο
3061 1812 3154 1865 τοῦ
3179 1814 3383 1883 κόσμου
3417 1814 3683 1884 ποιητὴς,

2083 1924 2100 1953 ι
2126 1906 2153 1958 6
2192 1904 2287 1957 xui.
2318 1904 2579 1975 πρότερον
2616 1904 2762 1957 ἔνδον
2798 1904 3002 1976 νοητῷς
3041 1902 3342 1974 ἐτοιμάζων
3369 1906 3555 1968 αὐτὸν,
3602 1907 3687 1969 ὡς

2084 2015 2102 2046 ι
2126 1994 2361 2049 διδάσκει
2409 1998 2555 2066 ἡμᾶς
2583 1998 2610 2049 6
2635 1998 2918 2068 προφήτης
2938 1989 3218 2066 Σολομὼν,
3265 1996 3466 2049 Ἡγίκα
3507 1998 3683 2064 ἡτοί-

2085 2106 2103 2138 ι
2122 2088 2264 2157 μαζε
2307 2088 2414 2141 τὸν
2464 2088 2745 2156 οὐρανὸν,
2796 2089 2987 2157 λέγων,
3020 2089 3433 2159 συμπαρήμην
3477 2087 3681 2154 αὐτῷ·

2085 2198 2103 2230 ι
2130 2180 2243 2239 καὶ,
2274 2180 2367 2245 Ὡς
2385 2181 2679 2249 ἀσφαλεῖς
2702 2181 2879 2234 ἐτίθει
2903 2181 3098 2250 πηγὰς
3119 2180 3230 2249 τῆς
3258 2182 3358 2235 ὑπ’
3375 2182 3679 2251 οἰιοανόν·

2085 2290 2103 2322 ‹
2124 2273 2305 2340 ἡνίκα
2340 2274 2558 2341 ἰσχυρὰ
2588 2273 2775 2326 ἐποίει
2812 2273 2886 2326 τὰ
2919 2273 3162 2343 θεμέλια
3200 2273 3312 2342 τῆς
3339 2274 3473 2345 τῆς,
3506 2274 3685 2344 ἥμην

2085 2380 2103 2412 ι
2131 2362 2265 2430 παρ’
2290 2361 2449 2427 αὐτῷ
2488 2362 2845 2432 ἁρμόζουσα.
2892 2364 3040 2433 Ἐγὼ
3076 2363 3238 2433 ἢμην
3264 2360 3302 2436 ᾗ
3350 2364 3684 2433 προσέχαι-

2084 2473 2102 2505 ι
2119 2470 2218 2521 ρε’
2255 2453 2435 2525 ἔχαιρε
2482 2454 2591 2526 γάρ
2630 2455 2855 2518 εἰκότως
2895 2458 2922 2508 ό
2956 2456 3144 2528 Πατὴρ
3196 2458 3331 2528 μετά
3361 2460 3553 2528 σοφίας
3580 2461 3682 2513 καὶ

2085 2545 2405 2615 «δυνάμεως
2458 2546 2547 2599 διὰ
2604 2547 2696 2600 τοῦ
2732 2548 2905 2618 Λόγου
2962 2550 3139 2603 πάντα
3187 2550 3375 2604 ποιῶν.
3410 2570 3429 2602 ι
3487 2551 3682 2605 Ταῦτα

2078 2639 2418 2711 Μάρκελλος.
2450 2641 2515 2693 Εἰ
2539 2640 2615 2713 (9)
2647 2641 2710 2713 δὴ
2742 2638 2834 2697 οὖν
2862 2646 2924 2697 ὲκ
2955 2644 3244 2717 προσώπου
3274 2646 3368 2699 τοῦ
3392 2646 3566 2716 Λόγου
3600 2651 3683 2701 εἰ·

2080 2732 2273 2804 ρῆσθαι
2309 2733 2449 2786 αὐτά
2481 2735 2640 2805 μόγις
2673 2734 2802 2788 ποτὲ
2838 2736 3207 2809 ὡμολόγησεν,
3250 2739 3461 2811 ἀνάγκη
3508 2740 3683 2794 αὑτὸν

2079 2825 2481 2897 παραδέξασθαι
2515 2829 2695 2881 πᾶσαν
2738 2828 2835 2900 τὴν
2873 2828 3187 2901 σύμφρασιν
3231 2831 3338 2884 τῶν
3371 2833 3678 2903 προκειμέ-

2079 2938 2183 2973 νων
2215 2920 2307 2974 ὲπὶ
2348 2920 2440 2973 τὸν
2470 2922 2633 2974 αὑτὸν
2671 2918 2765 2974 τοῦ
2799 2919 2933 2972 Θεοῦ
2960 2921 3131 2989 Λόγον
3182 2921 3569 2993 ἀναφέρεσθαι.
3618 2924 3679 2977 ὀ

2078 3012 2187 3086 γάρ
2214 3011 2403 3076 εἰπὼν,
2421 3013 2632 3067 Ἦνίκα
2664 3013 2938 3083 ἡτοίμαζε
2964 3014 3072 3067 τὸν
3095 3015 3374 3083 οὐρανὸν,
3393 3032 3677 3084 συμπαρο

2077 3106 2238 3175 ήμην
2274 3102 2455 3170 αὐτῷ,
2494 3106 2655 3168 αὐτὸς
2679 3106 2792 3175 (10)
2822 3101 2890 3177 ἦν
2922 3108 2950 3158 6
2984 3105 3077 3159 καὶ
3112 3106 3191 3171 τὸ,
3230 3108 3448 3175 Κύριος
3470 3105 3680 3162 ἐκτισέ

388 3208 589 3252 menta
622 3197 987 3266 ﬁrmarentur,
1017 3206 1137 3250 ante
1163 3212 1339 3249 omnes
1368 3196 1523 3249 colles
1553 3198 1728 3265 genuit
1753 3214 1867 3260 me;
1892 3208 1967 3263 et,

2079 3215 2147 3269 με
2184 3197 2385 3266 ἀρχὴν
2412 3197 2570 3252 ὁδῶν
2606 3198 2791 3252 αὐτοῦ
2835 3200 2922 3265 εις
2953 3198 3097 3268 ἔργα
3130 3197 3338 3277 αὑτοῦ,
3372 3199 3581 3269 φήσας·
3615 3199 3676 3251 ἓν

388 3291 521 3344 Cum
543 3302 866 3360 pra’pararet
894 3290 1071 3354 cwlos,
1101 3290 1147 3344 ei
1182 3289 1417 3344 aderam.
1455 3287 1611 3359 isque
1639 3291 1775 3344 idctn
1802 3300 1854 3344 et
1883 3306 1971 3345 se-

388 3384 606 3453 quentia
658 3385 924 3453 apposuit.
964 3383 1113 3450 Quod
1170 3384 1215 3439 si
1252 3383 1487 3438 Verbum
1526 3395 1643 3437 erat
1668 3384 1712 3437 is
1750 3385 1837 3452 qui
1872 3384 1972 3437 ista

390 3475 547 3539 dixit,
570 3492 590 3525 ι
620 3475 886 3543 quomodo
904 3483 1023 3527 erat
1059 3474 1203 3527 intus
1231 3472 1284 3526 in
1312 3472 1438 3538 Deo,
1464 3472 1798 3541 coingenitus
1824 3471 1972 3526 Deo?

393 3582 412 3616 ι
450 3581 612 3619 unum
627 3566 895 3620 exsistens
913 3566 1161 3634 idemque
1183 3579 1303 3619 cum
1328 3562 1429 3617 eo?
1449 3572 1501 3617 et
1527 3574 1702 3617 tamen
1721 3579 1778 3618 se
1789 3562 1973 3617 condi-

391 3677 413 3707 ι
451 3666 561 3709 tmn
575 3664 628 3708 et
650 3657 885 3723 genitum
905 3654 1219 3722 proﬁtetur?
1236 3652 1369 3707 Nan:
1387 3654 1541 3707 unica
1562 3668 1811 3723 persona,
1829 3656 1970 3723 quod

392 3765 411 3794 ι
446 3746 650 3801 dictum
683 3756 765 3800 est
816 3746 1214 3799 demonstratur
1266 3744 1513 3798 universa
1542 3744 1651 3808 illa,
1677 3758 1795 3812 qua:
1830 3744 1969 3797 dicta

391 3857 411 3890 ι
448 3837 1084 3906 suntcomplexa.)Quod
1108 3837 1151 3891 si
1180 3838 1392 3891 tandem
1410 3851 1533 3891 sero
1561 3836 1687 3891 licet
1714 3835 1973 3890 conlitca-

384 3942 477 3985 tur
502 3931 616 3986 lucc
645 3930 697 3984 iu
730 3944 958 4001 persona
1003 3929 1188 3994 Verbi,
1237 3930 1378 3998 quod
1423 3931 1473 3984 in
1503 3930 1609 3985 Deo
1642 3938 1782 3994 erat,
1830 3931 1971 3984 dicta

383 4039 506 4079 esse
536 4064 551 4090 ,
596 4033 741 4078 certe
790 4023 1082 4077 violentum
1130 4023 1551 4092 deprehenditur
1599 4033 1652 4077 et
1701 4034 1968 4087 coactum,

384 4117 528 4185 quod
565 4116 631 4170 ad
661 4130 880 4171 carnem
905 4114 1211 4171 Servatotis
1242 4116 1595 4181 referebatur,
1632 4122 1690 4180 ᾖ
1724 4128 1778 4171 et
1807 4131 1868 4171 ea
1898 4118 1969 4171 ita

383 4211 565 4263 omnia
595 4209 781 4273 cruda,
810 4209 990 4278 inepta
1016 4218 1071 4261 et
1098 4224 1234 4262 vana
1272 4208 1706 4264 manifestantur.
1741 4208 1892 4276 Quod
1924 4209 1967 4263 si

384 4316 516 4356 caro
554 4301 858 4356 Set-Valeria
875 4301 1051 4356 locuta
1075 4312 1176 4367 est,
1201 4300 1458 4356 Dominus
1476 4302 1706 4355 condidit
1725 4318 1805 4355 me
1823 4302 1971 4369 prin-

383 4392 579 4461 cipium
607 4393 808 4447 viarum
830 4410 1051 4447 suarum
1078 4394 1148 4447 aa'
1185 4410 1339 4461 opera
1379 4410 1478 4447 sua
1508 4433 1524 4457 ,
1576 4404 1631 4447 ut
1660 4394 1758 4463 ipsi
1793 4395 1967 4449 visum

382 4496 469 4540 est
498 4487 836 4555 interpretari
869 4503 882 4537 :
914 4496 967 4541 et
987 4488 1031 4542 si
1057 4502 1186 4542 caro
1214 4498 1337 4541 ante
1359 4487 1553 4542 saecula
1584 4485 1839 4540 fundatur
1868 4506 1883 4542 ε
1915 4496 1970 4541 et

2080 3288 2188 3360 γὰρ
2228 3289 2319 3341 καὶ
2355 3288 2415 3341 τὸ
2445 3288 2572 3341 αὐτὸ
2601 3288 2888 3360 πρόσωπον
2921 3288 3244 3360 ἀρχομένοις
3272 3292 3401 3359 ἡμῖν
3434 3288 3675 3361 ἐδείχθη,

2080 3380 2139 3431 τὸ
2171 3380 2345 3432 πάντα
2375 3378 2667 3444 διεξοδεῦον
2691 3379 2759 3431 τὰ
2786 3381 3142 3452 προκείμενα.
3178 3381 3348 3445 Αὐτὸς
3381 3381 3674 3453 τοιγαροῦν

2081 3469 2248 3525 εἰπὼν
2277 3511 2291 3535 ,
2327 3473 2541 3539 Κύριος
2584 3468 2788 3523 ἓκτισέ
2826 3486 2904 3539 με
2931 3469 3133 3539 ἀρχὴν
3169 3470 3324 3525 ὁδῶν·
3362 3470 3550 3524 αὐτοῦ
3583 3473 3676 3537 εἰς

2079 3563 2222 3634 ἔργα
2261 3564 2468 3629 αὑτοῦ,
2506 3565 2754 3635 ἐπήγαγε
2793 3563 2874 3625 τὸ,
2912 3563 3028 3632 Πρύ
3062 3563 3181 3616 τῶν
3209 3562 3438 3616 αἰώνων
3466 3564 3672 3633 ἐθεμέ-

2077 3656 2264 3709 λίωσέ
2300 3672 2398 3725 με·
2450 3658 2542 3710 καὶ
2586 3657 2666 3721 τὸ,
2724 3658 2831 3712 Ἑν
2857 3655 3018 3726 ἀρχῇ
3074 3656 3187 3725 πρὸ
3234 3656 3338 3710 τοῦ
3386 3656 3504 3724 τὴν
3551 3655 3676 3726 γῆν

2078 3748 2363 3816 ποιῆσαι*
2406 3749 2603 3813 καὶτὸ,
2657 3748 2780 3818 Πρὸ
2829 3748 2935 3803 τοῦ
2967 3748 3074 3817 ὄρη
3121 3748 3516 3818 ἑδρασθῆναι·
3554 3750 3673 3819 πρὸ

2078 3838 2146 3892 δὲ
2186 3838 2433 3894 πάντων
2461 3840 2571 3911 (Η)
2605 3840 2897 3914 [βουνῶν]
2941 3839 3124 3913 γεννᾷ
3170 3859 3266 3911 με.
3310 3842 3367 3894 '0
3423 3840 3582 3904 αὐτὸς
3611 3841 3671 3895 δὲ

2079 3934 2173 3987 καὶ
2221 3933 2302 3999 τὸ,
2362 3934 2562 3988 Ἡνίκα
2599 3934 2913 4004 ἠτοίμαζεν
2941 3934 3047 3988 τὸν
3095 3934 3353 4004 οὐρανὸν
3390 3950 3668 4004 συμπαρο

2076 4026 2239 4095 ήμην
2266 4024 2447 4091 αὐτῷ,
2488 4027 2689 4097 συνῆψε
2716 4028 2811 4081 καὶ
2854 4028 2920 4082 τὰ
2951 4027 3214 4081 ἀκόλουθα
3242 4028 3469 4090 τούτοις.
3506 4027 3569 4080 Εἰ
3599 4025 3667 4097 δὴ

2078 4113 2169 4170 οὖν
2202 4116 2230 4168 ὁ
2261 4116 2431 4185 Λόγος
2461 4112 2527 4187 ἦν
2559 4119 2586 4170 ό
2608 4117 2777 4170 ταῦτα
2800 4120 3000 4189 φήσας,
3043 4138 3060 4168 ι
3095 4117 3212 4181 πῶς
3245 4117 3389 4170 ἔνδον
3416 4113 3485 4189 ἦν
3506 4118 3564 4169 ὲν
3586 4116 3668 4185 τῷ

2085 4227 2103 4259 ι
2135 4208 2253 4279 Θεῷ
2285 4210 2378 4262 καὶ
2410 4210 2799 4281 συναγέννητος
2832 4210 2907 4263 ὢν
2941 4210 3019 4283 τῷ
3054 4210 3194 4281 Θεῷ,
3230 4212 3287 4263 ’ἐν
3314 4228 3369 4262 τε
3403 4213 3496 4263 καὶ
3531 4211 3663 4263 ταῦ-

2085 4310 2111 4355 ι’
2132 4303 2221 4356 τὸν
2250 4303 2509 4374 ὑπάρχων
2543 4304 2713 4375 αὐτῷ,
2739 4305 2985 4359 ἐκτίσθαι
3036 4306 3228 4359 ἑαυτὸν
3275 4304 3422 4372 ἔλεγε
3448 4302 3541 4357 καὶ
3566 4321 3663 4373 γε-

2084 4414 2102 4445 ι
2133 4393 2433 4464 γενῆσθαι;
2488 4394 2546 4447 ἒν
2593 4395 2705 4465 (12)
2754 4396 2863 4469 γὰρ
2917 4399 3029 4461 καὶ,
3082 4397 3158 4461 ὠς
3204 4396 3327 4468 ἔφη,
3368 4394 3659 4465 ἀπεδείχθη

2084 4506 2101 4536 ι
2128 4485 2417 4557 πρόσωπον
2448 4488 2509 4539 τὸ
2539 4486 2716 4539 πάντα
2749 4486 2942 4550 διεξιὸν
2971 4487 3041 4541 τά
3075 4487 3427 4558 προκείμενα.
3462 4507 3479 4540 ι
3514 4489 3577 4541 ΕΞ
3605 4489 3663 4541 δὲ

383 4573 440 4630 in
471 4574 734 4645 principio
765 4576 1081 4646 priusquam
1109 4586 1306 4630 terram
1336 4577 1591 4630 conderet
1617 4614 1631 4640 ,
1682 4584 1879 4629 terram
1908 4587 1968 4631 ut

2079 4578 2172 4632 καὶ
2188 4577 2291 4648 ὀψέ
2327 4596 2479 4637 ποτε,
2507 4578 2855 4649 ὡμολόγησεν
2885 4578 2950 4631 ἐκ
2982 4578 3273 4651 προσώπου
3315 4578 3488 4633 ταῦτα
3514 4580 3665 4652 εἰρῆ-

383 4666 498 4722 vult
521 4682 740 4721 carnem
773 4668 929 4733 dixit,
965 4682 1029 4723 eo
1056 4670 1198 4738 quod
1226 4668 1523 4733 dicebatur,
1551 4667 1714 4721 Terra
1736 4685 1812 4729 es.
1837 4679 1886 4724 et
1912 4671 1967 4723 in

382 4769 579 4813 terram
608 4768 858 4811 revertere
874 4758 943 4811 ”:
967 4768 1021 4813 et
1054 4760 1097 4813 si
1130 4774 1259 4813 caro
1293 4766 1412 4812 erat
1438 4772 1557 4827 qua:
1585 4759 1741 4821 dixit,
1778 4756 1970 4813 Prius-

381 4864 539 4918 quam
570 4847 765 4917 faceret
812 4848 1049 4918 abyssos,
1096 4850 1403 4919 priusquam
1436 4851 1751 4903 scaturirent
1795 4851 1967 4919 fontes

382 4956 665 5012 aquarum,
697 4941 1006 5011 priusquam
1036 4956 1231 4994 montes
1257 4941 1619 5009 ﬁrmarentur,
1644 4953 1764 4996 ante
1786 4960 1962 4999 omnes

381 5033 539 5088 colles
586 5032 753 5103 gignit
796 5046 921 5087 me:
958 5033 1100 5101 quod
1146 5031 1234 5085 illa
1270 5047 1399 5087 caro
1439 5048 1631 5103 nempe
1682 5038 1960 5106 progenita

384 5125 556 5178 fuerat
580 5133 706 5177 ante
741 5122 1058 5179 electionem
1091 5123 1474 5193 apostolorum,
1512 5135 1570 5177 ut
1602 5124 1801 5194 placuit
1836 5128 1961 5183 huic

382 5216 624 5284 prudenti
683 5217 822 5281 viro,
886 5218 1129 5286 sequitur
1184 5228 1294 5272 tum
1342 5224 1520 5281 certe,
1554 5226 1609 5272 et
1649 5218 1699 5271 in
1734 5234 1961 5287 persona

379 5308 622 5378 ejusdem
668 5312 852 5366 carnis
897 5310 1025 5366 illud
1056 5311 1281 5375 dictum,
1332 5309 1464 5364 Cum
1519 5320 1730 5378 pararet
1781 5312 1956 5379 caelos,

454 5486 513 5544 »Β
550 5480 648 5534 Ed.
677 5480 877 5543 Paris.,
910 5497 1030 5552 pag.
1065 5480 1188 5535 16⁸..
1266 5480 1311 5512 ⁸⁵
1347 5479 1503 5533 Prov.
1540 5496 1655 5544 vm,
1708 5478 1803 5536 29.

449 5614 525 5684 (8)
568 5614 740 5684 Vulgo
758 5618 861 5670 ὑπὸ
883 5618 1095 5673 τούτου.

430 5676 724 5765 ,(9δνιιικνο
747 5688 826 5751 δέ,
858 5699 911 5741 et
964 5706 1084 5743 mox
1147 5689 1397 5761 εξρῆτθαι
1447 5691 1615 5742 ταῦτα
1660 5698 1711 5743 et
1767 5691 1947 5744 πάσαν

376 5770 559 5901 ⁸ώῇῗό
593 5824 939 5901 Ϋιιιεημῆνλίό
967 5828 1145 5901 λόγος]
1174 5832 1201 5883 6
1231 5833 1359 5894 καί,
1400 5842 1452 5882 et
1495 5847 1613 5884 mox

381 5906 438 5949 et
468 5896 534 5949 τά
571 5896 745 5951 πάντα
773 5896 905 5963 δίεξῖ
935 5910 989 5954 et
1017 5896 1143 5956 moi
1170 5902 1258 5955 τοῦ
1298 5900 1409 5972 Itin]
1438 5901 1557 5972 ὅρη.

2076 4674 2197 4727 σθαι
2230 4673 2325 4727 τοῦ
2372 4677 2429 4726 ἐν
2468 4673 2546 4744 τῷ
2579 4673 2699 4744 Θεῷ
2729 4675 2923 4743 Λόγου,
2962 4674 3242 4744 βεϐίασται
3282 4674 3389 4745 ἄρα
3418 4673 3567 4744 αὐτῷ
3596 4673 3664 4726 τὰ

2071 4765 2169 4834 τῆς
2198 4762 2277 4827 εἰς
2300 4762 2396 4835 τὴν
2428 4763 2605 4835 σάρκα
2632 4764 2724 4817 τοῦ
2754 4766 3005 4835 Σωτῆρος
3033 4764 3358 4827 ἀποδόσεως.
3389 4765 3498 4819 Καὶ
3529 4766 3663 4817 πάν-

2069 4872 2136 4907 τα
2165 4854 2375 4926 ἀθρόως
2407 4856 2589 4909 ἐκεῖνα
2625 4855 2766 4909 ἕωλα
2803 4857 2895 4909 καὶ
2941 4855 3145 4926 μάταια
3188 4856 3278 4909 καὶ
3302 4855 3531 4926 περιττὰ
3565 4873 3661 4907 πε-

2073 4948 2317 5019 φώραται
2336 4966 2348 4978 ·
2381 4938 2504 5003 εἰδὲ
2539 4950 2571 5021 ἡ
2600 4948 2737 5020 σάρξ
2759 4948 2867 5020 (15)
2899 4945 2965 5019 ἦν
2992 4947 3085 5001 τοῦ
3113 4948 3384 5021 Σωτῆρος,
3415 4950 3447 5019 ή
3476 4949 3663 5016 λέγου-

2073 5059 2140 5094 σα
2160 5041 2240 5103 τὸ,
2272 5041 2483 5109 Κύριος
2507 5042 2710 5097 ἐκτισέ
2729 5060 2805 5112 με
2833 5040 3031 5110 ἀρχὴν
3057 5040 3213 5096 ὁδῶν
3240 5041 3427 5095 αὑτοῦ
3454 5045 3541 5108 εἰς
3566 5040 3661 5109 ἔρα

2068 5148 2144 5201 γα
2192 5131 2401 5195 αὐτοῦ,
2436 5132 2577 5186 κατά
2615 5134 2713 5204 τὴν
2770 5132 3122 5187 ἀποδοθεῖσαν
3156 5132 3301 5203 αὐτῷ
3340 5135 3655 5207 ἑρμηνείαν,

2069 5224 2163 5276 καὶ
2195 5226 2241 5277 εἰ
2268 5224 2300 5294 ἡ
2328 5223 2463 5295 σάρξ
2517 5224 2621 5296 πρὸ
2650 5223 2741 5277 τοῦ
2763 5222 2956 5289 αἰῶνος
2981 5224 3333 5296 ὲθεμελιώθη,
3358 5227 3451 5279 καὶ
3475 5228 3532 5280 ὲν
3562 5228 3657 5295 ἀρ⁹

2071 5318 2139 5385 χῇ
2169 5315 2274 5385 πρὸ
2307 5314 2401 5368 τοῦ
2430 5314 2531 5386 τὴν
2566 5316 2670 5388 γῆν
2700 5317 2954 5388 ποιῆσαι·
2997 5318 3121 5388 (γῆν
3163 5318 3363 5389 δηλαδὴ
3394 5320 3493 5391 τὴν
3524 5319 3655 5395 σάρ-

1896 5481 1942 5512 ⁸⁸
1989 5483 2118 5538 ibid.
2148 5483 2254 5546 9.6,
2302 5481 2392 5538 50.
2468 5484 2516 5515 “
2541 5482 2676 5538 Gen.
2708 5499 2786 5549 ιιι,
2817 5483 2902 5539 I9.

2129 5624 2175 5695 (l
2197 5624 2241 5693 ι)
2270 5619 2473 5695 βουνῶν
2505 5632 2614 5695 om.
2650 5620 2806 5695 codd.
2840 5618 2960 5674 Mox
2994 5620 3155 5690 vulgo
3182 5619 3469 5690 ήτοίμασε.

2134 5689 2246 5761 ζίῖ)
2271 5689 2452 5759 ’νιιιεςο
2479 5689 2618 5761 γὰρ,
2650 5689 2744 5753 ὡς.

2135 5755 2259 5836 (15)»
2281 5755 2453 5836 Vulgo
2473 5755 2831 5836 ᾕνςΣωτῆρος
2855 5770 2909 5818 et
2943 5760 3084 5816 infra
3128 5761 3233 5835 πρὸ
3260 5760 3367 5814 τῶν
3398 5759 3500 5830 ὅρη
3531 5755 3639 5829 ἑδρ.

1668 5831 1775 5883 τῶν
1822 5830 1953 5884 ὁδῶν
2062 5830 2309 5904 etho-rm
2339 5830 2604 5905 [πρὸ]τῆς
2634 5848 2683 5887 τ.
2716 5834 2774 5885 ά.
