3970 6514
266 376 382 433 997

1256 370 1343 425 DE
1384 338 1925 429 ECCLESI‘ASTICA
1964 370 2361 427 THEOLOGIA
2402 371 2529 429 LIB.
2578 374 2665 430 111.

3448 374 3558 434 998

266 513 367 561 κα,
401 496 479 559 ὼς
499 494 647 565 αὐτῷ
676 494 869 557 ἐδόκει,
905 492 991 547 διὰ
1023 494 1083 547 τὺ
1106 494 1379 565 εἰρῆσθαι,
1414 493 1504 562 Γῆ
1531 491 1603 559 ei,
1640 495 1735 549 καὶ
1782 496 1857 560 εις

1970 493 2183 547 aderant
2231 497 2297 547 ei.
2333 494 2403 548 At
2432 510 2591 551 nemo
2618 510 2723 550 non
2758 509 2946 552 amens
2971 496 3112 553 itane
3142 496 3427 554 admiserit
3469 506 3558 555 ln--

264 586 395 656 γῆν
426 588 743 655 dna/leuam
771 586 810 655 ·)
852 586 945 639 καὶ
984 586 1141 657 εἴπερ
1185 587 1217 657 ἡ
1265 586 1401 658 σὰρξ
1456 583 1523 657 ῆν
1551 589 1584 657 ἡ
1616 586 1866 655 λέγουσα,

263 680 395 747 Πρὸ
424 678 533 733 τοῦ
563 679 668 745 τὰς
698 676 1026 743 ἀϐύσσους·
1049 678 1321 747 ποιῆσαι,
1372 678 1485 749 πρὸ
1512 678 1619 733 τοῦ
1657 682 1869 747 προελ-

265 770 403 823 θεῖν
437 770 545 836 τὰς
579 770 775 839 πηγὰς
818 769 937 822 τῶν
973 768 1227 837 ὑδάτων,
1261 771 1373 839 πρὸ
1407 769 1513 823 τοῦ
1550 769 1655 839 ὅρη
1697 769 1867 837 ἑδρα-

264 862 519 931 σθῆναι.
565 862 679 932 πρὸ
713 862 780 915 δὲ
805 862 1047 915 πάντων
1069 862 1316 927 ,Βουνῶν
1342 863 1525 933 γεννᾷ
1564 880 1663 929 με,
1693 862 1779 916 διὰ
1809 862 1871 916 τὸ

266 953 795 1026 προγεγεννημένην
821 950 958 1008 εἶναι
986 954 1156 1025 αὐτὴν
1181 952 1334 1025 [πρὸ]
1366 954 1467 1024 τῆς
1495 955 1604 1007 τῶν
1629 952 1865 1007 ἀποστό-

266 1047 382 1100 λων
408 1045 661 1116 ἐκλογῆς,
689 1046 763 1109 ὼς
788 1045 958 1098 ἐδόκει
981 1044 1056 1115 τῷ
1084 1047 1396 1117 σοφωτάτῳ,
1420 1046 1608 1098 ἕπεται
1625 1048 1688 1099 ἐκ
1706 1061 1866 1115 προσ-

265 1138 425 1192 ώπου
468 1137 569 1207 τῆς
632 1137 831 1208 σαρκὸς
860 1137 1109 1205 λέγεσθαι
1148 1138 1240 1190 καὶ
1278 1138 1359 1201 τὸ,
1406 1138 1607 1191 Ἠνίκα
1646 1136 1757 1206 (14)
1800 1138 1859 1204 ή-

263 1225 506 1295 τοίμαζε
534 1226 639 1280 τὸν
666 1226 942 1295 οὐρανὸν,
974 1225 1383 1296 συμπορήμην
1402 1226 1580 1292 αὐτῷ.
1599 1226 1735 1278 Ἀλλ’
1766 1224 1866 1278 οὐκ

266 1318 339 1374 ἄν
366 1337 452 1382 τις
482 1320 557 1390 μὴ
603 1318 711 1371 τῶν
759 1319 969 1389 φρενῶν
997 1317 1195 1381 ἐκστάς
1234 1318 1405 1390 ταύτῃ
1452 1318 1579 1372 ποτὲ
1623 1317 1866 1371 σύνθοιτο

264 1415 338 1483 τῇ
384 1412 670 1484 ἑρμηνείᾳ,
713 1411 1122 1481 ἀντιτθέγξεται
1172 1412 1280 1484 γάρ
1319 1412 1468 1483 αὑτῷ
1497 1412 1637 1483 μέγα
1666 1411 1863 1482 βοήσας

265 1507 298 1559 ὁ
330 1506 430 1577 τῆς
457 1504 712 1577 ἀληθείας
734 1506 911 1573 λόγος,
949 1505 1255 1570 ἐπιδεικνὺς
1291 1507 1374 1571 τίς
1421 1523 1551 1559 ποτε
1581 1502 1649 1577 ἦν
1675 1509 1703 1560 ὁ
1733 1505 1863 1558 ταῦ-

265 1614 343 1652 τα
371 1596 602 1662 διεξιὼν.
638 1598 724 1661 Ὠς
753 1597 795 1650 δ’
821 1593 912 1650 οὖν
938 1596 1123 1669 ἕτερος
1148 1594 1215 1669 ἦν
1246 1600 1273 1652 6
1294 1600 1357 1651 ἐκ
1384 1598 1478 1651 τοῦ
1506 1597 1642 1651 Θεοῦ
1675 1615 1864 1667 γεγεν-

266 1690 507 1761 νημένος
534 1689 831 1761 μονογενὴς
877 1690 1023 1754 Υἱὸς,
1056 1690 1163 1755 ζῶν
1200 1691 1294 1743 καὶ
1326 1689 1593 1761 ὑφεστὼς,
1644 1689 1717 1743 ὢν
1749 1690 1861 1761 (15)

266 1781 366 1832 καὶ
392 1780 499 1851 πρὸ
526 1780 634 1832 τῶν
667 1780 767 1850 τῆς
802 1780 1044 1852 γενητῶν
1076 1781 1333 1835 ἁπάντων
1366 1782 1701 1847 συστάσεως,
1738 1783 1765 1835 ὃ
1795 1783 1859 1853 δὴ

1978 586 2418 654 terpretationem
2453 600 2464 634 ε
2492 602 2686 658 magna
2722 588 2918 643 etenim
2947 603 3079 645 voce
3103 589 3421 646 reclamabit
3442 592 3558 663 ipso

1972 675 2217 729 veritatis
2244 690 2448 741 sermo,
2476 687 2531 731 et
2558 679 2679 747 quis
2705 688 2824 733 erat
2850 682 2937 749 qui
2964 680 3077 736 haec
3111 681 3349 752 loquitur
3372 684 3560 739 edoce—

1971 766 2071 821 bit.
2104 766 2369 833 Quocirca
2397 769 2538 838 quod
2566 770 2809 825 diversus
2834 782 2953 826 erat
2987 773 3074 828 ille
3108 774 3176 829 de
3203 774 3312 829 Deo
3339 776 3557 843 genitus

1971 857 2159 920 Filius,
2190 858 2522 927 unigenitus,
2571 860 2779 926 vivens,
2825 862 3150 929 subsistens,
3206 874 3261 921 et
3286 876 3411 921 ante
3442 868 3557 922 uni-

1971 949 2247 1004 versitatis
2288 949 2652 1005 conditionem
2690 966 2809 1017 ens,
2854 952 2968 1022 ipse
3001 957 3156 1010 docet
3190 958 3315 1012 dum
3353 958 3432 1013 sic
3479 959 3554 1015 ait

1969 1037 2023 1091 in
2056 1037 2425 1106 sequentibus,
2458 1039 2590 1093 Cum
2622 1051 2833 1109 pararet
2872 1045 3045 1109 caelos,
3074 1046 3123 1099 ei
3153 1048 3391 1101 aderant.
3433 1047 3551 1103 Una

1969 1148 2091 1186 cum
2119 1147 2184 1187 eo
2211 1142 2350 1199 erat,
2385 1144 2439 1188 et
2469 1150 2707 1204 praesens
2747 1138 2822 1193 illi
2854 1137 3047 1203 adfuit,
3082 1142 3395 1213 priusquam
3434 1157 3550 1199 cm-

1969 1226 2100 1287 lum,
2136 1234 2191 1278 et
2229 1242 2348 1295 qua:
2396 1240 2523 1283 sunt
2548 1245 2707 1299 supra
2742 1230 2913 1287 caelos
2940 1236 3320 1300 conderentur,
3352 1247 3405 1291 et
3429 1252 3551 1307 quae

1968 1317 2022 1370 in
2049 1318 2219 1372 malis.
2260 1317 2372 1373 Hoc
2398 1321 2599 1375 etenim
2634 1322 2723 1375 illa
2753 1324 3013 1392 indicant,
3047 1323 3176 1380 Cum
3206 1339 3415 1390 pararet
3450 1344 3553 1383 cte-

1968 1406 2069 1472 los,
2092 1408 2140 1461 ei
2168 1410 2404 1465 aderam.
2441 1409 2561 1477 Quo
2580 1425 2735 1480 pacto
2757 1416 2967 1483 paravit
2994 1416 3188 1470 cwlum
3222 1417 3400 1473 Deus?
3421 1420 3551 1475 Cer—

1969 1506 2022 1553 te
2068 1502 2467 1570 praescribendo
2528 1514 2585 1557 et
2623 1505 3013 1561 conformaudo
3077 1509 3260 1563 mundi
3323 1508 3547 1577 ﬁguram

1968 1590 2108 1660 apud
2131 1605 2211 1655 se,
2240 1591 2555 1661 priusquam
2575 1596 2962 1662 produceretur
2987 1596 3093 1650 illa.
3122 1596 3283 1651 Pater
3303 1614 3431 1669 ergo
3458 1600 3551 1655 de-

1965 1680 2240 1752 signabat,
2267 1693 2321 1738 et
2363 1684 2651 1755 cogitando
2698 1690 2988 1751 statuebat,
3019 1704 3122 1758 qua
3156 1690 3323 1760 ligura
3362 1693 3548 1747 modo-

1966 1786 2071 1839 que
2100 1774 2293 1828 coelum
2335 1775 2464 1829 illud
2494 1778 2726 1833 condere
2756 1780 2937 1844 vellet,
2969 1783 3109 1851 quod
3148 1798 3248 1837 nec
3274 1799 3301 1836 a
3336 1785 3548 1853 magni-

267 1870 605 1940 παρίστησιν
645 1868 805 1931 auri);
834 1869 899 1921 δι’
931 1866 1004 1923 ὧν
1031 1870 1156 1941 ἑξῆς
1184 1872 1378 1939 ἐπάγει
1407 1871 1581 1941 λέγων
1605 1890 1618 1902 ·
1661 1874 1857 1927 Ἠνίκα

1965 1864 2149 1920 tudine
2177 1866 2578 1934 destitueretur,
2601 1879 2653 1923 et
2677 1870 2766 1924 tali
2797 1872 2984 1940 ligura,
3010 1887 3280 1940 mensura,
3312 1875 3545 1942 partium

265 1959 549 2027 ἡτοίμαζε
586 1959 692 2012 τὸν
731 1960 1009 2028 οὐρανὸν,
1038 1962 1447 2031 συμπαρήμην
1470 1964 1630 2030 αὐτῷ
1654 1981 1667 1995 ·
1695 1965 1859 2036 συνῆν

266 2047 381 2119 γὰρ
406 2047 538 2117 (16),
562 2048 656 2100 καὶ
691 2049 873 2121 παρῆν
901 2049 1051 2121 αὐτῷ
1085 2053 1215 2121 πρὶν
1243 2052 1336 2105 καὶ
1374 2052 1623 2120 γενέσθαι
1651 2052 1741 2105 τὸν
1770 2053 1860 2105 οὑ·-

270 2142 457 2211 ρανὸν,
511 2142 604 2194 καὶ
643 2141 711 2195 τὰ
746 2142 1000 2195 ἐπέκεινα
1038 2143 1293 2215 οὐρανοῦ,
1335 2144 1405 2197 τά
1446 2161 1505 2196 τε
1554 2145 1611 2197 ἐν
1646 2145 1859 2217 οὐρανῷ

267 2234 471 2286 πάντα.
503 2234 671 2286 Τοῦτο
717 2233 846 2301 γοῦν
898 2236 1142 2305 ᾐνίττετο
1182 2236 1269 2289 διὰ
1302 2234 1393 2288 τοῦ
1431 2237 1614 2305 φάναι,
1660 2237 1859 2292 Ἡνίκα

267 2324 547 2393 ἠτοᾲιαζε
575 2326 680 2378 τὸν
703 2327 981 2395 οὐρανὸν,
1018 2328 1623 2397 συμπορήμηναὺτῷ.
1650 2329 1773 2393 Πῶς
1800 2331 1857 2384 δὲ

264 2417 568 2487 ἡτοίμαζεν
597 2418 625 2468 ὁ
662 2417 814 2481 Θεὸς,
851 2418 882 2488 ῆ
916 2419 1044 2489 πρὶν
1067 2419 1316 2486 γενέσθαι
1345 2420 1529 2483 αὑτὸν,
1554 2422 1858 2492 νομοθετῶν

268 2509 369 2562 καὶ
414 2508 857 2578 διατυπούμενος,
889 2508 947 2561 ὃν
1000 2509 1103 2562 ἔδει
1134 2511 1335 2582 τρόπον
1364 2512 1528 2565 αὑτὸν
1557 2514 1816 2584 συστῆναι
1841 2531 1855 2579 ;

280 2600 345 2655 Ὀ
378 2602 475 2672 μὲν
505 2597 597 2654 οὖν
620 2602 810 2672 Πατὴρ
837 2600 1089 2655 διετύπου
1130 2602 1223 2655 καὶ
1254 2604 1511 2673 ἡτοίμαζε
1544 2604 1860 2675 διανοούμε-

264 2710 380 2756 νος,
416 2693 563 2755 ὅπως
606 2692 773 2763 ἐχρῆν
808 2693 1065 2763 συστῆναι
1093 2693 1186 2746 τὸν
1223 2694 1476 2749 τοσοῦτον
1507 2696 1733 2769 οὐρανόν
1756 2714 1768 2726 ·
1800 2698 1858 2762 ὃς

268 2784 397 2838 οὔτε
430 2784 693 2855 μεγέθους
734 2786 923 2847 ἐδεῖτο,
960 2786 1053 2838 καὶ
1082 2786 1266 2839 ὁποίου
1298 2784 1595 2859 σχήματος,
1644 2790 1857 2861 μέτρων

266 2893 329 2930 τε
359 2877 456 2930 καὶ
489 2876 669 2947 μερῶν
692 2877 926 2939 ὁπόσων,
974 2877 1082 2930 τῶν
1110 2878 1406 2948 μελλόντων
1431 2882 1562 2934 εἴσω
1597 2899 1656 2934 τε
1692 2882 1854 2937 αὑτοῦ

269 2968 620 3039 περιέχεσθαι
649 2971 827 3039 χάριν,
850 2971 941 3023 καὶ
967 2970 1072 3023 τῶν
1098 2972 1252 3035 ἐκτὸς
1272 2971 1487 3024 ἔσεσθαι
1526 2972 1690 3025 αὐτοῦ
1720 2973 1854 3045 (17),

266 3060 379 3110 τῶν
396 3076 454 3110 τε
478 3060 535 3110 ἐν
561 3058 708 3129 αὐτῷ
736 3059 827 3111 τὸν
866 3059 1063 3129 δρόμον
1092 3060 1466 3130 ποιησομένων
1500 3061 1661 3116 ἓνεκα
1687 3079 1699 3091 ·
1734 3064 1762 3115 ὁ
1790 3062 1847 3115 δὲ

266 3153 382 3214 τοῖς
397 3148 490 3203 τοῦ
519 3151 726 3221 Πατρὸς
756 3148 1033 3220 λογισμοῖς
1060 3150 1397 3216 ἐνατενίζων,
1429 3152 1521 3205 καὶ
1576 3153 1734 3223 μόνος
1759 3155 1855 3205 ἐπ-

266 3240 516 3295 οπτεύων
546 3241 613 3294 τά
633 3243 689 3293 ἐν
715 3240 865 3311 αὐτῷ
884 3240 1043 3312 βάθη,
1071 3242 1138 3295 δι’
1172 3241 1347 3314 ἔργων
1377 3242 1592 3315 ἐχώρει,
1622 3246 1732 3308 τοῖς
1762 3244 1854 3297 τοῦ

268 3332 487 3403 Πατρὸς
525 3330 1027 3402 ἐξυπηρετουμενος
1056 3331 1304 3403 νεύμασι.
1344 3333 1435 3385 Διὸ
1463 3332 1709 3387 λέλεκταί
1733 3353 1856 3401 που,

261 3423 490 3477 Αἰνεῖτε
522 3422 630 3477 τὸν
659 3424 878 3489 Κύριον
909 3422 978 3475 ἐκ
1022 3422 1142 3477 τῶν
1178 3423 1451 3492 οὐρανῶν
1472 3442 1484 3455 ·
1513 3426 1729 3479 (κινεῖτε
1762 3430 1860 3481 αὐ-

269 3516 399 3577 τὸν,
426 3515 645 3580 πάντες
667 3517 718 3568 οἱ
733 3513 969 3582 ἄγγελοι
992 3514 1428 3569 αὐτοῦ.Αινεῖτε
1442 3515 1647 3581 αὑτὸν,
1670 3516 1859 3572 πᾶσαι

267 3612 327 3661 αἱ
344 3608 629 3677 δυνάμεις
649 3606 1088 3662 αὐτοῦ.Αὶνεῖτε
1114 3606 1319 3671 αὑτὸν,
1350 3607 1522 3674 ἣλιος
1548 3609 1644 3662 καὶ
1675 3610 1859 3679 σελή-

271 3716 377 3766 νη,
408 3698 628 3753 αἱνεῖτε
640 3700 843 3762 αὑτὸν,
859 3698 1053 3751 πάντα
1073 3698 1141 3750 τὰ
1158 3698 1369 3766 ἄστρα,
1392 3699 1488 3751 καὶ
1510 3700 1575 3751 τὸ
1598 3699 1713 3770 φῶς
1729 3742 1741 3755 .
1763 3704 1859 3755 Αί-

268 3791 426 3846 νεῖτε
448 3792 655 3853 αὐτὸν,
680 3792 734 3843 οὶ
759 3790 999 3858 οὐρανοὶ
1016 3788 1432 3857 τῶνοίιρανῶν,
1458 3789 1645 3844 καὶτὰ
1671 3791 1858 3843 ὕδατα

270 3882 384 3953 (18)
403 3883 473 3937 τὰ
490 3880 762 3951 ὑπεράνω
781 3880 898 3933 τῶν
914 3879 1633 3948 οὐρανῶν.ΑΖνεσάτωσαν
1648 3882 1712 3935 τὸ
1727 3883 1858 3938 ὅνο-

264 3989 352 4043 μα
375 3974 619 4043 Κυρίου,
651 3972 740 4025 ὅτι
768 3972 949 4037 αὐτὸς
972 3972 1100 4025 εἷπε
1124 3972 1222 4026 καὶ
1251 3972 1650 4041 ἐγενήθησαν,
1674 3974 1857 4040 αὐτὸς

268 4069 629 4130 ἐνετείλατο,
660 4066 1170 4132 καὶὲκτίσθησαν.
1208 4064 1352 4137 Πλὴν
1411 4065 1545 4119 ἀλλὰ
1582 4067 1676 4119 καὶ
1727 4068 1855 4138 πρὶν

270 4161 524 4232 γενέσθαι
579 4160 739 4213 αὐτὸν
794 4160 885 4213 τὸν
919 4158 1146 4230 οὐρανὸν
1196 4160 1290 4212 καὶ
1339 4158 1409 4211 τά
1458 4158 1716 4212 ἐπέκεινα
1744 4159 1855 4229 (19)

270 4253 500 4326 οὐρανοῦ
551 4253 620 4306 τά
669 4268 728 4304 τε
780 4253 839 4304 ἐν
888 4250 1102 4322 οὐρανῴ
1145 4251 1323 4304 πάντα
1360 4250 1443 4316 (ἐξ
1490 4250 1609 4313 ἐνὸς
1644 4248 1752 4319 γὰρ
1787 4248 1854 4302 τά

271 4346 454 4401 πάντα
484 4344 889 4417 περιληπτικῶς
915 4342 1229 4415 δεδήλωται)
1257 4337 1323 4413 ῆν
1352 4343 1379 4394 ὁ
1408 4342 1533 4405 Υίὸς
1565 4340 1659 4394 τοῦ
1693 4340 1850 4405 Θεοῦ,

271 4438 367 4491 καὶ
398 4435 477 4507 τῷ
507 4435 683 4506 Πατρὶ
719 4434 831 4505 (20)
867 4434 1160 4505 συμπαρῆν
1208 4432 1288 4485 ἔτι
1330 4432 1702 4503 βουλευομένῳ
1728 4432 1855 4504 περὶ

269 4528 369 4599 τῆς
398 4526 602 4579 τούτων
632 4525 886 4579 ἁπάντων
920 4522 1252 4585 συστάσεως.
1286 4520 1375 4573 Διό
1421 4537 1606 4592 φησιν,
1642 4520 1853 4574 Ἠνίκα

270 4617 546 4688 ἡτοίμαζε
586 4617 693 4671 τὸν
742 4615 1024 4685 οὐρανὸν,
1070 4612 1484 4683 συμπαρήμην
1516 4610 1703 4677 αὐτῷ’
1732 4607 1854 4677 εἷθ’,

268 4713 346 4777 ὡς
391 4711 591 4781 ἀγαθὸς
636 4710 898 4783 γραφεὺς,
930 4706 1029 4771 τὰς
1065 4704 1406 4777 ἀρχετύπους
1460 4704 1602 4767 ἰδέας
1646 4706 1708 4757 ἐκ
1748 4704 1857 4756 τῶν

272 4802 558 4875 πατρικῶν
581 4800 855 4871 λογισμῶν
874 4796 1295 4868 ἀπολαμϐάνων,
1320 4795 1411 4847 ἐπὶ
1432 4795 1531 4858 τὰς
1550 4792 1657 4847 τῶν
1677 4793 1855 4864 ἔργων

271 4894 571 4966 μετέφερεν
600 4892 804 4955 οὐσίας.
844 4890 1079 4944 Τοιαῦτα
1108 4885 1468 4952 ζωοπλαστῶν
1500 4884 1592 4938 καὶ
1627 4885 1857 4953 ὑφιστά-

274 5004 456 5054 μενος,
483 4984 641 5055 ὁποίᾳ
788 4981 880 5035 τοῦ
916 4980 1125 5053 Πατρὸς
1167 4977 1375 5049 διανοίᾳ
1418 4977 1858 5047 προῦποκείμενα

269 5076 441 5148 ἑώρα.
478 5074 694 5128 Τούτων
730 5074 772 5126 δ’
802 5073 963 5136 αὐτὸς
1006 5074 1215 5141 γένοιτο
1242 5070 1449 5141 μάρτυς
1477 5068 1774 5140 ἀξιόχρεως
1799 5069 1855 5120 ἐν

270 5168 623 5238 Εὐαγγελίοις
650 5162 751 5221 ὧδε
777 5167 1060 5221 διδάσκων·
1095 5161 1291 5233 Ἀμὴν,
1316 5160 1479 5231 ἀμὴν
1502 5159 1659 5229 λέγω
1690 5160 1854 5230 ὑμῖν,

1962 1958 2275 2025 symmetria
2304 1969 2593 2023 constaret,
2618 1976 2736 2030 quae
2765 1972 2818 2017 et
2844 1971 2964 2032 apta
2987 1974 3167 2018 essent
3195 1965 3543 2033 recipiendis,

1962 2046 2322 2115 includeudis,
2355 2060 2411 2104 et
2441 2050 2737 2107 conformis
2771 2063 2995 2107 externe
3029 2055 3460 2119 advenientibus,
3490 2065 3546 2109 et

1958 2141 2363 2209 proportionata
2385 2157 2603 2197 cursum
2634 2160 2728 2214 per
2750 2146 2945 2199 malum
2974 2147 3214 2201 iacturis.
3247 2147 3337 2201 llle
3362 2158 3541 2201 autem

1960 2228 2051 2297 qui
2107 2229 2172 2283 ad
2220 2238 2444 2298 pater'na
2484 2232 2716 2303 cogitata
2751 2234 2999 2289 iutuitive
3051 2236 3393 2302 respiciebat,
3449 2235 3540 2305 qui

1960 2322 2109 2374 solus
2136 2320 2253 2388 ejus
2286 2322 2547 2392 profunda
2584 2326 2977 2394 specularetur,
3039 2329 3105 2382 ad
3127 2343 3261 2396 opus
3288 2344 3345 2383 se
3364 2330 3544 2382 accin-

1959 2414 2072 2475 xit,
2127 2415 2208 2468 sui
2260 2418 2429 2485 patris
2483 2420 2700 2475 nutibus
2733 2421 3114 2474 inserviturns.
3172 2420 3322 2475 Unde
3344 2417 3542 2475 alicubi

1959 2503 2160 2558 dictum
2184 2515 2263 2559 est
2288 2523 2303 2560 :
2326 2505 2563 2562 Laudate
2597 2509 2874 2565 Dominum
2927 2513 2990 2565 de
3016 2512 3155 2565 cmlis
3185 2530 3203 2567 :
3231 2513 3442 2565 laudate
3479 2509 3546 2563 il-

1957 2594 2066 2647 lum
2116 2597 2168 2649 in
2199 2598 2440 2652 excelsis.
2486 2598 2725 2653 Laudate
2753 2602 2928 2666 illum,
2963 2619 3138 2655 omnes
3178 2604 3353 2669 angeli
3380 2604 3491 2671 ejus
3521 2614 3543 2656 .'

1957 2688 2175 2742 laudate
2204 2707 2341 2755 eum,
2374 2708 2548 2746 omnes
2571 2693 2785 2747 virtutes
2829 2695 2964 2763 ejus.
3008 2694 3247 2748 Laudate
3289 2712 3429 2760 eum,
3462 2695 3544 2748 sol

1957 2790 2003 2831 et
2030 2778 2194 2844 luna;
2236 2781 2453 2836 laudate
2487 2799 2626 2847 eum,
2661 2785 2839 2838 omnia
2874 2786 3050 2838 sidera
3083 2796 3130 2837 et
3160 2785 3273 2836 lux.
3308 2782 3545 2838 Laudate

1955 2885 2095 2935 eum,
2125 2870 2239 2923 cwli
2264 2873 2543 2937 calorum;
2566 2883 2616 2928 et
2656 2891 2808 2945 aqum
2828 2893 2987 2943 supra
3017 2876 3168 2929 calas
3199 2875 3415 2929 laudent
3451 2891 3546 2929 no-

1956 2977 2073 3015 men
2111 2963 2342 3017 Domini.
2378 2965 2640 3031 Quoniam
2677 2970 2785 3037 ipse
2818 2970 2954 3022 dixit
2989 2979 3038 3021 et
3077 2968 3220 3038 facta
3251 2976 3397 3033 sunt,
3435 2967 3546 3035 ipse

1962 3060 2019 3117 vis
2050 3058 2315 3111 mandavit
2346 3069 2391 3111 et
2418 3070 2593 3112 creata
2620 3060 2825 3115 sunt".
2856 3058 3054 3113 Verum
3088 3061 3367 3114 enimvero
3394 3067 3546 3111 ante-

1957 3162 2118 3217 quam
2159 3148 2354 3204 cmlum
2400 3150 2538 3203 istud
2566 3150 2741 3214 lieret,
2788 3159 2843 3205 et
2862 3165 2981 3220 qua:
3011 3160 3141 3205 sunt
3169 3163 3334 3218 supra
3364 3152 3543 3204 ctelos

1959 3251 2011 3297 et
2057 3256 2177 3311 qua:
2246 3241 2299 3295 in
2353 3240 2492 3296 cwlo
2546 3240 2694 3309 (nam
2743 3241 2926 3297 omnia
2986 3257 3082 3311 per
3112 3256 3277 3294 unum
3327 3240 3546 3295 condita

1958 3348 2079 3389 esse
2129 3333 2574 3403 demonstratur),
2633 3342 2749 3386 erat
2779 3331 2944 3388 Filius
2994 3332 3109 3398 Dei,
3155 3340 3211 3387 et
3242 3347 3342 3387 suo
3390 3331 3543 3385 Patri

1958 3427 2166 3489 aderat,
2218 3441 2340 3479 cum
2392 3424 2568 3479 adhuc
2627 3422 2888 3493 cogitaret
2939 3422 3004 3477 de
3034 3423 3256 3477 istorum
3301 3422 3545 3477 omnium

1958 3517 2253 3571 creatione.
2286 3514 2413 3569 ldeo
2461 3516 2556 3579 ait,
2594 3514 2726 3570 Cum
2759 3526 2969 3586 pararet
3002 3515 3179 3579 caelos,
3229 3514 3276 3568 ei
3304 3515 3543 3569 aderam.

1958 3610 2093 3665 Tum
2130 3625 2259 3665 vero
2312 3619 2566 3681 tanquam
2597 3612 2848 3683 egregius
2896 3611 3115 3681 quidam
3154 3610 3333 3682 pictor
3353 3612 3547 3668 arche-

1958 3710 2138 3773 typos,
2198 3702 2406 3771 species
2456 3705 2523 3757 de
2589 3712 2771 3756 mente
2827 3711 3055 3771 paterno
3112 3703 3427 3768 desumens,
3476 3701 3545 3756 ad

1958 3810 2179 3865 operum
2206 3794 2539 3849 substantias
2568 3793 2946 3848 transferebat.
2973 3792 3125 3847 Talia
3152 3804 3205 3848 et
3234 3794 3303 3847 tal
3330 3794 3542 3850 tsmodi

1958 3901 2020 3939 ea
2068 3883 2325 3954 ellingens
2379 3893 2435 3939 et
2476 3884 2807 3954 producens,
2855 3884 3216 3953 qualiusmodi
3258 3885 3311 3938 in
3364 3894 3545 3940 tuente

1957 3975 2133 4029 Patris
2168 3976 2597 4043 przeexsistentia
2630 3976 2861 4030 viderat.
2908 3976 3109 4030 llorum
3135 3976 3353 4045 quidem
3390 3976 3547 4031 testis

1958 4065 2060 4119 [ide
2093 4065 2293 4133 dignus
2321 4067 2394 4120 sit
2424 4067 2538 4137 ipse
2567 4067 2619 4121 iu
2654 4066 2946 4136 Evangelia
2980 4068 3360 4133 aiens,'Amen,
3392 4083 3542 4121 amen

1956 4155 2072 4207 diro
2102 4156 2262 4219 vobis,
2288 4172 2389 4209 non
2410 4167 2573 4225 potest
2593 4155 2765 4211 Filius
2792 4175 2824 4211 a
2851 4160 3018 4228 seipso
3042 4159 3217 4227 facere
3233 4158 3541 4228 quidquam,

1958 4248 2059 4300 nisi
2102 4249 2242 4314 quod
2273 4249 2462 4302 viderit
2516 4247 2733 4302 Patrem
2767 4250 3063 4318 facientem.
3099 4250 3230 4314 Qui:
3254 4260 3430 4303 autem
3453 4248 3545 4302 ille

1956 4338 2104 4407 facit,
2129 4339 2309 4392 eadem
2337 4354 2542 4409 quoque
2594 4339 2841 4393 similiter
2884 4347 2933 4392 et
2981 4336 3157 4392 Filius
3180 4338 3333 4407 facit.
3383 4337 3547 4391 Pater

1954 4428 2141 4481 etenim
2171 4428 2343 4498 diligit
2372 4426 2596 4494 Filium,
2621 4438 2668 4482 et
2699 4430 2877 4483 omnia
2915 4430 2996 4483 illi
3037 4430 3263 4483 ostendit
3288 4445 3406 4498 qua:
3434 4428 3547 4499 ipsa

1958 4521 2084 4590 facit
2110 4521 2174 4575 ⁸⁸.
2193 4514 2429 4591 Hicjure
2451 4523 2645 4578 merito
2662 4523 2786 4593 quis
2807 4522 3245 4593 interrogaverit,
3277 4521 3545 4591 quomodo

1960 4630 2045 4680 ea,
2072 4630 2189 4684 qua:
2214 4614 2376 4670 Pater
2398 4614 2564 4670 semel
2591 4614 2745 4680 fecit,
2766 4614 2959 4670 iterum
2982 4613 3152 4671 Filius
3181 4616 3371 4670 cadent
3402 4614 3547 4670 lece-

1959 4708 2067 4761 rit?
2098 4707 2389 4774 Quaestioni
2435 4706 2725 4777 respondet
2774 4706 2864 4761 ille
2899 4706 3015 4776 ipse
3060 4708 3315 4778 inquiens
3352 4723 3368 4762 :
3415 4706 3546 4772 Qua:

1961 4796 2128 4852 Pater
2147 4799 2299 4867 facit.
2322 4797 2503 4851 eadem
2537 4806 2585 4851 et
2610 4796 2782 4851 Filius
2818 4798 3063 4853 similiter
3085 4801 3237 4869 facit.
3274 4798 3544 4866 Quocirca

1964 4904 2085 4960 quae
2109 4890 2239 4947 facit
2273 4890 2443 4959 Filius
2471 4889 2882 4946 similitudinem
2910 4893 3154 4948 referunt
3176 4906 3403 4962 operum
3451 4904 3544 4943 ar-

1966 4984 2341 5054 chetyporum,
2394 4997 2515 5053 qua:
2557 4982 2665 5053 jam
2714 4992 2841 5037 ante
2892 4984 2945 5038 in
2992 4983 3308 5039 abscondita
3365 4978 3545 5034 Patris

1965 5083 2146 5128 mente
2173 5074 2482 5129 exstabant.
2523 5074 2652 5141 Quae
2687 5091 2810 5131 cum
2845 5075 2899 5129 in
2937 5083 3116 5129 mente
3151 5083 3373 5143 paterna
3397 5071 3542 5131 indi-

1963 5173 2171 5219 stanter
2195 5169 2471 5220 intueatur
2526 5166 2593 5221 ad
2627 5180 2814 5221 eorum
2833 5163 3241 5221 similitudinem
3264 5170 3540 5232 operatur.

302 5416 315 5429 κ
347 5364 406 5422 >3
451 5357 550 5413 Ed.
581 5356 923 5425 Paris.,pag.
963 5354 1085 5410 165.
1175 5352 1219 5384 ⁸⁷
1250 5349 1395 5403 Psal.
1446 5364 1673 5411 csum,
1740 5348 1855 5404 1-5.

1961 5349 1980 5380 ⁸
2029 5347 2185 5403 Joan.
2241 5366 2293 5415 ν,
2353 5350 2438 5414 19,
2470 5348 2561 5405 20.

342 5518 454 5591 (l6)
485 5516 665 5591 Vulgo
715 5513 977 5585 ἡτοίμασε
1024 5513 1147 5574 τοὺς
1201 5509 1463 5583 οὐρανούς
1513 5516 1567 5563 et
1605 5524 1727 5562 mox
1767 5526 1850 5571 τις

270 5586 615 5670 wishes
652 5586 819 5670 ἔνεστι
935 5653 958 5661 -
1625 5648 1719 5670 ,Α

343 5648 723 5729 (1Ξ1)Κὰ1’πρό
750 5653 868 5729 τῶν
888 5653 1017 5717 τῆς.
1052 5648 1479 5729 l.egeml_um,__i.iw
1498 5649 1592 5729 καὶ
1622 5648 1725 5718 πρὸ
1752 5649 1848 5729 τῆς

268 5718 382 5785 τῶν
399 5718 638 5798 γενητῶν
650 5718 909 5780 άπάντων
929 5740 992 5776 συ
1002 5723 1245 5798 στάσεως
1251 5718 1514 5798 ῶν.“31.--
1532 5721 1637 5790 Mp.
1667 5718 1849 5787 προὼν

266 5803 371 5872 τῆς
396 5790 531 5852 τῶν.’
558 5798 671 5851 Mox
694 5798 843 5872 vulg.
867 5793 1191 5872 ’συστάσεως
1217 5790 1312 5872 div;
1350 5791 1477 5872 ὃλῖἐ.

346 5860 366 5942 (
377 5870 460 5941 16)
490 5872 599 5923 Καὶ
642 5860 841 5936 παρῆὶ·
867 5863 961 5930 τῷ.
1003 5863 1141 5933 Lege
1172 5860 1343 5931 αὐτῷ.
1377 5861 1443 5916 Μ.

2025 5510 2142 5579 (17)
2166 5508 2339 5579 Vulgo
2365 5510 2459 5564 καὶ
2484 5508 2593 5563 τῶν
2630 5512 2709 5565 ἐν.

2027 5577 2137 5648 (18)
2174 5577 2343 5649 Vulgo
2375 5583 2526 5649 deest
2549 5579 2641 5643 τά,
2674 5577 2819 5649 qugd
2848 5578 2959 5646 jam
2997 5578 3289 5648 supplevit.

2028 5646 2137 5723 (l9)
2165 5646 2339 5723 Vulgo
2366 5648 2507 5723 [τοῦ]
2543 5646 2798 5723 οὐρανρῦ.

2027 5717 2140 5792 (‘20)
2169 5717 2443 5792 Παρῆν’τε
2475 5717 2568 5777 καὶ
2601 5717 2764 5789 συνῆν
2800 5718 2877 5771 ἔτι
2931 5717 3033 5789 Mp.
3062 5737 3075 5785 ;
3116 5734 3240 5773 mox
3284 5717 3447 5787 vulgo

1957 5791 2289 5861 ςωοπλαγῶν
2323 5791 2436 5845 καί.
