3970 6510
480 371 584 426 999

1144 370 1408 429 EUSEBII
1445 363 1913 430 CESARIENSIS
1949 373 2100 433 OPP.
2142 374 2321 430 PARS
2354 373 2447 433 iV.
2485 406 2551 417 -
2593 373 3017 434 DOGMATICA.

3599 382 3743 439 £000

482 490 639 556 Quod
674 504 803 545 vero
829 490 1103 544 intueatur
1132 490 1394 559 profunda
1435 491 1615 550 Patris
1637 495 1742 560 sui,
1777 496 1829 549 id
1849 498 2039 551 amoris

2149 498 2221 549 οὐ
2250 496 2497 551 δύναται
2528 501 2560 552 ό
2603 499 2736 565 Υἱὸς
2760 500 2954 555 ποιεῖν
2982 502 3095 575 (21)
3127 502 3309 558 οὐδὲν
3345 502 3450 575 ἀφ’
3489 504 3742 573 ἑαυτοῦ,

480 582 687 652 paterni
720 595 856 651 opus
885 595 1022 645 esse,
1056 582 1343 639 manifeste
1381 585 1557 651 docet,
1592 585 1839 654 inquiens
1878 588 1930 640 in
1960 602 2047 641 se-

480 674 788 742 quentibus,
842 672 986 727 Nam
1032 671 1196 730 Pater
1245 677 1418 746 diligit
1476 675 1702 744 Filium,
1757 688 1808 733 et
1870 678 2043 732 omnia

479 766 701 819 ostendit
729 765 797 821 ei.
828 764 922 820 Est
945 766 1051 822 hoc
1071 780 1200 837 ergo
1230 767 1484 823 indicium
1511 768 1688 825 Patris
1713 768 2048 824 ostendentis

476 869 571 909 sua
602 872 765 926 opera
791 858 1107 914 abscondita
1134 877 1149 913 :
1172 874 1292 928 quae
1316 862 1441 913 dum
1471 862 1787 916 abscondita
1812 862 2048 915 intuetur

476 945 669 1016 Filius,
696 964 860 1019 opere
893 951 1010 1021 ipso
1070 959 1414 1005 consummat
1462 953 1671 1021 paterni
1701 954 1782 1006 sui
1836 951 2046 1007 consilii

475 1054 658 1109 opera.
688 1042 769 1095 Ad
795 1042 938 1097 hunc
972 1042 1185 1096 modum
1212 1058 1332 1097 cum
1363 1044 1580 1098 adesset
1601 1044 1796 1118 .Patri,
1837 1052 1893 1098 et
1938 1059 2044 1099 una

472 1144 597 1186 cum
627 1134 817 1188 eodem
842 1133 1035 1188 fuisset
1056 1147 1291 1204 semper,
1319 1144 1429 1188 tum
1455 1150 1576 1188 cum
1604 1135 1802 1190 caelum
1834 1150 2045 1205 praepa-

472 1232 639 1289 raret,
679 1234 734 1278 et
762 1239 881 1293 qua:
910 1226 1095 1281 insunt
1134 1226 1289 1281 caelis
1330 1244 1347 1280 :
1395 1226 1497 1280 hoc
1545 1227 1728 1281 docuit
1773 1227 2043 1295 inquiens,

473 1310 603 1366 Cum
633 1325 952 1383 prtepararet
998 1317 1200 1379 caelum,
1248 1317 1330 1370 illi
1362 1318 1597 1371 aderam.
1648 1317 1753 1373 Sed
1801 1328 1855 1373 et
1888 1318 2047 1374 Pater

470 1404 787 1474 priusquam
826 1408 1081 1460 mundum
1105 1408 1382 1471 conderet,
1415 1409 1468 1461 in
1497 1424 1561 1462 eo
1594 1410 1880 1479 gaudebat,
1925 1411 2045 1464 uni-

470 1494 711 1563 genitum
747 1510 904 1550 suum
934 1497 1125 1552 Filium
1156 1497 1421 1553 intuitus:
1456 1508 1513 1552 et
1558 1508 1818 1569 tanquam
1847 1501 1898 1554 in
1924 1516 2046 1570 spe-

473 1584 596 1640 culo
626 1590 859 1657 quodam
880 1589 1227 1658 semetipsum
1260 1589 1315 1643 in
1353 1590 1443 1644 illo
1477 1591 1868 1661 contemplatus
1899 1592 2046 1647 laeta-

468 1687 647 1742 batur.
666 1682 956 1749 Quocirca,
980 1683 1154 1750 inquit
1182 1683 1481 1751 Sapientia,
1508 1700 1527 1735 ι
1548 1683 1659 1754 Ego
1688 1698 1836 1738 eram
1862 1684 1913 1737 in
1938 1697 2044 1753 qua

2147 587 2256 640 ἐὰν
2280 586 2366 656 μή
2399 606 2454 642 τι
2484 590 2689 661 ,ϐλέπῃ
2713 593 2821 646 τὸν
2844 595 3075 663 Πατέρα
3101 595 3408 662 ποιοῦντα,
3443 598 3483 653 ἁ
3522 599 3639 669 γὰρ
3667 600 3747 654 ἂν

2146 679 2374 746 ἐκεῖνος
2405 681 2568 749 ποιῇ,
2598 685 2782 739 ταῦτα
2807 684 2929 759 [ἂν]
2959 688 3056 741 καὶ
3088 690 3302 757 ὁμοίως
3325 694 3357 745 ὁ
3395 693 3530 758 Υἱὸς
3556 693 3739 747 ποιεῖ.

2160 773 2221 827 '0
2260 775 2370 844 γὰρ
2398 776 2602 845 Πατὴρ
2623 777 2795 845 φιλεῖ
2815 779 2922 832 τὸν
2958 781 3110 843 Υίὸν,
3147 782 3245 833 καί
3273 780 3473 836 πάντα
3495 783 3744 839 6’8le-

2147 883 2252 923 σιν
2282 869 2461 935 αὐτῷ,
2492 871 2529 923 d
2568 872 2751 938 αὐτὸς
2791 872 2964 927 ποιεῖ.
3006 874 3176 929 Ἔνθα
3200 892 3285 939 τις
3310 876 3538 941 εἰκότως
3567 880 3739 950 ζητή-

2150 980 2291 1018 σειεν
2325 966 2390 1019 ἂν
2430 968 2547 1031 πῶς
2583 969 2651 1022 τὰ
2686 970 2832 1035 ἅπαξ
2882 972 2985 1025 ὑπὸ
3014 972 3106 1026 τοῦ
3155 974 3365 1048 Πατρὺς
3407 979 3677 1047 γεγονότα
3707 980 3738 1032 6

2149 1053 2278 1118 Υἱὸς
2303 1052 2656 1125 αὗθις-ποιεῖς
2701 1061 3027 1116 Ἐπελύσατο
3056 1064 3100 1117 δ’
3133 1066 3293 1131 αὐτὸς
3322 1069 3413 1121 τὸν
3457 1069 3620 1139 λόγον
3650 1074 3732 1125 εἰ·

2149 1146 2264 1200 πών
2281 1165 2294 1178 ·
2334 1151 2391 1205 Ἃ
2414 1152 2524 1218 γὰρ
2543 1152 2622 1204 ἂν
2647 1155 2680 1203 ό
2704 1153 2907 1222 Πατὴρ
2942 1156 3115 1221 ποιεῖ,
3144 1159 3327 1213 ταῦτα
3355 1162 3452 1214 καὶ
3509 1167 3543 1217 ό
3600 1166 3734 1231 Υἱὸς

2148 1239 2360 1306 ὁμοίως
2402 1241 2575 1296 ποιεῖ.
2621 1243 2829 1296 Οὐκοῦν
2876 1246 3125 1319 ὁμοίωμα
3175 1252 3429 1323 τυγχάνει
3474 1256 3544 1307 τὰ
3592 1258 3731 1327 πρὸς

2145 1328 2241 1420 τοῦ
2268 1329 2397 1382 Υἱοῦ
2421 1333 2714 1404 γιγνόμενα
2748 1335 2921 1407 ἔργων
2955 1340 3274 1411 ὰρχετύπων
3306 1348 3361 1398 ἐν
3390 1349 3733 1420 ἀπορρήτοις

2285 1422 2495 1494 Πατρός
2566 1424 2842 1498 λογισμοῖς
2889 1436 3395 1505 προῦφισταμένων,
3433 1439 3467 1492 ἃ
3505 1418 3575 1513 ⁷δῆ
3601 1418 3727 1511 (ἓξ)

2147 1510 2360 1579 βλέπων
2393 1516 2594 1602 ἀτενῶς
2617 1518 2675 1570 ἐν
2708 1522 2772 1590 τῇ
2803 1521 2896 1574 τοῦ
2923 1524 3131 1595 [ἰατρὸς
3160 1526 3272 1597 (25)
3298 1530 3507 1602 διανοίᾳ
3534 1510 3572 1586 6v
3597 1534 3730 1598 Υἱὸς

2149 1604 2441 1672 μιμήματα
2479 1598 2554 1657 ὧν
2595 1606 2739 1677 ἐώρα
2776 1611 2981 1663 ὲποὶει’
3022 1611 3083 1665 τὸ
3119 1613 3164 1665 δ’
3194 1598 3516 1671 ἐποπτεύειν
3559 1621 3729 1673 αὐτὸν

2143 1694 2212 1783 τα
2255 1696 2347 1748 τοῦ
2384 1697 2597 1768 Πατρος
2641 1699 2776 1770 βάθη
2825 1702 2925 1772 τῆς
2968 1705 3241 1775 πατρικῆς
3287 1706 3507 1780 ἀγάπης
3543 1711 3725 1783 ἔργων

466 1777 708 1850 quotidie
737 1776 1029 1846 gaudebat.
1062 1793 1079 1827 ι
1117 1774 1223 1829 Sed
1252 1785 1307 1831 et
1334 1775 1503 1830 Filius
1548 1776 1663 1845 ipse
1709 1776 2039 1831 laetabundus

2146 1778 2283 1838 εἶναι
2318 1786 2554 1857 παρίστη
2607 1788 2885 1858 διασαφῶν
2939 1774 3093 1863 ἑξῆς,
3137 1774 3231 1848 καὶ
3267 1774 3471 1865 λέγων,
3502 1774 3588 1852 '0'

466 1870 661 1940 gaudio
698 1867 1006 1937 replebatur
1047 1867 1101 1921 in
1151 1866 1317 1922 Patre
1348 1882 1447 1922 suo
1478 1866 1885 1936 conspicienda.
1931 1866 2039 1922 Hoc

2146 1876 2346 1944 Πατὴρ
2377 1853 2674 1946 φιλεῖ-τὸν
2700 1853 2851 1945 Υἱόν,
2881 1853 3194 1937 oculatae-ta
3224 1853 3537 1943 δείκνυσιν

466 1962 731 2031 siquidem
767 1961 881 2030 ipse
913 1959 1131 2013 edocuit
1174 1960 1445 2030 inquiens,
1470 1958 1717 2014 Ltetabar
1743 1968 1920 2013 autem
1950 1974 2042 2029 ego

462 2068 642 2108 coram
674 2053 766 2106 illo
790 2052 1204 2121 omnitempore.
1243 2053 1467 2119 Quando
1491 2052 1776 2105 laetabatur
1814 2052 1883 2107 ob
1908 2065 2043 2106 cou-

463 2154 793 2198 summatum
813 2152 1075 2198 terrarum
1089 2143 1297 2197 orbem.
1325 2141 1425 2197 Ubi
1448 2151 1830 2212 perterrarum
1856 2141 2043 2197 orbem

462 2234 815 2303 intelligebat,
852 2233 1221 2289 universitatis
1270 2234 1721 2303 complexionem,
1773 2239 1832 2296 '14
1880 2249 2041 2303 quam

463 2329 531 2382 de
553 2344 660 2383 non
690 2342 810 2382 esse
838 2327 903 2380 ad
948 2339 1070 2381 esse
1120 2325 1434 2394 productam
1466 2340 1562 2395 per
1590 2325 1787 2380 Filium
1820 2328 2045 2383 intuitus

464 2419 841 2474 universorum
879 2417 1022 2472 Deus
1051 2416 1444 2473 oblectabatur.
1502 2415 1757 2473 Veritatis
1807 2419 1945 2472 ratio
1978 2420 2044 2474 de

462 2521 618 2562 sacra
637 2506 914 2576 Scriptura
939 2508 1171 2562 deducta
1185 2507 1423 2562 breviter
1446 2516 1500 2562 et
1524 2522 1619 2578 per
1642 2510 2040 2576 compendium,

462 2598 567 2653 ista
602 2608 705 2654 est.
730 2598 822 2653 llle
852 2609 1033 2655 autem
1069 2601 1351 2655 desursum
1401 2601 1453 2653 in
1492 2615 1710 2655 carnem
1736 2601 2042 2657 Servatoris

461 2686 647 2744 intime
670 2689 921 2759 positam,
950 2699 1128 2745 mente
1155 2706 1251 2746 sua
1271 2691 1525 2746 detrusus
1549 2690 1706 2753 abiit.
1728 2704 2042 2761 pervertens

461 2779 622 2834 simul
648 2789 705 2836 et
732 2779 1177 2850 interpretatione
1211 2783 1515 2852 depravans
1565 2796 1751 2837 veram
1779 2783 2041 2841 divinitus

460 2872 735 2942 inspirata;
769 2870 1067 2943 Scriptura:
1096 2873 1441 2928 sententiam.
1479 2871 1585 2927 Sed
1619 2882 1674 2929 et
1707 2875 1776 2929 ad
1808 2873 2040 2931 Verbum

459 2962 603 3019 facta
632 2964 975 3029 transitione,
1010 2965 1105 3031 ait,
1161 2967 1307 3020 intus
1364 2964 1509 3019 aliud
1552 2966 1730 3035 ipsum
1763 2966 1816 3020 iu
1855 2966 2037 3033 Patre,

462 3068 717 3128 tanquam
752 3056 1112 3127 colloquendo
1136 3072 1258 3113 cum
1308 3072 1372 3112 eo
1414 3068 1466 3112 et
1503 3059 1814 3127 c0gitando,
1839 3060 2036 3116 caelum

458 3162 811 3217 praeparasse.
841 3146 1103 3219 Loquitur
1118 3160 1299 3205 autem
1320 3149 1540 3205 disertis
1562 3150 1779 3204 verbis:
1808 3169 1826 3201 ι
1850 3149 2036 3206 Prius-

465 3258 485 3291 ι
518 3255 681 3310 quam
732 3242 965 3297 mundus
1019 3242 1369 3306 conderetur,
1410 3251 1531 3296 erat
1557 3239 1795 3296 Verbum
1852 3243 1904 3296 in
1936 3256 2036 3296 suo

464 3347 484 3383 ι
519 3331 677 3388 Patre
714 3349 876 3389 :cutn
904 3347 1035 3388 vero
1073 3334 1213 3389 Deus
1236 3333 1582 3405 omnipotens
1614 3336 1797 3390 omnia
1824 3350 1944 3404 qua:
1981 3335 2035 3389 in

465 3440 483 3474 ι
515 3424 653 3481 caelo
697 3431 752 3481 et
790 3426 845 3481 in
897 3427 1058 3481 terris
1094 3435 1239 3490 sunt,
1296 3427 1595 3497 producere
1645 3428 2037 3498 proposuisset,

464 3534 484 3568 ι
519 3517 704 3571 mundi
760 3518 1042 3587 productio
1097 3519 1399 3588 nperatrice
1452 3517 1688 3574 etﬁcacia
1744 3519 2034 3589 indigebat.

464 3627 486 3660 ι
527 3607 793 3677 Quocirca
816 3625 936 3665 cum
962 3610 1095 3665 nihil
1122 3619 1269 3666 esset
1291 3610 1435 3665 aliud
1458 3620 1655 3680 praeter
1692 3612 1858 3665 Deum
1889 3613 2033 3683 (nam

462 3719 484 3752 ι
525 3703 577 3756 in
621 3700 870 3757 confesso
899 3710 983 3757 est
1032 3702 1213 3757 omnia
1266 3700 1459 3756 abillo
1492 3700 1875 3772 factafuisse),
1922 3711 2034 3756 tum

465 3815 484 3847 ι
516 3797 863 3868 pregrediens
896 3796 1130 3853 Verbum
1156 3797 1361 3852 factum
1391 3796 1490 3850 fuit
1530 3796 1713 3850 mundi
1743 3796 2034 3851 conditor:

464 3906 483 3938 ι
526 3904 647 3942 cum
688 3886 800 3956 jam
829 3898 954 3943 ante
989 3888 1133 3943 intus
1161 3887 1607 3944 intellectualiter
1651 3887 1800 3941 illum
1828 3902 2039 3958 praepa-

462 3998 480 4030 σ
520 3988 688 4045 raret,
713 3978 855 4049 quod
875 3989 1026 4036 vates
1056 3978 1147 4036 ille
1191 3980 1445 4036 Salomon
1477 3994 1577 4035 nos
1604 3980 1843 4047 edocuit,
1905 3978 2038 4034 Cum

461 4089 482 4123 ι
527 4074 711 4127 calum
774 4083 1115 4143 praepararet,
1162 4073 1244 4127 illi
1275 4074 1508 4127 aderam.
1543 4090 1562 4125 ι
1608 4071 1709 4128 Ubi
1744 4073 2038 4126 notandum

456 4165 687 4233 qualiter
708 4174 898 4235 sponte
923 4179 1018 4220 sua
1039 4164 1320 4219 obsurduit
1341 4184 1353 4219 :
1389 4179 1488 4218 nec
1509 4164 1729 4233 agnovit
1750 4164 1912 4232 quod,
1932 4179 2038 4217 una

457 4256 694 4323 aderam,
719 4271 823 4311 vox
848 4238 1118 4325 signiticet
1133 4255 1252 4310 Filii
1278 4255 1615 4324 praesentiam
1633 4254 1772 4324 apud
1798 4253 2036 4308 Patrem.

454 4344 658 4400 Contra
674 4361 804 4403 vero
828 4345 1162 4417 Scripturatn
1187 4348 1298 4415 ipse
1328 4347 1533 4411 sciscit,
1565 4348 1709 4417 quod
1727 4346 2037 4415 priusquam

458 4438 688 4493 mundus
749 4438 1175 4507 produceretur,
1226 4436 1361 4491 nihil
1394 4446 1513 4491 erat
1560 4437 1780 4491 omnino
1845 4444 2039 4506 praeter

2144 1966 2380 2035 ᾶαῠτὸς
2409 1970 2581 2023 ποιεῖ.
2614 1972 2929 2038 Δεικνύντος
2957 1974 3169 2045 ἄρατοῦ
3198 1978 3408 2050 [ἰατρὸς
3440 1980 3509 2034 τὰ
3525 1984 3725 2037 ἑαυτοῦ

2145 2057 2368 2128 κρύφια,
2397 2059 2617 2132 θεωρῶν
2649 2064 2676 2115 6
2707 2063 2851 2127 Υἱὸς,
2879 2064 2946 2117 δι’
2965 2064 3138 2137 ἔργων
3174 2068 3369 2141 ὑφίστη
3394 2071 3463 2124 τὰ
3489 2072 3593 2143 τῆς
3614 2090 3721 2127 πασ-

2143 2150 2339 2220 τρικῆς
2364 2150 2558 2223 βουλῆς
2588 2152 2745 2225 ἔργα.
2771 2154 2957 2219 υῦτως
2988 2153 3080 2211 οὖν
3121 2160 3291 2213 συνὼν
3318 2162 3396 2232 τῷ
3417 2163 3596 2236 Πατρὶ
3629 2169 3726 2221 καὶ

2146 2238 2447 2311 συμπαρὼν
2488 2242 2636 2312 αὐτῷ
2669 2244 3118 2317 προετοιμάζοντι
3146 2250 3236 2302 τὸν
3268 2252 3493 2321 οὐρανὸν
3527 2258 3624 2308 καὶ
3654 2258 3724 2313 τὰ

2143 2331 2229 2383 ἐπ’
2264 2332 2431 2404 αὐτῷ,
2461 2335 2606 2389 τοῦτ’
2655 2337 2920 2402 ἐδίδασκε,
2956 2340 3127 2409 λέγων
3150 2358 3163 2371 ·
3205 2343 3411 2398 Ἡνίκα
3444 2350 3724 2418 ἡτοίμαζε

2141 2423 2249 2475 τὸν
2284 2426 2560 2491 οὐρανὸν,
2586 2430 2993 2499 συμπαρήμην
3019 2434 3200 2501 αὐτῷ,
3232 2436 3414 2509 ἔχαιρέ
3446 2457 3506 2492 τε
3535 2443 3564 2495 6
3605 2444 3723 2497 Ila-

2143 2514 2245 2585 τὴρ
2271 2514 2381 2587 (24)
2411 2518 2539 2588 πρὶν
2572 2519 2603 2589 ἢ
2639 2525 2732 2572 καὶ
2761 2522 2849 2574 τὸν
2884 2525 3085 2596 κόσμον
3118 2530 3386 2596 γενέσθαι,
3430 2534 3510 2596 είς
3557 2537 3722 2591 αὑτὸν

2140 2604 2359 2676 ἀφορῶν
2376 2608 2464 2661 τὸν
2489 2610 2679 2664 ἑαυτοῦ
2703 2617 2964 2686 μονογενῆ
2984 2617 3130 2681 Υίὸν,
3149 2621 3241 2673 καὶ
3259 2621 3406 2675 ὥσπε
3414 2642 3445 2695 ρ
3476 2628 3535 2678 ὲν
3550 2628 3723 2681 εἰκόνι

2141 2697 2331 2793 ἑαυτὸν
2379 2701 2824 2793 ὲνοπτριζόμενος
2865 2707 2922 2759 ὲν
2955 2709 3123 2780 αὐτῷ.
3149 2712 3239 2766 Διό
3272 2731 3433 2793 φησιν
3461 2719 3494 2788 ἠ
3526 2719 3717 2788 Σοφία,

2148 2806 2167 2839 t
2190 2789 2328 2857 Ἐγὼ
2342 2792 2488 2864 ἢμην
2544 2788 2877 2869 ῖπροσέχαιρε
2899 2800 3011 2871 (25)
3029 2803 3149 2857 καθ’
3164 2788 3393 2879 ἡμέραν.
3407 2828 3427 2861 ι
3448 2811 3611 2865 Ἀλλὰ
3626 2814 3721 2867 καὶ

2140 2882 2188 2975 6—
2195 2881 2320 2975 Υἱὸς
2336 2886 2671 2959 εὐφροσύνης
2703 2891 3024 2964 ἐπληροῦτο,
3054 2897 3387 2970 γαννύμενος
3415 2903 3509 2955 ἐπὶ
3526 2906 3591 2975 τῇ
3622 2904 3717 2958 τοῦ

2141 2972 2353 3044 Πατρὸς
2408 2975 2525 3048 θέᾳ.
2582 2979 2752 3035 Τοῦτο
2808 2984 2939 3052 γοῦν
2988 2988 3150 3052 αὐτὸς
3206 2990 3444 3046 διδάσκει
3501 2972 3713 3065 λέγων·

2140 3067 2569 3138 Ηύφραινόμην
2589 3071 2657 3125 δὲ
2677 3074 2933 3130 ἐνώπιον
2954 3081 3141 3134 αὑτοῦ
3168 3081 3239 3134 ἐν
3292 3087 3467 3139 παντί
3498 3089 3685 3156 καιρῷ
3707 3106 3718 3120 ·

2140 3157 2229 3210 ὅτε
2271 3158 2601 3231 ηὐφραίνετο
2637 3164 2736 3236 τὴν
2778 3169 3099 3241 οἰκουμένην
3141 3173 3494 3239 συντελέσας
3540 3181 3719 3234 οίκου-

2145 3250 2310 3322 μένης
2337 3252 2570 3308 ἐνταῦθα
2592 3258 2883 3330 νοουμένης
2910 3261 3011 3331 τῆς
3036 3262 3143 3315 τῶν
3165 3268 3433 3338 γεννητῶν
3459 3272 3715 3327 ἁπάντων

2145 3344 2605 3416 συμπληρώσεως,
2636 3346 2704 3422 ἧς
2730 3352 2795 3403 ὲκ
2826 3353 2917 3406 τοῦ
2954 3355 3028 3426 μὴ
3060 3355 3212 3421 ὄντος
3246 3362 3325 3424 εἰς
3350 3361 3411 3413 τὸ
3456 3359 3595 3417 εἶναι
3630 3366 3717 3420 διὰ

2140 3433 2235 3486 τοῦ
2278 3434 2408 3489 Υἱοῦ
2438 3439 2839 3512 προαγομένης,
2886 3445 2914 3497 6
2955 3443 3062 3498 τῶν
3098 3446 3351 3501 ἁπάντων
3383 3451 3717 3521 ηὐφραίνετο

2141 3524 2293 3589 Θεός.
2344 3527 2400 3581 Ὀ
2442 3530 2541 3598 μὲν
2570 3526 2663 3584 οὖν
2695 3531 2899 3605 ἀληθὴς
2939 3534 3113 3604 λόγος,
3148 3536 3223 3601 ὼς
3255 3540 3313 3592 ὲν
3360 3540 3585 3611 βραχέσι
3624 3546 3716 3598 καὶ

2142 3620 2200 3671 ὲν
2227 3620 2470 3691 ὲπιτόμῳ
2503 3622 2879 3695 διηγήσειθϐ)
2914 3631 3314 3700 παριστάμενος
3338 3634 3402 3685 ἐκ
3438 3635 3538 3704 τῆς
3564 3635 3715 3701 θείας

2142 3710 2383 3781 Γραφῆς,
2412 3713 2649 3776 τοιοῦτός
2684 3731 2767 3779 τις
2791 3715 2856 3769 ἂν
2886 3718 2998 3789 εἴη·
3033 3720 3062 3771 6
3092 3719 3135 3771 δ’
3164 3722 3368 3775 ἄνωθεν
3399 3728 3715 3799 κατωφερό-

2145 3818 2323 3870 μενος,
2352 3802 2447 3854 ἐπὶ
2462 3803 2558 3875 τὴν
2581 3806 2759 3877 σάρκα
2783 3808 2876 3861 τοῦ
2910 3809 3062 3881 Σωτῆ
3072 3828 3161 3881 ρος
3182 3813 3334 3883 ἡμῶν
3356 3814 3451 3886 τὴν
3475 3817 3713 3871 διάνοιαν

2143 3890 2414 3959 ἐξώκειλε,
2442 3897 2803 3967 παρατρέπων
2836 3900 2928 3953 καὶ
2962 3904 3392 3974 παρερμηνεύων
3419 3907 3509 3960 τὸν
3535 3908 3711 3979 ἁληθῆ

2143 3983 2267 4037 νοῦν
2281 3984 2380 4055 τῆς
2413 3985 2766 4042 θεοπνεύστου
2792 3990 3032 4063 Γραφῆς.
3062 3995 3222 4048 Ἀλλὰ
3256 4000 3345 4051 καί
3376 3998 3468 4050 ἐπὶ
3495 4000 3586 4052 τὸν
3611 4001 3712 4053 Λό-

2143 4090 2238 4141 γον
2273 4076 2532 4145 μεταϐὰς,
2578 4079 2739 4132 αὑτὸν
2771 4077 2908 4135 εἷναί
2942 4100 3074 4153 φησι
3100 4085 3191 4137 τὸν
3231 4086 3376 4139 ἔνδον
3411 4090 3467 4140 ἐν
3494 4088 3572 4159 τῷ
3601 4090 3711 4143 Πα-

2142 4163 2251 4234 τρὶ,
2286 4163 2361 4227 ὡς
2395 4166 2451 4217 ὲν
2492 4166 2819 4240 διαλογισμῷ
2861 4172 2954 4223 καὶ
2988 4175 3047 4225 ὲν
3085 4172 3335 4245 θυμήσει,
3368 4176 3460 4229 τὸν
3483 4178 3711 4245 οὐρανὸν

2144 4253 2497 4323 ήτοιμακότα.
2528 4255 2717 4325 Ἔλεγε
2744 4258 2873 4326 γοῦν
2905 4262 3088 4325 αὐτοῖς
3115 4265 3321 4334 ῥήμασι
3366 4266 3498 4337 (27)·
3557 4287 3575 4319 ι
3600 4269 3711 4339 [Ιρὸ

2150 4362 2168 4393 ‹
2203 4344 2309 4415 γὰρ
2342 4345 2434 4399 τοῦ
2477 4346 2567 4400 τὸν
2607 4348 2810 4418 κόσμον
2850 4352 3090 4422 ποιῆσαι,
3141 4352 3208 4427 ἦν
3247 4359 3277 4411 6
3314 4359 3485 4425 Λόγος
3530 4360 3589 4411 ἑν
3635 4360 3711 4429 τῷ

2150 4454 2168 4486 ι
2196 4436 2390 4507 Πατρί.
2422 4439 2549 4490 Ὅτε
2570 4439 2625 4493 δὲ
2647 4443 2674 4493 6
2690 4446 3082 4516 παντοκράτωρ
3092 4446 3223 4511 Θεὸς
3244 4449 3419 4501 πάντα
3441 4448 3509 4501 τὰ
3532 4450 3591 4502 ὲν
3617 4452 3711 4502 οὐ·-

456 4526 649 4582 Deum.
697 4528 867 4595 Quam
913 4544 1101 4584 vocem
1142 4529 1393 4583 emittere
1448 4542 1553 4582 non
1583 4527 1885 4591 exhorruit,
1914 4541 2036 4581 cum

2149 4546 2169 4580 ι
2204 4532 2383 4601 ρανοίς
2409 4532 2502 4584 καὶ
2526 4532 2593 4587 τὰ
2623 4536 2715 4587 ἐπὶ
2739 4537 2837 4606 τῆς
2866 4543 2968 4608 γῆς
2997 4538 3218 4609 ποιῆσαι
3248 4540 3524 4612 προέθετο,
3562 4544 3709 4613 ἐνερ-

459 4628 637 4674 tamen
667 4618 755 4673 illa
781 4614 950 4674 Filius
994 4621 1309 4690 abnegetnr.
1340 4616 1449 4672 Nec
1480 4632 1755 4672 sacrarum
1796 4616 2032 4671 Littera-

2146 4640 2164 4671 ι
2200 4621 2354 4690 γείας
2385 4625 2418 4695 ὴ
2449 4623 2543 4677 τοῦ
2579 4625 2786 4697 κόσμου
2814 4627 3025 4696 γένεσις
3065 4630 3236 4683 ἐδεῖτο
3266 4630 3585 4702 δραστικῆς.
3617 4634 3709 4687 καὶ

457 4722 578 4764 rum
610 4712 927 4766 verecundia
958 4719 1135 4767 motus
1165 4722 1268 4777 est,
1293 4725 1411 4781 qua:
1431 4716 1715 4771 testantur,
1741 4708 1883 4777 quod
1902 4719 2031 4765 ante

2146 4731 2161 4763 ι
2198 4714 2286 4768 διὰ
2308 4716 2485 4782 τοῦτο,
2519 4720 2745 4790 μηδενὸς
2768 4720 2918 4785 ὄντος
2941 4722 3127 4796 ἑτέρου
3163 4724 3300 4797 πλὴν
3329 4726 3464 4779 Θεοῦ
3508 4727 3707 4798 (πάντα

459 4802 643 4855 mundi
674 4802 1080 4870 productionem
1108 4803 1221 4872 ipse
1247 4803 1393 4858 solus
1425 4801 1640 4856 adesset
1667 4798 1837 4854 Patri.
1869 4798 2027 4866 Nam,

2146 4819 2161 4853 t
2202 4802 2309 4874 γὰρ
2358 4807 2697 4877 ὁμολογεῖται
2740 4810 2832 4863 ὑπ’
2881 4811 3042 4865 αὑτοῦ
3092 4814 3461 4885 γεγενῆσθαι),
3510 4816 3631 4868 τότε
3680 4818 3709 4869 6

456 4909 575 4947 cum
606 4894 778 4959 celos,
829 4895 1021 4965 inquit,
1076 4896 1323 4964 parabat,
1355 4898 1572 4948 aderam
1616 4892 1684 4947 ei.
1714 4890 2027 4962 Praepositio

2146 4910 2156 4944 ι
2198 4894 2368 4963 Λόγος
2402 4899 2681 4970 προελθὼν
2720 4901 2928 4970 ἐγίνετο
2974 4903 3200 4976 ποιητὴς
3231 4904 3324 4959 τοῦ
3356 4906 3583 4976 κόσμου,
3617 4906 3709 4960 καὶ

455 4986 600 5039 enim
622 5002 764 5052 cum,
793 4987 859 5040 ad
886 4987 1224 5056 praesentiam
1262 4999 1492 5052 annexa,
1524 4985 1684 5040 unius
1704 4998 1824 5039 cum
1857 4984 2028 5040 altero

2146 5005 2155 5038 ι
2195 4990 2457 5060 πρότερον
2469 4989 2615 5047 ἔνδον
2627 4994 2831 5065 νοητῶς
2845 4996 3145 5065 ἑτοιμάζων
3165 4997 3349 5062 αὑτὸν,
3374 4997 3448 5060 ὡς
3470 4998 3705 5052 διδάσκει

456 5091 562 5131 una
601 5078 943 5149 praesentiam
973 5076 1262 5149 signiﬁcat.
1290 5075 1407 5133 Neu
1428 5077 1507 5132 ait
1536 5089 1665 5146 ergo
1708 5075 2029 5146 simpliciter

2146 5096 2155 5129 ι
2195 5080 2341 5149 ἡμᾶς
2372 5083 2400 5135 6
2433 5082 2720 5154 προφήτης
2766 5085 3037 5157 Σολομὼν,
3076 5086 3274 5143 Ἠνίκα
3304 5088 3578 5157 ἠτοίμαζὲ
3598 5089 3704 5143 τὸν

520 5176 580 5234 ›Ι‹
614 5170 712 5227 Ed.
740 5170 942 5240 Paris.,
969 5186 1094 5242 pag.
1122 5170 1253 5228 166.

3492 5192 3497 5199 ο

2203 5360 2509 5435 l23l_ango
2560 5362 2767 5435 διανοίᾳ
2806 5365 3123 5435 μιμήματα.
3161 5363 3281 5421 Mox
3316 5363 3475 5432 Vulgo
3519 5361 3694 5434 ἔργων

2132 5440 2186 5485 et
2211 5432 2367 5503 αὐτῷ
2384 5434 2414 5503 6
2448 5433 2628 5495 αὐτός.

2203 5501 2525 5575 (ξιιγῖιιιεο
2550 5504 2680 5575 πρὶν
2713 5501 2747 5573 ἢ
2777 5503 2886 5557 τόν.

2209 5574 2321 5645 (25)
2352 5571 2526 5645 Vulgo
2563 5571 2718 5645 πρός.

2212 5644 2302 5716 (16
2332 5644 2495 5716 Vulgo
2524 5661 2794 5716 παρισαμ.

2209 5715 2322 5786 (27)
2343 5713 2509 5784 cep.
2546 5713 2647 5770 tes
2674 5716 2739 5771 Α.

527 5354 639 5477 (91)
668 5354 843 5445 Vtilgo
874 5356 1026 5410 οὐδὲν
1069 5358 1164 5425 ἀφ’
1192 5355 1387 5410 ἑαυτοῦ
1433 5365 1489 5412 et
1523 5372 1645 5412 mox
1708 5355 1882 5411 ταῦτα
1910 5356 2022 5431 [ἂν]

581 5436 635 5477 et
669 5443 819 5477 αυτω
854 5427 1029 5477 πάντα
1068 5426 1355 5477 δείκνυσιν.

457 5426 549 5479 καί
564 5436 635 5497 et
669 5426 819 5497 αυτῷ
854 5427 1029 5497 πάντα
1044 5496 1051 5497 ί
1068 5426 1355 5481 δείκνυσιν.

530 5495 648 5576 (ξὲ),
675 5494 866 5576 Vulgo
993 5496 1061 5549 δὲ
1106 5497 1369 5576 ,βλέπειν
1413 5496 1644 5576 gravely.
1663 5494 2030 5576 Quantopere

455 5566 522 5637 die
554 5565 721 5637 istius
767 5564 869 5637 loci
923 5568 1367 5637 interpretatione
1402 5568 1677 5637 digladiati
1716 5564 1859 5623 ‘sunt
1905 5564 2030 5621 ’ϐει-

459 5632 643 5709 tbolici
704 5644 757 5689 et
804 5636 1033 5709 Ariani,
1068 5632 1205 5693 'vide
1250 5638 1415 5709 apud
1444 5632 1503 5694 β.
1530 5636 1921 5709 Maldonatum.
1977 5646 2033 5688 et

458 5702 932 5835 lvt‘ig‘cmsaparebit
997 5702 1302 5765 Eusebium'
1366 5708 1453 5765 hic
1530 5706 1802 5778 λαθραίως
1870 5707 2029 5777 apta-

458 5787 641 5828 νιςειν.
674 5787 745 5828 II.
