3956 6520
269 405 421 462 ςθοδ

1158 401 1260 458 'DE
1291 400 1833 459 ECCLESIASTlCA
1873 403 2264 460 THEOLOGIA
2299 405 2430 462 LIB.
2471 406 2559 464 lli.

3372 406 3508 460 1006

275 539 298 573 ι
329 516 425 575 οὗν
453 521 572 574 οὐδὲ
598 524 978 594 προσηκόντως
997 523 1182 594 εἴρηκε
1206 526 1350 592 τρεῖς
1372 523 1694 585 ὑποστάσεις
1716 519 1848 576 εἶναι

1961 542 1979 575 ι
2026 525 2244 579 iterum.
2283 543 2301 574 ι
2333 525 2434 580 Per
2479 527 2592 580 haec
2629 534 2682 581 et
2734 524 2818 580 bis
2872 523 3067 578 similia
3134 521 3218 577 vir
3274 523 3508 590 prudens

273 627 298 664 σ
313 613 496 683 φήσας
515 614 611 684 οὐχ
630 614 794 677 απαξ,
808 615 938 668 ἀλλὰ
953 616 1048 668 καὶ
1060 613 1210 666 δεύτε
1220 631 1323 684 ρον.
1341 634 1357 664 ι
1369 615 1464 667 Διὰ
1475 614 1531 667 δὲ
1545 614 1745 667 τούτων
1765 616 1854 666 καὶ

267 700 386 752 τῶν
413 700 622 764 τούτοις
649 703 846 772 ὁμοίων
884 701 1230 772 όσοφώτατος
1247 705 1496 774 πειρᾶται
1517 705 1856 757 κατασκευά-

271 787 395 852 ζειν
424 791 519 843 ἕνα
549 794 642 845 καὶ
668 793 759 845 τὸν
788 795 946 848 αὑτὸν
973 790 1110 847 εἶναι
1142 794 1249 864 (41)
1280 794 1495 864 Πατέρα
1515 795 1607 846 καὶ
1626 794 1713 846 τὸν
1729 793 1855 846 Υἰὸν

270 882 373 934 καὶ
394 883 546 950 ἅγιον
563 884 802 954 Πνεῦμα.
823 885 986 955 τριῶν
1006 885 1282 955 ὀνομάτων
1302 886 1440 939 κατὰ
1466 887 1593 955 μιᾶς
1616 885 1852 938 ὑποστά-

271 986 418 1034 σεως
437 990 497 1024 κε
507 974 719 1042 ιμένων.
741 975 871 1027 Οὐδὲ
893 975 998 1046 γὰρ
1015 977 1072 1027 ἐν
1105 975 1311 1038 τούτοις
1329 975 1580 1044 συνῆκεν,
1597 977 1741 1038 ὅπως
1760 976 1854 1030 καὶ

266 1064 299 1116 6
342 1062 466 1126 Υἱὸς
500 1064 610 1132 (42)
630 1066 692 1117 ἐκ
717 1065 809 1118 τοῦ
838 1066 1046 1137 Πατρδς
1081 1065 1469 1137 ἐκπορεύεσθαι
1495 1067 1729 1134 λέγεται,
1760 1069 1853 1120 καὶ

267 1155 334 1209 τὸ
361 1155 516 1223 ἆγιον
547 1157 766 1226 Πνεῦμα
803 1159 1021 1227 ὁμοίως,
1053 1158 1174 1210 οὐδὲ
1198 1159 1387 1228 νοῆσαι
1420 1158 1699 1228 δεδύνηται
1733 1159 1854 1222 πῶς

267 1249 406 1320 περὶ
433 1249 526 1301 τοῦ
554 1249 709 1317 ἁγίου
734 1251 1046 1320 Πνεύματος
1069 1247 1218 1302 εἶπεν
1243 1253 1270 1302 6
1299 1252 1488 1322 Σωτὴρ
1515 1251 1596 1315 τὸ,
1633 1253 1731 1305 Ἐκ
1747 1251 1852 1304 τοῦ

263 1339 422 1409 ἐμοῦ
455 1341 711 1408 λήψεται
749 1341 846 1394 καὶ
892 1342 1210 1410 ἀναγγελεῖ
1238 1342 1396 1410 ὑμῖν,
1433 1343 1551 1396 οὐδέ
1597 1361 1711 1406 πως
1741 1347 1852 1406 τοῖς

263 1434 440 1488 αὐτοῦ
466 1434 730 1505 μαθηταῖς
760 1437 1076 1506 ἐμφυσήσεις
1107 1434 1217 1503 (45)
1269 1435 1370 1504 ἔφη
1393 1451 1407 1463 ·
1445 1431 1662 1487 Λάϐετε
1683 1433 1852 1503 ἄτιον

263 1528 548 1595 Πνεῦμα·
578 1527 606 1579 6
628 1527 692 1598 δὴ
724 1531 833 1590 τοῖς
855 1525 1090 1589 εὐσεϐῶς
1117 1525 1375 1597 θεωροῦσι
1407 1525 1594 1596 ῥᾳδίαν
1617 1523 1725 1588 ’ἐξει
1752 1525 1851 1596 τὴν

261 1618 447 1681 λύσιν,
482 1621 530 1672 εἰ
557 1619 830 1688 λογίσαιτό
855 1635 957 1681 τις,
983 1618 1056 1680 ὡς
1076 1619 1104 1670 6
1126 1617 1253 1680 Υἱὸς
1285 1617 1370 1670 ἀεὶ
1397 1616 1567 1669 συνὼν
1593 1618 1688 1669 καὶ
1711 1635 1849 1687 συμ-

262 1709 464 1781 παρὼν
501 1709 578 1779 τῷ
620 1711 793 1780 Πατρὶ
833 1711 962 1761 εἴσω
1011 1725 1134 1767 που,
1177 1706 1365 1777 ὥσπερ
1413 1709 1469 1759 ἐν
1505 1706 1717 1769 ἀδύτοις
1757 1707 1850 1760 καὶ

262 1801 494 1862 ἀϐάτοις
530 1800 628 1869 τῆς
667 1799 938 1869 πατρικῆς
965 1799 1236 1870 βασιλείας
1271 1797 1563 1866 ἐτύγχανεν
1592 1796 1685 1858 ὢν,
1730 1793 1847 1849 εἶτα

260 1891 327 1945 δὲ
367 1892 461 1945 ἐπὶ
496 1893 737 1963 σωτηρία
779 1892 870 1945 τοῦ
908 1892 1012 1944 τῶν
1045 1889 1340 1962 ἀνθρώπων
1362 1891 1551 1958 γένους
1583 1889 1719 1958 πρὸς
1753 1888 1844 1942 τοῦ
1879 1917 1922 1976 Β

263 1983 489 2051 Πατρδς
520 1983 952 2053 ἐκπεμπόμενος,
1001 1984 1063 2036 ἐκ
1093 1982 1186 2035 τοῦ
1227 1982 1439 2052 Πατρὸς
1472 1979 1846 2049 ἐξεληλυθέναι

262 2076 464 2128 ἑαυτὸν
496 2075 679 2144 ἔλεγεν
710 2075 821 2145 (44)
847 2092 859 2104 ’
891 2077 918 2128 ὃ
953 2075 1016 2146 δὴ
1042 2077 1134 2128 καὶ
1163 2075 1385 2145 ἑτέρωθι
1417 2073 1504 2126 διὰ
1537 2073 1848 2144 παραϐολῆς

261 2167 457 2237 ἐδήλου
485 2185 549 2219 πε
560 2167 612 2238 pi.
633 2165 822 2219 ἑαυτοῦ
850 2166 1041 2234 λέγων,
1083 2165 1370 2232 Ἐξῆλθεν
1395 2169 1426 2218 ὁ
1455 2165 1716 2232 σπείρων
1745 2163 1848 2217 τοῦ

261 2257 533 2326 σπεῖραι.
570 2257 737 2310 Πόθεν
762 2257 870 2328 γὰρ
909 2257 1128 2326 ἐξῆλθεν
1157 2257 1189 2328 ἢ
1235 2259 1299 2310 ὲκ
1333 2257 1439 2309 τῶν
1463 2255 1727 2309 ἐνδοτάτω
1756 2254 1852 2325 βα-

266 2350 489 2403 σιλείων
534 2351 631 2420 τῆς
660 2351 928 2421 πατρικῆς
960 2351 1236 2422 θεότητος;
1269 2351 1422 2404 Κατὰ
1471 2350 1525 2402 δὲ
1557 2350 1650 2402 τ’ὸν
1689 2349 1850 2402 αὑτὸν

264 2439 453 2507 λόγον,
473 2440 568 2491 καὶ
585 2440 644 2491 τὸ
665 2440 816 2507 ᾶγιον
833 2427 1054 2510 Πνεῦμα
1078 2440 1346 2510 παρεστὸς
1362 2441 1447 2493 ἀεὶ
1459 2439 1535 2509 τῷ
1557 2439 1728 2510 θρόνῳ
1752 2439 1848 2490 τοῦ

263 2533 428 2597 Θεοῦ,
456 2533 577 2585 ἐπεὶ
602 2533 694 2585 καὶ
715 2534 918 2601 μυρίαι
939 2533 1222 2602 μυριάδες
1258 2535 1711 2600 παρεστήκασιν
1742 2533 1850 2584 αὐ-

264 2623 376 2689 τῷ,
436 2624 576 2678 κατὰ
623 2625 713 2677 τὸν
750 2623 964 2694 Δανιὴλ,
1009 2623 1366 2678 ἀπεστέλλετο
1412 2624 1504 2677 καὶ
1537 2623 1689 2684 αὐτὸ,
1721 2623 1851 2675 ποτὲ

270 2713 374 2782 μὲν
408 2714 466 2764 ὲν
503 2711 631 2764 εῐδει
674 2713 997 2782 περιστερᾶς
1024 2712 1114 2764 ἐπὶ
1139 2711 1228 2764 τὸν
1259 2711 1383 2764 Υἱὸν
1411 2711 1504 2763 τοῦ
1538 2710 1847 2782 ἀνθρώπου,

267 2803 406 2856 ποτὲ
445 2803 500 2856 δὲ
530 2803 614 2873 ἐφ’
639 2803 866 2856 ἕκαστον
894 2802 1003 2856 τῶν
1032 2803 1323 2874 προφητῶν
1351 2802 1445 2856 καὶ
1480 2801 1588 2854 τῶν
1617 2802 1848 2855 ἀποστό-

265 2893 379 2946 λων
398 2910 412 2923 ’
436 2893 517 2946 διὸ
553 2895 616 2946 ὲκ
649 2893 741 2946 τοῦ
762 2894 972 2964 Πατρὺς
996 2893 1386 2966 ἐκπορεύεσθαι
1417 2893 1508 2946 καὶ
1538 2893 1668 2947 αὐτὸ
1700 2894 1851 2963 εἴρη-

266 3001 384 3039 ται.
429 2985 540 3037 Καὶ
567 2983 618 3036 τί
649 2983 980 3055 Θαυμάζειςς
1017 2984 1175 3036 ὁπότε
1209 2984 1301 3037 καὶ
1328 2984 1454 3054 περὶ
1483 2983 1573 3036 τοῦ
1605 2982 1850 3035 διαϐόλου

267 3074 541 3139 λέλεκται,
587 3075 695 3130 Καὶ
736 3075 996 3144 ἐξῆλθεν
1035 3077 1068 3128 ὁ
1107 3059 1384 3142 διάϐολος
1414 3073 1571 3142 παρὰ
1596 3074 1702 3128 τοῦ
1729 3077 1849 3127 Κυ-

260 3168 439 3236 ρίου·
487 3169 580 3220 καὶ
620 3167 868 3236 δεύτερον
916 3166 1076 3220 πάλιν
1133 3165 1367 3236 εἴρηται,
1403 3163 1648 3231 Ἐξῆλθε
1695 3163 1763 3215 δὲ
1817 3163 1850 3216 ὁ

1957 616 2008 668 id
2059 618 2189 684 agit,
2219 625 2276 669 ut
2317 617 2454 670 idem
2483 626 2686 671 statuat
2709 631 2826 671 esse
2856 615 3090 677 Patrem.
3117 621 3171 670 et
3194 613 3407 678 Filium,
3451 626 3508 665 rt

1958 711 2017 767 ἧς
2053 706 2308 774 Spiritum
2356 716 2598 760 sanctum
2641 724 2655 759 :
2694 720 2906 773 nempe,
2933 715 2990 758 ut
3013 706 3078 760 de
3105 720 3206 757 una
3233 704 3506 774 hypostasi

1957 799 2054 852 tria
2098 799 2310 851 nomina
2356 797 2730 867 prmdiceutur.
2793 797 2902 852 Nec
2952 796 3182 850 advertit
3223 796 3364 865 quod
3419 796 3508 849 hic

1952 887 2121 944 Filius
2149 890 2214 944 de
2259 887 2416 944 Patre
2441 904 2538 942 suo
2572 903 2886 958 pregressus
2911 889 3109 943 dicitur
3155 896 3210 942 et
3262 888 3509 941 similiter

1953 989 2170 1034 sanctus
2197 979 2460 1049 Spiritus;
2497 995 2595 1034 nec
2617 980 2830 1046 assequi
2854 979 3044 1048 potuit,
3072 983 3339 1048 quomodo
3371 980 3510 1032 dixit

1953 1073 2019 1126 de
2055 1071 2255 1140 Spiritu
2289 1081 2475 1125 sancto
2503 1073 2776 1134 Servatur,
2811 1069 2885 1124 De
2906 1087 3015 1123 mea
3042 1080 3268 1125 assumet
3322 1081 3369 1124 et
3409 1087 3508 1122 au-

1953 1163 2212 1216 uuntiabit
2254 1163 2428 1226 vobis;
2481 1178 2578 1216 nec
2625 1161 2766 1231 quod
2808 1161 2858 1214 iu
2897 1162 3181 1230 discipulos
3216 1162 3512 1231 inspirabat

1952 1256 2154 1318 dicens,
2177 1256 2406 1321 Accipite
2426 1253 2680 1322 Spiritum
2703 1263 2962 1308 sanctum.
2991 1254 3118 1319 Quae
3140 1255 3345 1307 facilem
3370 1254 3509 1320 apud

1951 1346 2068 1414 pios
2113 1346 2430 1401 solutionem
2477 1346 2774 1406 invenient.
2811 1347 2855 1399 si
2905 1348 2993 1414 qui
3039 1347 3201 1400 vcliut
3236 1347 3509 1398 reminisci

1953 1435 2090 1503 quod
2115 1434 2302 1496 Filius,
2332 1451 2544 1504 semper
2583 1450 2704 1488 cum
2739 1435 2898 1490 Patre
2931 1453 3025 1489 suo
3064 1451 3301 1506 pra-scus
3330 1446 3383 1490 et
3409 1452 3510 1488 uua

1951 1525 2238 1588 exsistens,
2265 1526 2411 1580 intus
2438 1535 2552 1579 erat
2589 1525 2727 1594 apud
2773 1525 2942 1591 illum,
2971 1526 3130 1580 veluti
3162 1528 3213 1580 in
3244 1527 3418 1597 adytis
3459 1536 3517 1578 et

1951 1614 2242 1669 inaccessis
2287 1615 2494 1683 paterni
2522 1613 2684 1681 .regni
2713 1615 3079 1681 receptaculis.
3111 1615 3312 1669 Deinde
3338 1614 3402 1668 ad
3428 1628 3514 1666 sa-

1950 1706 2114 1760 lutem
2153 1706 2386 1759 lmmauo
2415 1706 2595 1774 generi
2637 1706 3048 1773 procurauilam,
3094 1707 3348 1760 eluissum
3396 1721 3453 1759 se
3482 1722 3514 1760 a

1951 1797 2111 1851 Patre
2136 1797 2350 1852 venisse
2380 1799 2510 1853 dicit
2549 1815 2562 1850 :
2609 1797 2750 1866 quod
2790 1807 2843 1850 et
2871 1797 2994 1852 alibi
3023 1798 3074 1850 in
3112 1799 3360 1865 parabola
3389 1799 3517 1852 fecit

1951 1888 2289 1942 manifestum
2329 1886 2631 1956 :Egressus
2681 1897 2755 1940 est
2801 1889 3082 1940 seminator
3128 1886 3198 1939 nd
3244 1889 3510 1942 seminan-

1949 1981 2072 2034 dum
2097 1980 2180 2032 “z
2214 1979 2355 2032 unde
2404 1979 2547 2033 enim
2575 1994 2824 2047 egressus
2858 1987 3022 2044 esset,
3070 1979 3171 2033 nisi
3217 1994 3280 2033 ex
3308 1981 3514 2032 intimis

1950 2074 2106 2141 regite
2139 2073 2498 2142 penetralibus
2524 2083 2758 2140 paterure
2785 2072 3116 2125 divinitatis?
3142 2073 3220 2124 Ad
3261 2072 3507 2125 eumdem

1949 2167 2182 2226 modum.
2215 2175 2268 2218 et
2307 2165 2542 2233 Spiritus
2572 2174 2790 2218 sauclus
2817 2179 3032 2234 semper
3073 2173 3126 2218 et
3153 2169 3405 2218 continuo
3435 2181 3516 2217 as-

1948 2257 2086 2309 sistit
2133 2257 2323 2310 throno
2372 2257 2485 2320 Dei,
2554 2272 2674 2309 cum
2724 2257 2888 2309 decies
2957 2264 3171 2308 centena
3216 2254 3381 2308 millia
3433 2255 3515 2306 illi

1947 2356 2116 2401 asteut
2139 2347 2203 2411 “,
2233 2349 2524 2402 secundum
2551 2346 2841 2402 Danielem.
2871 2346 3061 2401 Missus
3087 2361 3247 2414 porro
3269 2357 3352 2400 est
3379 2347 3476 2400 iste
3496 2387 3512 2409 ,

1949 2453 2090 2491 nunc
2129 2437 2185 2492 in
2236 2438 2404 2506 ﬁgura
2455 2437 2719 2491 columbae
2773 2452 2934 2506 super
2985 2437 3177 2492 Filium
3232 2437 3512 2500 hominis;

1948 2543 2091 2582 nunc
2121 2543 2284 2598 super
2313 2543 2744 2598 unumquemque
2791 2530 3174 2598 prophetarum
3203 2540 3258 2584 et
3296 2545 3514 2599 aposto-

1948 2618 2122 2674 lorum
2156 2637 2171 2673 :
2201 2621 2342 2674 unde
2369 2629 2424 2673 et
2457 2619 2542 2673 ille
2577 2634 2788 2688 quoque
2809 2621 3007 2674 dicitur
3031 2626 3095 2675 de
3127 2621 3284 2676 Patre
3307 2638 3521 2690 proceso

1948 2711 2106 2764 sisse.
2140 2708 2277 2774 Quid
2309 2709 2525 2763 mireris
2575 2719 2777 2774 autem,
2830 2726 2952 2764 cum
2984 2710 3065 2764 vel
3097 2711 3162 2764 de
3191 2712 3409 2766 diabolo
3435 2714 3516 2766 di-

1947 2812 2104 2855 catur
2137 2815 2153 2853 :
2178 2799 2246 2853 Et
2272 2817 2506 2869 egressus
2530 2811 2603 2854 est
2628 2801 2866 2854 diabolus
2896 2820 2927 2855 a
2953 2802 3058 2855 Deo
3098 2802 3174 2866 ⁶⁸ς
3206 2813 3260 2857 et
3287 2803 3511 2857 iterum:

1948 2891 2206 2960 Egressus
2232 2903 2304 2944 est
2328 2890 2568 2946 diabolus
2585 2891 2788 2946 “‘iSed
2818 2902 2870 2946 et
2897 2893 3151 2962 scriptum
3184 2893 3421 2947 invenies
3449 2896 3517 2946 de

1946 2983 2168 3038 Achabo
2199 2983 2402 3037 dictum
2433 3004 2445 3036 ι
2483 2981 2550 3036 Et
2581 2985 2735 3038 exivit
2775 2985 2988 3050 spiritus
3019 3000 3260 3049 nequam,
3303 2995 3350 3036 et
3377 2987 3514 3038 stetit

1948 3091 2124 3128 coram
2153 3073 2396 3138 Domino,
2425 3083 2473 3128 et
2494 3077 2663 3128 dixit:
2706 3075 2815 3146 Ego
2844 3077 3095 3144 decipiant
3128 3077 3277 3130 illum
3301 3078 3364 3132 ⁸⁷.
3409 3080 3514 3131 Sed

1949 3168 2014 3221 de
2044 3167 2195 3222 hisce
2230 3167 2511 3237 spiritibus
2541 3167 2604 3220 ad
2642 3169 2971 3237 oppositum,
3012 3170 3280 3236 quomodo
3306 3170 3516 3223 dicatur

268 3260 546 3327 διάϐολος
573 3261 687 3315 ἀπὸ
708 3261 820 3314 τοῦ
846 3261 1086 3327 Κυρίου.
1117 3256 1310 3330 Εὖροις
1341 3257 1395 3310 δὲ
1421 3257 1486 3310 ἂν
1515 3258 1605 3308 καὶ
1634 3257 1726 3309 ἐπὶ
1751 3255 1844 3309 τοῦ

1953 3255 2151 3310 exiissc
2177 3270 2293 3320 eos,
2319 3270 2422 3310 non
2458 3257 2510 3309 in
2541 3256 2790 3324 praesenti
2831 3257 3155 3312 laboramus.
3201 3257 3517 3329 Uuigeuitus

282 3356 491 3426 Ἀχαὰϐ
540 3351 639 3407 εἶτ’
691 3354 804 3424 (45)
853 3353 1101 3424 ἐπιφέρει
1149 3353 1181 3422 ὴ
1225 3350 1438 3421 Γραφή·
1469 3348 1579 3402 Καὶ
1622 3347 1843 3416 ἐξῆλθε

269 3448 506 3517 πνεῦμα
536 3446 821 3514 πονηρὸν,
862 3445 960 3499 καὶ
990 3445 1138 3512 ἔστη
1179 3441 1435 3496 ἐνώπιον
1474 3440 1694 3508 Kvpt'ov
1744 3439 1842 3492 καὶ

266 3539 467 3592 εἶπεν·
511 3539 650 3608 Ἐγὼ
677 3536 964 3603 ἀπατήσω
978 3536 1180 3590 αὐτόν.
1231 3533 1388 3586 Ἀλλὰ
1423 3531 1593 3585 ταῦτα
1628 3532 1724 3602 μὲν
1759 3533 1846 3584 ὲν-

270 3630 428 3684 αντία
460 3630 763 3700 πνεύματα,
797 3631 942 3691 ὅπως
965 3627 1020 3680 δὲ
1050 3627 1146 3679 καὶ
1174 3625 1294 3678 τίνα
1315 3624 1511 3694 τρόπον
1533 3623 1843 3694 εἶρηται,ού

266 3723 365 3777 νῦν
422 3721 612 3793 καιρὸς
665 3719 1170 3791 πολυπραγμονεῖν·
1210 3718 1240 3770 6
1284 3714 1339 3766 δὲ
1393 3714 1684 3784 μονογενὴς
1719 3713 1845 3776 Υἱὸς

268 3811 365 3869 τοῦ
416 3813 550 3866 Θεοῦ
599 3813 662 3864 ὲκ
705 3811 798 3865 τοῦ
828 3811 1039 3882 Πατρδς
1072 3806 1446 3878 ἐξεληλυθέναι
1484 3805 1670 3857 ἑαυτὸν
1699 3804 1849 3857 διδά-

272 3922 417 3966 σκει,
443 3905 530 3958 διὰ
563 3905 624 3956 τὸ
657 3907 888 3958 συνεῖναι
929 3901 1076 3972 αὐτῷ
1105 3901 1354 3961 πάντοτε,
1382 3897 1473 3951 καὶ
1515 3895 1576 3947 τὸ
1609 3893 1760 3962 ἅγιον
1792 3894 1850 3948 δὲ

271 3995 500 4066 Πνεῦμα
519 3996 715 4066 ὁμοίως
738 3996 919 4064 ἕτερον
949 3994 1191 4064 ὑπάρχον
1225 3989 1373 4060 παρὰ
1394 3987 1483 4040 τὸν
1510 3984 1655 4037 Υἱόν.
1695 3986 1760 4038 Ὃ
1785 3983 1850 4054 δὴ

1947 3361 2078 3401 vero
2101 3345 2196 3401 Dei
2230 3347 2398 3401 Filius
2438 3362 2497 3401 se
2539 3347 2606 3400 de
2633 3345 2793 3402 Patre
2823 3348 3023 3403 exiisse
3063 3349 3240 3414 docet,
3272 3365 3337 3403 eo
3374 3351 3515 3419 quod

1950 3439 2089 3507 apud
2140 3453 2260 3492 eum
2310 3448 2426 3492 erat
2473 3452 2720 3506 semper;
2761 3447 2816 3493 et
2867 3438 2943 3494 sic
2979 3440 3180 3508 pariter
3232 3441 3296 3494 de
3333 3454 3518 3494 sancto

1951 3528 2183 3596 Spiritu,
2245 3531 2336 3598 qui
2376 3539 2554 3584 tamen
2613 3531 2750 3584 alius
2797 3541 2878 3584 est
2909 3546 2937 3582 a
2981 3530 3137 3585 Filio.
3187 3529 3335 3596 Quod
3385 3534 3519 3584 satis

1951 3623 2094 3675 clare
2123 3621 2383 3676 Servator
2410 3623 2582 3688 docet,
2614 3620 2894 3690 inquiens:
2920 3621 2989 3674 De
3012 3639 3123 3676 meo
3148 3634 3312 3676 sumet
3343 3632 3389 3676 et
3421 3641 3519 3676 auo

1953 3713 2213 3766 nuntiabit
2253 3713 2414 3768 vobis.
2457 3713 2616 3768 Certe
2647 3711 2773 3766 hinc
2805 3713 3034 3768 eﬂicitur
3061 3731 3164 3769 non
3205 3732 3325 3772 esse
3355 3733 3516 3770 uumu

1954 3815 2116 3872 atque
2147 3807 2395 3859 eumdem
2451 3805 2642 3860 Filium
2689 3817 2742 3860 et
2780 3817 3023 3859 sanctum
3056 3805 3334 3874 Spiritum.
3384 3807 3516 3861 Nam

1953 3896 2094 3965 quod
2120 3910 2148 3948 a
2185 3910 2456 3964 quoquam
2488 3897 2777 3964 quidquam
2819 3896 3067 3964 percipit,
3095 3898 3364 3950 diversum
3391 3899 3519 3965 quid

1956 3985 2272 4054 intelligitur
2295 4001 2322 4038 a
2351 3987 2608 4055 largiente
2637 4003 2778 4040 esse.

273 4089 462 4158 σαφῶς
505 4089 663 4153 αὐτὸς
712 4090 739 4141 6
783 4088 970 4157 Σωτὴρ
1013 4084 1307 4157 παρίστησι
1353 4081 1558 4148 λέγων·
1615 4078 1709 4130 Ἐκ
1771 4077 1879 4131 τοῦ
1936 4077 2080 4146 ἐμοῦ
2155 4076 2413 4146 λήψεται
2469 4078 2566 4132 καὶ
2623 4079 2944 4149 ἀναγγελεῖ
3009 4079 3167 4148 ὑμῖν.
3229 4081 3519 4148 Ἀντικρυς

267 4186 381 4256 γὰρ
426 4185 830 4257 παραστατικὸν
889 4185 956 4238 ἂν
1002 4182 1086 4254 εἴη
1125 4181 1284 4234 τοῦτο
1339 4177 1433 4232 τοῦ
1484 4175 1560 4247 μὴ
1596 4169 1741 4244 εἶναι¹
1785 4173 1844 4226 ἓν
1883 4175 1978 4228 καὶ
2027 4174 2222 4228 ταύτὸν
2265 4176 2355 4228 τὸν
2402 4175 2532 4227 Υἱὸν
2569 4177 2662 4227 καὶ
2716 4175 2776 4228 τὸ
2831 4173 2984 4244 ἅγιον
3021 4173 3281 4245 Πνεῦμα·
3323 4175 3384 4225 τὸ
3409 4175 3518 4243 γὰρ

265 4278 402 4350 παρ’
446 4277 632 4347 ἑτέρου
674 4273 969 4345 λαμϐάνον,
1004 4289 1057 4324 τι
1089 4270 1272 4341 ἕτερον
1307 4265 1458 4337 παρὰ
1498 4264 1590 4316 τὸν
1639 4263 1848 4316 διδόντα
1886 4266 2105 4316 νοεῖται.

919 4365 1076 4418 ΚΕΦ.
1112 4362 1190 4418 Ε’.

339 4467 541 4531 Ὅπως
590 4465 622 4517 ὁ
668 4461 869 4532 Σωτὴρ
903 4460 1035 4532 περι
1075 4457 1180 4532 τοῦ
1214 4456 1387 4526 ἁγίου
1427 4454 1776 4522 Πνεύματος

912 4528 1212 4593 ἐδίδαξεν.

335 4626 450 4681 Καὶ
480 4627 562 4680 ὄτι
596 4624 706 4696 (46)
740 4624 924 4694 ἕτερόν
961 4625 1075 4675 ἐστι
1115 4618 1176 4672 τὸ
1213 4614 1440 4686 Πνεῦμα
1466 4614 1527 4667 τὸ
1556 4614 1710 4681 ἅγιον
1744 4608 1842 4663 τοῦ

265 4718 402 4772 Υἱοῦ
439 4717 730 4788 διαρρήδην
768 4717 862 4769 καὶ
904 4714 1171 4785 διαφόρως
1212 4707 1555 4769 λευκοτάτοις
1605 4705 1846 4788 ῥήμασιν

268 4809 380 4877 (47)
413 4785 577 4870 αὐτδς
654 4785 841 4877 Σωτὴρ
869 4805 964 4859 καὶ
993 4803 1195 4874 Κύριος
1218 4799 1379 4870 ἡμῶν
1416 4795 1640 4859 ἔδειξεν,
1674 4795 1732 4844 ὲν
1763 4785 1847 4854 οἷς

266 4897 406 4965 πρὸς
430 4898 554 4958 τοὺς
585 4895 752 4950 αὐτοῦ
780 4893 1026 4966 μαθητὰς
1042 4892 1246 4960 ἔλεγεν,
1297 4887 1430 4942 Ἐὰν
1451 4881 1720 4954 ἀγαπᾶτέ
1744 4897 1844 4950 με,

263 4989 374 5054 τὰς
399 4989 652 5055 ἐντολὰς
682 4988 788 5054 τὰς
807 4987 953 5057 ἐμὰς
979 4985 1270 5052 τηρήσετε
1289 5001 1302 5013 ·
1347 4979 1446 5034 και
1480 4976 1596 5048 ἐγὼ
1627 4972 1848 5044 ἐρωτή-

263 5098 358 5135 σω
401 5081 512 5135 τὸν
537 5079 787 5148 Πατέρα,
843 5078 941 5132 καὶ
986 5078 1180 5130 ἄλλον
1232 5071 1626 5142 Παρακλητοιο
1666 5065 1847 5118 δώσει

341 5227 400 5285 ἧς
447 5221 541 5274 Ed.
578 5221 776 5281 Paris.,
805 5237 856 5290 p.
892 5217 1158 5275 169.170.
1234 5217 1276 5248 ⁸³
1305 5213 1467 5268 Marc.
1502 5224 1577 5274 tv,
1604 5207 1657 5261 3.
1740 5205 1788 5235 “
1822 5203 1848 5257 ῐ

1953 5243 1958 5256 .
1993 5219 2089 5266 vn,
2125 5202 2208 5259 10.
2287 5202 2330 5234 ⁸⁵
2361 5202 2493 5258 Luc.
2521 5218 2592 5268 tv,
2622 5204 2707 5260 i5.
2787 5203 2834 5233 “
2863 5200 2965 5256 Job
2989 5218 3046 5266 ιι,
3079 5200 3132 5255 7.

266 5292 472 5354 ιιιιβῑ
499 5309 513 5357 ;
539 5291 578 5344 ll
611 5290 789 5344 Paral.
810 5289 981 5352 'xvm,
1010 5289 1046 5342 ’ξ
1065 5291 1120 5341 0.

338 5424 452 5492 (41)
479 5423 650 5489 Vulgo
681 5421 823 5492 [xui]
856 5422 1094 5492 Πατέρα.

339 5495 450 5563 (42)
486 5495 652 5562 Vulgo
683 5497 746 5546 ἐκ
780 5495 950 5563 Πατρ.

338 5557 451 5688 ἓίῦ)
490 5557 656 5630 Vulgo
691 5563 843 5631 ἔλεγε
874 5557 930 5616 et
977 5575 1094 5614 mox
1140 5559 1261 5613 λάε.
1299 5557 1409 5632 [τὸ]
1450 5559 1516 5612 Π.
1551 5558 1613 5611 τὸ
1658 5557 1838 5624 ἅγιον·

338 5659 346 5687 ›
381 5673 394 5687 .

361 5704 452 5766 Η)
483 5701 648 5771 Vulgo
674 5703 703 5756 ὃ
735 5702 820 5762 es;
865 5717 984 5755 mox
1017 5699 1177 5767 vulgo
1205 5701 1661 5771 παρειστήκασιν,

361 5774 456 5848 45)
493 5766 612 5848 Eli“
660 5774 922 5840 ἐπιφέρει
977 5773 1016 5840 ἠ
1055 5766 1301 5848 ραςρή.’
1337 5766 1473 5823 Ριοο’
1499 5769 1605 5822 ἔνθ’
1652 5766 1841 5848 έπιφέ-

269 5843 374 5916 ρει,
427 5846 686 5914 Spiritum
737 5855 1008 5909 sauctum,
1058 5843 1181 5896 iuuc
1231 5852 1474 5909 apparet,
1514 5855 1621 5910 quo
1660 5843 1710 5892 iu
1744 5855 1843 5890 uu-

1867 4375 1916 4432 D

2493 4361 2621 4419 Μ
2655 4355 2806 4411 CAP.
2854 4354 2918 4410 ν.
3142 4426 3149 4433 π

2074 4465 2344 4531 Quomodo
2381 4467 2444 4520 de
2475 4477 2654 4520 sancto
2691 4465 2890 4531 Spiritu
2921 4462 3172 4521 Servalor
3194 4467 3391 4520 docuit.

2015 4600 2174 4656 Certe
2204 4601 2346 4670 quod
2373 4601 2622 4655 diversus
2666 4601 2732 4656 sit
2764 4615 2792 4654 a
2817 4598 2952 4655 Filio
3003 4611 3060 4655 et
3105 4601 3246 4656 alius
3286 4601 3522 4671 Spiritus

1947 4704 2188 4760 sanctus,
2219 4707 2475 4764 expresse
2505 4704 2560 4747 et
2583 4692 2905 4748 clarissimis
2926 4693 3104 4747 verbis
3131 4694 3288 4748 docet
3321 4695 3517 4749 Serva-

1950 4795 2034 4839 tor
2064 4795 2117 4838 et
2149 4786 2404 4839 Dominus
2434 4796 2639 4851 uoster,
2675 4785 2765 4840 ubi
2821 4785 2901 4840 sic
2933 4785 3223 4854 discipulos
3273 4784 3467 4839 affatur
3500 4800 3516 4838 :

1953 4875 2014 4932 Si
2033 4876 2253 4945 diligitis
2271 4892 2372 4941 me,
2401 4879 2652 4930 mandata
2675 4894 2786 4932 mea
2804 4879 3127 4938 custodietis.
3148 4889 3196 4931 et
3215 4893 3306 4946 ego
3331 4880 3520 4944 rogabo

1954 4965 2188 5028 Patrem,
2217 4977 2266 5020 et
2298 4968 2463 5020 alium
2509 4966 2846 5022 Paracletum
2883 4969 3029 5022 dabit
3053 4969 3217 5032 vobis,
3243 4976 3300 5020 ut
3337 4964 3412 5018 sit
3429 4982 3516 5017 vo-

1953 5062 2147 5113 biscum
2188 5060 2242 5113 in
2272 5060 2486 5124 secula,
2509 5058 2764 5126 Spiritum
2813 5062 3068 5123 veritatis,
3104 5075 3255 5129 quem
3294 5059 3519 5110 mundus

3205 5200 3249 5231 "
3281 5198 3340 5253 Ill
3387 5198 3518 5267 Reg.

1947 5428 2102 5467 mero
2128 5413 2321 5466 habent
2363 5407 2645 5468 Eusebius,
2678 5405 2930 5458 nimirum
2965 5405 3108 5458 inter
3146 5416 3323 5454 meras
3368 5417 3527 5455 creu-

1947 5495 2114 5536 turas.
2169 5480 2322 5536 Εἷυαι
2375 5479 2522 5530 Υἱόν.
2600 5475 3061 5535 Ιιεδςι-ἰιιρησιιιιιι,
3122 5473 3184 5526 τὸ
3229 5473 3388 5524 τοῦτο
3455 5472 3527 5540 μὴ

1945 5550 2084 5606 εἶναι
2122 5554 2178 5605 ἓν
2217 5553 2309 5606 καὶ
2356 5547 2571 5601 ταύτόν.
2602 5544 2672 5600 M.
2710 5577 2778 5585 —-
2816 5547 3009 5600 Addidi
3056 5561 3178 5597 cum
3217 5545 3377 5598 codd.
3433 5559 3527 5592 ’το-ο

1945 5637 2066 5692 post
2091 5624 2274 5676 τοῦτο.

2013 5695 2126 5760 (46)
2157 5694 2324 5758 Vulgo
2357 5703 2465 5741 om.
2491 5705 2577 5756 γε.

2017 5751 2129 5834 (47)
2159 5751 2342 5827 tibide
2371 5764 2402 5820 ό
2426 5751 2762 5834 Σωτὴρ-καὶ
2808 5760 3039 5834 Κύριος.
3077 5755 3230 5812 Deest
3257 5751 3408 5809 διδὰσ
3433 5770 3538 5812 κει,

1944 5831 2033 5892 vel
2069 5834 2384 5906 παρίστησι,
2413 5845 2499 5883 .·ιιιι
2540 5831 2711 5885 simile
2737 5834 2886 5900 quid.
2916 5831 2982 5882 Μ.
