3956 6508
466 454 603 509 {007

1128 451 1395 509 EUSEBll
1432 452 1904 509 CASSARIENSIS
1941 453 2023 511 ΟΡ

2136 455 2314 509 PARS
2355 450 2442 509 ιν.
2484 484 2550 494 --
2590 451 3009 509 DOGMATICA.

3550 457 3693 511 1008

465 587 569 624 non
590 579 753 641 potest
787 585 967 639 capere
992 570 1058 625 “.
1099 569 1260 626 Vides
1297 579 1355 625 ut
1393 569 1652 640 Spiritum
1683 579 1836 627 vocet
1867 571 2023 626 alium

2132 573 2289 641 ὑμῖν,
2315 574 2415 625 ἵνα
2443 567 2485 642 ᾗ
2512 572 2639 640 μεθ’
2662 570 2825 640 ὑμῶν
2856 574 2943 637 εὶς
2972 570 3077 625 τὸν
3107 569 3313 635 αἰῶνα,
3354 572 3418 625 τὸ
3452 573 3697 642 Πνεῦμα

464 660 794 717 Paracletnm
830 670 883 714 et
910 661 1177 715 diversum
1211 677 1237 713 a
1280 678 1356 715 se.
1398 661 1548 726 Quod
1579 663 1620 716 si
1645 662 1840 717 amavit
1868 664 2025 719 disci~

468 752 617 820 pulos
636 761 689 806 et
718 752 869 813 dixit,
904 751 1132 819 Accipite
1156 750 1411 822 Spiritum
1447 763 1705 817 sanctum,
1733 753 1776 784 ⁶⁹
1818 754 1905 806 hic
1933 767 2024 806 ne»

463 844 605 899 scire
635 859 732 898 nos
780 859 881 897 non
916 854 1145 912 oportet,
1196 845 1335 913 quod
1371 842 1576 898 amatus
1609 844 1701 898 ille
1742 846 2023 898 mundatu-

464 951 561 991 τοι
601 946 715 990 erat
738 934 1128 1004 quodammodo
1162 936 1372 990 animos
1402 935 1787 1003 apostolorum,
1831 945 1889 988 ut
1913 936 2020 1004 apti

464 1028 544 1083 sic
575 1037 629 1082 et
659 1027 902 1096 dispositi
949 1036 1130 1083 essent
1190 1027 1256 1082 ad
1293 1026 1555 1097 Spiritum
1601 1037 1846 1082 sanctum
1888 1029 2023 1082 reci-

460 1117 737 1186 piendum.
771 1115 953 1187 Neque
999 1116 1140 1169 enim
1168 1116 1365 1170 dicitur
1410 1117 1463 1171 in
1494 1114 1685 1170 faciem
1708 1131 1892 1171 eorum
1938 1116 2020 1170 in-

460 1206 729 1271 suﬂlasse;
796 1220 894 1259 nec
950 1205 1089 1274 quod
1137 1206 1461 1276 spiraculum
1514 1206 1657 1270 vitae,
1710 1216 1767 1258 ut
1818 1206 2023 1259 Adamo

463 1298 732 1367 quondam
757 1297 897 1352 Deus
927 1296 1286 1365 inspiraverat
1324 1297 1402 1350 eis
1434 1296 1485 1350 in
1520 1295 1732 1359 laciem,
1763 1305 1856 1349 aut
1881 1295 2022 1364 quod

460 1390 719 1458 Spiritum
758 1400 1002 1443 sanetum
1055 1404 1070 1442 :
1115 1388 1207 1441 sed
1242 1387 1539 1455 inspirasse
1586 1387 1641 1441 in
1678 1388 1863 1457 primis
1891 1388 2022 1441 dici-

462 1491 581 1547 tur;
617 1490 671 1533 et
702 1490 812 1533 tum
843 1480 1093 1547 deinceps
1121 1478 1337 1541 dixisse,
1366 1478 1590 1544 Accipite
1625 1477 1877 1548 Spiritum
1899 1495 2017 1531 san-

461 1582 621 1625 ctum.
660 1570 797 1625 Dare
827 1580 1003 1624 autem
1031 1568 1288 1638 Spiritum
1323 1568 1605 1624 manifeste
1643 1570 1818 1635 docet,
1847 1569 2023 1623 diver-

464 1680 584 1719 sum
614 1678 733 1718 esse
762 1664 932 1733 ipsum
968 1676 998 1714 a
1047 1661 1189 1714 dato.
1249 1659 1363 1716 Non
1395 1671 1512 1715 erat
1550 1676 1679 1729 ergo
1721 1661 1859 1713 idem
1891 1660 2023 1714 dans

464 1769 519 1813 et
542 1758 747 1812 datum.
783 1755 887 1811 Sed
916 1753 1005 1824 qui
1027 1752 1354 1824 largiebatur
1385 1753 1641 1807 Servator
1664 1761 1798 1813 erat,
1840 1752 2019 1805 datum

460 1862 591 1902 vero
616 1855 831 1901 sanctus
868 1844 1099 1913 Spiritus
1132 1862 1145 1896 :
1179 1843 1506 1911 accipientes
1545 1841 1773 1909 apostoli
1823 1862 1834 1896 :
1871 1838 2020 1894 allia-

2129 660 2237 728 τῆς
2270 662 2575 728 ἀληθείας,
2622 659 2652 713 6
2709 661 2741 713 6
2792 662 3017 728 κόσμος
3073 661 3144 713 οὐ
3188 660 3434 713 δύναται
3467 661 3695 715 λαϐεῖν.

2141 748 2300 822 Ὁρᾷς
2343 754 2489 815 ὅπως
2526 746 2586 804 τὸ
2621 751 2847 821 Πνεῦμα
2875 752 2934 804 τὸ
2962 750 3315 824 Παράκλητον
3351 753 3536 822 ἕτερον
3560 749 3699 807 εἷναί

2130 860 2260 913 φησι
2308 844 2397 897 καὶ
2447 843 2573 896 ἄλλο
2623 843 2752 913 παρ’
2787 844 3004 895 ἑαυτόνο
3049 846 3096 897 εἰ
3133 844 3189 896 δὲ
3236 844 3561 914 ὲμφυσήσας
3587 848 3699 908 τοῖς

2133 934 2396 1006 μαθηταῖς
2419 931 2535 988 εἶπε
2556 952 2569 964 °
2596 934 2814 988 Λάϐετε
2841 934 3082 1002 Πνεῦμα
3101 933 3288 1003 ἅγιον,
3314 935 3371 986 οὐ
3403 934 3508 1005 χρὴ
3538 935 3702 1001 ἀγνο-

2130 1029 2228 1091 εῖν,
2252 1026 2326 1090 ὡς
2354 1027 2415 1080 τὸ
2436 1028 2533 1098 μὲν
2562 1027 2863 1098 ἐμφύσημα
2888 1026 3216 1098 καθαρτικόν
3242 1045 3356 1089 πως
3378 1021 3446 1097 ἦν
3470 1026 3574 1095 τῆς
3597 1025 3703 1077 τῶν

2129 1119 2436 1172 ἀποστόλων
2504 1119 2697 1189 ψυχῆς,
2759 1119 3091 1189 ἐπιτηδείους
3133 1119 3327 1179 αὐτοὺς
3372 1116 3484 1186 (48)
3522 1134 3704 1187 παρα-

2130 1207 2394 1272 σκευάζον
2419 1208 2517 1277 τῆς
2540 1208 2631 1260 τοῦ
2658 1207 2812 1275 ἁγίου
2836 1208 3149 1279 Πνεῦματος
3176 1208 3461 1278 ὑποδοχῆς.
3492 1208 3568 1260 Οὐ
3593 1207 3703 1277 γὰρ

2128 1300 2209 1362 εἰς
2246 1298 2307 1350 τὸ
2342 1299 2627 1370 πρόσωπον
2661 1298 2837 1352 αὐτῶν
2878 1300 3193 1370 ἐμφυσῆσαι
3219 1301 3453 1369 λέγεται,
3488 1300 3599 1352 οὐδ’
3620 1299 3701 1351 ὅτι

2129 1389 2295 1459 πνοὴν
2333 1389 2495 1461 ζωῆς,
2526 1390 2632 1442 οὐδ’
2670 1392 2749 1443 ὅτι
2775 1391 2884 1460 (49)
2913 1390 3135 1460 Πνεῦμα
3172 1393 3343 1459 ἅγιον,
3375 1392 3450 1455 ὡς
3486 1391 3579 1443 ἐπὶ
3606 1390 3699 1442 τοῦ

2142 1479 2311 1548 Ἀδὰμ
2341 1480 2767 1549 ἀναγέγραπται,
2801 1482 2882 1533 ὅτι
2934 1481 3263 1551 ἐνεφύσησεν
3304 1482 3332 1534 6
3371 1481 3504 1544 Θεὸς
3524 1483 3605 1543 εις
3642 1480 3702 1533 τὸ

2130 1569 2413 1639 πρόσωπον
2446 1571 2608 1623 αὐτοῦ
2647 1572 2757 1640 (50)
2810 1572 2974 1643 πνοὴν
3023 1570 3185 1643 ζωῆς,
3240 1571 3353 1625 ἀλλ’
3387 1572 3703 1643 ἐμφυσῆσαι

2133 1662 2227 1730 μὲν
2282 1662 2492 1732 εἴρηται
2536 1659 2816 1733 πρότερον,
2857 1663 3046 1717 ἔπειτα
3085 1644 3274 1725 εἰπεῖν,
3322 1660 3544 1717 Λάϐετε
3589 1663 3699 1733 (51)

2129 1756 2367 1824 Πνεῦμα
2394 1756 2590 1826 ἅγιον·
2630 1757 2689 1809 τὸ
2716 1758 2772 1810 δὲ
2804 1758 2997 1810 διδόναι
3026 1757 3183 1809 αὑτὸν
3207 1758 3266 1810 τὸ
3291 1758 3511 1828 Πνεῦμα
3543 1757 3700 1810 πάλιν

2128 1845 2309 1917 ἕτερον
2331 1848 2490 1900 αὐτὸν
2514 1849 2747 1919 παρίστη
2778 1847 2868 1900 τοῦ
2895 1847 3184 1919 διδομένου.
3225 1848 3333 1917 (52)
3361 1850 3473 1901 Οὐκ
3504 1848 3569 1901 ἂν
3593 1848 3703 1918 γὰρ

463 1948 549 1994 tus
580 1936 1089 1999 mundilicatorium,
1118 1946 1175 1988 ut
1202 1935 1335 2000 disi,
1373 1934 1735 2003 apostolorum
1758 1948 1770 1985 :
1792 1943 1885 1988 aut
1914 1934 2021 1987 sal-

2127 1935 2153 1986 6
2190 1935 2351 1998 αὐτὸς
2401 1931 2469 2006 ἦν
2524 1939 2551 1988 6
2600 1937 2793 2001 διδοὺς,
2820 1938 2911 1990 καὶ
2960 1938 3021 1989 τὸ
3050 1938 3340 2007 διδόμενον·
3372 1938 3489 1991 ἀλλ’
3529 1941 3557 1991 ὁ
3606 1940 3703 2009 μὲν

464 2039 569 2081 tem
620 2029 952 2097 operativum
1010 2025 1513 2080 communicationis
1558 2023 1787 2090 Spiritus
1823 2026 2017 2090 sancti,

460 2133 585 2174 nam
620 2118 827 2172 ntrovis
857 2117 1013 2170 modo
1041 2117 1213 2185 possis
1252 2114 1617 2183 interpretari.
1650 2115 1754 2168 Sed
1784 2114 1904 2168 liinc
1930 2131 2022 2183 ap-

458 2218 613 2281 paret
672 2209 831 2261 alinm
866 2207 933 2261 ab
970 2190 1060 2260 illo
1086 2220 1203 2260 esse
1231 2214 1475 2259 sanctum
1518 2204 1778 2272 Spiritum
1805 2215 1819 2257 ':
1848 2206 1935 2257 ubi
1971 2215 2024 2259 et

462 2302 513 2355 in
537 2299 760 2369 adjectis
786 2309 966 2367 postea
1024 2297 1280 2351 scribitur
1306 2314 1319 2347 :
1347 2294 1407 2349 Si
1437 2300 1553 2365 quis
1583 2312 1663 2349 me
1688 2296 1879 2366 diligit,
1916 2312 2023 2351 ser-

461 2388 595 2443 vabit
626 2404 767 2442 meos
799 2402 1079 2440 sermones.
1121 2385 1188 2439 Et
1224 2384 1385 2438 Pater
1422 2402 1562 2439 meus
1603 2387 1779 2455 diliget
1810 2404 1945 2448 eum.
1975 2396 2024 2440 et

461 2482 530 2535 ad
562 2480 708 2534 illum
740 2480 1020 2541 veniemus.
1052 2487 1099 2531 et
1136 2479 1455 2532 mansionem
1487 2480 1627 2546 apud
1671 2478 1817 2531 illum
1862 2479 2025 2549 facie.

461 2588 577 2637 mus
602 2572 668 2625 ⁷ο.
706 2570 910 2638 Quibus
962 2568 1062 2623 ista
1110 2568 1378 2622 subnectit
1415 2584 1429 2621 :
1462 2567 1688 2622 Locutus
1723 2587 1834 2623 sum
1863 2572 2025 2637 vobis,

461 2662 601 2731 apud
632 2676 718 2715 vos
767 2675 1002 2722 manens,
1043 2657 1133 2711 sed
1168 2656 1477 2711 Paracletus
1513 2658 1601 2712 ille
1640 2658 1871 2728 Spiritus
1906 2676 2026 2714 san-

460 2760 594 2815 ctus,
623 2766 774 2821 quem
800 2749 1051 2802 missurus
1070 2756 1144 2801 est
1176 2744 1335 2801 Pater
1360 2749 1412 2801 in
1440 2750 1645 2803 nomine
1667 2766 1799 2816 meo,
1827 2750 1915 2806 ille
1938 2768 2025 2807 vos

2125 2024 2377 2094 παρέχων
2402 2021 2468 2096 ἦν
2496 2028 2523 2079 6
2574 2026 2784 2097 Σωτὴρ,
2816 2028 2925 2097 (55)
2956 2028 3016 2079 τὸ
3046 2028 3103 2081 δὲ
3131 2028 3401 2098 διδόμενον
3449 2028 3512 2080 τὺ
3548 2030 3701 2097 ἅγιον

2124 2115 2367 2185 Πνεῦμα,
2410 2120 2457 2170 οἱ
2490 2117 2546 2170 δὲ
2579 2117 2943 2188 λαμϐάνοντες
2988 2120 3037 2171 οἱ
3068 2119 3372 2182 ἀπόστολοι,
3416 2118 3476 2172 τὸ
3513 2119 3571 2172 δὲ
3605 2120 3703 2189 ἐμ-

2124 2207 2349 2280 φύσημα
2380 2208 2727 2280 καθαρτικὸν,
2756 2210 2830 2273 ὡς
2862 2210 3019 2280 ἔφην,
3045 2211 3151 2264 τῶν
3182 2211 3515 2275 ἀποστόλων,
3550 2211 3585 2281 ἢ
3610 2214 3702 2264 καί

2124 2299 2469 2368 ἐνεργητικὸν
2519 2300 2617 2370 τῆς
2660 2300 2996 2370 μεταδόσεως
3036 2300 3127 2354 τοῦ
3180 2302 3332 2369 ἁγίου
3365 2302 3699 2373 Πνεύματος,

2125 2388 2399 2461 ἑκατέρως
2431 2390 2538 2461 γὰρ
2567 2394 2705 2445 νοεῖν
2731 2391 2972 2445 δυνατόν.
3003 2392 3149 2463 Πλὴν
3176 2393 3239 2446 ὲκ
3259 2392 3465 2447 τούτων
3487 2394 3700 2447 δεξκνυ-

2123 2499 2212 2535 ται
2243 2482 2427 2553 ἕτερον
2454 2483 2694 2555 ὑπάρχον
2724 2484 2853 2557 παρ’
2881 2484 3040 2537 αὐτὸν
3067 2484 3129 2537 τὸ
3161 2485 3313 2553 ἅγιον
3347 2486 3595 2556 Πνεῦμα,
3629 2487 3703 2550 ὡς

2125 2574 2219 2625 καὶ
2240 2571 2327 2625 διὰ
2349 2573 2453 2626 τῶν
2470 2574 2897 2646 ἐπιφερομένων,
2916 2575 2981 2628 δι’
3000 2571 3072 2629 ὧν
3104 2575 3262 2627 πάλιν
3290 2577 3700 2648 ἀναγέγραπται

2128 2668 2326 2738 φήσας,
2367 2665 2501 2720 Ἐάν
2544 2685 2634 2734 τις
2672 2666 2874 2736 ἀγαπᾷ
2907 2684 3002 2737 με,
3027 2667 3133 2721 τὸν
3159 2669 3345 2737 λόγον
3375 2686 3496 2738 μου
3528 2669 3702 2737 mpsi-

2126 2770 2243 2820 σει,
2278 2759 2376 2813 καὶ
2421 2761 2453 2813 6
2480 2758 2678 2827 Πατήρ
2702 2778 2821 2828 μου
2854 2760 3150 2829 ἀγαπήσει
3180 2761 3396 2822 αὑτὸν,
3427 2761 3527 2815 καὶ
3556 2762 3699 2830 πρὸς

462 2842 660 2897 docebit
705 2843 902 2902 omnia,
949 2849 999 2893 et
1046 2849 1275 2908 suggeret
1316 2840 1457 2895 vobis
1486 2843 1655 2894 omnia
1686 2857 1803 2912 qua:
1824 2842 2023 2897 locutus

2127 2855 2311 2908 αὐτὸν
2341 2854 2728 2921 ἐλευσόμεθα,
2756 2852 2851 2906 καὶ
2876 2853 3077 2922 μονὴν
3105 2855 3239 2923 παρ’
3262 2852 3421 2919 αὐτῷ
3453 2854 3701 2921 ποιησόυ

460 2950 575 2989 sum
626 2932 855 2988 vobis“.
911 2936 971 2995 >11
1015 2930 1182 2984 Audis
1215 2940 1272 2985 ut
1316 2930 1368 2984 in
1402 2946 1626 2987 numero
1669 2933 2023 2988 multitudinis

2127 2949 2290 3014 μεθα.
2352 2939 2446 3008 Οἷς
2484 2943 2767 3016 ἐπιφέρει*
2805 2943 2993 2998 Ταῦτα
3033 2944 3343 3012 λελάληκα
3378 2944 3523 3013 ὑμῖν
3571 2941 3701 3015 παρ’

461 3026 731 3094 loquatur,
752 3019 1017 3076 Veniemus
1042 3029 1088 3072 et
1107 3022 1426 3075 mansionem
1445 3023 1583 3092 apud
1606 3040 1720 3077 eum
1751 3024 2023 3092 faciemus,

2127 3035 2268 3105 ὑμῖν
2284 3035 2500 3106 μένων,
2529 3037 2561 3088 6
2576 3034 2643 3088 δὲ
2666 3034 3042 3104 Παράκλητος
3072 3036 3137 3088 τὸ
3157 3036 3395 3106 Πνεῦμα
3420 3037 3487 3091 τὸ
3512 3038 3699 3108 ἅγιον,

463 3117 527 3166 de
559 3126 617 3166 se
667 3112 768 3166 line
819 3110 1026 3165 locutus
1079 3120 1133 3166 et
1170 3111 1238 3165 de
1270 3111 1449 3168 Patre.
1490 3113 1566 3168 De
1597 3114 1800 3182 Spiritu
1849 3125 2023 3169 autem

2128 3128 2161 3182 6
2192 3129 2414 3198 πέμψει
2454 3129 2485 3181 6
2511 3126 2712 3196 Πατήρ
2747 3146 2867 3197 μου
2900 3128 2969 3182 ἐν
3002 3127 3081 3195 τῷ
3116 3130 3358 3199 ὀνόματί
3376 3148 3518 3199 μου,
3552 3130 3701 3184 exsi-

463 3212 675 3267 sancto,
717 3213 964 3271 tanquam
1006 3202 1072 3254 de
1113 3201 1218 3255 alio
1264 3200 1521 3271 loquitur,
1568 3201 1664 3258 Ille
1704 3221 1790 3258 ros
1827 3205 2023 3259 docebit

2130 3237 2236 3288 νος
2296 3218 2453 3290 ὑμᾶς
2503 3219 2727 3284 διδάξει
2786 3218 2980 3272 πάντα
3034 3220 3131 3273 καὶ
3180 3221 3517 3290 ὑπομνήσει
3552 3221 3703 3291 ὑμᾶς

464 3296 656 3349 omnia.
702 3293 846 3348 Talis
881 3294 1019 3346 modi
1068 3306 1122 3348 et
1186 3293 1316 3348 illud
1341 3303 1457 3347 erat
1498 3312 1511 3348 :
1550 3293 1762 3366 Rogabo
1791 3293 2023 3365 Patrem,

2131 3312 2325 3367 πάντα
2356 3312 2471 3366 ὅσα
2496 3308 2669 3366 εἷπον
2691 3311 2849 3381 ὑμῖν.
2901 3312 3140 3376 Ἀκούεις
3181 3314 3327 3375 ὅπως
3359 3313 3706 3383 πληθυντικῷ

462 3396 509 3439 ct
539 3387 703 3439 alium
735 3384 1066 3439 l’ararletum
1102 3386 1243 3439 dabit
1277 3386 1438 3449 vobis,
1475 3398 1527 3438 ut
1573 3387 1615 3440 is
1661 3388 1730 3439 sit
1768 3388 2028 3442 vobiscum

460 3478 516 3531 in
541 3486 813 3538 a'ternum,
842 3476 1092 3544 Spiritum
1145 3477 1394 3531 veritatis.
1434 3477 1743 3533 Paraclctns
1776 3479 1935 3548 igitur
1963 3480 2031 3533 ab

464 3571 580 3636 ipso
608 3580 724 3623 erat
753 3570 907 3622 alius.
946 3568 1078 3623 Nam
1114 3569 1179 3622 de
1200 3583 1264 3622 eo
1292 3567 1529 3636 loquitur
1556 3569 1620 3622 ad
1655 3571 1798 3623 hunc
1829 3570 2027 3624 dictum

464 3662 701 3714 modum.
735 3658 861 3712 Jnre
901 3658 1104 3725 optimo
1132 3658 1293 3726 igitur
1320 3658 1544 3717 addidit.
1591 3668 1645 3712 ct
1678 3660 1775 3712 ista
1812 3660 2027 3714 dicens:

464 3750 594 3803 Πιιέ
620 3750 760 3802 vobis
791 3749 991 3801 locutus
1013 3764 1124 3801 sum
1151 3748 1322 3800 adhuc
1346 3763 1556 3800 manens
1588 3749 1846 3801 vobiscum
1872 3764 1889 3801 :
1920 3747 2027 3801 Pa-

463 3842 691 3893 racletus
722 3850 891 3891 autem
919 3838 1007 3891 itte
1030 3853 1207 3904 nempe
1227 3834 1457 3904 Spiritus
1485 3819 1717 3898 saucius.
1740 3855 1891 3907 quem
1920 3837 2028 3891 Pa-

465 3941 544 3986 ter
573 3931 734 3984 mittet
785 3930 839 3981 in
866 3928 1072 3981 nomine
1109 3943 1240 3993 meo,
1276 3926 1364 3979 ille
1390 3944 1477 3980 vos
1515 3928 1711 3981 docebit
1751 3929 1947 3991 omnia,
1979 3937 2027 3981 et

463 4034 696 4093 suggeret
742 4022 885 4074 vobis
921 4020 1115 4083 omnia,
1160 4034 1477 4088 quiscunque
1524 4035 1615 4087 ego
1652 4019 1854 4073 locutus
1891 4038 2025 4075 sum.

463 4116 573 4185 Ego
601 4115 765 4175 eiiim,
800 4113 990 4183 inquit,
1024 4114 1282 4167 hactenus
1310 4113 1410 4166 ista
1454 4111 1605 4165 vobis
1645 4112 1856 4167 locutus
1888 4128 2025 4178 suun,

462 4216 515 4259 at
548 4206 780 4274 Spiritus
812 4205 898 4259 ille
930 4204 1172 4258 veritatis
1211 4218 1368 4272 quem
1429 4204 1690 4257 missurus
1736 4213 1818 4258 est
1849 4203 2025 4269 Pater,

462 4298 508 4352 is
540 4313 632 4350 vos
669 4307 777 4350 tum
808 4296 1020 4350 docebit
1066 4295 1150 4349 illa
1182 4294 1359 4348 omnia
1401 4308 1519 4362 quae
1573 4310 1714 4350 nunc
1750 4311 1855 4350 non
1887 4298 2027 4351 didi-

460 4389 631 4451 cistis,
688 4399 965 4458 propterea
1007 4387 1147 4455 quod
1181 4387 1631 4455 comprehendere
1664 4402 1724 4440 ea
1773 4404 1877 4442 non
1907 4404 2026 4458 pos-

460 4480 601 4533 sitis.
637 4479 724 4531 Ille
766 4494 885 4533 cum
927 4477 1153 4540 venerit,
1184 4476 1511 4530 'Paracletus
1561 4478 1799 4545 inquam,
1853 4480 2026 4533 adim-

460 4588 626 4658 plebit
657 4587 976 4647 doctrinam.
1005 4586 1055 4638 in
1092 4585 1401 4638 memoriam
1427 4583 1577 4638 vobis
1607 4600 1707 4639 una
1746 4601 2023 4648 revocans,

2130 3404 2392 3475 κέχρηται
2418 3404 2603 3474 τρόπῳ
2636 3403 2745 3472 (54)
2790 3401 2871 3465 τὸ,
2910 3403 3326 3472 Ἐλευσόμεθα,
3380 3402 3479 3455 καὶ
3502 3403 3700 3472 μον-ἠν

2130 3495 2263 3562 παρ’
2284 3492 2442 3557 αὐτῷ
2465 3495 2850 3561 ποιησόμεθα,
2890 3494 3015 3564 περὶ
3045 3493 3206 3546 αὐτοῦ
3238 3494 3333 3546 κα)⁸
3362 3494 3453 3546 τοῦ
3492 3495 3704 3564 Πατρῖις

2130 3588 2327 3655 φήσας,
2362 3586 2457 3638 καὶ
2491 3584 2565 3647 ὼς
2592 3585 2719 3657 περὶ
2748 3584 2841 3637 τοῦ
2872 3585 3025 3652 ἁγίου
3060 3584 3374 3653 Πνεύματος
3416 3584 3702 3649 διαλαλῶν,

2130 3678 2205 3740 ὡς
2252 3676 2381 3747 περὶ
2432 3676 2619 3746 ἐτέρου
2663 3675 2817 3743 ἔλεγε
2867 3675 2947 3739 τὸ,
2995 3673 3246 3739 Ἐκεῖνος
3285 3672 3439 3742 ὑμᾶς
3479 3673 3700 3737 διδάξει

2129 3768 2343 3821 πάντα.
2377 3767 2629 3820 Τοιοῦτον
2663 3767 2718 3819 δὲ
2745 3762 2815 3837 ἦν
2860 3767 2951 3818 καὶ
2983 3765 3063 3829 τὸ,
3107 3765 3253 3834 Ἐγὼ
3284 3762 3564 3831 ἐρωτήσω
3601 3764 3705 3816 τὸν

2130 3858 2359 3927 Πατέρα
2378 3857 2474 3911 καὶ
2488 3854 3080 3922 ἄλλονΠαράκλητον
3095 3853 3269 3907 δώσει
3284 3852 3444 3922 ὑμῖν,
3460 3854 3561 3905 ἵνα
3575 3851 3701 3921 μεθ’

2128 3950 2297 4021 ὑμῶν
2325 3947 2363 4020 ἧ
2394 3953 2480 4015 εὶς
2515 3949 2623 4002 τὸν
2658 3947 2857 4011 αἰῶνα,
2895 3948 2959 4000 τὸ
2988 3946 3227 4015 Πνεῦμα
3258 3947 3366 4013 τῆς
3394 3947 3697 4012 ἀληθείας.

2130 4043 2337 4098 Οὐκοῦν
2360 4044 2544 4113 ἕτερος
2575 4037 2642 4112 ἦν
2677 4040 2804 4111 παρ’
2840 4039 3000 4093 αὑτὸν
3025 4041 3052 4091 6
3085 4037 3457 4110 Παράκλητος,
3491 4038 3617 4107 περὶ
3641 4027 3701 4089 οὗ

2127 4136 2197 4190 τὰ
2234 4135 2468 4189 τοσαῦτα
2490 4133 2782 4185 ἐδίδασκεν.
2816 4131 3054 4193 Εἰκότως
3086 4127 3178 4183 οὖν
3204 4126 3358 4192 αὖθις
3394 4130 3699 4200 προσετίθει

2128 4229 2331 4297 λέγων·
2354 4227 2543 4281 Ταῦτα
2558 4225 2868 4290 λελάληκα
2903 4223 3043 4292 ὑμῖν
3078 4225 3213 4289 παρ’
3249 4221 3391 4291 ὑμῖν
3417 4221 3636 4290 μένων.
3667 4224 3699 4273 ὁ

2128 4320 2195 4372 δὲ
2233 4318 2640 4387 Παράιλ-ητος,
2683 4315 2746 4368 τὸ
2783 4315 3026 4383 Πνεῦμα
3068 4314 3133 4367 τὸ
3170 4312 3696 4383 ἄγιον,ὃπέμψειό

2128 4409 2330 4478 Πατήρ
2344 4427 2463 4478 μου
2480 4409 2548 4461 ἐν
2564 4406 2642 4471 τῷ
2662 4408 2905 4476 ὀνόματι
2913 4425 3053 4476 μου,
3070 4404 3297 4469 ἐκεῖνος
3310 4403 3463 4473 ὑμᾶς
3477 4402 3695 4467 διδάξει

2128 4502 2342 4563 πάντα,
2387 4502 2484 4553 καὶ
2534 4499 2872 4568 ὑπομνήσει
2933 4497 3089 4565 ὑμᾶς
3136 4495 3329 4549 πάντα
3354 4496 3469 4548 ὅσα
3505 4491 3693 4548 εἶπον.

2145 4588 2286 4658 Ἐγὼ
2322 4590 2417 4658 μὲν
2445 4589 2552 4660 γὰρ
2580 4588 2714 4649 τέως
2738 4586 2889 4639 ταῦθ’
2915 4588 3041 4656 ὑμῖν
3062 4585 3351 4656 λελάληκα,
3386 4584 3541 4655 φησι.
3569 4584 3695 4637 τὸδὲ

460 4697 579 4753 quae
609 4695 752 4734 nunc
779 4695 806 4731 a
830 4693 913 4732 me
936 4679 1203 4731 dicuntur.
1227 4693 1245 4727 ι
1271 4674 1334 4729 Ει
1357 4675 1469 4745 ipse
1494 4690 1650 4744 quem
1679 4692 1777 4745 ego
1798 4679 2020 4742 mittam,

2133 4647 2355 4750 Πνεῦμα
2416 4647 2531 4749 τῆξ
2574 4647 2846 4749 ἀληθείας,
2889 4678 2916 4731 ὃ
2953 4647 3051 4731 διαὶ
3073 4678 3204 4730 αὐτὸ
3226 4647 3480 4747 πέμψειό
3509 4677 3699 4745 Πατήρ

462 4775 532 4828 ita
570 4769 854 4833 subinlert,
905 4768 1218 4821 Paracletus
1247 4782 1276 4819 a
1308 4765 1466 4820 Patre
1518 4767 1910 4836 iucn,Spiritus
1945 4771 2023 4823 ni-

460 4867 652 4917 mirum
684 4861 772 4915 ille
791 4859 1053 4921 veritatis,
1082 4874 1239 4927 quem
1262 4872 1359 4926 ego
1384 4859 1590 4912 mittam
1612 4859 1761 4913 vobis
1787 4874 1817 4913 a
1841 4856 2022 4925 Patre,

457 4956 547 5024 qui
579 4970 606 5005 ιι
640 4953 794 5006 Patre
821 4950 1113 5019 egreditur,
1147 4946 1231 5000 ille
1258 4948 1552 5015 perbibebit
1580 4953 1646 5003 de
1671 4965 1754 5004 me
1789 4954 2025 5005 testimo-

460 5048 660 5096 Itium.)
687 5044 741 5096 ln
772 5044 968 5113 quibus
994 5038 1269 5100 omnibus,
1298 5038 1345 5089 id
1375 5050 1563 5105 aperte
1592 5041 1851 5106 declarat,
1875 5042 2021 5095 illum

460 5152 616 5202 quem
650 5137 910 5190 missurus
939 5142 1077 5193 erat,
1110 5138 1164 5182 et
1191 5128 1279 5196 qui
1304 5127 1367 5217 de
1391 5128 1505 5197 ipso
1533 5130 1891 5185 testimonium
1913 5146 2026 5201 per-

430 5368 434 5373 .
531 5328 587 5386 »14
623 5321 717 5374 Ed.
752 5320 949 5383 Paris.,
980 5334 1101 5389 pag.
1157 5320 1277 5374 l7l.
1307 5321 1351 5351 “
1372 5319 1527 5374 Joan.
1561 5336 1668 5383 xw,
1702 5319 1883 5373 lii-l7.

532 5546 640 5611 (i8)
673 5544 838 5615 Vulgo
874 5542 1247 5615 ἀποσκευάζον
1282 5551 1334 5596 et
1361 5558 1479 5597 mox
1516 5542 1806 5615 ἀποδοχῆς.

531 5610 641 5681 (49⁷)
669 5610 799 5667 Ὄτῖ
818 5613 1056 5681 Πνεῦμα
1083 5612 1270 5682 ἅγιον,
1302 5628 1399 5664 νοτ
1432 5614 1583 5681 ἅγιον
1613 5610 1714 5667 Ιιίιῖ
1733 5610 1899 5665 redun
1918 5610 2015 5663 lat.

461 5686 719 5751 Spiritum
757 5685 898 5736 enim
930 5696 1070 5747 vitm,
1096 5700 1198 5736 non
1235 5683 1494 5745 Spiritum
1518 5693 1761 5737 sanctum
1788 5682 2019 5751 inspira-

461 5749 537 5809 vit
570 5754 707 5806 Deus
739 5755 790 5805 in
818 5752 1009 5806 faciem
1042 5752 1253 5805 Adami.
1274 5751 1610 5809 M.—Addidi
1639 5749 2021 5815 θοοα.ἐόειξε.

537 5824 642 5893 l3")
671 5823 839 5893 Vulso
865 5820 1104 5893 Πνεῦμαε

540 5890 645 5961 (Si)
674 5892 842 5959 Vulgo
867 5892 925 5942 τὸ
950 5892 1044 5941 Πν.
1068 5890 1126 5941 τὸ
1157 5891 1326 5959 ἅγιον.

2132 4789 2252 4841 μου,
2309 4771 2483 4825 πάντα
2530 4774 2674 4841 ὑμᾶς
2705 4770 2920 4835 διδάξει,
2963 4771 3063 4823 ὃσα
3104 4769 3198 4822 νῦν
3251 4770 3309 4821 οὐ
3347 4767 3697 4839 μεμαθήκατε

2127 4863 2213 4917 διὰ
2254 4865 2312 4916 τὸ
2339 4864 2411 4934 μὴ
2440 4867 2636 4933 χωρεῖν
2663 4866 2823 4933 ὑμᾶς.
2858 4862 2996 4916 Ἀλλ’
3027 4865 3231 4924 ἐκεῖνος
3263 4860 3449 4921 ἐλθὼν,
3476 4859 3619 4926 λέγω
3644 4858 3697 4911 δὲ

2124 4956 2153 5007 ὁ
2195 4954 2571 5025 Παράκλητος,
2611 4955 2992 5025 ἀναπληρώσει
3021 4955 3118 5021 τὴν
3162 4952 3528 5010 διδασκαλίαν,
3564 4948 3699 5020 μετά

2130 5046 2223 5098 τοῦ
2269 5048 2364 5099 καὶ
2409 5048 2517 5101 τῶν
2550 5048 2643 5100 νῦν
2677 5048 2980 5117 λεγομένων
3022 5048 3112 5099 ὑπ’
3144 5045 3274 5115 ἐμοῦ
3318 5045 3533 5114 μνήμην
3572 5042 3699 5111 ὑμῖν

2130 5134 2239 5207 (’55)
2275 5140 2589 5210 ἐμποιῆσαι.
2626 5140 2734 5191 Καὶ
2760 5135 2913 5201 αὖθις
2938 5139 3154 5206 ἐπάγει·
3187 5155 3205 5187 t
3237 5137 3401 5188 Ὅταν
3428 5134 3481 5186 δὲ
3513 5131 3642 5205 ἔλθῃ
3666 5131 3697 5186 ὁ

1983 5320 2027 5350 ⁸⁸
2051 5318 2209 5373 Joan.
2234 5331 2327 5380 xx,
2352 5313 2441 5367 22.
2516 5313 2563 5345 '°
2583 5312 2736 5367 Joan.
2768 5328 2878 5379 xiv,
2904 5313 2994 5367 ‘23.
3072 5312 3115 5343 τί
3155 5309 3287 5365 ibid.
3313 5307 3405 5375 ‘25,
3431 5307 3523 5361 26.

2191 5538 2305 5611 (ΒΞ)
2333 5538 2500 5611 Vulgo
2532 5534 2729 5611 obnoﬁv
2755 5536 2855 5611 οὐκ
2884 5535 3067 5611 αὐτὸς.

2194 5596 2305 5678 (53)
2341 5596 2504 5676 vulgo
2528 5607 2588 5660 τὸ
2617 5606 2806 5678 δὲνδιδ.
2845 5606 2997 5678 «.16
3030 5596 3121 5672 ἆγ.
3153 5613 3209 5658 et
3242 5616 3363 5656 mox
3394 5596 3695 5670 ἑκατέρων,

2125 5676 2261 5738 inira
2288 5676 2456 5745 'vulgo
2478 5693 2587 5730 om.
2617 5677 2708 5728 καὶ
2731 5677 2930 5746 ὑπομν.
2962 5676 3013 5728 ὑ.
3052 5693 3110 5727 π.

2198 5750 2308 5819 (54)
2336 5743 2504 5819 Vulgo
2523 5748 2607 5803 τό,
2642 5758 2692 5797 et
2728 5743 2863 5799 intra
2897 5746 2970 5819 τὸΔ
2992 5743 3271 5819 ἐρωτήσω.

2350 5810 2518 5889 Vulgo
2546 5818 2853 5887 ἐμποιήσας
2881 5826 2933 5871 et
2960 5810 3096 5869 inira
3130 5810 3340 5882 βλέπει.
