3956 6522
296 388 451 448 1009

1235 393 1322 446 DE
1367 392 1902 450 ECCLESIASTICA
1943 389 2335 448 THEOLOGIA
2373 387 2496 442 LIB.
2544 387 2621 444 Ill.

3415 377 3552 441 1010

294 525 316 558 ι
366 504 740 575 Παράκλητος,
762 504 819 558 ὃν
837 506 946 572 ἐγὼ
978 505 1176 576 πέμψω
1202 507 1328 577 ὑμῖν
1347 507 1494 577 παρὰ
1521 505 1615 560 τοῦ
1647 508 1874 579 Πατρὸς,

1988 505 2254 561 ιιὶιιίιιιτιις
2296 513 2434 569 eral,
2482 505 2645 558 alium
2695 509 2749 556 et
2804 499 3116 555 distittclum
3170 500 3238 555 ab
3268 501 3380 569 ipso
3407 517 3548 557 esse.

295 617 314 647 ι
358 597 424 649 τὸ
459 594 684 666 Πνεῦμα
716 595 818 664 τῆς
856 596 1131 667 ἀληθείας,
1162 597 1190 649 ὃ
1223 597 1372 668 παρὰ
1414 597 1508 650 τοῦ
1544 599 1754 670 Πατρδς
1791 601 1880 655 ἐκ·

295 707 316 738 e
357 687 668 756 πορεύεται,
703 689 908 752 ἐκεῖνος
940 690 1275 760 μαρτυρήσει
1302 692 1429 760 περὶ
1463 690 1620 760 ἐμοῦ,
1661 710 1678 742 ι
1707 690 1772 742 δι’
1806 685 1880 743 ὧν

286 778 556 830 ἁπάντων
600 776 785 846 σαφῶς
832 778 1158 848 παρίστησιν
1197 781 1401 831 ἐκεῖνον
1449 777 1538 830 τὸν
1579 778 1670 832 ὑπ’
1714 778 1878 831 αὑτοῦ

286 869 671 939 πεμπόμενον,
705 869 798 921 καὶ
825 869 916 920 τὸν
949 869 1208 938 μέλλοντα
1239 871 1366 942 περὶ
1393 870 1558 924 αὐτοῦ
1585 873 1880 942 μαρτυρεῖν

285 961 484 1030 ἕτερον
519 954 658 1012 εἶναι
695 961 820 1028 παρ’
843 959 1050 1012 ἑαυτόν.
1093 960 1544 1032 Ἐπεξεργάζεται
1575 962 1631 1014 δέ
1668 963 1759 1014 τὸν
1791 963 1880 1016 λό-

281 1063 390 1114 γον
424 1048 505 1100 ἔτι
534 1048 752 1116 μᾶλλον,
790 1051 884 1101 καὶ
915 1049 982 1101 δι’
1008 1043 1082 1102 ὧν
1128 1051 1388 1118 ἐπιλέγει,
1430 1051 1543 1104 ἀλλ’
1585 1051 1732 1120 Ἐγὼ
1766 1051 1880 1119 τὴν

281 1139 587 1204 ἀλήθειαν
611 1140 766 1208 λέγω
800 1140 960 1208 ὑμῖν,
991 1141 1277 1210 συμφέρει
1312 1141 1453 1211 ὑμῖν
1486 1143 1586 1196 ἵνα
1620 1143 1734 1212 ἐγὼ
1765 1144 1879 1196 ἀπ-

282 1230 468 1296 έλθω,
501 1231 609 1284 ἐὰν
637 1232 744 1300 γὰρ
771 1231 856 1300 μὴ
883 1231 1141 1294 ἀπέλθω,
1167 1235 1198 1286 6
1227 1233 1616 1302 Παράκλητος
1648 1237 1757 1287 οὐκ
1783 1235 1877 1302 ἔρ-

284 1339 460 1391 χεται
482 1323 629 1389 πρὸς
660 1320 830 1391 ὑμᾶς.
882 1324 1022 1375 Ἐὰν
1047 1323 1115 1374 δὲ
1136 1323 1424 1392 πεκρευοῶ,
1458 1324 1670 1394 πέμψω
1695 1324 1881 1381 αὐτὸν·

283 1413 447 1480 πρὸς
472 1412 645 1482 ὑμᾶς.
697 1414 974 1466 Ἀπελθεῖν
999 1414 1053 1466 δὲ
1085 1416 1275 1469 ἑαυτὸν
1298 1415 1469 1482 λέγων
1507 1416 1564 1467 ἐν
1587 1416 1796 1478 τούτοις
1820 1433 1876 1468 τε

282 1505 351 1557 τὸ
396 1505 568 1568 πάθος
614 1505 804 1558 ἐαυτοῦ
835 1507 1094 1575 ἐσήμαινε
1135 1509 1228 1559 καὶ
1259 1507 1353 1578 τὴν
1388 1507 1524 1576 μετὰ
1552 1507 1712 1560 τοῦτο
1744 1509 1879 1578 πρὸς

283 1595 383 1648 τὸν
424 1597 640 1667 Πατέρα
677 1596 878 1650 ἄνοδον.
913 1597 1008 1658 Τίς
1039 1595 1133 1651 οὖν
1167 1598 1338 1662 οὕτως
1371 1599 1593 1668 ἠλίθιος,
1631 1599 1706 1662 ὼς
1742 1599 1878 1668 μετὰ

280 1689 562 1744 τοσαύτας
596 1690 778 1759 φωνὰς
815 1690 911 1742 ἕνα
947 1689 1040 1742 καὶ
1073 1689 1164 1742 τὸν
1199 1690 1358 1742 αὑτὸν
1390 1687 1528 1743 εῖναι
1556 1692 1740 1760 φάναι.
1774 1691 1877 1742 Τὸν

281 1779 467 1832 ταῦτα
497 1781 722 1849 λέγοντα
745 1782 838 1834 καὶ
865 1780 954 1833 τὸν
986 1781 1112 1851 περὶ
1133 1774 1193 1834 οὗ
1225 1781 1374 1834 ταῦτ’
1405 1782 1608 1850 ἔλεγεν,
1661 1781 1875 1834 ἀκούων

282 1871 462 1924 αὐτοῦ
497 1872 680 1941 σαφῶς
712 1873 1080 1943 διοριζομένου
1105 1873 1199 1945 τὴν
1223 1873 1479 1944 ἀλήθειαν
1505 1873 1753 1943 φάσκειν,
1783 1874 1876 1926 καὶ
1909 1859 1947 1912 Β

281 1961 374 2024 τίς
415 1963 447 2031 ἡ
475 1962 698 2032 ἀλήθεια
730 1963 1098 2034 παριστῶντος
1139 1965 1213 2028 ὡς
1241 1967 1288 2018 εἰ
1328 1965 1401 2034 μὴ
1432 1964 1658 2018 ἁπέλθοι
1690 1965 1872 2028 αὐτὸς,

286 2053 369 2125 μὴ
400 2054 466 2107 ἂν
509 2056 636 2108 ποτὲ
665 2056 804 2122 ἕξειν
837 2057 897 2110 τὸ
937 2056 1090 2124 ἆγιον
1138 2058 1380 2128 Πνεῦμα.
1420 2059 1483 2111 El
1521 2058 1576 2111 δέ
1619 2075 1748 2112 ποτε
1778 2060 1875 2130 μὲν

281 2146 382 2200 τὸν
439 2148 657 2218 Πατέρα
701 2148 936 2220 πέμψειν
978 2150 1036 2203 τὸ
1086 2149 1307 2219 Πνεῦμα
1347 2149 1408 2203 τὺ
1450 2151 1623 2218 ἅγιον,
1657 2149 1786 2208 ποτὲ
1819 2150 1874 2207 δὲ

283 2238 486 2291 ἑαυτὸν
513 2239 820 2312 διορίζεται,
843 2243 942 2295 οὐκ
963 2243 1176 2296 ἐναντία
1201 2241 1435 2313 δήπουθε
1457 2242 1714 2296 διδάσκειο
1741 2244 1876 2301 πάν-

283 2346 358 2382 τα
412 2330 522 2401 γὰρ
560 2333 658 2386 ὅσα
701 2333 767 2386 ἂν
802 2334 971 2406 βλέπῃ
1002 2334 1091 2388 τὸν
1124 2333 1341 2405 Πατέρα
1384 2333 1660 2398 ποιοῦντα,
1703 2334 1878 2391 ταῦτα

283 2423 494 2490 ὁμοίως
529 2425 620 2476 καὶ
660 2427 687 2477 6
721 2426 847 2488 Υἱὸς
878 2429 1047 2479 ποιεῖ·
1090 2427 1182 2478 καὶ
1217 2424 1398 2488 καθὼς
1427 2425 1636 2489 ἀκούει,
1681 2425 1872 2498 κρίνει.

287 2515 410 2586 (56)
437 2518 528 2569 Διὸ
555 2520 618 2588 τῇ
641 2517 734 2570 τοῦ
758 2518 965 2589 Πατρὸς
996 2519 1191 2590 κρίσει,
1214 2518 1300 2570 ὅτε
1324 2518 1418 2570 καὶ
1444 2516 1688 2587 βούλεται
1716 2519 1744 2570 6
1769 2519 1875 2572 Πα-

283 2603 418 2675 τὴρ.
439 2605 735 2674 τηνικαῦτα
757 2608 786 2659 6
809 2607 934 2670 Υἱὸς
959 2609 1052 2660 κα)⁸
1071 2607 1136 2660 δι’
1163 2607 1324 2660 αὑτοῦ
1353 2609 1381 2660 6
1407 2605 1593 2675 Σωτὴρ
1617 2605 1876 2660 ἀποστέλ-

285 2697 378 2749 λει
397 2697 512 2759 τοῖς
541 2696 652 2766 (57)
676 2697 840 2750 αὑτοῦ
870 2698 1138 2768 μαθηταῖς
1167 2699 1228 2750 τὸ
1248 2697 1468 2767 Πνεῦμα
1499 2697 1596 2768 τῆς
1621 2695 1876 2768 ἀληθείας

284 2785 358 2838 τὸ
390 2785 769 2857 Παράκλητον,
792 2787 928 2856 πρὸς
962 2787 1023 2839 τὸ
1059 2785 1394 2858 παρακαλεῖν
1418 2786 1615 2849 αὐτοὺς
1644 2787 1736 2839 καὶ
1769 2802 1874 2838 πα-

291 2875 660 2947 ραμυθεῖσθαι
708 2877 791 2946 ἐφ’
817 2872 897 2938 οἷς
921 2877 1284 2948 κηρύττοντες
1322 2877 1383 2929 τὸ
1412 2876 1742 2945 Εὑαγγέλιον
1770 2877 1874 2931 ὑπὸ

286 2965 403 3018 τῶν
426 2964 756 3019 ἐλαυνόντων
781 2967 975 3029 αὐτοὺς
1002 2968 1257 3037 ἔπασχον.
1286 2967 1360 3020 Οὐ
1391 2967 1548 3034 μόνον
1570 2967 1625 3022 δὲ
1651 2967 1785 3041 πρὸς
1815 2970 1875 3022 τὸ

1983 598 2300 653 Sermonem
2342 609 2472 650 vero
2515 595 2690 649 adhuc
2731 592 2960 661 amplius
2999 592 3360 662 promovendo
3395 607 3551 662 pera-

1981 689 2076 760 git,
2101 689 2226 742 dum
2258 685 2524 742 subinfert
2552 705 2564 741 :
2593 686 2702 756 Ego
2723 687 2991 739 veritatem
3021 686 3161 740 vobis
3195 685 3332 751 dico,
3359 685 3553 739 condu-

1980 781 2050 833 cit
2078 779 2216 834 vobis
2255 789 2312 832 ut
2351 795 2443 849 ego
2488 780 2692 833 abeam.
2740 777 2877 833 Nam
2907 779 2954 833 si
2973 794 3064 846 ego
3094 794 3195 831 non
3222 778 3418 842 abiero,
3441 773 3551 830 Pa-

1980 872 2206 925 racletus
2237 871 2324 926 ille
2353 887 2454 924 non
2481 871 2644 925 veniet
2665 871 2732 924 ad
2754 887 2839 924 vos
2859 887 2876 935 ;
2900 871 3038 940 quod
3060 872 3105 924 si
3133 885 3402 937 recessero,
3431 884 3550 924 eum

1980 978 2072 1031 ego
2108 962 2177 1014 ad
2207 977 2292 1014 vos
2323 962 2528 1013 mittant
2551 961 2618 1013 ".
2660 959 2792 1014 Cum
2830 975 2887 1014 se
2931 960 3198 1014 abiturum
3241 959 3399 1026 dixit,
3427 973 3550 1028 pas-

1981 1055 2184 1107 sionem
2219 1067 2368 1106 suam
2397 1053 2481 1106 ltic
2525 1051 2821 1105 insinuavit
2854 1067 2868 1103 :
2899 1059 2953 1104 et
2981 1059 3101 1120 post
3139 1051 3283 1106 illam
3320 1051 3547 1105 reditum

1981 1161 2137 1199 suum
2167 1145 2230 1198 ad
2267 1143 2504 1198 Patrem.
2544 1143 2675 1210 Quis
2724 1142 2836 1211 jam
2883 1143 3017 1198 adeo
3062 1143 3271 1207 delirat,
3327 1151 3383 1197 ut
3429 1151 3550 1210 post

1982 1248 2060 1291 tot
2101 1252 2260 1292 voces
2292 1247 2346 1290 et
2398 1245 2577 1290 tantas
2609 1251 2772 1289 unum
2813 1236 3167 1302 eumdemqne
3197 1242 3348 1303 putet
3397 1233 3546 1287 illum

1981 1341 2120 1392 esse,
2175 1326 2266 1395 qui
2320 1326 2418 1378 ista
2475 1324 2730 1394 loquitur,
2771 1333 2824 1378 et
2857 1323 3003 1377 illum
3064 1324 3130 1378 de
3158 1339 3262 1392 quo
3300 1324 3549 1377 dicuntur

1982 1418 2104 1482 ista,
2140 1415 2405 1486 praecipue
2437 1431 2560 1471 cum
2593 1415 2737 1469 illum
2779 1417 2950 1484 ipsum
2993 1414 3209 1469 disertis
3244 1413 3424 1469 verbis
3466 1411 3548 1467 di-

1979 1520 2189 1584 centem
2237 1507 2442 1571 audiat,
2497 1522 2556 1562 se
2607 1507 2788 1561 dicere
2841 1507 3148 1571 veritatem,
3181 1515 3234 1559 ct
3263 1504 3545 1558 veritatem

1980 1599 2147 1668 illam,
2183 1614 2301 1669 qua;
2330 1608 2492 1664 esset,
2544 1607 2920 1666 exponentem,
2964 1598 3217 1652 nimirum
3251 1597 3392 1666 quod
3445 1594 3545 1648 nisi

1979 1692 2158 1748 abiret
2195 1693 2329 1762 ipse,
2370 1691 2681 1746 Paracletus
2717 1707 2820 1745 non
2862 1691 3094 1744 veniret.
3127 1689 3276 1755 Quod
3318 1689 3360 1743 si
3384 1700 3549 1756 oppo-

1981 1792 2140 1836 natur
2169 1783 2367 1837 dictum
2397 1797 2516 1837 esse
2541 1782 2830 1846 interdum,
2863 1781 3076 1836 Patrem
3102 1783 3391 1836 missurum
3427 1795 3547 1834 esse

1975 1883 2223 1927 sanctum
2267 1873 2524 1942 Spiritum
2561 1890 2576 1927 :
2608 1873 2872 1929 interdum
2915 1888 3042 1928 vero
3091 1874 3395 1940 ipsummet,
3437 1888 3542 1926 non

1979 1967 2091 2035 ipse
2115 1967 2216 2022 sibi
2257 1967 2345 2020 bic
2387 1965 2658 2021 contraria
2688 1967 2863 2022 docet.
2894 1964 3084 2021 Omnia
3119 1967 3262 2021 enim
3297 1981 3414 2034 quae
3459 1966 3544 2020 vi—

1977 2057 2118 2111 derit
2166 2058 2377 2112 Patrem
2437 2057 2742 2121 iacientem,
2784 2057 2970 2112 eadem
3011 2057 3260 2112 similiter
3298 2068 3348 2111 et
3379 2057 3544 2111 Filius

1982 2154 2040 2212 s14
2079 2146 2244 2205 facit:
2281 2157 2335 2204 et
2359 2149 2808 2217 quemadmodum
2843 2148 3019 2212 audit,
3047 2149 3356 2218 itajudicat.
3399 2149 3546 2215 Quo-

1977 2242 2120 2295 circa
2161 2243 2458 2296 secundum
2503 2239 2762 2308 indicium
2815 2240 3016 2304 Patris,
3049 2251 3103 2296 et
3137 2241 3296 2295 l‘atcr
3331 2244 3544 2309 quando

1976 2331 2109 2395 vult,
2137 2341 2192 2387 et
2224 2343 2333 2385 tum
2358 2347 2479 2385 cum
2515 2331 2644 2386 velit
2669 2331 2837 2386 Filius
2871 2331 3128 2387 Servator
3159 2343 3342 2386 noster
3373 2350 3386 2385 :
3417 2335 3543 2385 mit-

1978 2421 2040 2473 tit
2069 2421 2133 2474 ad
2169 2421 2457 2486 discipulos
2477 2435 2605 2475 suos
2637 2421 2884 2489 spiritum
2915 2421 3159 2476 veritatis
3188 2420 3542 2490 Paracletum,

1976 2511 2067 2579 qui
2102 2510 2412 2584 παρακάλῃ,
2466 2509 2518 2564 id
2547 2519 2628 2564 est
2667 2511 2996 2573 consoletur,
3043 2511 3327 2576 coniortct,
3367 2523 3421 2568 et
3446 2515 3544 2566 ad-

1977 2601 2223 2656 ltortetur
2259 2615 2354 2656 eos
2394 2603 2459 2656 ad
2489 2604 2759 2673 patienter
2793 2602 3154 2660 suﬂereudum
3190 2603 3242 2658 in
3273 2603 3544 2674 Evangelii

1975 2690 2408 2756 annuntiatione,
2443 2701 2663 2761 pr0pter
2685 2706 2844 2758 quam
2882 2701 3038 2746 erant
3074 2693 3401 2762 exagitandi.
3437 2693 3547 2748 Nec

1974 2780 2041 2833 ad
2072 2779 2192 2835 illos
2233 2781 2574 2836 solummodo
2603 2780 2985 2843 consolandos,
3040 2781 3131 2836 sed
3187 2781 3545 2836 instituendos

1975 2873 2193 2944 insuper
2228 2872 2280 2928 itt
2314 2873 2459 2928 omni
2498 2874 2720 2928 veritate
2763 2873 2882 2927 novi
2927 2871 3168 2937 imderis,
3205 2888 3364 2944 quam
3408 2875 3544 2929 reci-

1975 2980 2101 3035 pere
2129 2981 2160 3020 a
2209 2965 2452 3020 doctrina
2495 2964 2801 3020 Servatoris
2835 2980 2938 3020 non
2971 2975 3080 3019 tum
3115 2975 3382 3033 poterant,
3419 2981 3541 3022 cum

288 3058 634 3130 παρακαλεῖν
653 3060 867 3124 αὐτοὺς,
896 3059 1028 3126 ἀλλὰ
1065 3059 1160 3114 καὶ
1194 3060 1330 3131 πρὸς
1354 3060 1414 3112 τὸ
1435 3059 1646 3128 διδάξαι
1675 3061 1870 3126 αὐτοὺς

1979 3057 2114 3113 inter
2139 3057 2284 3127 ipsos
2331 3066 2660 3119 versaretur,
2700 3072 2766 3112 eo
2795 3058 2934 3126 quod
2958 3056 3193 3112 Judaicae
3221 3059 3544 3129 paedagogia:

288 3153 475 3203 πᾶσαν
509 3150 607 3222 τὴν
654 3150 908 3221 ἀλήθειαν
960 3151 1060 3220 τῆς
1097 3153 1292 3222 καινῆς
1338 3152 1623 3224 διαθήκης,
1663 3153 1730 3223 ἢν
1775 3153 1876 3207 οὐκ

287 3241 536 3312 ἐχώρουν
554 3243 663 3312 (58)
712 3243 817 3299 ὑπὸ
841 3242 935 3296 τοῦ
972 3243 1220 3315 Σωτῆρος
1252 3243 1615 3306 διδάσκεσθαι,
1642 3246 1875 3316 ὁπηνίκα

285 3332 468 3386 ταῦτα
483 3335 665 3401 αὐτοῖς
680 3335 871 3406 ὡμίλει
885 3335 973 3394 διὰ
990 3335 1050 3388 τὸ
1067 3335 1144 3389 ἔτι
1159 3338 1223 3406 τῇ
1241 3337 1502 3408 Ἰουδαϊκῇ
1523 3336 1876 3393 δεδουλῶσθαι

289 3427 510 3496 ἀγωγῇ.
535 3427 716 3480 Ταῦτα
742 3428 799 3481 δὲ
829 3429 1008 3500 ἔργοις
1032 3429 1270 3501 ἐπλήρου
1299 3429 1437 3499 μετὰ
1463 3429 1559 3499 τὴν
1582 3431 1644 3482 ἐκ
1668 3429 1876 3501 νεκρῶν

288 3517 590 3571 ἀνάστασιν
620 3520 804 3583 αὑτοῦ,
840 3522 958 3592 μεθ’
988 3522 1053 3593 ἢν
1077 3520 1243 3575 εἰπὼν
1282 3525 1348 3593 τῇ
1388 3523 1596 3593 Μαρίᾳ,
1631 3520 1726 3587 Μή
1756 3539 1876 3591 μου

289 3607 510 3673 ἅπτου,
537 3611 700 3665 οὔπω
714 3615 822 3681 γὰρ
839 3613 1176 3681 ἀναϐέϐηκα
1196 3613 1344 3681 πρὸς
1366 3614 1473 3666 τὸν
1489 3613 1717 3682 Πατέρα
1731 3632 1871 3682 μου.

292 3703 637 3758 Μετὰταῦτα
670 3706 803 3775 (58')
847 3707 940 3760 ἆτε
976 3707 1038 3779 δὴ
1080 3707 1422 3778 ἁνεληλυθὼς
1458 3708 1594 3779 πρὸς
1627 3707 1717 3760 τὸν
1761 3708 1875 3760 Πα-

289 3793 447 3864 τέρα,
470 3799 582 3859 τοῖς
608 3797 872 3867 μαθηταῖς
887 3798 1064 3869 ὤφθη,
1083 3800 1176 3852 τοῦ
1211 3799 1366 3867 ἁγίου
1394 3798 1710 3868 Πνεύματος
1743 3799 1876 3850 ἀπε-

293 3885 593 3956 σταλμένου
629 3889 722 3941 καὶ
740 3891 986 3954 συνόντος
1004 3891 1183 3956 αὑτοῦ,
1205 3889 1418 3961 ἐτοιμοῦ
1448 3907 1506 3942 τε
1531 3889 1875 3960 παρεστῶτος

292 3976 375 4038 είς
393 3976 548 4044 (58")
579 3977 644 4046 ἢν
672 3978 928 4034 τέτακται
975 3981 1268 4046 διακονίαν,
1304 3981 1390 4034 ὅτε
1408 3967 1751 4048 καὶάψασθαι
1775 3979 1873 4031 αὑ-

289 4067 387 4120 τοῦ
415 4070 717 4139 ἐπιτρέπει.
769 4069 902 4123 Τότε
946 4071 1054 4143 γὰρ
1087 4073 1269 4134 αὐτοῖς
1295 4070 1593 4140 ἐνεφύσησε
1633 4069 1728 4122 καὶ
1755 4069 1874 4121 τότε

297 4160 462 4230 μέρος
483 4178 534 4215 τι
561 4162 895 4232 χαρίσματος
925 4164 1018 4217 τοῦ
1053 4163 1209 4232 ἁγίου
1241 4163 1557 4233 Πνεύματος
1587 4163 1788 4223 αὐτοῖς,
1814 4159 1876 4212 τὸ

289 4251 395 4320 τῆς
445 4250 689 4320 ἀφέσεως
751 4254 858 4307 τῶν
901 4256 1314 4326 ἁμαρτημάτων
1357 4253 1634 4325 ποιητικὸν
1667 4251 1868 4305 ἐδίδου·

291 4341 585 4414 διαιρέσεις
622 4343 729 4414 γάρ
776 4346 1127 4416 χαρισμάτων
1168 4346 1304 4398 εἰσὶν
1340 4339 1414 4399 ὧν
1449 4345 1511 4398 ἐκ
1543 4342 1739 4413 μέρους
1775 4341 1873 4410 μὲν

1977 3148 2321 3203 inservirent.
2377 3146 2502 3203 Haec
2554 3148 2729 3216 reipsa
2775 3147 3088 3216 adimplevit
3145 3157 3265 3215 post
3311 3164 3462 3202 suam
3511 3169 3540 3202 ιι

1976 3239 2716 3310 mortuisresurrectionem,
2751 3255 2875 3295 cum
2922 3239 3101 3296 Mariae
3143 3242 3367 3307 diceret,
3414 3240 3543 3296 Noti

1976 3347 2056 3385 me
2092 3340 2328 3402 tangere,
2373 3332 2606 3388 nondum
2627 3333 2765 3385 enim
2788 3335 2999 3386 escendi
3022 3334 3089 3386 nd
3115 3331 3333 3387 Patrem
3371 3351 3542 3388 meum

1975 3431 2021 3474 et
2052 3420 2266 3475 Patrem
2313 3432 2539 3476 vestrum
2559 3423 2628 3477 ".
2686 3422 2946 3490 Deinceps
2983 3439 3107 3479 vero
3160 3433 3414 3494 tanquam
3449 3426 3542 3494 qui

1975 3513 2295 3567 ascenderat
2327 3514 2391 3566 ad
2430 3513 2670 3577 Patrem,
2703 3515 2851 3570 visus
2899 3523 2982 3570 est
3006 3517 3285 3584 discipulis
3320 3518 3454 3581 suis,
3487 3519 3540 3572 itt

1977 3603 2232 3658 missione
2255 3602 2490 3674 Spiritus
2513 3605 2710 3668 sancti,
2736 3614 2790 3659 et
2820 3620 2941 3660 eum
2976 3607 3041 3660 iis
3079 3608 3413 3672 versabatur,
3451 3621 3547 3677 pa-

1977 3705 2262 3764 ratumque
2290 3711 2349 3750 se
2379 3696 2643 3761 exhibuit,
2679 3698 2766 3766 qui
2807 3697 2858 3752 in
2887 3697 3006 3752 Filii
3054 3697 3328 3754 iunctione
3357 3715 3544 3754 recen-

1973 3797 2203 3851 seretur,
2252 3789 2468 3857 quando
2517 3797 2569 3842 et
2606 3791 2750 3859 tangi
2805 3806 2864 3844 se
2908 3791 2975 3844 ab
3017 3791 3121 3846 iiiis
3176 3791 3540 3860 permittebat.

1974 3877 2125 3931 Tunc
2165 3878 2294 3945 ipsis
2330 3877 2619 3936 iusulllavit
2655 3898 2668 3932 :
2702 3890 2758 3933 et
2808 3889 2934 3936 tunc
2975 3881 3207 3950 Spiritus
3236 3883 3540 3952 portionem

1973 3969 2040 4022 iis
2072 3969 2387 4036 impertivit,
2413 3985 2535 4024 eum
2580 3970 2885 4025 lacnltatem
2919 3973 3177 4026 tribueret
3207 3984 3426 4041 peccata
3455 3988 3537 4026 re-

1974 4060 2241 4114 mittendi.
2292 4061 2430 4114 Sunt
2459 4062 2657 4115 etenim
2698 4063 2988 4117 divisiones
3017 4064 3310 4132 gratiarum
3350 4081 3364 4115 :
3407 4079 3542 4132 qua-

1977 4168 2092 4205 rttnt
2119 4162 2326 4220 partetn
2363 4163 2474 4206 tum
2514 4154 2580 4208 iis
2608 4155 2921 4223 impertivit,
2946 4170 3068 4210 cum
3100 4170 3220 4208 cum
3262 4156 3327 4209 iis
3355 4169 3540 4208 versa-

1973 4251 2162 4298 retur:
2210 4253 2330 4313 post.
2379 4245 2493 4298 lucc
2523 4244 2710 4313 majori
2756 4245 2924 4300 multo
2951 4257 3006 4300 et
3047 4246 3348 4314 perl‘ectiori
3392 4255 3542 4314 pote-

1975 4342 2115 4387 state
2140 4332 2450 4402 adimplevit
2475 4350 2489 4388 :
2515 4334 2580 4388 de
2605 4351 2707 4404 qua
2734 4335 2948 4390 dicebat
2985 4338 3047 4390 iis
3075 4339 3126 4389 in
3165 4337 3388 4391 Actibus
3419 4351 3543 4404 apo-

293 4433 474 4496 αὐτοῖς
500 4435 770 4504 ἐδωρεῖτο,
805 4437 924 4490 τότε
953 4437 1124 4491 συνὼν
1154 4439 1246 4493 καὶ
1267 4435 1454 4509 παρὼν
1487 4437 1668 4497 αὐτοῖς
1713 4433 1868 4488 Μετὰ
1901 4431 1944 4485 D
1972 4423 2201 4488 stnlicis,
2248 4422 2350 4477 Vos
2387 4425 2646 4493 recipietis
2698 4436 3000 4493 potestatem
3033 4441 3096 4478 ex
3142 4423 3267 4490 alto,
3307 4441 3543 4493 superve-

291 4523 350 4580 δὲ
380 4523 548 4576 ταῦτα
582 4526 824 4594 μείζονος
853 4529 1049 4592 αὐτοὺς
1089 4529 1181 4582 καὶ
1214 4529 1324 4598 (59)
1357 4527 1686 4598 τελειοτέρας
1709 4523 1870 4578 δυνά-

1979 4516 2145 4570 triente
2177 4517 2232 4570 in
2259 4532 2346 4570 vos
2377 4515 2580 4584 Spiritu
2624 4527 2806 4570 sancto
2835 4517 2901 4570 '".
2924 4515 3150 4583 Quando
3171 4526 3227 4570 et
3264 4517 3544 4584 baptizan-

296 4631 441 4685 μεως
489 4616 759 4688 ἐπλήρου·
798 4620 926 4690 περὶ
958 4617 1026 4692 ἦς
1054 4623 1111 4675 ἐν
1151 4623 1271 4685 ταῖς
1315 4619 1553 4692 Πράξεσι
1596 4617 1704 4669 τῶν
1737 4617 1872 4670 ἀπο-

1979 4609 2069 4661 dos
2111 4608 2328 4662 eosdem
2385 4610 2436 4660 in
2485 4609 2686 4677 Spiritu
2727 4618 2916 4663 sancto
2965 4610 3330 4676 promittebat.
3389 4606 3542 4674 Quod

279 4705 496 4764 ’στόλων
527 4712 660 4782 πρὸς
690 4713 882 4776 αὐτοὺς
905 4713 1030 4784 ἔφη,
1073 4711 1267 4782 ἠιεῖς
1291 4712 1358 4764 δὲ
1379 4712 1448 4776 ἐξ
1471 4710 1669 4780 ὕψους
1691 4707 1872 4760 δύνα-

287 4817 394 4868 μιν
429 4801 788 4868 ἐπελθόντος
834 4805 938 4858 τοῦ
974 4807 1145 4874 ἁγίου
1188 4806 1528 4872 Πνεύματος
1567 4802 1658 4870 ἐφ’
1692 4799 1864 4867 ὑμᾶς.

291 4891 382 4944 ὅτε
411 4892 505 4944 καὶ
531 4892 902 4965 βαπτήσεσθαι
929 4896 1122 4958 αὐτοὺς
1155 4897 1211 4948 ἐν
1239 4895 1512 4964 Πνεῦματι
1539 4892 1679 4961 ἁγίῳ
1698 4893 1868 4959 ἐπηγ-

296 4982 535 5050 γέλλετο,
565 4984 592 5037 ὃ
628 4985 692 5056 δὴ
733 4987 826 5038 καὶ
853 4988 983 5040 αὐτὸ
1010 4986 1312 5058 ἐπληροῦτο
1353 4985 1491 5056 μετὰ
1531 4984 1627 5056 τὴν
1671 4979 1868 5047 ἀνάλη’

294 5072 387 5142 ψιν
433 5075 597 5128 αὐτοῦ
645 5077 756 5147 (60)
790 5077 930 5131 κατά
959 5078 1056 5150 τὴν
1104 5079 1314 5150 ἡμέραν
1358 5078 1457 5148 τῆς
1491 5074 1867 5144 Πεντηκοστῆς

1973 4699 2146 4768 ipsum
2198 4710 2316 4768 post
2353 4703 2724 4756 ascensionem
2764 4718 2918 4758 suam
2961 4703 3304 4772 ituplebatnr,
3355 4703 3408 4756 in
3457 4703 3544 4757 die

1975 4789 2341 4853 Pentecostcs,
2387 4793 2552 4848 tnisso
2579 4809 2743 4861 super
2790 4810 2902 4861 eos,
2934 4796 3384 4864 quemadmodum
3423 4793 3540 4847 edi-

1976 4893 2129 4938 xerat
2164 4885 2296 4953 ipse,
2331 4885 2536 4954 Spiritu
2564 4897 2771 4945 sancto.
2813 4888 2948 4942 Cum
2976 4904 3106 4943 vero
3130 4888 3278 4942 locus
3303 4891 3403 4940 iste
3427 4901 3544 4939 tua.

1969 4975 2074 5044 jori
2109 4975 2371 5031 adhtteet
2412 4979 2690 5047 perspicua
2743 4982 2916 5051 magis
2941 4990 3099 5048 egeat
3138 4977 3538 5039 dilucidattone,

1976 5083 2081 5122 non
2113 5079 2195 5124 cst
2222 5081 2579 5139 opportunum
2621 5076 2673 5128 in
2702 5075 2950 5142 pru'settti
2982 5074 3032 5126 in
3053 5087 3171 5125 eam
3230 5069 3542 5124 incumbere

369 5257 427 5315 ὦ
462 5252 555 5306 Ed.
601 5253 797 5316 Paris.,
835 5270 955 5325 pag.
994 5256 1113 5310 172.
1147 5255 1363 5311 "Joan.
1401 5272 1514 5320 xvt,
1543 5257 1594 5311 7.
1668 5257 1715 5288 ⁷³
1747 5256 1874 5313 Joan

1979 5274 2026 5322 κ,
2057 5259 2142 5314 l7.
2205 5261 2251 5292 "
2275 5264 2392 5316 Act.
2424 5277 2462 5325 t,
2488 5262 2541 5316 8.
2616 5229 2632 5246 '

520 5414 614 5492 Διῤ
644 5413 718 5482 τῇ
759 5413 864 5466 τοῦ
893 5415 1118 5482 Πατρός
1150 5417 1363 5492 πρίει-«ειἒ
1419 5419 1712 5492 sequentia
1755 5419 1868 5492 [ubi

297 5483 466 5557 Ili-levi
503 5483 592 5536 καί
627 5495 760 5557 post_
788 5501 966 5557 τηνικ.
1015 5501 1145 5557 Δ‹·ιιιιι
1171 5487 1363 5557 cndtl.]
1410 5483 1520 5545 sic,
1557 5483 1773 5557 opinor;
1796 5491 1870 5544 le-

2039 5427 2199 5497 (δε-ο)
2216 5426 2396 5497 vulgo
2419 5426 2563 5497 Υἱῷν.

2040 5485 2156 5568 (59)
2180 5485 2193 5497 ’
2214 5485 2402 5568 Vulgo
2434 5495 2700 5560 τελειωτ.,
2744 5505 2816 5568 et_
2848 5507 2971 5546 mox
3022 5491 3195 5568 ὑμεῖς.
3411 5485 3539 5541 Dein

297 5556 517 5639 gerula.“
535 5553 835 5639 τηνικαῦτα
867 5555 960 5606 καὶ
1009 5553 1076 5606 δι’
1121 5556 1284 5609 αὑτοῦ
1323 5553 1362 5612 δ’
1397 5559 1522 5624 Υἱὸς
1549 5553 1644 5613 καὶ
1683 5553 1868 5633 Σωτὴρ

1979 5553 2533 5639 νιιῙέόὲπηγῇίλετο,
2565 5553 2706 5634 quod
2741 5564 2930 5619 saltent
2965 5553 3087 5617 esse
3116 5553 3344 5616 debebat
3367 5560 3541 5629 ἐπηγ-

294 5623 634 5677 ἁπηστέλλει.
671 5623 740 5676 Μ.

371 5691 484 5764 (ξῖ)
523 5694 686 5764 Ϋιιίεο
710 5694 925 5747 ἐαυτοῦ.

524 5762 687 5842 Ϋιιιεο
719 5764 902 5842 διάζοι
928 5781 1044 5816 mox
1081 5768 1144 5818 ἐκ
1174 5765 1282 5818 τῶν
1311 5769 1536 5842 νεκρῶν.

366 5830 504 5902 (58‘;
547 5830 711 5904 Vulgo
734 5833 795 5879 πὶ
820 5833 932 5914 ατε.

1968 5640 2201 5704 γείλατο.

2039 5713 2151 5796 (9.0)
2198 5707 2362 5776 Vulgo
2413 5709 2570 5776 μετά,
2620 5715 2674 5758 et
2713 5719 2830 5758 mox
2884 5701 3162 5766 ὑπεξιέναι
3219 5709 3270 5756 et
3325 5697 3450 5754 ἐπεὶ
3485 5695 3544 5751 δέ

1970 5797 2124 5851 μηοε.
