3956 6512
563 435 706 494 1019

1242 437 1507 494 ECSEBII
1545 437 2020 494 CAESARIENSIS
2058 437 2212 494 OPP.
2250 435 2429 490 PARS
2465 435 2554 490 ιν.
2593 466 2662 477 -
2700 433 3112 498 DOGMAT.CA,

3654 440 3766 496 uno

573 567 594 602 ι
639 552 720 604 Ad
751 550 871 603 illos
899 564 1026 603 vero
1050 550 1138 619 qui
1164 561 1410 603 exactam
1435 549 1502 603 de
1531 552 1691 604 rebus
1721 550 1839 604 istis
1871 549 2123 602 rationem

2241 563 2260 597 ι
2307 562 2406 616 μεν
2441 543 2691 615 Γραφῶν,
2743 545 2842 596 οὐκ
2875 543 3113 614 ἀσφαλὲς
3153 539 3293 596 εἶναι
3321 543 3622 615 νομίζομεν.
3666 550 3767 615 Πῶς

570 663 592 695 ις
642 661 670 695 a
701 642 854 695 nobis
879 641 1128 709 exigunt,
1159 641 1452 708 inquimus,
1485 641 1627 709 quod
1653 651 1840 695 sancto
1874 639 2132 706 Apostolo

571 750 594 785 ι
639 734 1124 801 obtemperandtttn
1163 733 1367 786 scimus
1408 748 1550 798 esse,
1583 732 1675 800 qui
1720 731 1974 800 mysteria
2009 731 2132 782 abs-

570 840 592 875 ι
638 824 878 886 condita,
922 824 988 876 ad
1041 823 1188 876 illum
1240 824 1478 886 modum,
1524 838 1682 892 quem
1753 823 1866 890 ipse
1918 823 2129 884 statuit,

572 933 591 967 ι
640 919 929 970 scrutanda
983 915 1166 968 docuit
1207 933 1222 970 :
1275 913 1523 968 Videmus
1565 914 1700 966 enim
1741 930 1898 976 nunc,
1937 914 2128 982 inquit,

573 1024 592 1056 ι
639 1016 888 1072 tanquam
936 1021 1030 1072 per
1061 1003 1325 1070 speculum
1373 1004 1426 1056 in
1472 1003 1790 1069 a'uigmate:
1843 1015 1964 1053 tunc
2015 1017 2131 1054 vero

573 1115 592 1147 ι
639 1097 775 1163 facie
812 1097 882 1147 ad
913 1096 1101 1162 faciem
1137 1095 1204 1156 ’°.
1245 1105 1299 1146 et
1329 1100 1385 1156 »Ε
1425 1108 1543 1162 qua:
1589 1104 1902 1160 sequuntur.
1934 1090 2010 1144 Ne
2049 1107 2131 1144 tne

571 1203 594 1240 ι
639 1187 937 1254 interroges
966 1203 1114 1254 ergo.
1147 1189 1210 1239 de
1241 1187 1400 1238 rebus
1427 1200 1546 1252 qua:
1570 1201 1673 1236 non
1703 1192 1919 1236 exstant
1948 1190 2132 1249 aperte

572 1293 594 1330 ι
643 1278 852 1330 tradita:
882 1276 931 1328 in
966 1275 1265 1343 Scripturis
1318 1276 1488 1328 sacris
1523 1293 1536 1327 :
1579 1275 1720 1326 unde
1763 1283 1967 1326 certum
2001 1272 2130 1341 quid

573 1384 594 1420 ι
638 1377 875 1420 statuere
925 1381 1026 1418 non
1076 1381 1293 1434 possum
1340 1367 1404 1417 de
1455 1379 1636 1427 carne,
1685 1363 1837 1430 cujus
1866 1364 2130 1433 particeps

573 1473 595 1508 ι
640 1467 761 1510 erat
798 1455 1058 1508 Verbum.
1105 1453 1205 1519 Qui
1248 1464 1427 1507 autem
1479 1452 1680 1507 fatetur
1725 1467 1783 1506 se
1831 1467 1934 1505 non
1977 1465 2130 1520 posse

573 1563 594 1597 ι
643 1547 708 1599 tle
759 1546 1061 1614 Scripturis
1110 1547 1454 1613 respondere,
1508 1544 1668 1598 simul
1716 1546 2034 1607 conﬁtetur,
2072 1559 2131 1598 se

570 1654 594 1688 ε
642 1637 774 1690 nihil
804 1638 936 1692 certi
969 1639 1034 1692 de
1071 1635 1364 1705 St'l’lpllll‘is
1397 1637 1673 1690 didicisse.
1703 1655 1720 1688 ι
1753 1635 2128 1700 llnjuscemodi

569 1727 661 1781 ille
694 1729 759 1782 de
786 1729 888 1782 hac
916 1745 1078 1783 carne
1110 1730 1267 1783 scivit
1300 1747 1314 1782 :
1347 1744 1450 1782 non
1476 1740 1694 1796 accepta
1720 1731 1785 1780 de
1812 1727 2127 1792 Scripturis,

568 1833 675 1872 non
729 1818 797 1871 ab
841 1819 962 1872 aliis
1009 1831 1294 1886 occupata,
1337 1835 1440 1872 non
1470 1833 1500 1872 e
1535 1819 1825 1872 traditione
1876 1818 2130 1872 Ecclesia:

2240 655 2259 688 ι
2300 636 2409 707 γὰρ
2426 637 2584 689 τοῦτο
2608 637 2865 707 πράττειν
2881 636 3102 688 δυνατὸν
3132 639 3243 699 τοῖς
3268 636 3363 688 καὶ
3380 635 3450 688 τὰ
3475 638 3658 708 ἐτέρων
3677 642 3766 706 (80)

2239 746 2258 779 ι
2295 728 2660 798 ἀνατρέπουσι
2681 727 2950 797 ὃόγματας
2994 725 3128 777 Ἀλλ’
3154 724 3392 795 ἐροῦμεν
3421 728 3549 798 πρὸς
3567 731 3679 794 τοὺς
3698 733 3769 785 τὸν

2239 838 2257 871 ι
2293 818 2493 891 ἀκριϐῆ
2531 821 2655 890 περὶ
2685 818 2873 871 τούτου
2899 817 3087 887 μαθεῖν
3110 817 3235 888 παρ’
3267 818 3424 887 ἡμῶν
3458 818 3770 890 βουλομένους

2238 929 2257 962 ι
2295 911 2585 978 λόγον,ὃτι,
2609 910 2914 981 πειθόμενοι
2930 909 3004 978 τῷ
3027 908 3153 980 ίερῷ
3180 909 3515 980 Ἀποστόλῳ,
3533 912 3770 981 ῐσμεν,ὃτι

2241 1020 2259 1053 ι
2302 1001 2474 1064 οὕτως
2522 1003 2671 1072 ἡμᾶς
2723 1003 2854 1072 όρᾷν
2904 1002 2972 1053 τὰ
3023 1001 3492 1070 ἀποκεκρυμμένα
3539 1006 3772 1074 μυστήρια

2239 1111 2257 1143 ι
2300 1093 2584 1164 προσήκει,
2633 1092 2708 1154 ὡς
2755 1092 2916 1154 αὐτὸς
2963 1090 3098 1160 ἔφη·
3152 1091 3474 1160 Βλέπομεν
3520 1093 3618 1161 γὰρ
3648 1095 3769 1163 ἄρτι,

2239 1201 2257 1233 ι
2294 1183 2444 1251 φησὶ,
2471 1181 2545 1234 δι’
2573 1183 2892 1249 εὶσόπτρου
2909 1183 2976 1234 ἐν
2996 1182 3294 1250 αἰνίγματι
3317 1197 3332 1211 ⁶
3365 1183 3498 1234 τότε
3527 1181 3590 1234 δὲ
3618 1185 3772 1250 πρόσ-

2238 1289 2257 1321 ι
2297 1286 2456 1324 ωπον
2507 1273 2656 1339 πρὸς
2706 1274 3049 1338 πρόσωπον,
3110 1273 3202 1325 καὶ
3238 1273 3308 1324 τὰ
3343 1272 3505 1342 ἐξῆςο
3551 1272 3675 1326 ὥστε
3712 1277 3769 1345 μή

2236 1379 2255 1412 ι
2302 1378 2402 1430 μου
2432 1362 2701 1416 πυνθάνου
2731 1363 2859 1431 περὶ
2888 1355 2960 1412 ὧν
2990 1361 3174 1428 σαφῶς
3199 1360 3357 1433 παρὰ
3386 1362 3486 1430 τῆς
3506 1362 3643 1424 θείας
3665 1363 3772 1433 Γρα-

2239 1469 2257 1502 ε
2295 1452 2401 1521 φῆς
2425 1454 2497 1524 μὴ
2531 1453 2824 1522 μεμάθηκα
2847 1468 2861 1482 ⁸
2893 1451 2978 1504 διὰ
3009 1451 3167 1505 τοῦτο
3197 1453 3383 1505 τοίνυν
3417 1453 3534 1505 οὐδὲ
3565 1454 3772 1525 περὶτῆς

2235 1561 2256 1594 ι
2295 1543 2440 1607 θείας
2474 1543 2581 1614 (8i)
2618 1544 2655 1596 Γ
2663 1543 2835 1614 ραφῆς
2863 1543 3076 1612 ἐκείνης
3107 1544 3205 1610 τῆς
3247 1543 3329 1613 τῷ
3366 1545 3524 1614 Λόγῳ
3551 1561 3772 1615 κοινωνηο

2237 1653 2255 1686 ι
2298 1635 2468 1704 σὰσης
2497 1635 2697 1706 σαρκὸς
2722 1634 2906 1702 σαφῶς
2924 1669 2934 1685 .
2952 1635 3124 1686 εἰπεῖν
3153 1633 3480 1704 δυνήσομαι.
3515 1633 3620 1687 Εἶθ’
3643 1639 3668 1688 ό
3691 1653 3771 1705 μη-

2238 1742 2258 1776 ι
2296 1725 2384 1778 sev
2412 1725 2589 1793 λέγειν
2629 1725 2887 1777 δύνασθαι
2932 1724 3230 1795 ὁμολογῶν,
3271 1725 3409 1795 μηδὲ
3439 1726 3770 1795 μεμαθηκέναι

2239 1835 2258 1868 ι
2298 1835 2348 1871 τι
2377 1817 2484 1870 ἀπὸ
2523 1817 2624 1887 τῆς
2665 1817 2907 1888 Γραφῆς.
2947 1835 2966 1868 ι
3003 1815 3243 1869 Τοιαῦτα
3289 1817 3423 1886 περὶ
3469 1817 3567 1886 τῆς
3605 1817 3770 1887 captio;

567 1909 775 1973 doctus,
805 1910 903 1964 sibi
934 1926 1059 1964 vero
1089 1913 1322 1964 coulicta
1351 1929 1364 1964 :
1395 1920 1448 1964 et
1481 1911 1547 1964 de
1579 1927 1677 1964 suo
1703 1911 1932 1964 cerebro
1961 1927 2123 1964 exeo-

2232 1909 2564 1978 ἀπεφήνατο,
2580 1879 2828 1960 aneane
2843 1879 2948 1976 ﬁ;
2976 1909 3014 1959 Γ
3020 1908 3198 1977 ραφῆς
3227 1879 3412 1962 λαϐῷν
3439 1879 3546 1960 οὔτ’
3566 1909 3650 1976 ἀφ’
3667 1879 3767 1961 ’ἑτέ-

563 2010 735 2067 gttata
761 2016 774 2052 :
812 2003 1178 2069 peregrinum.
1203 2011 1258 2056 et
1289 2003 1521 2056 alieumn
1542 2017 1570 2054 a
1593 2003 1816 2056 veritate
1840 2003 2125 2072 genimeu:

569 2105 667 2142 nec
695 2103 815 2144 erat
843 2092 916 2144 illi
947 2093 996 2144 in
1033 2093 1215 2144 animo
1247 2093 1525 2160 Scriptura
1568 2093 1840 2162 inquiens,
1872 2092 1954 2145 Ne
1977 2093 2128 2162 adje-

564 2185 695 2234 ceris
721 2184 790 2234 ad
827 2200 1090 2236 sermones
1129 2185 1264 2252 ejus,
1290 2199 1352 2236 ne
1378 2194 1424 2235 te
1455 2193 1727 2250 Coargual.
1759 2194 1806 2238 et
1836 2186 1889 2236 in
1918 2190 2130 2237 menda-

563 2278 644 2326 cio
685 2277 1088 2342 deprehendaris
1125 2277 1191 2327 ἰ.
1253 2276 1336 2337 Ει,
1386 2274 1473 2329 Va:
1515 2277 1582 2328 iis
1617 2277 1706 2345 qui
1742 2277 1805 2329 de
1841 2293 1936 2330 suo
1973 2278 2128 2329 corde

563 2365 871 2429 prop/telam
897 2367 961 2418 θ’.
1000 2365 1207 2420 Intuere
1237 2374 1416 2420 autem
1453 2376 1652 2435 quanta
1680 2383 1738 2422 se
1765 2367 2127 2421 circumduxit

566 2454 864 2521 impietate.
897 2455 995 2520 Qui
1030 2459 1174 2509 enim
1231 2459 1539 2510 universam
1586 2458 1728 2511 illam
1770 2458 2125 2529 theologicam

567 2545 827 2596 rationem
857 2548 920 2598 de
952 2546 1088 2599 Filio
1129 2547 1405 2614 unigenito
1435 2551 1848 2616 praeexsistente
1893 2551 1958 2602 ad
2004 2565 2128 2604 car-

566 2647 686 2684 nem
717 2633 928 2699 dejecit,
969 2647 1023 2687 et
1071 2644 1278 2688 tantum
1327 2652 1432 2688 non
1481 2635 1725 2689 lauream
1771 2637 1844 2690 illi
1887 2637 2126 2691 viCIoriae

561 2724 843 2792 pra'tniuut
883 2725 1062 2778 verbis
1106 2725 1482 2780 disertissimis
1542 2726 1936 2795 superinduxit.
1994 2726 2125 2780 Nam

561 2817 610 2871 is
649 2819 738 2886 qui
781 2818 938 2881 dixit,
976 2817 1066 2871 Dei
1097 2818 1329 2872 Verbum
1372 2835 1469 2886 per
1516 2821 1968 2874 resurrectionem
1999 2834 2125 2888 pro-

560 2926 787 2965 curasse
818 2912 1272 2965 immortalitatem
1311 2914 1560 2965 humana:
1587 2912 1759 2976 carui,
1783 2922 1837 2966 et
1869 2921 2122 2980 tanquam

561 3017 764 3057 corona
825 3003 1135 3055 redimitqu
1194 3003 1260 3055 ad
1324 3002 1416 3056 Dei
1485 3003 1730 3056 dextram
1786 3003 2126 3057 ascendendo

561 3094 907 3148 consedisse:
945 3095 1084 3148 idem
1120 3096 1234 3162 ipse
1265 3094 1339 3147 ait
1363 3094 1506 3147 illam
1552 3096 1762 3147 inanem
1810 3102 1863 3148 ct
1902 3108 2121 3146 vacuam

562 3183 798 3236 futuram
844 3185 894 3238 in
939 3185 1045 3241 line
1088 3183 1270 3237 mundi
1302 3201 1316 3238 :
1346 3187 1470 3236 dum
1502 3181 1738 3237 Verbqu
1769 3181 1955 3236 adnuit
1993 3184 2122 3245 Deo,

2235 2015 2340 2069 ρων
2364 1998 2472 2067 (82)
2491 1998 2816 2071 παραλαϐὼν
2831 2015 2842 2025 ’
2868 1998 2928 2050 οῦ
2941 2001 2976 2052 τ’
2996 1997 3105 2052 ἀπὸ
3124 1999 3225 2068 τῆς
3255 1999 3575 2069 Ἐκκλησίας
3598 1999 3766 2070 μαθὼν,

2229 2088 2404 2158 ἑαυτῷ
2431 2089 2488 2142 δὲ
2511 2091 2827 2153 ἀναπλάσας
2854 2091 2946 2142 καὶ
2975 2091 3072 2160 τῆς
3093 2093 3302 2154 οἰκείας
3321 2091 3654 2162 ἐνθυμήσεως
3675 2092 3766 2143 ἐπι-

2229 2182 2425 2248 νοήσας
2477 2180 2623 2244 ξένον
2674 2183 2768 2234 καὶ
2813 2181 2912 2251 τῆς
2945 2181 3204 2252 ἀληθείας
3232 2183 3511 2253 ἀλλότριον
3540 2183 3764 2252 γέννημα,

2233 2271 2396 2341 μηδὲν
2442 2273 2500 2323 ὲν
2547 2269 2622 2341 νῷ
2695 2271 2873 2325 λαϐὼν
2921 2273 3020 2344 τὴν
3070 2273 3339 2342 λέγουσαν
3391 2275 3604 2344 Γραφήν
3635 2290 3647 2303 σ
3686 2273 3763 2337 Μὴ

2231 2359 2500 2428 προσθῇς
2517 2361 2639 2428 τοῖς
2663 2364 2866 2432 λόγοις
2895 2365 3102 2428 αὐτοῦ,
3112 2364 3348 2434 μήποτε
3363 2365 3574 2433 ἐλέγξῃ
3589 2379 3668 2417 σε·
3689 2363 3764 2414 καί

2229 2451 2464 2520 ψευδὴς
2491 2452 2634 2521 γένῃ
2655 2469 2667 2482 ·
2700 2455 2814 2518 καὶ,
2841 2455 2983 2508 Οὐαὶ
3013 2455 3135 2520 τοῖς
3155 2459 3634 2525 προφητεύουσιν
3671 2455 3762 2507 ἀπὸ

2228 2542 2478 2609 καρδίας
2507 2543 2727 2597 αὐτῶν.
2767 2547 2908 2615 Ὅρα
2962 2545 3006 2599 δ’
3036 2542 3128 2600 οὖν
3171 2547 3276 2619 ὅσῃ
3324 2545 3600 2616 δυσσεϐείᾳ
3639 2561 3762 2612 περι-

2229 2633 2539 2689 πέπτωκεν.
2581 2635 2640 2688 '0
2670 2636 2777 2706 γὰρ
2813 2636 2910 2706 τὴν
2934 2638 3112 2690 πᾶσαν
3146 2639 3278 2708 περὶ
3305 2637 3400 2689 τοῦ
3426 2636 3761 2706 προῦπάρχον-

2227 2739 2319 2786 τος
2359 2723 2677 2794 μονογενοῦς
2704 2723 2833 2778 Υἱοῦ
2861 2725 3154 2794 θεολογίαν,
3180 2727 3274 2780 ἐπὶ
3301 2727 3400 2798 τὴν
3427 2728 3595 2797 σάρκα
3622 2741 3758 2778 κατα-

2229 2813 2425 2877 ϐαλὼν,
2454 2816 2636 2879 αὐτοῖς
2656 2833 2713 2868 τε
2753 2818 2958 2888 ῥήμασι
2981 2819 3136 2889 νίκης
3168 2819 3453 2888 στέφανον.
3471 2817 3626 2887 αὐτὴν
3659 2817 3760 2867 ἀνσ-

2226 2905 2514 2976 γορεῦσας,
2541 2907 2712 2971 οὕτως
2759 2908 2890 2979 ἔφη·
2920 2910 3009 2962 τὸν
3037 2909 3131 2962 τοῦ
3163 2911 3302 2964 Θεοῦ
3351 2913 3517 2979 Λόγον
3557 2910 3646 2979 τὴν
3688 2907 3761 2959 ἄν·

2227 2996 2506 3069 θρωπίνην
2547 2999 2728 3070 σάρκα
2772 3000 2859 3053 διὰ
2893 3002 2992 3071 τῆς
3024 3002 3378 3064 ἀναστάσεως
3411 3002 3654 3055 ἀθάνατον
3683 3013 3756 3063 γε·

2225 3089 2408 3142 νέσθαι
2459 3092 2948 3160 παρεσκευακέναι,
2986 3095 3076 3146 καὶ
3108 3094 3305 3166 ὥσπερ
3327 3094 3448 3146 τινὰ
3496 3093 3598 3161 (85)
3633 3090 3758 3155 νίκην

2227 3180 2488 3249 στέφανον
2534 3181 2936 3252 ἁναδησάμενον
2962 3187 3020 3237 ὲν
3051 3184 3199 3256 δεξιᾷ
3231 3185 3335 3238 τοῦ
3389 3183 3592 3254 Harpe;
3619 3179 3751 3232 καθέ-

559 3289 782 3327 carnem
826 3289 954 3327 vero
1003 3283 1214 3342 separat
1255 3276 1322 3329 ab
1353 3274 1606 3343 operibus
1635 3272 1834 3327 Verbi:
1879 3282 1933 3327 et
1966 3273 2123 3327 relin-

2230 3271 2438 3336 ζεσθαι,
2472 3267 2625 3338 οὗτος
2652 3275 2813 3338 αὑτός
2839 3293 3001 3347 φησιν
3027 3277 3194 3347 αὐτὴν
3229 3276 3438 3349 ἔρημον
3467 3273 3663 3328 ἔσεσθαι
3685 3269 3758 3323 καὶ

558 3368 678 3434 quit
725 3367 907 3420 nescio
955 3366 1041 3420 ubi
1078 3368 1390 3420 destitutam
1432 3383 1444 3418 :
1479 3365 1836 3418 immortalem
1883 3375 2030 3420 certe
2072 3375 2128 3419 et

560 3457 1018 3524 incorruptibilem
1047 3474 1061 3509 :
1097 3457 1388 3510 inanimem
1414 3471 1560 3520 vero,
1586 3465 1640 3509 et
1666 3454 1920 3510 destituta
1951 3455 2126 3510 Verbo

563 3550 634 3601 ab
660 3549 805 3600 omni
837 3563 1000 3616 opere
1024 3548 1327 3601 leriautem.
1358 3546 1487 3612 Quae
1525 3548 1638 3614 ipsa
1669 3546 1738 3600 de
1774 3563 1879 3600 non
1916 3547 2125 3602 intelle-

560 3640 664 3692 ctis
691 3637 1096 3706 Scripturarum
1129 3636 1454 3690 lectionibus
1497 3636 1741 3691 stabilire
1771 3637 1950 3691 voluit.
1989 3636 2124 3690 Nam

559 3744 683 3783 cum
713 3729 971 3782 Servator
1003 3729 1067 3781 ad
1094 3743 1207 3793 eos,
1235 3728 1326 3797 qui
1363 3743 1466 3780 non
1495 3727 1784 3795 capiebant
1811 3742 2120 3782 sermOuem

557 3836 738 3884 suum,
777 3821 842 3872 de
865 3834 1027 3872 carne
1053 3835 1144 3872 sua
1171 3829 1226 3871 et
1250 3821 1509 3887 sanguine
1553 3819 1910 3872 disserentem
1971 3819 2120 3872 dice-

559 3925 661 3979 ret,
684 3913 911 3967 Hoccine
927 3929 1008 3965 vos
1033 3911 1401 3966 scandalizat?
1421 3911 1480 3964 Si
1508 3927 1628 3979 ergo
1654 3897 1890 3963 videritis
1920 3909 2122 3963 Filium

555 4007 780 4060 hominis
816 4006 1176 4059 ascendentem
1205 4003 1293 4057 ubi
1319 4011 1434 4056 erat
1464 4004 1628 4070 prius.
1657 4002 1883 4068 Spiritus
1910 4012 2004 4061 est.
2031 4004 2120 4071 qui

555 4096 778 4164 vivi/ica!
804 4114 823 4150 :
867 4112 990 4149 caro
1044 4113 1146 4149 non
1199 4096 1404 4161 prodest
1442 4094 1749 4163 quidquam.
1795 4091 1962 4147 Verba
2003 4110 2120 4161 qua:

553 4205 648 4257 ego
671 4192 874 4243 locutus
905 4205 1017 4242 sum
1042 4189 1183 4242 vobis
1213 4188 1427 4254 spiritus
1456 4197 1502 4239 et
1533 4188 1634 4238 vita
1663 4196 1782 4237 sunt
1807 4186 1898 4239 "‘.

2229 3371 2469 3442 ὀρφανὴν
2497 3374 2554 3424 ὲν
2579 3372 2656 3442 τῷ
2687 3373 2780 3426 τοῦ
2802 3375 2998 3438 παντὸς
3017 3375 3158 3428 τέλει
3183 3392 3197 3405 ο
3233 3376 3375 3429 ἑνῶν
3410 3375 3504 3446 μὲν
3525 3373 3606 3425 τὸν
3623 3370 3758 3434 Mr”

2229 3461 2308 3532 τῷ
2332 3462 2469 3532 Θεῷ,
2496 3463 2592 3534 τὴν
2625 3463 2681 3517 δὲ
2716 3465 2894 3535 σάρκα
2923 3466 3171 3538 χωρίζων
3202 3469 3306 3537 τῆς
3328 3466 3419 3519 τοῦ
3442 3465 3600 3532 Λόγου
3639 3461 3756 3527 ἐνερο

2231 3557 2405 3625 γαίας,
2437 3557 2529 3610 καὶ
2568 3559 2883 3614 καταλιπὼν
2922 3561 3110 3632 αὐτὴν,
3139 3563 3240 3615 οὐκ
3280 3559 3375 3614 οἷδ’
3406 3563 3562 3621 ὅπως,
3590 3556 3754 3610 ἀθάνα-

2226 3661 2318 3696 τον
2367 3645 2465 3714 μὲν
2508 3646 2601 3698 καὶ
2646 3646 2945 3718 ἄφθαρτον,
2981 3649 3185 3719 ἄψυχον
3214 3650 3272 3702 δὲ
3316 3652 3406 3703 καὶ
3448 3647 3752 3716 ἀνενέργητῡν

2228 3733 2334 3786 ὑπὸ
2363 3733 2456 3786 τοῦ
2489 3734 2681 3802 Λόγου.
2733 3737 2842 3789 Καὶ
2878 3737 3051 3790 ταῦτα
3094 3739 3149 3790 δὲ
3201 3740 3366 3794 πάλιν
3401 3742 3462 3792 ἐκ
3498 3737 3594 3790 τῶν
3629 3731 3754 3784 θείων

2225 3826 2686 3897 ἀναγνωσμάτων,
2720 3829 2756 3880 ἃ
2808 3829 2882 3900 μὴ
2917 3829 3162 3902 νενόηκε,
3220 3833 3474 3901 συνιστᾷν
3521 3827 3748 3895 πειρᾶται.

2225 3915 2332 3968 Τοῦ
2371 3916 2477 3986 γὰρ
2516 3918 2770 3991 Σωτῆρος
2828 3921 2983 3992 ἡμῶν
3037 3924 3172 3994 πρὸς
3227 3925 3356 3987 τοὺς
3397 3921 3468 3992 μὴ
3517 3916 3750 3972 συνιέντας

2224 4005 2324 4070 τὰς
2354 4009 2482 4077 περὶ
2512 4008 2612 4076 τῆς
2637 4011 2839 4081 σαρκὸς
2863 4013 2956 4064 καὶ
2986 4012 3079 4065 τοῦ
3112 4015 3344 4084 αἵματος
3369 4011 3523 4073 αὐτοῦ
3543 4009 3746 4060 διδασκα-

2227 4098 2347 4162 λίας
2368 4100 2676 4169 εἰρηκότος·
2720 4101 2898 4156 Τοῦτο
2922 4101 3078 4172 ὑμᾶς
3103 4103 3514 4165 σκανδαλίζει;
3547 4100 3641 4152 ἐὰν
3661 4087 3751 4147 οὖν

2227 4186 2481 4254 θεωρῆτε
2523 4189 2631 4242 τὸν
2685 4190 2822 4244 Υίὸν
2853 4191 2960 4246 τοῦ
2993 4194 3308 4262 ἀνθρώπου
3365 4196 3747 4248 ἁνιιίάινονταν

554 4277 707 4332 ὅπου
739 4278 816 4345 ἦν
837 4277 901 4330 τὸ
921 4279 1226 4344 πρότερον,
1241 4275 1303 4328 τὸ
1324 4273 1560 4341 Πνεῦμά
1575 4273 1703 4324 ἐστι
1728 4271 1791 4325 τὸ
1810 4272 2150 4338 ζωοποιοῦν,
2191 4275 2228 4341 ἠ
2249 4275 2405 4342 σὰρξ
2461 4278 2570 4330 οὐκ
2592 4277 2810 4347 ὠφελεῖ
2850 4281 3047 4335 οὐδέν·
3071 4283 3394 4354 tnui-rigata
3415 4283 3450 4336 ἀ
3480 4279 3583 4350 ἐγὼ
3604 4268 3746 4329 ,ιελὰ-

551 4373 711 4436 ληκα
733 4367 891 4436 ὑμῖν,
923 4369 1154 4436 πνευμὰ
1176 4369 1304 4419 ἐστι
1331 4366 1426 4418 καὶ
1455 4363 1564 4432 ζωή
1596 4366 1746 4417 ἐστι.

1199 4453 1350 4508 CAP.
1394 4452 1478 4507 ΧΙ.

555 4546 709 4610 Quod
741 4562 909 4598 vocem
937 4545 1287 4610 evangelicum
1321 4560 1422 4595 non
1449 4542 1767 4606 intelligens,
1799 4544 1934 4598 dixit
1959 4561 2113 4598 scan-

627 4615 914 4679 -dnlizure,
945 4628 990 4668 et
1023 4616 1154 4667 nihil
1180 4616 1425 4682 prodesse
1449 4629 1662 4666 carnem
1699 4612 2016 4668 Servatoris.

624 4772 855 4825 Sensum
895 4771 1179 4824 verborum
1222 4786 1324 4822 non
1360 4769 1790 4837 apprehendens,
1833 4770 2116 4824 existima-

551 4865 630 4919 vit
655 4863 802 4918 illmu
835 4863 920 4916 hic
953 4862 1173 4927 rt'jicere
1218 4866 1276 4923 >14
1332 4876 1547 4914 carnem
1580 4876 1738 4928 quam
1760 4870 2122 4929 assumpserat

551 4959 619 5011 de
671 4967 859 5010 sancta
915 4952 1154 5020 Virgine.
1208 4957 1384 5021 Atque
1434 4955 1630 5005 exinde
1687 4952 1954 5007 coniicere
2004 4954 2117 5006 vult

550 5047 708 5111 illud,
746 5054 867 5114 post
912 5044 1094 5098 mundi
1148 5043 1670 5097 consummationem
1718 5041 1810 5096 Dei
1837 5041 2114 5106 .Verbum,

551 5141 708 5209 plane
742 5138 996 5191 nudatam
1028 5136 1175 5188 omni
1205 5134 1516 5201 operatione
1561 5149 1778 5187 carnem
1827 5150 1977 5188 suam
2024 5139 2118 5187 lle-

629 5235 685 5291 >I<
716 5229 810 5283 Ed.
840 5227 1032 5292 Paris.,
1069 5242 1190 5297 pag.
1215 5225 1335 5280 178.
1367 5225 1489 5281 179.
1564 5227 1610 5258 ⁹⁰
1638 5225 1655 5279 l
1690 5226 1814 5281 Cor.
1846 5241 1966 5287 xm.
2005 5227 2089 5285 l2.

2240 5227 2408 5283 Eccli.
2449 5244 2544 5293 vn,
2583 5229 2671 5294 14,
2714 5229 2799 5284 15.
2875 5231 2920 5262 ⁸³
2969 5229 3067 5286 Isa.
3106 5247 3184 5297 rx,
3218 5231 3303 5288 15.

547 5299 719 5354 62-64

805 5423 842 5451 ἐξ

621 5462 732 5531 (80)
779 5463 1198 5531 Ἄνατρέπουσι
1234 5459 1514 5528 δόγματα.
1537 5457 1735 5531 Asterii
1768 5457 2020 5531 nimirum
2061 5467 2116 5514 et

550 5527 899 5592 Arianorum,
929 5527 1064 5598 quos
1098 5527 1384 5582 Marcellus
1427 5529 1786 5598 Oppugnabat.
1841 5527 1962 5580 Ideo
1995 5531 2114 5582 sine

550 5602 770 5655 disertis
802 5600 1095 5669 Scriptura:
1135 5601 1333 5664 verbis,
1386 5600 1452 5669 ad
1497 5599 1706 5652 illorum
1761 5599 2112 5666 quaestionem

551 5686 656 5723 non
700 5668 1080 5731 responsurum
1115 5684 1173 5722 se
1203 5670 1298 5723 ait.
1335 5668 1414 5722 Ad
1451 5669 1586 5721 alios
1621 5683 1748 5720 vero
1783 5669 1872 5736 qui
1910 5669 2117 5734 simpli-

549 5742 705 5802 citer,
747 5755 842 5791 nec
871 5739 1159 5809 ἐριστικῶς
1205 5741 1559 5809 interrogent,
1589 5739 1972 5809 se‘dicturnm.
2006 5737 2114 5790 Ita-

548 5825 654 5876 que
687 5823 782 5877 pro
805 5805 938 5878 πρὸς
960 5809 1104 5870 τούς,
1138 5811 1368 5878 Iro-gerem
1393 5807 1549 5878 πρὸς
1594 5805 1807 5872 ἄλλους,
1850 5807 1932 5862 vel
1973 5809 2114 5862 ὲκεί-

547 5876 697 5944 νου,,
725 5876 856 5940 τους
880 5878 968 5931 τὸν
997 5876 1217 5949 ἀκριϐῆ,
1251 5889 1355 5933 etc.
1391 5876 1460 5932 Μ.

2857 4460 3014 4514 ΚΕΦ.
3065 4462 3162 4513 lA'.

2227 4545 2521 4624 "Olfwcgh
2548 4546 2780 4624 νρήσας
2802 4547 2916 4614 τὴν
2930 4549 3342 4624 ἐὺαγγεθικὴν
3358 4545 3574 4624 locari)?
3593 4550 3743 4624 οἶκαδ-

2293 4617 2552 4676 audiam
2573 4617 2686 4685 ἔφη
2724 4617 2838 4685 τὴν
2861 4617 3058 4686 σάρκα
3083 4617 3188 4673 τοῦ
3218 4618 3503 4687 Σωτῆρος,
3548 4617 3632 4664 καὶ
3651 4621 3741 4675 μη·

2293 4687 2400 4738 (Ser
2419 4687 2690 4754 ὠφελεῖν.

2297 4775 2408 4843 (84)
2439 4777 2551 4828 Οὐκ
2581 4778 2882 4846 ἐπιστήσας
2902 4780 2965 4847 τῇ
2988 4776 3193 4846 διανοίᾳ
3219 4776 3311 4828 τοῦ
3330 4775 3498 4841 λόγου,
3517 4758 3741 4821 ὑπέλαϐεν

2227 4866 2389 4919 αὐτὸν
2416 4866 2625 4919 ἀθετεῖν
2655 4867 2754 4937 τὴν
2779 4867 2976 4938 σάρκα,
3010 4869 3073 4938 ἢν
3099 4867 3383 4937 ἀνείληφεν
3418 4868 3477 4917 ἐκ
3506 4863 3591 4928 τῆς
3614 4852 3740 4919 ἁγίας

2221 4958 2520 5030 Παρθένου.
2568 4955 2678 5010 Εἶτ’
2711 4961 2774 5011 ὲκ
2811 4959 2998 5012 τούτου
3051 4961 3296 5029 πειρᾶται
3339 4947 3737 5010 κατασκευάζεινο

2220 5045 2294 5106 ὼς
2321 5045 2460 5112 μετὰ
2491 5047 2588 5116 τὴν
2623 5045 2923 5099 συντέλειαν
2947 5047 3038 5098 τοῦ
3065 5047 3281 5109 παντὸς.
3313 5046 3507 5117 ἔρημον
3527 5038 3614 5105 τῆς
3635 5035 3738 5084 έαυ⁴

2219 5134 2314 5186 τοῦ
2347 5137 2624 5207 ἐνεργείας
2647 5139 2704 5189 έν
2720 5136 2795 5206 τῷ
2821 5137 2938 5207 Θεῷ
2953 5138 3120 5207 Λόγος
3142 5137 3447 5206 καταλείψει
3470 5133 3558 5201 τὴν
3575 5127 3736 5193 σάρκ⁵⁸

3386 5230 3449 5260 ⁸³⁸
3483 5223 3622 5279 ³0311.
3655 5227 3731 5275 τινα

2292 5459 2402 5532 (81)
2433 5459 2600 5532 intra
2623 5463 2840 5532 γραφῆς
2859 5460 3092 5532 ἐκείνης·

2292 5519 2403 5600 (82)
2438 5519 2604 5595 Vulgo
2631 5519 2934 5600 προλαϐών,
2968 5519 3170 5583 ctu—nox
3190 5529 3262 5600 μὴ
3296 5519 3554 5600 προσθείς·

2291 5595 2401 5670 (85)
2431 5600 2622 5666 Νίκην
2642 5595 2966 5670 στέφανον.
2997 5601 3149 5670 lis-set
3184 5595 3354 5668 νίκηςζ
3391 5595 3454 5648 Μ.
3517 5659 3526 5670 _
3649 5645 3691 5670 Δ

2289 5657 2400 5738 (86)
2465 5657 2585 5722 Οὐδὲ
2630 5657 2964 5736 ἐπιστήσας
3022 5669 3113 5736 τῇ.
3175 5657 3364 5738 Annon
3411 5659 3589 5737 recti-us

3341 5787 3469 5875 quod
3486 5787 3723 5854 manifeste

2257 5889 2424 5934 cerati.
2525 5920 2537 5933 .

2257 5889 2424 5934 eerat.
2469 5889 2537 5933 Μ.
