3956 6512
236 392 384 448 Υὶὲθ

1156 389 1243 443 DE
1281 386 1816 444 ECCLESIASTICA
1854 382 2249 441 'i'HEOLOGlA
2280 383 2411 439 LIB.
2450 382 2543 439 Ill.

3336 382 3473 438 1030

230 525 361 562 τινα
392 508 488 561 καὶ
521 508 779 578 σύγχυσιν
808 506 1051 574 γίνεσθαι
1090 508 1196 559 τῶν
1226 508 1382 570 δλων,
1420 508 1593 560 ἓνδκαὶ
1624 506 1802 559 mea

1919 505 1992 559 tio
2021 504 2074 558 in
2106 517 2163 557 se
2187 501 2342 556 simul
2385 501 2621 557 omnium
2658 518 2681 579 ,ε
2709 515 2829 555 cum
2888 499 3054 555 Filius
3107 506 3161 553 et
3217 508 3477 569 quotquot

235 599 623 670 γενησομένων
655 598 747 651 τοῦ
771 598 897 651 Υίοῦ
927 600 1021 652 καὶ
1053 600 1159 650 τῶν
1187 598 1387 651 λοιπῶν
1414 600 1685 661 ἁπάντων,
1721 601 1816 650 καὶ

236 690 303 743 οὑ
329 691 511 759 μόνον,
533 689 665 742 ἀλλὰ
692 690 783 742 καὶ
799 688 960 741 αὑτοῦ
978 688 1069 741 τοῦ
1088 689 1218 741 Θεοῦ
1240 690 1293 757 (6
1299 709 1336 757 ).
1358 691 1417 741 Et
1434 692 1539 760 γὰρ
1555 690 1621 741 τὰ
1641 690 1815 743 πάντα

236 780 319 851 τῷ
352 781 468 850 Υἱῷ
490 822 503 843 ,
539 783 566 833 ὁ
591 781 645 833 δὲ
682 781 803 844 Υἱὸς
838 780 914 850 τῷ
950 783 1118 851 Πατρὶ
1142 820 1156 843 ,
1198 783 1254 833 ἐν
1292 781 1369 850 τῷ
1417 780 1813 834 ὑποτάσσεσθαι

239 871 479 932 ἑνοῦται,
496 873 598 942 ὅρα
627 872 679 923 τε
702 871 983 940 συμϐαίνει
1017 872 1080 924 ἐκ
1105 872 1195 924 τοῦ
1220 872 1398 939 λόγου.
1446 871 1601 926 Ἀλλ’.
1628 871 1814 941 ὥσπερ

236 963 339 1030 οὑχ
371 962 564 1013 ἕνωσιν
592 963 620 1013 ὀ
658 960 973 1024 Ἀπόστολος
988 960 1176 1031 ἐδήλου
1204 960 1395 1028 λέγων,
1413 960 1813 1029 ’Υποταγήσε-

236 1053 383 1103 σθαι
416 1048 495 1113 τῷ
552 1048 658 1114 Υἱῷ
702 1050 772 1103 τὰ
823 1050 1050 1113 πάντα,
1084 1051 1215 1103 ἀλλὰ
1247 1052 1343 1121 τὴν
1376 1051 1433 1116 ἐξ
1466 1050 1811 1103 αὑθεκουσίου

237 1142 617 1214 προαιρέσεως
647 1143 891 1213 ὑπακοὴν
922 1144 1014 1196 καὶ
1046 1142 1141 1213 τήν
1171 1142 1325 1207 δόξαν
1360 1144 1451 1195 καὶ
1488 1141 1584 1212 τὴν
1627 1135 1812 1211 τιμὴν,

234 1233 307 1302 ἢν
342 1231 613 1285 ἀποδώσει
642 1233 789 1303 αὑτῴ
818 1233 885 1286 τὰ
918 1234 1113 1295 πάντα,
1154 1228 1238 1285 οἷα
1269 1232 1500 1302 Σωτῆρι,
1529 1231 1623 1284 καὶ
1665 1230 1815 1300 βασι-

236 1323 325 1375 λεῖ
353 1322 461 1374 τῶν
489 1322 621 1374 ὅλων
637 1339 650 1352 ·
669 1322 757 1375 τὸν
780 1323 937 1376 αὑτὸν
953 1324 1149 1394 τρόπον
1176 1324 1267 1376 καὶ
1284 1322 1342 1376 τὸ
1369 1322 1525 1375 αὑτὸν
1545 1322 1816 1391 ὑποταγή-

240 1415 436 1468 σεσθαι
469 1414 545 1484 τῷ
574 1416 745 1486 Πατρὶ
767 1416 917 1468 οὐδὲν
933 1418 1113 1487 ἕτερον
1140 1417 1500 1486 (7),σημαίνοι
1530 1416 1615 1475 ἂν,
1655 1406 1814 1485 ῆντὴν

236 1507 401 1572 δόξαν
416 1507 508 1558 καὶ
522 1506 587 1576 τὴ
594 1526 620 1557 ν
632 1508 793 1577 τιμήν
812 1508 970 1559 καὶτὸ
986 1508 1147 1571 σὲᾶας
1160 1510 1254 1578 τήν
1267 1525 1323 1559 τε
1345 1506 1812 1577 μεγαλοπρέπειαν

235 1598 342 1667 τήν
362 1614 422 1649 τε
450 1596 798 1650 αὑθεκοὺσιον
820 1598 1083 1667 ὑπακοὴν,
1115 1600 1178 1669 ἢν
1219 1599 1312 1650 καὶ
1356 1598 1515 1659 αὑτὸς
1546 1596 1811 1650 ἀποδώσει

230 1689 319 1759 τῷ
338 1688 458 1757 Θεῷ
492 1688 585 1740 καὶ
614 1688 822 1759 ΙΙατρὶ,
872 1688 1087 1740 ἐπειδὰν
1119 1689 1245 1751 τοὺς
1269 1690 1470 1749 πάντας
1504 1686 1683 1751 ἀξίους
1716 1686 1811 1755 τῆς

232 1781 515 1850 πατρικῆς
537 1780 785 1849 Θεότητος
806 1775 940 1831 εἶναι
964 1780 1373 1849 παρασκευάσῃ.
1393 1778 1540 1840 Τέως
1561 1777 1656 1845 μὲν
1680 1774 1807 1842 γὰρ,

1915 605 2039 650 sunt
2063 594 2225 648 futuri
2257 593 2521 654 homines,
2560 608 2721 646 nnutn
2764 592 2926 646 futuri
2967 592 3073 646 sint
3118 600 3277 660 atque
3308 591 3474 654 idem,

1916 703 2014 741 nec
2038 703 2224 742 eorum
2263 685 2632 739 tantummodo
2658 685 2708 737 in
2736 700 2936 746 unum;
2969 684 3061 737 sed
3101 693 3153 736 et
3189 682 3279 735 Dei
3317 681 3475 735 simul

1914 779 2091 832 futura
2124 779 2190 832 sit
2235 776 2472 831 coalitio.
2516 775 2589 829 Ita
2632 777 2775 827 enim
2809 790 3025 829 necesse
3061 784 3163 837 est,
3207 774 3472 841 siquidem

1914 874 2095 925 omnia
2150 870 2317 931 Filio,
2388 868 2555 921 Filius
2604 878 2780 919 autem
2820 867 2984 929 Patri,
3044 868 3094 919 iu
3136 866 3475 933 subjiciendo

1915 966 2170 1016 uniantur
2213 980 2225 1017 :
2265 964 2363 1015 hoc
2402 963 2545 1015 enim
2588 958 2655 1013 de
2697 961 2881 1029 positis
2931 970 3306 1027 consequitur.
3366 957 3472 1011 Sed

1915 1054 2369 1119 quemadutmlutn
2408 1052 2661 1103 unionem
2708 1067 2811 1102 non
2863 1051 3117 1102 indicavit
3162 1049 3471 1115 Apostolus,

1917 1144 2181 1210 inquiens,
2233 1142 2420 1195 Omnia
2464 1139 2606 1194 Filio
2651 1140 3012 1208 subjicientur.
3069 1139 3171 1194 Sed
3222 1139 3476 1191 obedien-

1918 1235 2040 1287 tiam
2080 1235 2245 1286 vnluit
2278 1236 2342 1287 de
2368 1235 2533 1287 libera
2566 1234 2944 1301 procedentem
2974 1232 3244 1285 voluntate
3276 1241 3329 1286 et
3363 1230 3474 1301 glo-

1916 1326 2046 1376 riam
2079 1334 2130 1377 et
2155 1325 2433 1385 honorem,
2464 1340 2621 1390 quem
2653 1324 2959 1377 referebant
2976 1324 3023 1374 ei
3049 1324 3249 1384 omnia,
3285 1333 3473 1390 utpote

1916 1414 2187 1467 Servatori
2225 1424 2277 1468 et
2306 1416 2415 1483 regi
2443 1416 2678 1467 omnium
2716 1415 2816 1470 :ad
2845 1415 3090 1466 eumdem
3138 1416 3385 1478 modum,
3419 1423 3473 1467 et

1915 1506 2059 1559 illum
2088 1504 2386 1572 subjectum
2434 1506 2498 1559 iri
2531 1506 2674 1559 Patri
2712 1522 2807 1560 suo
2834 1506 2965 1560 nihil
2995 1506 3139 1557 aliud
3181 1506 3469 1575 siguilicat,

1912 1612 2070 1665 quam
2095 1597 2317 1665 gloriam
2351 1608 2403 1651 et
2438 1598 2694 1652 honorem
2735 1610 2786 1652 et
2817 1601 3243 1661 venerationem,
3273 1608 3326 1652 et
3361 1613 3475 1651 ma-

1914 1691 2303 1757 gnificentiam,
2360 1700 2414 1744 et
2446 1690 2796 1743 Voluntariam
2842 1689 3249 1756 sultjectinnem,
3312 1704 3470 1759 quam

1916 1781 2219 1835 redditurus
2252 1790 2337 1835 est
2388 1782 2499 1849 ipse
2543 1782 2649 1835 Deo
2686 1790 2738 1833 ct
2791 1779 2969 1840 Patri,
3021 1796 3140 1833 cum
3195 1782 3473 1833 universos

227 1870 311 1931 ὠς
338 1870 429 1920 ὅτε
461 1869 558 1922 οὑκ
587 1869 723 1932 ἄξιοι
750 1867 948 1938 ταύτης
988 1868 1110 1930 είσὶ,
1158 1866 1440 1937 προλαϐὼν
1491 1864 1669 1926 αὑτὸς,
1722 1856 1802 1914 οἶά

1909 1868 2143 1922 echcerit
2178 1870 2366 1938 dignos
2399 1871 2680 1924 divinitate
2714 1886 2807 1923 sua
2842 1880 3080 1935 paterna.
3122 1866 3297 1937 Usque
3327 1869 3470 1921 enim

231 1975 324 2017 τις
355 1958 532 2021 κοινὸς
561 1958 815 2010 ἁπάντων
855 1956 1063 2026 Σωτήρ,
1096 1954 1447 2024 διορθωτικὴν
1472 1954 1577 2005 τῶν
1606 1950 1807 2005 ἀτελῶν

230 2052 331 2103 καί
367 2051 770 2120 θεραπευτικὴν
786 2050 890 2102 τῶν
909 2048 1195 2118 θεραπείας
1235 2049 1501 2117 δεομένων
1534 2044 1807 2114 βασιλείαν

228 2143 531 2213 βασιλεύει,
582 2144 707 2204 τοὺς
751 2141 849 2208 τὴς
888 2140 1159 2210 βασιλείας
1194 2140 1423 2211 ἐχθροὺς
1449 2140 1673 2207 ὑπάγων
1697 2143 1808 2203 τοῖς

224 2233 401 2286 αὑτοῦ
452 2233 635 2285 ποσίν·
674 2232 703 2283 ὃ
746 2232 809 2301 δὴ
856 2233 1179 2302 παρίστησιν
1225 2233 1253 2283 ὁ
1299 2232 1522 2299 φάσκων
1558 2230 1805 2299 Ψαλμὸς,

224 2322 421 2378 Εἶπεν
456 2327 488 2376 ό
517 2324 729 2389 Κύριος
754 2320 833 2385 τῷ
866 2323 1058 2389 Κιιρίῳ
1078 2338 1197 2388 μου
1218 2360 1231 2383 ,
1264 2320 1457 2373 Κάθου
1493 2321 1560 2373 ἐκ
1596 2319 1808 2383 δεξιῶν

217 2432 370 2483 μου,
404 2413 515 2477 ἓως
547 2412 623 2465 ἂν
651 2417 730 2466 θω
753 2412 894 2476 τοὺς
914 2412 1163 2479 ἐχθρούς
1192 2429 1306 2465 σου
1338 2410 1666 2465 ὑποπόδιον
1690 2409 1807 2463 τῶν

224 2505 435 2559 ποδῶν
464 2520 600 2568 σου,
639 2504 726 2556 ὅτε
759 2503 884 2565 τοὺς
915 2504 1017 2571 μὲν
1040 2503 1266 2572 ἐχθροὺς
1295 2503 1399 2555 ὑπὸ
1430 2502 1595 2564 πόδας
1636 2501 1801 2565 θέσει,

218 2599 356 2659 τοὺς
390 2596 446 2649 δὲ
475 2596 574 2664 τῆς
604 2594 767 2648 αὑτοῦ
816 2594 1087 2663 βασιλείας
1134 2594 1313 2658 ἀξίους
1366 2596 1423 2647 ὲν
1468 2593 1804 2661 ἀτελευτήτῳ

223 2689 343 2758 ζωῇ
381 2688 728 2758 καταστήσει.
764 2685 1074 2755 Τηνικαῦτα
1108 2687 1216 2757 γὰρ
1269 2685 1358 2738 καὶ
1393 2685 1467 2755 (8)
1514 2687 1541 2737 ὀ
1590 2685 1805 2738 πάντων

222 2779 428 2850 ἐχθρὸς
480 2778 706 2842 θάνατος
741 2779 965 2848 ἔσχατος
1010 2777 1520 2849 καταργηθήσεται·
1581 2776 1805 2847 μηδενὸς

218 2870 337 2942 γὰρ
380 2870 700 2941 θνήσκοντος
743 2871 855 2932 ἔτι,
895 2871 952 2921 ὲν
984 2869 1185 2940 αἰωνίῳ
1233 2868 1309 2945 δὲῤ
1330 2868 1441 2937 ζωῇ
1489 2866 1804 2937 ζησομένων

218 2962 350 3013 τότε
380 2961 487 3014 τῶν
520 2961 617 3030 τῆς
646 2961 915 3031 βασιλείας
951 2961 1135 3025 ἀξίων,
1165 2961 1254 3013 τὸν
1288 2960 1514 3013 θάνατον
1543 2962 1804 3031 ἀργήσειν

220 3052 410 3115 εἰκὸς,
444 3054 633 3122 μηκέτ’
689 3052 879 3122 ἔχοντα
910 3050 1001 3114 οὓς
1045 3050 1399 3103 Θανατώσειεν
1442 3051 1537 3117 (9).
1575 3046 1675 3102 Ἦν
1703 3044 1803 3102 ὧδε

220 3142 711 3213 εὐτρεπισθέντων,
730 3142 806 3211 τῷ
829 3141 940 3211 Υίῴ
962 3140 1053 3192 τοῦ
1075 3140 1206 3192 Θεοῦ
1240 3142 1501 3211 σωτήριον
1529 3139 1802 3210 ὑποταγὴν

220 3234 428 3295 παντες
451 3235 497 3285 oi
516 3233 656 3301 ἅγιοι
677 3234 1124 3301 ὑποταγήσονται,
1145 3230 1292 3302 αὑτῷ
1311 3231 1420 3301 ζωῇ
1446 3232 1541 3299 μὲν
1564 3231 1675 3283 ὄντι
1704 3231 1800 3302 ζη-

220 3324 447 3394 σόμενοι
468 3324 714 3387 αἱωνίως·
738 3326 897 3395 σοφίᾳ
933 3324 988 3376 δὲ
1009 3324 1140 3383 ὄντι,
1160 3323 1311 3391 σοφοὶ
1342 3323 1634 3393 γενόμενοι·
1660 3322 1800 3394 λόγῳ

218 3415 279 3467 δὲ
320 3415 470 3478 ὅντι,
520 3414 687 3483 λόγιοι
735 3416 1208 3486 ἁπεργασθέντες’
1252 3414 1391 3468 οὑτω
1423 3415 1480 3467 δὲ
1522 3415 1615 3468 καὶ
1662 3417 1797 3487 Χρι-

219 3508 343 3558 moi.
365 3508 704 3576 γενήσονται,
726 3508 992 3578 πνεύματι
1012 3507 1109 3577 τῆς
1126 3507 1288 3559 αὑτοῦ
1307 3508 1531 3570 εὑωδίας
1552 3506 1802 3581 χρισθέν-

217 3612 314 3659 τες
340 3612 355 3624 ’
390 3595 673 3664 φωστῆρες
696 3613 755 3647 τε
786 3596 1258 3666 ἀναδειχθήσονται
1297 3595 1389 3647 τοῦ
1424 3596 1542 3649 νέου
1584 3595 1795 3658 αἰῶνος·

218 3683 283 3748 ἐξ
301 3683 469 3736 αὑτοῦ
497 3684 564 3737 τὰ
588 3685 738 3752 φῶτα
761 3686 992 3756 χορηγού
1002 3703 1150 3755 μενοι
1174 3687 1264 3738 καὶ
1290 3686 1395 3738 υἱοὶ
1420 3686 1475 3737 δὲ
1498 3685 1631 3738 Θεοῦ
1658 3686 1800 3739 ἔσον-

217 3796 336 3839 ται,
372 3776 450 3846 τῷ
492 3779 589 3847 τῆς
625 3777 897 3841 υἱοθεσίας
935 3777 1206 3847 πνεύματι
1252 3777 1653 3847 κοσμηθέντες,
1703 3778 1798 3829 καὶ

216 3869 333 3921 τῶν
365 3868 566 3922 λοιπῶν
597 3871 654 3921 ἐν
684 3868 831 3937 αὑτῷ
872 3869 1151 3938 δυνάμεων
1182 3868 1525 3938 μεθέξουσιν,
1560 3868 1609 3918 oi
1648 3867 1799 3937 αὑτῷ

220 3962 730 4030 ὑποταγησόμενοι,
765 3961 840 4023 ὼς
885 3962 979 4013 καί
1008 3960 1249 4022 δικαίους
1294 3958 1545 4027 γενέσθαι
1588 3960 1652 4011 ὲκ
1699 3959 1797 4028 τῆς

218 4054 392 4106 αὑτοῦ
426 4052 789 4123 δικαιοσύνης,
824 4055 917 4106 καὶ
959 4053 1146 4120 ἁγίους
1188 4054 1251 4104 ὲκ
1294 4055 1393 4122 τῆς
1442 4050 1601 4103 αὑτοῦ
1631 4053 1797 4119 ἁγιω-

221 4143 412 4213 σύνης.
454 4144 605 4196 Ἐπεὶ
629 4143 684 4196 δὲ
711 4146 804 4196 καὶ
825 4144 955 4206 Θεὸς
982 4138 1049 4213 ἦν
1077 4144 1105 4195 ὁ
1130 4143 1317 4209 Λόγος,
1345 4140 1465 4193 οὑδὲ
1490 4140 1588 4208 τῆς
1617 4139 1797 4210 θεότη-

218 4250 311 4295 τος
340 4234 521 4294 αὐτοῖς
552 4232 825 4302 φθονήσειο
854 4231 993 4284 ὥστε
1020 4230 1382 4302 ἐπαληθεῦσαι
1405 4230 1493 4282 τὸν
1536 4230 1794 4281 Ἀπόστο-

217 4322 333 4383 λον,
363 4324 787 4390 κληρονόμους
821 4322 938 4390 μὲν
970 4321 1136 4384 Θεοῦ,
1162 4321 1694 4390 συγκληρονόμους
1728 4318 1797 4371 δὲ

217 4412 480 4481 λριστοῦ
526 4411 849 4482 γενήσεσθαι
887 4412 1009 4474 τοὺς
1044 4412 1229 4478 ἁγίους
1263 4412 1620 4483 προφήσαντα
1660 4409 1790 4478 (10).

1829 3177 1870 3233 C

1911 1963 2033 2013 dum
2068 1960 2224 2026 hujus
2264 1976 2367 2013 nou
2402 1970 2526 2014 sunt
2556 1962 2733 2029 digni,
2775 1962 3070 2029 anticipans
3106 1961 3256 2027 ipse;
3305 1960 3468 2012 veluti

1908 2052 2211 2104 communis
2240 2052 2458 2120 quidam
2486 2053 2723 2105 nuntium
2757 2053 3028 2111 Servatur.
3056 2067 3273 2119 regnum
3301 2051 3469 2103 admi-

1908 2141 2126 2206 nistrat,
2161 2156 2267 2210 quo
2308 2142 2604 2210 imperfecti
2649 2153 3090 2196 consummentur
3114 2154 3162 2196 et
3193 2143 3468 2195 curatione

1910 2229 2209 2300 indigentes
2243 2244 2527 2295 curentur,
2575 2232 2869 2298 subjiciens
2919 2236 3017 2286 sub
3077 2234 3321 2302 pedibus‘
3355 2232 3469 2285 suis

1908 2320 2089 2372 hostes
2119 2320 2272 2374 istius
2299 2324 2448 2391 regni
2484 2322 2587 2375 sui.
2616 2322 2767 2387 Quod
2799 2334 2851 2377 et
2897 2323 3141 2376 l’salmus
3192 2324 3469 2390 indicavit,

1908 2409 2340 2475 inquiens.Dixit
2372 2410 2623 2463 Dominus
2657 2411 2875 2463 Domino
2905 2430 3035 2476 meo,
3066 2412 3192 2467 S'ea'e
3213 2431 3243 2465 α
3274 2414 3470 2466 dextris

1906 2501 2065 2563 meis,
2103 2503 2261 2553 donec
2300 2518 2517 2569 posuero
2554 2504 2787 2555 inimicos
2821 2516 2933 2556 luas
2963 2506 3245 2557 scabellum
3284 2507 3471 2572 pedum

1908 2600 2115 2641 tuorum
2152 2591 2214 2642 ¹³.
2252 2590 2476 2656 Quando
2513 2592 2761 2646 inimicos
2790 2596 3058 2661 positurus
3088 2608 3172 2649 est
3198 2607 3294 2651 sub
3324 2598 3473 2665 pedi-

1907 2678 2006 2732 bus
2031 2681 2140 2733 suis
2169 2694 2185 2733 :
2216 2696 2312 2735 suo
2334 2691 2514 2734 autem
2546 2697 2712 2749 regno
2739 2683 2951 2751 dignos,
2996 2685 3046 2737 in
3079 2688 3185 2738 vita
3216 2686 3470 2740 intermi-

1906 2770 2071 2823 nabili
2126 2771 2523 2824 constituturus
2558 2790 2569 2823 :
2606 2783 2715 2824 tum
2747 2783 2795 2825 et
2846 2775 3085 2826 omnium
3130 2775 3467 2829 inimicorum

1907 2875 2053 2914 mors
2100 2872 2402 2928 postremus
2443 2862 2776 2930 subjicietur.
2834 2862 2965 2916 Cum
2998 2866 3140 2917 enim
3189 2878 3345 2917 nemo
3402 2866 3471 2919 sit

1904 2952 2155 3019 deinceps
2208 2953 2524 3014 moriturus,
2562 2956 2654 3007 sed
2700 2955 2750 3005 in
2794 2955 2899 3006 vita
2938 2954 3321 3009 interminabili
3355 2972 3473 3009 om-

1906 3059 2002 3096 nes
2043 3043 2258 3107 victuri,
2299 3054 2406 3095 tntn
2455 3055 2680 3098 mortem
2735 3046 2957 3099 onmino
3000 3047 3357 3115 abolendam,
3412 3049 3465 3101 iu

1906 3134 2080 3203 dignis
2108 3136 2195 3188 illo
2225 3151 2411 3204 regno,
2443 3148 2590 3190 recte
2629 3138 2732 3191 dici
2777 3138 3009 3202 videtur,
3041 3155 3159 3191 rum
3203 3156 3358 3193 nemo
3398 3142 3471 3194 sit

1903 3227 2119 3281 futurus
2173 3244 2333 3297 quem
2375 3229 2571 3284 alliciat
2602 3241 2788 3285 morte.
2829 3232 3031 3299 Quibus
3066 3235 3131 3285 ad
3170 3233 3310 3286 hunc
3352 3249 3469 3287 mo-

1900 3320 2026 3373 dum
2077 3322 2366 3389 adaptatis,
2410 3322 2544 3375 Filio
2575 3324 2788 3391 quidem
2825 3324 2915 3378 Dei
2958 3326 3127 3378 sancti
3156 3340 3343 3379 omnes
3373 3340 3472 3393 per

1900 3413 2190 3467 salutarem
2238 3415 2618 3482 subiectionem
2670 3416 3043 3483 subjicieutur,
3111 3428 3376 3485 quatenus
3422 3418 3467 3470 is

1900 3507 2006 3560 vita
2027 3516 2127 3569 est,
2152 3508 2316 3577 vitam
2348 3509 2399 3561 in
2431 3524 2494 3563 co
2524 3509 2711 3562 victuri
2762 3509 3118 3562 immortalem
3150 3526 3164 3561 :
3197 3516 3469 3576 quatenus

1900 3600 2185 3667 sapientia,
2228 3601 2497 3669 sapientes
2555 3601 2765 3655 futuri:
2799 3601 2948 3670 logos
3004 3609 3291 3669 quatenus,
3344 3600 3469 3668 lngo

1900 3691 2229 3758 perﬁciendi,
2275 3702 2328 3744 et
2357 3690 2604 3745 Christus
2634 3702 2928 3761 quatenus,
2963 3692 3129 3745 odore
3157 3691 3275 3760 ejus
3325 3691 3468 3745 bono

1900 3782 2207 3849 inungendi.
2250 3782 2559 3836 Luminaria
2601 3784 3027 3849 designabantur
3066 3784 3188 3836 novi
3241 3783 3467 3847 saeculi,

1902 3876 1961 3933 ›Ῑ‹
1990 3874 2180 3938 quibus
2205 3876 2291 3926 lux
2316 3875 2382 3927 ab
2416 3875 2504 3928 illo
2529 3875 2970 3942 suppeditabitur.
3013 3874 3133 3929 Filii
3162 3876 3250 3927 Dei
3300 3875 3463 3928 futuri

1897 3960 2173 4015 illiationis
2197 3964 2387 4031 spiritu
2418 3964 2535 4031 ejus
2569 3964 2812 4017 adornati
2845 3975 2898 4017 et
2935 3967 3154 4017 exculti.
3186 3965 3466 4029 Quomodo

1896 4050 1987 4117 qui
2034 4049 2107 4101 illi
2161 4060 2286 4104 sunt
2342 4050 2658 4118 subiiciendi
2705 4066 2927 4117 omnes,
2976 4050 3294 4105 fueultatum
3346 4066 3463 4119 ejus

1897 4146 2210 4190 ceterarum
2264 4140 2554 4206 participes
2611 4138 2760 4194 licuit.
2819 4137 2949 4190 Nam
3008 4150 3062 4192 et
3111 4138 3240 4207 justi
3300 4140 3461 4191 futuri

1896 4240 2043 4295 sunt,
2075 4232 2139 4284 de
2163 4229 2371 4298 justitia
2408 4231 2558 4299 ejus:
2595 4234 2738 4287 etde
2766 4233 3053 4286 sanctitate
3094 4232 3234 4286 illius
3264 4232 3459 4286 sancti.

1898 4319 2003 4373 Sed
2039 4336 2209 4390 neque
2257 4323 2687 4389 quandoquidem
2739 4321 2879 4376 Deus
2926 4332 3045 4376 erat
3097 4322 3368 4385 Verbum,
3407 4334 3464 4375 et

1897 4411 2148 4464 deitatem
2198 4425 2350 4463 suam
2394 4410 2459 4464 iis
2502 4411 2754 4464 invidebit
2794 4428 2808 4463 :
2859 4419 2916 4463 ut
2965 4424 3089 4464 vere
3136 4411 3345 4464 locutus
3390 4410 3463 4463 sit

217 4504 331 4556 Nat
370 4519 477 4573 μην
520 4505 614 4557 καὶ
666 4502 910 4574 σώμασιν
954 4502 1258 4572 οὐρανίοις,
1290 4501 1422 4572 ήλίῳ
1456 4502 1548 4554 καὶ
1596 4500 1789 4572 σελήνῃ

1906 4501 2200 4570 Apostolus.
2231 4500 2478 4555 Heredes
2512 4502 2629 4567 Dei,
2664 4503 2955 4555 coheredes
2995 4513 3164 4554 autem
3200 4498 3394 4554 Christi
3418 4501 3463 4532 “

218 4596 314 4648 καὶ
356 4594 575 4668 ἄστροις
610 4597 899 4666 χρήσονται
936 4593 1353 4665 παραπλησίοις,
1403 4592 1494 4646 καὶ
1533 4595 1591 4646 ἐν
1622 4593 1794 4663 τούτῳ

213 4688 318 4756 τῆς
349 4686 513 4739 αὑτοῦ
549 4687 983 4761 μεταληψόμενοι,
1003 4685 1179 4755 δόξης.
1215 4685 1282 4737 '0
1312 4683 1376 4754 δὴ
1420 4684 1467 4753 (1
1482 4681 1529 4755 ί)
1557 4684 1793 4755 παρίστη

215 4775 382 4840 αὐτὸς
423 4779 625 4847 φήσας,
661 4777 729 4840 ἐξ
772 4772 843 4832 οὗ
894 4777 990 4829 καὶ
1040 4773 1283 4841 Σωτῆρα
1326 4774 1794 4844 ἀπεκδεχόμεθα,

228 4870 443 4936 ’ἰύριον
503 4868 747 4934 Ἰησοῦν
796 4870 1055 4939 Χριστὸν
1091 4870 1158 4937 ὃς
1193 4868 1685 4937 μετασχηματίζει
1724 4868 1793 4921 τὸ

220 4958 392 5029 σῶμα
423 4958 531 5027 τῆς
562 4961 971 5028 ταπεινώσεως
996 4961 1313 5031 ἡμῶν-(12),
1333 4961 1691 5028 σύμμορφον
1708 4957 1794 5025 τῷ

296 5122 355 5179 ὦ
397 5117 492 5170 Ed.
526 5116 721 5184 Paris.,
750 5132 873 5187 pag.
907 5118 1028 5174 185.
1108 5117 1151 5148 ⁸³
1178 5116 1321 5170 Psal.
1351 5130 1461 5178 cu,
1494 5113 1546 5168 Ι.

288 5316 367 5385 (6)
401 5316 570 5383 Vulgo
598 5317 646 5367 εί
682 5316 801 5386 μὲν.

288 5388 364 5456 (7)
402 5386 567 5465 Vulgo
592 5388 868 5456 σημαίνει,
891 5398 943 5441 et
966 5403 1084 5442 mox
1116 5393 1309 5459 μεγαλ.
1344 5394 1437 5446 καὶ
1457 5394 1554 5465 τήν
1589 5396 1779 5448 αὑθεκ.

212 5458 515 5526 ὑποταγὴν.

287 5530 363 5604 ιδ)
404 5523 460 5577 ’(1⁷
490 5523 732 5604 πάκτων
757 5526 1006 5604 Αὲχθρός.
1042 5528 1321 5604 Legeretu,
1358 5534 1657 5604 τηνικαῦτα
1688 5536 1782 5588 καὶ

210 5603 242 5653 ὁ
267 5601 485 5681 παντων
520 5594 1001 5681 ἐξειρῶνῄθάνιατος,
1020 5594 1145 5681 ἐτιρῖ
1162 5601 1226 5681 51.

288 5669 362 5738 (9)
406 5661 519 5718 Ὧν
552 5661 687 5719 ὧδε.
721 5664 810 5717 5η·
847 5668 1144 5745 legendum.
1178 5668 1369 5745 Statim
1398 5675 1655 5745 εΧριστοὶ
1686 5692 1779 5743 γε-

212 5740 468 5811 νήσονται
503 5753 608 5790 non
640 5746 942 5803 γενήσοντι.
991 5737 1157 5791 Erunt
1195 5741 1267 5792 illi
1302 5737 1510 5797 christi.
1546 5744 1615 5801 .u.

1899 4590 2106 4646 futuros
2132 4608 2244 4647 eos.
2279 4594 2382 4647 Sed
2410 4603 2464 4648 et
2502 4609 2727 4661 corpora
2769 4610 2864 4648 sua
2899 4594 3205 4648 aeternitate
3236 4594 3460 4662 praedita

1901 4671 2020 4749 soli,
2054 4684 2190 4739 lunae
2219 4696 2272 4737 et
2299 4683 2568 4739 sideribus
2601 4684 2797 4738 similia
2831 4687 3234 4740 cornscahunt:
3264 4699 3369 4750 quo
3408 4696 3463 4737 et

1902 4777 1954 4828 in
2002 4775 2118 4841 ipso
2161 4772 2277 4842 ejus
2320 4775 2502 4843 gloriae
2560 4776 2979 4845 participabunt.
3022 4776 3171 4843 Quod
3216 4786 3270 4829 et
3317 4774 3460 4827 idem

1898 4862 2080 4915 docuit
2116 4863 2287 4924 aiens,
2332 4860 2477 4915 Unde
2519 4874 2565 4915 et
2604 4860 2929 4916 Servatorem
2969 4874 3324 4930 exspectamus
3367 4859 3460 4912 Je-

1898 4968 2011 5005 sum
2041 4949 2340 5018 Chn’st’um,
2366 4955 2454 5021 qui
2484 4953 2878 5023 lramformabit
2916 4968 3103 5020 corpus
3148 4952 3459 5004 humilitatis

1623 5115 1666 5144 “
1704 5112 1860 5167 Rom.
1901 5126 2029 5179 vui,
2062 5111 2128 5164 17

1958 5323 2068 5393 (l0)
2098 5320 2204 5376 Ναὶ
2236 5319 2355 5389 μὴν
2400 5321 2493 5374 καί
2526 5319 2801 5393 σώμασιν
2831 5318 3171 5393 οἰιιπινίοις.⁸
3194 5315 3267 5393 De
3299 5314 3458 5367 clari-

1891 5388 1997 5447 tate
2030 5388 2314 5460 etwpm'utn
2342 5388 2763 5457 gloritit-aturutn
2795 5392 3046 5452 intelligit
3076 5407 3089 5440 :
3126 5388 3209 5460 ubi
3235 5394 3454 5460 qmdant

1888 5474 1944 5516 ut
1971 5465 2071 5526 sol,
2112 5456 2201 5514 alii
2240 5473 2293 5513 ut
2322 5456 2469 5516 luna.
2506 5464 2618 5512 tadi
2662 5464 2812 5512 bllzal.
2856 5461 3018 5510 Stella
3052 5458 3193 5526 enim
3233 5472 3260 5507 a
3297 5456 3456 5526 stella

1887 5524 2083 5588 differt,
2107 5543 2160 5582 et
2184 5537 2259 5580 sn-
2284 5542 2363 5581 est
2393 5532 2718 5583 resurrectio
2745 5545 3101 5580 mortuorum.
3146 5524 3217 5578 Μ.
3240 5553 3310 5563 -
3343 5524 3449 5592 Mp.

1883 5603 2015 5665 νίοις
2045 5607 2159 5653 loro
2181 5600 2469 5671 οὐρανίοις.

1956 5662 2067 5742 (ll)
2106 5662 2346 5736 vagus:
2367 5670 2635 5739 παρίστας
2674 5662 3257 5742 (παρίστηΜυλίκαη
3295 5663 3457 5742 αὑτός

1884 5736 2195 5813 φησιν’(λιςε
2238 5736 2659 5813 φήσας)”‹ει-ιιιυι
2694 5736 2846 5802 vulgo
2870 5736 3224 5813 Κύριονιτδ.νι
3247 5736 3454 5813 ισκΧρ.

1952 5808 2062 5882 (12)
2098 5808 2452 5880 Σιπμμορφον
2475 5808 2549 5874 τῷ
2570 5809 2811 5878 σώματι.
2840 5808 2986 5861 Adde
3010 5808 3281 5874 γενέσθαι.
3328 5809 3397 5856 δι.
