  <div class='ocr_page' id='page_1' title='image "/cluster/home/n/w/nwhite01/storage/ocr_20150623/24/hvd.32044019207729/532.png"; bbox 0 0 3956 6516; ppageno 0'>
   <div class='ocr_carea' id='block_1_1' title="bbox 249 505 385 572">
    <p class='ocr_par' dir='ltr' id='par_1_1' title="bbox 249 505 385 572">
     <span class='ocr_line' id='line_1_1' title="bbox 249 505 385 572; baseline 0.007 -1"><span class='ocrx_word' id='word_1_1' title='bbox 249 505 385 572; x_wconf 68' lang='lat' dir='ltr'><strong>r353</strong></span> 
     </span>
    </p>
   </div>
   <div class='ocr_carea' id='block_1_2' title="bbox 1148 499 2573 590">
    <p class='ocr_par' dir='ltr' id='par_1_2' title="bbox 1148 499 2573 590">
     <span class='ocr_line' id='line_1_2' title="bbox 1148 499 2573 590; baseline 0.003 -19"><span class='ocrx_word' id='word_1_2' title='bbox 1148 516 1249 590; x_wconf 72' lang='lat' dir='ltr'><strong>una</strong></span> <span class='ocrx_word' id='word_1_3' title='bbox 1283 505 1826 574; x_wconf 78' lang='lat' dir='ltr'><strong>ECCLESlASTlCA</strong></span> <span class='ocrx_word' id='word_1_4' title='bbox 1865 507 2262 573; x_wconf 73' lang='lat' dir='ltr'><strong>1‘qume</strong></span> <span class='ocrx_word' id='word_1_5' title='bbox 2296 518 2426 575; x_wconf 88' lang='lat' dir='ltr'><strong>LIB.</strong></span> <span class='ocrx_word' id='word_1_6' title='bbox 2463 499 2573 576; x_wconf 70' lang='lat' dir='ltr'><strong>tn.’</strong></span> 
     </span>
    </p>
   </div>
   <div class='ocr_carea' id='block_1_3' title="bbox 3321 521 3452 576">
    <p class='ocr_par' dir='ltr' id='par_1_3' title="bbox 3321 521 3452 576">
     <span class='ocr_line' id='line_1_3' title="bbox 3321 521 3452 576; baseline 0 0"><span class='ocrx_word' id='word_1_7' title='bbox 3321 521 3452 576; x_wconf 74' lang='grc'><strong>1051</strong></span> 
     </span>
    </p>
   </div>
   <div class='ocr_carea' id='block_1_4' title="bbox 242 630 1807 706">
    <p class='ocr_par' dir='ltr' id='par_1_4' title="bbox 242 630 1804 704">
     <span class='ocr_line' id='line_1_4' title="bbox 242 630 1804 704; baseline 0.003 -23"><span class='ocrx_word' id='word_1_8' title='bbox 242 630 372 702; x_wconf 61' lang='grc' dir='ltr'><strong>λαϐὴ</strong></span> <span class='ocrx_word' id='word_1_9' title='bbox 408 630 628 684; x_wconf 82' lang='grc' dir='ltr'>ὲνοικῶν</span> <span class='ocrx_word' id='word_1_10' title='bbox 660 631 717 683; x_wconf 81' lang='grc' dir='ltr'>ὲν</span> <span class='ocrx_word' id='word_1_11' title='bbox 753 633 962 696; x_wconf 77' lang='grc' dir='ltr'>αὐτοῖς,</span> <span class='ocrx_word' id='word_1_12' title='bbox 987 634 1079 686; x_wconf 76' lang='grc' dir='ltr'><strong>καὶ</strong></span> <span class='ocrx_word' id='word_1_13' title='bbox 1105 633 1488 704; x_wconf 76' lang='grc' dir='ltr'><strong>ἐμπεριπατῶν</strong></span> <span class='ocrx_word' id='word_1_14' title='bbox 1517 636 1574 686; x_wconf 83' lang='grc' dir='ltr'>ὲν</span> <span class='ocrx_word' id='word_1_15' title='bbox 1602 633 1804 698; x_wconf 83' lang='grc' dir='ltr'>αὐτοῖς,</span> 
     </span>
    </p>
   </div>
   <div class='ocr_carea' id='block_1_5' title="bbox 1911 630 3461 706">
    <p class='ocr_par' dir='ltr' id='par_1_5' title="bbox 1911 635 3461 706">
     <span class='ocr_line' id='line_1_5' title="bbox 1911 635 3461 706; baseline 0.002 -18"><span class='ocrx_word' id='word_1_16' title='bbox 1911 636 2106 697; x_wconf 85' lang='lat' dir='ltr'><strong>bitans,</strong></span> <span class='ocrx_word' id='word_1_17' title='bbox 2139 637 2188 688; x_wconf 93' lang='lat' dir='ltr'><strong>in</strong></span> <span class='ocrx_word' id='word_1_18' title='bbox 2220 635 2323 689; x_wconf 87' lang='lat' dir='ltr'><strong>illis</strong></span> <span class='ocrx_word' id='word_1_19' title='bbox 2355 637 2650 700; x_wconf 78' lang='lat' dir='ltr'><strong>ambulans,</strong></span> <span class='ocrx_word' id='word_1_20' title='bbox 2679 648 2776 692; x_wconf 90' lang='lat' dir='ltr'><strong>nec</strong></span> <span class='ocrx_word' id='word_1_21' title='bbox 2815 635 3132 706; x_wconf 76' lang='lat' dir='ltr'><strong>dedignatus</strong></span> <span class='ocrx_word' id='word_1_22' title='bbox 3173 650 3295 692; x_wconf 83' lang='lat' dir='ltr'><strong>esse</strong></span> <span class='ocrx_word' id='word_1_23' title='bbox 3339 638 3461 691; x_wconf 59' lang='lat' dir='ltr'><strong>illo-</strong></span> 
     </span>
    </p>
   </div>
   <div class='ocr_carea' id='block_1_6' title="bbox 243 721 1796 790">
    <p class='ocr_par' dir='ltr' id='par_1_6' title="bbox 243 721 1796 790">
     <span class='ocr_line' id='line_1_6' title="bbox 243 721 1796 790; baseline 0.003 -16"><span class='ocrx_word' id='word_1_24' title='bbox 243 721 336 775; x_wconf 80' lang='grc' dir='ltr'><strong>καὶ</strong></span> <span class='ocrx_word' id='word_1_25' title='bbox 373 722 507 785; x_wconf 83' lang='grc' dir='ltr'><strong>Θεὸς</strong></span> <span class='ocrx_word' id='word_1_26' title='bbox 542 721 716 774; x_wconf 79' lang='grc' dir='ltr'>αὐτῶν</span> <span class='ocrx_word' id='word_1_27' title='bbox 755 723 854 776; x_wconf 81' lang='grc' dir='ltr'><strong>οὐκ</strong></span> <span class='ocrx_word' id='word_1_28' title='bbox 897 723 1139 790; x_wconf 80' lang='grc' dir='ltr'><strong>ἀπαξιῶν</strong></span> <span class='ocrx_word' id='word_1_29' title='bbox 1177 721 1333 787; x_wconf 84' lang='grc' dir='ltr'>εἷναι,</span> <span class='ocrx_word' id='word_1_30' title='bbox 1367 725 1490 778; x_wconf 83' lang='grc' dir='ltr'>λαόν</span> <span class='ocrx_word' id='word_1_31' title='bbox 1538 743 1596 778; x_wconf 88' lang='grc' dir='ltr'><strong>τε</strong></span> <span class='ocrx_word' id='word_1_32' title='bbox 1634 725 1796 778; x_wconf 75' lang='grc' dir='ltr'>αὑτοῦ</span> 
     </span>
    </p>
   </div>
   <div class='ocr_carea' id='block_1_7' title="bbox 242 812 1799 884">
    <p class='ocr_par' dir='ltr' id='par_1_7' title="bbox 242 812 1799 884">
     <span class='ocr_line' id='line_1_7' title="bbox 242 812 1799 884; baseline 0.002 -19"><span class='ocrx_word' id='word_1_33' title='bbox 242 813 365 876; x_wconf 76' lang='grc' dir='ltr'>τοὺς</span> <span class='ocrx_word' id='word_1_34' title='bbox 400 813 608 875; x_wconf 87' lang='grc' dir='ltr'>πάντας</span> <span class='ocrx_word' id='word_1_35' title='bbox 647 812 1032 883; x_wconf 86' lang='grc' dir='ltr'>οἰκειούμενος.</span> <span class='ocrx_word' id='word_1_36' title='bbox 1080 813 1234 866; x_wconf 77' lang='grc' dir='ltr'>Οὕτω</span> <span class='ocrx_word' id='word_1_37' title='bbox 1273 815 1374 884; x_wconf 86' lang='grc' dir='ltr'><strong>μὲν</strong></span> <span class='ocrx_word' id='word_1_38' title='bbox 1405 815 1504 868; x_wconf 84' lang='grc' dir='ltr'><strong>οὐκ</strong></span> <span class='ocrx_word' id='word_1_39' title='bbox 1554 815 1710 868; x_wconf 78' lang='grc' dir='ltr'>ἔσται</span> <span class='ocrx_word' id='word_1_40' title='bbox 1741 816 1799 868; x_wconf 77' lang='grc' dir='ltr'>ἐν</span> 
     </span>
    </p>
   </div>
   <div class='ocr_carea' id='block_1_8' title="bbox 239 903 1807 980">
    <p class='ocr_par' dir='ltr' id='par_1_8' title="bbox 239 903 1807 980">
     <span class='ocr_line' id='line_1_8' title="bbox 239 903 1807 980; baseline 0.002 -22"><span class='ocrx_word' id='word_1_41' title='bbox 239 904 444 969; x_wconf 70' lang='grc' dir='ltr'>αὐτοῖς,</span> <span class='ocrx_word' id='word_1_42' title='bbox 485 904 560 969; x_wconf 85' lang='grc' dir='ltr'>ὡς</span> <span class='ocrx_word' id='word_1_43' title='bbox 593 906 684 958; x_wconf 72' lang='grc' dir='ltr'><strong>καὶ</strong></span> <span class='ocrx_word' id='word_1_44' title='bbox 725 905 781 956; x_wconf 81' lang='grc' dir='ltr'>ὲν</span> <span class='ocrx_word' id='word_1_45' title='bbox 819 906 966 975; x_wconf 81' lang='grc' dir='ltr'>αὐτῷ</span> <span class='ocrx_word' id='word_1_46' title='bbox 989 906 1201 974; x_wconf 85' lang='grc' dir='ltr'>λέγεται</span> <span class='ocrx_word' id='word_1_47' title='bbox 1238 903 1375 960; x_wconf 85' lang='grc' dir='ltr'>εἶναι</span> <span class='ocrx_word' id='word_1_48' title='bbox 1417 907 1494 977; x_wconf 80' lang='grc' dir='ltr'>τῷ</span> <span class='ocrx_word' id='word_1_49' title='bbox 1525 909 1656 980; x_wconf 82' lang='grc' dir='ltr'>Υἰῶ,</span> <span class='ocrx_word' id='word_1_50' title='bbox 1676 907 1807 960; x_wconf 89' lang='grc' dir='ltr'>καθ-</span> 
     </span>
    </p>
   </div>
   <div class='ocr_carea' id='block_1_9' title="bbox 239 995 1809 1069">
    <p class='ocr_par' dir='ltr' id='par_1_9' title="bbox 239 995 1809 1069">
     <span class='ocr_line' id='line_1_9' title="bbox 239 995 1809 1069; baseline 0.004 -22"><span class='ocrx_word' id='word_1_51' title='bbox 239 995 315 1059; x_wconf 77' lang='grc' dir='ltr'>ὼς</span> <span class='ocrx_word' id='word_1_52' title='bbox 347 995 587 1050; x_wconf 82' lang='grc' dir='ltr'><strong>διδάσκει</strong></span> <span class='ocrx_word' id='word_1_53' title='bbox 630 996 800 1064; x_wconf 86' lang='grc' dir='ltr'>λέγων</span> <span class='ocrx_word' id='word_1_54' title='bbox 828 997 1010 1060; x_wconf 78' lang='grc' dir='ltr'>αὐτὸς,</span> <span class='ocrx_word' id='word_1_55' title='bbox 1049 999 1103 1050; x_wconf 89' lang='grc' dir='ltr'><strong><em>Ὁ</em></strong></span> <span class='ocrx_word' id='word_1_56' title='bbox 1130 998 1331 1066; x_wconf 78' lang='grc' dir='ltr'>Πατὴρ</span> <span class='ocrx_word' id='word_1_57' title='bbox 1371 999 1441 1052; x_wconf 84' lang='grc' dir='ltr'><strong>ἐν</strong></span> <span class='ocrx_word' id='word_1_58' title='bbox 1471 1000 1618 1068; x_wconf 78' lang='grc' dir='ltr'>ἐμοὶ,</span> <span class='ocrx_word' id='word_1_59' title='bbox 1648 999 1809 1069; x_wconf 78' lang='grc' dir='ltr'>κάγὼ</span> 
     </span>
    </p>
   </div>
   <div class='ocr_carea' id='block_1_10' title="bbox 236 1086 1807 1163">
    <p class='ocr_par' dir='ltr' id='par_1_10' title="bbox 236 1086 1807 1163">
     <span class='ocr_line' id='line_1_10' title="bbox 236 1086 1807 1163; baseline 0.003 -23"><span class='ocrx_word' id='word_1_60' title='bbox 236 1088 308 1140; x_wconf 79' lang='grc' dir='ltr'><strong>ἐν</strong></span> <span class='ocrx_word' id='word_1_61' title='bbox 348 1086 430 1152; x_wconf 83' lang='grc' dir='ltr'>τῷ</span> <span class='ocrx_word' id='word_1_62' title='bbox 479 1088 694 1155; x_wconf 82' lang='grc' dir='ltr'>Πατρί·</span> <span class='ocrx_word' id='word_1_63' title='bbox 743 1089 836 1141; x_wconf 74' lang='grc' dir='ltr'>καὶ</span> <span class='ocrx_word' id='word_1_64' title='bbox 879 1088 1058 1142; x_wconf 84' lang='grc' dir='ltr'>πάντα</span> <span class='ocrx_word' id='word_1_65' title='bbox 1089 1089 1145 1143; x_wconf 82' lang='grc' dir='ltr'>δὲ</span> <span class='ocrx_word' id='word_1_66' title='bbox 1190 1090 1340 1144; x_wconf 78' lang='grc' dir='ltr'>ἔσται</span> <span class='ocrx_word' id='word_1_67' title='bbox 1380 1094 1437 1144; x_wconf 84' lang='grc' dir='ltr'>ὲν</span> <span class='ocrx_word' id='word_1_68' title='bbox 1475 1093 1674 1155; x_wconf 79' lang='grc' dir='ltr'>αὐτοῖς,</span> <span class='ocrx_word' id='word_1_69' title='bbox 1728 1092 1807 1163; x_wconf 85' lang='grc' dir='ltr'>τῷ</span> 
     </span>
    </p>
   </div>
   <div class='ocr_carea' id='block_1_11' title="bbox 239 1179 1806 1254">
    <p class='ocr_par' dir='ltr' id='par_1_11' title="bbox 239 1179 1806 1254">
     <span class='ocr_line' id='line_1_11' title="bbox 239 1179 1806 1254; baseline 0.004 -24"><span class='ocrx_word' id='word_1_70' title='bbox 239 1180 406 1231; x_wconf 72' lang='grc' dir='ltr'>πᾶσιν</span> <span class='ocrx_word' id='word_1_71' title='bbox 449 1179 636 1231; x_wconf 79' lang='grc' dir='ltr'>ἑαυτὸν</span> <span class='ocrx_word' id='word_1_72' title='bbox 684 1179 966 1250; x_wconf 84' lang='grc' dir='ltr'>παρέχειν,</span> <span class='ocrx_word' id='word_1_73' title='bbox 1008 1181 1129 1233; x_wconf 73' lang='grc' dir='ltr'>καθ’</span> <span class='ocrx_word' id='word_1_74' title='bbox 1157 1182 1186 1234; x_wconf 88' lang='grc' dir='ltr'><strong>ὃ</strong></span> <span class='ocrx_word' id='word_1_75' title='bbox 1230 1185 1262 1253; x_wconf 81' lang='grc' dir='ltr'><strong>ἡ</strong></span> <span class='ocrx_word' id='word_1_76' title='bbox 1310 1183 1537 1236; x_wconf 80' lang='grc' dir='ltr'>ἑκάστου</span> <span class='ocrx_word' id='word_1_77' title='bbox 1582 1183 1806 1254; x_wconf 89' lang='grc' dir='ltr'>δύναμις</span> 
     </span>
    </p>
   </div>
   <div class='ocr_carea' id='block_1_12' title="bbox 237 1269 1811 1345">
    <p class='ocr_par' dir='ltr' id='par_1_12' title="bbox 237 1269 1811 1345">
     <span class='ocr_line' id='line_1_12' title="bbox 237 1269 1811 1345; baseline 0.002 -22"><span class='ocrx_word' id='word_1_78' title='bbox 237 1272 409 1341; x_wconf 78' lang='grc' dir='ltr'>χωρεῖ</span> <span class='ocrx_word' id='word_1_79' title='bbox 444 1271 542 1340; x_wconf 79' lang='grc' dir='ltr'>τῆς</span> <span class='ocrx_word' id='word_1_80' title='bbox 569 1270 728 1324; x_wconf 77' lang='grc' dir='ltr'>αὐτοῦ</span> <span class='ocrx_word' id='word_1_81' title='bbox 761 1269 1010 1340; x_wconf 81' lang='grc' dir='ltr'><strong>θεότητος</strong></span> <span class='ocrx_word' id='word_1_82' title='bbox 1040 1274 1463 1344; x_wconf 75' lang='grc' dir='ltr'><strong>μεταλαγχάνειν</strong></span> <span class='ocrx_word' id='word_1_83' title='bbox 1484 1291 1497 1303; x_wconf 90' lang='grc'><strong>·</strong></span> <span class='ocrx_word' id='word_1_84' title='bbox 1531 1274 1628 1344; x_wconf 79' lang='grc' dir='ltr'>τῆς</span> <span class='ocrx_word' id='word_1_85' title='bbox 1659 1291 1811 1345; x_wconf 88' lang='grc' dir='ltr'>τρισ-</span> 
     </span>
    </p>
   </div>
   <div class='ocr_carea' id='block_1_13' title="bbox 241 1361 1805 1436">
    <p class='ocr_par' dir='ltr' id='par_1_13' title="bbox 241 1361 1805 1436">
     <span class='ocr_line' id='line_1_13' title="bbox 241 1361 1805 1436; baseline 0.003 -22"><span class='ocrx_word' id='word_1_86' title='bbox 241 1362 520 1434; x_wconf 83' lang='grc' dir='ltr'>μακαριας</span> <span class='ocrx_word' id='word_1_87' title='bbox 541 1361 750 1425; x_wconf 77' lang='grc' dir='ltr'>ἐλπίδος</span> <span class='ocrx_word' id='word_1_88' title='bbox 772 1363 864 1415; x_wconf 75' lang='grc' dir='ltr'><strong>καὶ</strong></span> <span class='ocrx_word' id='word_1_89' title='bbox 889 1363 989 1433; x_wconf 80' lang='grc' dir='ltr'>τῆς</span> <span class='ocrx_word' id='word_1_90' title='bbox 1014 1364 1371 1435; x_wconf 78' lang='grc' dir='ltr'>ἀτελευτήτου</span> <span class='ocrx_word' id='word_1_91' title='bbox 1399 1367 1491 1418; x_wconf 72' lang='grc' dir='ltr'><strong>καὶ</strong></span> <span class='ocrx_word' id='word_1_92' title='bbox 1531 1365 1805 1436; x_wconf 67' lang='grc' dir='ltr'>ἀφθάρτου</span> 
     </span>
    </p>
   </div>
   <div class='ocr_carea' id='block_1_14' title="bbox 236 1450 1808 1526">
    <p class='ocr_par' dir='ltr' id='par_1_14' title="bbox 236 1450 1808 1526">
     <span class='ocr_line' id='line_1_14' title="bbox 236 1450 1808 1526; baseline 0.003 -21"><span class='ocrx_word' id='word_1_93' title='bbox 236 1451 391 1523; x_wconf 80' lang='grc' dir='ltr'>ζωῆς</span> <span class='ocrx_word' id='word_1_94' title='bbox 418 1455 473 1506; x_wconf 84' lang='grc' dir='ltr'>ὲν</span> <span class='ocrx_word' id='word_1_95' title='bbox 496 1454 666 1524; x_wconf 82' lang='grc' dir='ltr'>τούτῳ</span> <span class='ocrx_word' id='word_1_96' title='bbox 691 1455 1166 1525; x_wconf 82' lang='grc' dir='ltr'>καταστησομένης</span> <span class='ocrx_word' id='word_1_97' title='bbox 1187 1455 1265 1526; x_wconf 79' lang='grc' dir='ltr'>τῷ</span> <span class='ocrx_word' id='word_1_98' title='bbox 1291 1456 1454 1520; x_wconf 79' lang='grc' dir='ltr'>τέλει,</span> <span class='ocrx_word' id='word_1_99' title='bbox 1484 1458 1541 1508; x_wconf 83' lang='grc' dir='ltr'>ὲν</span> <span class='ocrx_word' id='word_1_100' title='bbox 1570 1450 1674 1523; x_wconf 74' lang='grc' dir='ltr'><strong>ᾧσὸ</strong></span> <span class='ocrx_word' id='word_1_101' title='bbox 1712 1458 1808 1526; x_wconf 80' lang='grc' dir='ltr'><strong>μὲν</strong></span> 
     </span>
    </p>
   </div>
   <div class='ocr_carea' id='block_1_15' title="bbox 235 1543 1808 1618">
    <p class='ocr_par' dir='ltr' id='par_1_15' title="bbox 235 1543 1808 1618">
     <span class='ocr_line' id='line_1_15' title="bbox 235 1543 1808 1618; baseline 0.001 -21"><span class='ocrx_word' id='word_1_102' title='bbox 235 1544 373 1607; x_wconf 84' lang='grc' dir='ltr'>Θεὸς</span> <span class='ocrx_word' id='word_1_103' title='bbox 405 1543 557 1597; x_wconf 79' lang='grc' dir='ltr'>ἔσται</span> <span class='ocrx_word' id='word_1_104' title='bbox 603 1545 777 1598; x_wconf 88' lang='grc' dir='ltr'>πάντα</span> <span class='ocrx_word' id='word_1_105' title='bbox 814 1547 872 1600; x_wconf 83' lang='grc' dir='ltr'>ὲν</span> <span class='ocrx_word' id='word_1_106' title='bbox 916 1548 1048 1600; x_wconf 82' lang='grc' dir='ltr'>πᾶσι</span> <span class='ocrx_word' id='word_1_107' title='bbox 1094 1546 1227 1616; x_wconf 75' lang='grc'><strong>(15),</strong></span> <span class='ocrx_word' id='word_1_108' title='bbox 1261 1550 1380 1610; x_wconf 83' lang='grc' dir='ltr'>ταῖς</span> <span class='ocrx_word' id='word_1_109' title='bbox 1428 1547 1527 1617; x_wconf 77' lang='grc' dir='ltr'>τῆς</span> <span class='ocrx_word' id='word_1_110' title='bbox 1559 1547 1808 1618; x_wconf 77' lang='grc' dir='ltr'>θεότητος</span> 
     </span>
    </p>
   </div>
   <div class='ocr_carea' id='block_1_16' title="bbox 236 1635 1807 1710">
    <p class='ocr_par' dir='ltr' id='par_1_16' title="bbox 236 1635 1807 1710">
     <span class='ocr_line' id='line_1_16' title="bbox 236 1635 1807 1710; baseline 0.004 -24"><span class='ocrx_word' id='word_1_111' title='bbox 236 1635 406 1687; x_wconf 78' lang='grc' dir='ltr'>αὑτοῦ</span> <span class='ocrx_word' id='word_1_112' title='bbox 452 1641 835 1707; x_wconf 78' lang='grc' dir='ltr'><strong>μαρμαρυγαῖς</strong></span> <span class='ocrx_word' id='word_1_113' title='bbox 876 1639 1098 1691; x_wconf 82' lang='grc' dir='ltr'>ἀλέκτου</span> <span class='ocrx_word' id='word_1_114' title='bbox 1146 1639 1321 1705; x_wconf 77' lang='grc' dir='ltr'>φωτὸς</span> <span class='ocrx_word' id='word_1_115' title='bbox 1368 1638 1652 1710; x_wconf 77' lang='grc' dir='ltr'><strong>ἐμπιπλῶν</strong></span> <span class='ocrx_word' id='word_1_116' title='bbox 1683 1641 1807 1702; x_wconf 84' lang='grc' dir='ltr'>τοὺς</span> 
     </span>
    </p>
   </div>
   <div class='ocr_carea' id='block_1_17' title="bbox 236 1726 1809 1802">
    <p class='ocr_par' dir='ltr' id='par_1_17' title="bbox 236 1726 1809 1802">
     <span class='ocr_line' id='line_1_17' title="bbox 236 1726 1809 1802; baseline 0.003 -23"><span class='ocrx_word' id='word_1_117' title='bbox 236 1726 470 1791; x_wconf 75' lang='grc' dir='ltr'>’πάνταςο</span> <span class='ocrx_word' id='word_1_118' title='bbox 494 1731 520 1781; x_wconf 83' lang='grc' dir='ltr'><strong>ὀ</strong></span> <span class='ocrx_word' id='word_1_119' title='bbox 539 1729 594 1781; x_wconf 82' lang='grc' dir='ltr'>δὲ</span> <span class='ocrx_word' id='word_1_120' title='bbox 620 1730 746 1794; x_wconf 78' lang='grc' dir='ltr'>Υἱὸς</span> <span class='ocrx_word' id='word_1_121' title='bbox 766 1730 1189 1801; x_wconf 85' lang='grc' dir='ltr'>ὲναγαλλόμενος</span> <span class='ocrx_word' id='word_1_122' title='bbox 1219 1733 1311 1783; x_wconf 74' lang='grc' dir='ltr'>καὶ</span> <span class='ocrx_word' id='word_1_123' title='bbox 1343 1732 1545 1802; x_wconf 79' lang='grc' dir='ltr'>χαίρων</span> <span class='ocrx_word' id='word_1_124' title='bbox 1577 1731 1652 1801; x_wconf 85' lang='grc' dir='ltr'><strong>τῷ</strong></span> <span class='ocrx_word' id='word_1_125' title='bbox 1678 1749 1809 1786; x_wconf 63' lang='grc' dir='ltr'>κατι</span> 
     </span>
    </p>
   </div>
   <div class='ocr_carea' id='block_1_18' title="bbox 239 1818 1809 1892">
    <p class='ocr_par' dir='ltr' id='par_1_18' title="bbox 239 1818 1809 1892">
     <span class='ocr_line' id='line_1_18' title="bbox 239 1818 1809 1892; baseline 0.003 -22"><span class='ocrx_word' id='word_1_126' title='bbox 239 1818 522 1891; x_wconf 81' lang='grc' dir='ltr'>ορθῶματι</span> <span class='ocrx_word' id='word_1_127' title='bbox 542 1860 556 1883; x_wconf 92' lang='grc'><strong>,</strong></span> <span class='ocrx_word' id='word_1_128' title='bbox 595 1821 856 1890; x_wconf 78' lang='grc' dir='ltr'>στεφάνου</span> <span class='ocrx_word' id='word_1_129' title='bbox 887 1823 1041 1892; x_wconf 82' lang='grc' dir='ltr'>δίκην</span> <span class='ocrx_word' id='word_1_130' title='bbox 1087 1822 1270 1892; x_wconf 88' lang='grc' dir='ltr'>περιθέ</span> <span class='ocrx_word' id='word_1_131' title='bbox 1282 1839 1437 1892; x_wconf 85' lang='grc' dir='ltr'>μενος</span> <span class='ocrx_word' id='word_1_132' title='bbox 1466 1824 1590 1885; x_wconf 80' lang='grc' dir='ltr'>τοὺς</span> <span class='ocrx_word' id='word_1_133' title='bbox 1621 1823 1686 1874; x_wconf 79' lang='grc' dir='ltr'>δι’</span> <span class='ocrx_word' id='word_1_134' title='bbox 1713 1824 1809 1875; x_wconf 82' lang='grc' dir='ltr'>αύ-</span> 
     </span>
    </p>
   </div>
   <div class='ocr_carea' id='block_1_19' title="bbox 234 1911 1808 1984">
    <p class='ocr_par' dir='ltr' id='par_1_19' title="bbox 234 1911 1808 1984">
     <span class='ocr_line' id='line_1_19' title="bbox 234 1911 1808 1984; baseline 0.002 -22"><span class='ocrx_word' id='word_1_135' title='bbox 234 1911 334 1962; x_wconf 84' lang='grc' dir='ltr'>τοῦ</span> <span class='ocrx_word' id='word_1_136' title='bbox 381 1911 484 1981; x_wconf 82' lang='grc' dir='ltr'>τῆς</span> <span class='ocrx_word' id='word_1_137' title='bbox 519 1913 915 1984; x_wconf 79' lang='grc' dir='ltr'>μακαριότητος</span> <span class='ocrx_word' id='word_1_138' title='bbox 962 1913 1323 1983; x_wconf 66' lang='grc' dir='ltr'>ἠξιωμένους,</span> <span class='ocrx_word' id='word_1_139' title='bbox 1361 1913 1464 1964; x_wconf 81' lang='grc' dir='ltr'>ὑπὸ</span> <span class='ocrx_word' id='word_1_140' title='bbox 1505 1913 1682 1984; x_wconf 74' lang='grc' dir='ltr'>ὲφόρῳ</span> <span class='ocrx_word' id='word_1_141' title='bbox 1729 1913 1808 1983; x_wconf 84' lang='grc' dir='ltr'><strong>τῷ</strong></span> 
     </span>
    </p>
   </div>
   <div class='ocr_carea' id='block_1_20' title="bbox 1916 726 3464 797">
    <p class='ocr_par' dir='ltr' id='par_1_20' title="bbox 1916 726 3464 797">
     <span class='ocr_line' id='line_1_20' title="bbox 1916 726 3464 797; baseline 0.001 -19"><span class='ocrx_word' id='word_1_142' title='bbox 1916 741 2033 779; x_wconf 86' lang='lat' dir='ltr'><strong>rum</strong></span> <span class='ocrx_word' id='word_1_143' title='bbox 2079 727 2244 789; x_wconf 80' lang='lat' dir='ltr'><strong>Deus,</strong></span> <span class='ocrx_word' id='word_1_144' title='bbox 2273 740 2392 780; x_wconf 91' lang='lat' dir='ltr'><strong>cum</strong></span> <span class='ocrx_word' id='word_1_145' title='bbox 2426 726 2477 778; x_wconf 94' lang='lat' dir='ltr'><strong>in</strong></span> <span class='ocrx_word' id='word_1_146' title='bbox 2517 726 2769 794; x_wconf 88' lang='lat' dir='ltr'><strong>populum</strong></span> <span class='ocrx_word' id='word_1_147' title='bbox 2807 726 2906 781; x_wconf 84' lang='lat' dir='ltr'><strong>sibi</strong></span> <span class='ocrx_word' id='word_1_148' title='bbox 2931 741 3118 782; x_wconf 88' lang='lat' dir='ltr'><strong>omnes</strong></span> <span class='ocrx_word' id='word_1_149' title='bbox 3152 731 3464 797; x_wconf 86' lang='lat' dir='ltr'><strong>appropria-</strong></span> 
     </span>
    </p>
   </div>
   <div class='ocr_carea' id='block_1_21' title="bbox 1915 818 3460 888">
    <p class='ocr_par' dir='ltr' id='par_1_21' title="bbox 1915 818 3460 888">
     <span class='ocr_line' id='line_1_21' title="bbox 1915 818 3460 888; baseline 0.003 -19"><span class='ocrx_word' id='word_1_150' title='bbox 1915 819 2068 870; x_wconf 83' lang='lat' dir='ltr'><strong>verit.</strong></span> <span class='ocrx_word' id='word_1_151' title='bbox 2114 818 2228 872; x_wconf 87' lang='lat' dir='ltr'><strong>Non</strong></span> <span class='ocrx_word' id='word_1_152' title='bbox 2276 829 2450 872; x_wconf 87' lang='lat' dir='ltr'><strong>autem</strong></span> <span class='ocrx_word' id='word_1_153' title='bbox 2493 819 2594 871; x_wconf 86' lang='lat' dir='ltr'><strong>erit</strong></span> <span class='ocrx_word' id='word_1_154' title='bbox 2637 819 2702 872; x_wconf 89' lang='lat' dir='ltr'><strong>ad</strong></span> <span class='ocrx_word' id='word_1_155' title='bbox 2739 833 2862 873; x_wconf 90' lang='lat' dir='ltr'><strong>eum</strong></span> <span class='ocrx_word' id='word_1_156' title='bbox 2927 819 3140 874; x_wconf 88' lang='lat' dir='ltr'><strong>modum</strong></span> <span class='ocrx_word' id='word_1_157' title='bbox 3189 819 3242 872; x_wconf 90' lang='lat' dir='ltr'><strong>in</strong></span> <span class='ocrx_word' id='word_1_158' title='bbox 3289 820 3460 888; x_wconf 88' lang='lat' dir='ltr'><strong>ipsis,</strong></span> 
     </span>
    </p>
   </div>
   <div class='ocr_carea' id='block_1_22' title="bbox 1907 905 3460 990">
    <p class='ocr_par' dir='ltr' id='par_1_22' title="bbox 1907 905 3460 990">
     <span class='ocr_line' id='line_1_22' title="bbox 1907 905 3460 990; baseline 0.003 -32"><span class='ocrx_word' id='word_1_159' title='bbox 1907 908 2352 973; x_wconf 84' lang='lat' dir='ltr'><strong>quemadmodum</strong></span> <span class='ocrx_word' id='word_1_160' title='bbox 2398 907 2593 962; x_wconf 75' lang='lat' dir='ltr'><strong>dicitur</strong></span> <span class='ocrx_word' id='word_1_161' title='bbox 2624 907 2675 960; x_wconf 93' lang='lat' dir='ltr'><strong>in</strong></span> <span class='ocrx_word' id='word_1_162' title='bbox 2721 905 2857 990; x_wconf 55' lang='lat' dir='ltr'><strong>Pilio</strong></span> <span class='ocrx_word' id='word_1_163' title='bbox 2883 921 3021 971; x_wconf 89' lang='lat' dir='ltr'><strong>esse,</strong></span> <span class='ocrx_word' id='word_1_164' title='bbox 3049 907 3114 962; x_wconf 88' lang='lat' dir='ltr'><strong>de</strong></span> <span class='ocrx_word' id='word_1_165' title='bbox 3145 923 3250 977; x_wconf 90' lang='lat' dir='ltr'><strong>quo</strong></span> <span class='ocrx_word' id='word_1_166' title='bbox 3280 909 3460 972; x_wconf 85' lang='lat' dir='ltr'><strong>docet,</strong></span> 
     </span>
    </p>
   </div>
   <div class='ocr_carea' id='block_1_23' title="bbox 1907 990 3460 1068">
    <p class='ocr_par' dir='ltr' id='par_1_23' title="bbox 1907 990 3460 1068">
     <span class='ocr_line' id='line_1_23' title="bbox 1907 990 3460 1068; baseline 0.005 -20"><span class='ocrx_word' id='word_1_167' title='bbox 1907 995 2070 1052; x_wconf 79' lang='lat' dir='ltr'><strong>Pater</strong></span> <span class='ocrx_word' id='word_1_168' title='bbox 2104 999 2159 1052; x_wconf 84' lang='lat' dir='ltr'><strong>in</strong></span> <span class='ocrx_word' id='word_1_169' title='bbox 2197 990 2296 1063; x_wconf 56' lang='lat' dir='ltr'><strong>me&#39;,</strong></span> <span class='ocrx_word' id='word_1_170' title='bbox 2325 1010 2374 1053; x_wconf 80' lang='lat' dir='ltr'><strong>et</strong></span> <span class='ocrx_word' id='word_1_171' title='bbox 2409 1016 2502 1068; x_wconf 79' lang='lat' dir='ltr'><strong>ego</strong></span> <span class='ocrx_word' id='word_1_172' title='bbox 2546 999 2599 1052; x_wconf 85' lang='lat' dir='ltr'><strong>in</strong></span> <span class='ocrx_word' id='word_1_173' title='bbox 2631 997 2792 1052; x_wconf 78' lang='lat' dir='ltr'><strong>Patre</strong></span> <span class='ocrx_word' id='word_1_174' title='bbox 2811 1000 2855 1031; x_wconf 82' lang='grc'><strong>²⁰</strong></span> <span class='ocrx_word' id='word_1_175' title='bbox 2879 1017 2895 1066; x_wconf 88' lang='lat'><strong>;</strong></span> <span class='ocrx_word' id='word_1_176' title='bbox 2921 1001 3099 1054; x_wconf 86' lang='lat' dir='ltr'><strong>omnia</strong></span> <span class='ocrx_word' id='word_1_177' title='bbox 3128 1011 3306 1055; x_wconf 85' lang='lat' dir='ltr'><strong>autem</strong></span> <span class='ocrx_word' id='word_1_178' title='bbox 3346 1009 3460 1055; x_wconf 88' lang='lat' dir='ltr'><strong>tum</strong></span> 
     </span>
    </p>
   </div>
   <div class='ocr_carea' id='block_1_24' title="bbox 1907 1089 3464 1161">
    <p class='ocr_par' dir='ltr' id='par_1_24' title="bbox 1907 1089 3464 1161">
     <span class='ocr_line' id='line_1_24' title="bbox 1907 1089 3464 1161; baseline -0.001 -19"><span class='ocrx_word' id='word_1_179' title='bbox 1907 1089 2011 1142; x_wconf 90' lang='lat' dir='ltr'><strong>illis</strong></span> <span class='ocrx_word' id='word_1_180' title='bbox 2039 1090 2171 1154; x_wconf 81' lang='lat' dir='ltr'><strong>erit,</strong></span> <span class='ocrx_word' id='word_1_181' title='bbox 2213 1090 2352 1158; x_wconf 87' lang='lat' dir='ltr'><strong>quod</strong></span> <span class='ocrx_word' id='word_1_182' title='bbox 2383 1105 2440 1146; x_wconf 87' lang='lat' dir='ltr'><strong>se</strong></span> <span class='ocrx_word' id='word_1_183' title='bbox 2489 1101 2597 1144; x_wconf 85' lang='lat' dir='ltr'><strong>tum</strong></span> <span class='ocrx_word' id='word_1_184' title='bbox 2647 1089 2898 1145; x_wconf 89' lang='lat' dir='ltr'><strong>omnibus</strong></span> <span class='ocrx_word' id='word_1_185' title='bbox 2936 1092 3250 1158; x_wconf 80' lang='lat' dir='ltr'><strong>exhibebit,</strong></span> <span class='ocrx_word' id='word_1_186' title='bbox 3303 1102 3464 1161; x_wconf 83' lang='lat' dir='ltr'><strong>prout.</strong></span> 
     </span>
    </p>
   </div>
   <div class='ocr_carea' id='block_1_25' title="bbox 1908 1179 3459 1250">
    <p class='ocr_par' dir='ltr' id='par_1_25' title="bbox 1908 1179 3459 1250">
     <span class='ocr_line' id='line_1_25' title="bbox 1908 1179 3459 1250; baseline 0.006 -22"><span class='ocrx_word' id='word_1_187' title='bbox 1908 1180 2319 1248; x_wconf 77' lang='lat' dir='ltr'><strong>uniuscujusque</strong></span> <span class='ocrx_word' id='word_1_188' title='bbox 2366 1179 2592 1234; x_wconf 74' lang='lat' dir='ltr'><strong>facultas</strong></span> <span class='ocrx_word' id='word_1_189' title='bbox 2641 1180 2784 1234; x_wconf 88' lang='lat' dir='ltr'><strong>illius</strong></span> <span class='ocrx_word' id='word_1_190' title='bbox 2833 1181 3087 1236; x_wconf 75' lang='lat' dir='ltr'><strong>deitatem</strong></span> <span class='ocrx_word' id='word_1_191' title='bbox 3128 1193 3304 1250; x_wconf 87' lang='lat' dir='ltr'><strong>potest</strong></span> <span class='ocrx_word' id='word_1_192' title='bbox 3363 1199 3459 1237; x_wconf 83' lang='lat' dir='ltr'><strong>ca-</strong></span> 
     </span>
    </p>
   </div>
   <div class='ocr_carea' id='block_1_26' title="bbox 1906 1272 3465 1340">
    <p class='ocr_par' dir='ltr' id='par_1_26' title="bbox 1906 1272 3465 1340">
     <span class='ocr_line' id='line_1_26' title="bbox 1906 1272 3465 1340; baseline 0.004 -18"><span class='ocrx_word' id='word_1_193' title='bbox 1906 1285 2032 1338; x_wconf 86' lang='lat' dir='ltr'><strong>pere</strong></span> <span class='ocrx_word' id='word_1_194' title='bbox 2059 1309 2076 1333; x_wconf 87' lang='lat'><strong>,</strong></span> <span class='ocrx_word' id='word_1_195' title='bbox 2104 1287 2224 1324; x_wconf 84' lang='lat' dir='ltr'><strong>cuin</strong></span> <span class='ocrx_word' id='word_1_196' title='bbox 2253 1286 2376 1340; x_wconf 87' lang='lat' dir='ltr'><strong>spes</strong></span> <span class='ocrx_word' id='word_1_197' title='bbox 2407 1272 2754 1326; x_wconf 85' lang='lat' dir='ltr'><strong>beatitudinis</strong></span> <span class='ocrx_word' id='word_1_198' title='bbox 2799 1280 2852 1325; x_wconf 90' lang='lat' dir='ltr'><strong>et</strong></span> <span class='ocrx_word' id='word_1_199' title='bbox 2892 1274 3014 1326; x_wconf 64' lang='lat' dir='ltr'><strong>vitae</strong></span> <span class='ocrx_word' id='word_1_200' title='bbox 3052 1273 3465 1329; x_wconf 83' lang='lat' dir='ltr'><strong>interminabilis</strong></span> 
     </span>
    </p>
   </div>
   <div class='ocr_carea' id='block_1_27' title="bbox 1905 1363 3466 1432">
    <p class='ocr_par' dir='ltr' id='par_1_27' title="bbox 1905 1363 3466 1432">
     <span class='ocr_line' id='line_1_27' title="bbox 1905 1363 3466 1432; baseline 0.003 -18"><span class='ocrx_word' id='word_1_201' title='bbox 1905 1371 1958 1414; x_wconf 89' lang='lat' dir='ltr'><strong>ct</strong></span> <span class='ocrx_word' id='word_1_202' title='bbox 1990 1363 2408 1430; x_wconf 83' lang='lat' dir='ltr'><strong>incorruptibiiis</strong></span> <span class='ocrx_word' id='word_1_203' title='bbox 2444 1363 2496 1416; x_wconf 93' lang='lat' dir='ltr'><strong>in</strong></span> <span class='ocrx_word' id='word_1_204' title='bbox 2538 1377 2603 1418; x_wconf 88' lang='lat' dir='ltr'><strong>eo</strong></span> <span class='ocrx_word' id='word_1_205' title='bbox 2636 1363 2740 1418; x_wconf 90' lang='lat' dir='ltr'><strong>sita</strong></span> <span class='ocrx_word' id='word_1_206' title='bbox 2780 1365 2850 1418; x_wconf 87' lang='lat' dir='ltr'><strong>sit</strong></span> <span class='ocrx_word' id='word_1_207' title='bbox 2887 1364 2991 1417; x_wconf 77' lang='lat' dir='ltr'><strong>fine</strong></span> <span class='ocrx_word' id='word_1_208' title='bbox 3017 1403 3034 1428; x_wconf 90' lang='lat'><strong>,</strong></span> <span class='ocrx_word' id='word_1_209' title='bbox 3073 1366 3284 1432; x_wconf 85' lang='lat' dir='ltr'><strong>quando</strong></span> <span class='ocrx_word' id='word_1_210' title='bbox 3327 1366 3466 1419; x_wconf 82' lang='lat' dir='ltr'><strong>Deus</strong></span> 
     </span>
    </p>
   </div>
   <div class='ocr_carea' id='block_1_28' title="bbox 1908 1451 3466 1524">
    <p class='ocr_par' dir='ltr' id='par_1_28' title="bbox 1908 1451 3466 1524">
     <span class='ocr_line' id='line_1_28' title="bbox 1908 1451 3466 1524; baseline 0.003 -20"><span class='ocrx_word' id='word_1_211' title='bbox 1908 1451 2116 1505; x_wconf 76' lang='lat' dir='ltr'><strong>futurus</strong></span> <span class='ocrx_word' id='word_1_212' title='bbox 2156 1464 2242 1506; x_wconf 89' lang='lat' dir='ltr'><strong>est</strong></span> <span class='ocrx_word' id='word_1_213' title='bbox 2292 1454 2469 1507; x_wconf 83' lang='lat' dir='ltr'><strong>omnia</strong></span> <span class='ocrx_word' id='word_1_214' title='bbox 2520 1455 2576 1508; x_wconf 85' lang='lat' dir='ltr'><strong>in</strong></span> <span class='ocrx_word' id='word_1_215' title='bbox 2622 1455 2904 1516; x_wconf 89' lang='lat' dir='ltr'><strong>omnibus.</strong></span> <span class='ocrx_word' id='word_1_216' title='bbox 2948 1455 3242 1524; x_wconf 91' lang='lat' dir='ltr'><strong>adimplens</strong></span> <span class='ocrx_word' id='word_1_217' title='bbox 3279 1471 3466 1510; x_wconf 80' lang='lat' dir='ltr'><strong>omnes</strong></span> 
     </span>
    </p>
   </div>
   <div class='ocr_carea' id='block_1_29' title="bbox 1907 1539 3467 1600">
    <p class='ocr_par' dir='ltr' id='par_1_29' title="bbox 1907 1539 3467 1600">
     <span class='ocr_line' id='line_1_29' title="bbox 1907 1539 3467 1600; baseline 0.004 -9"><span class='ocrx_word' id='word_1_218' title='bbox 1907 1539 2071 1593; x_wconf 86' lang='lat' dir='ltr'><strong>radiis</strong></span> <span class='ocrx_word' id='word_1_219' title='bbox 2097 1555 2207 1594; x_wconf 71' lang='lat' dir='ltr'><strong>sua:</strong></span> <span class='ocrx_word' id='word_1_220' title='bbox 2237 1541 2452 1595; x_wconf 88' lang='lat' dir='ltr'><strong>deitatis</strong></span> <span class='ocrx_word' id='word_1_221' title='bbox 2495 1542 2868 1598; x_wconf 86' lang='lat' dir='ltr'><strong>indelicientis.</strong></span> <span class='ocrx_word' id='word_1_222' title='bbox 2911 1544 3078 1599; x_wconf 83' lang='lat' dir='ltr'><strong>Filius</strong></span> <span class='ocrx_word' id='word_1_223' title='bbox 3113 1554 3291 1600; x_wconf 87' lang='lat' dir='ltr'><strong>autem</strong></span> <span class='ocrx_word' id='word_1_224' title='bbox 3340 1556 3467 1598; x_wconf 90' lang='lat' dir='ltr'><strong>tunc</strong></span> 
     </span>
    </p>
   </div>
   <div class='ocr_carea' id='block_1_30' title="bbox 1906 1631 3468 1699">
    <p class='ocr_par' dir='ltr' id='par_1_30' title="bbox 1906 1631 3468 1699">
     <span class='ocr_line' id='line_1_30' title="bbox 1906 1631 3468 1699; baseline 0.004 -15"><span class='ocrx_word' id='word_1_225' title='bbox 1906 1631 2178 1684; x_wconf 75' lang='lat' dir='ltr'><strong>exsultans</strong></span> <span class='ocrx_word' id='word_1_226' title='bbox 2233 1633 2462 1699; x_wconf 78' lang='lat' dir='ltr'><strong>gaudio,</strong></span> <span class='ocrx_word' id='word_1_227' title='bbox 2521 1643 2580 1688; x_wconf 87' lang='lat' dir='ltr'><strong>et</strong></span> <span class='ocrx_word' id='word_1_228' title='bbox 2642 1634 2807 1688; x_wconf 89' lang='lat' dir='ltr'><strong>veluti</strong></span> <span class='ocrx_word' id='word_1_229' title='bbox 2867 1636 3190 1692; x_wconf 83' lang='lat' dir='ltr'><strong>victoriosus</strong></span> <span class='ocrx_word' id='word_1_230' title='bbox 3264 1637 3468 1691; x_wconf 87' lang='lat' dir='ltr'><strong>athleta</strong></span> 
     </span>
    </p>
   </div>
   <div class='ocr_carea' id='block_1_31' title="bbox 1907 1723 3468 1797">
    <p class='ocr_par' dir='ltr' id='par_1_31' title="bbox 1907 1723 3468 1797">
     <span class='ocr_line' id='line_1_31' title="bbox 1907 1723 3468 1797; baseline 0.005 -23"><span class='ocrx_word' id='word_1_231' title='bbox 1907 1723 2390 1791; x_wconf 87' lang='lat' dir='ltr'><strong>triumpliabundus</strong></span> <span class='ocrx_word' id='word_1_232' title='bbox 2449 1740 2649 1781; x_wconf 89' lang='lat' dir='ltr'><strong>corona</strong></span> <span class='ocrx_word' id='word_1_233' title='bbox 2701 1741 2887 1781; x_wconf 89' lang='lat' dir='ltr'><strong>eorum</strong></span> <span class='ocrx_word' id='word_1_234' title='bbox 2950 1728 3284 1795; x_wconf 90' lang='lat' dir='ltr'><strong>redimietur,</strong></span> <span class='ocrx_word' id='word_1_235' title='bbox 3331 1743 3468 1797; x_wconf 90' lang='lat' dir='ltr'><strong>quos</strong></span> 
     </span>
    </p>
   </div>
   <div class='ocr_carea' id='block_1_32' title="bbox 1905 1807 3466 1888">
    <p class='ocr_par' dir='ltr' id='par_1_32' title="bbox 1905 1807 3466 1888">
     <span class='ocr_line' id='line_1_32' title="bbox 1905 1807 3466 1888; baseline 0.007 -25"><span class='ocrx_word' id='word_1_236' title='bbox 1905 1810 2235 1866; x_wconf 84' lang='lat' dir='ltr'><strong>beatitudine</strong></span> <span class='ocrx_word' id='word_1_237' title='bbox 2283 1815 2473 1883; x_wconf 85' lang='lat' dir='ltr'><strong>dignos</strong></span> <span class='ocrx_word' id='word_1_238' title='bbox 2515 1816 2745 1882; x_wconf 86' lang='lat' dir='ltr'><strong>habitos,</strong></span> <span class='ocrx_word' id='word_1_239' title='bbox 2795 1817 2955 1872; x_wconf 83' lang='lat' dir='ltr'><strong>Patre</strong></span> <span class='ocrx_word' id='word_1_240' title='bbox 3016 1833 3114 1872; x_wconf 89' lang='lat' dir='ltr'><strong>suo</strong></span> <span class='ocrx_word' id='word_1_241' title='bbox 3155 1807 3466 1888; x_wconf 79' lang='lat' dir='ltr'><strong>spectante,</strong></span> 
     </span>
    </p>
   </div>
   <div class='ocr_carea' id='block_1_33' title="bbox 1905 1904 3470 1970">
    <p class='ocr_par' dir='ltr' id='par_1_33' title="bbox 1905 1904 3470 1970">
     <span class='ocr_line' id='line_1_33' title="bbox 1905 1904 3470 1970; baseline 0.005 -16"><span class='ocrx_word' id='word_1_242' title='bbox 1905 1916 2072 1970; x_wconf 78' lang='lat' dir='ltr'><strong>regno</strong></span> <span class='ocrx_word' id='word_1_243' title='bbox 2125 1904 2450 1960; x_wconf 78' lang='lat' dir='ltr'><strong>indelicienti</strong></span> <span class='ocrx_word' id='word_1_244' title='bbox 2491 1918 2544 1961; x_wconf 89' lang='lat' dir='ltr'><strong>et</strong></span> <span class='ocrx_word' id='word_1_245' title='bbox 2585 1923 2688 1962; x_wconf 89' lang='lat' dir='ltr'><strong>non</strong></span> <span class='ocrx_word' id='word_1_246' title='bbox 2746 1909 3098 1964; x_wconf 87' lang='lat' dir='ltr'><strong>veterascenti</strong></span> <span class='ocrx_word' id='word_1_247' title='bbox 3157 1925 3470 1964; x_wconf 80' lang='lat' dir='ltr'><strong>remunera-</strong></span> 
     </span>
    </p>
   </div>
   <div class='ocr_carea' id='block_1_34' title="bbox 237 1985 1807 2076">
    <p class='ocr_par' dir='ltr' id='par_1_34' title="bbox 237 2002 1804 2076">
     <span class='ocr_line' id='line_1_34' title="bbox 237 2002 1804 2076; baseline 0.001 -21"><span class='ocrx_word' id='word_1_248' title='bbox 237 2003 437 2074; x_wconf 68' lang='grc' dir='ltr'>Πατρὶ,</span> <span class='ocrx_word' id='word_1_249' title='bbox 463 2004 561 2074; x_wconf 75' lang='grc' dir='ltr'>τὴν</span> <span class='ocrx_word' id='word_1_250' title='bbox 592 2005 782 2076; x_wconf 84' lang='grc' dir='ltr'>ἀγήρω</span> <span class='ocrx_word' id='word_1_251' title='bbox 811 2005 902 2057; x_wconf 76' lang='grc' dir='ltr'><strong>καὶ</strong></span> <span class='ocrx_word' id='word_1_252' title='bbox 935 2004 1285 2074; x_wconf 76' lang='grc' dir='ltr'>ἀτελεύτητον</span> <span class='ocrx_word' id='word_1_253' title='bbox 1317 2002 1611 2057; x_wconf 82' lang='grc' dir='ltr'>διατελέσει</span> <span class='ocrx_word' id='word_1_254' title='bbox 1647 2003 1804 2073; x_wconf 83' lang='grc' dir='ltr'>βασι-</span> 
     </span>
    </p>
   </div>
   <div class='ocr_carea' id='block_1_35' title="bbox 1911 1985 3556 2076">
    <p class='ocr_par' dir='ltr' id='par_1_35' title="bbox 1911 1989 3556 2066">
     <span class='ocr_line' id='line_1_35' title="bbox 1911 1989 3556 2066; baseline 0.006 -22"><span class='ocrx_word' id='word_1_255' title='bbox 1911 2001 2060 2048; x_wconf 88' lang='lat' dir='ltr'><strong>turus</strong></span> <span class='ocrx_word' id='word_1_256' title='bbox 2091 2003 2192 2048; x_wconf 89' lang='lat' dir='ltr'><strong>est.</strong></span> <span class='ocrx_word' id='word_1_257' title='bbox 2233 1995 2468 2064; x_wconf 87' lang='lat' dir='ltr'><strong>lmpletis</strong></span> <span class='ocrx_word' id='word_1_258' title='bbox 2501 2001 2566 2052; x_wconf 91' lang='lat' dir='ltr'><strong>de</strong></span> <span class='ocrx_word' id='word_1_259' title='bbox 2589 2014 2654 2053; x_wconf 89' lang='lat' dir='ltr'><strong>eo</strong></span> <span class='ocrx_word' id='word_1_260' title='bbox 2687 2009 2796 2052; x_wconf 90' lang='lat' dir='ltr'><strong>tum</strong></span> <span class='ocrx_word' id='word_1_261' title='bbox 2831 2000 3026 2055; x_wconf 81' lang='lat' dir='ltr'><strong>divinis</strong></span> <span class='ocrx_word' id='word_1_262' title='bbox 3065 2001 3319 2066; x_wconf 80' lang='lat' dir='ltr'><strong>oraculis,</strong></span> <span class='ocrx_word' id='word_1_263' title='bbox 3346 2016 3468 2054; x_wconf 88' lang='lat' dir='ltr'><strong>cum</strong></span> <span class='ocrx_word' id='word_1_264' title='bbox 3553 1989 3556 1991; x_wconf 10' lang='grc'><strong>1</strong></span> 
     </span>
    </p>
   </div>
   <div class='ocr_carea' id='block_1_36' title="bbox 231 2093 1807 2166">
    <p class='ocr_par' dir='ltr' id='par_1_36' title="bbox 231 2093 1807 2166">
     <span class='ocr_line' id='line_1_36' title="bbox 231 2093 1807 2166; baseline -0.001 -19"><span class='ocrx_word' id='word_1_265' title='bbox 231 2093 410 2157; x_wconf 77' lang='grc' dir='ltr'>λείαν,</span> <span class='ocrx_word' id='word_1_266' title='bbox 437 2095 544 2147; x_wconf 91' lang='grc' dir='ltr'><strong>τῶν</strong></span> <span class='ocrx_word' id='word_1_267' title='bbox 585 2095 711 2166; x_wconf 72' lang='grc' dir='ltr'>περὶ</span> <span class='ocrx_word' id='word_1_268' title='bbox 751 2095 910 2148; x_wconf 73' lang='grc' dir='ltr'>αὑτοῦ</span> <span class='ocrx_word' id='word_1_269' title='bbox 943 2096 1137 2164; x_wconf 83' lang='grc' dir='ltr'>λογίων</span> <span class='ocrx_word' id='word_1_270' title='bbox 1169 2094 1466 2165; x_wconf 75' lang='grc' dir='ltr'>τηνικαῦτα</span> <span class='ocrx_word' id='word_1_271' title='bbox 1514 2094 1807 2165; x_wconf 58' lang='grc' dir='ltr'>πληρωθηά</span> 
     </span>
    </p>
   </div>
   <div class='ocr_carea' id='block_1_37' title="bbox 236 2185 1808 2258">
    <p class='ocr_par' dir='ltr' id='par_1_37' title="bbox 236 2185 1808 2258">
     <span class='ocr_line' id='line_1_37' title="bbox 236 2185 1808 2258; baseline -0.001 -20"><span class='ocrx_word' id='word_1_272' title='bbox 236 2185 505 2256; x_wconf 83' lang='grc' dir='ltr'>’σομένων,</span> <span class='ocrx_word' id='word_1_273' title='bbox 533 2185 640 2239; x_wconf 84' lang='grc' dir='ltr'><strong>τῶν</strong></span> <span class='ocrx_word' id='word_1_274' title='bbox 677 2204 734 2238; x_wconf 87' lang='grc' dir='ltr'><strong>τε</strong></span> <span class='ocrx_word' id='word_1_275' title='bbox 765 2186 959 2249; x_wconf 78' lang='grc' dir='ltr'>ἄλλων,</span> <span class='ocrx_word' id='word_1_276' title='bbox 995 2187 1134 2258; x_wconf 81' lang='grc' dir='ltr'>ἀταρ</span> <span class='ocrx_word' id='word_1_277' title='bbox 1178 2186 1242 2255; x_wconf 85' lang='grc' dir='ltr'>δὴ</span> <span class='ocrx_word' id='word_1_278' title='bbox 1271 2185 1492 2240; x_wconf 72' lang='grc' dir='ltr'>καὶτῶν</span> <span class='ocrx_word' id='word_1_279' title='bbox 1518 2185 1611 2239; x_wconf 83' lang='grc' dir='ltr'>τοῦ</span> <span class='ocrx_word' id='word_1_280' title='bbox 1645 2185 1808 2254; x_wconf 84' lang='grc' dir='ltr'>ἀγγέ-</span> 
     </span>
    </p>
   </div>
   <div class='ocr_carea' id='block_1_38' title="bbox 237 2277 1808 2349">
    <p class='ocr_par' dir='ltr' id='par_1_38' title="bbox 237 2277 1808 2349">
     <span class='ocr_line' id='line_1_38' title="bbox 237 2277 1808 2349; baseline 0 -21"><span class='ocrx_word' id='word_1_281' title='bbox 237 2277 332 2330; x_wconf 83' lang='grc' dir='ltr'><strong>λου</strong></span> <span class='ocrx_word' id='word_1_282' title='bbox 356 2277 596 2349; x_wconf 76' lang='grc' dir='ltr'>Γαϐριὴλ</span> <span class='ocrx_word' id='word_1_283' title='bbox 630 2277 763 2349; x_wconf 81' lang='grc' dir='ltr'>πρὸς</span> <span class='ocrx_word' id='word_1_284' title='bbox 795 2279 895 2349; x_wconf 78' lang='grc' dir='ltr'>τὴν</span> <span class='ocrx_word' id='word_1_285' title='bbox 923 2279 1187 2346; x_wconf 88' lang='grc' dir='ltr'>παναγίαν</span> <span class='ocrx_word' id='word_1_286' title='bbox 1214 2277 1484 2349; x_wconf 82' lang='grc' dir='ltr'>Παρθένον</span> <span class='ocrx_word' id='word_1_287' title='bbox 1509 2278 1808 2349; x_wconf 80' lang='grc' dir='ltr'>εἰρημένων</span> 
     </span>
    </p>
   </div>
   <div class='ocr_carea' id='block_1_39' title="bbox 239 2367 1806 2440">
    <p class='ocr_par' dir='ltr' id='par_1_39' title="bbox 239 2367 1806 2440">
     <span class='ocr_line' id='line_1_39' title="bbox 239 2367 1806 2440; baseline 0.003 -21"><span class='ocrx_word' id='word_1_288' title='bbox 239 2367 374 2438; x_wconf 79' lang='grc' dir='ltr'>περὶ</span> <span class='ocrx_word' id='word_1_289' title='bbox 405 2367 500 2420; x_wconf 80' lang='grc' dir='ltr'>τοῦ</span> <span class='ocrx_word' id='word_1_290' title='bbox 527 2368 584 2434; x_wconf 80' lang='grc' dir='ltr'>ἐξ</span> <span class='ocrx_word' id='word_1_291' title='bbox 618 2369 786 2438; x_wconf 79' lang='grc' dir='ltr'>αὐτῆς</span> <span class='ocrx_word' id='word_1_292' title='bbox 807 2369 1220 2440; x_wconf 82' lang='grc' dir='ltr'>τεχθησομένου,</span> <span class='ocrx_word' id='word_1_293' title='bbox 1264 2369 1358 2436; x_wconf 82' lang='grc' dir='ltr'>Ὠς</span> <span class='ocrx_word' id='word_1_294' title='bbox 1381 2369 1493 2438; x_wconf 82' lang='grc' dir='ltr'>ἄρα</span> <span class='ocrx_word' id='word_1_295' title='bbox 1514 2371 1806 2434; x_wconf 79' lang='grc' dir='ltr'>,Βασιλεύ-</span> 
     </span>
    </p>
   </div>
   <div class='ocr_carea' id='block_1_40' title="bbox 233 2459 1809 2529">
    <p class='ocr_par' dir='ltr' id='par_1_40' title="bbox 233 2459 1809 2529">
     <span class='ocr_line' id='line_1_40' title="bbox 233 2459 1809 2529; baseline 0.001 -15"><span class='ocrx_word' id='word_1_296' title='bbox 233 2473 336 2514; x_wconf 86' lang='grc' dir='ltr'><strong>σει</strong></span> <span class='ocrx_word' id='word_1_297' title='bbox 379 2461 468 2525; x_wconf 79' lang='grc' dir='ltr'>εὶς</span> <span class='ocrx_word' id='word_1_298' title='bbox 519 2460 659 2526; x_wconf 84' lang='grc' dir='ltr'>τοὺς</span> <span class='ocrx_word' id='word_1_299' title='bbox 695 2459 935 2526; x_wconf 76' lang='grc' dir='ltr'>αἰῶνας,</span> <span class='ocrx_word' id='word_1_300' title='bbox 971 2460 1070 2514; x_wconf 80' lang='grc' dir='ltr'>καὶ</span> <span class='ocrx_word' id='word_1_301' title='bbox 1115 2461 1226 2528; x_wconf 82' lang='grc' dir='ltr'>τῆς</span> <span class='ocrx_word' id='word_1_302' title='bbox 1271 2462 1592 2529; x_wconf 73' lang='grc' dir='ltr'>βασιλείας</span> <span class='ocrx_word' id='word_1_303' title='bbox 1623 2462 1809 2517; x_wconf 76' lang='grc' dir='ltr'>αὐτοῦ</span> 
     </span>
    </p>
   </div>
   <div class='ocr_carea' id='block_1_41' title="bbox 237 2550 1807 2623">
    <p class='ocr_par' dir='ltr' id='par_1_41' title="bbox 237 2550 1807 2623">
     <span class='ocr_line' id='line_1_41' title="bbox 237 2550 1807 2623; baseline 0.001 -17"><span class='ocrx_word' id='word_1_304' title='bbox 237 2554 353 2606; x_wconf 80' lang='grc' dir='ltr'>οὐκ</span> <span class='ocrx_word' id='word_1_305' title='bbox 387 2550 560 2605; x_wconf 68' lang='grc' dir='ltr'>ἔσται</span> <span class='ocrx_word' id='word_1_306' title='bbox 588 2553 782 2618; x_wconf 72' lang='grc' dir='ltr'>τέλος.</span> <span class='ocrx_word' id='word_1_307' title='bbox 812 2551 1114 2606; x_wconf 79' lang='grc' dir='ltr'>Βασιλεύων</span> <span class='ocrx_word' id='word_1_308' title='bbox 1141 2552 1250 2623; x_wconf 88' lang='grc'><strong>(16)</strong></span> <span class='ocrx_word' id='word_1_309' title='bbox 1278 2552 1342 2623; x_wconf 83' lang='grc' dir='ltr'><strong>δὴ</strong></span> <span class='ocrx_word' id='word_1_310' title='bbox 1362 2553 1481 2607; x_wconf 87' lang='grc' dir='ltr'>τότε</span> <span class='ocrx_word' id='word_1_311' title='bbox 1503 2556 1531 2607; x_wconf 85' lang='grc' dir='ltr'>ὁ</span> <span class='ocrx_word' id='word_1_312' title='bbox 1559 2555 1686 2618; x_wconf 81' lang='grc' dir='ltr'>Υἱὸς</span> <span class='ocrx_word' id='word_1_313' title='bbox 1712 2553 1807 2608; x_wconf 82' lang='grc' dir='ltr'>τοῦ</span> 
     </span>
    </p>
   </div>
   <div class='ocr_carea' id='block_1_42' title="bbox 237 2640 1807 2713">
    <p class='ocr_par' dir='ltr' id='par_1_42' title="bbox 237 2640 1807 2713">
     <span class='ocr_line' id='line_1_42' title="bbox 237 2640 1807 2713; baseline 0.001 -18"><span class='ocrx_word' id='word_1_314' title='bbox 237 2640 379 2695; x_wconf 72' lang='grc' dir='ltr'>Θεοῦ</span> <span class='ocrx_word' id='word_1_315' title='bbox 405 2641 534 2704; x_wconf 78' lang='grc' dir='ltr'>τοὺς</span> <span class='ocrx_word' id='word_1_316' title='bbox 566 2641 657 2694; x_wconf 77' lang='grc' dir='ltr'>ὑπ’</span> <span class='ocrx_word' id='word_1_317' title='bbox 687 2640 833 2712; x_wconf 84' lang='grc' dir='ltr'>αύτῷ</span> <span class='ocrx_word' id='word_1_318' title='bbox 861 2640 1304 2712; x_wconf 81' lang='grc' dir='ltr'>βασιλευομένους</span> <span class='ocrx_word' id='word_1_319' title='bbox 1331 2641 1536 2706; x_wconf 85' lang='grc' dir='ltr'>πάντας</span> <span class='ocrx_word' id='word_1_320' title='bbox 1550 2643 1625 2713; x_wconf 81' lang='grc' dir='ltr'>τῷ</span> <span class='ocrx_word' id='word_1_321' title='bbox 1647 2644 1807 2697; x_wconf 77' lang='grc' dir='ltr'>αὐτοῦ</span> 
     </span>
    </p>
   </div>
   <div class='ocr_carea' id='block_1_43' title="bbox 240 2727 1808 2804">
    <p class='ocr_par' dir='ltr' id='par_1_43' title="bbox 240 2727 1808 2804">
     <span class='ocr_line' id='line_1_43' title="bbox 240 2727 1808 2804; baseline 0.001 -19"><span class='ocrx_word' id='word_1_322' title='bbox 240 2727 555 2804; x_wconf 77' lang='grc' dir='ltr'>παραδώσει</span> <span class='ocrx_word' id='word_1_323' title='bbox 584 2733 778 2804; x_wconf 77' lang='grc' dir='ltr'>Πατρὶ,</span> <span class='ocrx_word' id='word_1_324' title='bbox 807 2734 866 2785; x_wconf 84' lang='grc' dir='ltr'><strong>ού</strong></span> <span class='ocrx_word' id='word_1_325' title='bbox 891 2733 1223 2802; x_wconf 77' lang='grc' dir='ltr'>παυσάμενος</span> <span class='ocrx_word' id='word_1_326' title='bbox 1254 2733 1351 2800; x_wconf 81' lang='grc' dir='ltr'>τῆς</span> <span class='ocrx_word' id='word_1_327' title='bbox 1380 2732 1668 2802; x_wconf 84' lang='grc' dir='ltr'>βασιλείας,</span> <span class='ocrx_word' id='word_1_328' title='bbox 1702 2735 1808 2788; x_wconf 67' lang='grc' dir='ltr'>οὐδ’</span> 
     </span>
    </p>
   </div>
   <div class='ocr_carea' id='block_1_44' title="bbox 239 2823 1810 2896">
    <p class='ocr_par' dir='ltr' id='par_1_44' title="bbox 239 2823 1810 2896">
     <span class='ocr_line' id='line_1_44' title="bbox 239 2823 1810 2896; baseline 0.002 -20"><span class='ocrx_word' id='word_1_329' title='bbox 239 2825 541 2896; x_wconf 77' lang='grc' dir='ltr'>ἀναχωρῶν</span> <span class='ocrx_word' id='word_1_330' title='bbox 573 2825 769 2896; x_wconf 79' lang='grc' dir='ltr'>αὐτῆς·</span> <span class='ocrx_word' id='word_1_331' title='bbox 799 2825 917 2878; x_wconf 80' lang='grc' dir='ltr'>οὐδὲ</span> <span class='ocrx_word' id='word_1_332' title='bbox 950 2824 1058 2895; x_wconf 75' lang='grc' dir='ltr'><strong>γάρ</strong></span> <span class='ocrx_word' id='word_1_333' title='bbox 1093 2823 1357 2877; x_wconf 87' lang='grc' dir='ltr'>παύεσθαι</span> <span class='ocrx_word' id='word_1_334' title='bbox 1400 2824 1560 2877; x_wconf 74' lang='grc' dir='ltr'>αὑτὸν</span> <span class='ocrx_word' id='word_1_335' title='bbox 1586 2825 1684 2894; x_wconf 82' lang='grc' dir='ltr'>τῆς</span> <span class='ocrx_word' id='word_1_336' title='bbox 1719 2825 1810 2896; x_wconf 83' lang='grc' dir='ltr'><strong>βα-</strong></span> 
     </span>
    </p>
   </div>
   <div class='ocr_carea' id='block_1_45' title="bbox 239 2909 1810 2986">
    <p class='ocr_par' dir='ltr' id='par_1_45' title="bbox 239 2909 1810 2986">
     <span class='ocr_line' id='line_1_45' title="bbox 239 2909 1810 2986; baseline 0.001 -18"><span class='ocrx_word' id='word_1_337' title='bbox 239 2916 452 2978; x_wconf 77' lang='grc' dir='ltr'>σιλείας</span> <span class='ocrx_word' id='word_1_338' title='bbox 486 2918 515 2969; x_wconf 84' lang='grc' dir='ltr'>ὁ</span> <span class='ocrx_word' id='word_1_339' title='bbox 548 2915 686 2978; x_wconf 87' lang='grc' dir='ltr'>θεῖος</span> <span class='ocrx_word' id='word_1_340' title='bbox 729 2915 1040 2976; x_wconf 73' lang='grc' dir='ltr'>Ἀπόστολος</span> <span class='ocrx_word' id='word_1_341' title='bbox 1072 2915 1175 2984; x_wconf 79' lang='grc' dir='ltr'><strong>ἔφη</strong></span> <span class='ocrx_word' id='word_1_342' title='bbox 1214 2915 1346 2985; x_wconf 85' lang='grc'><strong>(17),</strong></span> <span class='ocrx_word' id='word_1_343' title='bbox 1390 2909 1426 2986; x_wconf 80' lang='grc' dir='ltr'><strong>ἦ</strong></span> <span class='ocrx_word' id='word_1_344' title='bbox 1473 2915 1581 2985; x_wconf 80' lang='grc' dir='ltr'><strong>γὰρ</strong></span> <span class='ocrx_word' id='word_1_345' title='bbox 1615 2915 1680 2969; x_wconf 85' lang='grc' dir='ltr'><strong>ἂν</strong></span> <span class='ocrx_word' id='word_1_346' title='bbox 1719 2918 1810 2969; x_wconf 89' lang='grc' dir='ltr'>τά-</span> 
     </span>
    </p>
   </div>
   <div class='ocr_carea' id='block_1_46' title="bbox 240 3005 1810 3081">
    <p class='ocr_par' dir='ltr' id='par_1_46' title="bbox 240 3005 1810 3081">
     <span class='ocr_line' id='line_1_46' title="bbox 240 3005 1810 3081; baseline 0.001 -22"><span class='ocrx_word' id='word_1_347' title='bbox 240 3005 437 3061; x_wconf 82' lang='grc' dir='ltr'>ναντία</span> <span class='ocrx_word' id='word_1_348' title='bbox 464 3007 668 3081; x_wconf 75' lang='grc' dir='ltr'>ἔγραψε</span> <span class='ocrx_word' id='word_1_349' title='bbox 695 3008 772 3076; x_wconf 79' lang='grc' dir='ltr'><strong>τῷ</strong></span> <span class='ocrx_word' id='word_1_350' title='bbox 799 3007 1035 3078; x_wconf 76' lang='grc' dir='ltr'>Γαϐριὴλ</span> <span class='ocrx_word' id='word_1_351' title='bbox 1065 3007 1177 3076; x_wconf 85' lang='grc'><strong>(18)</strong></span> <span class='ocrx_word' id='word_1_352' title='bbox 1208 3005 1521 3059; x_wconf 84' lang='grc' dir='ltr'>θεσπίσαντι</span> <span class='ocrx_word' id='word_1_353' title='bbox 1552 3007 1687 3077; x_wconf 85' lang='grc' dir='ltr'>πρὸς</span> <span class='ocrx_word' id='word_1_354' title='bbox 1716 3006 1810 3078; x_wconf 79' lang='grc' dir='ltr'>τὴν</span> 
     </span>
    </p>
   </div>
   <div class='ocr_carea' id='block_1_47' title="bbox 237 3095 1810 3168">
    <p class='ocr_par' dir='ltr' id='par_1_47' title="bbox 237 3095 1810 3168">
     <span class='ocr_line' id='line_1_47' title="bbox 237 3095 1810 3168; baseline -0.003 -17"><span class='ocrx_word' id='word_1_355' title='bbox 237 3097 517 3168; x_wconf 80' lang='grc' dir='ltr'>Παρθένον</span> <span class='ocrx_word' id='word_1_356' title='bbox 556 3097 890 3166; x_wconf 82' lang='grc' dir='ltr'>βασιλεύσειν</span> <span class='ocrx_word' id='word_1_357' title='bbox 922 3097 1080 3149; x_wconf 61' lang='grc' dir='ltr'>αὑτὸν</span> <span class='ocrx_word' id='word_1_358' title='bbox 1107 3099 1189 3158; x_wconf 82' lang='grc' dir='ltr'>εἰς</span> <span class='ocrx_word' id='word_1_359' title='bbox 1217 3097 1340 3159; x_wconf 82' lang='grc' dir='ltr'>τοὺς</span> <span class='ocrx_word' id='word_1_360' title='bbox 1370 3095 1568 3158; x_wconf 75' lang='grc' dir='ltr'>αἰῶνας</span> <span class='ocrx_word' id='word_1_361' title='bbox 1595 3095 1689 3148; x_wconf 67' lang='grc' dir='ltr'><strong>καὶ</strong></span> <span class='ocrx_word' id='word_1_362' title='bbox 1712 3096 1810 3166; x_wconf 84' lang='grc' dir='ltr'>τῆς</span> 
     </span>
    </p>
   </div>
   <div class='ocr_carea' id='block_1_48' title="bbox 237 3187 1809 3260">
    <p class='ocr_par' dir='ltr' id='par_1_48' title="bbox 237 3187 1809 3260">
     <span class='ocr_line' id='line_1_48' title="bbox 237 3187 1809 3260; baseline 0 -19"><span class='ocrx_word' id='word_1_363' title='bbox 237 3187 522 3255; x_wconf 78' lang='grc' dir='ltr'>βασιλείας</span> <span class='ocrx_word' id='word_1_364' title='bbox 558 3188 720 3242; x_wconf 72' lang='grc' dir='ltr'>αὐτοῦ</span> <span class='ocrx_word' id='word_1_365' title='bbox 755 3188 863 3259; x_wconf 80' lang='grc'><strong>(19)</strong></span> <span class='ocrx_word' id='word_1_366' title='bbox 900 3187 972 3260; x_wconf 83' lang='grc' dir='ltr'>μὴ</span> <span class='ocrx_word' id='word_1_367' title='bbox 1006 3189 1219 3242; x_wconf 78' lang='grc' dir='ltr'>ἔσεσθαι</span> <span class='ocrx_word' id='word_1_368' title='bbox 1250 3188 1418 3252; x_wconf 85' lang='grc' dir='ltr'>τέλος,</span> <span class='ocrx_word' id='word_1_369' title='bbox 1457 3187 1589 3240; x_wconf 87' lang='grc' dir='ltr'><strong>ἀλλά</strong></span> <span class='ocrx_word' id='word_1_370' title='bbox 1631 3203 1809 3259; x_wconf 83' lang='grc' dir='ltr'>παρα-</span> 
     </span>
    </p>
   </div>
   <div class='ocr_carea' id='block_1_49' title="bbox 232 3269 1809 3350">
    <p class='ocr_par' dir='ltr' id='par_1_49' title="bbox 232 3269 1809 3350">
     <span class='ocr_line' id='line_1_49' title="bbox 232 3269 1809 3350; baseline -0.001 -18"><span class='ocrx_word' id='word_1_371' title='bbox 232 3279 434 3333; x_wconf 80' lang='grc' dir='ltr'>δώσειν</span> <span class='ocrx_word' id='word_1_372' title='bbox 477 3281 574 3350; x_wconf 81' lang='grc' dir='ltr'>τὴν</span> <span class='ocrx_word' id='word_1_373' title='bbox 607 3279 912 3349; x_wconf 83' lang='grc' dir='ltr'>βασιλείαν,</span> <span class='ocrx_word' id='word_1_374' title='bbox 945 3280 1145 3350; x_wconf 82' lang='grc' dir='ltr'>δηλαδὴ</span> <span class='ocrx_word' id='word_1_375' title='bbox 1179 3269 1301 3343; x_wconf 76' lang='grc' dir='ltr'>τοὺς</span> <span class='ocrx_word' id='word_1_376' title='bbox 1347 3281 1440 3332; x_wconf 84' lang='grc' dir='ltr'>ὑπ’</span> <span class='ocrx_word' id='word_1_377' title='bbox 1467 3278 1614 3350; x_wconf 68' lang='grc' dir='ltr'>αὐτῷ</span> <span class='ocrx_word' id='word_1_378' title='bbox 1661 3278 1809 3349; x_wconf 84' lang='grc' dir='ltr'>βασι-</span> 
     </span>
    </p>
   </div>
   <div class='ocr_carea' id='block_1_50' title="bbox 237 3370 1808 3442">
    <p class='ocr_par' dir='ltr' id='par_1_50' title="bbox 237 3370 1808 3442">
     <span class='ocr_line' id='line_1_50' title="bbox 237 3370 1808 3442; baseline 0.001 -20"><span class='ocrx_word' id='word_1_379' title='bbox 237 3371 562 3442; x_wconf 85' lang='grc' dir='ltr'>λευομένους</span> <span class='ocrx_word' id='word_1_380' title='bbox 583 3370 660 3440; x_wconf 79' lang='grc' dir='ltr'><strong>τῷ</strong></span> <span class='ocrx_word' id='word_1_381' title='bbox 681 3371 798 3440; x_wconf 84' lang='grc' dir='ltr'><strong>Θεῷ</strong></span> <span class='ocrx_word' id='word_1_382' title='bbox 821 3370 914 3424; x_wconf 74' lang='grc' dir='ltr'>καὶ</span> <span class='ocrx_word' id='word_1_383' title='bbox 942 3371 1133 3441; x_wconf 87' lang='grc' dir='ltr'>Πατρί.</span> <span class='ocrx_word' id='word_1_384' title='bbox 1157 3371 1549 3435; x_wconf 81' lang='grc' dir='ltr'>Τελειωθέντας</span> <span class='ocrx_word' id='word_1_385' title='bbox 1578 3371 1686 3441; x_wconf 83' lang='grc' dir='ltr'><strong>γάρ</strong></span> <span class='ocrx_word' id='word_1_386' title='bbox 1715 3372 1808 3424; x_wconf 79' lang='grc' dir='ltr'>ὑπ’</span> 
     </span>
    </p>
   </div>
   <div class='ocr_carea' id='block_1_51' title="bbox 235 3462 1812 3534">
    <p class='ocr_par' dir='ltr' id='par_1_51' title="bbox 235 3462 1812 3534">
     <span class='ocr_line' id='line_1_51' title="bbox 235 3462 1812 3534; baseline 0 -19"><span class='ocrx_word' id='word_1_387' title='bbox 235 3462 391 3530; x_wconf 85' lang='grc' dir='ltr'>αύτῷ</span> <span class='ocrx_word' id='word_1_388' title='bbox 433 3463 558 3525; x_wconf 78' lang='grc' dir='ltr'>τοὺς</span> <span class='ocrx_word' id='word_1_389' title='bbox 601 3463 825 3525; x_wconf 81' lang='grc' dir='ltr'>πάντας,</span> <span class='ocrx_word' id='word_1_390' title='bbox 859 3462 1056 3514; x_wconf 72' lang='grc' dir='ltr'>ὡσανεὶ</span> <span class='ocrx_word' id='word_1_391' title='bbox 1104 3462 1214 3532; x_wconf 68' lang='lat'><strong>(‘20)</strong></span> <span class='ocrx_word' id='word_1_392' title='bbox 1263 3463 1679 3534; x_wconf 80' lang='grc' dir='ltr'>φαιδρυνομένος</span> <span class='ocrx_word' id='word_1_393' title='bbox 1733 3463 1812 3533; x_wconf 81' lang='grc' dir='ltr'><strong>τῷ</strong></span> 
     </span>
    </p>
   </div>
   <div class='ocr_carea' id='block_1_52' title="bbox 237 3546 1813 3622">
    <p class='ocr_par' dir='ltr' id='par_1_52' title="bbox 237 3546 1813 3622">
     <span class='ocr_line' id='line_1_52' title="bbox 237 3546 1813 3622; baseline 0 -18"><span class='ocrx_word' id='word_1_394' title='bbox 237 3549 646 3622; x_wconf 81' lang='grc' dir='ltr'>κατορθώματι,</span> <span class='ocrx_word' id='word_1_395' title='bbox 677 3548 984 3622; x_wconf 82' lang='grc' dir='ltr'>παραδώσει</span> <span class='ocrx_word' id='word_1_396' title='bbox 1023 3548 1100 3619; x_wconf 82' lang='grc' dir='ltr'><strong>τῷ</strong></span> <span class='ocrx_word' id='word_1_397' title='bbox 1131 3550 1299 3619; x_wconf 81' lang='grc' dir='ltr'>Πατρί</span> <span class='ocrx_word' id='word_1_398' title='bbox 1319 3566 1331 3580; x_wconf 72' lang='grc'><strong><em>⁸</em></strong></span> <span class='ocrx_word' id='word_1_399' title='bbox 1364 3546 1452 3604; x_wconf 78' lang='grc' dir='ltr'>οἷά</span> <span class='ocrx_word' id='word_1_400' title='bbox 1483 3568 1605 3604; x_wconf 91' lang='grc' dir='ltr'>τινα</span> <span class='ocrx_word' id='word_1_401' title='bbox 1636 3569 1813 3622; x_wconf 88' lang='grc' dir='ltr'>παρα-</span> 
     </span>
    </p>
   </div>
   <div class='ocr_carea' id='block_1_53' title="bbox 237 3639 1813 3712">
    <p class='ocr_par' dir='ltr' id='par_1_53' title="bbox 237 3639 1813 3712">
     <span class='ocr_line' id='line_1_53' title="bbox 237 3639 1813 3712; baseline 0.002 -18"><span class='ocrx_word' id='word_1_402' title='bbox 237 3643 418 3711; x_wconf 72' lang='grc' dir='ltr'>θήκην</span> <span class='ocrx_word' id='word_1_403' title='bbox 451 3639 903 3710; x_wconf 77' lang='grc' dir='ltr'>ἀποδεδεγμένος·</span> <span class='ocrx_word' id='word_1_404' title='bbox 939 3640 966 3693; x_wconf 82' lang='grc' dir='ltr'>ὃ</span> <span class='ocrx_word' id='word_1_405' title='bbox 1002 3641 1110 3712; x_wconf 74' lang='lat'><strong>(2|)</strong></span> <span class='ocrx_word' id='word_1_406' title='bbox 1139 3641 1202 3711; x_wconf 82' lang='grc' dir='ltr'>δὴ</span> <span class='ocrx_word' id='word_1_407' title='bbox 1230 3641 1467 3694; x_wconf 86' lang='grc' dir='ltr'>διδάσκει</span> <span class='ocrx_word' id='word_1_408' title='bbox 1511 3642 1684 3711; x_wconf 84' lang='grc' dir='ltr'>λέγων</span> <span class='ocrx_word' id='word_1_409' title='bbox 1717 3644 1813 3696; x_wconf 86' lang='grc' dir='ltr'><strong>αὐ-</strong></span> 
     </span>
    </p>
   </div>
   <div class='ocr_carea' id='block_1_54' title="bbox 237 3731 1807 3804">
    <p class='ocr_par' dir='ltr' id='par_1_54' title="bbox 237 3731 1807 3804">
     <span class='ocr_line' id='line_1_54' title="bbox 237 3731 1807 3804; baseline 0.001 -18"><span class='ocrx_word' id='word_1_410' title='bbox 237 3733 352 3795; x_wconf 70' lang='grc' dir='ltr'>τος.</span> <span class='ocrx_word' id='word_1_411' title='bbox 397 3731 598 3785; x_wconf 77' lang='grc' dir='ltr'>Πάντα</span> <span class='ocrx_word' id='word_1_412' title='bbox 630 3749 730 3800; x_wconf 85' lang='grc' dir='ltr'><strong>μοι</strong></span> <span class='ocrx_word' id='word_1_413' title='bbox 759 3731 1052 3800; x_wconf 77' lang='grc' dir='ltr'>παρεδόθη</span> <span class='ocrx_word' id='word_1_414' title='bbox 1087 3731 1204 3784; x_wconf 75' lang='grc' dir='ltr'><strong>ὑπὸ</strong></span> <span class='ocrx_word' id='word_1_415' title='bbox 1247 3731 1353 3784; x_wconf 85' lang='grc' dir='ltr'>τοῦ</span> <span class='ocrx_word' id='word_1_416' title='bbox 1386 3736 1612 3800; x_wconf 78' lang='grc' dir='ltr'>Πατρός</span> <span class='ocrx_word' id='word_1_417' title='bbox 1657 3753 1807 3804; x_wconf 80' lang='grc' dir='ltr'>μου·</span> 
     </span>
    </p>
   </div>
   <div class='ocr_carea' id='block_1_55' title="bbox 236 3819 1814 3894">
    <p class='ocr_par' dir='ltr' id='par_1_55' title="bbox 236 3819 1814 3894">
     <span class='ocr_line' id='line_1_55' title="bbox 236 3819 1814 3894; baseline 0.001 -18"><span class='ocrx_word' id='word_1_418' title='bbox 236 3824 324 3876; x_wconf 83' lang='grc' dir='ltr'><strong>διὸ</strong></span> <span class='ocrx_word' id='word_1_419' title='bbox 348 3823 674 3886; x_wconf 87' lang='grc' dir='ltr'>ἀκολούθως,</span> <span class='ocrx_word' id='word_1_420' title='bbox 699 3819 786 3877; x_wconf 82' lang='grc' dir='ltr'><strong>οἷα</strong></span> <span class='ocrx_word' id='word_1_421' title='bbox 814 3824 984 3892; x_wconf 76' lang='grc' dir='ltr'>φύλαξ</span> <span class='ocrx_word' id='word_1_422' title='bbox 1004 3823 1224 3892; x_wconf 85' lang='grc' dir='ltr'>ἀγαθὸς,</span> <span class='ocrx_word' id='word_1_423' title='bbox 1255 3822 1395 3875; x_wconf 90' lang='grc' dir='ltr'>σῶαν</span> <span class='ocrx_word' id='word_1_424' title='bbox 1423 3825 1514 3876; x_wconf 78' lang='grc' dir='ltr'><strong>καὶ</strong></span> <span class='ocrx_word' id='word_1_425' title='bbox 1541 3825 1652 3894; x_wconf 69' lang='lat'><strong>(:12)</strong></span> <span class='ocrx_word' id='word_1_426' title='bbox 1674 3825 1814 3878; x_wconf 85' lang='grc' dir='ltr'>κατὰ</span> 
     </span>
    </p>
   </div>
   <div class='ocr_carea' id='block_1_56' title="bbox 243 3914 1812 3987">
    <p class='ocr_par' dir='ltr' id='par_1_56' title="bbox 243 3914 1812 3987">
     <span class='ocr_line' id='line_1_56' title="bbox 243 3914 1812 3987; baseline -0.001 -19"><span class='ocrx_word' id='word_1_427' title='bbox 243 3915 424 3968; x_wconf 82' lang='grc' dir='ltr'>πάντα</span> <span class='ocrx_word' id='word_1_428' title='bbox 453 3914 770 3986; x_wconf 73' lang='grc' dir='ltr'>ἐρρωμένην</span> <span class='ocrx_word' id='word_1_429' title='bbox 803 3916 899 3987; x_wconf 76' lang='grc' dir='ltr'>τὴν</span> <span class='ocrx_word' id='word_1_430' title='bbox 934 3915 1258 3986; x_wconf 80' lang='grc' dir='ltr'>παραθήκην</span> <span class='ocrx_word' id='word_1_431' title='bbox 1293 3915 1470 3986; x_wconf 76' lang='grc' dir='ltr'>φέρων</span> <span class='ocrx_word' id='word_1_432' title='bbox 1503 3915 1812 3985; x_wconf 86' lang='grc' dir='ltr'>παραδώσει</span> 
     </span>
    </p>
   </div>
   <div class='ocr_carea' id='block_1_57' title="bbox 238 4005 1810 4079">
    <p class='ocr_par' dir='ltr' id='par_1_57' title="bbox 238 4005 1810 4079">
     <span class='ocr_line' id='line_1_57' title="bbox 238 4005 1810 4079; baseline -0.001 -18"><span class='ocrx_word' id='word_1_433' title='bbox 238 4006 321 4078; x_wconf 77' lang='grc' dir='ltr'>τῷ</span> <span class='ocrx_word' id='word_1_434' title='bbox 349 4005 468 4076; x_wconf 85' lang='grc' dir='ltr'><strong>Θεῷ</strong></span> <span class='ocrx_word' id='word_1_435' title='bbox 503 4007 636 4076; x_wconf 67' lang='grc'>(25),</span> <span class='ocrx_word' id='word_1_436' title='bbox 679 4008 978 4078; x_wconf 83' lang='grc' dir='ltr'>ἀρχιερέως</span> <span class='ocrx_word' id='word_1_437' title='bbox 1021 4008 1197 4078; x_wconf 79' lang='grc' dir='ltr'>δίκην,</span> <span class='ocrx_word' id='word_1_438' title='bbox 1238 4011 1364 4072; x_wconf 73' lang='grc' dir='ltr'>τοὺς</span> <span class='ocrx_word' id='word_1_439' title='bbox 1399 4008 1488 4059; x_wconf 78' lang='grc' dir='ltr'>ὑπ’</span> <span class='ocrx_word' id='word_1_440' title='bbox 1518 4006 1665 4077; x_wconf 73' lang='grc' dir='ltr'>αὐτῷ</span> <span class='ocrx_word' id='word_1_441' title='bbox 1698 4007 1810 4079; x_wconf 66' lang='grc' dir='ltr'><strong>(Ἡ)</strong></span> 
     </span>
    </p>
   </div>
   <div class='ocr_carea' id='block_1_58' title="bbox 250 4098 1814 4171">
    <p class='ocr_par' dir='ltr' id='par_1_58' title="bbox 250 4098 1814 4171">
     <span class='ocr_line' id='line_1_58' title="bbox 250 4098 1814 4171; baseline 0 -19"><span class='ocrx_word' id='word_1_442' title='bbox 250 4098 622 4171; x_wconf 78' lang='grc' dir='ltr'>ἱερουμένους,</span> <span class='ocrx_word' id='word_1_443' title='bbox 653 4100 857 4162; x_wconf 84' lang='grc' dir='ltr'>πάντας</span> <span class='ocrx_word' id='word_1_444' title='bbox 880 4099 1248 4169; x_wconf 82' lang='grc' dir='ltr'>λευχείμονας,</span> <span class='ocrx_word' id='word_1_445' title='bbox 1295 4101 1388 4153; x_wconf 67' lang='grc' dir='ltr'><strong>καὶ</strong></span> <span class='ocrx_word' id='word_1_446' title='bbox 1414 4099 1650 4171; x_wconf 76' lang='grc' dir='ltr'>ὡσπερεὶ</span> <span class='ocrx_word' id='word_1_447' title='bbox 1678 4099 1814 4169; x_wconf 87' lang='grc' dir='ltr'>λαμ-</span> 
     </span>
    </p>
   </div>
   <div class='ocr_carea' id='block_1_59' title="bbox 241 4190 1814 4263">
    <p class='ocr_par' dir='ltr' id='par_1_59' title="bbox 241 4190 1814 4263">
     <span class='ocr_line' id='line_1_59' title="bbox 241 4190 1814 4263; baseline 0 -19"><span class='ocrx_word' id='word_1_448' title='bbox 241 4190 546 4263; x_wconf 85' lang='grc' dir='ltr'>προτάταις</span> <span class='ocrx_word' id='word_1_449' title='bbox 589 4191 798 4253; x_wconf 85' lang='grc' dir='ltr'>στολαῖς</span> <span class='ocrx_word' id='word_1_450' title='bbox 842 4194 951 4254; x_wconf 88' lang='grc' dir='ltr'>τοῖς</span> <span class='ocrx_word' id='word_1_451' title='bbox 997 4192 1093 4261; x_wconf 79' lang='grc' dir='ltr'>τῆς</span> <span class='ocrx_word' id='word_1_452' title='bbox 1138 4193 1483 4254; x_wconf 86' lang='grc' dir='ltr'>ἀναστάσεως</span> <span class='ocrx_word' id='word_1_453' title='bbox 1521 4191 1814 4262; x_wconf 81' lang='grc' dir='ltr'>ἀφθάρτοις</span> 
     </span>
    </p>
   </div>
   <div class='ocr_carea' id='block_1_60' title="bbox 245 4281 1814 4354">
    <p class='ocr_par' dir='ltr' id='par_1_60' title="bbox 245 4281 1814 4354">
     <span class='ocr_line' id='line_1_60' title="bbox 245 4281 1814 4354; baseline -0.001 -17"><span class='ocrx_word' id='word_1_454' title='bbox 245 4282 496 4353; x_wconf 76' lang='grc' dir='ltr'>σώμασιν</span> <span class='ocrx_word' id='word_1_455' title='bbox 546 4281 1012 4353; x_wconf 77' lang='grc' dir='ltr'>ἐξαστράπτοντας</span> <span class='ocrx_word' id='word_1_456' title='bbox 1065 4282 1341 4354; x_wconf 83' lang='grc' dir='ltr'>παριστῶν</span> <span class='ocrx_word' id='word_1_457' title='bbox 1395 4281 1562 4351; x_wconf 75' lang='grc' dir='ltr'>αὐτῷ,</span> <span class='ocrx_word' id='word_1_458' title='bbox 1615 4282 1702 4335; x_wconf 82' lang='grc' dir='ltr'><strong>ἵνα</strong></span> <span class='ocrx_word' id='word_1_459' title='bbox 1739 4282 1814 4353; x_wconf 86' lang='grc' dir='ltr'>μὴ</span> 
     </span>
    </p>
   </div>
   <div class='ocr_carea' id='block_1_61' title="bbox 244 4372 1815 4446">
    <p class='ocr_par' dir='ltr' id='par_1_61' title="bbox 244 4372 1815 4446">
     <span class='ocr_line' id='line_1_61' title="bbox 244 4372 1815 4446; baseline 0 -18"><span class='ocrx_word' id='word_1_460' title='bbox 244 4375 420 4446; x_wconf 83' lang='grc' dir='ltr'>μόνης</span> <span class='ocrx_word' id='word_1_461' title='bbox 449 4374 548 4444; x_wconf 82' lang='grc' dir='ltr'>τῆς</span> <span class='ocrx_word' id='word_1_462' title='bbox 573 4375 663 4426; x_wconf 79' lang='grc' dir='ltr'><strong>ὑπ’</strong></span> <span class='ocrx_word' id='word_1_463' title='bbox 689 4372 834 4444; x_wconf 84' lang='grc' dir='ltr'>αύτῷ</span> <span class='ocrx_word' id='word_1_464' title='bbox 859 4373 1132 4444; x_wconf 80' lang='grc' dir='ltr'>βασιλείας</span> <span class='ocrx_word' id='word_1_465' title='bbox 1160 4375 1521 4440; x_wconf 81' lang='grc' dir='ltr'>ἀπολαύωσιν,</span> <span class='ocrx_word' id='word_1_466' title='bbox 1555 4375 1689 4428; x_wconf 89' lang='grc' dir='ltr'><strong>ἀλλά</strong></span> <span class='ocrx_word' id='word_1_467' title='bbox 1724 4376 1815 4428; x_wconf 74' lang='grc' dir='ltr'>καὶ</span> 
     </span>
    </p>
   </div>
   <div class='ocr_carea' id='block_1_62' title="bbox 242 4462 1810 4535">
    <p class='ocr_par' dir='ltr' id='par_1_62' title="bbox 242 4462 1810 4535">
     <span class='ocr_line' id='line_1_62' title="bbox 242 4462 1810 4535; baseline 0 -17"><span class='ocrx_word' id='word_1_468' title='bbox 242 4463 355 4518; x_wconf 82' lang='grc' dir='ltr'><strong>τῶν</strong></span> <span class='ocrx_word' id='word_1_469' title='bbox 405 4462 500 4516; x_wconf 79' lang='grc' dir='ltr'>τοῦ</span> <span class='ocrx_word' id='word_1_470' title='bbox 551 4463 762 4534; x_wconf 82' lang='grc' dir='ltr'>Πατρὸς</span> <span class='ocrx_word' id='word_1_471' title='bbox 824 4464 1075 4535; x_wconf 75' lang='grc' dir='ltr'>ἀρρήτων</span> <span class='ocrx_word' id='word_1_472' title='bbox 1138 4464 1356 4532; x_wconf 84' lang='grc' dir='ltr'>ἀγαθῶν</span> <span class='ocrx_word' id='word_1_473' title='bbox 1416 4464 1810 4535; x_wconf 85' lang='grc' dir='ltr'>ὲμπιπλῶνται.</span> 
     </span>
    </p>
   </div>
   <div class='ocr_carea' id='block_1_63' title="bbox 240 4551 1816 4626">
    <p class='ocr_par' dir='ltr' id='par_1_63' title="bbox 240 4551 1816 4626">
     <span class='ocr_line' id='line_1_63' title="bbox 240 4551 1816 4626; baseline 0.001 -18"><span class='ocrx_word' id='word_1_474' title='bbox 240 4551 403 4608; x_wconf 77' lang='grc' dir='ltr'>Οὕτω</span> <span class='ocrx_word' id='word_1_475' title='bbox 433 4554 540 4626; x_wconf 87' lang='grc' dir='ltr'>γὰρ</span> <span class='ocrx_word' id='word_1_476' title='bbox 565 4554 734 4620; x_wconf 74' lang='grc' dir='ltr'>ἔσται,</span> <span class='ocrx_word' id='word_1_477' title='bbox 758 4555 896 4608; x_wconf 86' lang='grc' dir='ltr'><strong>κατά</strong></span> <span class='ocrx_word' id='word_1_478' title='bbox 914 4557 1003 4607; x_wconf 81' lang='grc' dir='ltr'><strong>τὸν</strong></span> <span class='ocrx_word' id='word_1_479' title='bbox 1020 4556 1353 4620; x_wconf 77' lang='grc' dir='ltr'>’Λπόστολον,</span> <span class='ocrx_word' id='word_1_480' title='bbox 1372 4558 1427 4609; x_wconf 89' lang='grc' dir='ltr'><strong>Ὀ</strong></span> <span class='ocrx_word' id='word_1_481' title='bbox 1458 4557 1598 4621; x_wconf 82' lang='grc' dir='ltr'>Θεὸς</span> <span class='ocrx_word' id='word_1_482' title='bbox 1623 4557 1816 4610; x_wconf 81' lang='grc' dir='ltr'>πάντα</span> 
     </span>
    </p>
   </div>
   <div class='ocr_carea' id='block_1_64' title="bbox 1909 2083 3469 2159">
    <p class='ocr_par' dir='ltr' id='par_1_64' title="bbox 1909 2083 3469 2159">
     <span class='ocr_line' id='line_1_64' title="bbox 1909 2083 3469 2159; baseline 0.006 -23"><span class='ocrx_word' id='word_1_483' title='bbox 1909 2083 2026 2138; x_wconf 88' lang='lat' dir='ltr'><strong>aliis</strong></span> <span class='ocrx_word' id='word_1_484' title='bbox 2061 2094 2169 2139; x_wconf 91' lang='lat' dir='ltr'><strong>tum</strong></span> <span class='ocrx_word' id='word_1_485' title='bbox 2209 2087 2300 2141; x_wconf 90' lang='lat' dir='ltr'><strong>illo</strong></span> <span class='ocrx_word' id='word_1_486' title='bbox 2326 2087 2591 2143; x_wconf 88' lang='lat' dir='ltr'><strong>Gabrielis</strong></span> <span class='ocrx_word' id='word_1_487' title='bbox 2621 2091 2795 2159; x_wconf 78' lang='lat' dir='ltr'><strong>angeli</strong></span> <span class='ocrx_word' id='word_1_488' title='bbox 2823 2091 2890 2145; x_wconf 89' lang='lat' dir='ltr'><strong>ad</strong></span> <span class='ocrx_word' id='word_1_489' title='bbox 2917 2092 3310 2146; x_wconf 82' lang='lat' dir='ltr'><strong>sanctissimam</strong></span> <span class='ocrx_word' id='word_1_490' title='bbox 3345 2092 3469 2147; x_wconf 80' lang='lat' dir='ltr'><strong>Vir-</strong></span> 
     </span>
    </p>
   </div>
   <div class='ocr_carea' id='block_1_65' title="bbox 1907 2178 3469 2252">
    <p class='ocr_par' dir='ltr' id='par_1_65' title="bbox 1907 2178 3469 2252">
     <span class='ocr_line' id='line_1_65' title="bbox 1907 2178 3469 2252; baseline 0.004 -25"><span class='ocrx_word' id='word_1_491' title='bbox 1907 2178 2082 2243; x_wconf 78' lang='lat' dir='ltr'><strong>ginem</strong></span> <span class='ocrx_word' id='word_1_492' title='bbox 2115 2182 2174 2240; x_wconf 65' lang='lat'><strong>&gt;14</strong></span> <span class='ocrx_word' id='word_1_493' title='bbox 2200 2178 2405 2246; x_wconf 86' lang='lat' dir='ltr'><strong>prolato</strong></span> <span class='ocrx_word' id='word_1_494' title='bbox 2435 2180 2498 2234; x_wconf 90' lang='lat' dir='ltr'><strong>de</strong></span> <span class='ocrx_word' id='word_1_495' title='bbox 2521 2178 2660 2233; x_wconf 80' lang='lat' dir='ltr'><strong>Filio</strong></span> <span class='ocrx_word' id='word_1_496' title='bbox 2682 2196 2748 2235; x_wconf 81' lang='lat' dir='ltr'><strong>ex</strong></span> <span class='ocrx_word' id='word_1_497' title='bbox 2769 2195 2832 2236; x_wconf 88' lang='lat' dir='ltr'><strong>ea</strong></span> <span class='ocrx_word' id='word_1_498' title='bbox 2866 2185 3290 2252; x_wconf 73' lang='lat' dir='ltr'><strong>progenerando,</strong></span> <span class='ocrx_word' id='word_1_499' title='bbox 3319 2183 3469 2248; x_wconf 76' lang='lat' dir='ltr'><strong>Quod</strong></span> 
     </span>
    </p>
   </div>
   <div class='ocr_carea' id='block_1_66' title="bbox 1907 2270 3472 2346">
    <p class='ocr_par' dir='ltr' id='par_1_66' title="bbox 1907 2270 3472 2346">
     <span class='ocr_line' id='line_1_66' title="bbox 1907 2270 3472 2346; baseline 0.007 -28"><span class='ocrx_word' id='word_1_500' title='bbox 1907 2277 2217 2336; x_wconf 77' lang='lat' dir='ltr'><strong>regnaturus</strong></span> <span class='ocrx_word' id='word_1_501' title='bbox 2242 2270 2311 2322; x_wconf 77' lang='lat' dir='ltr'><strong>ait</strong></span> <span class='ocrx_word' id='word_1_502' title='bbox 2346 2271 2399 2322; x_wconf 81' lang='lat' dir='ltr'><strong>in</strong></span> <span class='ocrx_word' id='word_1_503' title='bbox 2434 2281 2704 2338; x_wconf 66' lang='lat' dir='ltr'><strong>(uernum,</strong></span> <span class='ocrx_word' id='word_1_504' title='bbox 2733 2283 2780 2326; x_wconf 85' lang='lat' dir='ltr'><strong>et</strong></span> <span class='ocrx_word' id='word_1_505' title='bbox 2817 2275 2962 2343; x_wconf 84' lang='lat' dir='ltr'><strong>regni</strong></span> <span class='ocrx_word' id='word_1_506' title='bbox 2989 2274 3101 2340; x_wconf 76' lang='lat' dir='ltr'><strong>eius</strong></span> <span class='ocrx_word' id='word_1_507' title='bbox 3134 2292 3244 2346; x_wconf 77' lang='lat' dir='ltr'><strong>non</strong></span> <span class='ocrx_word' id='word_1_508' title='bbox 3273 2277 3371 2328; x_wconf 77' lang='lat' dir='ltr'><strong>erit</strong></span> <span class='ocrx_word' id='word_1_509' title='bbox 3404 2276 3472 2342; x_wconf 81' lang='lat' dir='ltr'><strong>ﬁ-</strong></span> 
     </span>
    </p>
   </div>
   <div class='ocr_carea' id='block_1_67' title="bbox 1908 2357 3472 2431">
    <p class='ocr_par' dir='ltr' id='par_1_67' title="bbox 1908 2357 3472 2431">
     <span class='ocr_line' id='line_1_67' title="bbox 1908 2357 3472 2431; baseline 0.005 -21"><span class='ocrx_word' id='word_1_510' title='bbox 1908 2359 1989 2410; x_wconf 74' lang='lat' dir='ltr'><strong>nis</strong></span> <span class='ocrx_word' id='word_1_511' title='bbox 2012 2358 2079 2414; x_wconf 80' lang='lat'><strong>&quot;.</strong></span> <span class='ocrx_word' id='word_1_512' title='bbox 2125 2357 2376 2428; x_wconf 81' lang='lat' dir='ltr'><strong>Regnans</strong></span> <span class='ocrx_word' id='word_1_513' title='bbox 2416 2374 2482 2414; x_wconf 90' lang='lat' dir='ltr'><strong>eo</strong></span> <span class='ocrx_word' id='word_1_514' title='bbox 2513 2371 2752 2431; x_wconf 87' lang='lat' dir='ltr'><strong>tempore</strong></span> <span class='ocrx_word' id='word_1_515' title='bbox 2791 2364 2882 2418; x_wconf 87' lang='lat' dir='ltr'><strong>Dei</strong></span> <span class='ocrx_word' id='word_1_516' title='bbox 2929 2363 3119 2429; x_wconf 78' lang='lat' dir='ltr'><strong>Filius,</strong></span> <span class='ocrx_word' id='word_1_517' title='bbox 3163 2380 3350 2420; x_wconf 84' lang='lat' dir='ltr'><strong>omnes</strong></span> <span class='ocrx_word' id='word_1_518' title='bbox 3378 2381 3472 2419; x_wconf 90' lang='lat' dir='ltr'><strong>eos</strong></span> 
     </span>
    </p>
   </div>
   <div class='ocr_carea' id='block_1_68' title="bbox 1908 2449 3473 2523">
    <p class='ocr_par' dir='ltr' id='par_1_68' title="bbox 1908 2449 3473 2523">
     <span class='ocr_line' id='line_1_68' title="bbox 1908 2449 3473 2523; baseline 0.006 -24"><span class='ocrx_word' id='word_1_519' title='bbox 1908 2449 1997 2516; x_wconf 89' lang='lat' dir='ltr'><strong>qui</strong></span> <span class='ocrx_word' id='word_1_520' title='bbox 2031 2450 2130 2503; x_wconf 87' lang='lat' dir='ltr'><strong>sub</strong></span> <span class='ocrx_word' id='word_1_521' title='bbox 2162 2450 2277 2520; x_wconf 87' lang='lat' dir='ltr'><strong>ipso</strong></span> <span class='ocrx_word' id='word_1_522' title='bbox 2316 2461 2440 2505; x_wconf 88' lang='lat' dir='ltr'><strong>sunt</strong></span> <span class='ocrx_word' id='word_1_523' title='bbox 2470 2455 2748 2523; x_wconf 79' lang='lat' dir='ltr'><strong>regnaturi</strong></span> <span class='ocrx_word' id='word_1_524' title='bbox 2789 2455 3080 2509; x_wconf 87' lang='lat' dir='ltr'><strong>traditurus</strong></span> <span class='ocrx_word' id='word_1_525' title='bbox 3113 2467 3197 2510; x_wconf 88' lang='lat' dir='ltr'><strong>est</strong></span> <span class='ocrx_word' id='word_1_526' title='bbox 3233 2465 3340 2510; x_wconf 91' lang='lat' dir='ltr'><strong>tum</strong></span> <span class='ocrx_word' id='word_1_527' title='bbox 3374 2471 3473 2510; x_wconf 90' lang='lat' dir='ltr'><strong>suo</strong></span> 
     </span>
    </p>
   </div>
   <div class='ocr_carea' id='block_1_69' title="bbox 1908 2539 3471 2634">
    <p class='ocr_par' dir='ltr' id='par_1_69' title="bbox 1908 2539 3471 2634">
     <span class='ocr_line' id='line_1_69' title="bbox 1908 2539 3471 2634; baseline 0.004 -41"><span class='ocrx_word' id='word_1_528' title='bbox 1908 2539 2053 2594; x_wconf 88' lang='lat' dir='ltr'><strong>Patri</strong></span> <span class='ocrx_word' id='word_1_529' title='bbox 2078 2559 2093 2596; x_wconf 87' lang='lat'><strong>:</strong></span> <span class='ocrx_word' id='word_1_530' title='bbox 2117 2556 2220 2596; x_wconf 91' lang='lat' dir='ltr'><strong>non</strong></span> <span class='ocrx_word' id='word_1_531' title='bbox 2249 2544 2461 2612; x_wconf 85' lang='lat' dir='ltr'><strong>quidem</strong></span> <span class='ocrx_word' id='word_1_532' title='bbox 2491 2545 2741 2601; x_wconf 87' lang='lat' dir='ltr'><strong>desinens</strong></span> <span class='ocrx_word' id='word_1_533' title='bbox 2771 2547 2885 2614; x_wconf 87' lang='lat' dir='ltr'><strong>ipse</strong></span> <span class='ocrx_word' id='word_1_534' title='bbox 2909 2562 3135 2617; x_wconf 79' lang='lat' dir='ltr'><strong>regnare</strong></span> <span class='ocrx_word' id='word_1_535' title='bbox 3162 2548 3471 2634; x_wconf 50' lang='lat' dir='ltr'><strong>aliquando.</strong></span> 
     </span>
    </p>
   </div>
   <div class='ocr_carea' id='block_1_70' title="bbox 1909 2635 3472 2713">
    <p class='ocr_par' dir='ltr' id='par_1_70' title="bbox 1909 2635 3472 2713">
     <span class='ocr_line' id='line_1_70' title="bbox 1909 2635 3472 2713; baseline 0.004 -26"><span class='ocrx_word' id='word_1_536' title='bbox 1909 2646 2010 2688; x_wconf 84' lang='lat' dir='ltr'><strong>nec</strong></span> <span class='ocrx_word' id='word_1_537' title='bbox 2048 2635 2236 2703; x_wconf 87' lang='lat' dir='ltr'><strong>quovis</strong></span> <span class='ocrx_word' id='word_1_538' title='bbox 2271 2645 2513 2705; x_wconf 88' lang='lat' dir='ltr'><strong>tempore</strong></span> <span class='ocrx_word' id='word_1_539' title='bbox 2550 2655 2712 2709; x_wconf 78' lang='lat' dir='ltr'><strong>regno</strong></span> <span class='ocrx_word' id='word_1_540' title='bbox 2763 2655 2821 2696; x_wconf 89' lang='lat' dir='ltr'><strong>se</strong></span> <span class='ocrx_word' id='word_1_541' title='bbox 2855 2642 3112 2697; x_wconf 85' lang='lat' dir='ltr'><strong>abdicans</strong></span> <span class='ocrx_word' id='word_1_542' title='bbox 3156 2644 3287 2713; x_wconf 88' lang='lat' dir='ltr'><strong>(nec</strong></span> <span class='ocrx_word' id='word_1_543' title='bbox 3329 2643 3472 2697; x_wconf 90' lang='lat' dir='ltr'><strong>enim</strong></span> 
     </span>
    </p>
   </div>
   <div class='ocr_carea' id='block_1_71' title="bbox 1908 2727 3473 2802">
    <p class='ocr_par' dir='ltr' id='par_1_71' title="bbox 1908 2727 3473 2802">
     <span class='ocr_line' id='line_1_71' title="bbox 1908 2727 3473 2802; baseline 0.005 -24"><span class='ocrx_word' id='word_1_544' title='bbox 1908 2739 2137 2796; x_wconf 77' lang='lat' dir='ltr'><strong>regnare</strong></span> <span class='ocrx_word' id='word_1_545' title='bbox 2195 2727 2487 2782; x_wconf 87' lang='lat' dir='ltr'><strong>desiturum</strong></span> <span class='ocrx_word' id='word_1_546' title='bbox 2545 2730 2835 2800; x_wconf 83' lang='lat' dir='ltr'><strong>aliquando</strong></span> <span class='ocrx_word' id='word_1_547' title='bbox 2886 2749 3008 2788; x_wconf 85' lang='lat' dir='ltr'><strong>eum</strong></span> <span class='ocrx_word' id='word_1_548' title='bbox 3058 2735 3268 2790; x_wconf 88' lang='lat' dir='ltr'><strong>divinus</strong></span> <span class='ocrx_word' id='word_1_549' title='bbox 3328 2736 3473 2802; x_wconf 83' lang='lat' dir='ltr'><strong>Apo-</strong></span> 
     </span>
    </p>
   </div>
   <div class='ocr_carea' id='block_1_72' title="bbox 1909 2816 3474 2897">
    <p class='ocr_par' dir='ltr' id='par_1_72' title="bbox 1909 2816 3474 2897">
     <span class='ocr_line' id='line_1_72' title="bbox 1909 2816 3474 2897; baseline 0.007 -27"><span class='ocrx_word' id='word_1_550' title='bbox 1909 2817 2078 2872; x_wconf 87' lang='lat' dir='ltr'><strong>stolus</strong></span> <span class='ocrx_word' id='word_1_551' title='bbox 2103 2816 2417 2883; x_wconf 79' lang='lat' dir='ltr'><strong>aﬂirmavit;</strong></span> <span class='ocrx_word' id='word_1_552' title='bbox 2446 2819 2524 2875; x_wconf 86' lang='lat' dir='ltr'><strong>ita</strong></span> <span class='ocrx_word' id='word_1_553' title='bbox 2559 2824 2702 2876; x_wconf 89' lang='lat' dir='ltr'><strong>enim</strong></span> <span class='ocrx_word' id='word_1_554' title='bbox 2730 2823 2965 2880; x_wconf 87' lang='lat' dir='ltr'><strong>Gabrieli</strong></span> <span class='ocrx_word' id='word_1_555' title='bbox 2990 2828 3256 2881; x_wconf 88' lang='lat' dir='ltr'><strong>contraria</strong></span> <span class='ocrx_word' id='word_1_556' title='bbox 3289 2839 3474 2897; x_wconf 87' lang='lat' dir='ltr'><strong>protu-</strong></span> 
     </span>
    </p>
   </div>
   <div class='ocr_carea' id='block_1_73' title="bbox 1909 2906 3474 2983">
    <p class='ocr_par' dir='ltr' id='par_1_73' title="bbox 1909 2906 3474 2983">
     <span class='ocr_line' id='line_1_73' title="bbox 1909 2906 3474 2983; baseline 0.008 -23"><span class='ocrx_word' id='word_1_557' title='bbox 1909 2906 2059 2962; x_wconf 84' lang='lat' dir='ltr'><strong>lisset</strong></span> <span class='ocrx_word' id='word_1_558' title='bbox 2104 2909 2194 2980; x_wconf 93' lang='lat' dir='ltr'><strong>qui</strong></span> <span class='ocrx_word' id='word_1_559' title='bbox 2246 2910 2444 2981; x_wconf 75' lang='lat' dir='ltr'><strong>Virgini</strong></span> <span class='ocrx_word' id='word_1_560' title='bbox 2485 2915 2654 2976; x_wconf 74' lang='lat' dir='ltr'><strong>dixit,</strong></span> <span class='ocrx_word' id='word_1_561' title='bbox 2705 2927 3048 2983; x_wconf 76' lang='lat' dir='ltr'><strong>regnaturum</strong></span> <span class='ocrx_word' id='word_1_562' title='bbox 3099 2917 3244 2972; x_wconf 91' lang='lat' dir='ltr'><strong>illum</strong></span> <span class='ocrx_word' id='word_1_563' title='bbox 3283 2919 3333 2972; x_wconf 93' lang='lat' dir='ltr'><strong>in</strong></span> <span class='ocrx_word' id='word_1_564' title='bbox 3372 2934 3474 2972; x_wconf 74' lang='lat' dir='ltr'><strong>sa:-</strong></span> 
     </span>
    </p>
   </div>
   <div class='ocr_carea' id='block_1_74' title="bbox 1909 2999 3473 3082">
    <p class='ocr_par' dir='ltr' id='par_1_74' title="bbox 1909 2999 3473 3082">
     <span class='ocr_line' id='line_1_74' title="bbox 1909 2999 3473 3082; baseline 0.008 -28"><span class='ocrx_word' id='word_1_565' title='bbox 1909 2999 2066 3064; x_wconf 87' lang='lat' dir='ltr'><strong>cula,</strong></span> <span class='ocrx_word' id='word_1_566' title='bbox 2107 3016 2207 3056; x_wconf 90' lang='lat' dir='ltr'><strong>nec</strong></span> <span class='ocrx_word' id='word_1_567' title='bbox 2251 3001 2486 3057; x_wconf 82' lang='lat' dir='ltr'><strong>futurum</strong></span> <span class='ocrx_word' id='word_1_568' title='bbox 2527 3005 2810 3074; x_wconf 82' lang='lat' dir='ltr'><strong>aliquando</strong></span> <span class='ocrx_word' id='word_1_569' title='bbox 2855 3010 2999 3078; x_wconf 79' lang='lat' dir='ltr'><strong>regni</strong></span> <span class='ocrx_word' id='word_1_570' title='bbox 3052 3008 3194 3063; x_wconf 89' lang='lat' dir='ltr'><strong>illius</strong></span> <span class='ocrx_word' id='word_1_571' title='bbox 3233 3010 3473 3082; x_wconf 83' lang='lat' dir='ltr'><strong>linem);</strong></span> 
     </span>
    </p>
   </div>
   <div class='ocr_carea' id='block_1_75' title="bbox 1909 3091 3478 3166">
    <p class='ocr_par' dir='ltr' id='par_1_75' title="bbox 1909 3091 3478 3166">
     <span class='ocr_line' id='line_1_75' title="bbox 1909 3091 3478 3166; baseline 0.008 -22"><span class='ocrx_word' id='word_1_572' title='bbox 1909 3091 2004 3144; x_wconf 86' lang='lat' dir='ltr'><strong>sed</strong></span> <span class='ocrx_word' id='word_1_573' title='bbox 2036 3091 2173 3145; x_wconf 79' lang='lat' dir='ltr'><strong>dixit</strong></span> <span class='ocrx_word' id='word_1_574' title='bbox 2210 3093 2527 3147; x_wconf 88' lang='lat' dir='ltr'><strong>traditurum</strong></span> <span class='ocrx_word' id='word_1_575' title='bbox 2575 3113 2798 3166; x_wconf 77' lang='lat' dir='ltr'><strong>regnum</strong></span> <span class='ocrx_word' id='word_1_576' title='bbox 2834 3114 2987 3152; x_wconf 85' lang='lat' dir='ltr'><strong>suum</strong></span> <span class='ocrx_word' id='word_1_577' title='bbox 3028 3097 3211 3165; x_wconf 85' lang='lat' dir='ltr'><strong>Patri,</strong></span> <span class='ocrx_word' id='word_1_578' title='bbox 3249 3100 3352 3155; x_wconf 89' lang='lat' dir='ltr'><strong>hoc</strong></span> <span class='ocrx_word' id='word_1_579' title='bbox 3395 3109 3478 3156; x_wconf 87' lang='lat' dir='ltr'><strong>est</strong></span> 
     </span>
    </p>
   </div>
   <div class='ocr_carea' id='block_1_76' title="bbox 1913 3180 3476 3257">
    <p class='ocr_par' dir='ltr' id='par_1_76' title="bbox 1913 3180 3476 3257">
     <span class='ocr_line' id='line_1_76' title="bbox 1913 3180 3476 3257; baseline 0.008 -23"><span class='ocrx_word' id='word_1_580' title='bbox 1913 3180 2033 3235; x_wconf 90' lang='lat' dir='ltr'><strong>illos</strong></span> <span class='ocrx_word' id='word_1_581' title='bbox 2062 3182 2115 3236; x_wconf 95' lang='lat' dir='ltr'><strong>in</strong></span> <span class='ocrx_word' id='word_1_582' title='bbox 2151 3197 2285 3252; x_wconf 85' lang='lat' dir='ltr'><strong>quos</strong></span> <span class='ocrx_word' id='word_1_583' title='bbox 2315 3185 2590 3240; x_wconf 88' lang='lat' dir='ltr'><strong>obtinebat</strong></span> <span class='ocrx_word' id='word_1_584' title='bbox 2626 3203 2864 3257; x_wconf 80' lang='lat' dir='ltr'><strong>regnum.</strong></span> <span class='ocrx_word' id='word_1_585' title='bbox 2894 3188 3302 3247; x_wconf 87' lang='lat' dir='ltr'><strong>Consummatos</strong></span> <span class='ocrx_word' id='word_1_586' title='bbox 3331 3195 3476 3248; x_wconf 90' lang='lat' dir='ltr'><strong>enim</strong></span> 
     </span>
    </p>
   </div>
   <div class='ocr_carea' id='block_1_77' title="bbox 1913 3273 3476 3348">
    <p class='ocr_par' dir='ltr' id='par_1_77' title="bbox 1913 3273 3476 3348">
     <span class='ocr_line' id='line_1_77' title="bbox 1913 3273 3476 3348; baseline 0.008 -24"><span class='ocrx_word' id='word_1_587' title='bbox 1913 3273 1978 3325; x_wconf 87' lang='lat' dir='ltr'><strong>ab</strong></span> <span class='ocrx_word' id='word_1_588' title='bbox 2017 3273 2132 3340; x_wconf 80' lang='lat' dir='ltr'><strong>ipso</strong></span> <span class='ocrx_word' id='word_1_589' title='bbox 2160 3275 2299 3338; x_wconf 89' lang='lat' dir='ltr'><strong>illos,</strong></span> <span class='ocrx_word' id='word_1_590' title='bbox 2326 3287 2379 3329; x_wconf 88' lang='lat' dir='ltr'><strong>et</strong></span> <span class='ocrx_word' id='word_1_591' title='bbox 2411 3287 2664 3347; x_wconf 88' lang='lat' dir='ltr'><strong>tanquam</strong></span> <span class='ocrx_word' id='word_1_592' title='bbox 2699 3295 2795 3332; x_wconf 90' lang='lat' dir='ltr'><strong>suo</strong></span> <span class='ocrx_word' id='word_1_593' title='bbox 2823 3280 3054 3348; x_wconf 75' lang='lat' dir='ltr'><strong>glorioso</strong></span> <span class='ocrx_word' id='word_1_594' title='bbox 3078 3281 3320 3337; x_wconf 82' lang='lat' dir='ltr'><strong>facinore</strong></span> <span class='ocrx_word' id='word_1_595' title='bbox 3353 3284 3476 3337; x_wconf 82' lang='lat' dir='ltr'><strong>illu-</strong></span> 
     </span>
    </p>
   </div>
   <div class='ocr_carea' id='block_1_78' title="bbox 1911 3364 3472 3443">
    <p class='ocr_par' dir='ltr' id='par_1_78' title="bbox 1911 3364 3472 3443">
     <span class='ocr_line' id='line_1_78' title="bbox 1911 3364 3472 3443; baseline 0.008 -27"><span class='ocrx_word' id='word_1_596' title='bbox 1911 3372 2131 3429; x_wconf 89' lang='lat' dir='ltr'><strong>stratos,</strong></span> <span class='ocrx_word' id='word_1_597' title='bbox 2175 3364 2321 3420; x_wconf 80' lang='lat' dir='ltr'><strong>Patri</strong></span> <span class='ocrx_word' id='word_1_598' title='bbox 2349 3370 2542 3432; x_wconf 88' lang='lat' dir='ltr'><strong>tradet,</strong></span> <span class='ocrx_word' id='word_1_599' title='bbox 2586 3381 2835 3440; x_wconf 89' lang='lat' dir='ltr'><strong>tanquam</strong></span> <span class='ocrx_word' id='word_1_600' title='bbox 2868 3373 3130 3440; x_wconf 82' lang='lat' dir='ltr'><strong>quoddam</strong></span> <span class='ocrx_word' id='word_1_601' title='bbox 3168 3374 3472 3443; x_wconf 91' lang='lat' dir='ltr'><strong>depositum</strong></span> 
     </span>
    </p>
   </div>
   <div class='ocr_carea' id='block_1_79' title="bbox 1913 3454 3476 3532">
    <p class='ocr_par' dir='ltr' id='par_1_79' title="bbox 1913 3454 3476 3532">
     <span class='ocr_line' id='line_1_79' title="bbox 1913 3454 3476 3532; baseline 0.01 -27"><span class='ocrx_word' id='word_1_602' title='bbox 1913 3454 2256 3510; x_wconf 83' lang='lat' dir='ltr'><strong>manifestum</strong></span> <span class='ocrx_word' id='word_1_603' title='bbox 2297 3477 2308 3511; x_wconf 90' lang='lat'><strong>:</strong></span> <span class='ocrx_word' id='word_1_604' title='bbox 2344 3461 2485 3528; x_wconf 89' lang='lat' dir='ltr'><strong>quod</strong></span> <span class='ocrx_word' id='word_1_605' title='bbox 2524 3470 2578 3515; x_wconf 88' lang='lat' dir='ltr'><strong>et</strong></span> <span class='ocrx_word' id='word_1_606' title='bbox 2613 3461 2727 3530; x_wconf 86' lang='lat' dir='ltr'><strong>ipse</strong></span> <span class='ocrx_word' id='word_1_607' title='bbox 2767 3463 2924 3517; x_wconf 90' lang='lat' dir='ltr'><strong>docet</strong></span> <span class='ocrx_word' id='word_1_608' title='bbox 2961 3465 3243 3532; x_wconf 87' lang='lat' dir='ltr'><strong>inquiens:</strong></span> <span class='ocrx_word' id='word_1_609' title='bbox 3283 3464 3476 3520; x_wconf 84' lang='lat' dir='ltr'><strong>Omnia</strong></span> 
     </span>
    </p>
   </div>
   <div class='ocr_carea' id='block_1_80' title="bbox 1913 3546 3479 3624">
    <p class='ocr_par' dir='ltr' id='par_1_80' title="bbox 1913 3546 3479 3624">
     <span class='ocr_line' id='line_1_80' title="bbox 1913 3546 3479 3624; baseline 0.01 -26"><span class='ocrx_word' id='word_1_610' title='bbox 1913 3546 2044 3600; x_wconf 80' lang='lat' dir='ltr'><strong>mihi</strong></span> <span class='ocrx_word' id='word_1_611' title='bbox 2081 3549 2277 3604; x_wconf 82' lang='lat' dir='ltr'><strong>tradita</strong></span> <span class='ocrx_word' id='word_1_612' title='bbox 2320 3564 2439 3606; x_wconf 79' lang='lat' dir='ltr'><strong>sunt</strong></span> <span class='ocrx_word' id='word_1_613' title='bbox 2480 3571 2511 3606; x_wconf 90' lang='lat' dir='ltr'><strong>a</strong></span> <span class='ocrx_word' id='word_1_614' title='bbox 2558 3551 2719 3609; x_wconf 75' lang='lat' dir='ltr'><strong>Patre</strong></span> <span class='ocrx_word' id='word_1_615' title='bbox 2751 3573 2862 3610; x_wconf 88' lang='lat' dir='ltr'><strong>meo</strong></span> <span class='ocrx_word' id='word_1_616' title='bbox 2883 3559 2949 3610; x_wconf 73' lang='grc' dir='ltr'>η.</span> <span class='ocrx_word' id='word_1_617' title='bbox 3002 3557 3267 3624; x_wconf 84' lang='lat' dir='ltr'><strong>Quocirca</strong></span> <span class='ocrx_word' id='word_1_618' title='bbox 3315 3559 3479 3614; x_wconf 86' lang='lat' dir='ltr'><strong>veluti</strong></span> 
     </span>
    </p>
   </div>
   <div class='ocr_carea' id='block_1_81' title="bbox 1911 3638 3476 3716">
    <p class='ocr_par' dir='ltr' id='par_1_81' title="bbox 1911 3638 3476 3716">
     <span class='ocr_line' id='line_1_81' title="bbox 1911 3638 3476 3716; baseline 0.009 -26"><span class='ocrx_word' id='word_1_619' title='bbox 1911 3638 2116 3708; x_wconf 84' lang='lat' dir='ltr'><strong>probus</strong></span> <span class='ocrx_word' id='word_1_620' title='bbox 2154 3641 2379 3711; x_wconf 92' lang='lat' dir='ltr'><strong>depositi</strong></span> <span class='ocrx_word' id='word_1_621' title='bbox 2424 3654 2636 3708; x_wconf 83' lang='lat' dir='ltr'><strong>custos.</strong></span> <span class='ocrx_word' id='word_1_622' title='bbox 2679 3646 2977 3716; x_wconf 88' lang='lat' dir='ltr'><strong>depositum</strong></span> <span class='ocrx_word' id='word_1_623' title='bbox 3020 3649 3226 3704; x_wconf 86' lang='lat' dir='ltr'><strong>salvqu</strong></span> <span class='ocrx_word' id='word_1_624' title='bbox 3271 3661 3476 3705; x_wconf 86' lang='lat' dir='ltr'><strong>sartum</strong></span> 
     </span>
    </p>
   </div>
   <div class='ocr_carea' id='block_1_82' title="bbox 1916 3737 3480 3804">
    <p class='ocr_par' dir='ltr' id='par_1_82' title="bbox 1916 3737 3480 3804">
     <span class='ocr_line' id='line_1_82' title="bbox 1916 3737 3480 3804; baseline 0.009 -21"><span class='ocrx_word' id='word_1_625' title='bbox 1916 3739 2223 3802; x_wconf 86' lang='lat' dir='ltr'><strong>tectumque</strong></span> <span class='ocrx_word' id='word_1_626' title='bbox 2249 3737 2523 3792; x_wconf 78' lang='lat' dir='ltr'><strong>exhibebit</strong></span> <span class='ocrx_word' id='word_1_627' title='bbox 2548 3737 2677 3804; x_wconf 89' lang='lat' dir='ltr'><strong>Deo,</strong></span> <span class='ocrx_word' id='word_1_628' title='bbox 2701 3741 2768 3794; x_wconf 89' lang='lat' dir='ltr'><strong>ad</strong></span> <span class='ocrx_word' id='word_1_629' title='bbox 2797 3741 2965 3794; x_wconf 84' lang='lat' dir='ltr'><strong>instar</strong></span> <span class='ocrx_word' id='word_1_630' title='bbox 2991 3740 3268 3796; x_wconf 82' lang='lat' dir='ltr'><strong>Pontiﬁcis</strong></span> <span class='ocrx_word' id='word_1_631' title='bbox 3293 3757 3480 3796; x_wconf 86' lang='lat' dir='ltr'><strong>omnes</strong></span> 
     </span>
    </p>
   </div>
   <div class='ocr_carea' id='block_1_83' title="bbox 1915 3822 3477 3902">
    <p class='ocr_par' dir='ltr' id='par_1_83' title="bbox 1915 3822 3477 3902">
     <span class='ocr_line' id='line_1_83' title="bbox 1915 3822 3477 3902; baseline 0.008 -28"><span class='ocrx_word' id='word_1_632' title='bbox 1915 3822 2048 3877; x_wconf 90' lang='lat' dir='ltr'><strong>albis</strong></span> <span class='ocrx_word' id='word_1_633' title='bbox 2075 3827 2320 3891; x_wconf 80' lang='lat' dir='ltr'><strong>amictus,</strong></span> <span class='ocrx_word' id='word_1_634' title='bbox 2344 3839 2398 3883; x_wconf 85' lang='lat' dir='ltr'><strong>et</strong></span> <span class='ocrx_word' id='word_1_635' title='bbox 2431 3833 2748 3899; x_wconf 88' lang='lat' dir='ltr'><strong>corporibus</strong></span> <span class='ocrx_word' id='word_1_636' title='bbox 2782 3833 3196 3896; x_wconf 84' lang='lat' dir='ltr'><strong>immortalibus,</strong></span> <span class='ocrx_word' id='word_1_637' title='bbox 3227 3845 3477 3902; x_wconf 86' lang='lat' dir='ltr'><strong>tanquam</strong></span> 
     </span>
    </p>
   </div>
   <div class='ocr_carea' id='block_1_84' title="bbox 1914 3913 3476 3988">
    <p class='ocr_par' dir='ltr' id='par_1_84' title="bbox 1914 3913 3476 3988">
     <span class='ocr_line' id='line_1_84' title="bbox 1914 3913 3476 3988; baseline 0.004 -21"><span class='ocrx_word' id='word_1_638' title='bbox 1914 3913 2063 3968; x_wconf 88' lang='lat' dir='ltr'><strong>stolis</strong></span> <span class='ocrx_word' id='word_1_639' title='bbox 2093 3919 2491 3973; x_wconf 89' lang='lat' dir='ltr'><strong>candidissimis</strong></span> <span class='ocrx_word' id='word_1_640' title='bbox 2524 3923 2794 3975; x_wconf 86' lang='lat' dir='ltr'><strong>radiantes</strong></span> <span class='ocrx_word' id='word_1_641' title='bbox 2825 3923 2896 3975; x_wconf 94' lang='lat' dir='ltr'><strong>illi</strong></span> <span class='ocrx_word' id='word_1_642' title='bbox 2937 3923 2985 3974; x_wconf 92' lang='lat' dir='ltr'><strong>in</strong></span> <span class='ocrx_word' id='word_1_643' title='bbox 3017 3940 3207 3976; x_wconf 89' lang='lat' dir='ltr'><strong>manus</strong></span> <span class='ocrx_word' id='word_1_644' title='bbox 3236 3924 3476 3988; x_wconf 80' lang='lat' dir='ltr'><strong>tradens,</strong></span> 
     </span>
    </p>
   </div>
   <div class='ocr_carea' id='block_1_85' title="bbox 1913 4009 3479 4081">
    <p class='ocr_par' dir='ltr' id='par_1_85' title="bbox 1913 4009 3479 4081">
     <span class='ocr_line' id='line_1_85' title="bbox 1913 4009 3479 4081; baseline 0.004 -24"><span class='ocrx_word' id='word_1_645' title='bbox 1913 4016 1973 4058; x_wconf 90' lang='lat' dir='ltr'><strong>ut</strong></span> <span class='ocrx_word' id='word_1_646' title='bbox 2008 4022 2110 4059; x_wconf 94' lang='lat' dir='ltr'><strong>non</strong></span> <span class='ocrx_word' id='word_1_647' title='bbox 2152 4009 2311 4061; x_wconf 92' lang='lat' dir='ltr'><strong>modo</strong></span> <span class='ocrx_word' id='word_1_648' title='bbox 2347 4013 2444 4063; x_wconf 87' lang='lat' dir='ltr'><strong>sub</strong></span> <span class='ocrx_word' id='word_1_649' title='bbox 2485 4011 2571 4063; x_wconf 91' lang='lat' dir='ltr'><strong>illo</strong></span> <span class='ocrx_word' id='word_1_650' title='bbox 2604 4009 2854 4065; x_wconf 81' lang='lat' dir='ltr'><strong>fruantur</strong></span> <span class='ocrx_word' id='word_1_651' title='bbox 2886 4027 3080 4081; x_wconf 80' lang='lat' dir='ltr'><strong>regno,</strong></span> <span class='ocrx_word' id='word_1_652' title='bbox 3127 4014 3220 4066; x_wconf 88' lang='lat' dir='ltr'><strong>sed</strong></span> <span class='ocrx_word' id='word_1_653' title='bbox 3258 4015 3479 4080; x_wconf 86' lang='lat' dir='ltr'><strong>insuper</strong></span> 
     </span>
    </p>
   </div>
   <div class='ocr_carea' id='block_1_86' title="bbox 1914 4095 3473 4166">
    <p class='ocr_par' dir='ltr' id='par_1_86' title="bbox 1914 4095 3473 4166">
     <span class='ocr_line' id='line_1_86' title="bbox 1914 4095 3473 4166; baseline 0.004 -20"><span class='ocrx_word' id='word_1_654' title='bbox 1914 4095 2193 4164; x_wconf 89' lang='lat' dir='ltr'><strong>adimpleri</strong></span> <span class='ocrx_word' id='word_1_655' title='bbox 2257 4099 2465 4166; x_wconf 81' lang='lat' dir='ltr'><strong>possint</strong></span> <span class='ocrx_word' id='word_1_656' title='bbox 2522 4098 2876 4154; x_wconf 76' lang='lat' dir='ltr'><strong>iuetTabilibus</strong></span> <span class='ocrx_word' id='word_1_657' title='bbox 2932 4102 3107 4156; x_wconf 79' lang='lat' dir='ltr'><strong>Patris</strong></span> <span class='ocrx_word' id='word_1_658' title='bbox 3147 4102 3227 4154; x_wconf 92' lang='lat' dir='ltr'><strong>sui</strong></span> <span class='ocrx_word' id='word_1_659' title='bbox 3280 4102 3473 4155; x_wconf 89' lang='lat' dir='ltr'><strong>bouis:</strong></span> 
     </span>
    </p>
   </div>
   <div class='ocr_carea' id='block_1_87' title="bbox 1915 4188 3476 4258">
    <p class='ocr_par' dir='ltr' id='par_1_87' title="bbox 1915 4188 3476 4258">
     <span class='ocr_line' id='line_1_87' title="bbox 1915 4188 3476 4258; baseline 0.003 -21"><span class='ocrx_word' id='word_1_660' title='bbox 1915 4196 2074 4253; x_wconf 89' lang='lat' dir='ltr'><strong>atque</strong></span> <span class='ocrx_word' id='word_1_661' title='bbox 2114 4188 2186 4240; x_wconf 90' lang='lat' dir='ltr'><strong>ita</strong></span> <span class='ocrx_word' id='word_1_662' title='bbox 2237 4189 2447 4243; x_wconf 76' lang='lat' dir='ltr'><strong>iuturus</strong></span> <span class='ocrx_word' id='word_1_663' title='bbox 2484 4203 2586 4254; x_wconf 84' lang='lat' dir='ltr'><strong>est,</strong></span> <span class='ocrx_word' id='word_1_664' title='bbox 2611 4192 2907 4244; x_wconf 87' lang='lat' dir='ltr'><strong>secundum</strong></span> <span class='ocrx_word' id='word_1_665' title='bbox 2959 4191 3200 4258; x_wconf 84' lang='lat' dir='ltr'><strong>Apostoli</strong></span> <span class='ocrx_word' id='word_1_666' title='bbox 3233 4192 3476 4256; x_wconf 85' lang='lat' dir='ltr'><strong>dictum,</strong></span> 
     </span>
    </p>
   </div>
   <div class='ocr_carea' id='block_1_88' title="bbox 1917 4267 3475 4344">
    <p class='ocr_par' dir='ltr' id='par_1_88' title="bbox 1917 4267 3475 4344">
     <span class='ocr_line' id='line_1_88' title="bbox 1917 4267 3475 4344; baseline 0.005 -15"><span class='ocrx_word' id='word_1_667' title='bbox 1917 4275 2053 4330; x_wconf 70' lang='lat' dir='ltr'><strong>Deus</strong></span> <span class='ocrx_word' id='word_1_668' title='bbox 2096 4281 2272 4332; x_wconf 83' lang='lat' dir='ltr'><strong>omnia</strong></span> <span class='ocrx_word' id='word_1_669' title='bbox 2310 4281 2364 4332; x_wconf 86' lang='lat' dir='ltr'><strong>in</strong></span> <span class='ocrx_word' id='word_1_670' title='bbox 2411 4283 2646 4333; x_wconf 82' lang='lat' dir='ltr'><strong>omnibus</strong></span> <span class='ocrx_word' id='word_1_671' title='bbox 2672 4281 2756 4344; x_wconf 75' lang='grc'>⁸³,</span> <span class='ocrx_word' id='word_1_672' title='bbox 2799 4297 2920 4335; x_wconf 90' lang='lat' dir='ltr'><strong>cum</strong></span> <span class='ocrx_word' id='word_1_673' title='bbox 2971 4267 3139 4337; x_wconf 69' lang='lat' dir='ltr'><strong>Filius</strong></span> <span class='ocrx_word' id='word_1_674' title='bbox 3177 4297 3304 4337; x_wconf 89' lang='lat' dir='ltr'><strong>suos</strong></span> <span class='ocrx_word' id='word_1_675' title='bbox 3346 4284 3475 4337; x_wconf 89' lang='lat' dir='ltr'><strong>sub-</strong></span> 
     </span>
    </p>
   </div>
   <div class='ocr_carea' id='block_1_89' title="bbox 1916 4367 3477 4442">
    <p class='ocr_par' dir='ltr' id='par_1_89' title="bbox 1916 4367 3477 4442">
     <span class='ocr_line' id='line_1_89' title="bbox 1916 4367 3477 4442; baseline 0.004 -22"><span class='ocrx_word' id='word_1_676' title='bbox 1916 4367 2052 4421; x_wconf 90' lang='lat' dir='ltr'><strong>ditos</strong></span> <span class='ocrx_word' id='word_1_677' title='bbox 2084 4380 2564 4438; x_wconf 67' lang='lat' dir='ltr'><strong>repraesentaturus</strong></span> <span class='ocrx_word' id='word_1_678' title='bbox 2591 4382 2673 4425; x_wconf 90' lang='lat' dir='ltr'><strong>est</strong></span> <span class='ocrx_word' id='word_1_679' title='bbox 2703 4372 2824 4439; x_wconf 84' lang='lat' dir='ltr'><strong>ipsi,</strong></span> <span class='ocrx_word' id='word_1_680' title='bbox 2856 4381 2912 4425; x_wconf 91' lang='lat' dir='ltr'><strong>ut</strong></span> <span class='ocrx_word' id='word_1_681' title='bbox 2943 4371 3057 4442; x_wconf 91' lang='lat' dir='ltr'><strong>ipse</strong></span> <span class='ocrx_word' id='word_1_682' title='bbox 3077 4371 3236 4426; x_wconf 88' lang='lat' dir='ltr'><strong>Pater</strong></span> <span class='ocrx_word' id='word_1_683' title='bbox 3253 4389 3477 4442; x_wconf 77' lang='lat' dir='ltr'><strong>peroni-</strong></span> 
     </span>
    </p>
   </div>
   <div class='ocr_carea' id='block_1_90' title="bbox 1915 4459 3478 4536">
    <p class='ocr_par' dir='ltr' id='par_1_90' title="bbox 1915 4459 3478 4536">
     <span class='ocr_line' id='line_1_90' title="bbox 1915 4459 3478 4536; baseline 0.005 -24"><span class='ocrx_word' id='word_1_684' title='bbox 1915 4459 2001 4512; x_wconf 87' lang='lat' dir='ltr'><strong>nia</strong></span> <span class='ocrx_word' id='word_1_685' title='bbox 2035 4460 2104 4514; x_wconf 90' lang='lat' dir='ltr'><strong>sit</strong></span> <span class='ocrx_word' id='word_1_686' title='bbox 2132 4460 2185 4513; x_wconf 92' lang='lat' dir='ltr'><strong>in</strong></span> <span class='ocrx_word' id='word_1_687' title='bbox 2217 4463 2466 4515; x_wconf 84' lang='lat' dir='ltr'><strong>omnibus</strong></span> <span class='ocrx_word' id='word_1_688' title='bbox 2491 4465 2690 4516; x_wconf 91' lang='lat' dir='ltr'><strong>omnia.</strong></span> <span class='ocrx_word' id='word_1_689' title='bbox 2718 4461 2850 4515; x_wconf 84' lang='lat' dir='ltr'><strong>Nam</strong></span> <span class='ocrx_word' id='word_1_690' title='bbox 2877 4475 2934 4517; x_wconf 91' lang='lat' dir='ltr'><strong>ut</strong></span> <span class='ocrx_word' id='word_1_691' title='bbox 2966 4474 3084 4518; x_wconf 81' lang='lat' dir='ltr'><strong>erat</strong></span> <span class='ocrx_word' id='word_1_692' title='bbox 3115 4465 3230 4536; x_wconf 87' lang='lat' dir='ltr'><strong>ipse</strong></span> <span class='ocrx_word' id='word_1_693' title='bbox 3256 4467 3307 4518; x_wconf 92' lang='lat' dir='ltr'><strong>in</strong></span> <span class='ocrx_word' id='word_1_694' title='bbox 3340 4463 3478 4520; x_wconf 83' lang='lat' dir='ltr'><strong>Filio</strong></span> 
     </span>
    </p>
   </div>
   <div class='ocr_carea' id='block_1_91' title="bbox 1915 4549 3476 4624">
    <p class='ocr_par' dir='ltr' id='par_1_91' title="bbox 1915 4549 3476 4624">
     <span class='ocr_line' id='line_1_91' title="bbox 1915 4549 3476 4624; baseline 0.004 -22"><span class='ocrx_word' id='word_1_695' title='bbox 1915 4565 2011 4603; x_wconf 91' lang='lat' dir='ltr'><strong>suo</strong></span> <span class='ocrx_word' id='word_1_696' title='bbox 2027 4549 2337 4622; x_wconf 79' lang='lat' dir='ltr'><strong>oliiu,juxta</strong></span> <span class='ocrx_word' id='word_1_697' title='bbox 2372 4553 2495 4607; x_wconf 87' lang='lat' dir='ltr'><strong>illud</strong></span> <span class='ocrx_word' id='word_1_698' title='bbox 2521 4569 2536 4605; x_wconf 87' lang='lat'>:</span> <span class='ocrx_word' id='word_1_699' title='bbox 2573 4550 2800 4607; x_wconf 70' lang='lat' dir='ltr'><strong>Patierin</strong></span> <span class='ocrx_word' id='word_1_700' title='bbox 2821 4571 2919 4618; x_wconf 85' lang='lat' dir='ltr'><strong>me,</strong></span> <span class='ocrx_word' id='word_1_701' title='bbox 2949 4564 2994 4608; x_wconf 84' lang='lat' dir='ltr'><strong>et</strong></span> <span class='ocrx_word' id='word_1_702' title='bbox 3009 4571 3100 4624; x_wconf 84' lang='lat' dir='ltr'><strong>ego</strong></span> <span class='ocrx_word' id='word_1_703' title='bbox 3123 4559 3176 4608; x_wconf 84' lang='lat' dir='ltr'><strong>in</strong></span> <span class='ocrx_word' id='word_1_704' title='bbox 3198 4556 3356 4609; x_wconf 75' lang='lat' dir='ltr'><strong>Patre</strong></span> <span class='ocrx_word' id='word_1_705' title='bbox 3383 4557 3428 4587; x_wconf 69' lang='lat'><strong>“</strong></span> <span class='ocrx_word' id='word_1_706' title='bbox 3459 4598 3476 4620; x_wconf 87' lang='lat'><strong>,</strong></span> 
     </span>
    </p>
   </div>
   <div class='ocr_carea' id='block_1_92' title="bbox 239 4641 1807 4719">
    <p class='ocr_par' dir='ltr' id='par_1_92' title="bbox 239 4645 1807 4718">
     <span class='ocr_line' id='line_1_92' title="bbox 239 4645 1807 4718; baseline 0.003 -20"><span class='ocrx_word' id='word_1_707' title='bbox 239 4645 315 4698; x_wconf 78' lang='grc' dir='ltr'><strong>ἐν</strong></span> <span class='ocrx_word' id='word_1_708' title='bbox 350 4646 499 4700; x_wconf 81' lang='grc' dir='ltr'>πᾶσι</span> <span class='ocrx_word' id='word_1_709' title='bbox 521 4686 536 4708; x_wconf 88' lang='grc'><strong>,</strong></span> <span class='ocrx_word' id='word_1_710' title='bbox 588 4646 677 4699; x_wconf 77' lang='grc' dir='ltr'>τοῦ</span> <span class='ocrx_word' id='word_1_711' title='bbox 726 4646 853 4700; x_wconf 85' lang='grc' dir='ltr'>Υἱοῦ</span> <span class='ocrx_word' id='word_1_712' title='bbox 886 4648 1008 4711; x_wconf 76' lang='grc' dir='ltr'>τοὺς</span> <span class='ocrx_word' id='word_1_713' title='bbox 1045 4647 1486 4718; x_wconf 75' lang='grc' dir='ltr'>βασιλευομένους</span> <span class='ocrx_word' id='word_1_714' title='bbox 1517 4649 1807 4718; x_wconf 84' lang='grc' dir='ltr'>προσάγον-</span> 
     </span>
    </p>
   </div>
   <div class='ocr_carea' id='block_1_93' title="bbox 1911 4641 3477 4719">
    <p class='ocr_par' dir='ltr' id='par_1_93' title="bbox 1918 4641 3477 4719">
     <span class='ocr_line' id='line_1_93' title="bbox 1918 4641 3477 4719; baseline 0.006 -24"><span class='ocrx_word' id='word_1_715' title='bbox 1918 4643 1983 4696; x_wconf 90' lang='lat' dir='ltr'><strong>ad</strong></span> <span class='ocrx_word' id='word_1_716' title='bbox 2010 4647 2252 4700; x_wconf 88' lang='lat' dir='ltr'><strong>eumdem</strong></span> <span class='ocrx_word' id='word_1_717' title='bbox 2289 4651 2500 4701; x_wconf 90' lang='lat' dir='ltr'><strong>modum</strong></span> <span class='ocrx_word' id='word_1_718' title='bbox 2524 4650 2626 4704; x_wconf 87' lang='lat' dir='ltr'><strong>erit</strong></span> <span class='ocrx_word' id='word_1_719' title='bbox 2653 4658 2762 4701; x_wconf 89' lang='lat' dir='ltr'><strong>tum</strong></span> <span class='ocrx_word' id='word_1_720' title='bbox 2792 4648 2843 4702; x_wconf 90' lang='lat' dir='ltr'><strong>in</strong></span> <span class='ocrx_word' id='word_1_721' title='bbox 2879 4650 3128 4706; x_wconf 88' lang='lat' dir='ltr'><strong>omnibus</strong></span> <span class='ocrx_word' id='word_1_722' title='bbox 3153 4666 3249 4719; x_wconf 88' lang='lat' dir='ltr'><strong>per</strong></span> <span class='ocrx_word' id='word_1_723' title='bbox 3283 4641 3477 4705; x_wconf 76' lang='lat' dir='ltr'><strong>Filium</strong></span> 
     </span>
    </p>
   </div>
   <div class='ocr_carea' id='block_1_94' title="bbox 240 4736 1809 4809">
    <p class='ocr_par' dir='ltr' id='par_1_94' title="bbox 240 4736 1809 4809">
     <span class='ocr_line' id='line_1_94' title="bbox 240 4736 1809 4809; baseline 0.003 -21"><span class='ocrx_word' id='word_1_724' title='bbox 240 4753 337 4800; x_wconf 88' lang='grc' dir='ltr'><strong>τος</strong></span> <span class='ocrx_word' id='word_1_725' title='bbox 362 4736 529 4807; x_wconf 79' lang='grc' dir='ltr'>αὐτῷ,</span> <span class='ocrx_word' id='word_1_726' title='bbox 559 4739 642 4791; x_wconf 83' lang='grc' dir='ltr'>ἵνα</span> <span class='ocrx_word' id='word_1_727' title='bbox 678 4738 795 4791; x_wconf 86' lang='grc' dir='ltr'>ὅλον</span> <span class='ocrx_word' id='word_1_728' title='bbox 816 4738 976 4792; x_wconf 85' lang='grc' dir='ltr'>τοῦτο</span> <span class='ocrx_word' id='word_1_729' title='bbox 1003 4741 1244 4809; x_wconf 85' lang='grc' dir='ltr'>γένηται,</span> <span class='ocrx_word' id='word_1_730' title='bbox 1274 4741 1416 4808; x_wconf 86' lang='grc' dir='ltr'>λέγω</span> <span class='ocrx_word' id='word_1_731' title='bbox 1442 4740 1498 4792; x_wconf 81' lang='grc' dir='ltr'>δὲ</span> <span class='ocrx_word' id='word_1_732' title='bbox 1535 4740 1594 4792; x_wconf 78' lang='grc' dir='ltr'>τὸ</span> <span class='ocrx_word' id='word_1_733' title='bbox 1625 4741 1809 4793; x_wconf 84' lang='grc' dir='ltr'>Πάντα</span> 
     </span>
    </p>
   </div>
   <div class='ocr_carea' id='block_1_95' title="bbox 241 4826 1809 4903">
    <p class='ocr_par' dir='ltr' id='par_1_95' title="bbox 241 4826 1809 4903">
     <span class='ocr_line' id='line_1_95' title="bbox 241 4826 1809 4903; baseline 0.001 -21"><span class='ocrx_word' id='word_1_734' title='bbox 241 4828 306 4882; x_wconf 79' lang='grc' dir='ltr'>ὲν</span> <span class='ocrx_word' id='word_1_735' title='bbox 334 4831 498 4883; x_wconf 83' lang='grc' dir='ltr'>πᾶσιν</span> <span class='ocrx_word' id='word_1_736' title='bbox 526 4826 664 4883; x_wconf 82' lang='grc' dir='ltr'>εἶναι</span> <span class='ocrx_word' id='word_1_737' title='bbox 699 4831 788 4884; x_wconf 81' lang='grc' dir='ltr'><strong>τὸν</strong></span> <span class='ocrx_word' id='word_1_738' title='bbox 828 4833 1064 4903; x_wconf 84' lang='grc' dir='ltr'>Πατέρα.</span> <span class='ocrx_word' id='word_1_739' title='bbox 1106 4833 1191 4893; x_wconf 81' lang='grc' dir='ltr'>Ὠς</span> <span class='ocrx_word' id='word_1_740' title='bbox 1216 4831 1323 4902; x_wconf 76' lang='grc' dir='ltr'>γὰρ</span> <span class='ocrx_word' id='word_1_741' title='bbox 1360 4828 1426 4902; x_wconf 81' lang='grc' dir='ltr'>ἧν</span> <span class='ocrx_word' id='word_1_742' title='bbox 1461 4833 1723 4902; x_wconf 84' lang='grc' dir='ltr'>πρότερον</span> <span class='ocrx_word' id='word_1_743' title='bbox 1752 4833 1809 4884; x_wconf 81' lang='grc' dir='ltr'>ὲν</span> 
     </span>
    </p>
   </div>
   <div class='ocr_carea' id='block_1_96' title="bbox 240 4915 1810 4990">
    <p class='ocr_par' dir='ltr' id='par_1_96' title="bbox 240 4915 1810 4990">
     <span class='ocr_line' id='line_1_96' title="bbox 240 4915 1810 4990; baseline 0 -20"><span class='ocrx_word' id='word_1_744' title='bbox 240 4915 323 4986; x_wconf 79' lang='grc' dir='ltr'>τῷ</span> <span class='ocrx_word' id='word_1_745' title='bbox 352 4917 485 4987; x_wconf 79' lang='grc' dir='ltr'>Υῐῷ,</span> <span class='ocrx_word' id='word_1_746' title='bbox 515 4919 654 4972; x_wconf 80' lang='grc' dir='ltr'>κατὰ</span> <span class='ocrx_word' id='word_1_747' title='bbox 682 4920 762 4983; x_wconf 88' lang='grc' dir='ltr'><strong>τὸ,</strong></span> <span class='ocrx_word' id='word_1_748' title='bbox 803 4919 866 4973; x_wconf 91' lang='lat'><strong>&#39;0</strong></span> <span class='ocrx_word' id='word_1_749' title='bbox 905 4920 1108 4987; x_wconf 73' lang='grc' dir='ltr'>Πατὴρ</span> <span class='ocrx_word' id='word_1_750' title='bbox 1137 4921 1207 4972; x_wconf 75' lang='grc' dir='ltr'><strong>ἐν</strong></span> <span class='ocrx_word' id='word_1_751' title='bbox 1225 4919 1376 4986; x_wconf 81' lang='grc' dir='ltr'>ἐμοὶ,</span> <span class='ocrx_word' id='word_1_752' title='bbox 1421 4919 1581 4990; x_wconf 74' lang='grc' dir='ltr'><strong>κάγὼ</strong></span> <span class='ocrx_word' id='word_1_753' title='bbox 1618 4921 1686 4971; x_wconf 80' lang='grc' dir='ltr'><strong>ἐν</strong></span> <span class='ocrx_word' id='word_1_754' title='bbox 1732 4916 1810 4983; x_wconf 84' lang='grc' dir='ltr'>τῷ</span> 
     </span>
    </p>
   </div>
   <div class='ocr_carea' id='block_1_97' title="bbox 1914 4739 3479 4811">
    <p class='ocr_par' dir='ltr' id='par_1_97' title="bbox 1914 4739 3479 4811">
     <span class='ocr_line' id='line_1_97' title="bbox 1914 4739 3479 4811; baseline 0.003 -22"><span class='ocrx_word' id='word_1_755' title='bbox 1914 4740 2319 4793; x_wconf 86' lang='lat' dir='ltr'><strong>consummatis.</strong></span> <span class='ocrx_word' id='word_1_756' title='bbox 2363 4739 2476 4794; x_wconf 81' lang='lat' dir='ltr'><strong>Non</strong></span> <span class='ocrx_word' id='word_1_757' title='bbox 2505 4743 2645 4795; x_wconf 86' lang='lat' dir='ltr'><strong>enim</strong></span> <span class='ocrx_word' id='word_1_758' title='bbox 2677 4743 2967 4811; x_wconf 84' lang='lat' dir='ltr'><strong>Apostolus</strong></span> <span class='ocrx_word' id='word_1_759' title='bbox 2998 4745 3148 4806; x_wconf 83' lang='lat' dir='ltr'><strong>dixit,</strong></span> <span class='ocrx_word' id='word_1_760' title='bbox 3178 4743 3371 4798; x_wconf 86' lang='lat' dir='ltr'><strong>Filium</strong></span> <span class='ocrx_word' id='word_1_761' title='bbox 3420 4759 3479 4795; x_wconf 90' lang='lat' dir='ltr'><strong>se</strong></span> 
     </span>
    </p>
   </div>
   <div class='ocr_carea' id='block_1_98' title="bbox 1915 4833 3477 4905">
    <p class='ocr_par' dir='ltr' id='par_1_98' title="bbox 1915 4833 3477 4905">
     <span class='ocr_line' id='line_1_98' title="bbox 1915 4833 3477 4905; baseline 0.003 -26"><span class='ocrx_word' id='word_1_762' title='bbox 1915 4842 2014 4881; x_wconf 87' lang='lat' dir='ltr'><strong>suo</strong></span> <span class='ocrx_word' id='word_1_763' title='bbox 2050 4845 2214 4896; x_wconf 78' lang='lat' dir='ltr'><strong>regno</strong></span> <span class='ocrx_word' id='word_1_764' title='bbox 2247 4833 2618 4886; x_wconf 89' lang='lat' dir='ltr'><strong>abdicaturum</strong></span> <span class='ocrx_word' id='word_1_765' title='bbox 2660 4847 2715 4890; x_wconf 89' lang='lat' dir='ltr'><strong>et</strong></span> <span class='ocrx_word' id='word_1_766' title='bbox 2746 4847 3094 4905; x_wconf 71' lang='lat' dir='ltr'><strong>regnaturum</strong></span> <span class='ocrx_word' id='word_1_767' title='bbox 3132 4837 3297 4890; x_wconf 86' lang='lat' dir='ltr'><strong>Deum</strong></span> <span class='ocrx_word' id='word_1_768' title='bbox 3329 4850 3344 4887; x_wconf 88' lang='lat'><strong>:</strong></span> <span class='ocrx_word' id='word_1_769' title='bbox 3383 4834 3477 4886; x_wconf 83' lang='lat' dir='ltr'><strong>sed</strong></span> 
     </span>
    </p>
   </div>
   <div class='ocr_carea' id='block_1_99' title="bbox 1915 4918 3479 4996">
    <p class='ocr_par' dir='ltr' id='par_1_99' title="bbox 1915 4918 3479 4996">
     <span class='ocr_line' id='line_1_99' title="bbox 1915 4918 3479 4996; baseline 0.004 -26"><span class='ocrx_word' id='word_1_770' title='bbox 1915 4918 2106 4974; x_wconf 88' lang='lat' dir='ltr'><strong>Filium</strong></span> <span class='ocrx_word' id='word_1_771' title='bbox 2147 4921 2252 4976; x_wconf 89' lang='lat' dir='ltr'><strong>Deo</strong></span> <span class='ocrx_word' id='word_1_772' title='bbox 2273 4934 2327 4978; x_wconf 92' lang='lat' dir='ltr'><strong>et</strong></span> <span class='ocrx_word' id='word_1_773' title='bbox 2365 4924 2506 4979; x_wconf 87' lang='lat' dir='ltr'><strong>Patri</strong></span> <span class='ocrx_word' id='word_1_774' title='bbox 2542 4942 2764 4996; x_wconf 82' lang='lat' dir='ltr'><strong>regnum</strong></span> <span class='ocrx_word' id='word_1_775' title='bbox 2796 4931 3119 4984; x_wconf 89' lang='lat' dir='ltr'><strong>traditurum</strong></span> <span class='ocrx_word' id='word_1_776' title='bbox 3149 4927 3354 4981; x_wconf 88' lang='lat' dir='ltr'><strong>salvum</strong></span> <span class='ocrx_word' id='word_1_777' title='bbox 3386 4924 3479 4977; x_wconf 82' lang='lat' dir='ltr'><strong>de-</strong></span> 
     </span>
    </p>
   </div>
   <div class='ocr_carea' id='block_1_100' title="bbox 321 5091 1807 5188">
    <p class='ocr_par' dir='ltr' id='par_1_100' title="bbox 321 5091 1794 5188">
     <span class='ocr_line' id='line_1_100' title="bbox 321 5091 1794 5188; baseline 0.006 -43"><span class='ocrx_word' id='word_1_778' title='bbox 321 5097 381 5155; x_wconf 64' lang='lat' dir='ltr'><strong>rB</strong></span> <span class='ocrx_word' id='word_1_779' title='bbox 404 5091 501 5148; x_wconf 87' lang='lat' dir='ltr'><strong>Ed.</strong></span> <span class='ocrx_word' id='word_1_780' title='bbox 520 5092 714 5159; x_wconf 88' lang='lat' dir='ltr'><strong>Paris.,</strong></span> <span class='ocrx_word' id='word_1_781' title='bbox 733 5096 992 5166; x_wconf 79' lang='lat' dir='ltr'><strong>pag.‘187.</strong></span> <span class='ocrx_word' id='word_1_782' title='bbox 1068 5098 1113 5129; x_wconf 78' lang='grc' dir='ltr'><strong>⁸ο</strong></span> <span class='ocrx_word' id='word_1_783' title='bbox 1139 5096 1291 5188; x_wconf 77' lang='lat' dir='ltr'><strong>Joan.</strong></span> <span class='ocrx_word' id='word_1_784' title='bbox 1316 5113 1368 5162; x_wconf 74' lang='grc' dir='ltr'>χ,</span> <span class='ocrx_word' id='word_1_785' title='bbox 1386 5095 1472 5150; x_wconf 76' lang='lat'><strong>58.</strong></span> <span class='ocrx_word' id='word_1_786' title='bbox 1551 5098 1593 5128; x_wconf 76' lang='lat'>“</span> <span class='ocrx_word' id='word_1_787' title='bbox 1613 5097 1739 5154; x_wconf 89' lang='lat' dir='ltr'><strong>Luc.</strong></span> <span class='ocrx_word' id='word_1_788' title='bbox 1757 5115 1794 5163; x_wconf 82' lang='grc' dir='ltr'><strong>ι,</strong></span> 
     </span>
    </p>
   </div>
   <div class='ocr_carea' id='block_1_101' title="bbox 1911 5091 3475 5188">
    <p class='ocr_par' dir='ltr' id='par_1_101' title="bbox 1922 5099 3475 5174">
     <span class='ocr_line' id='line_1_101' title="bbox 1922 5099 3475 5174; baseline 0.003 -21"><span class='ocrx_word' id='word_1_789' title='bbox 1922 5102 2011 5154; x_wconf 77' lang='grc'><strong>55.</strong></span> <span class='ocrx_word' id='word_1_790' title='bbox 2088 5103 2132 5132; x_wconf 83' lang='grc'>²²</span> <span class='ocrx_word' id='word_1_791' title='bbox 2153 5100 2283 5156; x_wconf 89' lang='lat' dir='ltr'><strong>Luc.</strong></span> <span class='ocrx_word' id='word_1_792' title='bbox 2302 5120 2356 5170; x_wconf 71' lang='grc' dir='ltr'>χ,</span> <span class='ocrx_word' id='word_1_793' title='bbox 2375 5103 2461 5158; x_wconf 70' lang='lat'><strong>22.</strong></span> <span class='ocrx_word' id='word_1_794' title='bbox 2540 5107 2584 5137; x_wconf 80' lang='grc'>³³</span> <span class='ocrx_word' id='word_1_795' title='bbox 2604 5107 2623 5160; x_wconf 90' lang='grc' dir='ltr'><strong>ι</strong></span> <span class='ocrx_word' id='word_1_796' title='bbox 2647 5108 2772 5163; x_wconf 87' lang='lat' dir='ltr'><strong>Cor.</strong></span> <span class='ocrx_word' id='word_1_797' title='bbox 2797 5109 2993 5174; x_wconf 63' lang='lat'><strong>“,28.</strong></span> <span class='ocrx_word' id='word_1_798' title='bbox 3069 5102 3283 5160; x_wconf 72' lang='lat' dir='ltr'><strong>“Joan.</strong></span> <span class='ocrx_word' id='word_1_799' title='bbox 3308 5117 3362 5165; x_wconf 73' lang='grc' dir='ltr'>χ,</span> <span class='ocrx_word' id='word_1_800' title='bbox 3382 5099 3475 5157; x_wconf 73' lang='lat'><strong>38.</strong></span> 
     </span>
    </p>
   </div>
   <div class='ocr_carea' id='block_1_102' title="bbox 313 5269 1442 5348">
    <p class='ocr_par' dir='ltr' id='par_1_102' title="bbox 313 5269 1442 5348">
     <span class='ocr_line' id='line_1_102' title="bbox 313 5269 1442 5348; baseline 0.011 -29"><span class='ocrx_word' id='word_1_801' title='bbox 313 5269 426 5348; x_wconf 44' lang='lat' dir='ltr'><strong>(lii)</strong></span> <span class='ocrx_word' id='word_1_802' title='bbox 459 5270 625 5348; x_wconf 50' lang='lat' dir='ltr'><strong>Enixa</strong></span> <span class='ocrx_word' id='word_1_803' title='bbox 644 5274 764 5348; x_wconf 74' lang='grc' dir='ltr'>ταῖς</span> <span class='ocrx_word' id='word_1_804' title='bbox 785 5291 845 5326; x_wconf 88' lang='grc' dir='ltr'><strong>τε</strong></span> <span class='ocrx_word' id='word_1_805' title='bbox 874 5273 925 5328; x_wconf 91' lang='lat'><strong>0.</strong></span> <span class='ocrx_word' id='word_1_806' title='bbox 958 5283 1014 5330; x_wconf 89' lang='lat' dir='ltr'><strong>et</strong></span> <span class='ocrx_word' id='word_1_807' title='bbox 1043 5291 1161 5330; x_wconf 75' lang='lat' dir='ltr'><strong>mox</strong></span> <span class='ocrx_word' id='word_1_808' title='bbox 1186 5276 1442 5348; x_wconf 81' lang='grc' dir='ltr'>ἀλήκτου.</span> 
     </span>
    </p>
   </div>
   <div class='ocr_carea' id='block_1_103' title="bbox 313 5340 732 5411">
    <p class='ocr_par' dir='ltr' id='par_1_103' title="bbox 313 5340 732 5411">
     <span class='ocr_line' id='line_1_103' title="bbox 313 5340 732 5411; baseline 0.012 -20"><span class='ocrx_word' id='word_1_809' title='bbox 313 5340 428 5408; x_wconf 67' lang='grc'><strong>(16)</strong></span> <span class='ocrx_word' id='word_1_810' title='bbox 460 5341 628 5411; x_wconf 77' lang='lat' dir='ltr'><strong>Vulgo</strong></span> <span class='ocrx_word' id='word_1_811' title='bbox 653 5342 732 5397; x_wconf 84' lang='grc' dir='ltr'><strong>δέ.</strong></span> 
     </span>
    </p>
   </div>
   <div class='ocr_carea' id='block_1_104' title="bbox 339 5411 716 5482">
    <p class='ocr_par' dir='ltr' id='par_1_104' title="bbox 339 5411 716 5482">
     <span class='ocr_line' id='line_1_104' title="bbox 339 5411 716 5482; baseline 0.011 -21"><span class='ocrx_word' id='word_1_812' title='bbox 339 5411 426 5482; x_wconf 79' lang='grc'><strong>17)</strong></span> <span class='ocrx_word' id='word_1_813' title='bbox 461 5413 626 5480; x_wconf 71' lang='lat' dir='ltr'><strong>Vulgo</strong></span> 
     </span>
    </p>
   </div>
   <div class='ocr_carea' id='block_1_105' title="bbox 308 5417 1795 5551">
    <p class='ocr_par' dir='ltr' id='par_1_105' title="bbox 308 5417 1795 5551">
     <span class='ocr_line' id='line_1_105' title="bbox 308 5417 1795 5551; baseline 0.012 -21"><span class='ocrx_word' id='word_1_814' title='bbox 461 5417 844 5549; x_wconf 50' lang='grc' dir='ltr'><strong>ἒὲᾘάέίαντι</strong></span> <span class='ocrx_word' id='word_1_815' title='bbox 899 5485 1066 5551; x_wconf 83' lang='grc' dir='ltr'>πρός.</span> <span class='ocrx_word' id='word_1_816' title='bbox 1115 5485 1228 5540; x_wconf 87' lang='lat' dir='ltr'><strong>Non</strong></span> <span class='ocrx_word' id='word_1_817' title='bbox 1285 5499 1368 5541; x_wconf 88' lang='lat' dir='ltr'><strong>est</strong></span> <span class='ocrx_word' id='word_1_818' title='bbox 1421 5503 1547 5543; x_wconf 89' lang='lat' dir='ltr'><strong>vera</strong></span> <span class='ocrx_word' id='word_1_819' title='bbox 1612 5493 1795 5548; x_wconf 88' lang='lat' dir='ltr'><strong>lectio.</strong></span> 
     </span>
    </p>
   </div>
   <div class='ocr_carea' id='block_1_106' title="bbox 235 5548 1792 5625">
    <p class='ocr_par' dir='ltr' id='par_1_106' title="bbox 235 5548 1792 5625">
     <span class='ocr_line' id='line_1_106' title="bbox 235 5548 1792 5625; baseline 0.01 -24"><span class='ocrx_word' id='word_1_820' title='bbox 235 5548 428 5625; x_wconf 81' lang='lat' dir='ltr'><strong>Neque</strong></span> <span class='ocrx_word' id='word_1_821' title='bbox 450 5548 592 5625; x_wconf 82' lang='lat' dir='ltr'><strong>enini</strong></span> <span class='ocrx_word' id='word_1_822' title='bbox 619 5551 856 5625; x_wconf 81' lang='lat' dir='ltr'><strong>Gabriel,</strong></span> <span class='ocrx_word' id='word_1_823' title='bbox 885 5548 974 5625; x_wconf 77' lang='lat' dir='ltr'><strong>sed</strong></span> <span class='ocrx_word' id='word_1_824' title='bbox 1011 5548 1164 5609; x_wconf 79' lang='lat' dir='ltr'><strong>beata</strong></span> <span class='ocrx_word' id='word_1_825' title='bbox 1199 5557 1358 5625; x_wconf 80' lang='lat' dir='ltr'><strong>Virgo</strong></span> <span class='ocrx_word' id='word_1_826' title='bbox 1385 5559 1792 5617; x_wconf 86' lang='lat' dir='ltr'><strong>admirabatur:</strong></span> 
     </span>
    </p>
   </div>
   <div class='ocr_carea' id='block_1_107' title="bbox 235 5621 1800 5698">
    <p class='ocr_par' dir='ltr' id='par_1_107' title="bbox 235 5621 1800 5698">
     <span class='ocr_line' id='line_1_107' title="bbox 235 5621 1800 5698; baseline 0.01 -26"><span class='ocrx_word' id='word_1_827' title='bbox 235 5621 610 5698; x_wconf 70' lang='lat' dir='ltr'><strong>et_legeudui_n</strong></span> <span class='ocrx_word' id='word_1_828' title='bbox 659 5634 743 5698; x_wconf 78' lang='lat' dir='ltr'><strong>est</strong></span> <span class='ocrx_word' id='word_1_829' title='bbox 799 5623 1173 5698; x_wconf 76' lang='grc' dir='ltr'>θαυμάσασαν,</span> <span class='ocrx_word' id='word_1_830' title='bbox 1235 5621 1425 5680; x_wconf 74' lang='lat' dir='ltr'><strong>sensus</strong></span> <span class='ocrx_word' id='word_1_831' title='bbox 1476 5641 1644 5698; x_wconf 87' lang='lat' dir='ltr'><strong>patet,</strong></span> <span class='ocrx_word' id='word_1_832' title='bbox 1695 5649 1800 5688; x_wconf 74' lang='lat' dir='ltr'><strong>vox</strong></span> 
     </span>
    </p>
   </div>
   <div class='ocr_carea' id='block_1_108' title="bbox 236 5689 1797 5758">
    <p class='ocr_par' dir='ltr' id='par_1_108' title="bbox 236 5689 1797 5758">
     <span class='ocr_line' id='line_1_108' title="bbox 236 5689 1797 5758; baseline 0.013 -20"><span class='ocrx_word' id='word_1_833' title='bbox 236 5689 615 5758; x_wconf 78' lang='lat' dir='ltr'><strong>subsutuenda</strong></span> <span class='ocrx_word' id='word_1_834' title='bbox 647 5695 753 5747; x_wconf 82' lang='lat' dir='ltr'><strong>noh</strong></span> <span class='ocrx_word' id='word_1_835' title='bbox 792 5689 1050 5748; x_wconf 85' lang='lat' dir='ltr'><strong>occurrit.</strong></span> <span class='ocrx_word' id='word_1_836' title='bbox 1100 5695 1171 5749; x_wconf 87' lang='grc' dir='ltr'>Μ.</span> <span class='ocrx_word' id='word_1_837' title='bbox 1227 5724 1300 5737; x_wconf 91' lang='grc'><strong>-</strong></span> <span class='ocrx_word' id='word_1_838' title='bbox 1346 5689 1490 5753; x_wconf 70' lang='grc' dir='ltr'><strong>Βεθῖ</strong></span> <span class='ocrx_word' id='word_1_839' title='bbox 1525 5717 1592 5756; x_wconf 80' lang='lat' dir='ltr'><strong>ex</strong></span> <span class='ocrx_word' id='word_1_840' title='bbox 1632 5689 1797 5758; x_wconf 79' lang='lat' dir='ltr'><strong>codd.</strong></span> 
     </span>
    </p>
   </div>
   <div class='ocr_carea' id='block_1_109' title="bbox 237 5757 577 5813">
    <p class='ocr_par' dir='ltr' id='par_1_109' title="bbox 237 5757 577 5813">
     <span class='ocr_line' id='line_1_109' title="bbox 237 5757 577 5813; baseline -0.003 -1"><span class='ocrx_word' id='word_1_841' title='bbox 237 5757 577 5813; x_wconf 84' lang='grc' dir='ltr'>θεσπισαντι.</span> 
     </span>
    </p>
   </div>
   <div class='ocr_carea' id='block_1_110' title="bbox 311 5828 766 5896">
    <p class='ocr_par' dir='ltr' id='par_1_110' title="bbox 311 5828 766 5896">
     <span class='ocr_line' id='line_1_110' title="bbox 311 5828 766 5896; baseline 0.013 -16"><span class='ocrx_word' id='word_1_842' title='bbox 311 5830 423 5896; x_wconf 82' lang='grc'><strong>(19)</strong></span> <span class='ocrx_word' id='word_1_843' title='bbox 453 5828 620 5892; x_wconf 70' lang='lat' dir='ltr'><strong>Vulgo</strong></span> <span class='ocrx_word' id='word_1_844' title='bbox 647 5849 766 5886; x_wconf 87' lang='grc' dir='ltr'>ουκ.</span> 
     </span>
    </p>
   </div>
   <div class='ocr_carea' id='block_1_111' title="bbox 311 5897 1803 5983">
    <p class='ocr_par' dir='ltr' id='par_1_111' title="bbox 311 5897 1803 5983">
     <span class='ocr_line' id='line_1_111' title="bbox 311 5897 1803 5983; baseline 0.011 -33"><span class='ocrx_word' id='word_1_845' title='bbox 311 5897 424 5969; x_wconf 77' lang='grc'><strong>(20)</strong></span> <span class='ocrx_word' id='word_1_846' title='bbox 458 5899 985 5983; x_wconf 58' lang='grc' dir='ltr'>(ιξαιδρμνρμένους.</span> <span class='ocrx_word' id='word_1_847' title='bbox 1026 5906 1208 5983; x_wconf 62' lang='lat' dir='ltr'><strong>Potest</strong></span> <span class='ocrx_word' id='word_1_848' title='bbox 1252 5907 1413 5983; x_wconf 79' lang='lat' dir='ltr'><strong>etiam</strong></span> <span class='ocrx_word' id='word_1_849' title='bbox 1444 5910 1540 5979; x_wconf 84' lang='lat' dir='ltr'><strong>legi</strong></span> <span class='ocrx_word' id='word_1_850' title='bbox 1571 5914 1803 5983; x_wconf 81' lang='grc' dir='ltr'>φαιδρυ-</span> 
     </span>
    </p>
   </div>
   <div class='ocr_carea' id='block_1_112' title="bbox 234 5966 1801 6048">
    <p class='ocr_par' dir='ltr' id='par_1_112' title="bbox 234 5966 1801 6048">
     <span class='ocr_line' id='line_1_112' title="bbox 234 5966 1801 6048; baseline 0.014 -30"><span class='ocrx_word' id='word_1_851' title='bbox 234 5966 466 6038; x_wconf 48' lang='lat' dir='ltr'><strong>«Saevo;</strong></span> <span class='ocrx_word' id='word_1_852' title='bbox 499 5966 660 6041; x_wconf 76' lang='lat' dir='ltr'><strong>[quod</strong></span> <span class='ocrx_word' id='word_1_853' title='bbox 693 5966 812 6026; x_wconf 77' lang='lat' dir='ltr'><strong>dédi</strong></span> <span class='ocrx_word' id='word_1_854' title='bbox 843 5966 965 6029; x_wconf 83' lang='lat' dir='ltr'><strong>cum</strong></span> <span class='ocrx_word' id='word_1_855' title='bbox 988 5977 1169 6048; x_wconf 90' lang='lat' dir='ltr'><strong>codd.]</strong></span> <span class='ocrx_word' id='word_1_856' title='bbox 1209 5995 1221 6030; x_wconf 91' lang='lat'>:</span> <span class='ocrx_word' id='word_1_857' title='bbox 1257 5979 1397 6047; x_wconf 90' lang='lat' dir='ltr'><strong>quod</strong></span> <span class='ocrx_word' id='word_1_858' title='bbox 1431 5966 1608 6048; x_wconf 42' lang='lat' dir='ltr'><strong>potius</strong></span> <span class='ocrx_word' id='word_1_859' title='bbox 1653 5966 1801 6039; x_wconf 8' lang='lat' dir='ltr'><strong>alibi-</strong></span> 
     </span>
    </p>
   </div>
   <div class='ocr_carea' id='block_1_113' title="bbox 523 6061 1232 6148">
    <p class='ocr_par' dir='ltr' id='par_1_113' title="bbox 523 6061 1232 6148">
     <span class='ocr_line' id='line_1_113' title="bbox 523 6061 1232 6148; baseline 0.014 -30"><span class='ocrx_word' id='word_1_860' title='bbox 523 6061 792 6124; x_wconf 75' lang='grc' dir='ltr'>ΡΑτιιοι..</span> <span class='ocrx_word' id='word_1_861' title='bbox 819 6064 956 6148; x_wconf 19' lang='lat' dir='ltr'><strong>‘Gn.</strong></span> <span class='ocrx_word' id='word_1_862' title='bbox 1001 6067 1232 6129; x_wconf 75' lang='lat' dir='ltr'><strong>XXIV.</strong></span> 
     </span>
    </p>
   </div>
   <div class='ocr_carea' id='block_1_114' title="bbox 1898 5705 3168 5773">
    <p class='ocr_par' dir='ltr' id='par_1_114' title="bbox 1898 5705 3168 5773">
     <span class='ocr_line' id='line_1_114' title="bbox 1898 5705 3168 5773; baseline 0.002 -19"><span class='ocrx_word' id='word_1_863' title='bbox 1898 5708 2187 5773; x_wconf 77' lang='lat' dir='ltr'><strong>pontiﬁcis,</strong></span> <span class='ocrx_word' id='word_1_864' title='bbox 2240 5716 2546 5771; x_wconf 87' lang='lat' dir='ltr'><strong>quanquam</strong></span> <span class='ocrx_word' id='word_1_865' title='bbox 2583 5717 2769 5756; x_wconf 85' lang='lat' dir='ltr'><strong>revera</strong></span> <span class='ocrx_word' id='word_1_866' title='bbox 2810 5705 2881 5756; x_wconf 85' lang='lat' dir='ltr'><strong>sit</strong></span> <span class='ocrx_word' id='word_1_867' title='bbox 2931 5705 3168 5771; x_wconf 75' lang='lat' dir='ltr'><strong>pontifex</strong></span> 
     </span>
    </p>
   </div>
   <div class='ocr_carea' id='block_1_115' title="bbox 1902 5771 3477 5844">
    <p class='ocr_par' dir='ltr' id='par_1_115' title="bbox 1902 5771 3477 5844">
     <span class='ocr_line' id='line_1_115' title="bbox 1902 5771 3477 5844; baseline -0.006 -17"><span class='ocrx_word' id='word_1_868' title='bbox 1902 5771 2090 5827; x_wconf 77' lang='lat' dir='ltr'><strong>salvati</strong></span> <span class='ocrx_word' id='word_1_869' title='bbox 2144 5777 2274 5834; x_wconf 86' lang='lat' dir='ltr'><strong>sint,</strong></span> <span class='ocrx_word' id='word_1_870' title='bbox 2308 5774 2374 5825; x_wconf 86' lang='lat' dir='ltr'><strong>ad</strong></span> <span class='ocrx_word' id='word_1_871' title='bbox 2424 5773 2908 5844; x_wconf 77' lang='lat' dir='ltr'><strong>instarpoutiﬁcis</strong></span> <span class='ocrx_word' id='word_1_872' title='bbox 2949 5774 3320 5844; x_wconf 85' lang='grc' dir='ltr'>λευχείμονες,</span> <span class='ocrx_word' id='word_1_873' title='bbox 3354 5771 3477 5838; x_wconf 73' lang='lat' dir='ltr'><strong>lego</strong></span> 
     </span>
    </p>
   </div>
   <div class='ocr_carea' id='block_1_116' title="bbox 1903 5843 3218 5916">
    <p class='ocr_par' dir='ltr' id='par_1_116' title="bbox 1903 5843 3218 5916">
     <span class='ocr_line' id='line_1_116' title="bbox 1903 5843 3218 5916; baseline 0.003 -20"><span class='ocrx_word' id='word_1_874' title='bbox 1903 5845 2270 5916; x_wconf 67' lang='grc' dir='ltr'>ἐρρωμένους,</span> <span class='ocrx_word' id='word_1_875' title='bbox 2302 5857 2332 5916; x_wconf 81' lang='lat' dir='ltr'><strong>e</strong></span> <span class='ocrx_word' id='word_1_876' title='bbox 2364 5843 2733 5916; x_wconf 73' lang='lat' dir='ltr'><strong>superioribus</strong></span> <span class='ocrx_word' id='word_1_877' title='bbox 2758 5855 2811 5896; x_wconf 86' lang='lat' dir='ltr'><strong>et</strong></span> <span class='ocrx_word' id='word_1_878' title='bbox 2845 5843 3102 5916; x_wconf 79' lang='grc' dir='ltr'>ὡσπερεί.</span> <span class='ocrx_word' id='word_1_879' title='bbox 3126 5843 3218 5916; x_wconf 37' lang='lat' dir='ltr'><strong>uti.</strong></span> 
     </span>
    </p>
   </div>
   <div class='ocr_carea' id='block_1_117' title="bbox 1915 5280 3476 5364">
    <p class='ocr_par' dir='ltr' id='par_1_117' title="bbox 1915 5280 3476 5364">
     <span class='ocr_line' id='line_1_117' title="bbox 1915 5280 3476 5364; baseline -0.003 -28"><span class='ocrx_word' id='word_1_880' title='bbox 1915 5291 2048 5344; x_wconf 90' lang='lat' dir='ltr'><strong>tror,</strong></span> <span class='ocrx_word' id='word_1_881' title='bbox 2104 5298 2225 5337; x_wconf 92' lang='lat' dir='ltr'><strong>cum</strong></span> <span class='ocrx_word' id='word_1_882' title='bbox 2259 5282 2436 5364; x_wconf 38' lang='lat' dir='ltr'><strong>.illum</strong></span> <span class='ocrx_word' id='word_1_883' title='bbox 2480 5292 2750 5364; x_wconf 39' lang='lat' dir='ltr'><strong>.tanquam</strong></span> <span class='ocrx_word' id='word_1_884' title='bbox 2790 5285 3125 5364; x_wconf 70' lang='lat' dir='ltr'><strong>choragum.</strong></span> <span class='ocrx_word' id='word_1_885' title='bbox 3181 5289 3238 5334; x_wconf 84' lang='lat' dir='ltr'><strong>et</strong></span> <span class='ocrx_word' id='word_1_886' title='bbox 3293 5280 3476 5364; x_wconf 42' lang='lat' dir='ltr'><strong>alhﬁle-</strong></span> 
     </span>
    </p>
   </div>
   <div class='ocr_carea' id='block_1_118' title="bbox 1913 5351 3475 5420">
    <p class='ocr_par' dir='ltr' id='par_1_118' title="bbox 1913 5351 3475 5420">
     <span class='ocr_line' id='line_1_118' title="bbox 1913 5351 3475 5420; baseline -0.003 -15"><span class='ocrx_word' id='word_1_887' title='bbox 1913 5364 2044 5416; x_wconf 86' lang='lat' dir='ltr'><strong>tam,</strong></span> <span class='ocrx_word' id='word_1_888' title='bbox 2098 5365 2153 5407; x_wconf 90' lang='lat' dir='ltr'><strong>et</strong></span> <span class='ocrx_word' id='word_1_889' title='bbox 2205 5352 2739 5420; x_wconf 83' lang='lat' dir='ltr'><strong>triumphabundum,</strong></span> <span class='ocrx_word' id='word_1_890' title='bbox 2788 5357 2838 5406; x_wconf 92' lang='lat' dir='ltr'><strong>in</strong></span> <span class='ocrx_word' id='word_1_891' title='bbox 2899 5351 3003 5407; x_wconf 70' lang='lat' dir='ltr'><strong>hoc</strong></span> <span class='ocrx_word' id='word_1_892' title='bbox 3051 5365 3148 5406; x_wconf 91' lang='lat' dir='ltr'><strong>suo</strong></span> <span class='ocrx_word' id='word_1_893' title='bbox 3195 5351 3475 5420; x_wconf 81' lang='grc' dir='ltr'>κατορθώ-</span> 
     </span>
    </p>
   </div>
   <div class='ocr_carea' id='block_1_119' title="bbox 1910 5424 2747 5492">
    <p class='ocr_par' dir='ltr' id='par_1_119' title="bbox 1910 5424 2747 5492">
     <span class='ocr_line' id='line_1_119' title="bbox 1910 5424 2747 5492; baseline -0.002 -16"><span class='ocrx_word' id='word_1_894' title='bbox 1910 5440 2058 5492; x_wconf 87' lang='grc' dir='ltr'>ματι,</span> <span class='ocrx_word' id='word_1_895' title='bbox 2085 5433 2210 5476; x_wconf 81' lang='lat' dir='ltr'><strong>ante</strong></span> <span class='ocrx_word' id='word_1_896' title='bbox 2250 5424 2632 5490; x_wconf 76' lang='lat' dir='ltr'><strong>designaverit.</strong></span> <span class='ocrx_word' id='word_1_897' title='bbox 2678 5424 2747 5476; x_wconf 79' lang='grc' dir='ltr'>Μ.</span> 
     </span>
    </p>
   </div>
   <div class='ocr_carea' id='block_1_120' title="bbox 1979 5492 2590 5566">
    <p class='ocr_par' dir='ltr' id='par_1_120' title="bbox 1979 5492 2590 5566">
     <span class='ocr_line' id='line_1_120' title="bbox 1979 5492 2590 5566; baseline -0.003 -20"><span class='ocrx_word' id='word_1_898' title='bbox 1979 5494 2088 5566; x_wconf 65' lang='grc'><strong>(21)</strong></span> <span class='ocrx_word' id='word_1_899' title='bbox 2127 5493 2295 5562; x_wconf 80' lang='lat' dir='ltr'><strong>Vulgo</strong></span> <span class='ocrx_word' id='word_1_900' title='bbox 2324 5495 2472 5566; x_wconf 67' lang='lat' dir='ltr'><strong>tleest</strong></span> <span class='ocrx_word' id='word_1_901' title='bbox 2501 5492 2590 5562; x_wconf 82' lang='grc' dir='ltr'>δή.</span> 
     </span>
    </p>
   </div>
   <div class='ocr_carea' id='block_1_121' title="bbox 1973 5560 3054 5634">
    <p class='ocr_par' dir='ltr' id='par_1_121' title="bbox 1973 5560 3054 5634">
     <span class='ocr_line' id='line_1_121' title="bbox 1973 5560 3054 5634; baseline -0.002 -16"><span class='ocrx_word' id='word_1_902' title='bbox 1973 5560 2086 5634; x_wconf 70' lang='lat'><strong>(22)</strong></span> <span class='ocrx_word' id='word_1_903' title='bbox 2116 5560 2272 5616; x_wconf 84' lang='grc' dir='ltr'><strong>Κατᾶ</strong></span> <span class='ocrx_word' id='word_1_904' title='bbox 2301 5560 2514 5634; x_wconf 26' lang='grc' dir='ltr'>πάντα..</span> <span class='ocrx_word' id='word_1_905' title='bbox 2532 5560 2944 5634; x_wconf 20' lang='grc' dir='ltr'>-ῡεεειγτρότιοψ</span> <span class='ocrx_word' id='word_1_906' title='bbox 2981 5561 3054 5616; x_wconf 84' lang='grc' dir='ltr'>Μ.</span> 
     </span>
    </p>
   </div>
   <div class='ocr_carea' id='block_1_122' title="bbox 1971 5630 3474 5753">
    <p class='ocr_par' dir='ltr' id='par_1_122' title="bbox 1971 5630 3474 5753">
     <span class='ocr_line' id='line_1_122' title="bbox 1971 5630 3474 5703; baseline -0.005 -15"><span class='ocrx_word' id='word_1_907' title='bbox 1971 5630 2082 5703; x_wconf 59' lang='grc'><strong>(⁷25)</strong></span> <span class='ocrx_word' id='word_1_908' title='bbox 2117 5631 2444 5702; x_wconf 77' lang='grc' dir='ltr'>Ἀρχιερέως</span> <span class='ocrx_word' id='word_1_909' title='bbox 2480 5630 2678 5698; x_wconf 74' lang='grc' dir='ltr'>δίκην.</span> <span class='ocrx_word' id='word_1_910' title='bbox 2703 5630 2815 5686; x_wconf 71' lang='lat' dir='ltr'><strong>Non</strong></span> <span class='ocrx_word' id='word_1_911' title='bbox 2839 5644 2897 5687; x_wconf 93' lang='lat' dir='ltr'><strong>ut</strong></span> <span class='ocrx_word' id='word_1_912' title='bbox 2936 5636 3050 5700; x_wconf 84' lang='lat' dir='ltr'><strong>ipse</strong></span> <span class='ocrx_word' id='word_1_913' title='bbox 3092 5634 3159 5686; x_wconf 89' lang='lat' dir='ltr'><strong>sit</strong></span> <span class='ocrx_word' id='word_1_914' title='bbox 3193 5631 3260 5686; x_wconf 87' lang='lat' dir='ltr'><strong>ad</strong></span> <span class='ocrx_word' id='word_1_915' title='bbox 3304 5631 3474 5683; x_wconf 83' lang='lat' dir='ltr'><strong>instar</strong></span> 
     </span>
     <span class='ocr_line' id='line_1_123' title="bbox 1973 5702 3474 5753; baseline 0 0"><span class='ocrx_word' id='word_1_916' title='bbox 1973 5708 2187 5753; x_wconf 85' lang='lat' dir='ltr'><strong>utilicis.</strong></span> <span class='ocrx_word' id='word_1_917' title='bbox 2240 5716 2546 5753; x_wconf 82' lang='lat' dir='ltr'><strong>ouauoiiatn</strong></span> <span class='ocrx_word' id='word_1_918' title='bbox 2583 5717 2769 5753; x_wconf 85' lang='lat' dir='ltr'><strong>revera</strong></span> <span class='ocrx_word' id='word_1_919' title='bbox 2810 5705 2881 5753; x_wconf 83' lang='lat' dir='ltr'><strong>sit</strong></span> <span class='ocrx_word' id='word_1_920' title='bbox 2931 5705 3168 5753; x_wconf 75' lang='lat' dir='ltr'><strong>nontil&#39;ex</strong></span> <span class='ocrx_word' id='word_1_921' title='bbox 3224 5719 3238 5753; x_wconf 88' lang='lat'><strong>:</strong></span> <span class='ocrx_word' id='word_1_922' title='bbox 3281 5702 3372 5753; x_wconf 88' lang='lat' dir='ltr'><strong>sed</strong></span> <span class='ocrx_word' id='word_1_923' title='bbox 3418 5713 3474 5753; x_wconf 87' lang='lat' dir='ltr'><strong>ut</strong></span> 
     </span>
    </p>
   </div>
   <div class='ocr_carea' id='block_1_123' title="bbox 3224 5713 3477 5754">
    <p class='ocr_par' dir='ltr' id='par_1_123' title="bbox 3224 5713 3477 5754">
     <span class='ocr_line' id='line_1_124' title="bbox 3224 5713 3477 5754; baseline -0.004 0"><span class='ocrx_word' id='word_1_924' title='bbox 3224 5719 3238 5754; x_wconf 72' lang='grc' dir='ltr'>ζ</span> <span class='ocrx_word' id='word_1_925' title='bbox 3281 5713 3372 5754; x_wconf 88' lang='lat' dir='ltr'><strong>seu</strong></span> <span class='ocrx_word' id='word_1_926' title='bbox 3418 5713 3477 5753; x_wconf 82' lang='grc' dir='ltr'><strong>ιιι</strong></span> 
     </span>
    </p>
   </div>
   <div class='ocr_carea' id='block_1_124' title="bbox 1978 5911 3152 5985">
    <p class='ocr_par' dir='ltr' id='par_1_124' title="bbox 1978 5911 3152 5985">
     <span class='ocr_line' id='line_1_125' title="bbox 1978 5911 3152 5985; baseline -0.006 -17"><span class='ocrx_word' id='word_1_927' title='bbox 1978 5911 2086 5985; x_wconf 51' lang='lat' dir='ltr'><strong>iii—’5)</strong></span> <span class='ocrx_word' id='word_1_928' title='bbox 2117 5914 2282 5981; x_wconf 69' lang='lat' dir='ltr'><strong>Vulgo</strong></span> <span class='ocrx_word' id='word_1_929' title='bbox 2309 5911 2631 5982; x_wconf 78' lang='grc' dir='ltr'>ὲρουμένους</span> <span class='ocrx_word' id='word_1_930' title='bbox 2656 5925 2710 5968; x_wconf 88' lang='lat' dir='ltr'><strong>et</strong></span> <span class='ocrx_word' id='word_1_931' title='bbox 2742 5930 2862 5967; x_wconf 52' lang='lat' dir='ltr'><strong>uno;</strong></span> <span class='ocrx_word' id='word_1_932' title='bbox 2900 5914 2974 5977; x_wconf 82' lang='grc' dir='ltr'>ὡς</span> <span class='ocrx_word' id='word_1_933' title='bbox 3005 5911 3152 5984; x_wconf 64' lang='grc' dir='ltr'>περί,</span> 
     </span>
    </p>
   </div>
   <div class='ocr_carea' id='block_1_125' title="bbox 3126 6072 3203 6129">
    <p class='ocr_par' dir='ltr' id='par_1_125' title="bbox 3126 6072 3203 6129">
     <span class='ocr_line' id='line_1_126' title="bbox 3126 6072 3203 6129; baseline -0.013 0"><span class='ocrx_word' id='word_1_934' title='bbox 3126 6072 3203 6129; x_wconf 75' lang='grc'><strong>33</strong></span> 
     </span>
    </p>
   </div>
  </div>
