3956 6514
277 420 420 476 1057

1194 420 1282 478 os
1320 419 1858 479 ECCLESIASTICA
1897 402 2293 482 THEOLOGIA
2336 416 2469 482 LIB:
2506 419 2595 481 ιιι.

3370 416 3511 472 1058

269 538 460 610 ἄρχων
507 536 600 590 καὶ
648 534 847 608 ποιμὴν
894 538 1219 611 γενήσεσθαι
1268 538 1297 594 6
1343 541 1544 595 Δαϐίδ·
1600 545 1848 596 ἐπικεκα-

1954 552 2097 609 patet
2131 546 2272 611 quod
2300 542 2461 599 David
2490 552 2647 599 aetate
2673 541 2828 612 longe
2852 538 3207 595 antecedebat
3232 536 3348 593 haec
3376 546 3516 591 tem-

269 628 567 700 λυμμένως
597 629 833 683 ἐνταῦθα
859 630 952 683 τοῦ
975 631 1139 685 Δαϐὶδ
1172 633 1262 685 τὸν
1284 634 1519 705 Χριστὸν
1544 634 1847 704 αἰνιττομέ-

266 737 365 775 νου
390 720 481 774 διὰ
521 721 581 773 τὸ
618 723 681 774 ὲκ
718 722 1030 793 σπέρματος
1052 724 1215 777 αὐτοῦ
1254 727 1552 794 γεγονέναι.
1596 728 1766 781 Τοῦτο
1790 727 1848 780 δὲ

266 812 433 881 δῆλον
476 814 540 865 ὲκ
583 812 678 865 τοῦ
733 814 1153 886 προτεθνηκέναι
1189 817 1281 871 τὸν
1319 819 1480 872 Δαδὶδ
1514 818 1607 872 τοῦ
1634 817 1846 891 χρόνου,

267 904 396 956 καθ’
429 905 489 957 δν
515 904 667 958 ταῦτ’
690 906 923 975 ἐλέγετο.
971 907 1313 981 Σαφέστερον
1338 910 1394 963 δὲ
1421 911 1593 965 ταῦτα
1618 913 1710 965 καὶ
1742 914 1847 965 Δα-

265 996 391 1066 νιὴλ
440 998 468 1048 6
509 998 792 1069 προφήτης
826 998 1106 1064 θεσπίζει,
1152 998 1243 1053 τὸν
1284 1002 1517 1072 Χριστὸν
1555 1002 1653 1057 τοῦ
1688 1004 1847 1069 Θεοῦ,

276 1085 421 1139 Υἱὸν
447 1084 759 1153 ἀνθρώπου
787 1084 1065 1157 ὀνομάζων
1092 1089 1299 1152 λευκῶς
1319 1129 1333 1152 ,
1362 1089 1534 1155 οὕτως
1563 1087 1655 1146 οὖν
1689 1092 1784 1145 κα)⁵
1814 1094 1848 1162 ή

264 1178 378 1231 τῶν
411 1178 569 1248 ἱερῶν
586 1178 929 1247 Εὐαγγελίων
950 1180 1137 1233 εἴωθεν
1157 1181 1315 1234 αὐτὸν
1334 1183 1623 1236 ἀποκαλεῖν
1643 1185 1848 1255 γραφή.
1875 1182 1885 1195 ”

267 1270 437 1337 Λέγει
461 1270 517 1322 δὲ
545 1270 730 1323 τοῦτον
761 1272 850 1324 τὸν
878 1273 1075 1341 τρόπον
1094 1289 1107 1302 ·
1156 1271 1477 1341 Ἐθεώρουν
1506 1275 1575 1327 ἐν
1606 1274 1851 1343 ὁράματι

264 1358 381 1429 τῆς
405 1362 625 1428 νυκτὸς
645 1406 658 1423 ,
700 1363 795 1415 καὶ
821 1362 948 1415 Ιδοὺ
976 1362 1125 1431 μετὰ
1148 1363 1265 1416 τῶν
1292 1364 1563 1432 νεφελῶν
1594 1364 1700 1417 τοῦ
1745 1366 1848 1419 οὐ·

264 1455 479 1522 ρανοῦ,
510 1456 591 1520 ὠς
628 1456 757 1521 Υἱὸς
783 1454 1096 1523 ἀνθρώπου
1130 1456 1451 1525 ἐρχόμενος
1474 1453 1553 1526 ἥν
1574 1474 1588 1487 ·
1622 1456 1719 1510 καὶ
1741 1456 1851 1523 ἕως

266 1543 379 1597 τοῦ
437 1542 703 1597 Παλαιοῦ
770 1542 888 1595 τῶν
934 1542 1168 1611 ἡμερῶν
1225 1543 1453 1611 ἔφθασε
1515 1543 1615 1597 καὶ
1662 1558 1850 1613 προσ-

265 1633 500 1703 ηνέχθη
524 1673 539 1695 ,
574 1633 671 1687 καὶ
695 1634 856 1699 αὐτῷ
879 1633 1058 1702 ἐδόθη
1088 1636 1127 1702 ἡ
1160 1634 1339 1704 ἁρχὴ,
1369 1635 1468 1689 καὶ
1495 1637 1534 1704 ἡ
1563 1636 1723 1705 τιμὴ,
1752 1634 1852 1688 καὶ

267 1725 311 1793 ἡ
339 1724 635 1790 βασιλεία
658 1743 672 1755 ·
704 1724 801 1777 καὶ
836 1723 1058 1790 πάντες
1080 1730 1132 1779 οἱ
1158 1726 1314 1789 λαοὶ,
1340 1727 1549 1795 φυλαὶ,
1579 1726 1853 1796 γλῶσσαι

267 1816 435 1881 αὐτῷ
464 1816 928 1870 δουλεύσουσιν.
974 1817 1045 1869 Ἡ
1081 1816 1331 1881 ἐξουσία
1372 1817 1561 1871 αὐτοῦ
1599 1818 1852 1882 ἐξουσία

1951 647 2098 700 pora.
2121 634 2332 689 Clarius
2359 635 2472 689 haec
2498 636 2609 704 ipsa
2637 633 2967 686 vaticinatur
2997 629 3201 690 Daniel.
3228 629 3315 683 ubi
3347 626 3509 681 Chri-

1949 735 2089 778 stum
2112 725 2345 794 appellat
2377 723 2574 777 Filium
2604 724 2844 789 hominis,
2883 737 2989 791 quo
3015 721 3231 775 nomine
3260 718 3513 786 frequen-

1948 827 2032 871 ter
2058 817 2110 870 in
2138 816 2442 886 Evangeliis
2472 825 2782 885 usurpatur.
2815 815 2904 869 Ait
2927 822 3106 869 autem
3139 827 3154 865 :
3182 809 3509 879 Aspiciebam
3574 840 3593 873 λ,

1946 909 2003 961 in
2032 908 2225 964 visione
2256 908 2444 973 noctis,
2479 917 2526 961 et
2551 924 2667 961 ecce
2686 924 2803 961 cum
2827 907 3044 959 nubibus
3074 904 3185 958 caeli
3227 903 3377 971 quasi
3419 897 3511 951 Fi-
3590 903 3598 913 '

1947 1001 2049 1055 lius
2082 1002 2304 1055 hominis
2337 1001 2603 1065 veniebat;
2626 1011 2671 1053 et
2703 1014 2863 1069 usque
2891 997 2958 1051 ad
2997 997 3275 1064 Antiquum
3307 995 3510 1046 dierum

1947 1095 2173 1162 pervenit
2196 1109 2215 1157 ;
2236 1102 2283 1145 et
2310 1093 2362 1144 in
2388 1102 2662 1159 conspectu
2688 1091 2801 1159 ejus
2843 1089 3134 1141 obtulerunt
3158 1102 3309 1149 eum;
3349 1095 3395 1137 et
3422 1086 3513 1134 de-

1949 1182 2027 1232 dit
2069 1180 2117 1233 ei
2171 1188 2493 1248 potestatem,
2528 1188 2575 1231 et
2604 1179 2853 1231 honorem
2899 1186 2945 1229 et
2994 1192 3227 1243 regnum,
3259 1183 3307 1225 et
3334 1186 3509 1225 omnes

1948 1270 2145 1339 populi,
2191 1271 2359 1323 tribus
2392 1280 2437 1322 et
2480 1270 2670 1339 linguw
2702 1269 2800 1337 ipsi
2825 1268 3065 1321 servient.
3103 1263 3339 1318 Potestas
3373 1260 3508 1330 ejus,

1950 1373 2175 1431 potestas
2204 1373 2419 1424 a’terna,
2452 1378 2570 1431 qua:
2601 1377 2705 1413 non
2730 1361 3019 1428 auferetur,
3060 1368 3108 1411 et
3143 1373 3353 1427 regnum
3396 1354 3511 1423 ejus

1950 1455 2090 1525 quod
2118 1469 2220 1506 non
2254 1462 2611 1519 corrumpetur
2628 1452 2695 1503 ²⁹.
2735 1449 2893 1503 Vides
2928 1457 2985 1502 ut
3011 1450 3062 1502 in
3095 1447 3210 1502 istis
3266 1448 3512 1501 incurru-

1950 1546 2134 1616 ptibile
2156 1559 2261 1599 non
2284 1558 2591 1607 senescens,
2615 1542 2731 1596 sine
2761 1541 2865 1594 line
2888 1540 3122 1594 futurum
3146 1539 3261 1606 ejus
3291 1553 3512 1606 regnum

1950 1638 2209 1707 propheta
2265 1636 2502 1690 declaret
2548 1654 2562 1688 :
2615 1648 2719 1688 non
2761 1633 2977 1702 quidem
3018 1632 3177 1686 Verbi
3229 1630 3324 1684 Dei
3373 1630 3516 1684 illius

1951 1728 2090 1799 quod
2120 1729 2173 1783 in
2202 1728 2307 1781 Deo
2330 1728 2491 1793 inest,
2518 1726 2611 1780 sed
2641 1724 2768 1778 Filii
2796 1725 3039 1778 hominis.
3069 1723 3236 1789 Quem
3268 1722 3517 1776 eumdem

1956 1820 2188 1874 hominis
2216 1818 2408 1873 Filium
2461 1818 2623 1872 alium
2674 1825 2731 1871 et
2766 1816 3037 1872 diversum
3087 1827 3206 1869 esse
3243 1814 3399 1867 docet
3448 1815 3517 1865 ab

262 1907 529 1973 αἰώνιος,
574 1907 707 1975 ἥτις
750 1909 821 1961 οὐ
854 1908 1319 1976 παρελεύσεται’
1367 1908 1464 1962 καὶ
1492 1910 1531 1977 ἡ
1563 1909 1848 1974 ,βασιλεία

1952 1912 2183 1981 Antiqua
2228 1914 2458 1978 dierum,
2508 1912 2597 1980 qui
2646 1926 2871 1980 regnum
2914 1909 3113 1978 accipit
3156 1916 3413 1961 aeternum
3445 1905 3519 1959 ah

267 1998 458 2051 αὐτοῦ
483 2000 554 2052 οὺ
578 1996 1046 2067 διαφθαρήσεται
1066 1989 1094 2053 .’
1131 1999 1369 2069 Συνορᾶς
1400 1999 1476 2062 ὡς
1514 2000 1608 2052 καὶ
1632 2000 1691 2053 ὲν
1728 2000 1849 2053 τού-

265 2103 384 2149 τοις
413 2086 687 2157 ἄφθαρτον
735 2087 830 2140 καὶ
872 2088 1064 2159 ἀγήρω
1108 2089 1204 2141 καὶ
1249 2088 1603 2161 ἀτελεύτητον
1647 2091 1707 2143 οὐ
1754 2092 1847 2145 τοῦ

268 2178 447 2246 Λόγου
493 2178 587 2231 τοῦ
622 2179 678 2231 ὲν
711 2176 787 2248 τῷ
815 2176 935 2248 Θεῷ
965 2178 1061 2249 τὴν
1107 2177 1380 2248 βασιλείαν
1422 2178 1673 2245 ἔσεσθαι,
1711 2180 1849 2235 ἀλλά

267 2269 365 2322 σωῦ
392 2266 525 2322 Υἱοῦ
575 2268 669 2322 τοῦ
720 2268 1029 2340 ἀνθρώπου,
1085 2270 1407 2341 παρίστησιν
1453 2272 1483 2324 6
1529 2273 1844 2343 προφήτης·

267 2361 459 2433 ἔτερόν
488 2378 546 2415 τε
579 2361 729 2434 παρά
755 2361 846 2415 τὸν
876 2361 1109 2415 Παλαιὸν
1148 2362 1256 2415 τῶν
1295 2363 1518 2435 ἡμερῶν
1557 2364 1741 2435 σαφῶς
1772 2365 1850 2419 δι-

267 2451 460 2506 δάσκει
486 2452 577 2505 τὸν
599 2453 726 2506 Υίὸν
757 2448 897 2507 εἶναι
923 2453 1017 2505 τοῦ
1048 2451 1335 2522 ἀνθρώπου
1377 2454 1469 2507 τὸν
1509 2455 1607 2525 τὴν
1636 2454 1847 2528 ἀφθαρ-

268 2561 362 2597 τον
397 2543 675 2615 βασιλείαν
709 2544 861 2617 παρά
884 2544 980 2598 τοῦ
1004 2544 1241 2599 Παλαιοῦ
1266 2545 1375 2599 τῶν
1400 2547 1620 2617 ἡμερῶν
1648 2548 1847 2621 δηλαδὴ

271 2634 427 2707 παρά
463 2635 557 2688 τοῦ
596 2636 761 2689 αὑτοῦ
793 2635 1005 2709 Πατρὶς
1044 2636 1459 2706 ὑποδεξάμενον.
1511 2638 1669 2692 Ἀλλά
1696 2640 1849 2711 Μάρ-

269 2724 463 2790 κελλος
492 2726 587 2779 ἕνα
621 2728 714 2780 καὶ
756 2727 846 2781 τὸν
887 2726 1052 2781 αὐτὸν
1093 2723 1233 2782 εἶναι
1279 2730 1520 2801 ὁρίζεται
1566 2731 1661 2784 καὶ
1717 2731 1848 2801 μίαν

271 2815 571 2870 ὑπόστασιν
627 2817 780 2870 δυσὶν
838 2818 1098 2889 ὀνόμασιν
1147 2820 1543 2892 ὑποκειμένην·
1602 2821 1682 2874 ἔτι
1742 2822 1847 2893 μὴν

271 2906 369 2960 καὶ
398 2906 498 2977 τὴν
537 2906 811 2976 βασιλείαν
850 2910 1013 2963 αὐτοῦ
1045 2911 1407 2982 περιγράφειν
1436 2911 1608 2982 τολμᾷ
1639 2913 1731 2965 καὶ
1758 2913 1846 2965 τέ-

269 2997 364 3063 λος
400 2998 620 3054 ἔσεσθαι
662 3001 761 3071 τῆς
800 3002 1034 3073 Χριστοῦ
1082 3002 1357 3073 βασιλείας
1400 3003 1630 3068 ἀναιδῶς
1677 3004 1849 3067 οὕτως

272 3093 632 3162 ἀποφαίνεται
677 3094 812 3163 μετά
854 3094 944 3146 τὸν
995 3095 1094 3164 τῆς
1145 3096 1377 3167 κρίσεως
1410 3096 1620 3167 καιρὸν,
1661 3096 1849 3151 τοῦτον

270 3183 502 3251 γράφων
564 3184 654 3237 τὸν
695 3186 929 3256 τρόπον·
979 3205 996 3235 ι
1048 3187 1319 3253 Μέγιστον
1377 3187 1504 3255 ἡμῖν
1554 3189 1846 3259 μυστήριον

264 3262 296 3341 ξι
328 3272 560 3327 ἐνταῦθα
586 3276 614 3326 6
654 3275 972 3339 ’Λπόστολος
1000 3276 1367 3329 ἀνακαλύπτει
1388 3274 1524 3343 (55),
1544 3276 1696 3340 τέλος
1728 3276 1846 3330 ἔσε-

263 3352 296 3415 ἰ
335 3364 459 3417 σθαι
520 3366 743 3434 φάσκων
791 3366 889 3437 τῆς
934 3367 1168 3438 Χριστοῦ
1223 3367 1531 3438 βασιλείας.
1586 3367 1735 3431 τέλος
1792 3366 1849 3421 δὲ

273 3474 295 3508 ι
333 3456 454 3509 τότε
475 3497 489 3519 ,
535 3457 678 3510 ὅταν
721 3457 916 3511 πάντα
967 3458 1240 3529 ὑποταγῇ
1290 3459 1410 3513 ὑπὸ
1463 3459 1605 3525 τοὺς
1659 3456 1849 3522 πόδας

274 3565 295 3599 ι
338 3548 544 3602 αὐτοῦ.
571 3568 590 3600 ι
629 3550 740 3603 Kal.
789 3550 1213 3621 ὲπεξεργάζεται
1254 3551 1367 3619 (54)
1415 3551 1506 3604 τὸν
1547 3550 1703 3619 λόγον
1746 3542 1850 3602 ὧδέ

268 3654 349 3707 πη
406 3638 613 3707 λέγων*
672 3659 689 3691 ι
719 3641 969 3710 Ἒφαμεν
1028 3642 1085 3695 ὲν
1139 3644 1249 3706 τοῖς
1308 3643 1637 3713 προάγουσιν
1691 3641 1852 3713 ήμῶν

272 3749 293 3780 ε
338 3731 541 3801 ῥητοῖς,
598 3731 689 3784 τὸν
740 3732 1013 3802 Δεσπότην
1062 3732 1217 3803 ἡμῶν
1264 3733 1355 3786 τὸν
1400 3734 1633 3805 Χριστὸν
1675 3733 1850 3804 ἀρχὴν

272 3840 295 3871 ι
336 3821 625 3892 ἐσχηκέναι
664 3821 957 3892 βασιλείας,
1006 3825 1070 3877 ὲκ
1107 3824 1215 3876 τῶν
1258 3823 1414 3877 θείων
1447 3825 1680 3895 Γραφῶν
1709 3827 1847 3879 ἀπο-

274 3931 294 3963 (
333 3912 529 3979 δείξεσι
555 3911 849 3984 χρώμενοι.
893 3914 1003 3966 Καὶ
1038 3914 1301 3985 ἐπιλέγει,
1348 3914 1443 3968 καὶ
1473 3915 1607 3978 ὅλως
1638 3916 1851 3987 μυρίων

272 4020 293 4053 ι
334 4002 513 4075 ῥητῶν
544 4003 680 4074 πρὸς
708 4003 1013 4074 μαρτυρίαν
1053 4005 1204 4057 ἐστὶν
1251 4005 1624 4076 εὐπορήσαντα
1655 4005 1850 4073 δεῖξαι,

272 4115 293 4147 ι
330 4096 411 4149 ὅτι
436 4096 610 4168 ἀρχὴν
642 4095 752 4165 (55)
788 4095 1060 4166 βασιλείας
1099 4096 1320 4168 εἴληφεν
1370 4097 1398 4148 6
1439 4097 1721 4168 ἄνθρωπος
1759 4098 1847 4151 διὰ

272 4208 293 4240 ι
334 4188 426 4242 τοῦ
455 4188 651 4257 Λόγου.
701 4190 762 4242 Ei
804 4186 896 4242 οὖν
946 4188 1166 4261 εἴληφεν
1212 4189 1385 4263 ἀρχὴν
1433 4191 1705 4261 βασιλείας
1740 4191 1848 4263 πρὸ

272 4294 293 4326 s
333 4274 469 4329 ἐτῶν
492 4276 626 4328 ὅλων
654 4277 712 4328 οὐ
740 4276 1001 4329 πλειόνων
1025 4277 1058 4348 ἢ
1088 4281 1476 4350 τετρακοσίων,
1497 4281 1647 4333 οὐδὲν
1676 4281 1850 4352 παρά-

272 4386 292 4418 (
328 4364 496 4431 δοξον,
519 4370 567 4420 εἰ
586 4369 677 4421 τὸν
693 4370 799 4441 πρὸ
820 4369 993 4433 οὕτως
1014 4371 1197 4437 ὀλίγου
1218 4372 1408 4442 χρόνου
1435 4371 1531 4441 τῆς
1574 4371 1847 4454 βασιλείας

268 4479 293 4514 4
326 4462 529 4533 ταύτης
554 4464 783 4533 τυχόντα
812 4465 1170 4529 όἈπόστολός
1198 4483 1331 4537 φησι
1370 4464 1709 4536 παραδώσειν
1750 4465 1847 4536 τὴν

1950 2004 2188 2073 Antiquo
2207 2003 2436 2069 dierum,
2466 2005 2567 2058 hoc
2586 2013 2672 2058 est
2701 2006 2768 2056 ab
2794 2003 2961 2073 ipsius
2989 2002 3148 2055 Patre
3177 2015 3191 2053 :
3220 1997 3313 2053 sed
3353 1996 3519 2049 hosce

1950 2108 2113 2147 unum
2166 2102 2222 2147 et
2272 2100 2519 2147 eumdem
2574 2107 2695 2148 esse
2732 2091 3017 2147 Marcellus
3051 2092 3225 2155 docet,
3247 2100 3519 2154 unamque

1946 2185 2302 2240 substantiam
2334 2184 2544 2239 duobus
2593 2183 2901 2239 nominibus
2938 2181 3268 2251 insignitum.
3312 2176 3419 2232 Sed
3461 2185 3519 2229 et.

1949 2289 2175 2345 regnum
2209 2277 2376 2344 ipsius
2404 2274 2832 2346 circumscripsit
2868 2274 3079 2327 audax:
3103 2279 3159 2326 et
3196 2269 3337 2339 quod
3369 2267 3518 2334 regni

1947 2367 2149 2423 Christi
2203 2367 2328 2422 linis
2368 2368 2441 2422 sit
2479 2367 2691 2422 futurus
2728 2374 2850 2436 post
2874 2364 3066 2436 indicii
3108 2372 3368 2431 tempora,
3400 2360 3520 2414 sine

1946 2460 2091 2513 omni
2110 2460 2453 2525 verecundia,
2473 2457 2551 2511 ita
2582 2458 2771 2513 scribit
2800 2472 2815 2508 :
2854 2475 2873 2509 ι
2910 2455 3200 2511 Maximum
3223 2451 3379 2508 nobis
3403 2463 3519 2521 my-

1953 2568 1974 2602 ι
2010 2550 2234 2605 sterium
2265 2552 2353 2605 hic
2382 2549 2585 2605 revelat
2610 2549 2924 2619 Apostolus,
2961 2562 3085 2601 cum
3119 2546 3261 2615 quod
3294 2557 3520 2613 regnum

1953 2658 1975 2693 ι
2006 2641 2206 2698 Christi
2236 2642 2307 2697 sit
2342 2641 2675 2706 habiturum,
2712 2642 2873 2695 linem
2924 2638 3142 2702 indicet,
3188 2637 3354 2690 linem
3390 2647 3520 2688 vero

1953 2751 1974 2787 s
2008 2740 2143 2797 tum,
2208 2748 2323 2787 eum
2386 2732 2621 2802 subjecta
2672 2730 2871 2799 fuerint
2927 2729 3102 2783 omnia
3158 2726 3252 2777 sub
3304 2721 3519 2791 pedibus

1954 2845 1973 2878 ι
2008 2826 2121 2897 ejus
2134 2826 2197 2879 ⁸ο.
2239 2844 2258 2879 ι
2296 2824 2466 2891 Quem
2498 2838 2805 2878 sermonem
2833 2821 2900 2876 ad
2920 2820 3071 2875 hunc
3094 2818 3309 2873 modum
3341 2814 3521 2869 adhuc

1947 2925 2239 2987 exaggerat
2271 2937 2283 2971 :
2328 2934 2348 2967 ι
2387 2915 2627 2970 Diximus
2668 2915 2721 2967 in
2753 2910 3197 2981 praecedentibus,
3233 2905 3517 2961 Dominum

1952 3027 1973 3060 ι
2008 3018 2250 3063 nostrum
2278 3007 2549 3062 Christum
2576 3006 2725 3075 regni
2754 3005 2836 3059 sui
2866 3003 3074 3058 initium
3104 3000 3354 3056 habuisse
3387 3013 3403 3052 :
3434 2995 3517 3049 usi

1954 3113 1973 3146 ι
2008 3110 2193 3149 sumus
2239 3095 2305 3148 ad
2354 3094 2458 3150 hoc
2509 3094 2682 3163 ipsum
2750 3091 3133 3147 declarandum
3201 3088 3520 3144 testimoniis

1953 3202 1972 3235 ι
2011 3183 2672 3253 δετερῑιιτιιτιιιιιηΔιΙόίιε
2698 3203 2716 3235 ι
2740 3183 2899 3239 Certe
2914 3189 3206 3252 suppetunt
3236 3181 3521 3233 innumera

1957 3294 1976 3328 ι
2014 3276 2190 3343 nobis,
2248 3287 2300 3331 et
2356 3277 2573 3346 quidem
2622 3276 2980 3339 abundanter,
3016 3272 3319 3329 testimonia
3376 3271 3521 3341 quod

1956 3387 1975 3420 ι
2011 3369 2234 3423 sortitus
2260 3369 2329 3421 sit
2372 3369 2520 3438 regni
2556 3370 2636 3422 sui
2672 3368 2989 3436 principium
3039 3366 3197 3418 homo
3241 3376 3336 3430 per
3384 3360 3520 3413 Ver-

1954 3476 1974 3508 ι
2011 3458 2156 3511 bum.
2195 3464 2253 3521 ιίς
2284 3458 2344 3511 Si
2376 3473 2504 3511 vero
2534 3457 2762 3526 sumpsit
2803 3458 2904 3510 hoc
2945 3455 3158 3508 initium
3191 3460 3314 3506 ante
3349 3464 3520 3503 annos

1954 3568 1974 3601 ι
2012 3565 2117 3604 non
2133 3549 2315 3618 plures
2334 3564 2496 3618 quam
2518 3564 2665 3613 cccc,
2696 3549 2823 3618 quid
2843 3547 3036 3600 mirum
3056 3546 3099 3599 si
3124 3542 3411 3612 Apostolus
3429 3556 3520 3594 re-

1952 3661 1975 3697 s
2009 3644 2213 3706 tulerit,
2247 3642 2391 3694 illum
2421 3642 2511 3712 qui
2547 3650 2673 3697 ante
2700 3652 2912 3708 tempus
2938 3654 3040 3692 non
3074 3648 3181 3690 tam
3207 3636 3521 3689 diuturnum

1952 3756 1973 3787 ι
2009 3736 2217 3805 accepit
2255 3748 2476 3804 regnum
2524 3750 2701 3797 suum,
2748 3734 2886 3787 idem
2922 3745 3143 3800 regnum
3198 3728 3518 3781 traditurum

1952 3846 1972 3879 ι
2006 3827 2329 3882 Ριιιιίευοῖ»
2352 3827 2479 3881 Post
2494 3825 2759 3896 paucas'tt‘.
2786 3822 2982 3877 infert:
3008 3821 3175 3886 thid
3193 3835 3321 3886 ergo
3338 3820 3404 3871 de
3429 3819 3523 3869 htt-

1952 3938 1971 3970 ι
2010 3934 2165 3973 mana
2195 3917 2281 3973 iila
2317 3916 2481 3973 obrue
2510 3918 2822 3977 edocemur,
2853 3927 3035 3984 quam
3062 3925 3175 3982 pro.
3202 3909 3354 3962 nobis
3392 3916 3521 3960 ante

1948 4029 1974 4064 ς
2007 4026 2176 4063 annos
2198 4012 2290 4064 vix
2313 4021 2438 4063 cccc
2464 4004 2705 4075 integros
2726 4007 3015 4074 assumpsit
3040 4004 3311 4058 Verbum?
3338 4007 3519 4054 utrum

1953 4119 1972 4151 ι
2013 4110 2349 4155 retenturum
2380 4102 2452 4153 sit
2484 4100 2717 4153 Verbum
2759 4098 3001 4151 eamdem
3059 4097 3113 4149 in
3141 4094 3322 4147 futuro
3350 4106 3520 4146 stecu-

1952 4210 1971 4242 ι
2015 4192 2086 4257 Io,
2140 4206 2207 4245 an
2242 4190 2575 4245 solummodo
2617 4192 2684 4243 ad
2726 4188 2913 4255 judicii
2966 4195 3194 4253 tempus.
3236 4202 3256 4235 ι
3299 4182 3366 4236 Et
3406 4184 3520 4236 haec

1947 4284 2164 4354 quidem
2197 4296 2362 4336 ausus
2379 4294 2461 4336 est
2490 4279 2771 4335 Marcellus
2796 4277 2971 4332 ell‘ari.
2997 4278 3065 4331 At
3096 4277 3184 4330 Dei
3220 4274 3516 4344 pr0pbetae,

1948 4388 2173 4444 regnum
2200 4372 2400 4428 Christi
2426 4372 2663 4425 futurum
2696 4367 3095 4423 interminabile
3129 4364 3392 4418 deﬁniunt
3419 4379 3435 4417 :
3463 4375 3520 4415 et.

1950 4484 1977 4521 ιι
2010 4481 2148 4519 novo
2187 4464 2451 4532 principio
2496 4462 2906 4526 exordiendnm,
2962 4467 3080 4528 post
3131 4458 3273 4510 diem
3330 4456 3518 4525 judicii

268 4572 293 4604 ί
324 4554 595 4624 βασιλείαν
608 4556 685 4626 τῷ
699 4555 833 4626 Θεῷ.
850 4576 868 4607 ι
882 4557 990 4608 Καὶ
1010 4556 1329 4627 προστίθησι
1349 4556 1465 4626 μεθ’
1480 4558 1563 4609 ἒτε
1575 4574 1639 4627 ρα
1654 4558 1844 4624 λέγων’

1954 4562 2055 4613 hoc
2081 4558 2368 4613 afﬁrmant.
2394 4556 2528 4610 Nota
2557 4557 2700 4609 enim
2739 4554 2867 4607 mihi
2903 4563 2961 4606 ut
2984 4552 3242 4622 prapheta
3274 4547 3520 4605 Ezechiel

272 4664 294 4696 ‹
330 4645 396 4697 Τί
425 4647 602 4699 τοίνυν
636 4647 746 4715 (56)
785 4647 1123 4717 μανθάνομεν
1182 4649 1309 4717 περὶ
1354 4648 1451 4717 τῆς
1500 4647 1847 4719 ἀνθρωπίνης

272 4756 293 4788 ι
331 4738 551 4808 σαρκὸς,
580 4738 643 4808 ἥν
673 4739 739 4791 δι’
773 4741 918 4809 ἡμᾶς
947 4738 1165 4809 εἴληφεν
1188 4742 1216 4791 6
1240 4739 1426 4806 Λόγος,
1463 4738 1568 4808 πρὸ
1592 4756 1850 4809 τετρακο-

273 4849 291 4879 ‹
330 4830 460 4883 σίων
497 4832 594 4900 οὐχ
627 4832 761 4883 ὅλων
797 4830 969 4895 ὲτῶν;
1004 4832 1239 4902 Πότερόν
1280 4848 1410 4884 ποτε
1443 4832 1645 4902 ταύτην
1674 4832 1767 4884 καὶ
1792 4834 1849 4885 ἐν

271 4941 293 4973 ι
322 4925 434 4986 τοῖς
468 4923 745 4993 μέλλουσιν
799 4922 989 4976 αἰῶσιν
1018 4926 1046 4977 6
1074 4924 1242 4991 Λόγος
1276 4923 1419 4989 ἕξεις
1463 4924 1496 4995 ἢ
1526 4924 1651 4996 ἄχρι
1690 4926 1848 4995 μόνου

272 5032 292 5065 ι
326 5014 419 5066 τοῦ
449 5014 548 5083 τῆς
577 5015 809 5085 κρίσεως
843 5016 1033 5087 καιροῦ
1057 5033 1071 5077 ;
1099 5036 1116 5066 ι
1156 5014 1470 5085 Μάρκελλος
1498 5015 1596 5084 μὲν
1617 5012 1708 5068 οὖν
1736 5033 1847 5067 τοι·

266 5104 406 5157 αῦτα
450 5105 630 5173 λέγειν
676 5107 913 5177 ἐτόλμα⁸
963 5110 1010 5160 οἱ
1046 5107 1102 5159 δέ
1148 5123 1210 5174 γε
1249 5105 1340 5158 τοῦ
1388 5105 1521 5157 Θεοῦ
1569 5106 1844 5176 προφῆται

268 5196 624 5267 ἀτελεύτητον
671 5198 761 5250 τοῦ
795 5198 1029 5269 Χριστοῦ
1078 5198 1177 5268 τὴν
1225 5195 1497 5266 βασιλείαν
1544 5197 1847 5267 ὁριζόμενοι

272 5289 409 5358 μετά
465 5288 553 5341 τὸν
597 5291 696 5360 τῆς
736 5292 967 5359 κρίσεως
1004 5291 1193 5360 καιρὸν
1234 5289 1325 5342 τοῦ
1374 5289 1493 5341 νέου
1526 5290 1719 5350 αἰῶνος
1749 5291 1846 5361 τὴν

269 5379 443 5450 ἀρχὴν
476 5378 588 5447 (57)
620 5379 867 5443 καθέξειν
894 5380 1053 5433 αὐτόν
1081 5398 1231 5449 φασι.
1267 5380 1373 5433 Θέα
1406 5380 1513 5451 γὰρ
1546 5382 1573 5433 6
1603 5380 1679 5443 ὡς
1708 5399 1845 5452 προ-

346 5524 405 5581 ›Ι‹
439 5516 751 5580 Ed.Paris.,
780 5532 899 5587 pag.
928 5518 1049 5572 190.

340 5651 454 5719 (55)
490 5650 660 5717 Vulgo
686 5650 1076 5703 ἀποκαλύπτει.

343 5720 456 5789 (54)
488 5719 659 5783 Vulgo
683 5719 943 5790 ὑπεξεργ.

344 5791 456 5857 (55)
493 5792 661 5858 angn
686 5788 821 5862 ἀρχ.
844 5788 985 5862 [τῆς]
1019 5791 1141 5859 βασ.

342 5861 454 5933 (56)
494 5861 662 5928 Vulgo
698 5860 1067 5931 μανθάνωμεν.

1950 4651 2237 4703 discrimen
2289 4656 2552 4715 supponat
2589 4647 2768 4699 ovium
2820 4644 2959 4706 Dei,
3005 4652 3060 4697 et
3113 4651 3229 4710 post
3261 4642 3518 4709 judicium

1952 4742 2116 4794 David
2149 4743 2214 4795 iis
2247 4753 2519 4808 pastorem
2544 4738 2822 4807 praeficiat,
2864 4750 3024 4805 quem
3050 4746 3100 4789 et
3134 4735 3429 4805 principem
3459 4730 3521 4781 il-

1951 4835 2123 4886 lorum
2161 4834 2395 4887 futurum
2441 4832 2786 4885 vaticinatur.
2824 4828 3005 4883 Daniel
3048 4838 3226 4881 autem
3257 4825 3341 4877 ubi
3380 4835 3516 4890 prae-

1952 4929 2177 4980 miserat
2207 4943 2220 4979 :
2253 4925 2589 4978 Consideravi
2626 4933 2799 4977 autem
2844 4923 3006 4975 donec
3033 4922 3205 4973 throni
3227 4928 3519 4971 statueren-

1951 5026 2063 5079 tur,
2120 5025 2171 5069 et
2212 5016 2467 5081 Antiquus
2514 5015 2719 5066 dierum
2756 5015 2889 5066 sedit
2928 5028 2947 5064 :
2996 5011 3352 5063 vestimentum
3405 5002 3517 5070 ejus

1948 5110 2228 5162 candidum
2260 5109 2409 5175 quasi
2434 5107 2543 5168 nix,
2573 5117 2619 5158 et
2663 5104 2838 5173 capilli
2864 5104 3043 5169 capitis
3073 5102 3185 5167 ejus
3219 5096 3367 5165 quasi
3394 5094 3518 5146 lana

1947 5201 2144 5253 munda
2177 5217 2195 5253 :
2231 5201 2445 5251 thronus
2471 5198 2583 5265 ejus
2610 5198 2823 5265 ﬂamma
2846 5194 2981 5263 ignis
3012 5206 3032 5243 .'
3065 5202 3190 5243 rotw
3228 5191 3339 5256 ejus
3378 5188 3512 5253 ignis

1948 5308 2217 5346 accensus.
2243 5291 2462 5345 Flut-ius
2486 5294 2619 5359 ignis
2651 5291 2958 5357 rapidusque
2978 5283 3335 5354 egrediebatur
3368 5298 3398 5331 a
3431 5280 3514 5344 [u-

1947 5385 2022 5437 cie
2055 5385 2167 5445 eius
2198 5401 2216 5437 :
2248 5386 2416 5437 millia
2466 5384 2685 5436 millium
2732 5378 3097 5431 ministrabant
3141 5376 3210 5437 ei,
3263 5382 3309 5424 et
3344 5372 3513 5423 decies

1123 5521 1167 5552 “
1199 5519 1329 5575 Dan.
1383 5536 1477 5584 \'|l,
1525 5522 1605 5587 l5,
1644 5521 1726 5575 Η.
1807 5523 1850 5554 ³ο
1883 5523 1901 5577 l
1931 5522 2054 5579 Cor.
2108 5541 2199 5587 XV,
2226 5522 2317 5577 28.

2019 5657 2130 5729 (57)
2162 5656 2445 5720 Καθέξδιν
2468 5654 2673 5730 σψτὸν.
2706 5652 2817 5730 imo
2860 5653 3039 5730 ain-fu.
3066 5653 3345 5730 Christum.
3367 5650 3444 5705 se?
3469 5652 3511 5705 ἱ-

1962 5726 2047 5782 cct
2075 5731 2126 5780 in
2163 5726 2575 5797 εἰιιιιτυεῳουιο,
2614 5726 2731 5779 novi
2768 5729 2917 5794 regni
2960 5727 3169 5778 initium
3201 5726 3512 5792 auspicata-

1951 5815 2091 5855 t‘lllll.
