  <div class='ocr_page' id='page_1' title='image "/cluster/home/n/w/nwhite01/storage/ocr_20150623/24/hvd.32044019207729/535.png"; bbox 0 0 3956 6506; ppageno 0'>
   <div class='ocr_carea' id='block_1_1' title="bbox 499 509 636 562">
    <p class='ocr_par' dir='ltr' id='par_1_1' title="bbox 499 509 636 562">
     <span class='ocr_line' id='line_1_1' title="bbox 499 509 636 562; baseline 0 0"><span class='ocrx_word' id='word_1_1' title='bbox 499 509 636 562; x_wconf 81' lang='grc'><strong>1059</strong></span> 
     </span>
    </p>
   </div>
   <div class='ocr_carea' id='block_1_2' title="bbox 1169 487 2038 563">
    <p class='ocr_par' dir='ltr' id='par_1_2' title="bbox 1169 487 2038 563">
     <span class='ocr_line' id='line_1_2' title="bbox 1169 487 2038 563; baseline 0 -3"><span class='ocrx_word' id='word_1_2' title='bbox 1169 505 1431 563; x_wconf 82' lang='lat' dir='ltr'><strong>EUSEBII</strong></span> <span class='ocrx_word' id='word_1_3' title='bbox 1471 502 1946 562; x_wconf 68' lang='lat' dir='ltr'><strong>CAESARlENSIS</strong></span> <span class='ocrx_word' id='word_1_4' title='bbox 1984 487 2038 561; x_wconf 63' lang='lat' dir='ltr'><strong>ot</strong></span> 
     </span>
    </p>
   </div>
   <div class='ocr_carea' id='block_1_3' title="bbox 2140 487 3052 563">
    <p class='ocr_par' dir='ltr' id='par_1_3' title="bbox 2179 504 3052 560">
     <span class='ocr_line' id='line_1_3' title="bbox 2179 504 3052 560; baseline -0.001 -1"><span class='ocrx_word' id='word_1_5' title='bbox 2179 504 2361 559; x_wconf 79' lang='lat' dir='ltr'><strong>PARS</strong></span> <span class='ocrx_word' id='word_1_6' title='bbox 2400 504 2486 560; x_wconf 76' lang='lat' dir='ltr'><strong>IV.</strong></span> <span class='ocrx_word' id='word_1_7' title='bbox 2528 536 2597 546; x_wconf 90' lang='lat'>—</span> <span class='ocrx_word' id='word_1_8' title='bbox 2636 504 3052 560; x_wconf 77' lang='lat' dir='ltr'><strong>DOGMATICA.</strong></span> 
     </span>
    </p>
   </div>
   <div class='ocr_carea' id='block_1_4' title="bbox 3598 504 3747 563">
    <p class='ocr_par' dir='ltr' id='par_1_4' title="bbox 3598 504 3747 563">
     <span class='ocr_line' id='line_1_4' title="bbox 3598 504 3747 563; baseline 0.034 -5"><span class='ocrx_word' id='word_1_9' title='bbox 3598 504 3747 563; x_wconf 69' lang='grc'><strong>1040</strong></span> 
     </span>
    </p>
   </div>
   <div class='ocr_carea' id='block_1_5' title="bbox 494 612 2038 694">
    <p class='ocr_par' dir='ltr' id='par_1_5' title="bbox 494 622 2033 694">
     <span class='ocr_line' id='line_1_5' title="bbox 494 622 2033 694; baseline -0.003 -14"><span class='ocrx_word' id='word_1_10' title='bbox 494 628 685 680; x_wconf 76' lang='lat' dir='ltr'><strong>millies</strong></span> <span class='ocrx_word' id='word_1_11' title='bbox 717 636 931 679; x_wconf 68' lang='lat' dir='ltr'><strong>centena</strong></span> <span class='ocrx_word' id='word_1_12' title='bbox 957 624 1123 677; x_wconf 80' lang='lat' dir='ltr'><strong>millia</strong></span> <span class='ocrx_word' id='word_1_13' title='bbox 1166 625 1476 677; x_wconf 88' lang='lat' dir='ltr'><strong>assistebant</strong></span> <span class='ocrx_word' id='word_1_14' title='bbox 1503 625 1583 689; x_wconf 87' lang='lat' dir='ltr'><strong>ei;</strong></span> <span class='ocrx_word' id='word_1_15' title='bbox 1602 625 1864 694; x_wconf 76' lang='lat' dir='ltr'><strong>judicium</strong></span> <span class='ocrx_word' id='word_1_16' title='bbox 1903 622 2033 677; x_wconf 86' lang='lat' dir='ltr'><strong>sedit</strong></span> 
     </span>
    </p>
   </div>
   <div class='ocr_carea' id='block_1_6' title="bbox 2140 612 3746 694">
    <p class='ocr_par' dir='ltr' id='par_1_6' title="bbox 2162 612 3746 693">
     <span class='ocr_line' id='line_1_6' title="bbox 2162 612 3746 693; baseline 0 -18"><span class='ocrx_word' id='word_1_17' title='bbox 2162 622 2335 693; x_wconf 82' lang='grc' dir='ltr'><strong>φήτης</strong></span> <span class='ocrx_word' id='word_1_18' title='bbox 2382 621 2640 693; x_wconf 76' lang='grc' dir='ltr'><strong>Ἰεζεκιὴλ</strong></span> <span class='ocrx_word' id='word_1_19' title='bbox 2689 623 2968 692; x_wconf 85' lang='grc' dir='ltr'><strong>κριτήριον</strong></span> <span class='ocrx_word' id='word_1_20' title='bbox 3012 622 3123 673; x_wconf 88' lang='grc' dir='ltr'>τῶν</span> <span class='ocrx_word' id='word_1_21' title='bbox 3154 612 3245 673; x_wconf 72' lang='grc' dir='ltr'>τοῦ</span> <span class='ocrx_word' id='word_1_22' title='bbox 3272 620 3405 673; x_wconf 81' lang='grc' dir='ltr'><strong>Θεοῦ</strong></span> <span class='ocrx_word' id='word_1_23' title='bbox 3450 620 3746 693; x_wconf 75' lang='grc' dir='ltr'><strong>προϐάτων</strong></span> 
     </span>
    </p>
   </div>
   <div class='ocr_carea' id='block_1_7' title="bbox 490 716 2055 787">
    <p class='ocr_par' dir='ltr' id='par_1_7' title="bbox 490 716 2055 787">
     <span class='ocr_line' id='line_1_7' title="bbox 490 716 2055 787; baseline -0.003 -15"><span class='ocrx_word' id='word_1_24' title='bbox 490 732 535 773; x_wconf 86' lang='lat' dir='ltr'><strong>et</strong></span> <span class='ocrx_word' id='word_1_25' title='bbox 567 720 684 772; x_wconf 81' lang='lat' dir='ltr'><strong>libri</strong></span> <span class='ocrx_word' id='word_1_26' title='bbox 711 720 876 787; x_wconf 85' lang='lat' dir='ltr'><strong>aperti</strong></span> <span class='ocrx_word' id='word_1_27' title='bbox 901 728 1018 771; x_wconf 87' lang='lat' dir='ltr'><strong>sunt</strong></span> <span class='ocrx_word' id='word_1_28' title='bbox 1043 716 1108 771; x_wconf 82' lang='grc'><strong>³¹.</strong></span> <span class='ocrx_word' id='word_1_29' title='bbox 1130 717 1277 780; x_wconf 61' lang='lat' dir='ltr'><strong>Haec,</strong></span> <span class='ocrx_word' id='word_1_30' title='bbox 1309 718 1547 785; x_wconf 84' lang='lat' dir='ltr'><strong>inquam,</strong></span> <span class='ocrx_word' id='word_1_31' title='bbox 1579 718 1669 772; x_wconf 89' lang='lat' dir='ltr'><strong>ubi</strong></span> <span class='ocrx_word' id='word_1_32' title='bbox 1700 718 2055 785; x_wconf 58' lang='lat' dir='ltr'><strong>praemiserat,</strong></span> 
     </span>
    </p>
   </div>
   <div class='ocr_carea' id='block_1_8' title="bbox 489 808 2055 877">
    <p class='ocr_par' dir='ltr' id='par_1_8' title="bbox 489 808 2055 877">
     <span class='ocr_line' id='line_1_8' title="bbox 489 808 2055 877; baseline 0 -17"><span class='ocrx_word' id='word_1_33' title='bbox 489 811 623 864; x_wconf 89' lang='lat' dir='ltr'><strong>vidit</strong></span> <span class='ocrx_word' id='word_1_34' title='bbox 650 810 702 863; x_wconf 92' lang='lat' dir='ltr'><strong>in</strong></span> <span class='ocrx_word' id='word_1_35' title='bbox 734 809 1084 877; x_wconf 72' lang='lat' dir='ltr'><strong>sequentibus</strong></span> <span class='ocrx_word' id='word_1_36' title='bbox 1131 808 1325 862; x_wconf 86' lang='lat' dir='ltr'><strong>Filium</strong></span> <span class='ocrx_word' id='word_1_37' title='bbox 1353 808 1584 862; x_wconf 87' lang='lat' dir='ltr'><strong>hominis</strong></span> <span class='ocrx_word' id='word_1_38' title='bbox 1604 808 1905 862; x_wconf 77' lang='lat' dir='ltr'><strong>venientem</strong></span> <span class='ocrx_word' id='word_1_39' title='bbox 1935 821 2055 860; x_wconf 88' lang='lat' dir='ltr'><strong>cum</strong></span> 
     </span>
    </p>
   </div>
   <div class='ocr_carea' id='block_1_9' title="bbox 488 897 2052 967">
    <p class='ocr_par' dir='ltr' id='par_1_9' title="bbox 488 897 2052 967">
     <span class='ocr_line' id='line_1_9' title="bbox 488 897 2052 967; baseline 0 -16"><span class='ocrx_word' id='word_1_40' title='bbox 488 900 720 954; x_wconf 87' lang='lat' dir='ltr'><strong>nubibus</strong></span> <span class='ocrx_word' id='word_1_41' title='bbox 760 899 904 965; x_wconf 77' lang='lat' dir='ltr'><strong>cmli,</strong></span> <span class='ocrx_word' id='word_1_42' title='bbox 952 908 1007 954; x_wconf 90' lang='lat' dir='ltr'><strong>et</strong></span> <span class='ocrx_word' id='word_1_43' title='bbox 1047 915 1215 967; x_wconf 89' lang='lat' dir='ltr'><strong>usque</strong></span> <span class='ocrx_word' id='word_1_44' title='bbox 1242 900 1308 952; x_wconf 88' lang='lat' dir='ltr'><strong>ad</strong></span> <span class='ocrx_word' id='word_1_45' title='bbox 1337 898 1628 967; x_wconf 79' lang='lat' dir='ltr'><strong>Antiqnum</strong></span> <span class='ocrx_word' id='word_1_46' title='bbox 1678 897 1886 951; x_wconf 86' lang='lat' dir='ltr'><strong>dierum</strong></span> <span class='ocrx_word' id='word_1_47' title='bbox 1925 913 2052 967; x_wconf 84' lang='lat' dir='ltr'><strong>pro-</strong></span> 
     </span>
    </p>
   </div>
   <div class='ocr_carea' id='block_1_10' title="bbox 485 988 2051 1060">
    <p class='ocr_par' dir='ltr' id='par_1_10' title="bbox 485 988 2051 1060">
     <span class='ocr_line' id='line_1_10' title="bbox 485 988 2051 1060; baseline -0.001 -18"><span class='ocrx_word' id='word_1_48' title='bbox 485 990 815 1057; x_wconf 76' lang='lat' dir='ltr'><strong>gredientem</strong></span> <span class='ocrx_word' id='word_1_49' title='bbox 856 1008 867 1043; x_wconf 95' lang='lat'>:</span> <span class='ocrx_word' id='word_1_50' title='bbox 901 999 957 1046; x_wconf 90' lang='lat' dir='ltr'><strong>et</strong></span> <span class='ocrx_word' id='word_1_51' title='bbox 988 1006 1210 1060; x_wconf 83' lang='lat' dir='ltr'><strong>regnum</strong></span> <span class='ocrx_word' id='word_1_52' title='bbox 1244 988 1650 1057; x_wconf 89' lang='lat' dir='ltr'><strong>iucorruptibile</strong></span> <span class='ocrx_word' id='word_1_53' title='bbox 1678 988 2051 1055; x_wconf 72' lang='lat' dir='ltr'><strong>accipientem.</strong></span> 
     </span>
    </p>
   </div>
   <div class='ocr_carea' id='block_1_11' title="bbox 485 1078 2057 1147">
    <p class='ocr_par' dir='ltr' id='par_1_11' title="bbox 485 1078 2057 1147">
     <span class='ocr_line' id='line_1_11' title="bbox 485 1078 2057 1147; baseline 0.001 -17"><span class='ocrx_word' id='word_1_54' title='bbox 485 1078 749 1144; x_wconf 81' lang='lat' dir='ltr'><strong>Quocirca</strong></span> <span class='ocrx_word' id='word_1_55' title='bbox 787 1080 1100 1135; x_wconf 70' lang='lat' dir='ltr'><strong>diderenter</strong></span> <span class='ocrx_word' id='word_1_56' title='bbox 1128 1080 1214 1133; x_wconf 84' lang='lat' dir='ltr'><strong>ille</strong></span> <span class='ocrx_word' id='word_1_57' title='bbox 1251 1089 1384 1143; x_wconf 89' lang='lat' dir='ltr'><strong>tum,</strong></span> <span class='ocrx_word' id='word_1_58' title='bbox 1428 1089 1482 1131; x_wconf 89' lang='lat' dir='ltr'><strong>et</strong></span> <span class='ocrx_word' id='word_1_59' title='bbox 1512 1079 1679 1132; x_wconf 89' lang='lat' dir='ltr'><strong>multo</strong></span> <span class='ocrx_word' id='word_1_60' title='bbox 1719 1079 1934 1147; x_wconf 86' lang='lat' dir='ltr'><strong>quidem</strong></span> <span class='ocrx_word' id='word_1_61' title='bbox 1964 1093 2057 1131; x_wconf 80' lang='lat' dir='ltr'><strong>ex-</strong></span> 
     </span>
    </p>
   </div>
   <div class='ocr_carea' id='block_1_12' title="bbox 486 1169 2054 1240">
    <p class='ocr_par' dir='ltr' id='par_1_12' title="bbox 486 1169 2054 1240">
     <span class='ocr_line' id='line_1_12' title="bbox 486 1169 2054 1240; baseline 0.001 -19"><span class='ocrx_word' id='word_1_62' title='bbox 486 1171 769 1225; x_wconf 83' lang='lat' dir='ltr'><strong>cellenlius</strong></span> <span class='ocrx_word' id='word_1_63' title='bbox 796 1186 1015 1239; x_wconf 77' lang='lat' dir='ltr'><strong>regnum</strong></span> <span class='ocrx_word' id='word_1_64' title='bbox 1040 1180 1358 1240; x_wconf 85' lang='lat' dir='ltr'><strong>accepturus</strong></span> <span class='ocrx_word' id='word_1_65' title='bbox 1391 1179 1494 1235; x_wconf 91' lang='lat' dir='ltr'><strong>est,</strong></span> <span class='ocrx_word' id='word_1_66' title='bbox 1538 1184 1700 1238; x_wconf 87' lang='lat' dir='ltr'><strong>quam</strong></span> <span class='ocrx_word' id='word_1_67' title='bbox 1740 1185 1881 1223; x_wconf 90' lang='lat' dir='ltr'><strong>nunc</strong></span> <span class='ocrx_word' id='word_1_68' title='bbox 1910 1169 2054 1223; x_wconf 83' lang='lat' dir='ltr'><strong>obti-</strong></span> 
     </span>
    </p>
   </div>
   <div class='ocr_carea' id='block_1_13' title="bbox 484 1260 2052 1330">
    <p class='ocr_par' dir='ltr' id='par_1_13' title="bbox 484 1260 2052 1330">
     <span class='ocr_line' id='line_1_13' title="bbox 484 1260 2052 1330; baseline 0.003 -19"><span class='ocrx_word' id='word_1_69' title='bbox 484 1269 574 1311; x_wconf 82' lang='lat' dir='ltr'><strong>net</strong></span> <span class='ocrx_word' id='word_1_70' title='bbox 605 1277 620 1312; x_wconf 89' lang='lat'><strong>:</strong></span> <span class='ocrx_word' id='word_1_71' title='bbox 660 1276 783 1313; x_wconf 87' lang='lat' dir='ltr'><strong>nam</strong></span> <span class='ocrx_word' id='word_1_72' title='bbox 806 1261 858 1314; x_wconf 92' lang='lat' dir='ltr'><strong>in</strong></span> <span class='ocrx_word' id='word_1_73' title='bbox 884 1261 1002 1314; x_wconf 90' lang='lat' dir='ltr'><strong>illos</strong></span> <span class='ocrx_word' id='word_1_74' title='bbox 1032 1261 1316 1330; x_wconf 74' lang='lat' dir='ltr'><strong>imperiunm</strong></span> <span class='ocrx_word' id='word_1_75' title='bbox 1343 1270 1726 1329; x_wconf 72' lang='lat' dir='ltr'><strong>consequetur,</strong></span> <span class='ocrx_word' id='word_1_76' title='bbox 1750 1261 1839 1329; x_wconf 91' lang='lat' dir='ltr'><strong>qui</strong></span> <span class='ocrx_word' id='word_1_77' title='bbox 1879 1260 2052 1315; x_wconf 79' lang='lat' dir='ltr'><strong>felici-</strong></span> 
     </span>
    </p>
   </div>
   <div class='ocr_carea' id='block_1_14' title="bbox 483 1350 2054 1419">
    <p class='ocr_par' dir='ltr' id='par_1_14' title="bbox 483 1350 2054 1419">
     <span class='ocr_line' id='line_1_14' title="bbox 483 1350 2054 1419; baseline 0.003 -18"><span class='ocrx_word' id='word_1_78' title='bbox 483 1361 595 1403; x_wconf 83' lang='lat' dir='ltr'><strong>tate</strong></span> <span class='ocrx_word' id='word_1_79' title='bbox 628 1351 715 1404; x_wconf 89' lang='lat' dir='ltr'><strong>illa</strong></span> <span class='ocrx_word' id='word_1_80' title='bbox 746 1352 1171 1406; x_wconf 80' lang='lat' dir='ltr'><strong>honorahuntur.</strong></span> <span class='ocrx_word' id='word_1_81' title='bbox 1204 1350 1589 1405; x_wconf 88' lang='lat' dir='ltr'><strong>Testimonium</strong></span> <span class='ocrx_word' id='word_1_82' title='bbox 1622 1350 1767 1405; x_wconf 88' lang='lat' dir='ltr'><strong>hisce</strong></span> <span class='ocrx_word' id='word_1_83' title='bbox 1806 1350 2054 1419; x_wconf 89' lang='lat' dir='ltr'><strong>perhibet</strong></span> 
     </span>
    </p>
   </div>
   <div class='ocr_carea' id='block_1_15' title="bbox 481 1440 2051 1511">
    <p class='ocr_par' dir='ltr' id='par_1_15' title="bbox 481 1440 2051 1511">
     <span class='ocr_line' id='line_1_15' title="bbox 481 1440 2051 1511; baseline 0.001 -16"><span class='ocrx_word' id='word_1_84' title='bbox 481 1440 852 1509; x_wconf 77' lang='lat' dir='ltr'><strong>Evangelium,</strong></span> <span class='ocrx_word' id='word_1_85' title='bbox 909 1443 995 1495; x_wconf 82' lang='lat' dir='ltr'><strong>ubi</strong></span> <span class='ocrx_word' id='word_1_86' title='bbox 1028 1443 1254 1511; x_wconf 79' lang='lat' dir='ltr'><strong>ipsemet</strong></span> <span class='ocrx_word' id='word_1_87' title='bbox 1283 1440 1539 1495; x_wconf 86' lang='lat' dir='ltr'><strong>Servator</strong></span> <span class='ocrx_word' id='word_1_88' title='bbox 1588 1441 1931 1509; x_wconf 89' lang='lat' dir='ltr'><strong>propheticas</strong></span> <span class='ocrx_word' id='word_1_89' title='bbox 1954 1441 2051 1496; x_wconf 90' lang='lat' dir='ltr'><strong>has</strong></span> 
     </span>
    </p>
   </div>
   <div class='ocr_carea' id='block_1_16' title="bbox 478 1532 2053 1602">
    <p class='ocr_par' dir='ltr' id='par_1_16' title="bbox 478 1532 2053 1602">
     <span class='ocr_line' id='line_1_16' title="bbox 478 1532 2053 1602; baseline 0.003 -20"><span class='ocrx_word' id='word_1_90' title='bbox 478 1533 857 1600; x_wconf 65' lang='lat' dir='ltr'><strong>praatlictiones</strong></span> <span class='ocrx_word' id='word_1_91' title='bbox 878 1534 1181 1602; x_wconf 84' lang='lat' dir='ltr'><strong>consignat,</strong></span> <span class='ocrx_word' id='word_1_92' title='bbox 1206 1532 1295 1586; x_wconf 88' lang='lat' dir='ltr'><strong>ubi</strong></span> <span class='ocrx_word' id='word_1_93' title='bbox 1325 1545 1626 1586; x_wconf 89' lang='lat' dir='ltr'><strong>sermonem</strong></span> <span class='ocrx_word' id='word_1_94' title='bbox 1651 1532 1789 1602; x_wconf 86' lang='lat' dir='ltr'><strong>apud</strong></span> <span class='ocrx_word' id='word_1_95' title='bbox 1818 1533 2053 1601; x_wconf 88' lang='lat' dir='ltr'><strong>discipu-</strong></span> 
     </span>
    </p>
   </div>
   <div class='ocr_carea' id='block_1_17' title="bbox 478 1620 2051 1684">
    <p class='ocr_par' dir='ltr' id='par_1_17' title="bbox 478 1620 2051 1684">
     <span class='ocr_line' id='line_1_17' title="bbox 478 1620 2051 1684; baseline 0 -9"><span class='ocrx_word' id='word_1_96' title='bbox 478 1623 563 1677; x_wconf 90' lang='lat' dir='ltr'><strong>los</strong></span> <span class='ocrx_word' id='word_1_97' title='bbox 596 1623 776 1684; x_wconf 78' lang='lat' dir='ltr'><strong>hnbet,</strong></span> <span class='ocrx_word' id='word_1_98' title='bbox 816 1624 881 1677; x_wconf 87' lang='lat' dir='ltr'><strong>de</strong></span> <span class='ocrx_word' id='word_1_99' title='bbox 914 1623 1022 1675; x_wconf 80' lang='lat' dir='ltr'><strong>ﬁne</strong></span> <span class='ocrx_word' id='word_1_100' title='bbox 1070 1623 1387 1677; x_wconf 65' lang='lat' dir='ltr'><strong>saeculorum</strong></span> <span class='ocrx_word' id='word_1_101' title='bbox 1416 1638 1431 1675; x_wconf 90' lang='lat'><strong>:</strong></span> <span class='ocrx_word' id='word_1_102' title='bbox 1458 1620 1589 1675; x_wconf 87' lang='lat' dir='ltr'><strong>Cum</strong></span> <span class='ocrx_word' id='word_1_103' title='bbox 1636 1632 1810 1675; x_wconf 89' lang='lat' dir='ltr'><strong>autem</strong></span> <span class='ocrx_word' id='word_1_104' title='bbox 1857 1624 2051 1676; x_wconf 85' lang='lat' dir='ltr'><strong>venerit</strong></span> 
     </span>
    </p>
   </div>
   <div class='ocr_carea' id='block_1_18' title="bbox 486 1710 2049 1782">
    <p class='ocr_par' dir='ltr' id='par_1_18' title="bbox 486 1710 2049 1782">
     <span class='ocr_line' id='line_1_18' title="bbox 486 1710 2049 1782; baseline 0.002 -17"><span class='ocrx_word' id='word_1_105' title='bbox 486 1710 656 1767; x_wconf 84' lang='lat' dir='ltr'><strong>Filius</strong></span> <span class='ocrx_word' id='word_1_106' title='bbox 688 1715 910 1768; x_wconf 83' lang='lat' dir='ltr'><strong>hominis</strong></span> <span class='ocrx_word' id='word_1_107' title='bbox 941 1716 992 1766; x_wconf 91' lang='lat' dir='ltr'><strong>in</strong></span> <span class='ocrx_word' id='word_1_108' title='bbox 1017 1717 1291 1782; x_wconf 79' lang='lat' dir='ltr'><strong>majestate</strong></span> <span class='ocrx_word' id='word_1_109' title='bbox 1311 1730 1428 1777; x_wconf 88' lang='lat' dir='ltr'><strong>sua,</strong></span> <span class='ocrx_word' id='word_1_110' title='bbox 1453 1722 1501 1766; x_wconf 90' lang='lat' dir='ltr'><strong>et</strong></span> <span class='ocrx_word' id='word_1_111' title='bbox 1529 1729 1706 1766; x_wconf 73' lang='lat' dir='ltr'><strong>omnes</strong></span> <span class='ocrx_word' id='word_1_112' title='bbox 1740 1714 2049 1781; x_wconf 86' lang='lat' dir='ltr'><strong>angelicum</strong></span> 
     </span>
    </p>
   </div>
   <div class='ocr_carea' id='block_1_19' title="bbox 478 1801 2052 1870">
    <p class='ocr_par' dir='ltr' id='par_1_19' title="bbox 478 1801 2052 1870">
     <span class='ocr_line' id='line_1_19' title="bbox 478 1801 2052 1870; baseline -0.001 -14"><span class='ocrx_word' id='word_1_113' title='bbox 478 1820 557 1869; x_wconf 89' lang='lat' dir='ltr'><strong>eo,</strong></span> <span class='ocrx_word' id='word_1_114' title='bbox 586 1814 709 1856; x_wconf 87' lang='lat' dir='ltr'><strong>tunc</strong></span> <span class='ocrx_word' id='word_1_115' title='bbox 730 1804 920 1856; x_wconf 75' lang='lat' dir='ltr'><strong>sedebit</strong></span> <span class='ocrx_word' id='word_1_116' title='bbox 949 1818 1104 1870; x_wconf 80' lang='lat' dir='ltr'><strong>super</strong></span> <span class='ocrx_word' id='word_1_117' title='bbox 1129 1802 1298 1855; x_wconf 74' lang='lat' dir='ltr'><strong>sedem</strong></span> <span class='ocrx_word' id='word_1_118' title='bbox 1339 1801 1630 1870; x_wconf 88' lang='lat' dir='ltr'><strong>majestatis</strong></span> <span class='ocrx_word' id='word_1_119' title='bbox 1674 1817 1804 1865; x_wconf 72' lang='lat' dir='ltr'><strong>sum,</strong></span> <span class='ocrx_word' id='word_1_120' title='bbox 1854 1810 1902 1854; x_wconf 90' lang='lat' dir='ltr'><strong>et</strong></span> <span class='ocrx_word' id='word_1_121' title='bbox 1933 1817 2052 1854; x_wconf 83' lang='lat' dir='ltr'><strong>con-</strong></span> 
     </span>
    </p>
   </div>
   <div class='ocr_carea' id='block_1_20' title="bbox 476 1892 2047 1965">
    <p class='ocr_par' dir='ltr' id='par_1_20' title="bbox 476 1892 2047 1965">
     <span class='ocr_line' id='line_1_20' title="bbox 476 1892 2047 1965; baseline -0.001 -18"><span class='ocrx_word' id='word_1_122' title='bbox 476 1897 825 1965; x_wconf 83' lang='lat' dir='ltr'><strong>gregabuntur</strong></span> <span class='ocrx_word' id='word_1_123' title='bbox 850 1906 971 1948; x_wconf 83' lang='lat' dir='ltr'><strong>ante</strong></span> <span class='ocrx_word' id='word_1_124' title='bbox 989 1912 1106 1949; x_wconf 84' lang='lat' dir='ltr'><strong>eum</strong></span> <span class='ocrx_word' id='word_1_125' title='bbox 1138 1910 1313 1947; x_wconf 89' lang='lat' dir='ltr'><strong>omnes</strong></span> <span class='ocrx_word' id='word_1_126' title='bbox 1352 1903 1547 1963; x_wconf 88' lang='lat' dir='ltr'><strong>gentes,</strong></span> <span class='ocrx_word' id='word_1_127' title='bbox 1588 1901 1637 1946; x_wconf 91' lang='lat' dir='ltr'><strong>et</strong></span> <span class='ocrx_word' id='word_1_128' title='bbox 1668 1892 1931 1959; x_wconf 81' lang='lat' dir='ltr'><strong>separabit</strong></span> <span class='ocrx_word' id='word_1_129' title='bbox 1961 1906 2047 1945; x_wconf 91' lang='lat' dir='ltr'><strong>eos</strong></span> 
     </span>
    </p>
   </div>
   <div class='ocr_carea' id='block_1_21' title="bbox 2158 711 3746 785">
    <p class='ocr_par' dir='ltr' id='par_1_21' title="bbox 2158 711 3746 785">
     <span class='ocr_line' id='line_1_21' title="bbox 2158 711 3746 785; baseline -0.001 -19"><span class='ocrx_word' id='word_1_130' title='bbox 2158 714 2489 784; x_wconf 83' lang='grc' dir='ltr'><strong>ὑποθέμενος</strong></span> <span class='ocrx_word' id='word_1_131' title='bbox 2539 712 2678 785; x_wconf 84' lang='grc' dir='ltr'>μετὰ</span> <span class='ocrx_word' id='word_1_132' title='bbox 2724 713 2821 784; x_wconf 82' lang='grc' dir='ltr'>τὴν</span> <span class='ocrx_word' id='word_1_133' title='bbox 2856 713 3059 765; x_wconf 83' lang='grc' dir='ltr'>τούτων</span> <span class='ocrx_word' id='word_1_134' title='bbox 3106 712 3283 781; x_wconf 81' lang='grc' dir='ltr'>κρίσιν</span> <span class='ocrx_word' id='word_1_135' title='bbox 3311 711 3401 764; x_wconf 81' lang='grc' dir='ltr'>τὸν</span> <span class='ocrx_word' id='word_1_136' title='bbox 3431 712 3593 764; x_wconf 76' lang='grc' dir='ltr'><strong>Δαὸὶδ</strong></span> <span class='ocrx_word' id='word_1_137' title='bbox 3644 715 3746 765; x_wconf 74' lang='grc' dir='ltr'><strong>αὐ-</strong></span> 
     </span>
    </p>
   </div>
   <div class='ocr_carea' id='block_1_22' title="bbox 2154 800 3745 875">
    <p class='ocr_par' dir='ltr' id='par_1_22' title="bbox 2154 800 3745 875">
     <span class='ocr_line' id='line_1_22' title="bbox 2154 800 3745 875; baseline 0 -18"><span class='ocrx_word' id='word_1_138' title='bbox 2154 808 2266 867; x_wconf 83' lang='grc' dir='ltr'><em>τοῖς</em></span> <span class='ocrx_word' id='word_1_139' title='bbox 2300 805 2549 875; x_wconf 73' lang='grc' dir='ltr'><strong>ἐφίστησι</strong></span> <span class='ocrx_word' id='word_1_140' title='bbox 2598 804 2848 875; x_wconf 80' lang='grc' dir='ltr'>ποιμένα,</span> <span class='ocrx_word' id='word_1_141' title='bbox 2888 800 2983 859; x_wconf 68' lang='grc' dir='ltr'>καὶ</span> <span class='ocrx_word' id='word_1_142' title='bbox 3025 801 3114 857; x_wconf 86' lang='grc' dir='ltr'><strong>τὸν</strong></span> <span class='ocrx_word' id='word_1_143' title='bbox 3163 802 3319 856; x_wconf 78' lang='grc' dir='ltr'>αὐτὸν</span> <span class='ocrx_word' id='word_1_144' title='bbox 3361 804 3595 873; x_wconf 85' lang='grc' dir='ltr'>ἄρχοντα</span> <span class='ocrx_word' id='word_1_145' title='bbox 3641 804 3745 857; x_wconf 80' lang='grc' dir='ltr'><strong>αὑ-</strong></span> 
     </span>
    </p>
   </div>
   <div class='ocr_carea' id='block_1_23' title="bbox 2154 892 3740 967">
    <p class='ocr_par' dir='ltr' id='par_1_23' title="bbox 2154 892 3740 967">
     <span class='ocr_line' id='line_1_23' title="bbox 2154 892 3740 967; baseline -0.001 -19"><span class='ocrx_word' id='word_1_146' title='bbox 2154 895 2260 948; x_wconf 88' lang='grc' dir='ltr'><strong>τῶν</strong></span> <span class='ocrx_word' id='word_1_147' title='bbox 2290 895 2506 949; x_wconf 72' lang='grc' dir='ltr'><strong>ἔσεσθαι</strong></span> <span class='ocrx_word' id='word_1_148' title='bbox 2540 894 2802 958; x_wconf 78' lang='grc' dir='ltr'>θεσπίζει.</span> <span class='ocrx_word' id='word_1_149' title='bbox 2844 892 2905 949; x_wconf 78' lang='grc'><strong>’0</strong></span> <span class='ocrx_word' id='word_1_150' title='bbox 2933 895 2990 947; x_wconf 84' lang='grc' dir='ltr'><em>δὲ</em></span> <span class='ocrx_word' id='word_1_151' title='bbox 3012 895 3205 967; x_wconf 77' lang='grc' dir='ltr'><strong>Δανιὴλ</strong></span> <span class='ocrx_word' id='word_1_152' title='bbox 3231 892 3528 963; x_wconf 81' lang='grc' dir='ltr'>προειπὼν,</span> <span class='ocrx_word' id='word_1_153' title='bbox 3571 896 3740 949; x_wconf 82' lang='grc' dir='ltr'><strong>Ἐθε-</strong></span> 
     </span>
    </p>
   </div>
   <div class='ocr_carea' id='block_1_24' title="bbox 2154 983 3743 1054">
    <p class='ocr_par' dir='ltr' id='par_1_24' title="bbox 2154 983 3743 1054">
     <span class='ocr_line' id='line_1_24' title="bbox 2154 983 3743 1054; baseline 0.002 -18"><span class='ocrx_word' id='word_1_154' title='bbox 2154 985 2347 1053; x_wconf 87' lang='grc' dir='ltr'><em>ώρουν</em></span> <span class='ocrx_word' id='word_1_155' title='bbox 2399 986 2509 1051; x_wconf 84' lang='grc' dir='ltr'><strong>ἓως</strong></span> <span class='ocrx_word' id='word_1_156' title='bbox 2567 985 2707 1039; x_wconf 87' lang='grc' dir='ltr'><strong>ὅτου</strong></span> <span class='ocrx_word' id='word_1_157' title='bbox 2756 987 2951 1054; x_wconf 82' lang='grc' dir='ltr'><em>θρόνοι</em></span> <span class='ocrx_word' id='word_1_158' title='bbox 2993 986 3305 1051; x_wconf 76' lang='grc' dir='ltr'><strong>ἐτέθησαν,</strong></span> <span class='ocrx_word' id='word_1_159' title='bbox 3349 983 3460 1054; x_wconf 83' lang='grc'>(58)</span> <span class='ocrx_word' id='word_1_160' title='bbox 3495 986 3594 1037; x_wconf 75' lang='grc' dir='ltr'><strong>καὶ</strong></span> <span class='ocrx_word' id='word_1_161' title='bbox 3619 987 3743 1039; x_wconf 77' lang='lat' dir='ltr'><strong>Ua—</strong></span> 
     </span>
    </p>
   </div>
   <div class='ocr_carea' id='block_1_25' title="bbox 2152 1076 3738 1145">
    <p class='ocr_par' dir='ltr' id='par_1_25' title="bbox 2152 1076 3738 1145">
     <span class='ocr_line' id='line_1_25' title="bbox 2152 1076 3738 1145; baseline 0.001 -15"><span class='ocrx_word' id='word_1_162' title='bbox 2152 1076 2322 1143; x_wconf 83' lang='grc' dir='ltr'><em>λαιὸς</em></span> <span class='ocrx_word' id='word_1_163' title='bbox 2355 1076 2590 1145; x_wconf 72' lang='grc' dir='ltr'><em>ἡμερῶν</em></span> <span class='ocrx_word' id='word_1_164' title='bbox 2621 1076 2892 1143; x_wconf 82' lang='grc' dir='ltr'><strong>ἐκάθητο,</strong></span> <span class='ocrx_word' id='word_1_165' title='bbox 2942 1078 3038 1129; x_wconf 79' lang='grc' dir='ltr'><strong>καὶ</strong></span> <span class='ocrx_word' id='word_1_166' title='bbox 3078 1076 3144 1129; x_wconf 87' lang='grc' dir='ltr'>τὸ</span> <span class='ocrx_word' id='word_1_167' title='bbox 3194 1077 3423 1145; x_wconf 74' lang='grc' dir='ltr'><em>ἔνδυμα</em></span> <span class='ocrx_word' id='word_1_168' title='bbox 3464 1077 3576 1145; x_wconf 83' lang='grc'>(59)</span> <span class='ocrx_word' id='word_1_169' title='bbox 3624 1080 3738 1131; x_wconf 41' lang='lat' dir='ltr'><strong>abi</strong></span> 
     </span>
    </p>
   </div>
   <div class='ocr_carea' id='block_1_26' title="bbox 2143 1167 3739 1237">
    <p class='ocr_par' dir='ltr' id='par_1_26' title="bbox 2143 1167 3739 1237">
     <span class='ocr_line' id='line_1_26' title="bbox 2143 1167 3739 1237; baseline 0.003 -18"><span class='ocrx_word' id='word_1_170' title='bbox 2143 1167 2259 1219; x_wconf 79' lang='grc' dir='ltr'><strong>’τοῦ</strong></span> <span class='ocrx_word' id='word_1_171' title='bbox 2304 1167 2526 1221; x_wconf 82' lang='grc' dir='ltr'><em>λευκὸν</em></span> <span class='ocrx_word' id='word_1_172' title='bbox 2566 1169 2645 1234; x_wconf 87' lang='grc' dir='ltr'><em>ὡς</em></span> <span class='ocrx_word' id='word_1_173' title='bbox 2689 1167 2855 1236; x_wconf 86' lang='grc' dir='ltr'><em>χιὼν,</em></span> <span class='ocrx_word' id='word_1_174' title='bbox 2904 1168 3001 1221; x_wconf 75' lang='grc' dir='ltr'><strong>καὶ</strong></span> <span class='ocrx_word' id='word_1_175' title='bbox 3055 1169 3092 1235; x_wconf 75' lang='grc' dir='ltr'><strong><em>ὴ</em></strong></span> <span class='ocrx_word' id='word_1_176' title='bbox 3135 1167 3267 1235; x_wconf 78' lang='grc' dir='ltr'><strong>θρὶξ</strong></span> <span class='ocrx_word' id='word_1_177' title='bbox 3309 1167 3417 1235; x_wconf 81' lang='grc' dir='ltr'><strong>τῆς</strong></span> <span class='ocrx_word' id='word_1_178' title='bbox 3458 1168 3739 1237; x_wconf 69' lang='grc' dir='ltr'><em>κεφαλῆς</em></span> 
     </span>
    </p>
   </div>
   <div class='ocr_carea' id='block_1_27' title="bbox 2151 1256 3737 1327">
    <p class='ocr_par' dir='ltr' id='par_1_27' title="bbox 2151 1256 3737 1327">
     <span class='ocr_line' id='line_1_27' title="bbox 2151 1256 3737 1327; baseline 0 -18"><span class='ocrx_word' id='word_1_179' title='bbox 2151 1257 2337 1311; x_wconf 86' lang='grc' dir='ltr'>αὑτοῦ</span> <span class='ocrx_word' id='word_1_180' title='bbox 2374 1258 2516 1310; x_wconf 80' lang='grc' dir='ltr'><strong>ὡσεὶ</strong></span> <span class='ocrx_word' id='word_1_181' title='bbox 2560 1257 2721 1325; x_wconf 80' lang='grc' dir='ltr'><strong>ἔριον</strong></span> <span class='ocrx_word' id='word_1_182' title='bbox 2758 1256 3037 1325; x_wconf 80' lang='grc' dir='ltr'><strong>καθαρὸν.</strong></span> <span class='ocrx_word' id='word_1_183' title='bbox 3089 1259 3121 1309; x_wconf 83' lang='grc' dir='ltr'><em>ὁ</em></span> <span class='ocrx_word' id='word_1_184' title='bbox 3163 1258 3372 1324; x_wconf 80' lang='grc' dir='ltr'><strong>θρόνος</strong></span> <span class='ocrx_word' id='word_1_185' title='bbox 3401 1257 3588 1311; x_wconf 79' lang='grc' dir='ltr'><em>αὑτοῦ</em></span> <span class='ocrx_word' id='word_1_186' title='bbox 3617 1258 3737 1327; x_wconf 66' lang='grc'>(40)</span> 
     </span>
    </p>
   </div>
   <div class='ocr_carea' id='block_1_28' title="bbox 2150 1346 3738 1416">
    <p class='ocr_par' dir='ltr' id='par_1_28' title="bbox 2150 1346 3738 1416">
     <span class='ocr_line' id='line_1_28' title="bbox 2150 1346 3738 1416; baseline -0.001 -16"><span class='ocrx_word' id='word_1_187' title='bbox 2150 1346 2309 1416; x_wconf 78' lang='grc' dir='ltr'><em>φλὸξ</em></span> <span class='ocrx_word' id='word_1_188' title='bbox 2336 1346 2543 1415; x_wconf 82' lang='grc' dir='ltr'><em>πυρὸς,</em></span> <span class='ocrx_word' id='word_1_189' title='bbox 2571 1350 2625 1400; x_wconf 87' lang='lat' dir='ltr'><strong>ol</strong></span> <span class='ocrx_word' id='word_1_190' title='bbox 2647 1347 2848 1416; x_wconf 86' lang='grc' dir='ltr'>τροχοί</span> <span class='ocrx_word' id='word_1_191' title='bbox 2860 1347 3045 1400; x_wconf 81' lang='grc' dir='ltr'>αὐτοῦ</span> <span class='ocrx_word' id='word_1_192' title='bbox 3066 1348 3183 1414; x_wconf 82' lang='grc' dir='ltr'><strong>πῦρ</strong></span> <span class='ocrx_word' id='word_1_193' title='bbox 3201 1346 3738 1416; x_wconf 67' lang='grc' dir='ltr'><em>φλέγον,ποταμὸς</em></span> 
     </span>
    </p>
   </div>
   <div class='ocr_carea' id='block_1_29' title="bbox 2150 1435 3737 1509">
    <p class='ocr_par' dir='ltr' id='par_1_29' title="bbox 2150 1435 3737 1509">
     <span class='ocr_line' id='line_1_29' title="bbox 2150 1435 3737 1509; baseline -0.001 -15"><span class='ocrx_word' id='word_1_194' title='bbox 2150 1440 2339 1508; x_wconf 77' lang='grc' dir='ltr'><em>πυρὸς</em></span> <span class='ocrx_word' id='word_1_195' title='bbox 2363 1435 2565 1494; x_wconf 79' lang='grc' dir='ltr'><strong>εἷλκεν</strong></span> <span class='ocrx_word' id='word_1_196' title='bbox 2610 1440 2948 1509; x_wconf 78' lang='grc' dir='ltr'><em>ἔμπροσθεν</em></span> <span class='ocrx_word' id='word_1_197' title='bbox 2973 1439 3180 1501; x_wconf 83' lang='grc' dir='ltr'>αὐτοῦ,</span> <span class='ocrx_word' id='word_1_198' title='bbox 3229 1443 3413 1509; x_wconf 84' lang='grc' dir='ltr'><em>χίλιαι</em></span> <span class='ocrx_word' id='word_1_199' title='bbox 3462 1440 3737 1507; x_wconf 83' lang='grc' dir='ltr'><em>χιλιάδες</em></span> 
     </span>
    </p>
   </div>
   <div class='ocr_carea' id='block_1_30' title="bbox 2149 1528 3735 1599">
    <p class='ocr_par' dir='ltr' id='par_1_30' title="bbox 2149 1528 3735 1599">
     <span class='ocr_line' id='line_1_30' title="bbox 2149 1528 3735 1599; baseline 0.001 -16"><span class='ocrx_word' id='word_1_200' title='bbox 2149 1531 2572 1599; x_wconf 76' lang='grc' dir='ltr'><strong>ἐλειτούργουν</strong></span> <span class='ocrx_word' id='word_1_201' title='bbox 2601 1528 2779 1594; x_wconf 84' lang='grc' dir='ltr'>αὐτῷ,</span> <span class='ocrx_word' id='word_1_202' title='bbox 2831 1531 2929 1583; x_wconf 78' lang='grc' dir='ltr'><strong>καὶ</strong></span> <span class='ocrx_word' id='word_1_203' title='bbox 2971 1530 3174 1598; x_wconf 82' lang='grc' dir='ltr'><em>μύριαι</em></span> <span class='ocrx_word' id='word_1_204' title='bbox 3210 1530 3493 1598; x_wconf 78' lang='grc' dir='ltr'><strong>μυριάδες</strong></span> <span class='ocrx_word' id='word_1_205' title='bbox 3529 1547 3735 1598; x_wconf 55' lang='lat' dir='ltr'><strong>auget-—</strong></span> 
     </span>
    </p>
   </div>
   <div class='ocr_carea' id='block_1_31' title="bbox 2148 1620 3733 1690">
    <p class='ocr_par' dir='ltr' id='par_1_31' title="bbox 2148 1620 3733 1690">
     <span class='ocr_line' id='line_1_31' title="bbox 2148 1620 3733 1690; baseline 0 -16"><span class='ocrx_word' id='word_1_206' title='bbox 2148 1621 2487 1690; x_wconf 84' lang='grc' dir='ltr'><em>στήκεισαν</em></span> <span class='ocrx_word' id='word_1_207' title='bbox 2518 1623 2856 1690; x_wconf 79' lang='grc' dir='ltr'><em>ἔμπροσθεν</em></span> <span class='ocrx_word' id='word_1_208' title='bbox 2888 1621 3093 1685; x_wconf 85' lang='grc' dir='ltr'>αὐτοῦ,</span> <span class='ocrx_word' id='word_1_209' title='bbox 3140 1620 3442 1690; x_wconf 79' lang='grc' dir='ltr'><em>κριτήριον</em></span> <span class='ocrx_word' id='word_1_210' title='bbox 3476 1621 3733 1681; x_wconf 78' lang='grc' dir='ltr'><strong>ἐκάθιζε,</strong></span> 
     </span>
    </p>
   </div>
   <div class='ocr_carea' id='block_1_32' title="bbox 2148 1712 3729 1784">
    <p class='ocr_par' dir='ltr' id='par_1_32' title="bbox 2148 1712 3729 1784">
     <span class='ocr_line' id='line_1_32' title="bbox 2148 1712 3729 1784; baseline 0.001 -17"><span class='ocrx_word' id='word_1_211' title='bbox 2148 1714 2247 1768; x_wconf 75' lang='grc' dir='ltr'><strong>καὶ</strong></span> <span class='ocrx_word' id='word_1_212' title='bbox 2293 1715 2505 1778; x_wconf 77' lang='grc' dir='ltr'><strong>βίϐλοι</strong></span> <span class='ocrx_word' id='word_1_213' title='bbox 2553 1712 2964 1781; x_wconf 74' lang='grc' dir='ltr'><strong>ἠνεῴχθησαν.</strong></span> <span class='ocrx_word' id='word_1_214' title='bbox 3020 1712 3205 1765; x_wconf 80' lang='grc' dir='ltr'>Ταῦτα</span> <span class='ocrx_word' id='word_1_215' title='bbox 3255 1713 3729 1784; x_wconf 75' lang='grc' dir='ltr'>προθεασάμενος,</span> 
     </span>
    </p>
   </div>
   <div class='ocr_carea' id='block_1_33' title="bbox 2149 1802 3733 1876">
    <p class='ocr_par' dir='ltr' id='par_1_33' title="bbox 2149 1802 3733 1876">
     <span class='ocr_line' id='line_1_33' title="bbox 2149 1802 3733 1876; baseline 0.001 -19"><span class='ocrx_word' id='word_1_216' title='bbox 2149 1805 2275 1875; x_wconf 76' lang='grc' dir='ltr'><strong>ἑξῆς</strong></span> <span class='ocrx_word' id='word_1_217' title='bbox 2302 1803 2393 1857; x_wconf 83' lang='grc' dir='ltr'><strong>τὸν</strong></span> <span class='ocrx_word' id='word_1_218' title='bbox 2420 1804 2547 1857; x_wconf 79' lang='grc' dir='ltr'><strong>Υἱὸν</strong></span> <span class='ocrx_word' id='word_1_219' title='bbox 2580 1803 2673 1856; x_wconf 81' lang='grc' dir='ltr'>τοῦ</span> <span class='ocrx_word' id='word_1_220' title='bbox 2709 1802 2995 1875; x_wconf 76' lang='grc' dir='ltr'><strong>ἀνθρώπου</strong></span> <span class='ocrx_word' id='word_1_221' title='bbox 3018 1804 3211 1876; x_wconf 77' lang='grc' dir='ltr'><strong>θεωρεῖ</strong></span> <span class='ocrx_word' id='word_1_222' title='bbox 3234 1805 3325 1857; x_wconf 76' lang='grc' dir='ltr'><strong>ἐπὶ</strong></span> <span class='ocrx_word' id='word_1_223' title='bbox 3349 1804 3455 1857; x_wconf 84' lang='grc' dir='ltr'>τῶν</span> <span class='ocrx_word' id='word_1_224' title='bbox 3484 1806 3733 1873; x_wconf 68' lang='grc' dir='ltr'><strong>νεφελῶν</strong></span> 
     </span>
    </p>
   </div>
   <div class='ocr_carea' id='block_1_34' title="bbox 2147 1894 3728 1967">
    <p class='ocr_par' dir='ltr' id='par_1_34' title="bbox 2147 1894 3728 1967">
     <span class='ocr_line' id='line_1_34' title="bbox 2147 1894 3728 1967; baseline 0 -18"><span class='ocrx_word' id='word_1_225' title='bbox 2147 1896 2241 1949; x_wconf 83' lang='grc' dir='ltr'><strong>τοῦ</strong></span> <span class='ocrx_word' id='word_1_226' title='bbox 2266 1895 2496 1967; x_wconf 78' lang='grc' dir='ltr'>οὐρανοῦ</span> <span class='ocrx_word' id='word_1_227' title='bbox 2528 1894 2820 1967; x_wconf 79' lang='grc' dir='ltr'><strong>προσιόντα</strong></span> <span class='ocrx_word' id='word_1_228' title='bbox 2850 1895 2926 1966; x_wconf 83' lang='grc' dir='ltr'>τῷ</span> <span class='ocrx_word' id='word_1_229' title='bbox 2950 1896 3168 1965; x_wconf 83' lang='grc' dir='ltr'>Παλαιῷ</span> <span class='ocrx_word' id='word_1_230' title='bbox 3206 1896 3315 1949; x_wconf 88' lang='grc' dir='ltr'>τῶν</span> <span class='ocrx_word' id='word_1_231' title='bbox 3352 1896 3595 1967; x_wconf 81' lang='grc' dir='ltr'><strong>ἡμερῶν,</strong></span> <span class='ocrx_word' id='word_1_232' title='bbox 3632 1898 3728 1949; x_wconf 69' lang='grc' dir='ltr'><strong>καὶ</strong></span> 
     </span>
    </p>
   </div>
   <div class='ocr_carea' id='block_1_35' title="bbox 476 1980 2038 2058">
    <p class='ocr_par' dir='ltr' id='par_1_35' title="bbox 476 1980 2038 2050">
     <span class='ocr_line' id='line_1_35' title="bbox 476 1980 2038 2050; baseline -0.001 -16"><span class='ocrx_word' id='word_1_233' title='bbox 476 1985 539 2035; x_wconf 91' lang='lat' dir='ltr'><strong>ab</strong></span> <span class='ocrx_word' id='word_1_234' title='bbox 579 1984 813 2046; x_wconf 84' lang='lat' dir='ltr'><strong>invicem,</strong></span> <span class='ocrx_word' id='word_1_235' title='bbox 857 1987 989 2037; x_wconf 73' lang='lat' dir='ltr'><strong>sicut</strong></span> <span class='ocrx_word' id='word_1_236' title='bbox 1039 1994 1217 2048; x_wconf 82' lang='lat' dir='ltr'><strong>pastor</strong></span> <span class='ocrx_word' id='word_1_237' title='bbox 1257 1989 1491 2050; x_wconf 77' lang='lat' dir='ltr'><strong>segregat</strong></span> <span class='ocrx_word' id='word_1_238' title='bbox 1524 1996 1639 2033; x_wconf 87' lang='lat' dir='ltr'><strong>oves</strong></span> <span class='ocrx_word' id='word_1_239' title='bbox 1669 1980 1733 2032; x_wconf 85' lang='lat' dir='ltr'><strong>ab</strong></span> <span class='ocrx_word' id='word_1_240' title='bbox 1762 1981 1949 2047; x_wconf 76' lang='lat' dir='ltr'><strong>ltwdis,</strong></span> <span class='ocrx_word' id='word_1_241' title='bbox 1996 1990 2038 2034; x_wconf 90' lang='lat' dir='ltr'><strong>et</strong></span> 
     </span>
    </p>
   </div>
   <div class='ocr_carea' id='block_1_36' title="bbox 2140 1980 3729 2058">
    <p class='ocr_par' dir='ltr' id='par_1_36' title="bbox 2147 1984 3729 2058">
     <span class='ocr_line' id='line_1_36' title="bbox 2147 1984 3729 2058; baseline -0.002 -18"><span class='ocrx_word' id='word_1_242' title='bbox 2147 1986 2242 2057; x_wconf 82' lang='grc' dir='ltr'>τὴν</span> <span class='ocrx_word' id='word_1_243' title='bbox 2274 1986 2548 2058; x_wconf 79' lang='grc' dir='ltr'><strong>ἄφθαρτον</strong></span> <span class='ocrx_word' id='word_1_244' title='bbox 2584 1985 2861 2057; x_wconf 84' lang='grc' dir='ltr'>βασιλείαν</span> <span class='ocrx_word' id='word_1_245' title='bbox 2906 1985 3312 2056; x_wconf 82' lang='grc' dir='ltr'><strong>ὑποδεχόμενον.</strong></span> <span class='ocrx_word' id='word_1_246' title='bbox 3370 1984 3578 2038; x_wconf 77' lang='grc' dir='ltr'><strong>Οὐκοῦν</strong></span> <span class='ocrx_word' id='word_1_247' title='bbox 3632 1986 3729 2037; x_wconf 71' lang='grc' dir='ltr'><strong>καὶ</strong></span> 
     </span>
    </p>
   </div>
   <div class='ocr_carea' id='block_1_37' title="bbox 474 2072 2043 2147">
    <p class='ocr_par' dir='ltr' id='par_1_37' title="bbox 474 2072 2043 2147">
     <span class='ocr_line' id='line_1_37' title="bbox 474 2072 2043 2147; baseline -0.003 -18"><span class='ocrx_word' id='word_1_248' title='bbox 474 2088 661 2131; x_wconf 82' lang='lat' dir='ltr'><strong>statuet</strong></span> <span class='ocrx_word' id='word_1_249' title='bbox 695 2094 810 2132; x_wconf 85' lang='lat' dir='ltr'><strong>oves</strong></span> <span class='ocrx_word' id='word_1_250' title='bbox 838 2079 1044 2147; x_wconf 83' lang='lat' dir='ltr'><strong>quidem</strong></span> <span class='ocrx_word' id='word_1_251' title='bbox 1101 2093 1131 2128; x_wconf 91' lang='lat' dir='ltr'><strong>a</strong></span> <span class='ocrx_word' id='word_1_252' title='bbox 1177 2075 1373 2128; x_wconf 79' lang='lat' dir='ltr'><strong>dextris</strong></span> <span class='ocrx_word' id='word_1_253' title='bbox 1412 2074 1544 2137; x_wconf 87' lang='lat' dir='ltr'><strong>suis,</strong></span> <span class='ocrx_word' id='word_1_254' title='bbox 1586 2072 1763 2126; x_wconf 60' lang='lat' dir='ltr'><strong>bardos</strong></span> <span class='ocrx_word' id='word_1_255' title='bbox 1798 2081 1971 2125; x_wconf 87' lang='lat' dir='ltr'><strong>autem</strong></span> <span class='ocrx_word' id='word_1_256' title='bbox 2009 2087 2043 2125; x_wconf 87' lang='lat' dir='ltr'><strong>a</strong></span> 
     </span>
    </p>
   </div>
   <div class='ocr_carea' id='block_1_38' title="bbox 472 2164 2042 2233">
    <p class='ocr_par' dir='ltr' id='par_1_38' title="bbox 472 2164 2042 2233">
     <span class='ocr_line' id='line_1_38' title="bbox 472 2164 2042 2233; baseline -0.003 -12"><span class='ocrx_word' id='word_1_257' title='bbox 472 2172 723 2223; x_wconf 85' lang='lat' dir='ltr'><strong>sinistris.</strong></span> <span class='ocrx_word' id='word_1_258' title='bbox 778 2168 920 2222; x_wconf 87' lang='lat' dir='ltr'><strong>Tunc</strong></span> <span class='ocrx_word' id='word_1_259' title='bbox 970 2170 1101 2220; x_wconf 89' lang='lat' dir='ltr'><strong>dicet</strong></span> <span class='ocrx_word' id='word_1_260' title='bbox 1156 2165 1261 2219; x_wconf 74' lang='lat' dir='ltr'><strong>Rex</strong></span> <span class='ocrx_word' id='word_1_261' title='bbox 1312 2166 1393 2218; x_wconf 82' lang='lat' dir='ltr'><strong>his</strong></span> <span class='ocrx_word' id='word_1_262' title='bbox 1446 2164 1537 2233; x_wconf 85' lang='lat' dir='ltr'><strong>qui</strong></span> <span class='ocrx_word' id='word_1_263' title='bbox 1604 2180 1637 2216; x_wconf 92' lang='lat' dir='ltr'><strong>a</strong></span> <span class='ocrx_word' id='word_1_264' title='bbox 1677 2164 1875 2217; x_wconf 81' lang='lat' dir='ltr'><strong>dextris</strong></span> <span class='ocrx_word' id='word_1_265' title='bbox 1928 2164 2042 2230; x_wconf 83' lang='lat' dir='ltr'><strong>eius</strong></span> 
     </span>
    </p>
   </div>
   <div class='ocr_carea' id='block_1_39' title="bbox 471 2256 2046 2327">
    <p class='ocr_par' dir='ltr' id='par_1_39' title="bbox 471 2256 2046 2327">
     <span class='ocr_line' id='line_1_39' title="bbox 471 2256 2046 2327; baseline -0.004 -12"><span class='ocrx_word' id='word_1_266' title='bbox 471 2274 645 2326; x_wconf 89' lang='lat' dir='ltr'><strong>erunt,</strong></span> <span class='ocrx_word' id='word_1_267' title='bbox 687 2261 887 2327; x_wconf 80' lang='lat' dir='ltr'><strong>Venite,</strong></span> <span class='ocrx_word' id='word_1_268' title='bbox 920 2259 1175 2313; x_wconf 85' lang='lat' dir='ltr'><strong>benedicti</strong></span> <span class='ocrx_word' id='word_1_269' title='bbox 1212 2257 1393 2311; x_wconf 86' lang='lat' dir='ltr'><strong>Patris</strong></span> <span class='ocrx_word' id='word_1_270' title='bbox 1439 2257 1561 2321; x_wconf 86' lang='lat' dir='ltr'><strong>mei,</strong></span> <span class='ocrx_word' id='word_1_271' title='bbox 1611 2256 1864 2325; x_wconf 85' lang='lat' dir='ltr'><strong>possidete</strong></span> <span class='ocrx_word' id='word_1_272' title='bbox 1894 2272 2046 2322; x_wconf 82' lang='lat' dir='ltr'><strong>para-</strong></span> 
     </span>
    </p>
   </div>
   <div class='ocr_carea' id='block_1_40' title="bbox 472 2347 2042 2421">
    <p class='ocr_par' dir='ltr' id='par_1_40' title="bbox 472 2347 2042 2421">
     <span class='ocr_line' id='line_1_40' title="bbox 472 2347 2042 2421; baseline -0.003 -16"><span class='ocrx_word' id='word_1_273' title='bbox 472 2364 580 2405; x_wconf 89' lang='lat' dir='ltr'><strong>tum</strong></span> <span class='ocrx_word' id='word_1_274' title='bbox 612 2354 747 2406; x_wconf 85' lang='lat' dir='ltr'><strong>vobis</strong></span> <span class='ocrx_word' id='word_1_275' title='bbox 778 2366 990 2421; x_wconf 87' lang='lat' dir='ltr'><strong>regnum</strong></span> <span class='ocrx_word' id='word_1_276' title='bbox 1041 2366 1071 2401; x_wconf 91' lang='lat' dir='ltr'><strong>a</strong></span> <span class='ocrx_word' id='word_1_277' title='bbox 1103 2348 1477 2403; x_wconf 84' lang='lat' dir='ltr'><strong>constitutione</strong></span> <span class='ocrx_word' id='word_1_278' title='bbox 1510 2348 1691 2401; x_wconf 83' lang='lat' dir='ltr'><strong>mundi</strong></span> <span class='ocrx_word' id='word_1_279' title='bbox 1713 2349 1779 2403; x_wconf 85' lang='grc'><strong>³¹.</strong></span> <span class='ocrx_word' id='word_1_280' title='bbox 1810 2353 1868 2411; x_wconf 76' lang='grc' dir='ltr'><strong>›Ῑ‹</strong></span> <span class='ocrx_word' id='word_1_281' title='bbox 1907 2347 2042 2402; x_wconf 87' lang='lat' dir='ltr'><strong>Nota</strong></span> 
     </span>
    </p>
   </div>
   <div class='ocr_carea' id='block_1_41' title="bbox 471 2440 2040 2512">
    <p class='ocr_par' dir='ltr' id='par_1_41' title="bbox 471 2440 2040 2512">
     <span class='ocr_line' id='line_1_41' title="bbox 471 2440 2040 2512; baseline -0.005 -11"><span class='ocrx_word' id='word_1_282' title='bbox 471 2445 601 2501; x_wconf 84' lang='lat' dir='ltr'><strong>mihi</strong></span> <span class='ocrx_word' id='word_1_283' title='bbox 651 2453 825 2498; x_wconf 90' lang='lat' dir='ltr'><strong>autem</strong></span> <span class='ocrx_word' id='word_1_284' title='bbox 882 2458 1044 2512; x_wconf 89' lang='lat' dir='ltr'><strong>quam</strong></span> <span class='ocrx_word' id='word_1_285' title='bbox 1093 2442 1407 2512; x_wconf 84' lang='lat' dir='ltr'><strong>conspirant</strong></span> <span class='ocrx_word' id='word_1_286' title='bbox 1447 2441 1551 2496; x_wconf 86' lang='lat' dir='ltr'><strong>ista</strong></span> <span class='ocrx_word' id='word_1_287' title='bbox 1582 2454 1705 2495; x_wconf 84' lang='lat' dir='ltr'><strong>cum</strong></span> <span class='ocrx_word' id='word_1_288' title='bbox 1738 2440 1897 2496; x_wconf 87' lang='lat' dir='ltr'><strong>dictis</strong></span> <span class='ocrx_word' id='word_1_289' title='bbox 1916 2440 2040 2509; x_wconf 87' lang='lat' dir='ltr'><strong>&#39;per</strong></span> 
     </span>
    </p>
   </div>
   <div class='ocr_carea' id='block_1_42' title="bbox 468 2531 2037 2605">
    <p class='ocr_par' dir='ltr' id='par_1_42' title="bbox 468 2531 2037 2605">
     <span class='ocr_line' id='line_1_42' title="bbox 468 2531 2037 2605; baseline -0.003 -16"><span class='ocrx_word' id='word_1_290' title='bbox 468 2538 779 2605; x_wconf 82' lang='lat' dir='ltr'><strong>pmphetam</strong></span> <span class='ocrx_word' id='word_1_291' title='bbox 805 2538 870 2589; x_wconf 87' lang='lat' dir='ltr'><strong>de</strong></span> <span class='ocrx_word' id='word_1_292' title='bbox 899 2535 1086 2589; x_wconf 85' lang='lat' dir='ltr'><strong>ovibus</strong></span> <span class='ocrx_word' id='word_1_293' title='bbox 1111 2542 1163 2587; x_wconf 87' lang='lat' dir='ltr'><strong>et</strong></span> <span class='ocrx_word' id='word_1_294' title='bbox 1188 2531 1511 2587; x_wconf 86' lang='lat' dir='ltr'><strong>discretione</strong></span> <span class='ocrx_word' id='word_1_295' title='bbox 1539 2532 1763 2588; x_wconf 90' lang='lat' dir='ltr'><strong>arietum</strong></span> <span class='ocrx_word' id='word_1_296' title='bbox 1786 2571 1803 2595; x_wconf 91' lang='lat'><strong>,</strong></span> <span class='ocrx_word' id='word_1_297' title='bbox 1838 2539 2037 2601; x_wconf 84' lang='lat' dir='ltr'><strong>etqua-</strong></span> 
     </span>
    </p>
   </div>
   <div class='ocr_carea' id='block_1_43' title="bbox 469 2622 2041 2695">
    <p class='ocr_par' dir='ltr' id='par_1_43' title="bbox 469 2622 2041 2695">
     <span class='ocr_line' id='line_1_43' title="bbox 469 2622 2041 2695; baseline -0.003 -15"><span class='ocrx_word' id='word_1_298' title='bbox 469 2628 591 2680; x_wconf 74' lang='lat' dir='ltr'><strong>liter</strong></span> <span class='ocrx_word' id='word_1_299' title='bbox 628 2637 747 2695; x_wconf 91' lang='lat' dir='ltr'><strong>post</strong></span> <span class='ocrx_word' id='word_1_300' title='bbox 781 2625 924 2679; x_wconf 83' lang='lat' dir='ltr'><strong>illam</strong></span> <span class='ocrx_word' id='word_1_301' title='bbox 964 2626 1143 2679; x_wconf 92' lang='lat' dir='ltr'><strong>ovium</strong></span> <span class='ocrx_word' id='word_1_302' title='bbox 1181 2624 1559 2679; x_wconf 85' lang='lat' dir='ltr'><strong>discretionem</strong></span> <span class='ocrx_word' id='word_1_303' title='bbox 1592 2623 1704 2678; x_wconf 75' lang='lat' dir='ltr'><strong>Rex</strong></span> <span class='ocrx_word' id='word_1_304' title='bbox 1746 2622 1831 2676; x_wconf 88' lang='lat' dir='ltr'><strong>hic</strong></span> <span class='ocrx_word' id='word_1_305' title='bbox 1873 2622 2041 2689; x_wconf 83' lang='lat' dir='ltr'><strong>intro-</strong></span> 
     </span>
    </p>
   </div>
   <div class='ocr_carea' id='block_1_44' title="bbox 466 2712 2035 2785">
    <p class='ocr_par' dir='ltr' id='par_1_44' title="bbox 466 2712 2035 2785">
     <span class='ocr_line' id='line_1_44' title="bbox 466 2712 2035 2785; baseline -0.003 -14"><span class='ocrx_word' id='word_1_306' title='bbox 466 2718 682 2772; x_wconf 76' lang='lat' dir='ltr'><strong>ducitur</strong></span> <span class='ocrx_word' id='word_1_307' title='bbox 718 2716 884 2772; x_wconf 88' lang='lat' dir='ltr'><strong>Filius</strong></span> <span class='ocrx_word' id='word_1_308' title='bbox 917 2717 1149 2771; x_wconf 88' lang='lat' dir='ltr'><strong>hominis</strong></span> <span class='ocrx_word' id='word_1_309' title='bbox 1187 2734 1201 2770; x_wconf 88' lang='lat'><strong>:</strong></span> <span class='ocrx_word' id='word_1_310' title='bbox 1243 2717 1411 2785; x_wconf 87' lang='lat' dir='ltr'><strong>ipsius</strong></span> <span class='ocrx_word' id='word_1_311' title='bbox 1451 2724 1629 2769; x_wconf 89' lang='lat' dir='ltr'><strong>autem</strong></span> <span class='ocrx_word' id='word_1_312' title='bbox 1677 2712 1834 2766; x_wconf 86' lang='lat' dir='ltr'><strong>Pater</strong></span> <span class='ocrx_word' id='word_1_313' title='bbox 1872 2712 2035 2767; x_wconf 78' lang='lat' dir='ltr'><strong>Deus.</strong></span> 
     </span>
    </p>
   </div>
   <div class='ocr_carea' id='block_1_45' title="bbox 464 2804 2035 2876">
    <p class='ocr_par' dir='ltr' id='par_1_45' title="bbox 464 2804 2035 2876">
     <span class='ocr_line' id='line_1_45' title="bbox 464 2804 2035 2876; baseline -0.006 -9"><span class='ocrx_word' id='word_1_314' title='bbox 464 2808 579 2867; x_wconf 83' lang='lat' dir='ltr'><strong>Hoc</strong></span> <span class='ocrx_word' id='word_1_315' title='bbox 610 2807 792 2863; x_wconf 91' lang='lat' dir='ltr'><strong>docuit</strong></span> <span class='ocrx_word' id='word_1_316' title='bbox 832 2808 945 2876; x_wconf 87' lang='lat' dir='ltr'><strong>ipse</strong></span> <span class='ocrx_word' id='word_1_317' title='bbox 979 2822 993 2859; x_wconf 89' lang='lat'><strong>:</strong></span> <span class='ocrx_word' id='word_1_318' title='bbox 1034 2806 1178 2862; x_wconf 81' lang='lat' dir='ltr'><strong>Tunc</strong></span> <span class='ocrx_word' id='word_1_319' title='bbox 1215 2808 1348 2861; x_wconf 86' lang='lat' dir='ltr'><strong>dicet</strong></span> <span class='ocrx_word' id='word_1_320' title='bbox 1380 2806 1491 2860; x_wconf 74' lang='lat' dir='ltr'><strong>Rex</strong></span> <span class='ocrx_word' id='word_1_321' title='bbox 1531 2807 1609 2859; x_wconf 82' lang='lat' dir='ltr'><strong>his</strong></span> <span class='ocrx_word' id='word_1_322' title='bbox 1654 2806 1743 2875; x_wconf 87' lang='lat' dir='ltr'><strong>qui</strong></span> <span class='ocrx_word' id='word_1_323' title='bbox 1775 2821 1807 2857; x_wconf 93' lang='lat' dir='ltr'><strong>a</strong></span> <span class='ocrx_word' id='word_1_324' title='bbox 1841 2804 2035 2857; x_wconf 71' lang='lat' dir='ltr'><strong>dextris</strong></span> 
     </span>
    </p>
   </div>
   <div class='ocr_carea' id='block_1_46' title="bbox 463 2894 2036 2968">
    <p class='ocr_par' dir='ltr' id='par_1_46' title="bbox 463 2894 2036 2968">
     <span class='ocr_line' id='line_1_46' title="bbox 463 2894 2036 2968; baseline -0.004 -14"><span class='ocrx_word' id='word_1_325' title='bbox 463 2901 576 2968; x_wconf 83' lang='lat' dir='ltr'><strong>ejus</strong></span> <span class='ocrx_word' id='word_1_326' title='bbox 599 2911 748 2953; x_wconf 85' lang='lat' dir='ltr'><strong>erunt</strong></span> <span class='ocrx_word' id='word_1_327' title='bbox 779 2915 798 2953; x_wconf 91' lang='lat'><strong><em>:</em></strong></span> <span class='ocrx_word' id='word_1_328' title='bbox 830 2898 1031 2965; x_wconf 83' lang='lat' dir='ltr'><strong>Venite,</strong></span> <span class='ocrx_word' id='word_1_329' title='bbox 1077 2899 1331 2952; x_wconf 83' lang='lat' dir='ltr'><strong>benedicti</strong></span> <span class='ocrx_word' id='word_1_330' title='bbox 1386 2896 1565 2950; x_wconf 82' lang='lat' dir='ltr'><strong>Patris</strong></span> <span class='ocrx_word' id='word_1_331' title='bbox 1612 2895 1731 2961; x_wconf 89' lang='lat' dir='ltr'><strong>mei,</strong></span> <span class='ocrx_word' id='word_1_332' title='bbox 1778 2894 2036 2963; x_wconf 85' lang='lat' dir='ltr'><strong>possidete</strong></span> 
     </span>
    </p>
   </div>
   <div class='ocr_carea' id='block_1_47' title="bbox 463 2980 2037 3057">
    <p class='ocr_par' dir='ltr' id='par_1_47' title="bbox 463 2980 2037 3057">
     <span class='ocr_line' id='line_1_47' title="bbox 463 2980 2037 3057; baseline -0.005 -15"><span class='ocrx_word' id='word_1_333' title='bbox 463 3000 704 3057; x_wconf 79' lang='lat' dir='ltr'><strong>paratum</strong></span> <span class='ocrx_word' id='word_1_334' title='bbox 732 2989 870 3042; x_wconf 75' lang='lat' dir='ltr'><strong>vobis</strong></span> <span class='ocrx_word' id='word_1_335' title='bbox 895 3004 1147 3056; x_wconf 87' lang='lat' dir='ltr'><strong>regnum;</strong></span> <span class='ocrx_word' id='word_1_336' title='bbox 1182 2985 1460 3056; x_wconf 78' lang='lat' dir='ltr'><strong>analogice</strong></span> <span class='ocrx_word' id='word_1_337' title='bbox 1492 2983 1556 3038; x_wconf 88' lang='lat' dir='ltr'><strong>ad</strong></span> <span class='ocrx_word' id='word_1_338' title='bbox 1592 2982 1720 3036; x_wconf 88' lang='lat' dir='ltr'><strong>illud</strong></span> <span class='ocrx_word' id='word_1_339' title='bbox 1750 2996 1780 3034; x_wconf 88' lang='lat' dir='ltr'><strong>a</strong></span> <span class='ocrx_word' id='word_1_340' title='bbox 1806 2980 2037 3050; x_wconf 60' lang='lat' dir='ltr'><strong>prophec</strong></span> 
     </span>
    </p>
   </div>
   <div class='ocr_carea' id='block_1_48' title="bbox 467 3074 2036 3148">
    <p class='ocr_par' dir='ltr' id='par_1_48' title="bbox 467 3074 2036 3148">
     <span class='ocr_line' id='line_1_48' title="bbox 467 3074 2036 3148; baseline -0.006 -15"><span class='ocrx_word' id='word_1_341' title='bbox 467 3091 519 3133; x_wconf 84' lang='lat' dir='ltr'><strong>ta</strong></span> <span class='ocrx_word' id='word_1_342' title='bbox 546 3082 769 3143; x_wconf 89' lang='lat' dir='ltr'><strong>dictum,</strong></span> <span class='ocrx_word' id='word_1_343' title='bbox 802 3080 893 3133; x_wconf 89' lang='lat' dir='ltr'><strong>ubi</strong></span> <span class='ocrx_word' id='word_1_344' title='bbox 930 3078 1099 3133; x_wconf 75' lang='lat' dir='ltr'><strong>David</strong></span> <span class='ocrx_word' id='word_1_345' title='bbox 1128 3078 1218 3148; x_wconf 85' lang='lat' dir='ltr'><strong>qui</strong></span> <span class='ocrx_word' id='word_1_346' title='bbox 1246 3077 1442 3131; x_wconf 85' lang='lat' dir='ltr'><strong>dicitur</strong></span> <span class='ocrx_word' id='word_1_347' title='bbox 1477 3083 1662 3143; x_wconf 84' lang='lat' dir='ltr'><strong>pastor</strong></span> <span class='ocrx_word' id='word_1_348' title='bbox 1699 3082 1752 3127; x_wconf 87' lang='lat' dir='ltr'><strong>et</strong></span> <span class='ocrx_word' id='word_1_349' title='bbox 1785 3074 2036 3141; x_wconf 79' lang='lat' dir='ltr'><strong>princeps</strong></span> 
     </span>
    </p>
   </div>
   <div class='ocr_carea' id='block_1_49' title="bbox 464 3166 2033 3237">
    <p class='ocr_par' dir='ltr' id='par_1_49' title="bbox 464 3166 2033 3237">
     <span class='ocr_line' id='line_1_49' title="bbox 464 3166 2033 3237; baseline -0.004 -14"><span class='ocrx_word' id='word_1_350' title='bbox 464 3171 675 3225; x_wconf 84' lang='lat' dir='ltr'><strong>futurus</strong></span> <span class='ocrx_word' id='word_1_351' title='bbox 697 3169 892 3224; x_wconf 88' lang='lat' dir='ltr'><strong>dicitur</strong></span> <span class='ocrx_word' id='word_1_352' title='bbox 916 3170 1118 3231; x_wconf 87' lang='lat' dir='ltr'><strong>ovium,</strong></span> <span class='ocrx_word' id='word_1_353' title='bbox 1159 3168 1248 3237; x_wconf 87' lang='lat' dir='ltr'><strong>qui</strong></span> <span class='ocrx_word' id='word_1_354' title='bbox 1294 3169 1394 3223; x_wconf 90' lang='lat' dir='ltr'><strong>sub</strong></span> <span class='ocrx_word' id='word_1_355' title='bbox 1433 3167 1648 3235; x_wconf 85' lang='lat' dir='ltr'><strong>auspice</strong></span> <span class='ocrx_word' id='word_1_356' title='bbox 1679 3166 1807 3229; x_wconf 89' lang='lat' dir='ltr'><strong>Deo,</strong></span> <span class='ocrx_word' id='word_1_357' title='bbox 1849 3172 2033 3234; x_wconf 86' lang='lat' dir='ltr'><strong>pastu-</strong></span> 
     </span>
    </p>
   </div>
   <div class='ocr_carea' id='block_1_50' title="bbox 465 3256 2032 3329">
    <p class='ocr_par' dir='ltr' id='par_1_50' title="bbox 465 3256 2032 3329">
     <span class='ocr_line' id='line_1_50' title="bbox 465 3256 2032 3329; baseline -0.004 -13"><span class='ocrx_word' id='word_1_358' title='bbox 465 3278 557 3318; x_wconf 92' lang='lat' dir='ltr'><strong>rus</strong></span> <span class='ocrx_word' id='word_1_359' title='bbox 610 3272 665 3318; x_wconf 88' lang='lat' dir='ltr'><strong>et</strong></span> <span class='ocrx_word' id='word_1_360' title='bbox 697 3264 999 3318; x_wconf 84' lang='lat' dir='ltr'><strong>directurus</strong></span> <span class='ocrx_word' id='word_1_361' title='bbox 1045 3271 1163 3316; x_wconf 71' lang='lat' dir='ltr'><strong>erat</strong></span> <span class='ocrx_word' id='word_1_362' title='bbox 1199 3274 1393 3329; x_wconf 88' lang='lat' dir='ltr'><strong>pecora</strong></span> <span class='ocrx_word' id='word_1_363' title='bbox 1428 3259 1540 3314; x_wconf 88' lang='lat' dir='ltr'><strong>Dei.</strong></span> <span class='ocrx_word' id='word_1_364' title='bbox 1581 3258 1753 3327; x_wconf 85' lang='lat' dir='ltr'><strong>Atque</strong></span> <span class='ocrx_word' id='word_1_365' title='bbox 1796 3257 1862 3311; x_wconf 90' lang='lat' dir='ltr'><strong>ad</strong></span> <span class='ocrx_word' id='word_1_366' title='bbox 1906 3256 2032 3310; x_wconf 84' lang='lat' dir='ltr'><strong>illud</strong></span> 
     </span>
    </p>
   </div>
   <div class='ocr_carea' id='block_1_51' title="bbox 2142 2073 3727 2149">
    <p class='ocr_par' dir='ltr' id='par_1_51' title="bbox 2142 2073 3727 2149">
     <span class='ocr_line' id='line_1_51' title="bbox 2142 2073 3727 2149; baseline -0.001 -20"><span class='ocrx_word' id='word_1_367' title='bbox 2142 2077 2263 2129; x_wconf 88' lang='grc' dir='ltr'>τότε</span> <span class='ocrx_word' id='word_1_368' title='bbox 2289 2077 2655 2149; x_wconf 79' lang='grc' dir='ltr'><strong>διαφερόντως</strong></span> <span class='ocrx_word' id='word_1_369' title='bbox 2700 2077 2791 2129; x_wconf 74' lang='grc' dir='ltr'><strong>καὶ</strong></span> <span class='ocrx_word' id='word_1_370' title='bbox 2824 2074 3144 2145; x_wconf 80' lang='grc' dir='ltr'><strong>κρειττόνως</strong></span> <span class='ocrx_word' id='word_1_371' title='bbox 3189 2076 3221 2145; x_wconf 81' lang='grc' dir='ltr'>ἢ</span> <span class='ocrx_word' id='word_1_372' title='bbox 3266 2073 3360 2127; x_wconf 83' lang='grc' dir='ltr'><strong>νῦν</strong></span> <span class='ocrx_word' id='word_1_373' title='bbox 3391 2076 3567 2146; x_wconf 80' lang='grc' dir='ltr'>ἀρχὴν</span> <span class='ocrx_word' id='word_1_374' title='bbox 3613 2074 3727 2138; x_wconf 75' lang='grc' dir='ltr'>ἕξει</span> 
     </span>
    </p>
   </div>
   <div class='ocr_carea' id='block_1_52' title="bbox 2142 2162 3727 2241">
    <p class='ocr_par' dir='ltr' id='par_1_52' title="bbox 2142 2162 3727 2241">
     <span class='ocr_line' id='line_1_52' title="bbox 2142 2162 3727 2241; baseline -0.004 -18"><span class='ocrx_word' id='word_1_375' title='bbox 2142 2169 2235 2222; x_wconf 81' lang='grc' dir='ltr'>τοῦ</span> <span class='ocrx_word' id='word_1_376' title='bbox 2287 2169 2591 2241; x_wconf 80' lang='grc' dir='ltr'><strong>βασιλεύειν</strong></span> <span class='ocrx_word' id='word_1_377' title='bbox 2622 2168 2730 2220; x_wconf 87' lang='grc' dir='ltr'>τῶν</span> <span class='ocrx_word' id='word_1_378' title='bbox 2777 2167 2875 2236; x_wconf 78' lang='grc' dir='ltr'><strong>τῆς</strong></span> <span class='ocrx_word' id='word_1_379' title='bbox 2914 2165 3311 2237; x_wconf 79' lang='grc' dir='ltr'><strong>μακαριότητος</strong></span> <span class='ocrx_word' id='word_1_380' title='bbox 3347 2162 3533 2229; x_wconf 77' lang='grc' dir='ltr'><strong>ἀξίων.</strong></span> <span class='ocrx_word' id='word_1_381' title='bbox 3587 2165 3727 2217; x_wconf 74' lang='grc' dir='ltr'><strong>Τού-</strong></span> 
     </span>
    </p>
   </div>
   <div class='ocr_carea' id='block_1_53' title="bbox 2140 2250 3725 2333">
    <p class='ocr_par' dir='ltr' id='par_1_53' title="bbox 2140 2250 3725 2333">
     <span class='ocr_line' id='line_1_53' title="bbox 2140 2250 3725 2333; baseline -0.004 -20"><span class='ocrx_word' id='word_1_382' title='bbox 2140 2278 2254 2323; x_wconf 83' lang='grc' dir='ltr'><strong>τοις</strong></span> <span class='ocrx_word' id='word_1_383' title='bbox 2287 2262 2552 2333; x_wconf 82' lang='grc' dir='ltr'><strong>μαρτυρεῖ</strong></span> <span class='ocrx_word' id='word_1_384' title='bbox 2581 2258 2640 2311; x_wconf 80' lang='grc' dir='ltr'>τὸ</span> <span class='ocrx_word' id='word_1_385' title='bbox 2670 2256 3016 2326; x_wconf 81' lang='grc' dir='ltr'><strong>Εὐαγγέλιον,</strong></span> <span class='ocrx_word' id='word_1_386' title='bbox 3048 2258 3105 2309; x_wconf 81' lang='grc' dir='ltr'><strong>ὲν</strong></span> <span class='ocrx_word' id='word_1_387' title='bbox 3147 2250 3227 2319; x_wconf 72' lang='grc' dir='ltr'><strong>οἷς</strong></span> <span class='ocrx_word' id='word_1_388' title='bbox 3258 2254 3418 2318; x_wconf 75' lang='grc' dir='ltr'>αὐτὸς</span> <span class='ocrx_word' id='word_1_389' title='bbox 3450 2258 3725 2326; x_wconf 76' lang='grc' dir='ltr'>ἐπισφρα-</span> 
     </span>
    </p>
   </div>
   <div class='ocr_carea' id='block_1_54' title="bbox 2139 2347 3724 2421">
    <p class='ocr_par' dir='ltr' id='par_1_54' title="bbox 2139 2347 3724 2421">
     <span class='ocr_line' id='line_1_54' title="bbox 2139 2347 3724 2421; baseline -0.002 -17"><span class='ocrx_word' id='word_1_390' title='bbox 2139 2352 2353 2420; x_wconf 76' lang='grc' dir='ltr'>γὶζεται</span> <span class='ocrx_word' id='word_1_391' title='bbox 2389 2353 2418 2404; x_wconf 91' lang='lat'><strong>6</strong></span> <span class='ocrx_word' id='word_1_392' title='bbox 2450 2350 2639 2421; x_wconf 83' lang='grc' dir='ltr'>Σωτὴρ</span> <span class='ocrx_word' id='word_1_393' title='bbox 2682 2350 2780 2413; x_wconf 80' lang='grc' dir='ltr'>τὰς</span> <span class='ocrx_word' id='word_1_394' title='bbox 2825 2348 2935 2421; x_wconf 74' lang='grc'>(41)</span> <span class='ocrx_word' id='word_1_395' title='bbox 2990 2347 3329 2421; x_wconf 84' lang='grc' dir='ltr'>προφητικὰς</span> <span class='ocrx_word' id='word_1_396' title='bbox 3374 2347 3547 2413; x_wconf 79' lang='grc' dir='ltr'><strong>λέξεις</strong></span> <span class='ocrx_word' id='word_1_397' title='bbox 3593 2350 3724 2409; x_wconf 71' lang='grc' dir='ltr'>τοὺς</span> 
     </span>
    </p>
   </div>
   <div class='ocr_carea' id='block_1_55' title="bbox 2140 2439 3726 2515">
    <p class='ocr_par' dir='ltr' id='par_1_55' title="bbox 2140 2439 3726 2515">
     <span class='ocr_line' id='line_1_55' title="bbox 2140 2439 3726 2515; baseline -0.003 -19"><span class='ocrx_word' id='word_1_398' title='bbox 2140 2445 2269 2515; x_wconf 84' lang='grc' dir='ltr'><strong>περὶ</strong></span> <span class='ocrx_word' id='word_1_399' title='bbox 2314 2443 2621 2507; x_wconf 80' lang='grc' dir='ltr'>συντελείας</span> <span class='ocrx_word' id='word_1_400' title='bbox 2654 2441 2845 2510; x_wconf 82' lang='grc' dir='ltr'>λόγους</span> <span class='ocrx_word' id='word_1_401' title='bbox 2878 2440 3202 2512; x_wconf 82' lang='grc' dir='ltr'>παραδιδοὺς</span> <span class='ocrx_word' id='word_1_402' title='bbox 3232 2443 3343 2502; x_wconf 84' lang='grc' dir='ltr'>τοῖς</span> <span class='ocrx_word' id='word_1_403' title='bbox 3386 2439 3578 2492; x_wconf 77' lang='grc' dir='ltr'>ἑαυτοῦ</span> <span class='ocrx_word' id='word_1_404' title='bbox 3628 2459 3726 2509; x_wconf 82' lang='grc' dir='ltr'><strong>μα-</strong></span> 
     </span>
    </p>
   </div>
   <div class='ocr_carea' id='block_1_56' title="bbox 2138 2526 3721 2604">
    <p class='ocr_par' dir='ltr' id='par_1_56' title="bbox 2138 2526 3721 2604">
     <span class='ocr_line' id='line_1_56' title="bbox 2138 2526 3721 2604; baseline -0.004 -18"><span class='ocrx_word' id='word_1_405' title='bbox 2138 2532 2347 2604; x_wconf 85' lang='grc' dir='ltr'><strong>Θηταῖς,</strong></span> <span class='ocrx_word' id='word_1_406' title='bbox 2378 2533 2445 2587; x_wconf 77' lang='grc' dir='ltr'><strong>δι’</strong></span> <span class='ocrx_word' id='word_1_407' title='bbox 2475 2526 2550 2587; x_wconf 87' lang='grc' dir='ltr'><strong>ὧν</strong></span> <span class='ocrx_word' id='word_1_408' title='bbox 2581 2532 2731 2586; x_wconf 81' lang='grc' dir='ltr'>ταῦτ’</span> <span class='ocrx_word' id='word_1_409' title='bbox 2765 2530 3007 2583; x_wconf 75' lang='grc' dir='ltr'><strong>ἐδίδασκε</strong></span> <span class='ocrx_word' id='word_1_410' title='bbox 3038 2530 3227 2599; x_wconf 78' lang='grc' dir='ltr'><strong>λέγων’</strong></span> <span class='ocrx_word' id='word_1_411' title='bbox 3266 2530 3447 2582; x_wconf 86' lang='grc' dir='ltr'><em>Ὅταν</em></span> <span class='ocrx_word' id='word_1_412' title='bbox 3469 2529 3538 2581; x_wconf 88' lang='grc' dir='ltr'><em>δὲ</em></span> <span class='ocrx_word' id='word_1_413' title='bbox 3569 2529 3721 2597; x_wconf 77' lang='grc' dir='ltr'><strong>ἔλθῃ</strong></span> 
     </span>
    </p>
   </div>
   <div class='ocr_carea' id='block_1_57' title="bbox 2137 2620 3719 2692">
    <p class='ocr_par' dir='ltr' id='par_1_57' title="bbox 2137 2620 3719 2692">
     <span class='ocr_line' id='line_1_57' title="bbox 2137 2620 3719 2692; baseline -0.002 -15"><span class='ocrx_word' id='word_1_414' title='bbox 2137 2627 2170 2677; x_wconf 89' lang='grc' dir='ltr'><strong>ό</strong></span> <span class='ocrx_word' id='word_1_415' title='bbox 2214 2624 2345 2691; x_wconf 82' lang='grc' dir='ltr'><em>Υἱὸς</em></span> <span class='ocrx_word' id='word_1_416' title='bbox 2392 2624 2500 2678; x_wconf 86' lang='grc' dir='ltr'><strong>τοῦ</strong></span> <span class='ocrx_word' id='word_1_417' title='bbox 2546 2622 2860 2691; x_wconf 80' lang='grc' dir='ltr'><em>ἀνθρώπου</em></span> <span class='ocrx_word' id='word_1_418' title='bbox 2906 2623 2976 2675; x_wconf 84' lang='grc' dir='ltr'><em>ἐν</em></span> <span class='ocrx_word' id='word_1_419' title='bbox 3023 2620 3099 2691; x_wconf 80' lang='grc' dir='ltr'>τῇ</span> <span class='ocrx_word' id='word_1_420' title='bbox 3152 2622 3301 2692; x_wconf 81' lang='grc' dir='ltr'><strong>δόξῃ</strong></span> <span class='ocrx_word' id='word_1_421' title='bbox 3354 2622 3561 2685; x_wconf 75' lang='grc' dir='ltr'>αὑτοῦ,</span> <span class='ocrx_word' id='word_1_422' title='bbox 3621 2622 3719 2675; x_wconf 72' lang='grc' dir='ltr'><strong>καὶ</strong></span> 
     </span>
    </p>
   </div>
   <div class='ocr_carea' id='block_1_58' title="bbox 2137 2714 3718 2785">
    <p class='ocr_par' dir='ltr' id='par_1_58' title="bbox 2137 2714 3718 2785">
     <span class='ocr_line' id='line_1_58' title="bbox 2137 2714 3718 2785; baseline -0.002 -16"><span class='ocrx_word' id='word_1_423' title='bbox 2137 2715 2359 2781; x_wconf 83' lang='grc' dir='ltr'><em>πάντες</em></span> <span class='ocrx_word' id='word_1_424' title='bbox 2385 2719 2441 2769; x_wconf 80' lang='grc' dir='ltr'><strong>οἱ</strong></span> <span class='ocrx_word' id='word_1_425' title='bbox 2469 2715 2711 2785; x_wconf 79' lang='grc' dir='ltr'><em>ἄγγελοι</em></span> <span class='ocrx_word' id='word_1_426' title='bbox 2745 2717 2870 2784; x_wconf 85' lang='grc' dir='ltr'><em>μετ’</em></span> <span class='ocrx_word' id='word_1_427' title='bbox 2905 2714 3111 2779; x_wconf 86' lang='grc' dir='ltr'>αὑτοῦ,</span> <span class='ocrx_word' id='word_1_428' title='bbox 3154 2716 3287 2768; x_wconf 86' lang='grc' dir='ltr'>τότε</span> <span class='ocrx_word' id='word_1_429' title='bbox 3328 2716 3561 2768; x_wconf 71' lang='grc' dir='ltr'><em>καθίσει</em></span> <span class='ocrx_word' id='word_1_430' title='bbox 3618 2714 3718 2767; x_wconf 75' lang='grc' dir='ltr'><strong>ἐπὶ</strong></span> 
     </span>
    </p>
   </div>
   <div class='ocr_carea' id='block_1_59' title="bbox 2136 2807 3720 2877">
    <p class='ocr_par' dir='ltr' id='par_1_59' title="bbox 2136 2807 3720 2877">
     <span class='ocr_line' id='line_1_59' title="bbox 2136 2807 3720 2877; baseline -0.003 -14"><span class='ocrx_word' id='word_1_431' title='bbox 2136 2810 2353 2876; x_wconf 79' lang='grc' dir='ltr'><strong>θρόνου</strong></span> <span class='ocrx_word' id='word_1_432' title='bbox 2382 2807 2566 2877; x_wconf 78' lang='grc' dir='ltr'><em>δόξης</em></span> <span class='ocrx_word' id='word_1_433' title='bbox 2607 2808 2812 2873; x_wconf 84' lang='grc' dir='ltr'>αὑτοῦ,</span> <span class='ocrx_word' id='word_1_434' title='bbox 2852 2810 2947 2862; x_wconf 78' lang='grc' dir='ltr'><strong>καὶ</strong></span> <span class='ocrx_word' id='word_1_435' title='bbox 2981 2808 3472 2877; x_wconf 79' lang='grc' dir='ltr'><strong>συναχθήσονται</strong></span> <span class='ocrx_word' id='word_1_436' title='bbox 3500 2809 3720 2876; x_wconf 50' lang='lat' dir='ltr'><strong>sympo-</strong></span> 
     </span>
    </p>
   </div>
   <div class='ocr_carea' id='block_1_60' title="bbox 2137 2896 3719 2966">
    <p class='ocr_par' dir='ltr' id='par_1_60' title="bbox 2137 2896 3719 2966">
     <span class='ocr_line' id='line_1_60' title="bbox 2137 2896 3719 2966; baseline -0.001 -16"><span class='ocrx_word' id='word_1_437' title='bbox 2137 2900 2286 2951; x_wconf 86' lang='grc' dir='ltr'><em>σθεν</em></span> <span class='ocrx_word' id='word_1_438' title='bbox 2321 2899 2509 2952; x_wconf 83' lang='grc' dir='ltr'>αὐτοῦ</span> <span class='ocrx_word' id='word_1_439' title='bbox 2556 2896 2751 2951; x_wconf 79' lang='grc' dir='ltr'>πάντα</span> <span class='ocrx_word' id='word_1_440' title='bbox 2788 2898 2860 2952; x_wconf 83' lang='grc' dir='ltr'>τὰ</span> <span class='ocrx_word' id='word_1_441' title='bbox 2907 2900 3050 2965; x_wconf 77' lang='grc' dir='ltr'><strong>ἔθνη</strong></span> <span class='ocrx_word' id='word_1_442' title='bbox 3073 2913 3088 2929; x_wconf 80' lang='lat'><strong><em>°</em></strong></span> <span class='ocrx_word' id='word_1_443' title='bbox 3112 2898 3209 2951; x_wconf 80' lang='grc' dir='ltr'><strong>καὶ</strong></span> <span class='ocrx_word' id='word_1_444' title='bbox 3241 2896 3471 2966; x_wconf 68' lang='grc' dir='ltr'><em>ἀφοριεῐ</em></span> <span class='ocrx_word' id='word_1_445' title='bbox 3494 2896 3719 2961; x_wconf 78' lang='grc' dir='ltr'><em>αὐτοὺς</em></span> 
     </span>
    </p>
   </div>
   <div class='ocr_carea' id='block_1_61' title="bbox 2135 2987 3719 3058">
    <p class='ocr_par' dir='ltr' id='par_1_61' title="bbox 2135 2987 3719 3058">
     <span class='ocr_line' id='line_1_61' title="bbox 2135 2987 3719 3058; baseline -0.001 -16"><span class='ocrx_word' id='word_1_446' title='bbox 2135 2988 2235 3042; x_wconf 83' lang='grc' dir='ltr'><strong>ἀπ’</strong></span> <span class='ocrx_word' id='word_1_447' title='bbox 2269 2988 2578 3055; x_wconf 79' lang='grc' dir='ltr'><em>ἀλλήλων,</em></span> <span class='ocrx_word' id='word_1_448' title='bbox 2617 2988 2821 3058; x_wconf 81' lang='grc' dir='ltr'><em>ὥσπερ</em></span> <span class='ocrx_word' id='word_1_449' title='bbox 2867 2991 2899 3041; x_wconf 88' lang='grc' dir='ltr'><strong>ό</strong></span> <span class='ocrx_word' id='word_1_450' title='bbox 2940 2987 3163 3058; x_wconf 78' lang='grc' dir='ltr'><em>ποιμὴν</em></span> <span class='ocrx_word' id='word_1_451' title='bbox 3193 2987 3445 3057; x_wconf 66' lang='grc' dir='ltr'><em>ἀφορίζει</em></span> <span class='ocrx_word' id='word_1_452' title='bbox 3478 2987 3550 3041; x_wconf 86' lang='grc' dir='ltr'>τὰ</span> <span class='ocrx_word' id='word_1_453' title='bbox 3576 2989 3719 3054; x_wconf 75' lang='grc' dir='ltr'>πρό-</span> 
     </span>
    </p>
   </div>
   <div class='ocr_carea' id='block_1_62' title="bbox 2138 3079 3717 3149">
    <p class='ocr_par' dir='ltr' id='par_1_62' title="bbox 2138 3079 3717 3149">
     <span class='ocr_line' id='line_1_62' title="bbox 2138 3079 3717 3149; baseline -0.001 -16"><span class='ocrx_word' id='word_1_454' title='bbox 2138 3080 2285 3133; x_wconf 78' lang='grc' dir='ltr'>ϐατα</span> <span class='ocrx_word' id='word_1_455' title='bbox 2309 3079 2427 3134; x_wconf 78' lang='grc' dir='ltr'><strong>ἀπὸ</strong></span> <span class='ocrx_word' id='word_1_456' title='bbox 2463 3080 2582 3134; x_wconf 87' lang='grc' dir='ltr'><em>τῶν</em></span> <span class='ocrx_word' id='word_1_457' title='bbox 2627 3080 2865 3149; x_wconf 64' lang='grc' dir='ltr'><em>ἐρίφων,</em></span> <span class='ocrx_word' id='word_1_458' title='bbox 2917 3082 3015 3135; x_wconf 78' lang='grc' dir='ltr'><strong>καὶ</strong></span> <span class='ocrx_word' id='word_1_459' title='bbox 3062 3081 3275 3147; x_wconf 80' lang='grc' dir='ltr'>στήσει</span> <span class='ocrx_word' id='word_1_460' title='bbox 3326 3080 3396 3133; x_wconf 89' lang='grc' dir='ltr'>τὰ</span> <span class='ocrx_word' id='word_1_461' title='bbox 3433 3079 3550 3147; x_wconf 76' lang='grc' dir='ltr'><em>μὲν</em></span> <span class='ocrx_word' id='word_1_462' title='bbox 3583 3081 3717 3147; x_wconf 62' lang='grc' dir='ltr'>πρός</span> 
     </span>
    </p>
   </div>
   <div class='ocr_carea' id='block_1_63' title="bbox 2141 3170 3710 3251">
    <p class='ocr_par' dir='ltr' id='par_1_63' title="bbox 2141 3170 3710 3251">
     <span class='ocr_line' id='line_1_63' title="bbox 2141 3170 3710 3251; baseline 0.001 -28"><span class='ocrx_word' id='word_1_463' title='bbox 2141 3172 2285 3251; x_wconf 70' lang='grc' dir='ltr'>ϐατα</span> <span class='ocrx_word' id='word_1_464' title='bbox 2305 3171 2371 3224; x_wconf 81' lang='grc' dir='ltr'>ἐκ</span> <span class='ocrx_word' id='word_1_465' title='bbox 2388 3170 2601 3236; x_wconf 80' lang='grc' dir='ltr'><em>δεξιῶν</em></span> <span class='ocrx_word' id='word_1_466' title='bbox 2626 3170 2833 3235; x_wconf 82' lang='grc' dir='ltr'>αὐτοῦ,</span> <span class='ocrx_word' id='word_1_467' title='bbox 2862 3173 2934 3225; x_wconf 87' lang='grc' dir='ltr'>τὰ</span> <span class='ocrx_word' id='word_1_468' title='bbox 2966 3171 3034 3225; x_wconf 78' lang='grc' dir='ltr'><em>δὲ</em></span> <span class='ocrx_word' id='word_1_469' title='bbox 3064 3173 3263 3241; x_wconf 64' lang='grc' dir='ltr'><strong>ἐρίφια</strong></span> <span class='ocrx_word' id='word_1_470' title='bbox 3286 3171 3353 3237; x_wconf 78' lang='grc' dir='ltr'><strong>ἐξ</strong></span> <span class='ocrx_word' id='word_1_471' title='bbox 3368 3174 3710 3240; x_wconf 77' lang='grc' dir='ltr'><em>εὐωνύμων·</em></span> 
     </span>
    </p>
   </div>
   <div class='ocr_carea' id='block_1_64' title="bbox 2137 3261 3716 3328">
    <p class='ocr_par' dir='ltr' id='par_1_64' title="bbox 2137 3261 3716 3328">
     <span class='ocr_line' id='line_1_64' title="bbox 2137 3261 3716 3328; baseline 0.001 -15"><span class='ocrx_word' id='word_1_472' title='bbox 2137 3263 2269 3314; x_wconf 90' lang='grc' dir='ltr'>τότε</span> <span class='ocrx_word' id='word_1_473' title='bbox 2291 3261 2461 3328; x_wconf 83' lang='grc' dir='ltr'><em>ἐρεῐό</em></span> <span class='ocrx_word' id='word_1_474' title='bbox 2489 3261 2789 3327; x_wconf 79' lang='grc' dir='ltr'><em>βασιλεὺς</em></span> <span class='ocrx_word' id='word_1_475' title='bbox 2811 3262 2934 3327; x_wconf 86' lang='grc' dir='ltr'><em>τοῖς</em></span> <span class='ocrx_word' id='word_1_476' title='bbox 2956 3263 3024 3316; x_wconf 79' lang='grc' dir='ltr'>ἐκ</span> <span class='ocrx_word' id='word_1_477' title='bbox 3057 3262 3270 3327; x_wconf 82' lang='grc' dir='ltr'><strong>δεξιῶν</strong></span> <span class='ocrx_word' id='word_1_478' title='bbox 3303 3262 3512 3316; x_wconf 80' lang='grc' dir='ltr'><strong>αὑτοῦ·</strong></span> <span class='ocrx_word' id='word_1_479' title='bbox 3536 3261 3716 3315; x_wconf 80' lang='grc' dir='ltr'>Δεῦτε</span> 
     </span>
    </p>
   </div>
   <div class='ocr_carea' id='block_1_65' title="bbox 463 3346 2038 3423">
    <p class='ocr_par' dir='ltr' id='par_1_65' title="bbox 463 3346 2038 3423">
     <span class='ocr_line' id='line_1_65' title="bbox 463 3346 2038 3423; baseline -0.006 -16"><span class='ocrx_word' id='word_1_480' title='bbox 463 3369 677 3423; x_wconf 88' lang='lat' dir='ltr'><strong>quoque</strong></span> <span class='ocrx_word' id='word_1_481' title='bbox 730 3354 943 3409; x_wconf 87' lang='lat' dir='ltr'><strong>animus</strong></span> <span class='ocrx_word' id='word_1_482' title='bbox 1008 3352 1386 3413; x_wconf 86' lang='lat' dir='ltr'><strong>advertendus,</strong></span> <span class='ocrx_word' id='word_1_483' title='bbox 1432 3348 1576 3419; x_wconf 88' lang='lat' dir='ltr'><strong>quod</strong></span> <span class='ocrx_word' id='word_1_484' title='bbox 1623 3350 1822 3403; x_wconf 88' lang='lat' dir='ltr'><strong>dictum</strong></span> <span class='ocrx_word' id='word_1_485' title='bbox 1853 3356 1937 3403; x_wconf 87' lang='lat' dir='ltr'><strong>est</strong></span> <span class='ocrx_word' id='word_1_486' title='bbox 1972 3346 2038 3399; x_wconf 90' lang='lat' dir='ltr'><strong>ah</strong></span> 
     </span>
    </p>
   </div>
   <div class='ocr_carea' id='block_1_66' title="bbox 2140 3346 3714 3423">
    <p class='ocr_par' dir='ltr' id='par_1_66' title="bbox 2140 3352 3714 3422">
     <span class='ocr_line' id='line_1_66' title="bbox 2140 3352 3714 3422; baseline 0.003 -19"><span class='ocrx_word' id='word_1_487' title='bbox 2140 3353 2193 3403; x_wconf 76' lang='grc' dir='ltr'><em>οὶ</em></span> <span class='ocrx_word' id='word_1_488' title='bbox 2231 3352 2622 3421; x_wconf 74' lang='grc' dir='ltr'><strong>εὐλογημένοι</strong></span> <span class='ocrx_word' id='word_1_489' title='bbox 2651 3352 2757 3406; x_wconf 85' lang='grc' dir='ltr'><strong>τοῦ</strong></span> <span class='ocrx_word' id='word_1_490' title='bbox 2784 3356 3015 3421; x_wconf 83' lang='grc' dir='ltr'>Πατρός</span> <span class='ocrx_word' id='word_1_491' title='bbox 3042 3370 3182 3422; x_wconf 90' lang='grc' dir='ltr'><em>μου,</em></span> <span class='ocrx_word' id='word_1_492' title='bbox 3216 3352 3714 3422; x_wconf 81' lang='grc' dir='ltr'><strong>κληρονομήσατε</strong></span> 
     </span>
    </p>
   </div>
   <div class='ocr_carea' id='block_1_67' title="bbox 462 3440 2034 3513">
    <p class='ocr_par' dir='ltr' id='par_1_67' title="bbox 462 3440 2034 3513">
     <span class='ocr_line' id='line_1_67' title="bbox 462 3440 2034 3513; baseline -0.007 -13"><span class='ocrx_word' id='word_1_493' title='bbox 462 3444 741 3513; x_wconf 80' lang='lat' dir='ltr'><strong>Apostolo,</strong></span> <span class='ocrx_word' id='word_1_494' title='bbox 770 3444 899 3497; x_wconf 88' lang='lat' dir='ltr'><strong>Cum</strong></span> <span class='ocrx_word' id='word_1_495' title='bbox 954 3442 1278 3496; x_wconf 78' lang='lat' dir='ltr'><strong>evacuaverit</strong></span> <span class='ocrx_word' id='word_1_496' title='bbox 1330 3456 1531 3493; x_wconf 87' lang='lat' dir='ltr'><strong>omnem</strong></span> <span class='ocrx_word' id='word_1_497' title='bbox 1584 3440 1935 3508; x_wconf 87' lang='lat' dir='ltr'><strong>principatum</strong></span> <span class='ocrx_word' id='word_1_498' title='bbox 1988 3446 2034 3490; x_wconf 90' lang='lat' dir='ltr'><strong>et</strong></span> 
     </span>
    </p>
   </div>
   <div class='ocr_carea' id='block_1_68' title="bbox 463 3530 2037 3603">
    <p class='ocr_par' dir='ltr' id='par_1_68' title="bbox 463 3530 2037 3603">
     <span class='ocr_line' id='line_1_68' title="bbox 463 3530 2037 3603; baseline -0.005 -14"><span class='ocrx_word' id='word_1_499' title='bbox 463 3552 663 3589; x_wconf 89' lang='lat' dir='ltr'><strong>omnem</strong></span> <span class='ocrx_word' id='word_1_500' title='bbox 689 3544 991 3603; x_wconf 85' lang='lat' dir='ltr'><strong>potestatem</strong></span> <span class='ocrx_word' id='word_1_501' title='bbox 1020 3543 1066 3586; x_wconf 89' lang='lat' dir='ltr'><strong>et</strong></span> <span class='ocrx_word' id='word_1_502' title='bbox 1089 3534 1323 3586; x_wconf 84' lang='lat' dir='ltr'><strong>virtutem</strong></span> <span class='ocrx_word' id='word_1_503' title='bbox 1341 3532 1405 3584; x_wconf 85' lang='grc'><strong>³³.</strong></span> <span class='ocrx_word' id='word_1_504' title='bbox 1434 3530 1699 3599; x_wconf 82' lang='lat' dir='ltr'><strong>Propheta</strong></span> <span class='ocrx_word' id='word_1_505' title='bbox 1724 3545 1934 3598; x_wconf 90' lang='lat' dir='ltr'><strong>quoque</strong></span> <span class='ocrx_word' id='word_1_506' title='bbox 1956 3531 2037 3582; x_wconf 81' lang='lat' dir='ltr'><strong>in-</strong></span> 
     </span>
    </p>
   </div>
   <div class='ocr_carea' id='block_1_69' title="bbox 463 3620 2035 3694">
    <p class='ocr_par' dir='ltr' id='par_1_69' title="bbox 463 3620 2035 3694">
     <span class='ocr_line' id='line_1_69' title="bbox 463 3620 2035 3694; baseline -0.004 -14"><span class='ocrx_word' id='word_1_507' title='bbox 463 3628 723 3691; x_wconf 89' lang='lat' dir='ltr'><strong>sinuavit,</strong></span> <span class='ocrx_word' id='word_1_508' title='bbox 764 3626 1030 3694; x_wconf 86' lang='lat' dir='ltr'><strong>inquiens,</strong></span> <span class='ocrx_word' id='word_1_509' title='bbox 1058 3621 1126 3673; x_wconf 88' lang='lat' dir='ltr'><strong>Et</strong></span> <span class='ocrx_word' id='word_1_510' title='bbox 1151 3621 1328 3675; x_wconf 86' lang='lat' dir='ltr'><strong>delebo</strong></span> <span class='ocrx_word' id='word_1_511' title='bbox 1362 3620 1529 3674; x_wconf 88' lang='lat' dir='ltr'><strong>malas</strong></span> <span class='ocrx_word' id='word_1_512' title='bbox 1560 3621 1752 3674; x_wconf 88' lang='lat' dir='ltr'><strong>bestias</strong></span> <span class='ocrx_word' id='word_1_513' title='bbox 1777 3637 1949 3674; x_wconf 88' lang='lat' dir='ltr'><strong>omnes</strong></span> <span class='ocrx_word' id='word_1_514' title='bbox 1971 3620 2035 3674; x_wconf 89' lang='lat' dir='ltr'><strong>de</strong></span> 
     </span>
    </p>
   </div>
   <div class='ocr_carea' id='block_1_70' title="bbox 462 3711 2033 3781">
    <p class='ocr_par' dir='ltr' id='par_1_70' title="bbox 462 3711 2033 3781">
     <span class='ocr_line' id='line_1_70' title="bbox 462 3711 2033 3781; baseline -0.001 -14"><span class='ocrx_word' id='word_1_515' title='bbox 462 3717 684 3771; x_wconf 74' lang='lat' dir='ltr'><strong>terra“.</strong></span> <span class='ocrx_word' id='word_1_516' title='bbox 723 3715 973 3781; x_wconf 65' lang='lat' dir='ltr'><strong>Quaenam</strong></span> <span class='ocrx_word' id='word_1_517' title='bbox 1022 3714 1219 3768; x_wconf 82' lang='lat' dir='ltr'><strong>iuerint</strong></span> <span class='ocrx_word' id='word_1_518' title='bbox 1266 3722 1444 3767; x_wconf 88' lang='lat' dir='ltr'><strong>autem</strong></span> <span class='ocrx_word' id='word_1_519' title='bbox 1501 3711 1604 3765; x_wconf 69' lang='lat' dir='ltr'><strong>illa:</strong></span> <span class='ocrx_word' id='word_1_520' title='bbox 1659 3711 1865 3777; x_wconf 57' lang='lat' dir='ltr'><strong>bestia,</strong></span> <span class='ocrx_word' id='word_1_521' title='bbox 1916 3728 2033 3781; x_wconf 72' lang='lat' dir='ltr'><strong>qua:</strong></span> 
     </span>
    </p>
   </div>
   <div class='ocr_carea' id='block_1_71' title="bbox 462 3805 2034 3872">
    <p class='ocr_par' dir='ltr' id='par_1_71' title="bbox 462 3805 2034 3872">
     <span class='ocr_line' id='line_1_71' title="bbox 462 3805 2034 3872; baseline -0.004 -10"><span class='ocrx_word' id='word_1_522' title='bbox 462 3809 589 3863; x_wconf 87' lang='lat' dir='ltr'><strong>olim</strong></span> <span class='ocrx_word' id='word_1_523' title='bbox 631 3808 968 3862; x_wconf 80' lang='lat' dir='ltr'><strong>facessebant</strong></span> <span class='ocrx_word' id='word_1_524' title='bbox 998 3807 1293 3860; x_wconf 86' lang='lat' dir='ltr'><strong>molestiam</strong></span> <span class='ocrx_word' id='word_1_525' title='bbox 1314 3805 1523 3869; x_wconf 88' lang='lat' dir='ltr'><strong>ovibus,</strong></span> <span class='ocrx_word' id='word_1_526' title='bbox 1555 3818 1713 3872; x_wconf 86' lang='lat' dir='ltr'><strong>quam</strong></span> <span class='ocrx_word' id='word_1_527' title='bbox 1744 3812 2034 3871; x_wconf 87' lang='lat' dir='ltr'><strong>potestates</strong></span> 
     </span>
    </p>
   </div>
   <div class='ocr_carea' id='block_1_72' title="bbox 462 3894 2030 3968">
    <p class='ocr_par' dir='ltr' id='par_1_72' title="bbox 462 3894 2030 3968">
     <span class='ocr_line' id='line_1_72' title="bbox 462 3894 2030 3968; baseline -0.004 -16"><span class='ocrx_word' id='word_1_528' title='bbox 462 3902 527 3952; x_wconf 82' lang='lat' dir='ltr'><strong>ad</strong></span> <span class='ocrx_word' id='word_1_529' title='bbox 560 3899 863 3968; x_wconf 84' lang='lat' dir='ltr'><strong>oppositum</strong></span> <span class='ocrx_word' id='word_1_530' title='bbox 898 3899 1203 3953; x_wconf 73' lang='lat' dir='ltr'><strong>constituta:</strong></span> <span class='ocrx_word' id='word_1_531' title='bbox 1233 3914 1247 3951; x_wconf 89' lang='lat'><strong>:</strong></span> <span class='ocrx_word' id='word_1_532' title='bbox 1289 3910 1406 3964; x_wconf 67' lang='lat' dir='ltr'><strong>qua:</strong></span> <span class='ocrx_word' id='word_1_533' title='bbox 1442 3911 1563 3950; x_wconf 91' lang='lat' dir='ltr'><strong>cum</strong></span> <span class='ocrx_word' id='word_1_534' title='bbox 1588 3911 1619 3950; x_wconf 92' lang='lat' dir='ltr'><strong>e</strong></span> <span class='ocrx_word' id='word_1_535' title='bbox 1647 3895 1825 3949; x_wconf 73' lang='lat' dir='ltr'><strong>ttiedio</strong></span> <span class='ocrx_word' id='word_1_536' title='bbox 1849 3894 2030 3949; x_wconf 88' lang='lat' dir='ltr'><strong>subla-</strong></span> 
     </span>
    </p>
   </div>
   <div class='ocr_carea' id='block_1_73' title="bbox 460 3986 2030 4063">
    <p class='ocr_par' dir='ltr' id='par_1_73' title="bbox 460 3986 2030 4063">
     <span class='ocr_line' id='line_1_73' title="bbox 460 3986 2030 4063; baseline -0.004 -19"><span class='ocrx_word' id='word_1_537' title='bbox 460 4003 528 4045; x_wconf 64' lang='lat' dir='ltr'><strong>tae</strong></span> <span class='ocrx_word' id='word_1_538' title='bbox 578 3990 795 4057; x_wconf 82' lang='lat' dir='ltr'><strong>fuerint,</strong></span> <span class='ocrx_word' id='word_1_539' title='bbox 843 4004 1035 4043; x_wconf 84' lang='lat' dir='ltr'><strong>novum</strong></span> <span class='ocrx_word' id='word_1_540' title='bbox 1072 3988 1197 4063; x_wconf 83' lang='lat' dir='ltr'><strong>illud</strong></span> <span class='ocrx_word' id='word_1_541' title='bbox 1247 3996 1406 4057; x_wconf 85' lang='lat' dir='ltr'><strong>atque</strong></span> <span class='ocrx_word' id='word_1_542' title='bbox 1449 3987 1704 4041; x_wconf 80' lang='lat' dir='ltr'><strong>eximium</strong></span> <span class='ocrx_word' id='word_1_543' title='bbox 1752 3986 2030 4049; x_wconf 61' lang='lat' dir='ltr'><strong>saeculum,</strong></span> 
     </span>
    </p>
   </div>
   <div class='ocr_carea' id='block_1_74' title="bbox 460 4074 2030 4150">
    <p class='ocr_par' dir='ltr' id='par_1_74' title="bbox 460 4074 2030 4150">
     <span class='ocr_line' id='line_1_74' title="bbox 460 4074 2030 4150; baseline -0.003 -15"><span class='ocrx_word' id='word_1_544' title='bbox 460 4081 607 4135; x_wconf 88' lang='lat' dir='ltr'><strong>omni</strong></span> <span class='ocrx_word' id='word_1_545' title='bbox 665 4080 946 4150; x_wconf 85' lang='lat' dir='ltr'><strong>iniquitate</strong></span> <span class='ocrx_word' id='word_1_546' title='bbox 993 4087 1303 4149; x_wconf 82' lang='lat' dir='ltr'><strong>purgatum,</strong></span> <span class='ocrx_word' id='word_1_547' title='bbox 1360 4075 1557 4147; x_wconf 77' lang='lat' dir='ltr'><strong>Regem</strong></span> <span class='ocrx_word' id='word_1_548' title='bbox 1587 4075 1801 4131; x_wconf 88' lang='lat' dir='ltr'><strong>habebit</strong></span> <span class='ocrx_word' id='word_1_549' title='bbox 1835 4074 2030 4130; x_wconf 79' lang='lat' dir='ltr'><strong>Filium</strong></span> 
     </span>
    </p>
   </div>
   <div class='ocr_carea' id='block_1_75' title="bbox 2138 3443 3711 3513">
    <p class='ocr_par' dir='ltr' id='par_1_75' title="bbox 2138 3443 3711 3513">
     <span class='ocr_line' id='line_1_75' title="bbox 2138 3443 3711 3513; baseline 0.003 -18"><span class='ocrx_word' id='word_1_550' title='bbox 2138 3443 2251 3510; x_wconf 77' lang='grc' dir='ltr'><strong>τὴν</strong></span> <span class='ocrx_word' id='word_1_551' title='bbox 2290 3444 2739 3513; x_wconf 76' lang='grc' dir='ltr'><strong>ἡτοιμασμένην</strong></span> <span class='ocrx_word' id='word_1_552' title='bbox 2780 3445 2921 3513; x_wconf 80' lang='grc' dir='ltr'><em>ὑμῖν</em></span> <span class='ocrx_word' id='word_1_553' title='bbox 2954 3445 3279 3509; x_wconf 79' lang='grc' dir='ltr'><em>βασιλειαν</em></span> <span class='ocrx_word' id='word_1_554' title='bbox 3307 3444 3426 3499; x_wconf 82' lang='grc' dir='ltr'><strong>ἀπὸ</strong></span> <span class='ocrx_word' id='word_1_555' title='bbox 3464 3449 3711 3499; x_wconf 73' lang='grc' dir='ltr'><strong>καταϐο-</strong></span> 
     </span>
    </p>
   </div>
   <div class='ocr_carea' id='block_1_76' title="bbox 2135 3538 3709 3612">
    <p class='ocr_par' dir='ltr' id='par_1_76' title="bbox 2135 3538 3709 3612">
     <span class='ocr_line' id='line_1_76' title="bbox 2135 3538 3709 3612; baseline 0 -19"><span class='ocrx_word' id='word_1_556' title='bbox 2135 3538 2249 3605; x_wconf 78' lang='grc' dir='ltr'><em>λῆς</em></span> <span class='ocrx_word' id='word_1_557' title='bbox 2270 3541 2516 3608; x_wconf 86' lang='grc' dir='ltr'><strong>κόσμου.</strong></span> <span class='ocrx_word' id='word_1_558' title='bbox 2546 3540 2728 3605; x_wconf 82' lang='grc' dir='ltr'><strong>Ὅπως</strong></span> <span class='ocrx_word' id='word_1_559' title='bbox 2758 3542 2814 3593; x_wconf 87' lang='grc' dir='ltr'><em>δὲ</em></span> <span class='ocrx_word' id='word_1_560' title='bbox 2840 3541 3010 3593; x_wconf 82' lang='grc' dir='ltr'>ταῦτα</span> <span class='ocrx_word' id='word_1_561' title='bbox 3037 3539 3248 3611; x_wconf 81' lang='grc' dir='ltr'><strong>συνᾴδει</strong></span> <span class='ocrx_word' id='word_1_562' title='bbox 3272 3542 3382 3602; x_wconf 79' lang='grc' dir='ltr'>τοῖς</span> <span class='ocrx_word' id='word_1_563' title='bbox 3408 3541 3464 3593; x_wconf 84' lang='grc' dir='ltr'>ὲν</span> <span class='ocrx_word' id='word_1_564' title='bbox 3578 3556 3709 3611; x_wconf 77' lang='grc' dir='ltr'>προ-</span> 
     </span>
    </p>
   </div>
   <div class='ocr_carea' id='block_1_77' title="bbox 2136 3629 3708 3703">
    <p class='ocr_par' dir='ltr' id='par_1_77' title="bbox 2136 3629 3708 3703">
     <span class='ocr_line' id='line_1_77' title="bbox 2136 3629 3708 3703; baseline 0.001 -21"><span class='ocrx_word' id='word_1_565' title='bbox 2136 3632 2334 3702; x_wconf 81' lang='grc' dir='ltr'>φητείᾳ</span> <span class='ocrx_word' id='word_1_566' title='bbox 2360 3632 2487 3702; x_wconf 77' lang='grc' dir='ltr'>περὶ</span> <span class='ocrx_word' id='word_1_567' title='bbox 2512 3632 2819 3703; x_wconf 78' lang='grc' dir='ltr'>προϐάτων,</span> <span class='ocrx_word' id='word_1_568' title='bbox 2850 3632 2945 3684; x_wconf 75' lang='grc' dir='ltr'>καὶ</span> <span class='ocrx_word' id='word_1_569' title='bbox 2976 3631 3103 3702; x_wconf 76' lang='grc' dir='ltr'><strong>περὶ</strong></span> <span class='ocrx_word' id='word_1_570' title='bbox 3131 3630 3239 3703; x_wconf 73' lang='lat'>(42)</span> <span class='ocrx_word' id='word_1_571' title='bbox 3273 3631 3505 3701; x_wconf 82' lang='grc' dir='ltr'>κρίσεως</span> <span class='ocrx_word' id='word_1_572' title='bbox 3539 3629 3708 3702; x_wconf 84' lang='grc' dir='ltr'>κριῶν</span> 
     </span>
    </p>
   </div>
   <div class='ocr_carea' id='block_1_78' title="bbox 2134 3719 3709 3793">
    <p class='ocr_par' dir='ltr' id='par_1_78' title="bbox 2134 3719 3709 3793">
     <span class='ocr_line' id='line_1_78' title="bbox 2134 3719 3709 3793; baseline 0 -22"><span class='ocrx_word' id='word_1_573' title='bbox 2134 3719 2462 3790; x_wconf 76' lang='grc' dir='ltr'><strong>εἰρημένοις,</strong></span> <span class='ocrx_word' id='word_1_574' title='bbox 2511 3722 2685 3791; x_wconf 75' lang='grc' dir='ltr'>τήρει,</span> <span class='ocrx_word' id='word_1_575' title='bbox 2738 3723 2830 3774; x_wconf 79' lang='grc' dir='ltr'><strong>καὶ</strong></span> <span class='ocrx_word' id='word_1_576' title='bbox 2880 3723 3027 3785; x_wconf 82' lang='grc' dir='ltr'><strong>ὅπως</strong></span> <span class='ocrx_word' id='word_1_577' title='bbox 3073 3722 3321 3793; x_wconf 84' lang='grc' dir='ltr'><strong>βασιλεὺς</strong></span> <span class='ocrx_word' id='word_1_578' title='bbox 3377 3720 3489 3791; x_wconf 72' lang='grc'>(45)</span> <span class='ocrx_word' id='word_1_579' title='bbox 3536 3721 3636 3791; x_wconf 82' lang='grc' dir='ltr'><strong>μὲν</strong></span> <span class='ocrx_word' id='word_1_580' title='bbox 3682 3722 3709 3771; x_wconf 82' lang='grc' dir='ltr'><strong>ὁ</strong></span> 
     </span>
    </p>
   </div>
   <div class='ocr_carea' id='block_1_79' title="bbox 2136 3808 3708 3881">
    <p class='ocr_par' dir='ltr' id='par_1_79' title="bbox 2136 3808 3708 3881">
     <span class='ocr_line' id='line_1_79' title="bbox 2136 3808 3708 3881; baseline -0.001 -21"><span class='ocrx_word' id='word_1_581' title='bbox 2136 3809 2262 3871; x_wconf 82' lang='grc' dir='ltr'><strong>Υἱὸς</strong></span> <span class='ocrx_word' id='word_1_582' title='bbox 2300 3808 2393 3861; x_wconf 76' lang='grc' dir='ltr'>τοῦ</span> <span class='ocrx_word' id='word_1_583' title='bbox 2426 3808 2712 3881; x_wconf 82' lang='grc' dir='ltr'>ἀνθρώπου</span> <span class='ocrx_word' id='word_1_584' title='bbox 2749 3809 2888 3879; x_wconf 84' lang='grc' dir='ltr'><strong>μετὰ</strong></span> <span class='ocrx_word' id='word_1_585' title='bbox 2926 3810 3025 3881; x_wconf 83' lang='grc' dir='ltr'><strong>τὴν</strong></span> <span class='ocrx_word' id='word_1_586' title='bbox 3058 3809 3167 3863; x_wconf 89' lang='grc' dir='ltr'><strong>τῶν</strong></span> <span class='ocrx_word' id='word_1_587' title='bbox 3211 3808 3495 3880; x_wconf 79' lang='grc' dir='ltr'>προϐάτων</span> <span class='ocrx_word' id='word_1_588' title='bbox 3530 3809 3708 3880; x_wconf 79' lang='grc' dir='ltr'><strong>κρίσιν</strong></span> 
     </span>
    </p>
   </div>
   <div class='ocr_carea' id='block_1_80' title="bbox 2128 3889 3706 3972">
    <p class='ocr_par' dir='ltr' id='par_1_80' title="bbox 2128 3889 3706 3972">
     <span class='ocr_line' id='line_1_80' title="bbox 2128 3889 3706 3972; baseline 0.001 -21"><span class='ocrx_word' id='word_1_589' title='bbox 2128 3901 2403 3970; x_wconf 82' lang='grc' dir='ltr'><strong>εἰσῆκται,</strong></span> <span class='ocrx_word' id='word_1_590' title='bbox 2432 3902 2619 3972; x_wconf 81' lang='grc' dir='ltr'>Πατὴρ</span> <span class='ocrx_word' id='word_1_591' title='bbox 2645 3902 2701 3954; x_wconf 84' lang='grc' dir='ltr'><em>δὲ</em></span> <span class='ocrx_word' id='word_1_592' title='bbox 2729 3902 2891 3954; x_wconf 79' lang='grc' dir='ltr'>αὐτοῦ</span> <span class='ocrx_word' id='word_1_593' title='bbox 2929 3904 2957 3955; x_wconf 90' lang='lat'><strong>6</strong></span> <span class='ocrx_word' id='word_1_594' title='bbox 2979 3902 3128 3964; x_wconf 85' lang='grc' dir='ltr'><strong>Θεός.</strong></span> <span class='ocrx_word' id='word_1_595' title='bbox 3159 3900 3326 3954; x_wconf 74' lang='grc' dir='ltr'>Τοῦτο</span> <span class='ocrx_word' id='word_1_596' title='bbox 3353 3889 3460 3969; x_wconf 67' lang='grc' dir='ltr'><strong>γὰρ</strong></span> <span class='ocrx_word' id='word_1_597' title='bbox 3491 3902 3585 3952; x_wconf 74' lang='grc' dir='ltr'>καὶ</span> <span class='ocrx_word' id='word_1_598' title='bbox 3610 3901 3706 3953; x_wconf 76' lang='grc' dir='ltr'><strong>αὺ-</strong></span> 
     </span>
    </p>
   </div>
   <div class='ocr_carea' id='block_1_81' title="bbox 2132 3990 3704 4061">
    <p class='ocr_par' dir='ltr' id='par_1_81' title="bbox 2132 3990 3704 4061">
     <span class='ocr_line' id='line_1_81' title="bbox 2132 3990 3704 4061; baseline -0.002 -17"><span class='ocrx_word' id='word_1_599' title='bbox 2132 3992 2222 4055; x_wconf 84' lang='grc' dir='ltr'><strong>τὸς</strong></span> <span class='ocrx_word' id='word_1_600' title='bbox 2249 3992 2523 4046; x_wconf 75' lang='grc' dir='ltr'><strong>ἐδίδασκεν</strong></span> <span class='ocrx_word' id='word_1_601' title='bbox 2583 3992 2773 4059; x_wconf 82' lang='grc' dir='ltr'><strong>εἰπὼν,</strong></span> <span class='ocrx_word' id='word_1_602' title='bbox 2825 3993 2962 4046; x_wconf 88' lang='grc' dir='ltr'>Τότε</span> <span class='ocrx_word' id='word_1_603' title='bbox 3016 3992 3137 4061; x_wconf 84' lang='grc' dir='ltr'><strong>ἐρεῖ</strong></span> <span class='ocrx_word' id='word_1_604' title='bbox 3180 3996 3211 4045; x_wconf 87' lang='grc' dir='ltr'><strong>ό</strong></span> <span class='ocrx_word' id='word_1_605' title='bbox 3251 3991 3551 4057; x_wconf 71' lang='grc' dir='ltr'><em>,ϐασιλεὺς</em></span> <span class='ocrx_word' id='word_1_606' title='bbox 3584 3990 3704 4055; x_wconf 83' lang='grc' dir='ltr'><em>τοῖς</em></span> 
     </span>
    </p>
   </div>
   <div class='ocr_carea' id='block_1_82' title="bbox 2131 4082 3704 4153">
    <p class='ocr_par' dir='ltr' id='par_1_82' title="bbox 2131 4082 3704 4153">
     <span class='ocr_line' id='line_1_82' title="bbox 2131 4082 3704 4153; baseline -0.001 -18"><span class='ocrx_word' id='word_1_607' title='bbox 2131 4083 2199 4136; x_wconf 77' lang='grc' dir='ltr'>ἑκ</span> <span class='ocrx_word' id='word_1_608' title='bbox 2237 4082 2449 4147; x_wconf 81' lang='grc' dir='ltr'><em>δεξιῶν</em></span> <span class='ocrx_word' id='word_1_609' title='bbox 2478 4085 2681 4147; x_wconf 84' lang='grc' dir='ltr'>αὑτοῦ,</span> <span class='ocrx_word' id='word_1_610' title='bbox 2723 4084 2902 4137; x_wconf 87' lang='grc' dir='ltr'><em>Δεῦτε</em></span> <span class='ocrx_word' id='word_1_611' title='bbox 2930 4088 2983 4137; x_wconf 83' lang='grc' dir='ltr'><em>οἱ</em></span> <span class='ocrx_word' id='word_1_612' title='bbox 3024 4086 3415 4153; x_wconf 74' lang='grc' dir='ltr'><em>εὐλογημένοι</em></span> <span class='ocrx_word' id='word_1_613' title='bbox 3446 4083 3553 4135; x_wconf 81' lang='grc' dir='ltr'><strong>τοῦ</strong></span> <span class='ocrx_word' id='word_1_614' title='bbox 3588 4086 3704 4135; x_wconf 83' lang='grc' dir='ltr'><strong>Πα-</strong></span> 
     </span>
    </p>
   </div>
   <div class='ocr_carea' id='block_1_83' title="bbox 450 4168 2038 4247">
    <p class='ocr_par' dir='ltr' id='par_1_83' title="bbox 450 4168 2029 4241">
     <span class='ocr_line' id='line_1_83' title="bbox 450 4168 2029 4241; baseline -0.003 -15"><span class='ocrx_word' id='word_1_615' title='bbox 450 4172 731 4227; x_wconf 82' lang='lat' dir='ltr'><strong>hominis:</strong></span> <span class='ocrx_word' id='word_1_616' title='bbox 764 4172 847 4225; x_wconf 90' lang='lat' dir='ltr'><strong>vel</strong></span> <span class='ocrx_word' id='word_1_617' title='bbox 896 4171 1053 4239; x_wconf 82' lang='lat' dir='ltr'><strong>juxta</strong></span> <span class='ocrx_word' id='word_1_618' title='bbox 1104 4168 1417 4241; x_wconf 87' lang='lat' dir='ltr'><strong>prophetica</strong></span> <span class='ocrx_word' id='word_1_619' title='bbox 1451 4170 1730 4223; x_wconf 81' lang='lat' dir='ltr'><strong>involucra</strong></span> <span class='ocrx_word' id='word_1_620' title='bbox 1757 4178 2029 4238; x_wconf 84' lang='lat' dir='ltr'><strong>pastorem</strong></span> 
     </span>
    </p>
   </div>
   <div class='ocr_carea' id='block_1_84' title="bbox 2140 4168 3703 4247">
    <p class='ocr_par' dir='ltr' id='par_1_84' title="bbox 2140 4174 3703 4247">
     <span class='ocr_line' id='line_1_84' title="bbox 2140 4174 3703 4247; baseline -0.001 -21"><span class='ocrx_word' id='word_1_621' title='bbox 2140 4175 2267 4240; x_wconf 77' lang='grc' dir='ltr'>τρός</span> <span class='ocrx_word' id='word_1_622' title='bbox 2291 4193 2429 4243; x_wconf 86' lang='grc' dir='ltr'><em>μου,</em></span> <span class='ocrx_word' id='word_1_623' title='bbox 2475 4177 2749 4244; x_wconf 79' lang='grc' dir='ltr'>ἀναλόγως</span> <span class='ocrx_word' id='word_1_624' title='bbox 2796 4175 2873 4246; x_wconf 83' lang='grc' dir='ltr'>τῷ</span> <span class='ocrx_word' id='word_1_625' title='bbox 2925 4178 2982 4228; x_wconf 83' lang='grc' dir='ltr'>ὲν</span> <span class='ocrx_word' id='word_1_626' title='bbox 3034 4178 3098 4247; x_wconf 80' lang='grc' dir='ltr'>τῇ</span> <span class='ocrx_word' id='word_1_627' title='bbox 3145 4174 3446 4247; x_wconf 50' lang='grc' dir='ltr'>προφητείᾳ</span> <span class='ocrx_word' id='word_1_628' title='bbox 3489 4174 3703 4242; x_wconf 76' lang='grc' dir='ltr'>ὠνομαο</span> 
     </span>
    </p>
   </div>
   <div class='ocr_carea' id='block_1_85' title="bbox 458 4258 2025 4330">
    <p class='ocr_par' dir='ltr' id='par_1_85' title="bbox 458 4258 2025 4330">
     <span class='ocr_line' id='line_1_85' title="bbox 458 4258 2025 4330; baseline -0.003 -17"><span class='ocrx_word' id='word_1_629' title='bbox 458 4275 612 4313; x_wconf 84' lang='lat' dir='ltr'><strong>Suum</strong></span> <span class='ocrx_word' id='word_1_630' title='bbox 646 4270 807 4330; x_wconf 89' lang='lat' dir='ltr'><strong>atque</strong></span> <span class='ocrx_word' id='word_1_631' title='bbox 826 4259 1121 4330; x_wconf 86' lang='lat' dir='ltr'><strong>principem</strong></span> <span class='ocrx_word' id='word_1_632' title='bbox 1155 4258 1320 4313; x_wconf 84' lang='lat' dir='ltr'><strong>David</strong></span> <span class='ocrx_word' id='word_1_633' title='bbox 1350 4275 1363 4311; x_wconf 68' lang='grc' dir='ltr'><strong><em>τ</em></strong></span> <span class='ocrx_word' id='word_1_634' title='bbox 1391 4266 1446 4311; x_wconf 90' lang='lat' dir='ltr'><strong>at</strong></span> <span class='ocrx_word' id='word_1_635' title='bbox 1471 4258 1638 4313; x_wconf 91' lang='lat' dir='ltr'><strong>Deum</strong></span> <span class='ocrx_word' id='word_1_636' title='bbox 1672 4271 1775 4311; x_wconf 89' lang='lat' dir='ltr'><strong>non</strong></span> <span class='ocrx_word' id='word_1_637' title='bbox 1812 4258 2025 4319; x_wconf 89' lang='lat' dir='ltr'><strong>dicitur,</strong></span> 
     </span>
    </p>
   </div>
   <div class='ocr_carea' id='block_1_86' title="bbox 458 4348 2026 4420">
    <p class='ocr_par' dir='ltr' id='par_1_86' title="bbox 458 4348 2026 4420">
     <span class='ocr_line' id='line_1_86' title="bbox 458 4348 2026 4420; baseline -0.002 -15"><span class='ocrx_word' id='word_1_638' title='bbox 458 4352 541 4405; x_wconf 85' lang='lat' dir='ltr'><strong>vel</strong></span> <span class='ocrx_word' id='word_1_639' title='bbox 568 4362 858 4420; x_wconf 88' lang='lat' dir='ltr'><strong>pastorem,</strong></span> <span class='ocrx_word' id='word_1_640' title='bbox 898 4351 983 4405; x_wconf 87' lang='lat' dir='ltr'><strong>vel</strong></span> <span class='ocrx_word' id='word_1_641' title='bbox 1013 4350 1306 4420; x_wconf 86' lang='lat' dir='ltr'><strong>principem</strong></span> <span class='ocrx_word' id='word_1_642' title='bbox 1353 4350 1679 4403; x_wconf 88' lang='lat' dir='ltr'><strong>habiturum.</strong></span> <span class='ocrx_word' id='word_1_643' title='bbox 1720 4348 1824 4403; x_wconf 89' lang='lat' dir='ltr'><strong>Sed</strong></span> <span class='ocrx_word' id='word_1_644' title='bbox 1861 4349 2026 4402; x_wconf 82' lang='lat' dir='ltr'><strong>subli-</strong></span> 
     </span>
    </p>
   </div>
   <div class='ocr_carea' id='block_1_87' title="bbox 458 4440 2029 4510">
    <p class='ocr_par' dir='ltr' id='par_1_87' title="bbox 458 4440 2029 4510">
     <span class='ocr_line' id='line_1_87' title="bbox 458 4440 2029 4510; baseline 0.002 -17"><span class='ocrx_word' id='word_1_645' title='bbox 458 4442 619 4495; x_wconf 85' lang='lat' dir='ltr'><strong>miori</strong></span> <span class='ocrx_word' id='word_1_646' title='bbox 646 4442 877 4510; x_wconf 85' lang='lat' dir='ltr'><strong>quodam</strong></span> <span class='ocrx_word' id='word_1_647' title='bbox 907 4452 961 4497; x_wconf 89' lang='lat' dir='ltr'><strong>et</strong></span> <span class='ocrx_word' id='word_1_648' title='bbox 996 4440 1277 4496; x_wconf 89' lang='lat' dir='ltr'><strong>illustriori</strong></span> <span class='ocrx_word' id='word_1_649' title='bbox 1310 4456 1470 4509; x_wconf 89' lang='lat' dir='ltr'><strong>supra</strong></span> <span class='ocrx_word' id='word_1_650' title='bbox 1505 4449 1799 4507; x_wconf 87' lang='lat' dir='ltr'><strong>pastorem,</strong></span> <span class='ocrx_word' id='word_1_651' title='bbox 1831 4441 2029 4510; x_wconf 86' lang='lat' dir='ltr'><strong>princi-</strong></span> 
     </span>
    </p>
   </div>
   <div class='ocr_carea' id='block_1_88' title="bbox 458 4518 2029 4603">
    <p class='ocr_par' dir='ltr' id='par_1_88' title="bbox 458 4518 2029 4603">
     <span class='ocr_line' id='line_1_88' title="bbox 458 4518 2029 4603; baseline 0 -18"><span class='ocrx_word' id='word_1_652' title='bbox 458 4546 600 4601; x_wconf 84' lang='lat' dir='ltr'><strong>pem,</strong></span> <span class='ocrx_word' id='word_1_653' title='bbox 633 4542 687 4586; x_wconf 88' lang='lat' dir='ltr'><strong>et</strong></span> <span class='ocrx_word' id='word_1_654' title='bbox 713 4548 892 4603; x_wconf 83' lang='lat' dir='ltr'><strong>regem</strong></span> <span class='ocrx_word' id='word_1_655' title='bbox 920 4548 1103 4595; x_wconf 87' lang='lat' dir='ltr'><strong>sensu,</strong></span> <span class='ocrx_word' id='word_1_656' title='bbox 1136 4541 1378 4601; x_wconf 82' lang='lat' dir='ltr'><strong>respectu</strong></span> <span class='ocrx_word' id='word_1_657' title='bbox 1420 4532 1485 4585; x_wconf 88' lang='lat' dir='ltr'><strong>ad</strong></span> <span class='ocrx_word' id='word_1_658' title='bbox 1518 4533 1752 4586; x_wconf 86' lang='lat' dir='ltr'><strong>divinam</strong></span> <span class='ocrx_word' id='word_1_659' title='bbox 1782 4518 2029 4601; x_wconf 78' lang='lat' dir='ltr'><strong>ejusma-</strong></span> 
     </span>
    </p>
   </div>
   <div class='ocr_carea' id='block_1_89' title="bbox 456 4622 2026 4691">
    <p class='ocr_par' dir='ltr' id='par_1_89' title="bbox 456 4622 2026 4691">
     <span class='ocr_line' id='line_1_89' title="bbox 456 4622 2026 4691; baseline 0.001 -15"><span class='ocrx_word' id='word_1_660' title='bbox 456 4624 705 4691; x_wconf 83' lang='lat' dir='ltr'><strong>jestatem</strong></span> <span class='ocrx_word' id='word_1_661' title='bbox 738 4622 941 4685; x_wconf 85' lang='lat' dir='ltr'><strong>habito,</strong></span> <span class='ocrx_word' id='word_1_662' title='bbox 973 4638 1076 4688; x_wconf 77' lang='lat' dir='ltr'><strong>non</strong></span> <span class='ocrx_word' id='word_1_663' title='bbox 1104 4624 1293 4675; x_wconf 89' lang='lat' dir='ltr'><strong>ovibus</strong></span> <span class='ocrx_word' id='word_1_664' title='bbox 1325 4623 1716 4686; x_wconf 85' lang='lat' dir='ltr'><strong>tantummodo,</strong></span> <span class='ocrx_word' id='word_1_665' title='bbox 1761 4638 1944 4677; x_wconf 90' lang='lat' dir='ltr'><strong>verum</strong></span> <span class='ocrx_word' id='word_1_666' title='bbox 1973 4638 2026 4678; x_wconf 88' lang='lat' dir='ltr'><strong>et.</strong></span> 
     </span>
    </p>
   </div>
   <div class='ocr_carea' id='block_1_90' title="bbox 462 4712 2024 4782">
    <p class='ocr_par' dir='ltr' id='par_1_90' title="bbox 462 4712 2024 4782">
     <span class='ocr_line' id='line_1_90' title="bbox 462 4712 2024 4782; baseline 0.001 -16"><span class='ocrx_word' id='word_1_667' title='bbox 462 4714 641 4766; x_wconf 82' lang='lat' dir='ltr'><strong>ovium</strong></span> <span class='ocrx_word' id='word_1_668' title='bbox 675 4714 875 4782; x_wconf 85' lang='lat' dir='ltr'><strong>pastori</strong></span> <span class='ocrx_word' id='word_1_669' title='bbox 899 4714 1252 4781; x_wconf 81' lang='lat' dir='ltr'><strong>imperantem</strong></span> <span class='ocrx_word' id='word_1_670' title='bbox 1284 4732 1297 4766; x_wconf 86' lang='lat'><strong>:</strong></span> <span class='ocrx_word' id='word_1_671' title='bbox 1331 4712 1448 4765; x_wconf 82' lang='lat' dir='ltr'><strong>Erit</strong></span> <span class='ocrx_word' id='word_1_672' title='bbox 1496 4713 1654 4776; x_wconf 88' lang='lat' dir='ltr'><strong>enim,</strong></span> <span class='ocrx_word' id='word_1_673' title='bbox 1682 4714 1871 4782; x_wconf 90' lang='lat' dir='ltr'><strong>inquit.</strong></span> <span class='ocrx_word' id='word_1_674' title='bbox 1919 4714 2024 4767; x_wconf 85' lang='lat' dir='ltr'><strong>illis</strong></span> 
     </span>
    </p>
   </div>
   <div class='ocr_carea' id='block_1_91' title="bbox 456 4805 2023 4875">
    <p class='ocr_par' dir='ltr' id='par_1_91' title="bbox 456 4805 2023 4875">
     <span class='ocr_line' id='line_1_91' title="bbox 456 4805 2023 4875; baseline 0.002 -18"><span class='ocrx_word' id='word_1_675' title='bbox 456 4814 636 4873; x_wconf 85' lang='lat' dir='ltr'><strong>pastor</strong></span> <span class='ocrx_word' id='word_1_676' title='bbox 671 4820 846 4859; x_wconf 84' lang='lat' dir='ltr'><strong>servus</strong></span> <span class='ocrx_word' id='word_1_677' title='bbox 875 4819 1015 4858; x_wconf 86' lang='lat' dir='ltr'><strong>meus</strong></span> <span class='ocrx_word' id='word_1_678' title='bbox 1060 4805 1246 4871; x_wconf 84' lang='lat' dir='ltr'><strong>David,</strong></span> <span class='ocrx_word' id='word_1_679' title='bbox 1276 4819 1325 4860; x_wconf 90' lang='lat' dir='ltr'><strong>et</strong></span> <span class='ocrx_word' id='word_1_680' title='bbox 1350 4822 1441 4875; x_wconf 88' lang='lat' dir='ltr'><strong>ego</strong></span> <span class='ocrx_word' id='word_1_681' title='bbox 1465 4805 1719 4859; x_wconf 88' lang='lat' dir='ltr'><strong>Dominus</strong></span> <span class='ocrx_word' id='word_1_682' title='bbox 1754 4822 1841 4859; x_wconf 91' lang='lat' dir='ltr'><strong>ero</strong></span> <span class='ocrx_word' id='word_1_683' title='bbox 1874 4806 1938 4859; x_wconf 90' lang='lat' dir='ltr'><strong>iis</strong></span> <span class='ocrx_word' id='word_1_684' title='bbox 1972 4810 2023 4860; x_wconf 89' lang='lat' dir='ltr'><strong>in</strong></span> 
     </span>
    </p>
   </div>
   <div class='ocr_carea' id='block_1_92' title="bbox 455 4894 2026 4968">
    <p class='ocr_par' dir='ltr' id='par_1_92' title="bbox 455 4894 2026 4968">
     <span class='ocr_line' id='line_1_92' title="bbox 455 4894 2026 4968; baseline 0.003 -21"><span class='ocrx_word' id='word_1_685' title='bbox 455 4894 645 4948; x_wconf 87' lang='lat' dir='ltr'><strong>Deum.</strong></span> <span class='ocrx_word' id='word_1_686' title='bbox 682 4894 907 4949; x_wconf 86' lang='lat' dir='ltr'><strong>Servum</strong></span> <span class='ocrx_word' id='word_1_687' title='bbox 957 4909 1112 4949; x_wconf 87' lang='lat' dir='ltr'><strong>suum</strong></span> <span class='ocrx_word' id='word_1_688' title='bbox 1162 4897 1326 4950; x_wconf 88' lang='lat' dir='ltr'><strong>David</strong></span> <span class='ocrx_word' id='word_1_689' title='bbox 1369 4898 1599 4968; x_wconf 87' lang='lat' dir='ltr'><strong>appellat</strong></span> <span class='ocrx_word' id='word_1_690' title='bbox 1627 4913 1769 4962; x_wconf 87' lang='lat' dir='ltr'><strong>eum,</strong></span> <span class='ocrx_word' id='word_1_691' title='bbox 1810 4908 2026 4967; x_wconf 88' lang='lat' dir='ltr'><strong>propter</strong></span> 
     </span>
    </p>
   </div>
   <div class='ocr_carea' id='block_1_93' title="bbox 455 4988 2025 5057">
    <p class='ocr_par' dir='ltr' id='par_1_93' title="bbox 455 4988 2025 5057">
     <span class='ocr_line' id='line_1_93' title="bbox 455 4988 2025 5057; baseline 0.006 -17"><span class='ocrx_word' id='word_1_692' title='bbox 455 4989 598 5041; x_wconf 85' lang='lat' dir='ltr'><strong>servi</strong></span> <span class='ocrx_word' id='word_1_693' title='bbox 626 4988 877 5052; x_wconf 80' lang='lat' dir='ltr'><strong>formam,</strong></span> <span class='ocrx_word' id='word_1_694' title='bbox 912 5004 1070 5057; x_wconf 85' lang='lat' dir='ltr'><strong>quam</strong></span> <span class='ocrx_word' id='word_1_695' title='bbox 1101 4988 1361 5043; x_wconf 84' lang='lat' dir='ltr'><strong>Servator</strong></span> <span class='ocrx_word' id='word_1_696' title='bbox 1380 5000 1433 5044; x_wconf 91' lang='lat' dir='ltr'><strong>et</strong></span> <span class='ocrx_word' id='word_1_697' title='bbox 1466 4990 1718 5046; x_wconf 89' lang='lat' dir='ltr'><strong>Dominus</strong></span> <span class='ocrx_word' id='word_1_698' title='bbox 1748 5002 1931 5046; x_wconf 88' lang='lat' dir='ltr'><strong>noster</strong></span> <span class='ocrx_word' id='word_1_699' title='bbox 1960 4995 2025 5049; x_wconf 87' lang='lat' dir='ltr'><strong>de</strong></span> 
     </span>
    </p>
   </div>
   <div class='ocr_carea' id='block_1_94' title="bbox 458 5077 922 5146">
    <p class='ocr_par' dir='ltr' id='par_1_94' title="bbox 458 5077 922 5146">
     <span class='ocr_line' id='line_1_94' title="bbox 458 5077 922 5146; baseline 0.004 -18"><span class='ocrx_word' id='word_1_700' title='bbox 458 5077 655 5131; x_wconf 84' lang='lat' dir='ltr'><strong>[)avide</strong></span> <span class='ocrx_word' id='word_1_701' title='bbox 677 5080 922 5146; x_wconf 88' lang='lat' dir='ltr'><strong>sumpsit.</strong></span> 
     </span>
    </p>
   </div>
   <div class='ocr_carea' id='block_1_95' title="bbox 2132 4264 3700 4338">
    <p class='ocr_par' dir='ltr' id='par_1_95' title="bbox 2132 4264 3700 4338">
     <span class='ocr_line' id='line_1_95' title="bbox 2132 4264 3700 4338; baseline 0 -23"><span class='ocrx_word' id='word_1_702' title='bbox 2132 4265 2312 4335; x_wconf 80' lang='grc' dir='ltr'>σμένῳ</span> <span class='ocrx_word' id='word_1_703' title='bbox 2339 4266 2517 4319; x_wconf 78' lang='grc' dir='ltr'><strong>Δαόίδ.</strong></span> <span class='ocrx_word' id='word_1_704' title='bbox 2557 4268 2649 4319; x_wconf 89' lang='grc' dir='ltr'><strong>Ὃν</strong></span> <span class='ocrx_word' id='word_1_705' title='bbox 2692 4268 2923 4337; x_wconf 77' lang='grc' dir='ltr'>ποιμένα</span> <span class='ocrx_word' id='word_1_706' title='bbox 2953 4267 3046 4319; x_wconf 66' lang='grc' dir='ltr'><strong>κα)⁸</strong></span> <span class='ocrx_word' id='word_1_707' title='bbox 3088 4266 3323 4338; x_wconf 78' lang='grc' dir='ltr'>ἄρχοντα</span> <span class='ocrx_word' id='word_1_708' title='bbox 3345 4264 3561 4317; x_wconf 76' lang='grc' dir='ltr'><strong>ἔσεσθαι</strong></span> <span class='ocrx_word' id='word_1_709' title='bbox 3595 4264 3700 4316; x_wconf 86' lang='grc' dir='ltr'><em>τῶν</em></span> 
     </span>
    </p>
   </div>
   <div class='ocr_carea' id='block_1_96' title="bbox 2128 4353 3700 4436">
    <p class='ocr_par' dir='ltr' id='par_1_96' title="bbox 2128 4353 3700 4436">
     <span class='ocr_line' id='line_1_96' title="bbox 2128 4353 3700 4436; baseline -0.001 -30"><span class='ocrx_word' id='word_1_710' title='bbox 2128 4357 2413 4425; x_wconf 73' lang='grc' dir='ltr'>προϐάτων</span> <span class='ocrx_word' id='word_1_711' title='bbox 2445 4360 2473 4411; x_wconf 89' lang='lat'><strong>6</strong></span> <span class='ocrx_word' id='word_1_712' title='bbox 2498 4358 2651 4426; x_wconf 82' lang='grc' dir='ltr'>λόγος</span> <span class='ocrx_word' id='word_1_713' title='bbox 2679 4358 2937 4419; x_wconf 77' lang='grc' dir='ltr'><strong>διδάσκει,</strong></span> <span class='ocrx_word' id='word_1_714' title='bbox 2964 4358 3067 4411; x_wconf 79' lang='grc' dir='ltr'><strong>ὑπὸ</strong></span> <span class='ocrx_word' id='word_1_715' title='bbox 3112 4358 3289 4436; x_wconf 61' lang='grc' dir='ltr'>ἐφόρῳ</span> <span class='ocrx_word' id='word_1_716' title='bbox 3318 4356 3393 4426; x_wconf 82' lang='grc' dir='ltr'>τῷ</span> <span class='ocrx_word' id='word_1_717' title='bbox 3422 4354 3537 4424; x_wconf 77' lang='grc' dir='ltr'><strong>Θεῷ</strong></span> <span class='ocrx_word' id='word_1_718' title='bbox 3574 4353 3700 4424; x_wconf 77' lang='grc' dir='ltr'><strong>μὲλ-</strong></span> 
     </span>
    </p>
   </div>
   <div class='ocr_carea' id='block_1_97' title="bbox 2129 4446 3699 4521">
    <p class='ocr_par' dir='ltr' id='par_1_97' title="bbox 2129 4446 3699 4521">
     <span class='ocr_line' id='line_1_97' title="bbox 2129 4446 3699 4521; baseline -0.001 -23"><span class='ocrx_word' id='word_1_719' title='bbox 2129 4447 2289 4500; x_wconf 85' lang='grc' dir='ltr'>λοντα</span> <span class='ocrx_word' id='word_1_720' title='bbox 2337 4450 2639 4517; x_wconf 77' lang='grc' dir='ltr'>ποιμαίνειν</span> <span class='ocrx_word' id='word_1_721' title='bbox 2681 4451 2774 4503; x_wconf 71' lang='grc' dir='ltr'>καὶ</span> <span class='ocrx_word' id='word_1_722' title='bbox 2797 4450 2985 4521; x_wconf 84' lang='grc' dir='ltr'><strong>ἄρχειν</strong></span> <span class='ocrx_word' id='word_1_723' title='bbox 3013 4450 3120 4503; x_wconf 83' lang='grc' dir='ltr'><strong>τῶν</strong></span> <span class='ocrx_word' id='word_1_724' title='bbox 3150 4449 3242 4501; x_wconf 73' lang='grc' dir='ltr'><strong>τοῦ</strong></span> <span class='ocrx_word' id='word_1_725' title='bbox 3276 4447 3407 4500; x_wconf 73' lang='grc' dir='ltr'><strong>Θεοῦ</strong></span> <span class='ocrx_word' id='word_1_726' title='bbox 3448 4446 3699 4516; x_wconf 80' lang='grc' dir='ltr'><strong>Θρεμμά-</strong></span> 
     </span>
    </p>
   </div>
   <div class='ocr_carea' id='block_1_98' title="bbox 2128 4537 3696 4612">
    <p class='ocr_par' dir='ltr' id='par_1_98' title="bbox 2128 4537 3696 4612">
     <span class='ocr_line' id='line_1_98' title="bbox 2128 4537 3696 4612; baseline -0.003 -19"><span class='ocrx_word' id='word_1_727' title='bbox 2128 4558 2255 4595; x_wconf 89' lang='grc' dir='ltr'>των,</span> <span class='ocrx_word' id='word_1_728' title='bbox 2308 4542 2414 4593; x_wconf 70' lang='grc' dir='ltr'><strong>Καὶ</strong></span> <span class='ocrx_word' id='word_1_729' title='bbox 2458 4543 2649 4612; x_wconf 78' lang='grc' dir='ltr'>ἐκείνῳ</span> <span class='ocrx_word' id='word_1_730' title='bbox 2691 4544 2747 4595; x_wconf 80' lang='grc' dir='ltr'><em>δὲ</em></span> <span class='ocrx_word' id='word_1_731' title='bbox 2786 4542 3077 4611; x_wconf 83' lang='grc' dir='ltr'>ἀναγκαῖον</span> <span class='ocrx_word' id='word_1_732' title='bbox 3107 4542 3390 4610; x_wconf 81' lang='grc' dir='ltr'>ἐπιστῆσαι</span> <span class='ocrx_word' id='word_1_733' title='bbox 3431 4537 3520 4590; x_wconf 73' lang='grc' dir='ltr'>τὸν</span> <span class='ocrx_word' id='word_1_734' title='bbox 3552 4538 3696 4601; x_wconf 78' lang='grc' dir='ltr'>νοῦν,</span> 
     </span>
    </p>
   </div>
   <div class='ocr_carea' id='block_1_99' title="bbox 2128 4630 3699 4705">
    <p class='ocr_par' dir='ltr' id='par_1_99' title="bbox 2128 4630 3699 4705">
     <span class='ocr_line' id='line_1_99' title="bbox 2128 4630 3699 4705; baseline -0.003 -21"><span class='ocrx_word' id='word_1_735' title='bbox 2128 4630 2203 4695; x_wconf 82' lang='grc' dir='ltr'><em>ὡς</em></span> <span class='ocrx_word' id='word_1_736' title='bbox 2235 4632 2294 4684; x_wconf 84' lang='grc' dir='ltr'>τὸ</span> <span class='ocrx_word' id='word_1_737' title='bbox 2321 4632 2470 4703; x_wconf 75' lang='grc' dir='ltr'>παρὰ</span> <span class='ocrx_word' id='word_1_738' title='bbox 2500 4633 2575 4703; x_wconf 80' lang='grc' dir='ltr'><strong>τῷ</strong></span> <span class='ocrx_word' id='word_1_739' title='bbox 2614 4635 2919 4705; x_wconf 83' lang='grc' dir='ltr'>Ἀποστόλῳ</span> <span class='ocrx_word' id='word_1_740' title='bbox 2941 4634 3280 4705; x_wconf 82' lang='grc' dir='ltr'><strong>λελεγμένον,</strong></span> <span class='ocrx_word' id='word_1_741' title='bbox 3308 4635 3366 4684; x_wconf 81' lang='grc' dir='ltr'>ἐν</span> <span class='ocrx_word' id='word_1_742' title='bbox 3394 4630 3489 4700; x_wconf 80' lang='grc' dir='ltr'>τῷ,</span> <span class='ocrx_word' id='word_1_743' title='bbox 3523 4632 3699 4682; x_wconf 85' lang='grc' dir='ltr'>Ὅταν</span> 
     </span>
    </p>
   </div>
   <div class='ocr_carea' id='block_1_100' title="bbox 2128 4722 3698 4796">
    <p class='ocr_par' dir='ltr' id='par_1_100' title="bbox 2128 4722 3698 4796">
     <span class='ocr_line' id='line_1_100' title="bbox 2128 4722 3698 4796; baseline -0.004 -17"><span class='ocrx_word' id='word_1_744' title='bbox 2128 4726 2473 4796; x_wconf 74' lang='grc' dir='ltr'><strong>καταργήσῃ</strong></span> <span class='ocrx_word' id='word_1_745' title='bbox 2517 4725 2721 4782; x_wconf 80' lang='grc' dir='ltr'><em>πᾶσαν</em></span> <span class='ocrx_word' id='word_1_746' title='bbox 2772 4727 2988 4795; x_wconf 76' lang='grc' dir='ltr'><strong>ἀρχὴν,</strong></span> <span class='ocrx_word' id='word_1_747' title='bbox 3031 4725 3127 4779; x_wconf 74' lang='grc' dir='ltr'><strong>καὶ</strong></span> <span class='ocrx_word' id='word_1_748' title='bbox 3172 4723 3375 4778; x_wconf 82' lang='grc' dir='ltr'><em>πᾶσαν</em></span> <span class='ocrx_word' id='word_1_749' title='bbox 3409 4722 3698 4785; x_wconf 77' lang='grc' dir='ltr'><em>ἐξουσίαν</em></span> 
     </span>
    </p>
   </div>
   <div class='ocr_carea' id='block_1_101' title="bbox 2127 4814 3695 4889">
    <p class='ocr_par' dir='ltr' id='par_1_101' title="bbox 2127 4814 3695 4889">
     <span class='ocr_line' id='line_1_101' title="bbox 2127 4814 3695 4889; baseline -0.004 -20"><span class='ocrx_word' id='word_1_750' title='bbox 2127 4818 2225 4870; x_wconf 79' lang='grc' dir='ltr'><strong>καὶ</strong></span> <span class='ocrx_word' id='word_1_751' title='bbox 2277 4817 2534 4887; x_wconf 80' lang='grc' dir='ltr'><em>δύναμιν</em></span> <span class='ocrx_word' id='word_1_752' title='bbox 2576 4818 2687 4888; x_wconf 73' lang='grc'>(44)</span> <span class='ocrx_word' id='word_1_753' title='bbox 2740 4818 2959 4889; x_wconf 76' lang='grc' dir='ltr'>ᾐνίξατο</span> <span class='ocrx_word' id='word_1_754' title='bbox 3011 4818 3044 4885; x_wconf 80' lang='grc' dir='ltr'>ὴ</span> <span class='ocrx_word' id='word_1_755' title='bbox 3096 4814 3395 4885; x_wconf 69' lang='grc' dir='ltr'>προφητεία</span> <span class='ocrx_word' id='word_1_756' title='bbox 3455 4816 3695 4882; x_wconf 72' lang='grc' dir='ltr'>φήσασα,</span> 
     </span>
    </p>
   </div>
   <div class='ocr_carea' id='block_1_102' title="bbox 2126 4905 3698 4981">
    <p class='ocr_par' dir='ltr' id='par_1_102' title="bbox 2126 4905 3698 4981">
     <span class='ocr_line' id='line_1_102' title="bbox 2126 4905 3698 4981; baseline -0.003 -19"><span class='ocrx_word' id='word_1_757' title='bbox 2126 4909 2235 4963; x_wconf 79' lang='grc' dir='ltr'><strong>Καὶ</strong></span> <span class='ocrx_word' id='word_1_758' title='bbox 2273 4910 2507 4978; x_wconf 67' lang='grc' dir='ltr'><em>ἀφανιῶ</em></span> <span class='ocrx_word' id='word_1_759' title='bbox 2528 4912 2701 4981; x_wconf 78' lang='grc' dir='ltr'><strong>θηρία</strong></span> <span class='ocrx_word' id='word_1_760' title='bbox 2726 4908 2957 4978; x_wconf 73' lang='grc' dir='ltr'><em>πονηρὰ</em></span> <span class='ocrx_word' id='word_1_761' title='bbox 2982 4908 3099 4962; x_wconf 77' lang='grc' dir='ltr'><strong>ἀπὸ</strong></span> <span class='ocrx_word' id='word_1_762' title='bbox 3127 4906 3236 4973; x_wconf 81' lang='grc' dir='ltr'><strong>τῆς</strong></span> <span class='ocrx_word' id='word_1_763' title='bbox 3262 4905 3394 4976; x_wconf 75' lang='grc' dir='ltr'><strong>γῆς.</strong></span> <span class='ocrx_word' id='word_1_764' title='bbox 3434 4905 3568 4957; x_wconf 79' lang='grc' dir='ltr'>Τίνα</span> <span class='ocrx_word' id='word_1_765' title='bbox 3591 4905 3698 4977; x_wconf 78' lang='grc' dir='ltr'><strong>γὰρ</strong></span> 
     </span>
    </p>
   </div>
   <div class='ocr_carea' id='block_1_103' title="bbox 2125 4999 3695 5075">
    <p class='ocr_par' dir='ltr' id='par_1_103' title="bbox 2125 4999 3695 5075">
     <span class='ocr_line' id='line_1_103' title="bbox 2125 4999 3695 5075; baseline -0.004 -21"><span class='ocrx_word' id='word_1_766' title='bbox 2125 5001 2191 5054; x_wconf 86' lang='grc' dir='ltr'>ἂν</span> <span class='ocrx_word' id='word_1_767' title='bbox 2218 5004 2426 5071; x_wconf 86' lang='grc' dir='ltr'>γένοιτο</span> <span class='ocrx_word' id='word_1_768' title='bbox 2455 5003 2525 5057; x_wconf 76' lang='grc' dir='ltr'>τὰ</span> <span class='ocrx_word' id='word_1_769' title='bbox 2558 5003 2747 5075; x_wconf 75' lang='grc' dir='ltr'><strong>Θηρξα,</strong></span> <span class='ocrx_word' id='word_1_770' title='bbox 2778 5004 2848 5057; x_wconf 83' lang='grc' dir='ltr'><strong>τὰ</strong></span> <span class='ocrx_word' id='word_1_771' title='bbox 2887 5002 3050 5055; x_wconf 79' lang='grc' dir='ltr'>πάλαι</span> <span class='ocrx_word' id='word_1_772' title='bbox 3100 4999 3358 5072; x_wconf 85' lang='grc' dir='ltr'>πρότερον</span> <span class='ocrx_word' id='word_1_773' title='bbox 3405 5000 3516 5060; x_wconf 81' lang='grc' dir='ltr'>τοῖς</span> <span class='ocrx_word' id='word_1_774' title='bbox 3562 5015 3695 5069; x_wconf 88' lang='grc' dir='ltr'>προ-</span> 
     </span>
    </p>
   </div>
   <div class='ocr_carea' id='block_1_104' title="bbox 2128 5090 3693 5164">
    <p class='ocr_par' dir='ltr' id='par_1_104' title="bbox 2128 5090 3693 5164">
     <span class='ocr_line' id='line_1_104' title="bbox 2128 5090 3693 5164; baseline -0.001 -20"><span class='ocrx_word' id='word_1_775' title='bbox 2128 5092 2311 5157; x_wconf 76' lang='grc' dir='ltr'><em>ϐάτοις</em></span> <span class='ocrx_word' id='word_1_776' title='bbox 2363 5095 2751 5164; x_wconf 76' lang='grc' dir='ltr'>διενοχλοῦντα,</span> <span class='ocrx_word' id='word_1_777' title='bbox 2806 5092 2837 5164; x_wconf 78' lang='grc' dir='ltr'>ἢ</span> <span class='ocrx_word' id='word_1_778' title='bbox 2886 5095 2943 5146; x_wconf 88' lang='grc' dir='ltr'>αἱ</span> <span class='ocrx_word' id='word_1_779' title='bbox 2994 5091 3359 5161; x_wconf 84' lang='grc' dir='ltr'><strong>ἁντικείμεναι</strong></span> <span class='ocrx_word' id='word_1_780' title='bbox 3405 5090 3693 5160; x_wconf 75' lang='grc' dir='ltr'><strong>δυνάμεις-ς</strong></span> 
     </span>
    </p>
   </div>
   <div class='ocr_carea' id='block_1_105' title="bbox 454 5161 3693 5255">
    <p class='ocr_par' dir='ltr' id='par_1_105' title="bbox 454 5161 3693 5255">
     <span class='ocr_line' id='line_1_105' title="bbox 454 5161 3693 5255; baseline -0.001 -20"><span class='ocrx_word' id='word_1_781' title='bbox 454 5161 529 5219; x_wconf 76' lang='grc' dir='ltr'><strong>ὧν</strong></span> <span class='ocrx_word' id='word_1_782' title='bbox 554 5168 617 5219; x_wconf 61' lang='grc' dir='ltr'>ἐκ</span> <span class='ocrx_word' id='word_1_783' title='bbox 650 5168 823 5221; x_wconf 76' lang='grc' dir='ltr'><em>ποδῶν</em></span> <span class='ocrx_word' id='word_1_784' title='bbox 862 5168 1147 5241; x_wconf 68' lang='grc' dir='ltr'><strong>ἀρθεισῶνν</strong></span> <span class='ocrx_word' id='word_1_785' title='bbox 1195 5169 1375 5239; x_wconf 78' lang='grc' dir='ltr'><strong>πάσης</strong></span> <span class='ocrx_word' id='word_1_786' title='bbox 1417 5170 1615 5233; x_wconf 83' lang='grc' dir='ltr'>κακίας</span> <span class='ocrx_word' id='word_1_787' title='bbox 1644 5173 1936 5245; x_wconf 71' lang='grc' dir='ltr'>καθαρθεὶς</span> <span class='ocrx_word' id='word_1_788' title='bbox 1981 5182 2008 5233; x_wconf 98' lang='lat'><strong>6</strong></span> <span class='ocrx_word' id='word_1_789' title='bbox 2046 5181 2163 5246; x_wconf 79' lang='grc' dir='ltr'><em>νέος</em></span> <span class='ocrx_word' id='word_1_790' title='bbox 2188 5185 2279 5237; x_wconf 77' lang='grc' dir='ltr'><strong>καὶ</strong></span> <span class='ocrx_word' id='word_1_791' title='bbox 2306 5186 2490 5248; x_wconf 84' lang='grc' dir='ltr'><strong>καινὸς</strong></span> <span class='ocrx_word' id='word_1_792' title='bbox 2520 5161 2629 5255; x_wconf 68' lang='grc'>(45)</span> <span class='ocrx_word' id='word_1_793' title='bbox 2658 5161 3070 5254; x_wconf 35' lang='grc' dir='ltr'><strong>αἱὼνίβασιλέα</strong></span> <span class='ocrx_word' id='word_1_794' title='bbox 3094 5182 3193 5252; x_wconf 82' lang='grc' dir='ltr'><strong>μὲν</strong></span> <span class='ocrx_word' id='word_1_795' title='bbox 3215 5180 3324 5243; x_wconf 76' lang='grc' dir='ltr'><strong>ἕξει</strong></span> <span class='ocrx_word' id='word_1_796' title='bbox 3348 5180 3437 5232; x_wconf 77' lang='grc' dir='ltr'><strong>τὸν</strong></span> <span class='ocrx_word' id='word_1_797' title='bbox 3450 5179 3577 5232; x_wconf 80' lang='grc' dir='ltr'><strong>Υἱὸν</strong></span> <span class='ocrx_word' id='word_1_798' title='bbox 3606 5181 3693 5234; x_wconf 77' lang='grc' dir='ltr'>τοῦ</span> 
     </span>
    </p>
   </div>
   <div class='ocr_carea' id='block_1_106' title="bbox 567 5284 1283 5357">
    <p class='ocr_par' dir='ltr' id='par_1_106' title="bbox 567 5284 1283 5357">
     <span class='ocr_line' id='line_1_106' title="bbox 567 5284 1283 5357; baseline 0.003 -19"><span class='ocrx_word' id='word_1_799' title='bbox 567 5290 622 5357; x_wconf 49' lang='lat'><strong>&gt;14</strong></span> <span class='ocrx_word' id='word_1_800' title='bbox 647 5284 754 5357; x_wconf 76' lang='lat' dir='ltr'><strong>Ed.</strong></span> <span class='ocrx_word' id='word_1_801' title='bbox 784 5285 979 5348; x_wconf 83' lang='lat' dir='ltr'><strong>l’aris.,</strong></span> <span class='ocrx_word' id='word_1_802' title='bbox 1006 5302 1126 5357; x_wconf 86' lang='lat' dir='ltr'><strong>pag.</strong></span> <span class='ocrx_word' id='word_1_803' title='bbox 1164 5287 1283 5341; x_wconf 81' lang='grc'>191.</span> 
     </span>
    </p>
   </div>
   <div class='ocr_carea' id='block_1_107' title="bbox 454 5356 687 5417">
    <p class='ocr_par' dir='ltr' id='par_1_107' title="bbox 454 5356 687 5417">
     <span class='ocr_line' id='line_1_107' title="bbox 454 5356 687 5417; baseline -0.004 -11"><span class='ocrx_word' id='word_1_804' title='bbox 454 5370 565 5417; x_wconf 76' lang='lat' dir='ltr'><strong>xlv,</strong></span> <span class='ocrx_word' id='word_1_805' title='bbox 597 5356 687 5407; x_wconf 70' lang='lat'><strong>2|.</strong></span> 
     </span>
    </p>
   </div>
   <div class='ocr_carea' id='block_1_108' title="bbox 1397 5288 1945 5357">
    <p class='ocr_par' dir='ltr' id='par_1_108' title="bbox 1397 5288 1945 5357">
     <span class='ocr_line' id='line_1_108' title="bbox 1397 5288 1945 5357; baseline 0.013 -18"><span class='ocrx_word' id='word_1_806' title='bbox 1397 5288 1439 5318; x_wconf 83' lang='grc'><strong>³¹</strong></span> <span class='ocrx_word' id='word_1_807' title='bbox 1475 5288 1603 5341; x_wconf 90' lang='lat' dir='ltr'><strong>Dan.</strong></span> <span class='ocrx_word' id='word_1_808' title='bbox 1646 5304 1742 5353; x_wconf 85' lang='lat' dir='ltr'><strong>vn,</strong></span> <span class='ocrx_word' id='word_1_809' title='bbox 1770 5294 1826 5357; x_wconf 79' lang='lat'><strong>9,</strong></span> <span class='ocrx_word' id='word_1_810' title='bbox 1863 5295 1945 5348; x_wconf 87' lang='grc'><strong>10.</strong></span> 
     </span>
    </p>
   </div>
   <div class='ocr_carea' id='block_1_109' title="bbox 531 5557 1245 5634">
    <p class='ocr_par' dir='ltr' id='par_1_109' title="bbox 531 5557 1245 5634">
     <span class='ocr_line' id='line_1_109' title="bbox 531 5557 1245 5634; baseline 0.013 -25"><span class='ocrx_word' id='word_1_811' title='bbox 668 5560 849 5634; x_wconf 43' lang='lat' dir='ltr'><strong>fulgo</strong></span> <span class='ocrx_word' id='word_1_812' title='bbox 877 5562 971 5615; x_wconf 73' lang='grc' dir='ltr'><strong>καὶ</strong></span> <span class='ocrx_word' id='word_1_813' title='bbox 1001 5560 1075 5634; x_wconf 85' lang='lat'><strong>[6]</strong></span> <span class='ocrx_word' id='word_1_814' title='bbox 1109 5563 1245 5618; x_wconf 88' lang='grc' dir='ltr'>Παλ.</span> 
     </span>
    </p>
   </div>
   <div class='ocr_carea' id='block_1_110' title="bbox 555 5627 1176 5699">
    <p class='ocr_par' dir='ltr' id='par_1_110' title="bbox 555 5627 1176 5699">
     <span class='ocr_line' id='line_1_110' title="bbox 555 5627 1176 5699; baseline 0.006 -19"><span class='ocrx_word' id='word_1_815' title='bbox 555 5627 643 5699; x_wconf 76' lang='grc'><strong>59)</strong></span> <span class='ocrx_word' id='word_1_816' title='bbox 668 5627 835 5697; x_wconf 69' lang='lat' dir='ltr'><strong>Vulgo</strong></span> <span class='ocrx_word' id='word_1_817' title='bbox 856 5647 965 5687; x_wconf 93' lang='lat' dir='ltr'><strong>om.</strong></span> <span class='ocrx_word' id='word_1_818' title='bbox 993 5627 1176 5685; x_wconf 75' lang='grc' dir='ltr'>αὑτοῦ.</span> 
     </span>
    </p>
   </div>
   <div class='ocr_carea' id='block_1_111' title="bbox 556 5698 1555 5772">
    <p class='ocr_par' dir='ltr' id='par_1_111' title="bbox 556 5698 1555 5772">
     <span class='ocr_line' id='line_1_111' title="bbox 556 5698 1555 5772; baseline 0.008 -22"><span class='ocrx_word' id='word_1_819' title='bbox 688 5699 853 5769; x_wconf 78' lang='lat' dir='ltr'><strong>Vulgo</strong></span> <span class='ocrx_word' id='word_1_820' title='bbox 882 5702 1105 5772; x_wconf 55' lang='grc' dir='ltr'><strong>φλὸξ...</strong></span> <span class='ocrx_word' id='word_1_821' title='bbox 1135 5720 1222 5772; x_wconf 92' lang='grc' dir='ltr'><strong>τρ.</strong></span> <span class='ocrx_word' id='word_1_822' title='bbox 1252 5703 1417 5757; x_wconf 77' lang='grc' dir='ltr'>αὑτοῦ</span> <span class='ocrx_word' id='word_1_823' title='bbox 1446 5719 1555 5759; x_wconf 86' lang='lat' dir='ltr'><strong>om.</strong></span> 
     </span>
    </p>
   </div>
   <div class='ocr_carea' id='block_1_112' title="bbox 532 5767 2025 5889">
    <p class='ocr_par' dir='ltr' id='par_1_112' title="bbox 532 5767 2025 5889">
     <span class='ocr_line' id='line_1_112' title="bbox 532 5767 2025 5889; baseline 0.008 -72"><span class='ocrx_word' id='word_1_824' title='bbox 532 5767 642 5889; x_wconf 44' lang='grc' dir='ltr'>(μ.)</span> <span class='ocrx_word' id='word_1_825' title='bbox 680 5767 1054 5837; x_wconf 59' lang='grc' dir='ltr'><strong>Προξοητικὰς</strong></span> <span class='ocrx_word' id='word_1_826' title='bbox 1105 5767 1319 5838; x_wconf 78' lang='grc' dir='ltr'><em>λέξεις.</em></span> <span class='ocrx_word' id='word_1_827' title='bbox 1383 5774 1649 5829; x_wconf 87' lang='lat' dir='ltr'><strong>lntcrsere</strong></span> <span class='ocrx_word' id='word_1_828' title='bbox 1679 5775 1896 5839; x_wconf 76' lang='grc' dir='ltr'>ταύτας.</span> <span class='ocrx_word' id='word_1_829' title='bbox 1942 5777 2025 5829; x_wconf 68' lang='lat' dir='ltr'><strong>Ino</strong></span> 
     </span>
     <span class='ocr_line' id='line_1_113' title="bbox 560 5842 2017 5889; baseline 0.001 -2"><span class='ocrx_word' id='word_1_830' title='bbox 560 5847 652 5889; x_wconf 79' lang='lat' dir='ltr'><strong>tmt</strong></span> <span class='ocrx_word' id='word_1_831' title='bbox 692 5842 834 5889; x_wconf 87' lang='lat' dir='ltr'><strong>enim</strong></span> <span class='ocrx_word' id='word_1_832' title='bbox 886 5851 1155 5889; x_wconf 70' lang='lat' dir='ltr'><strong>mutuatas</strong></span> <span class='ocrx_word' id='word_1_833' title='bbox 1201 5844 1267 5889; x_wconf 75' lang='lat' dir='ltr'><strong>ah</strong></span> <span class='ocrx_word' id='word_1_834' title='bbox 1320 5843 1597 5889; x_wconf 69' lang='lat' dir='ltr'><strong>Ezerhinln</strong></span> <span class='ocrx_word' id='word_1_835' title='bbox 1651 5855 1705 5889; x_wconf 71' lang='lat' dir='ltr'><strong>et</strong></span> <span class='ocrx_word' id='word_1_836' title='bbox 1781 5846 2017 5889; x_wconf 67' lang='grc' dir='ltr'><strong>ῡιιιιίυιρ,</strong></span> 
     </span>
    </p>
   </div>
   <div class='ocr_carea' id='block_1_113' title="bbox 457 5838 2019 5919">
    <p class='ocr_par' dir='ltr' id='par_1_113' title="bbox 457 5838 2019 5919">
     <span class='ocr_line' id='line_1_114' title="bbox 457 5838 2019 5919; baseline 0.007 -30"><span class='ocrx_word' id='word_1_837' title='bbox 457 5838 652 5905; x_wconf 72' lang='lat' dir='ltr'><strong>telligit</strong></span> <span class='ocrx_word' id='word_1_838' title='bbox 692 5842 834 5919; x_wconf 76' lang='lat' dir='ltr'><strong>enim</strong></span> <span class='ocrx_word' id='word_1_839' title='bbox 874 5851 1155 5919; x_wconf 55' lang='lat' dir='ltr'><strong>mutuatus</strong></span> <span class='ocrx_word' id='word_1_840' title='bbox 1201 5844 1267 5896; x_wconf 82' lang='lat' dir='ltr'><strong>ab</strong></span> <span class='ocrx_word' id='word_1_841' title='bbox 1320 5843 1597 5900; x_wconf 76' lang='lat' dir='ltr'><strong>Ezechiele</strong></span> <span class='ocrx_word' id='word_1_842' title='bbox 1651 5855 1705 5898; x_wconf 91' lang='lat' dir='ltr'><strong>et</strong></span> <span class='ocrx_word' id='word_1_843' title='bbox 1779 5838 2019 5912; x_wconf 78' lang='lat' dir='ltr'><strong>Danicle,</strong></span> 
     </span>
    </p>
   </div>
   <div class='ocr_carea' id='block_1_114' title="bbox 460 5908 941 5977">
    <p class='ocr_par' dir='ltr' id='par_1_114' title="bbox 460 5908 941 5977">
     <span class='ocr_line' id='line_1_115' title="bbox 460 5908 941 5977; baseline 0.008 -18"><span class='ocrx_word' id='word_1_844' title='bbox 460 5919 565 5961; x_wconf 89' lang='lat' dir='ltr'><strong>non</strong></span> <span class='ocrx_word' id='word_1_845' title='bbox 599 5909 838 5977; x_wconf 72' lang='lat' dir='ltr'><strong>quasvis.</strong></span> <span class='ocrx_word' id='word_1_846' title='bbox 872 5908 941 5963; x_wconf 81' lang='grc' dir='ltr'><strong>Μ.</strong></span> 
     </span>
    </p>
   </div>
   <div class='ocr_carea' id='block_1_115' title="bbox 2055 5298 2689 5366">
    <p class='ocr_par' dir='ltr' id='par_1_115' title="bbox 2055 5298 2689 5366">
     <span class='ocr_line' id='line_1_116' title="bbox 2055 5298 2689 5366; baseline 0.006 -15"><span class='ocrx_word' id='word_1_847' title='bbox 2055 5298 2099 5329; x_wconf 66' lang='grc'>³³</span> <span class='ocrx_word' id='word_1_848' title='bbox 2127 5299 2313 5356; x_wconf 81' lang='lat' dir='ltr'><strong>Matth.</strong></span> <span class='ocrx_word' id='word_1_849' title='bbox 2344 5318 2470 5366; x_wconf 75' lang='lat' dir='ltr'><strong>xxv,</strong></span> <span class='ocrx_word' id='word_1_850' title='bbox 2499 5302 2689 5355; x_wconf 77' lang='grc'><strong>51-51.</strong></span> 
     </span>
    </p>
   </div>
   <div class='ocr_carea' id='block_1_116' title="bbox 2800 5296 3687 5362">
    <p class='ocr_par' dir='ltr' id='par_1_116' title="bbox 2800 5296 3687 5362">
     <span class='ocr_line' id='line_1_117' title="bbox 2800 5296 3687 5362; baseline -0.007 -8"><span class='ocrx_word' id='word_1_851' title='bbox 2800 5301 2843 5331; x_wconf 77' lang='grc'><strong>³³</strong></span> <span class='ocrx_word' id='word_1_852' title='bbox 2876 5300 2889 5353; x_wconf 90' lang='grc' dir='ltr'><strong>Ι</strong></span> <span class='ocrx_word' id='word_1_853' title='bbox 2926 5300 3051 5353; x_wconf 88' lang='lat' dir='ltr'><strong>Cor.</strong></span> <span class='ocrx_word' id='word_1_854' title='bbox 3090 5314 3175 5362; x_wconf 78' lang='lat' dir='ltr'><strong>xv,</strong></span> <span class='ocrx_word' id='word_1_855' title='bbox 3230 5296 3320 5350; x_wconf 63' lang='lat'><strong>24.</strong></span> <span class='ocrx_word' id='word_1_856' title='bbox 3421 5296 3464 5326; x_wconf 71' lang='lat'><strong>“</strong></span> <span class='ocrx_word' id='word_1_857' title='bbox 3496 5296 3687 5351; x_wconf 76' lang='lat' dir='ltr'><strong>Ezeclt.</strong></span> 
     </span>
    </p>
   </div>
   <div class='ocr_carea' id='block_1_117' title="bbox 2200 5559 3685 5639">
    <p class='ocr_par' dir='ltr' id='par_1_117' title="bbox 2200 5559 3685 5639">
     <span class='ocr_line' id='line_1_118' title="bbox 2200 5559 3685 5639; baseline -0.008 -17"><span class='ocrx_word' id='word_1_858' title='bbox 2200 5569 2309 5639; x_wconf 60' lang='grc' dir='ltr'>(Ω)</span> <span class='ocrx_word' id='word_1_859' title='bbox 2341 5566 2821 5639; x_wconf 21' lang='grc' dir='ltr'><strong>Κρίσεωςᾉκρίων.</strong></span> <span class='ocrx_word' id='word_1_860' title='bbox 2864 5566 2954 5639; x_wconf 74' lang='lat' dir='ltr'><strong>Sic</strong></span> <span class='ocrx_word' id='word_1_861' title='bbox 3001 5575 3168 5629; x_wconf 84' lang='lat' dir='ltr'><strong>recte,</strong></span> <span class='ocrx_word' id='word_1_862' title='bbox 3194 5564 3291 5617; x_wconf 85' lang='lat' dir='ltr'><strong>nisi</strong></span> <span class='ocrx_word' id='word_1_863' title='bbox 3327 5564 3464 5616; x_wconf 77' lang='lat' dir='ltr'><strong>forte</strong></span> <span class='ocrx_word' id='word_1_864' title='bbox 3505 5559 3685 5631; x_wconf 77' lang='grc' dir='ltr'>χρίων,</span> 
     </span>
    </p>
   </div>
   <div class='ocr_carea' id='block_1_118' title="bbox 2129 5637 3036 5707">
    <p class='ocr_par' dir='ltr' id='par_1_118' title="bbox 2129 5637 3036 5707">
     <span class='ocr_line' id='line_1_119' title="bbox 2129 5637 3036 5707; baseline -0.004 -16"><span class='ocrx_word' id='word_1_865' title='bbox 2129 5641 2222 5691; x_wconf 77' lang='grc' dir='ltr'><strong>καὶ</strong></span> <span class='ocrx_word' id='word_1_866' title='bbox 2252 5637 2439 5707; x_wconf 81' lang='grc' dir='ltr'>κρίων.</span> <span class='ocrx_word' id='word_1_867' title='bbox 2474 5638 2540 5692; x_wconf 78' lang='grc' dir='ltr'><strong>Μ.</strong></span> <span class='ocrx_word' id='word_1_868' title='bbox 2590 5637 2754 5707; x_wconf 82' lang='lat' dir='ltr'><strong>Vulgo</strong></span> <span class='ocrx_word' id='word_1_869' title='bbox 2784 5637 3036 5707; x_wconf 82' lang='grc' dir='ltr'>κρίσεων.</span> 
     </span>
    </p>
   </div>
   <div class='ocr_carea' id='block_1_119' title="bbox 2200 5702 3387 5779">
    <p class='ocr_par' dir='ltr' id='par_1_119' title="bbox 2200 5702 3387 5779">
     <span class='ocr_line' id='line_1_120' title="bbox 2200 5702 3387 5779; baseline -0.007 -19"><span class='ocrx_word' id='word_1_870' title='bbox 2200 5702 2311 5779; x_wconf 71' lang='grc'>(43)</span> <span class='ocrx_word' id='word_1_871' title='bbox 2344 5708 2518 5779; x_wconf 61' lang='grc' dir='ltr'><strong>ΔΥιιιιςο</strong></span> <span class='ocrx_word' id='word_1_872' title='bbox 2547 5722 2655 5779; x_wconf 71' lang='lat' dir='ltr'><strong>om.</strong></span> <span class='ocrx_word' id='word_1_873' title='bbox 2683 5702 2781 5775; x_wconf 64' lang='grc' dir='ltr'><strong>μέν</strong></span> <span class='ocrx_word' id='word_1_874' title='bbox 2810 5702 2861 5760; x_wconf 82' lang='lat' dir='ltr'><strong>et</strong></span> <span class='ocrx_word' id='word_1_875' title='bbox 2888 5722 3008 5760; x_wconf 69' lang='lat' dir='ltr'><strong>nios</strong></span> <span class='ocrx_word' id='word_1_876' title='bbox 3035 5707 3063 5757; x_wconf 90' lang='lat'><strong>6</strong></span> <span class='ocrx_word' id='word_1_877' title='bbox 3090 5712 3214 5758; x_wconf 88' lang='lat' dir='ltr'><strong>ante</strong></span> <span class='ocrx_word' id='word_1_878' title='bbox 3237 5702 3387 5765; x_wconf 81' lang='grc' dir='ltr'><strong>Θεός.</strong></span> 
     </span>
    </p>
   </div>
   <div class='ocr_carea' id='block_1_120' title="bbox 2200 5775 2776 5847">
    <p class='ocr_par' dir='ltr' id='par_1_120' title="bbox 2200 5775 2776 5847">
     <span class='ocr_line' id='line_1_121' title="bbox 2200 5775 2776 5847; baseline -0.002 -17"><span class='ocrx_word' id='word_1_879' title='bbox 2200 5775 2313 5847; x_wconf 70' lang='grc'>(44)</span> <span class='ocrx_word' id='word_1_880' title='bbox 2344 5775 2515 5847; x_wconf 61' lang='lat' dir='ltr'><strong>Vulgo</strong></span> <span class='ocrx_word' id='word_1_881' title='bbox 2555 5775 2776 5847; x_wconf 70' lang='grc' dir='ltr'><strong>ηὔξατο.</strong></span> 
     </span>
    </p>
   </div>
   <div class='ocr_carea' id='block_1_121' title="bbox 2202 5840 3618 5919">
    <p class='ocr_par' dir='ltr' id='par_1_121' title="bbox 2202 5840 3618 5919">
     <span class='ocr_line' id='line_1_122' title="bbox 2202 5840 3618 5919; baseline -0.004 -17"><span class='ocrx_word' id='word_1_882' title='bbox 2202 5840 2312 5919; x_wconf 64' lang='grc'>(45)</span> <span class='ocrx_word' id='word_1_883' title='bbox 2356 5840 2523 5918; x_wconf 56' lang='grc' dir='ltr'><em>νυιέο</em></span> <span class='ocrx_word' id='word_1_884' title='bbox 2556 5840 2760 5910; x_wconf 73' lang='grc' dir='ltr'><strong>κλεινός</strong></span> <span class='ocrx_word' id='word_1_885' title='bbox 2786 5862 2799 5913; x_wconf 90' lang='grc'><strong>;</strong></span> <span class='ocrx_word' id='word_1_886' title='bbox 2825 5855 2877 5900; x_wconf 82' lang='grc' dir='ltr'><strong>ιιι</strong></span> <span class='ocrx_word' id='word_1_887' title='bbox 2907 5844 2977 5901; x_wconf 79' lang='lat' dir='ltr'><strong>cf.</strong></span> <span class='ocrx_word' id='word_1_888' title='bbox 3020 5859 3074 5915; x_wconf 83' lang='lat' dir='ltr'><strong>p.</strong></span> <span class='ocrx_word' id='word_1_889' title='bbox 3109 5842 3207 5898; x_wconf 87' lang='grc'>115</span> <span class='ocrx_word' id='word_1_890' title='bbox 3238 5843 3298 5907; x_wconf 88' lang='lat' dir='ltr'><strong>D,</strong></span> <span class='ocrx_word' id='word_1_891' title='bbox 3331 5856 3381 5911; x_wconf 86' lang='lat' dir='ltr'><strong>p.</strong></span> <span class='ocrx_word' id='word_1_892' title='bbox 3424 5840 3522 5894; x_wconf 74' lang='grc'><strong>150</strong></span> <span class='ocrx_word' id='word_1_893' title='bbox 3558 5842 3618 5897; x_wconf 84' lang='grc' dir='ltr'><strong>Δ.</strong></span> 
     </span>
    </p>
   </div>
  </div>
