3956 6508
1370 178 1392 209 θ

568 408 707 467 1045

1232 416 1500 486 EUSEBII
1537 416 2003 478 CESARIENSIS
2038 421 2191 480 OPP.
2230 421 2412 478 PARS
2448 422 2536 480 iV.
2574 454 2643 465 —
2679 422 3095 480 DOGMATICA.

3635 429 3754 483 1044

566 547 728 586 unum
759 534 1027 598 sumus";
1055 534 1125 588 ita
1160 552 1370 605 quoque
1414 540 1477 592 ad
1529 540 1695 607 ipsius
1744 541 2111 607 imitationem,

2224 543 2280 594 ἓν
2307 538 2442 596 εἶναι
2465 541 2636 609 ἔλεγε,
2659 541 2898 609 φάσκων,
2929 540 3075 609 Ἐγὼ
3095 539 3191 593 καὶ
3213 542 3247 592 ὀ
3270 539 3472 607 Πατὴρ
3495 538 3752 609 ἕνὲσμεν,

568 636 627 680 ιιι
671 641 767 680 nos
806 641 994 680 omnes
1043 629 1232 683 ﬁamus
1284 632 1574 701 participes
1605 632 1839 699 ejusdem
1881 633 2116 695 unionis.

564 728 811 787 precatus
837 730 940 774 est.
972 718 1086 774 Non
1133 722 1275 791 quod
1311 722 1566 790 Verbum,
1596 734 1652 779 ut
1681 724 1956 780 Marcellus
1983 724 2115 788 vult,

563 812 779 864 uuiatur
812 811 940 875 Deo,
971 822 1025 866 et
1057 814 1491 871 substantialiter
1520 815 1875 885 coniungatur
1913 816 1960 869 ei
1992 855 2009 880 ,
2060 825 2117 868 ut

560 903 764 956 veritas
808 904 921 971 ipsa
958 904 1218 959 Servalor
1271 917 1521 973 testatur,
1572 906 2118 975 inquiens:Gloriam

558 1009 714 1061 quant
741 994 934 1047 dedisti
951 995 1076 1048 mihi
1105 997 1225 1050 dedi
1260 1000 1348 1063 iis,
1378 1008 1435 1051 ut
1462 1000 1567 1052 sint
1601 1015 1761 1051 unum
1785 999 1915 1051 sicut
1943 1009 1990 1050 et
2026 1013 2117 1049 nos

558 1100 723 1138 unum
761 1101 963 1143 sumus.
1005 1085 1115 1156 Ego
1160 1089 1214 1140 in
1262 1089 1326 1142 iis
1374 1099 1422 1143 et
1468 1099 1524 1142 tu
1560 1090 1616 1141 in
1642 1105 1740 1152 me,
1774 1096 1833 1141 ut
1861 1089 1963 1141 sint
1994 1103 2118 1139 con-

558 1178 806 1228 summati
862 1177 917 1230 in
966 1194 1151 1231 unum.
1202 1180 1376 1248 Atque
1430 1179 1501 1232 ita
1551 1178 1929 1245 adimplebitur
1990 1175 2119 1229 illud

558 1268 796 1335 Apostoli
829 1269 1031 1322 dictum
1065 1287 1078 1321 :
1106 1268 1175 1323 Ut
1208 1269 1346 1324 Deus
1382 1273 1450 1323 sit
1492 1270 1669 1322 omnia
1699 1271 1752 1320 in
1796 1269 2035 1322 omnibus
2052 1267 2116 1320 ³⁷.

558 1360 692 1415 Cum
736 1376 864 1415 vero
904 1360 1207 1428 Marcellus,
1241 1371 1294 1415 et
1322 1362 1410 1430 qui
1445 1376 1565 1415 cum
1597 1362 1713 1429 ipso
1743 1361 1928 1414 eodem
1964 1358 2121 1412 modo

558 1469 667 1522 quo
704 1454 815 1523 ipse
865 1453 1155 1507 Sabelliani
1196 1468 1342 1519 sunt,
1379 1455 1547 1509 tribus
1580 1456 1678 1509 niti
1728 1455 1937 1508 soleant
1971 1454 2121 1507 testi-

560 1541 773 1606 moniis,
804 1540 998 1610 quibus
1013 1551 1277 1597 conantur
1294 1545 1599 1608 ostendere,
1616 1544 1828 1598 Patrem
1854 1556 2013 1613 atque
2030 1544 2122 1598 Fl-

556 1635 691 1689 lium
718 1648 838 1689 esse
872 1650 1058 1701 unum,
1086 1643 1268 1703 utputa
1317 1635 1444 1687 illud
1472 1654 1486 1688 :
1512 1633 1625 1705 Ego
1664 1646 1711 1688 et
1757 1636 1918 1689 Pater
1959 1652 2119 1688 unum

556 1743 739 1781 sumus
766 1727 846 1793 ³⁸;
881 1737 935 1781 et
956 1726 1191 1781 secundo
1217 1744 1229 1780 :
1253 1724 1417 1779 Pater
1438 1728 1489 1779 in
1507 1744 1586 1780 me
1608 1738 1653 1780 et
1671 1744 1763 1796 ego
1784 1728 1836 1779 in
1866 1726 2022 1780 Patre
2038 1728 2080 1759 ’9
2103 1745 2119 1793 ;

556 1825 610 1869 et
641 1817 798 1872 tertio
826 1833 841 1872 :
868 1817 973 1881 Qui
1007 1834 1084 1871 me
1117 1817 1265 1879 vidit,
1305 1817 1430 1870 vidit
1486 1828 1532 1869 et
1574 1814 1867 1881 Patrem“,
1892 1832 2009 1885 qua:
2044 1818 2115 1869 illi

554 1922 769 1976 semper
820 1909 872 1962 in
931 1923 1025 1962 ore
1082 1907 1410 1974 habent;et
1469 1906 1598 1961 illud
1641 1927 1653 1961 :
1693 1906 1802 1975 Ego
1850 1916 1895 1960 et
1955 1905 2114 1959 Pater

553 2017 716 2055 unum
743 2017 946 2065 sumus,
964 1998 1261 2069 objicienda
1288 2008 1415 2053 sunt
1442 2012 1473 2051 e
1506 2006 1690 2051 contra
1717 2012 1835 2065 qua:
1854 1996 1965 2065 jam
1990 2011 2112 2064 pro-

554 2093 823 2149 tulimus:
862 2092 951 2146 ubi
998 2105 1095 2161 pro
1149 2089 1426 2158 discipulis
1480 2088 1782 2154 intercedit,
1824 2096 1881 2141 ut
1924 2102 2115 2142 omnes

477 2236 482 2249 ,
551 2186 790 2257 ejusdem
820 2183 1042 2238 unitatis
1077 2182 1363 2250 participes
1410 2178 1560 2236 ﬁant.
1591 2179 1768 2250 luquit
1811 2182 1956 2234 enim
1992 2195 2004 2229 :
2043 2179 2113 2234 Ut

549 2280 656 2333 sint
690 2292 874 2340 unum,
897 2271 1333 2344 quemadmodum
1361 2280 1410 2324 et
1441 2288 1533 2324 nos
1565 2287 1744 2324 sumus
1783 2287 1965 2324 unum.
2001 2268 2113 2341 Ego

548 2374 603 2425 in
631 2370 739 2424 illis
769 2379 815 2421 et
845 2378 901 2424 tu
932 2368 986 2420 iu
1014 2382 1116 2429 me,
1148 2374 1203 2417 ut
1234 2364 1338 2417 sint
1372 2364 1721 2416 consummati
1742 2364 1796 2417 in
1820 2380 2004 2418 unum.
2031 2365 2113 2419 Ad

547 2461 675 2519 illud
706 2468 884 2513 autem
911 2474 926 2511 :
962 2455 1120 2510 Pater
1145 2456 1198 2509 in
1221 2472 1300 2508 me
1327 2463 1374 2508 et
1407 2469 1501 2523 ego
1536 2454 1590 2506 in
1624 2452 1808 2521 Patre,
1840 2470 2109 2523 Oppouam

548 2553 727 2606 denuo
785 2550 954 2619 ipsius
994 2563 1202 2613 vocem,
1228 2545 1314 2601 ubi
1345 2547 1440 2611 ait,
1472 2563 1568 2617 pro
1608 2546 1675 2600 iis
1714 2547 2061 2601 intercedens
2095 2562 2108 2599 :

548 2641 619 2697 Ut
647 2654 703 2696 tu
734 2640 900 2695 Pater
937 2640 992 2693 in
1041 2656 1144 2703 me,
1187 2649 1235 2692 et
1284 2655 1376 2708 ego
1418 2640 1470 2691 iu
1507 2649 1574 2705 te,
1602 2648 1655 2691 ut
1688 2648 1734 2691 et
1759 2639 1855 2704 ipsi
1886 2638 1940 2691 iu
1965 2640 2112 2691 nobis

546 2748 707 2787 unum
743 2731 867 2785 sint.
898 2728 963 2782 Et
986 2746 1079 2797 ego
1115 2728 1410 2782 claritatem
1440 2744 1598 2797 quam
1623 2729 1811 2781 dedisti
1838 2727 1963 2780 mihi
1992 2727 2113 2780 dedi

544 2824 695 2891 ipsis.
734 2822 791 2875 ln
836 2821 1032 2889 quibus
1072 2818 1353 2888 perspicue
1384 2819 1515 2872 illud
1554 2818 1826 2883 indicavit,
1864 2818 1927 2869 ad
1987 2832 2113 2870 eum

544 2916 761 2970 modum
794 2912 849 2966 in
891 2913 1010 2981 ipso
1042 2925 1160 2966 esse
1201 2911 1445 2974 Patrem,
1483 2926 1587 2977 quo
1619 2920 1673 2963 et
1717 2910 1770 2963 in
1814 2909 1968 2963 nobis
2002 2907 2114 2960 vult

543 3020 683 3059 esse.
734 3003 851 3057 Non
904 3004 1049 3071 quod
1099 3017 1263 3054 unum
1320 3001 1435 3070 ipse
1484 3010 1538 3055 et
1570 3000 1730 3054 Pater
1776 3000 2113 3070 liypostatice

544 3098 647 3151 fuit
679 3116 693 3151 :
726 3094 819 3150 sed
869 3094 1009 3163 quod
1060 3092 1218 3146 Pater
1249 3107 1372 3147 cum
1426 3090 1740 3161 participem
1797 3091 1971 3159 ipsum
2005 3106 2114 3143 sua:

544 3190 728 3258 gloria:
775 3185 987 3250 fecerit,
1039 3192 1094 3239 et
1140 3186 1252 3252 ipse
1286 3183 1353 3236 ad
1395 3183 1750 3237 imitationem
1805 3182 1888 3236 sui
1929 3179 2107 3234 Patris

543 3281 898 3338 familiaribus
930 3279 1041 3333 suis
1087 3292 1240 3332 suam
1287 3276 1651 3331 communicet
1696 3274 1945 3344 gloriam.
1978 3271 2104 3327 Ideo

542 3376 621 3426 ait
648 3393 661 3428 :
692 3371 804 3440 Ego
834 3369 1126 3423 claritatem
1164 3383 1323 3437 quam
1375 3364 1569 3419 dedisti
1618 3366 1747 3418 mihi
1780 3366 1900 3419 dedi
1926 3365 2021 3428 eis,
2052 3373 2105 3417 ut

541 3464 646 3517 sint
680 3478 843 3514 unum
863 3463 998 3513 sicut
1026 3468 1074 3512 et
1108 3474 1201 3511 nos
1238 3472 1402 3510 unum
1431 3471 1631 3509 sumus.
1659 3454 1771 3524 Ego
1802 3457 1858 3509 in
1886 3456 1951 3507 iis
1973 3464 2019 3507 et
2050 3464 2106 3506 tu

541 3555 597 3603 in
624 3566 724 3613 me,
756 3560 809 3601 ut
840 3557 885 3601 et
910 3548 1010 3615 ipsi
1041 3548 1116 3600 sic
1152 3546 1255 3599 sint
1296 3546 1349 3599 in
1383 3546 1547 3599 nobis.
1574 3546 1651 3599 Ita
1680 3546 1838 3599 Pater
1862 3556 1914 3599 et
1937 3544 2106 3599 Filius

543 3656 705 3694 llllllm
746 3648 890 3703 sunt,
923 3640 1305 3693 communione
1335 3637 1598 3692 claritatis
1632 3653 1643 3687 :
1678 3651 1989 3704 quamcum
2025 3638 2106 3690 di-

541 3728 761 3797 scipulis
790 3727 903 3782 suis
936 3725 1233 3796 impertiat,
1273 3724 1511 3796 ejusdem
1554 3740 1648 3779 eos
1699 3724 1911 3781 unionis
1939 3725 2105 3793 parti-

542 3822 691 3887 cipes
725 3817 870 3873 fecit.

2216 632 2357 685 οὓτω
2387 631 2479 684 καὶ
2512 630 2718 693 πάντας
2744 633 2893 701 ἡμᾶς
2921 630 3059 683 κατὰ
3090 631 3187 699 τὴν
3223 630 3391 683 αὑτοῦ
3430 631 3648 701 μίμησιν
3674 635 3756 703 τῆς
3824 652 3831 659 ·

2220 722 2465 790 ὲνότητος
2496 719 2595 787 τῆς
2622 718 2730 790 (51)
2782 721 3065 788 μετασχεῖν
3098 718 3334 789 εὔχεται·
3368 719 3431 771 οὐ
3460 720 3593 771 κατὰ
3623 720 3757 792 Μάρ-

2217 811 2509 879 κελλονιτοῢ
2536 812 2705 879 Λόγου
2736 812 3004 881 ὲνωμένου
3023 811 3098 881 τῷ
3125 810 3241 881 Θεῷ
3268 812 3364 864 καὶ
3388 815 3453 881 τῇ
3483 813 3631 882 οὐσίᾳ
3655 831 3758 865 συν-

2216 903 2613 974 αφθησομένου,
2650 902 2832 965 καθὼς
2867 902 2924 956 δὲ
2963 903 3346 975 ἐμαρτύρησεν
3407 907 3440 975 ἡ
3484 905 3757 975 ἁλήθεια,ὀ

2219 996 2410 1068 Σωτὴρ
2452 996 2613 1058 αὐτὸς
2644 996 2833 1047 εἰπών·
2882 994 3001 1063 Τὴν
3039 995 3226 1058 δόξαν
3270 996 3350 1065 ἣν
3398 995 3619 1061 ἔδωκάς
3653 1017 3755 1065 μοι,

2218 1088 2436 1141 δέδωκα
2460 1086 2682 1153 αὐτοῖς·
2714 1087 2814 1139 ἵνα
2838 1081 2989 1140 ὦσιν
3028 1085 3096 1139 ἒν
3130 1086 3241 1157 (5'2)
3278 1085 3473 1150 καθὼς
3506 1086 3665 1154 ἡμεῖς
3701 1088 3759 1141 ἐν

2217 1181 2422 1249 ἐσμεν·
2452 1179 2566 1248 ἐγὼ
2590 1181 2658 1233 ἑν
2683 1178 2885 1244 αὐτοῖς
2915 1178 3012 1232 καὶ
3046 1177 3125 1231 σὺ
3162 1179 3232 1232 ὲν
3250 1177 3405 1246 ἐμοὶ,
3431 1179 3529 1230 ἵνα
3555 1173 3656 1231 ὦσι
3686 1195 3759 1231 τε-

2218 1271 2589 1339 τελειωμένοι
2632 1272 2717 1334 είς
2758 1269 2824 1323 τὸ
2855 1268 2943 1322 ἓν·
2990 1268 3132 1321 οὕτω
3168 1269 3277 1339 γὰρ
3317 1269 3415 1321 καὶ
3447 1269 3565 1320 τότε
3601 1271 3684 1321 καὶ
3708 1271 3759 1322 τὸ

2220 1361 2570 1415 ἀποστολικὸν
2602 1361 2784 1416 λοιπὸν
2819 1359 3004 1422 τέλους
3033 1358 3296 1424 τεύξεται,
3326 1359 3390 1411 τὸ
3420 1358 3614 1428 φῆσαν,
3649 1359 3759 1413 Ἵνα

2218 1449 2259 1525 ᾖ
2294 1458 2326 1507 ό
2362 1454 2503 1520 Θεὸς
2545 1454 2739 1507 πάντα
2765 1454 2833 1507 ἐν
2866 1450 3035 1506 πᾶσι.
3068 1452 3177 1505 Καὶ
3209 1449 3400 1520 ἐπειδὴ
3426 1450 3573 1521 τρισὶ
3603 1453 3759 1519 ῥητοῖς

2220 1545 2533 1616 Μάρκελλος
2561 1546 2654 1597 καὶ
2686 1545 2735 1597 oi
2773 1545 2863 1597 τὸν
2900 1544 3081 1613 ὅμοιον
3126 1541 3273 1612 αὐτῷ
3297 1542 3501 1613 τρόπον
3534 1543 3755 1595 2465m-

2222 1636 2404 1699 ζοντες
2435 1636 2667 1705 χρῆσθαι
2694 1634 2934 1697 εἰώθασι,
2970 1634 3059 1689 τὸν
3088 1634 3305 1705 Πατέρα
3339 1636 3545 1688 καὶτὸν
3572 1634 3685 1686 Υίὸν
3710 1633 3757 1686 ἓν

2222 1719 2359 1777 εἶναι
2395 1724 2719 1794 πειρώμενοι
2747 1724 3037 1777 δεικνύναι·
3069 1724 3197 1776 ποτὲ
3220 1724 3332 1792 (35)
3366 1724 3486 1793 μὲν,
3523 1723 3652 1792 Ἐτὼ
3675 1723 3755 1776 καὶ

2221 1816 2419 1883 Πατὴρ
2442 1816 2511 1869 ἓν
2531 1817 2736 1884 ἐσμεν,
2767 1813 3103 1886 Θρυλοῦντες·
3138 1814 3265 1866 ποτὲ
3289 1815 3347 1867 δὲ
3378 1815 3460 1877 τὸ,
3495 1815 3556 1867 '0
3583 1812 3757 1879 Πατὴρ

2212 1908 2282 1963 ἐν
2295 1908 2445 1975 ἐμοὶ,
2476 1908 2633 1976 κάγὼ
2656 1907 2724 1959 ἐν
2744 1905 2821 1970 τῷ
2846 1905 3044 1973 Πατρί·
3072 1905 3165 1957 καὶ
3189 1906 3269 1967 τὸ,
3312 1906 3367 1956 '0
3393 1902 3649 1973 ἑωρακὼς
3670 1901 3756 1971 ἐμὲ

2212 1998 2428 2066 ἑώρακε
2460 1999 2555 2053 καὶ
2598 1997 2701 2051 τὸν
2735 1997 2979 2064 Πατέρα·
3010 1998 3147 2069 πρὸς
3190 1998 3290 2068 μὲν
3324 1997 3406 2061 τὸ,
3453 1996 3586 2063 Ἐγὼ
3620 1994 3701 2046 καί
3726 1996 3753 2047 ὀ

2212 2091 2415 2157 Πατὴρ
2442 2090 2510 2144 ἕν
2531 2090 2715 2158 ἐσμεν
2741 2089 2808 2141 τὰ
2830 2088 3181 2161 προκείμενα,
3212 2090 3399 2151 αὐτοῖς
3427 2084 3750 2157 προσακτέον.

2212 2183 2279 2234 δι’
2308 2175 2381 2235 ὧν
2412 2181 2767 2253 ὑπερεύχεται
2790 2182 2897 2235 τῶν
2921 2183 3084 2236 αὐτοῦ
3120 2180 3402 2252 μαθητῶν,
3437 2178 3521 2231 ἶνα
3542 2177 3629 2229 καὶ
3648 2174 3751 2227 πάν-

2211 2291 2304 2337 τες
2332 2274 2483 2326 αὐτοὶ
2517 2274 2619 2343 τῆς
2655 2273 2823 2344 αὐτῆς
2862 2274 2972 2344 (54)
3011 2272 3252 2336 ἑνὼσεως
3282 2272 3507 2341 τύχωσι·
3537 2268 3669 2337 λέγει
3706 2266 3750 2319 δὲ

2212 2361 2324 2431 οὖν,
2358 2366 2490 2421 Ἵνα
2516 2360 2667 2418 ὦσιν
2686 2365 2773 2430 ἓν,
2808 2365 2998 2431 καθὼς
3023 2365 3193 2435 ἡμεῖς
3213 2365 3301 2418 ἓν·
3332 2363 3449 2433 ἐγὼ
3468 2364 3536 2417 ἐν
3560 2358 3749 2423 αὐτοῖς,

2213 2455 2311 2508 καὶ
2349 2455 2429 2507 σὺ
2460 2456 2531 2507 ἐν
2557 2456 2705 2524 ἐμοὶ,
2744 2456 2843 2507 ἵνα
2868 2450 2978 2508 ὦσι
3010 2454 3449 2523 τετελειωμένοι
3480 2454 3563 2518 εις
3598 2449 3654 2502 τὸ
3678 2448 3746 2501 ἓν.

2214 2548 2356 2618 Πρὸς
2388 2548 2443 2603 δὲ
2474 2548 2553 2610 τὸ,
2579 2548 2633 2599 Ὀ
2669 2547 2869 2615 Πατὴρ
2905 2548 2975 2600 ἐν
2999 2548 3148 2615 ἐμοὶ,
3374 2547 3445 2598 ἐν
3475 2543 3551 2606 τῷ
3576 2540 3746 2606 Πατρὶν

2213 2638 2603 2710 παραθήσομεν
2628 2638 2725 2709 τὴν
2758 2640 2920 2691 αὑτοῦ
2948 2638 3107 2691 πάλιν
3132 2638 3339 2708 φωνὴν,
3370 2636 3436 2689 δι’
3460 2630 3525 2707 ἦς
3557 2634 3749 2701 ὑπερευ-

2213 2730 2438 2799 χόμενος
2490 2730 2666 2785 αὐτῶν
2714 2730 2881 2798 ἔλεγε·
2910 2729 3112 2793 Καθὼς
3135 2729 3237 2794 σὺ,
3283 2728 3495 2795 Πάτερ,
3533 2727 3597 2778 ἐν
3623 2720 3745 2791 ἐμάν

2213 2822 2372 2889 κάγὼ
2399 2822 2466 2874 ἐν
2486 2823 2608 2882 σοὶ,
2632 2823 2731 2874 ἵνα
2760 2822 2856 2874 καὶ
2880 2822 3045 2874 αὐτοὶ
3070 2822 3141 2873 ἐν
3165 2820 3309 2889 ἡμῖν
3327 2816 3456 2874 ὦσι·
3488 2814 3634 2884 κάγὼ
3658 2811 3748 2877 τὴν

2212 2912 2418 2978 δόξαν,
2444 2912 2522 2980 ἢν
2563 2912 2820 2978 δέδωκάς
2862 2930 2981 2981 μοι,
3028 2912 3255 2965 δέδωκα
3300 2910 3520 2976 αὐτοῖς.
3562 2908 3631 2958 Δι’
3667 2898 3744 2965 ὦν,

2215 3006 2400 3074 σαφῶς
2435 3006 2760 3078 παρίστησιν
2795 3006 2965 3068 οὕτως
2998 3003 3133 3059 εἶναι
3161 3008 3218 3058 ὲν
3244 3004 3394 3075 αὐτῷ
3421 3004 3506 3057 τὸν
3542 2998 3744 3068 Πατέρα,

2213 3097 2392 3162 καθὼς
2422 3100 2515 3152 καὶ
2538 3100 2593 3151 ἐν
2616 3099 2743 3167 ημῖν
2773 3097 2908 3153 εἶναι
2940 3097 3207 3166 βούλεται.
3237 3099 3354 3167 Οὐχ
3382 3097 3461 3148 ὅτι
3498 3088 3745 3171 molituri-

2215 3205 2401 3242 στασιν
2438 3187 2563 3258 μίαν
2583 3182 2661 3251 εἷς
2689 3186 2763 3239 ὢν
2789 3187 3043 3256 τυγχάνει
3064 3187 3225 3249 αὐτὸς
3253 3188 3352 3239 καὶ
3376 3188 3403 3239 ὁ
3428 3185 3621 3262 Πατήρ·
3650 3176 3743 3232 ἀλλ·

2208 3281 2290 3332 ὅτι
2315 3278 2407 3332 τοῦ
2436 3279 2649 3350 Πατρὸς
2686 3278 3112 3349 μεταδεδωκότος
3152 3277 3303 3347 αὐτῷ
3330 3277 3442 3347 (55)
3468 3273 3656 3334 οἰκείας
3674 3268 3742 3322 δό-

2210 3365 2328 3435 ξης,
2370 3366 2465 3418 καὶ
2499 3365 2661 3429 αὐτὸς
2688 3367 2888 3435 ὁμοίως
2911 3368 3020 3429 τοῖς
3048 3366 3288 3428 οἰκείοις,
3316 3366 3406 3419 τὸν
3448 3364 3646 3433 Πατέρα
3671 3377 3741 3427 μι-

2210 3456 2497 3525 μούμενος.
2545 3456 2881 3527 μεταδίδωσι.
2921 3458 3012 3510 Διό
3038 3473 3190 3527 φησι,
3234 3456 3411 3525 Κάγὼ
3445 3454 3553 3522 τὴν
3588 3450 3742 3512 δόξαν

2208 3545 2288 3612 ῆν
2311 3544 2535 3611 ἔδωκάς
2551 3564 2653 3614 μοι
2678 3546 2905 3605 δέδωκα
2926 3549 3151 3617 αὐτοῖς,
3174 3551 3277 3604 ἵνα
3303 3546 3452 3605 ὦσιν
3474 3547 3558 3606 ἐν.
3582 3539 3741 3603 καθὼς

2206 3637 2377 3705 ἡμεῖς
2406 3637 2515 3707 (56)
2651 3639 2853 3705 Καθὼς
2880 3640 2982 3704 σὺ,
3017 3641 3229 3709 Πάτερ,
3256 3642 3330 3694 ἐν
3360 3632 3664 3709 ἑμοὶ,κάγὼ
3686 3630 3741 3680 ἐν

2210 3728 2330 3793 σοὶ,
2358 3730 2456 3781 ἵνα
2483 3730 2580 3782 καὶ
2615 3732 2781 3784 αὐτοὶ
2810 3732 2879 3784 ἐν
2905 3732 3048 3800 ἡμῖν
3077 3728 3245 3789 ὦσιν.
3274 3731 3461 3792 Οὕτως
3487 3722 3571 3779 οὖν
3600 3723 3650 3774 ἓν
3676 3719 3738 3770 εἱ-

2211 3834 2295 3870 σιν
2314 3819 2341 3869 ὁ
2362 3819 2511 3888 Πατὴ
2520 3837 2552 3890 ρ
2574 3820 2666 3872 καὶ
2687 3821 2715 3872 ὁ
2737 3819 2864 3886 Υἱὸς
2886 3822 3025 3874 κατὰ
3046 3822 3144 3893 τὴν
3171 3821 3456 3879 κοινωνίαν
3479 3817 3569 3885 τῆς
3590 3810 3739 3879 δόξηςι

539 3911 609 3986 ἦς
636 3915 748 3977 τοῖς
776 3912 938 3967 αὑτοῦ
978 3911 1244 3983 μαθηταῖς
1286 3910 1621 3982 μεταδιδοὺς,
1651 3912 1749 3981 τῆς
1776 3908 1944 3979 αὐτῆς
1970 3908 2211 3973 ὲνώσεως
2245 3912 2335 3963 καὶ
2372 3912 2531 3975 αὐτὸς
2558 3912 2728 3980 ἠξίου.

1108 4030 1166 4087 ›Ῑ‹
1210 4022 1439 4080 CAPUT
1477 4022 1594 4077 XX.

543 4117 697 4183 Quod
719 4126 772 4170 ut
812 4112 973 4167 Pater
1002 4114 1056 4167 in
1093 4112 1255 4173 Filio.
1286 4125 1333 4166 et
1357 4112 1532 4167 Filius
1563 4115 1615 4167 in
1646 4113 1826 4179 Patre,
1863 4114 1936 4169 ita
1968 4123 2017 4167 et
2052 4115 2105 4168 in

942 4186 1053 4238 suis
1083 4185 1281 4238 sanctis
1309 4184 1547 4237 omnibus
1575 4186 1697 4237 erit.

608 4294 816 4348 Rursus
860 4294 933 4347 ita
974 4303 1101 4348 erat
1140 4293 1192 4347 in
1242 4293 1356 4362 ipso
1399 4292 1558 4347 Pater
1589 4302 1643 4347 et
1668 4293 1783 4362 ipse
1820 4295 1873 4348 in
1908 4294 2099 4358 Patre;

2847 4028 3003 4079 ΚΕΦ.
3042 4028 3124 4078 κν.

2210 4113 2337 4166 Ὅτι
2374 4115 2452 4178 ὡς
2482 4118 2514 4168 δ
2563 4115 2763 4183 Πατὴρ
2806 4116 2874 4168 ἐν
2916 4116 2995 4180 τῷ
3031 4114 3161 4179 Υιῷ,
3204 4117 3305 4169 και
3347 4118 3383 4169 δ
3432 4110 3557 4183 Υἱὸς
3583 4105 3645 4157 ἐν
3672 4096 3737 4161 τῷ

2264 4185 2463 4253 Πατρὶ,
2496 4185 2647 4237 οὕτω
2673 4180 2769 4237 κάι
2794 4187 2864 4240 ἐν
2892 4185 3014 4251 τοῖς
3035 4186 3224 4256 ἁγίοις
3255 4186 3486 4239 ἅπασιν
3510 4180 3680 4232 ἔσται.

2277 4296 2386 4348 Καὶ
2416 4296 2595 4359 πάλιν,
2626 4296 2798 4360 οὕτως
2830 4294 2898 4366 ἦν
2924 4299 2953 4350 ὁ
2982 4298 3169 4367 Πατὴρ
3202 4299 3259 4349 ἐν
3290 4294 3457 4365 αὐτῷ·
3490 4288 3577 4344 καὶ
3601 4280 3733 4339 αὐτὸς

537 4387 990 4455 quemadmodum
1034 4384 1307 4439 concludit
1344 4385 1537 4438 beatus
1582 4384 1867 4452 Apostolus
1896 4387 1962 4439 de
1997 4385 2103 4438 illis

2214 4388 2263 4439 ἐν
2277 4386 2352 4456 τῷ
2370 4390 2562 4457 Πατρὶ,
2586 4389 2658 4451 ὡς
2688 4389 2715 4439 ὁ
2743 4388 2882 4452 Θεῖος
2924 4389 3240 4451 Ἀπόστολος
3271 4390 3363 4442 καὶ
3398 4384 3522 4454 περὶ
3551 4376 3732 4432 πάντων

533 4477 805 4537 omnibus,
838 4475 930 4543 qui
964 4491 1126 4544 regno
1150 4476 1412 4531 cualorum
1437 4476 1582 4545 digni
1616 4478 1830 4542 luerint,
1858 4477 1945 4529 ubi
1977 4478 2051 4529 ait
2084 4496 2095 4529 :

2214 4479 2444 4532 διδάσκει
2470 4480 2576 4535 τῶν
2605 4481 2703 4549 τῆς
2722 4481 3040 4552 ἐπουρανίου
3065 4480 3339 4549 βασιλείας
3362 4477 3541 4542 ἀξίων,
3569 4467 3727 4552 λέγωγ·

538 4568 684 4623 Tunc
716 4579 814 4621 er.t
851 4566 988 4621 Deus
1020 4570 1193 4620 omnia
1221 4571 1273 4621 in
1307 4569 1545 4620 omnibus
1562 4567 1629 4632 “,
1657 4568 1722 4621 ad
1748 4572 1960 4622 modum
1993 4586 2099 4637 quo

2214 4572 2349 4622 Τότε
2377 4570 2546 4625 ἔσται
2580 4574 2611 4624 ὀ
2655 4570 2797 4637 Θεὸς
2834 4550 3027 4625 adt-ta
3072 4573 3141 4625 ἐν
3172 4570 3393 4624 πᾶσιν·
3434 4567 3505 4626 ὠς
3548 4558 3630 4613 καὶ
3664 4550 3713 4605 τὸ

534 4662 712 4713 dixit:
742 4658 1007 4711 Habitabo
1054 4661 1111 4713 in
1142 4658 1272 4719 illis.
1318 4668 1366 4711 et
1425 4658 1704 4712 ambulabo
1742 4659 1877 4712 inter
1919 4676 2003 4712 eos
2028 4660 2093 4713 “.

2219 4662 2545 4730 Ἐνοικήσω
2595 4665 2666 4717 ἑν
2714 4664 2917 4729 αὐτοῖς
2967 4664 3065 4717 καὶ
3116 4644 3703 4731 ἐμπεριπατήσω,λέλί

534 4753 641 4806 Sed
672 4761 725 4804 et
743 4750 1009 4817 quomodo
1027 4750 1223 4803 dictum
1255 4765 1267 4801 :
1299 4747 1409 4803 Nos
1434 4752 1487 4803 in
1511 4750 1622 4817 ipso
1652 4750 1890 4813 vivimus,
1916 4760 2094 4803 etmo-

2214 4771 2353 4807 (ται-
2389 4755 2496 4825 (57)
2533 4755 2667 4808 ἀλλὰ
2692 4757 2805 4819 καὶ,
2828 4754 3015 4823 Ἡμεῖς
3045 4756 3116 4808 ἐν
3147 4752 3304 4818 αὺτῷ
3333 4752 3527 4819 ζῶμεν·
3553 4738 3637 4794 καὶ
3663 4749 3730 4825 7,“-

533 4860 732 4905 remur,
758 4853 1003 4895 etsumus
1022 4838 1086 4891 “.
1120 4840 1249 4903 Quae
1273 4854 1403 4894 sane
1428 4840 1609 4893 omnia
1640 4840 1706 4893 de
1734 4840 1887 4892 nobis
1910 4839 2096 4893 dicun-

2214 4811 2492 4913 roc’ytelia,’
2518 4847 2619 4898 καί
2634 4811 2838 4915 ἐσμεν.
2882 4811 3005 4899 kal.
3024 4846 3195 4899 ταῦτα
3448 4834 3567 4906 περ’ι

533 4945 644 4995 tur.
673 4932 765 5002 qui
806 4941 983 4985 tamen
1013 4929 1065 4983 in
1098 4932 1315 4998 propria
1355 4929 1635 4999 liypostasi
1670 4930 2013 4984 subsistimus
2042 4940 2097 4984 et

2214 4935 2472 5003 laurui,
2515 4938 2624 4990 τῶν
2660 4938 2779 4990 κατ’
2822 4938 2954 4991 ἰδίαν
2994 4938 3289 4991 ὑπόστασιν
3316 4927 3619 5003 ὑφεστώτων
3652 4914 3727 4969 καὶ

532 5024 795 5087 vivimus;
834 5034 934 5076 nec
966 5019 1262 5089 quidquam
1304 5019 1567 5073 habemus
1598 5036 1719 5074 cum
1759 5031 1984 5089 paterna
2015 5022 2095 5075 di-

2214 5026 2419 5090 ζώντων
2450 5031 2543 5082 καὶ
2568 5029 2731 5100 μηδὲν
2760 5030 2987 5099 ἐχόντων
3014 5029 3185 5083 κοινὸν
3214 5028 3348 5099 πρὸς
3372 5024 3465 5094 τὴν
3489 5005 3723 5083 πατρικὴν

606 5202 808 5274 ῈίΕιΙε
832 5201 1031 5274 Raris"
1064 5200 1337 5274 [383.19‘.
1368 5198 1645 5274 ⁸[³-⁶.1οιςιιι.
1697 5216 1750 5265 x,
1787 5201 1875 5274 50:
1989 5204 2033 5234 "’
2064 5203 2227 5260 lCor.
2263 5223 2354 5270 xv,
2388 5208 2479 5263 28.
2592 5210 2637 5242 ³⁸
2669 5208 2823 5263 Joan.
2853 5226 2906 5274 χ,
2944 5210 3031 5263 50.
3109 5210 3152 5241 ³⁹
3183 5207 3309 5265 ibid.
3338 5204 3420 5257 58.
3526 5185 3713 5243 ⁸⁸10³⁸·

529 5267 642 5337 xlv,
669 5273 723 5328 9.
797 5273 842 5303 δ’
868 5270 889 5324 Ι
920 5267 1165 5337 ϐαι-(κν,
1196 5270 1285 5324 Ξ8.
1365 5268 1410 5300 δ’
1437 5267 1610 5325 Levit.
1634 5285 1783 5335 χχιιι,
1814 5271 1921 5339 12;
1962 5274 1981 5326 ι
2011 5274 2111 5329 Cor

2214 5294 2242 5345 ι,
2274 5267 2362 5333 16⁷.
2407 5279 2452 5310 ⁸³
2474 5282 2594 5335 Act.
2626 5294 2756 5344 xm,
2796 5280 2888 5334 28.

600 5470 711 5541 (5|)
752 5472 918 5543 Vulgo
961 5474 1124 5528 αὑτοῦ
1168 5484 1243 5529 at.
1288 5474 1359 5530 cf.
1392 5473 1455 5529 D.
1491 5474 1583 5528 lin.
1627 5486 1682 5528 et
1712 5489 1835 5529 mox
1888 5477 2095 5546 ὲνωμέ-
2197 5502 2303 5548 νος,

525 5557 705 5625 WUILI‘\
746 5610 788 5625 "
833 5612 843 5625 I
1022 5613 1043 5625 Α
1063 5613 1075 5625 ι
1160 5612 1174 5625 Ι
1252 5615 1264 5625 ι
1280 5613 1299 5625 Ἰ
1342 5616 1355 5625 ι
1441 5618 1462 5625 -
1846 5614 1858 5625 I
1995 5617 2006 5625 ι

2267 5556 2379 5625 (55)
2406 5556 2575 5623 Vulgo
2599 5556 2697 5625 τῆς
2726 5559 2829 5611 οἰκ.

601 5560 710 5698 iis)
744 5610 917 5698 ει-εεο
946 5613 1126 5698 me»;
1160 5612 1300 5698 ἱκςιὶ]
1332 5616 1490 5698 ἡμεῖς
1531 5624 1586 5669 ει
1631 5630 1754 5669 mox
1800 5614 1906 5687 γάρ
1950 5617 2089 5669 τότε·

2267 5558 2379 5695 (55;
2406 5558 2575 5623 Vulgo
2599 5558 2697 5625 τῆς
2726 5559 2829 5611 οἰκ.

2268 5626 2353 5695 (56
2415 5626 2582 5698 \Lulgo
2604 5627 2661 5698 ἓν
2691 5629 2876 5698 ἐσμεν.
3110 5695 3117 5698 Α
3151 5696 3157 5698 _
3265 5697 3270 5698 γ
3424 5687 3436 5698 ⁸
3493 5682 3504 5698 ι
3524 5672 3597 5698 ___,

600 5680 709 5771 $53722
744 5680 1449 5771 Χ¹¹¹ε⁰μέντάῗεισρέλὲι
1522 5756 1548 5771 ,.
1812 5680 1823 5684 ⁷
1876 5680 1925 5766 ’.
2024 5756 2046 5771 .

2245 5680 2591 5771 -iz‘ﬂlfoi'te
2617 5680 2950 5771 _[egeindum,
3017 5695 3195 5760 Ἀλλὰ,
3245 5697 3318 5759 ὡς
3362 5687 3442 5745 και
3484 5680 3595 5752 misi

599 5751 712 5819 (54)
748 5750 1243 5836 simsum}:
1290 5750 1361 5807 er.
1409 5756 1471 5808 Ι).
1519 5756 1643 5836 lim;
1681 5772 1802 5836 mos
1841 5756 1997 5836 vulgo
2024 5756 2083 5810 ’ἐν

2214 5750 2345 5836 ιὺτῷ
2361 5750 2583 5836 ’ζῶμενξ
2615 5750 2685 5821 Mi

526 5823 689 5893 ἐσμεν
737 5828 791 5876 et
835 5822 956 5876 dein
1008 5822 1389 5894 παραθήσομεν
1453 5836 1505 5882 et
1563 5829 1629 5880 δι’
1678 5825 1741 5899 ἧς
1783 5822 2079 5898 ὲπερλξόμε-

3598 5657 3703 5735 civ
