3956 6574
359 379 501 435 ἰθὲδ

1273 373 1364 429 DE
1393 373 1926 432 ECCLESIASTICA
1963 373 2354 431 THEOLOGIA
2392 374 2522 429 LIB.
2561 371 2659 430 III.

3425 368 3559 429 ιοις

359 498 608 568 ϐιότητα.
644 496 715 550 Τί
765 494 876 566 (58)
914 493 978 566 δὴ
1010 486 1103 548 οὖν
1141 493 1246 566 χρὴ
1276 493 1592 566 θαυμάζειν,
1624 497 1672 548 εἰ
1710 497 1803 549 καὶ
1827 495 1907 548 sui

2018 496 2242 551 vinitate
2275 511 2580 552 commune.
2609 494 2870 563 Quocirca
2903 509 3008 550 non
3053 502 3136 550 est
3173 493 3388 558 mirum,
3418 493 3463 546 si
3500 493 3572 549 de

357 587 453 639 τοῦ
489 583 644 649 Υἰού,
674 585 728 638 αἱ
753 583 1120 654 παραπλήσιοι
1146 583 1400 654 φέρονται
1429 584 1617 654 φωναί·
1646 585 1745 638 οὐκ
1767 587 1918 640 ἀναι-

361 677 552 748 ροῦσαι
598 677 694 747 μὲν
734 674 896 728 αὐτοῦ
935 674 1034 746 τὴν
1077 673 1369 728 ὑπόστασιν
1417 675 1527 728 οὐδ’
1572 675 1732 730 αὐτὸν
1780 672 1919 731 εῖναι

354 770 578 841 Πατέρα
602 769 696 822 καὶ
714 767 841 820 Υἱδν
863 767 1227 832 διδάσκουσαι,
1242 767 1340 841 τὴν
1359 766 1416 820 δὲ
1438 766 1532 820 τοῦ
1553 769 1764 840 Πατρδς
1785 768 1919 842 πρὸς

353 863 522 916 αὐτὸν
557 860 860 924 ἰδιάζουσαν
882 860 977 914 καὶ
1017 859 1289 932 ἐξαίρετον
1329 859 1490 931 τιμὴν
1522 861 1616 912 καὶ¹
1642 859 1798 924 δόξαν
1823 859 1920 929 τῆς

357 953 678 1026 μονογενοῦς
703 953 796 1010 καὶ
818 952 1004 1024 θεῖκῆς
1027 951 1308 1016 κοινωνίας
1336 968 1403 1005 πε
1410 951 1684 1025 ριστῶσαι.

969 1128 1126 1182 ΚΕΦ.
1166 1130 1297 1182 KA'.

351 1221 556 1287 ὀπως
585 1219 699 1290 χρὴ
720 1219 883 1275 νοεῖν
920 1221 1008 1291 τόξ
1033 1220 1094 1274 '0
1127 1219 1392 1291 ἑωρακὼς
1415 1219 1538 1291 ἐμὲ,
1567 1219 1786 1289 ἑώρακε
1820 1218 1917 1272 καὶ

943 1290 1048 1344 τὸν
1093 1289 1341 1358 Πατέρα.

421 1381 608 1446 Οὕτως
639 1375 732 1436 οὗν
756 1380 851 1436 καὶ
877 1383 910 1435 ὁ
937 1380 1202 1448 ἑωρακὼς
1225 1381 1408 1445 αὑτὸν,
1443 1379 1661 1447 ἑώρακε
1687 1377 1785 1432 καὶ
1813 1378 1920 1432 τὸν

347 1476 610 1543 Πατέρα,
641 1472 720 1544 τῷ
755 1472 910 1544 μόνον
951 1473 1111 1528 αὐτὸν
1151 1473 1244 1526 καὶ
1287 1473 1486 1544 μηδένα
1529 1471 1684 1526 ἄλλον
1717 1472 1918 1524 εἰκόνα

348 1563 492 1620 εἶναι
534 1565 640 1619 τοῦ
673 1565 820 1618 Θεοῦ
863 1564 966 1618 τοῦ
1012 1563 1265 1633 ἀοράτου
1304 1565 1398 1617 καὶ
1441 1563 1777 1634 ἀπαύγασμα
1818 1564 1916 1634 τῆς

346 1660 506 1730 δόξης
559 1659 652 1711 καὶ
696 1657 1019 1729 χαρακτῆρα
1064 1659 1164 1728 τῆς
1219 1657 1563 1722 ὑποστάσεως
1613 1655 1800 1722 αὑτοῦ,
1848 1657 1917 1710 ἐν

341 1749 552 1822 μορφῇ
596 1766 660 1802 τε
703 1748 851 1803 Θεοῦ
883 1748 1193 1818 ὑπάρχειν,
1229 1749 1369 1803 κατὰ
1417 1749 1516 1814 τὰς
1556 1748 1915 1811 ἀποστολικὰς

2019 588 2153 644 Filio
2201 589 2333 644 tales
2379 604 2535 644 voces
2581 597 2927 659 usurpentur,
2955 601 3075 658 quae
3114 585 3332 640 minime
3383 583 3570 637 tollant

2019 687 2197 732 tamen
2231 679 2397 746 ipsius
2425 679 2756 748 hypostasin,
2792 681 2986 732 nedum
3037 676 3359 730 conﬁrmant
3393 674 3565 744 ipsum

2017 783 2136 824 esse
2163 779 2218 823 et
2251 768 2463 823 Patrem
2495 777 2550 823 et
2582 768 2821 823 Filium:
2859 766 3227 821 tantummodo
3273 778 3570 834 repraesen-

2017 869 2132 915 tant
2165 860 2312 914 illam
2356 860 2589 914 divinam
2631 859 2886 928 unigeniti
2935 857 3055 912 Filii
3107 855 3572 916 communionem,

2017 953 2296 1018 honorem,
2331 961 2492 1023 atque
2523 950 2772 1022 gloriam,
2803 965 2960 1019 quam
3003 963 3066 1004 ex
3109 947 3195 1002 illa
3228 962 3258 1002 a
3286 945 3446 1000 Patre
3472 960 3569 1000 suo

2017 1044 2193 1100 habeL

2592 1133 2815 1189 CAPUT
2854 1133 2992 1190 XXI.

2018 1225 2288 1291 Quomodo
2326 1227 2545 1297 intelligi
2566 1227 2748 1297 debeat
2769 1226 2898 1280 illud
2920 1244 2939 1280 :
2959 1243 2977 1277 ι
3012 1224 3115 1291 Qui
3137 1225 3261 1280 vidit
3293 1239 3399 1291 me,
3439 1219 3569 1276 vidit

2596 1306 2644 1350 et
2679 1295 2913 1350 Patrem.
2945 1317 2964 1349 ι
3252 1330 3260 1338 -

2088 1390 2159 1443 Ita
2195 1403 2406 1457 quoque
2443 1397 2496 1442 et
2524 1389 2614 1458 qui
2645 1387 2793 1442 illum
2826 1388 2978 1451 vidit,
3005 1387 3135 1441 vidit
3164 1395 3211 1438 et
3255 1378 3559 1445 Patrem“,

2016 1491 2080 1530 eo
2110 1478 2250 1544 quod
2282 1477 2396 1546 ipse
2429 1477 2574 1531 solus
2600 1477 2694 1539 sit,
2734 1492 2839 1530 non
2873 1487 3052 1530 autem
3088 1476 3226 1529 alius
3259 1473 3526 1543 quispiam
3553 1509 3571 1537 ,

2016 1566 2199 1637 Imago
2231 1566 2328 1620 Dei
2349 1566 2704 1634 invisibilis“,
2732 1577 2786 1621 et
2807 1567 3078 1622 emanatio
3097 1565 3366 1620 claritatis
3384 1563 3524 1616 illius
3552 1603 3570 1628 ,

2016 1671 2070 1714 et
2105 1661 2388 1714 character
2408 1675 2698 1729 expressus
2737 1662 3087 1730 hypostascos
3119 1657 3236 1728 ejus
3261 1658 3374 1726 qui,
3405 1665 3464 1709 ut
3490 1655 3570 1710 lo-

2015 1752 2199 1820 quitur
2235 1751 2549 1820 Apostolus,
2596 1753 2653 1805 in
2696 1751 2870 1820 forma
2915 1751 3013 1805 Dei
3053 1750 3230 1818 fuerat
3254 1749 3322 1802 “.
3357 1748 3492 1802 Nam
3516 1757 3574 1801 ut

342 1838 714 1900 διδασκαλίας.
757 1837 843 1900 Ὡς
868 1836 976 1908 γὰρ
1003 1838 1096 1890 καὶ⁴
1120 1840 1149 1891 ὁ
1180 1837 1277 1908 τὴν
1303 1837 1583 1910 βασιλικὴν
1607 1838 1788 1892 είκόνα
1811 1838 1907 1909 τὴν

2011 1840 2100 1909 qui
2131 1839 2415 1911 imaginem
2453 1840 2596 1909 regis
2630 1854 2965 1907 expressam,
2993 1853 3096 1907 qua
3123 1837 3384 1893 exactiori
3416 1834 3574 1891 mod’o

345 1931 434 1982 ἐπ’
462 1927 684 2000 ἀκριϐὲς
705 1928 1138 1998 άφωμοιωμένην
1160 1929 1306 2000 αὐτῷ
1326 1929 1643 2000 τεθεαμένος
1665 1929 1788 1993 τοὺς
1809 1929 1909 1998 τῆς

347 2020 564 2090 μορφῆς
589 2018 786 2082 τύπους
811 2018 898 2072 διά
929 2020 1026 2090 τῆς
1051 2020 1266 2091 γραφῆς
1295 2020 1740 2092 ἀποματτόμενος
1775 2037 1909 2090 φαν-

305 2101 310 2105 ’
341 2110 624 2164 τασιοῠται
651 2111 744 2162 τὸν
776 2110 1017 2180 βασιλέα,
1043 2111 1134 2165 τὸν
1172 2111 1333 2165 αὑτὸν
1373 2111 1592 2183 τρόπον,
1625 2111 1826 2182 μᾶλλον
1851 2111 1908 2167 δὲ

341 2203 485 2272 ὑπὲρ
519 2202 693 2256 πάντα
722 2201 832 2272 (59)
859 2201 1014 2270 λόγον
1052 2203 1248 2266 παντός
1282 2220 1342 2256 τε
1371 2203 1624 2260 ἐπέκεινα
1653 2203 1910 2274 παραδείε

340 2310 574 2364 γματος,
599 2293 628 2345 ὁ
652 2291 727 2364 νῷ
751 2292 960 2361 διαυγεῖ
994 2293 1087 2347 καὶ
1113 2293 1290 2365 ψυχῆς
1315 2293 1748 2366 κεκαθαρμένοις
1771 2296 1910 2366 ἁγίῳ

335 2401 404 2437 τε
445 2382 722 2455 Πνεύματι
753 2383 1182 2453 πεφωτισμένοις
1221 2383 1431 2455 ὄμμασι
1474 2384 1553 2453 τῷ
1589 2401 1650 2438 τε
1693 2384 1907 2457 μεγέθει

333 2474 442 2545 τῆς
470 2474 561 2529 τοῦ
590 2475 905 2546 μονογενοῦς
931 2474 1060 2531 Υίοῦ
1079 2477 1173 2531 καὶ
1194 2476 1395 2548 Κυρίου
1425 2477 1702 2546 δυνάμεως
1727 2478 1909 2530 ἐνατε-

340 2565 517 2630 νίσας,
548 2567 642 2622 κα).
681 2567 955 2638 ἐννοήσας,
980 2567 1128 2632 ὅπως
1157 2568 1214 2619 ὲν
1241 2567 1389 2638 αύτῷ
1431 2570 1674 2622 κατοικεῖ
1695 2569 1810 2621 πᾶν
1846 2568 1907 2621 τὸ

339 2656 632 2727 πλήρωμα
656 2655 767 2725 τῆς
796 2655 1084 2726 πατρικῆς
1118 2657 1410 2726 θεότητος,
1440 2659 1533 2712 καὶ
1553 2658 1630 2722 ὡς
1656 2659 1724 2713 τά
1756 2660 1908 2728 σύμ-

339 2761 540 2802 παντα
568 2746 653 2800 δι’
677 2746 862 2802 αὐτοῦ
889 2747 1143 2816 ἐγένετο,
1167 2747 1266 2801 καὶ
1299 2749 1368 2801 ἐν
1387 2747 1546 2814 αὐτῷ
1565 2749 1817 2823 ἐκτίσθη,
1834 2748 1909 2809 τὰ

337 2835 561 2902 πάντα,
587 2835 660 2892 τὰ
685 2837 755 2891 ἐν
775 2837 900 2903 τοῖς
919 2838 1218 2909 οὐρανοῖς,
1252 2839 1352 2895 καὶ
1390 2839 1462 2894 τὰ
1496 2839 1595 2893 ἐπὶ
1623 2840 1733 2914 τῆς
1771 2840 1903 2915 τῆς·

338 2928 413 2984 τὰ
440 2928 613 3001 ὁρατὰ
647 2931 742 2984 καὶ
783 2931 852 2986 τὰ
890 2930 1114 3001 ἀόρατα·
1159 2931 1512 3004 λογισάμενός
1551 2950 1611 2986 τε
1643 2933 1718 2997 ὡς
1749 2935 1907 3008 μόνον

340 3021 507 3079 αὑτὸν
547 3021 673 3077 Υίδν
707 3024 966 3094 μονογενῆ
1007 3023 1197 3092 ἐγέννα
1231 3024 1260 3079 ὁ
1306 3022 1515 3094 Πατὴρ,
1561 3023 1705 3082 κατὰ
1732 3025 1907 3085 πάντα

340 3113 770 3184 ἀφωμοιωμένον
800 3113 949 3184 αὐτῷ
980 3114 1227 3185 δυνάμει,
1262 3115 1356 3170 καὶ
1401 3115 1560 3170 αὑτὸν
1595 3115 1791 3185 ὄψεται.
1812 3116 1904 3170 τὸν

340 3206 582 3278 Πατέρα,
612 3205 699 3260 διὰ
721 3206 815 3264 τοῦ
845 3205 972 3262 Υίοῢ
1001 3205 1390 3277 θεωρούμενον,
1408 3207 1518 3270 τοῖς
1542 3206 1642 3277 τὴν
1669 3206 1903 3267 διάνοιαν

338 3297 789 3368 κεκαθαρμένοις,
817 3299 946 3369 περὶ
961 3292 1035 3352 ὧν
1057 3297 1270 3369 εἴρηται
1297 3297 1380 3361 τὸ,
1403 3297 1690 3366 Μακάριοι
1719 3301 1773 3359 οι
1802 3315 1905 3354 κα-

338 3388 510 3457 θαροὶ
538 3387 614 3458 τῇ
637 3388 869 3457 καρδίᾳ,
901 3388 992 3444 ὅτι
1017 3389 1184 3442 αὐτοὶ
1219 3387 1324 3442 τὸν
1351 3387 1499 3442 Θεὸν
1525 3389 1796 3458 ὄψονται.

409 3477 596 3552 Ταῦτα
635 3480 732 3551 μὲν
759 3475 850 3535 οὖν
880 3479 1234 3553 προθεμένοις
1257 3481 1390 3552 ἡμῖν
1423 3479 1534 3550 (60)
1577 3481 1776 3538 σκοπὸν
1807 3479 1904 3554 τὴν

338 3567 698 3640 βραχυλογίαν
719 3568 796 3632 ὡς
813 3571 870 3622 ἐν
890 3570 1120 3640 ἐπιτομῇ
1145 3567 1525 3639 γεγυμνάσθωο
1560 3568 1816 3640 πλείστης
1844 3569 1903 3622 δὲ

337 3662 472 3732 ὅσης
498 3660 816 3734 ἐξεργασίας
850 3660 1116 3732 δεομένων
1153 3659 1259 3713 τῶν
1288 3659 1427 3713 κατὰ
1453 3659 1545 3713 τὸν
1584 3659 1766 3724 τόπον,
1796 3661 1902 3730 ὅτῳ

249 3775 252 3778 λ
340 3751 493 3823 μέλει
523 3751 622 3823 τῆς
657 3750 861 3805 τούτων
917 3748 1180 3822 ἀκριϐοῦς
1213 3749 1563 3822 καταλήψεως
1593 3754 1703 3815 τοῖς
1741 3751 1904 3821 εὐαγ-

337 3842 574 3912 γελικοϊς
597 3843 692 3898 καὶ
717 3842 1088 3906 άποστολικοῖς
1108 3841 1495 3913 ἁναγνὼσμασι
1546 3843 1645 3913 τὴν
1665 3843 1902 3901 διάνοιαν

336 3935 625 4007 ἐπερείσας
651 3935 742 3988 τὸν
775 3935 952 3990 πάντα
977 3932 1099 3988 νοῦν
1126 3933 1186 4000 ἐξ
1215 3931 1391 3990 αὐτῶν
1425 3932 1518 3990 ἐπὶ
1551 3934 1746 4006 σχολῆς
1773 3934 1903 3986 ἀνα-

335 4025 566 4092 λέξεται·
615 4025 822 4097 μυρίων
849 4044 912 4095 γε
962 4026 1066 4098 μὴν
1110 4027 1203 4080 καὶ
1230 4025 1402 4080 ἄλλων
1429 4026 1813 4098 άσυναρτήτως
1845 4028 1901 4079 ἐν

333 4116 416 4188 τῷ
441 4118 756 4190 Μαρκέλλου
785 4119 1173 4190 συγγράμματι
1199 4135 1518 4190 συμπεφορη
1528 4117 1722 4188 μένων,
1754 4117 1904 4170 πλεί-

337 4225 480 4266 στων
518 4226 577 4262 τε
608 4210 747 4263 ὅσων
790 4209 1043 4275 ἐναντίως
1081 4209 1160 4280 τῷ
1203 4208 1498 4282 βουλήματι
1537 4209 1636 4279 τῆς
1680 4209 1902 4280 Γραφῆς

333 4301 638 4372 εἰρημένων
665 4301 865 4373 ἑτέρων
891 4319 949 4357 τε
976 4301 1344 4372 βεϐιασμένων
1374 4301 1467 4356 καὶ
1496 4299 1767 4371 μηδεμίαν
1799 4317 1903 4354 σω-

332 4393 542 4451 σάντων
601 4391 917 4451 ἀκολουθίαν
964 4392 1138 4447 κοινὸν
1178 4391 1270 4444 τὸν
1315 4389 1533 4462 ἔλεγχον
1582 4391 1903 4462 κατάφωρον

1958 3703 1966 3713 .
2002 3663 2275 3720 elaborata
2324 3681 2339 3718 :

2009 1940 2422 2000 repraesentatur
2449 1945 2567 1997 rex,
2595 1931 2838 1986 intuetur
2867 1943 2963 2001 per
2990 1929 3177 1985 formae
3219 1930 3391 1999 ipsius
3429 1929 3569 1998 ﬁgu-

2008 2032 2116 2085 ras,
2145 2033 2239 2089 per
2265 2019 2531 2088 picturam
2559 2019 2854 2088 insculptas
2881 2018 3082 2082 animo.
3099 2033 3277 2089 regem
3306 2018 3572 2086 imagina-

2010 2115 2134 2173 tur;
2166 2109 2233 2164 ad
2265 2109 2513 2166 eumdem
2548 2111 2784 2177 modum,
2825 2120 2918 2166 aut
2955 2111 3132 2181 potius
3167 2125 3328 2179 supra
3357 2125 3572 2165 onmem

2011 2201 2229 2256 modum
2263 2200 2662 2270 rationemque,
2698 2209 2756 2256 et
2791 2215 2952 2271 supra
2991 2200 3268 2270 exemplar
3297 2201 3573 2270 quodcun-

2008 2306 2135 2361 que,
2186 2294 2276 2363 qui
2331 2303 2512 2349 mente
2569 2293 2835 2350 illustrata
2887 2305 3051 2365 atque
3075 2295 3248 2350 oculis
3317 2295 3483 2349 animi
3538 2311 3568 2348 a

2009 2382 2214 2453 Spiritu
2256 2394 2446 2438 sancto
2481 2384 2798 2441 illuminatis
2825 2395 2881 2440 et
2916 2385 3221 2457 puriﬁcatis
3267 2383 3569 2440 intuebitur

2009 2483 2245 2530 attentus
2305 2478 2732 2547 magnitudinem
2766 2477 3027 2553 unigeniti
3078 2476 3172 2534 Dei
3208 2474 3350 2541 Filii,
3384 2487 3438 2531 et
3467 2476 3570 2530 Do-

2008 2565 2137 2619 mini
2169 2564 2374 2636 gloriae,
2401 2575 2457 2622 et
2484 2568 2626 2637 apud
2659 2572 2717 2630 ὦ
2745 2568 2983 2622 animum
3018 2583 3173 2622 suum
3218 2569 3568 2636 reputaverit,

2007 2654 2236 2724 qualiter
2264 2657 2316 2710 in
2346 2671 2410 2711 eo
2445 2657 2652 2713 habitet
2685 2658 2863 2712 omnis
2897 2657 3168 2727 plenitudo
3208 2673 3444 2726 paterna:
3483 2658 3569 2708 di-

2006 2746 2240 2802 vinitatis
2261 2745 2330 2813 ‘7,
2357 2757 2413 2802 et
2438 2748 2578 2817 quod
2601 2748 2777 2802 omnia
2800 2764 2893 2817 per
2913 2749 3080 2816 ipsum
3110 2749 3252 2816 facta
3291 2750 3394 2802 sint
3418 2747 3484 2813 ⁸⁸,
3515 2757 3570 2801 et

2005 2835 2149 2892 ineo
2191 2836 2396 2892 condita
2422 2837 2525 2892 sint
2550 2839 2810 2904 universa,
2835 2853 2952 2909 qua:
2984 2839 3038 2891 in
3071 2837 3234 2904 coriis,
3263 2849 3308 2892 et
3329 2854 3446 2906 qua:
3476 2854 3568 2891 su-

2004 2947 2096 2999 per
2127 2941 2321 2987 terram
2350 2940 2494 2997 sunt,
2535 2930 2762 2984 visibilia
2793 2943 2840 2984 et
2885 2929 3166 2985 invisibilia
3186 2929 3264 2994 ";
3296 2939 3350 2985 et
3387 2943 3568 2984 recor-

2006 3022 2165 3077 datus
2197 3021 2357 3077 fuerit
2387 3021 2530 3091 quod
2557 3022 2707 3076 illum
2740 3020 2912 3076 solum
2943 3019 3142 3080 Filium
3174 3021 3274 3076 sibi
3323 3021 3568 3090 unigeni-

2007 3121 2118 3168 tum
2149 3113 2392 3183 genuerit
2416 3113 2597 3180 Pater,
2622 3114 2818 3169 virtute
2854 3114 2954 3186 ipsi
2993 3128 3092 3184 per
3128 3112 3305 3167 omnia
3351 3113 3568 3166 assimi-

2004 3201 2169 3257 latum
2204 3219 2219 3255 :
2257 3205 2322 3268 is,
2356 3213 2410 3259 et
2445 3204 2638 3274 ipsum,
2668 3205 2854 3260 iisdem
2903 3205 3099 3260 mentis
3133 3204 3301 3258 oculis
3333 3204 3485 3272 puris
3513 3212 3569 3257 et.

2004 3295 2296 3361 defaecatis,
2335 3295 2550 3351 Patrem
2587 3297 2880 3355 intuebitur
2923 3296 2980 3350 in
3021 3294 3156 3351 Filio
3193 3294 3568 3350 resultantem.

2003 3385 2161 3441 Tales
2197 3385 2307 3441 sint
2331 3385 2396 3440 de
2424 3387 2617 3455 quibus
2643 3387 2844 3442 dictum
2873 3395 2955 3442 est
2979 3405 2993 3442 :
3020 3385 3172 3440 Beati
3219 3387 3308 3459 qui
3370 3386 3566 3439 mundo

2003 3486 2123 3533 sunt
2163 3481 2354 3543 corde,
2407 3480 2655 3549 quoniam
2735 3479 2838 3548 ipsi
2920 3480 3162 3534 videbunt
3201 3477 3448 3532 Deum”.

2069 3572 2244 3641 Atque
2273 3572 2377 3627 ista
2396 3572 2610 3641 quidem
2632 3571 2773 3631 velut
2795 3587 2890 3646 per
2912 3572 3184 3641 epitomen
3219 3571 3327 3625 sint
3354 3584 3383 3623 a
3409 3569 3565 3623 nobis

2397 3665 2590 3733 quippe
2630 3664 2722 3734 qui
2769 3664 3084 3718 brevitatem
3149 3672 3399 3730 tauquam
3445 3674 3566 3716 sco-

2003 3771 2130 3826 pum
2165 3736 2444 3825 quemdam
2483 3755 2636 3810 nobis
2661 3769 3130 3825 proposueramus.
3149 3754 3217 3808 Et
3250 3764 3392 3808 certe
3425 3753 3566 3805 mul-

2005 3856 2059 3900 ta
2115 3845 2206 3900 illa
2277 3861 2444 3920 opera
2501 3855 2663 3915 atque
2731 3845 3018 3901 sedulitate
3071 3843 3393 3900 exascianda
3453 3842 3568 3896 fue-

2004 3945 2127 3990 rant
2174 3945 2307 4006 qua!
2339 3937 2456 3992 haec
2504 3946 2768 4008 spectant.
2805 3937 2861 3992 In
2918 3938 3061 4007 quod
3093 3938 3137 3992 si
3167 3937 3288 4006 quis
3314 3935 3441 3989 velit
3471 3949 3564 3988 ac-

2002 4029 2241 4082 curatius
2268 4028 2602 4095 incumbere,
2635 4029 2702 4082 de
2734 4028 2963 4083 lectione
2997 4027 3322 4097 evangelica:
3352 4035 3406 4080 et
3445 4041 3568 4094 apu-

2002 4119 2210 4176 stolicm
2243 4119 2570 4189 Scriptum,
2616 4120 2904 4189 diligenter
2941 4120 3348 4179 animadversa),
3398 4118 3566 4169 lltttlln

2003 4210 2218 4279 quidem
2253 4209 2404 4277 plura
2436 4208 2691 4278 colligere
2738 4207 2958 4277 poterit,
2987 4220 3108 4274 qua:
3155 4203 3394 4258 Marcelli
3433 4202 3561 4255 illud

2003 4313 2135 4367 Opus
2182 4297 2441 4353 dissolute
2481 4307 2818 4367 compactum
2878 4295 3143 4352 refellant.
3185 4294 3242 4348 In
3288 4308 3395 4362 quo
3436 4307 3561 4360 pro-

2005 4390 2145 4445 lecto
2183 4399 2438 4448 sexcenta
2483 4390 2787 4445 isdusmodi
2824 4389 3184 4457 reperiuntur,
3219 4402 3339 4455 quae
3377 4396 3563 4440 contra

331 4484 632 4554 γεγονέναι,
663 4482 815 4556 παρὰ
853 4487 966 4547 τοῖς
996 4482 1312 4554 εὐφρονοῦσι
1342 4481 1430 4535 διὰ
1470 4480 1577 4534 τῶν
1638 4482 1768 4551 ἡμῖν
1816 4480 1903 4545 ἐξ·-

2010 4497 2225 4537 sensum
2271 4490 2324 4537 et
2383 4483 2702 4538 sententiam
2763 4483 3059 4552 Scriptura:
3117 4480 3353 4534 militant
3393 4496 3406 4532 :
3441 4487 3566 4531 sunt

329 4579 642 4646 ετασμένων
666 4574 983 4648 ἡγούμενος,
1010 4573 1218 4637 τούτοις
1247 4571 1653 4649 ἀρκεσθήσομαι
1677 4573 1807 4643 (61).

2011 4589 2130 4644 qua:
2179 4572 2286 4628 vim
2335 4571 2628 4642 Scriptura:
2690 4571 2929 4628 inferunt
3007 4569 3386 4634 manifestam,
3444 4581 3565 4635 quae

331 4667 534 4723 nullam
595 4668 749 4738 plane
785 4669 1069 4724 observant
1114 4667 1596 4736 consequentiam,
1641 4682 1758 4736 quae
1809 4674 1950 4741 apud
1995 4674 2285 4742 prudentes
2340 4666 2687 4725 manifestam
2742 4667 3038 4730 insinuant,
3082 4666 3177 4722 sed
3221 4677 3562 4720 communem

329 4769 383 4812 et
421 4759 706 4826 proclivem
740 4758 1116 4815 refutationem
1143 4773 1239 4830 per
1269 4773 1330 4813 se
1361 4757 1615 4814 aliorum.
1661 4760 1766 4815 Sed
1803 4777 1900 4816 nos
1939 4763 2089 4818 hisce
2115 4765 2352 4818 contenti
2381 4761 2608 4826 erimus,
2670 4773 2791 4828 quae
2846 4757 2914 4812 ad
2945 4755 3371 4827 disquisitionem
3407 4767 3562 4805 vocu-

332 4854 506 4906 vimus
532 4853 585 4908 in
614 4854 887 4923 praesenti.

329 4947 641 5010 Εὐσεϐίου,
661 4946 779 5001 τῶν
807 4949 956 5004 κατὰ
987 4949 1336 5018 Μαρκέλλου
1379 4951 1642 5021 ἐλέγχων
1680 4949 1873 5016 τέλος.

2138 4948 2411 5003 Librorum
2443 4947 2655 5003 Eusebii
2685 4956 2868 5002 contra
2906 4945 3215 5001 Marcellum
3242 4947 3402 5013 [iuis.__

403 5091 462 5158 ᾖ
484 5083 581 5158 Ed.
606 5084 937 5158 Paris.,‘pag.
966 5089 1086 5158 195.
1160 5088 1372 5144 “Joan.
1393 5091 1573 5155 x1v,9.
1639 5089 1684 5121 ⁸⁵
1709 5067 2082 5154 tloloss.1,-15.
2162 5089 2204 5120 “
2221 5088 2447 5158 Philipp.
2468 5089 2599 5153 11,6.
2676 5091 2720 5122 ‘7
2747 5088 2952 5148 (loloss.
2979 5103 3036 5152 ιι,
3068 5087 3122 5140 9.
3200 5084 3243 5116 ³³
3272 5083 3562 5147 Joan.1,5.

327 5153 374 5186 ⁸⁹
402 5155 608 5210 Coloss.
634 5171 674 5221 1,
703 5155 792 5210 20.
821 5153 832 5156 ⁷
865 5157 910 5188 ⁸¹³
942 5157 1130 5213 Matth.
1164 5175 1216 5226 v,
1248 5160 1303 5215 8.

399 5283 686 5364 (§§)\inlgo
707 5284 784 5364 δέ.
809 5294 862 5339 et
889 5303 1012 5341 mox
1033 5291 1429 5364 παραπλήσιαι.

392 5355 508 5424 (59)
540 5355 644 5424 Mp.
669 5355 887 5424 τρόπον.

392 5423 860 5497 (conm-5.1.10.1
917 5429 1113 5500 σκοτιὸὲ
1172 5431 1295 5487 adJ.
1348 5437 1502 5506 τινάς
1558 5456 1681 5496 mox
1734 5441 1891 5512 vulgo

2001 5295 2373 5437 F°%65;.Vulgo
2396 5355 2885 5437 ἐξαρκεσοήσομαι.
