3956 6514
544 321 682 381 1οη

1212 330 1479 391 EUSEBII
1516 332 1990 393 CESARIENSIS
2028 338 2178 395 OPP.
2220 340 2404 397 PARS
2442 339 2532 398 Ν.
2570 372 2640 384 —-
2678 343 3095 403 DOGMATICA.

3621 354 3740 411 i048

582 476 3738 535 33W

1279 665 2033 822 EUSEBII
2111 670 2338 823 PA
2361 674 3022 827 MPHILI

853 951 1580 1067 C/ESARE/E
1662 956 1811 1069 IN
1896 956 2733 1079 PAL/ESTINA
2811 962 3457 1081 EPISCOPI

1542 1198 2361 1330 OPUSCULA
2418 1205 2755 1335 XIV.

580 1436 859 1499 Primum
894 1438 961 1499 in
992 1435 1402 1528 lucemnedita
1432 1435 1648 1528 studio
1685 1443 1745 1497 et
1773 1451 1965 1528 opera
1995 1436 2221 1528 Jacobi
2242 1438 2587 1528 Sirmondi,
2618 1442 2942 1528 societatis
2972 1448 3129 1507 Jesu
3161 1448 3545 1528 presbyteri,
3580 1462 3636 1516 et
3681 1473 3708 1516 ε

1193 1514 1531 1577 Gallandio
1563 1532 1787 1577 recusa
1817 1524 1970 1577 tom.
2003 1517 2084 1577 ιν
2124 1516 2517 1580 Bibliotheca:
2544 1532 2817 1582 veterum
2842 1523 3125 1589 Patrum.
3163 1514 3179 1526 “
3356 1514 3378 1528 ”
3529 1514 3543 1526 ’
3594 1514 3603 1577 Ῐ

2141 1668 2214 1683 Ψ

992 1814 1171 1923 DE
1251 1814 1580 1927 FIDE
1660 1813 2408 1932 ADVERSUS
2487 1818 3329 1937 SABELLIUM.

1706 2172 2053 2261 LIBER
2134 2173 2625 2260 PRIMUS.

601 2358 738 2411 Sunt
784 2359 1073 2413 tacentium
1101 2376 1218 2430 qua:
1259 2361 1530 2427 dicuntur,
1566 2375 1619 2418 et
1648 2364 1936 2417 dicentium
1973 2380 2090 2432 qutc
2122 2370 2166 2425 Α
2198 2373 2307 2416 erat
2346 2364 2484 2430 apud
2510 2362 2671 2416 Deum
2695 2404 2709 2424 .
2742 2374 2788 2417 et
2824 2365 2957 2418 Deus
2982 2375 3096 2418 erat
3128 2364 3358 2420 Verbum
3382 2382 3403 2421 :
3439 2368 3534 2420 hoc
3571 2367 3736 2420 eratin

530 2459 793 2505 tacentur.
820 2450 1065 2506 Charitas
1085 2453 1225 2507 enim
1246 2468 1349 2508 non
1368 2455 1644 2518 dividitur.
1675 2473 1776 2511 non
1797 2457 2091 2526 spernitur.

529 2542 805 2611 Siquidem
836 2553 890 2597 et
920 2544 1009 2612 qui
1043 2553 1180 2599 tacet
1214 2560 1307 2615 per
1339 2546 1499 2601 alium
1522 2548 1783 2619 loquitur,
1809 2559 1863 2605 et
1883 2550 1973 2619 qui
2016 2550 2095 2603 lo-

527 2634 713 2700 quitur
758 2649 855 2703 per
899 2636 1062 2690 alium
1110 2645 1268 2693 tacet.
1324 2638 1379 2693 In
1412 2655 1519 2693 uno
1550 2642 1693 2695 enim
1721 2657 1945 2711 corpore
1988 2658 2092 2696 non

526 2725 704 2779 omnia
756 2728 992 2782 membra
1047 2728 1356 2798 loquuntur,
1412 2747 1473 2786 es
1524 2748 1619 2800 pro
1647 2734 1895 2786 omnibus
1923 2733 2094 2802 loqui-

528 2827 633 2873 tur.
680 2817 806 2873 Sive
844 2820 1011 2890 igitur
1048 2836 1235 2876 onmes
1282 2822 1583 2892 loquamur,
1630 2826 1743 2878 sive
1787 2841 1945 2887 unus,
1981 2826 2093 2881 sive

524 2909 743 2976 plures;
791 2910 1049 2967 Dominus
1079 2913 1315 2981 loquitur
1336 2955 1350 2973 ,
1382 2914 1470 2982 qui
1506 2915 1671 2968 dicit:
1715 2915 1825 2985 Ego
1855 2932 2004 2979 sum;
2040 2925 2091 2971 et

524 3002 720 3055 iterum
751 3002 914 3058 dicit:
951 3003 1066 3074 Ego
1106 3022 1243 3058 sum.
1298 3005 1432 3058 Cum
1462 3022 1589 3076 ergo
1626 3008 1737 3074 ipse
1780 3007 1946 3074 dicit,
1982 3008 2091 3077 Ego

448 3160 453 3163 _
522 3110 637 3146 sum
663 3133 678 3158 ,
711 3103 765 3146 tu
797 3097 1037 3151 consenti
1071 3097 1192 3165 quia
1240 3096 1354 3165 ipse
1380 3108 1494 3162 est,
1535 3110 1589 3151 ut
1619 3108 1671 3153 et
1706 3111 1756 3151 tu
1792 3099 1887 3152 fias
1922 3100 2091 3169 parti-

522 3200 669 3254 ceps.
705 3185 845 3240 Dicit
873 3188 1162 3243 Dominus:
1189 3188 1301 3258 Ego
1336 3205 1485 3243 sum:
1509 3201 1561 3245 et
1607 3208 1764 3245 nemo
1796 3194 1936 3247 dicat
1967 3195 2089 3261 quia

523 3292 631 3329 non
661 3287 763 3333 est.
807 3280 946 3334 Dicit
982 3281 1142 3335 Pater
1174 3302 1187 3336 :
1226 3282 1328 3335 llic
1359 3294 1458 3345 est,
1487 3284 1697 3352 suscipe
1719 3293 1774 3338 et
1799 3300 2090 3352 venerare;

522 3379 575 3422 cl.
606 3370 746 3424 Filio
797 3373 994 3427 dicenti
1030 3392 1043 3427 :
1074 3372 1184 3442 Ego
1242 3392 1380 3435 sum.
1432 3377 1609 3429 crede.
1651 3376 1819 3430 Crede
1864 3392 1992 3431 sane
2039 3387 2095 3431 et

523 3460 684 3514 Patre
722 3462 1124 3519 demonstrante
1164 3465 1284 3532 quia
1337 3466 1497 3518 habet
1539 3465 1727 3518 Filium
1773 3464 1906 3534 (62).
1956 3467 2095 3519 Dicit

519 3554 663 3605 enim
694 3554 871 3618 Pater,
908 3554 1007 3607 llic
1036 3565 1113 3609 est
1156 3572 1172 3609 :
1207 3556 1295 3625 qui
1350 3556 1477 3609 hic?
1508 3555 1681 3609 Filius
1716 3575 1887 3618 meus,
1924 3557 1992 3610 ait
2021 3559 2089 3609 ⁸¹».

521 3642 635 3695 Non
672 3654 848 3698 tamen
882 3662 979 3700 vox
1006 3663 1146 3710 mea,
1170 3659 1262 3700 aut
1292 3651 1556 3717 cogitatus
1584 3664 1766 3713 meus;
1798 3652 1889 3703 sed
1918 3650 2091 3704 Filius

2194 2456 2452 2523 principio
2480 2457 2618 2523 apud
2635 2455 2802 2509 Deum
2827 2456 2892 2508 ³⁸.
2933 2457 2993 2510 Et
3022 2472 3163 2525 smpe
3187 2457 3341 2523 dicit,
3378 2457 3545 2512 Erat:
3571 2470 3618 2511 et
3638 2458 3735 2528 qui-

2194 2548 2317 2601 dam
2346 2562 2413 2603 ne
2437 2546 2651 2615 quidem
2683 2548 2845 2602 semel
2871 2548 3197 2603 contendunt
3224 2551 3371 2618 quod
3398 2560 3500 2613 e5t,
3534 2548 3619 2602 sed
3654 2563 3734 2601 nec

2195 2636 2361 2691 semel
2393 2637 2530 2690 dixit
2557 2639 2622 2690 de
2658 2636 2817 2701 Filio,
2846 2635 2947 2689 llic
2988 2648 3083 2691 est.
3133 2637 3237 2692 Sed
3284 2653 3407 2713 cum
3436 2642 3576 2697 venit
3596 2636 3735 2691 Filius

2192 2738 2253 2783 ut
2300 2729 2547 2799 impleret
2596 2744 2807 2783 omnem
2854 2727 3117 2796 justitiam
3169 2746 3265 2799 per
3303 2729 3528 2785 Joannis
3571 2728 3725 2798 bapti-

2191 2832 2390 2883 smum,
2423 2819 2548 2887 quia
2602 2829 2811 2887 tempus
2856 2829 2972 2873 erat
3024 2830 3080 2872 ut
3123 2820 3274 2890 signa
3308 2821 3531 2882 faceret,
3577 2828 3625 2873 et
3654 2819 3731 2872 de-

2193 2918 2529 2964 monstraret
2552 2909 2802 2965 virtutem
2832 2925 2949 2980 quae
2971 2920 3088 2964 erat
3118 2913 3382 2965 absconsa
3409 2929 3422 2965 :
3457 2922 3513 2965 ut
3546 2927 3606 2964 ne
3634 2910 3732 2977 quis

2192 3010 2406 3072 putaret
2457 3002 2578 3070 quia
2625 3010 2684 3055 ut
2732 3002 2895 3057 homo
2945 3018 3109 3071 purus
3151 3004 3403 3075 indigens
3445 3002 3729 3072 baptismum

2191 3096 2341 3149 venit
2379 3095 2443 3149 ad
2488 3094 2815 3163 baptismum
2866 3093 2979 3165 (65)
3014 3112 3027 3149 :
3064 3094 3269 3162 primus
3310 3094 3540 3150 Joannes
3575 3101 3730 3159 utpote

2191 3205 2297 3244 vox
2344 3203 2448 3241 non
2499 3194 2682 3251 tacet;
2738 3184 2828 3254 qui
2859 3199 2961 3237 vox
3011 3185 3227 3251 quidem
3267 3185 3572 3246 dicebatur,
3598 3184 3731 3235 homo

2193 3290 2370 3333 autem
2416 3286 2551 3335 erat.
2604 3275 2661 3331 Si
2703 3277 2865 3345 igitur
2890 3273 3124 3330 Joannes
3170 3277 3263 3344 qui
3312 3291 3415 3329 vox
3449 3276 3615 3328 dictus
3643 3285 3727 3323 non

2194 3372 2455 3425 interimit
2516 3368 2790 3425 hominem
2853 3367 3010 3439 (66),
3071 3369 3246 3438 magis
3310 3368 3478 3443 Filius
3526 3362 3729 3417 Verbum

2193 3463 2369 3516 dictus
2416 3478 2518 3514 non
2566 3460 2837 3530 intercipit
2880 3461 3069 3514 Deum.
3145 3459 3335 3530 Neque
3382 3454 3727 3520 enimZaclta-

2194 3558 2301 3607 rias
2336 3569 2518 3609 vocem
2554 3553 2758 3623 genuit,
2792 3567 2967 3622 neque
2998 3552 3273 3608 Elisabetb
3314 3568 3496 3607 vocem
3532 3548 3726 3620 peperi!-

2193 3643 2376 3712 Neque
2419 3645 2557 3698 Deus
2589 3643 2845 3709 Verbum,
2876 3658 2996 3698 eum
3026 3644 3121 3711 qui
3166 3658 3231 3697 ex
3264 3659 3400 3699 voce
3431 3652 3514 3697 est
3550 3639 3723 3709 genu“:

520 3751 689 3792 uicus.
719 3735 911 3803 inquit,
940 3738 1023 3791 Itic
1049 3748 1151 3807 est;
1184 3738 1351 3793 Filius
1374 3756 1524 3793 meus
1544 3741 1943 3795 dilectissimus.
1975 3742 2089 3796 Non
2122 3731 2164 3785 Β
2195 3736 2285 3787 sed
2333 3735 2498 3787 υευιη
2532 3733 2767 3788 Verbum
2800 3752 2813 3788 ε
2845 3733 2967 3802 quia
2999 3732 3242 3788 Joannes.
3277 3736 3491 3803 quidem
3534 3744 3624 3783 vox
3652 3739 3727 3777 v0-

523 3827 612 3893 qui
641 3829 947 3882 contrarius
977 3840 1062 3883 est
1091 3832 1248 3895 inibi,
1281 3833 1372 3887 sed
1401 3833 1493 3901 qui
1528 3848 1611 3887 me
1638 3834 1868 3887 honorat
1898 3845 1949 3887 et
1976 3836 2093 3888 dili-

520 3918 618 3986 git.
652 3919 743 3973 Est
771 3921 911 3975 enim
932 3922 1102 3977 Filius
1130 3934 1184 3977 ut
1212 3924 1398 3989 Filius,
1422 3934 1477 3979 et
1503 3936 1584 3980 est
1608 3925 1776 3981 Filius
1804 3927 1892 3981 Dei
1925 3942 1979 3981 ut
2003 3929 2091 3981 Fio

519 4012 645 4070 lius.
697 4012 763 4068 Et
810 4030 929 4069 cum
972 4018 1039 4070 sit
1078 4018 1168 4071 Dei
1204 4017 1395 4083 Filius,
1422 4029 1599 4074 tamen
1636 4036 1739 4073 non
1784 4021 2090 4075 intermittit

516 4120 681 4158 umtm
711 4108 991 4177 imperium
1030 4109 1204 4165 Patris
1236 4110 1369 4182 (65).
1406 4111 1465 4167 Si
1497 4113 1641 4166 enim
1679 4112 1781 4166 alia
1816 4114 2093 4183 placerent

516 4194 688 4258 Patri,
722 4199 822 4251 alia
850 4199 1052 4255 faceret
1076 4202 1283 4269 Filius;
1314 4203 1380 4256 lis
1401 4216 1456 4257 et
1483 4202 1749 4257 dissensio
1778 4204 2085 4269 haberetur,

517 4299 570 4342 et
640 4290 1033 4357 periclitaretur
1082 4305 1257 4350 unitas
1324 4294 1558 4363 imperii.
1612 4294 1666 4348 Si
1712 4305 1888 4348 autem
1919 4296 2087 4360 dicit,

514 4396 633 4443 qua:
667 4382 765 4448 ipsi
806 4383 1006 4447 placent
1041 4386 1179 4452 facio
1219 4403 1419 4456 semper
1445 4388 1489 4418 δ’
1522 4386 1633 4458 (64)
1659 4406 1673 4454 ;
1704 4388 1826 4456 quia
1873 4402 1933 4441 ea
1968 4403 2087 4457 qua:

514 4472 729 4541 placent
758 4472 901 4527 Patri
958 4492 1170 4545 semper
1216 4477 1364 4539 facit,
1417 4492 1590 4545 neque
1634 4479 1940 4531 contrarius
1981 4489 2085 4541 est,

515 4578 691 4632 neque.
721 4565 987 4633 dissentit,
1019 4584 1192 4636 neque
1216 4569 1533 4624 adversatur
1564 4568 1705 4623 Patri
1743 4588 1754 4623 :
1792 4570 1882 4623 sed
1911 4568 2085 4623 hono-

514 4656 692 4710 riﬁcat
712 4667 767 4710 et
793 4660 1130 4729 diligitsuum
1159 4663 1478 4729 genitorem,
1505 4663 1662 4731 eique
1697 4663 1899 4716 obedit.
1946 4663 2087 4717 Scri-

514 4757 661 4815 ptum
689 4758 802 4802 est:
836 4749 934 4803 llic
964 4762 1062 4815 est,
1092 4752 1203 4820 Ego
1228 4770 1384 4818 sum;
1423 4763 1479 4808 et
1510 4771 1525 4807 :
1563 4753 1629 4808 lu
1656 4755 1917 4823 principio
1949 4765 2080 4807 erat.

513 4839 569 4891 Si
612 4840 754 4892 enim
808 4840 1019 4894 Patrem
1065 4842 1387 4913 interrogas,
1426 4844 1557 4898 dicit
1600 4862 1613 4899 :
1660 4843 1764 4897 llic
1802 4856 1878 4899 est
1908 4842 2083 4897 Filius

511 4946 655 4982 metu
709 4928 1140 4984 dilectissimus:
1187 4943 1243 4986 et
1293 4950 1397 4987 non
1443 4935 1616 4989 solum
1677 4935 1829 4999 dicit,
1884 4936 1976 4988 sed
2032 4945 2085 4989 et

508 5024 768 5079 ostendit.
819 5023 879 5079 Si
925 5041 953 5078 a
981 5024 1117 5080 Filio
1161 5028 1422 5096 requiras,
1466 5029 1635 5082 dicit:
1669 5026 1780 5096 Ego
1828 5047 1942 5082 sum
1976 5045 1994 5083 :
2028 5038 2081 5083 et

2193 3825 2436 3890 cabatur,
2474 3826 2634 3879 homo
2672 3836 2849 3880 autem
2889 3836 3049 3881 erat:
3095 3827 3168 3880 ita
3210 3836 3263 3881 et
3312 3826 3565 3882 Dominus
3589 3820 3724 3875 Jesus
3766 3878 3774 3895 ι

2191 3928 2245 3973 et
2281 3920 2513 3973 Verbum
2544 3920 2744 3973 dicitur
2774 3935 2878 3973 non
2906 3921 3210 3985 visibiliter,
3243 3924 3339 3975 sed
3358 3920 3582 3975 Verbum
3607 3915 3726 3967 Deus

2191 4023 2245 4067 et
2272 4014 2407 4082 apud
2439 4012 2608 4068 Deum
2644 4030 2657 4065 :
2691 4028 2793 4065 non
2821 4012 2993 4065 solum
3024 4011 3277 4076 Verbum,
3305 4027 3479 4082 neque
3517 4023 3610 4061 una
3640 4017 3725 4057 v0!

2191 4121 2254 4159 ex
2288 4105 2491 4167 multis,
2526 4106 2619 4159 sed
2662 4105 2972 4173 ttnigeuitus
3004 4104 3165 4159 Deus.
3208 4105 3344 4172 Quia
3386 4102 3543 4174 igitur
3569 4094 3724 4150 venio.

2188 4200 2283 4252 bat
2319 4208 2373 4250 nt
2401 4198 2765 4266 baptizaretur
2803 4207 3019 4267 propter
3043 4212 3163 4259 nos,
3203 4195 3439 4250 Joannes
3468 4198 3722 4256 antequam

2190 4292 2649 4360 appropinquaret
2675 4290 2764 4359 qui
2792 4290 3144 4359 baptizandus
3172 4298 3312 4354 erat,
3347 4287 3471 4357 quia
3501 4297 3593 4336 vox
3622 4285 3720 4331 erat

2189 4399 2292 4434 non
2331 4383 2515 4449 tacuit,
2541 4383 2632 4437 sed
2664 4383 2913 4437 clamavit
2942 4384 3125 4437 dicens
3155 4400 3167 4436 :
3193 4382 3366 4452 quid?
3394 4381 3523 4433 Ecce
3565 4374 3719 4442 Agmu

2188 4472 2285 4525 Dei
2307 4472 2373 4524 “.
2435 4472 2623 4531 Nonne
2678 4474 2877 4528 dictum
2936 4475 3038 4528 boc
3086 4473 3328 4529 ostendit
3380 4486 3498 4527 eum
3544 4486 3626 4543 qui
3671 4466 3721 4519 ad

2188 4566 2507 4633 baptismum
2532 4568 2794 4621 venerat?
2821 4568 2909 4636 qui
2933 4568 3074 4622 enim
3098 4566 3404 4639 videbatur,
3434 4578 3544 4625 erat
3565 4567 3721 4633 Αεηυε

2187 4658 2279 4711 ι)ρί
2308 4676 2320 4711 :
2353 4658 2442 4725 qui
2498 4668 2676 4712 autem
2725 4660 3116 4727 occultaltatur.
3171 4669 3424 4721 sacerdos
3456 4661 3564 4716 Dei.
3604 4654 3723 4709 Dicil

2182 4765 2309 4815 ergo
2342 4749 2610 4815 Joannes,
2645 4751 2781 4805 Ecce
2807 4753 2983 4826 Agnus
3013 4758 3131 4815 Dei.
3176 4758 3291 4812 Non
3324 4766 3441 4812 erat
3471 4762 3526 4806 ut
3548 4750 3720 4804 dicere!

2185 4841 2404 4907 Filium,
2438 4858 2542 4896 non
2574 4854 2691 4901 erat
2727 4850 3010 4903 utdiceret
3039 4866 3239 4921 regem.
3287 4851 3392 4906 Sed
3435 4845 3552 4916 qnia
3596 4834 3718 4892 desi-

2182 4935 2444 4991 derabant
2473 4936 2602 5009 justi
2655 4949 2708 4992 et
2758 4942 3030 5011 propheta:
3078 4951 3133 4996 et
3184 4958 3361 5012 reges,
3411 4948 3467 4994 ut
3504 4932 3715 4986 viderent

2182 5028 2411 5086 Salutem
2451 5032 2657 5100 mundi,
2693 5034 2898 5103 peccati
2924 5044 3180 5101 mortem,
3200 5030 3513 5104 corruptela
3536 5031 3694 5077 necem

511 5114 613 5168 hoc
642 5116 976 5183 frequenter,
1008 5117 1052 5171 si
1085 5118 1431 5188 Evangelium
1458 5119 1613 5188 legis,
1638 5119 1879 5175 invenies
1906 5121 2081 5177 dicen-
2106 5110 2151 5174 C
2183 5122 2317 5188 Quia
2348 5125 2491 5179 enim
2542 5125 2644 5181 ista
2676 5136 2801 5181 erat
2841 5128 3173 5196 exspectatio
3212 5127 3495 5195 iustorum.
3528 5108 3714 5186 ιιυθηάο

513 5219 655 5265 tem:
679 5208 746 5262 In
782 5212 1042 5279 principio
1071 5222 1202 5275 erat,
1228 5221 1303 5277 et,
1326 5211 1465 5277 apud
1484 5210 1650 5265 Deum
1678 5222 1808 5278 erat,
1839 5224 1915 5278 et,
1938 5214 2077 5268 Deus

508 5309 623 5353 erat
654 5319 672 5359 :
700 5300 767 5356 In
806 5304 1064 5373 principio
1119 5306 1259 5359 enim
1316 5312 1428 5358 erat
1485 5301 1727 5371 Verbum,
1775 5322 1823 5361 et
1854 5308 2077 5363 Verbum

2182 5216 2394 5271 veniret
2421 5218 2468 5273 is
2491 5220 2580 5289 qui
2612 5230 2795 5274 nosset
2820 5228 2873 5273 et
2904 5218 3197 5274 resolveret
3220 5234 3281 5273 ea
3313 5230 3429 5288 quin
3456 5224 3543 5282 per
3564 5202 3707 5261 Adam

2186 5310 2326 5364 mala
2371 5311 2589 5367 inducta
2628 5324 2773 5377 sunt,
2803 5313 2921 5368 ideo
2947 5311 3094 5368 venit
3114 5322 3167 5369 et
3195 5311 3438 5384 apparuit
3466 5296 3708 5359 Dominus.

579 5420 622 5451 ⁵⁸
659 5419 847 5477 Matth.
882 5440 966 5483 Ill.
1003 5426 1090 5478 17.
1164 5426 1386 5482 “Joan.
1416 5428 1648 5489 vm.29.
1726 5428 1769 5460 ⁵³
1799 5427 1955 5481 Joan.
1985 5445 2023 5491 ι,
2068 5430 2086 5483 1

2192 5471 2204 5482 .
2279 5430 2327 5461 ³⁵
2362 5432 2494 5485 ibid.
2525 5432 2617 5487 29.

580 5512 689 5581 (69.)
716 5516 1137 5571 Emendationes
1163 5530 1215 5571 et
1241 5521 1399 5575 varia!
1431 5522 1705 5581 lectiones.
1735 5538 1797 5574 ex
1822 5523 1938 5575 cod.
1970 5539 2069 5575 ins.

508 5585 567 5637 S.
604 5584 839 5638 Cornelii
870 5588 1333 5655 Compendiensis.
1382 5590 1545 5643 Crede
1574 5610 1697 5647 sane
1729 5607 1772 5645 et
1802 5593 1955 5645 Patri
1985 5596 2072 5645 de-

506 5658 821 5725 monstranti
850 5660 972 5725 quia
1002 5660 1152 5710 liabet
1176 5670 1224 5712 et
1257 5658 1473 5714 Filium.

584 5723 943 5799 t65)ng.'Et
989 5744 1104 5799 cum
1159 5730 1224 5780 sit
1265 5730 1361 5783 Dei
1392 5730 1588 5799 Filius,
1646 5750 1743 5787 non
1782 5735 2073 5788 intermittit

507 5800 672 5859 ullum
710 5797 979 5865 imperium
1010 5798 1207 5863 Patris.

2253 5523 2361 5593 (6⁸³)
2402 5525 2499 5579 Ms.
2537 5526 2600 5581 Si
2637 5536 2807 5580 autem
2840 5528 2968 5580 dicit
3002 5524 3208 5593 Filius,
3242 5526 3367 5594 Quae
3395 5518 3487 5592 ipsi
3522 5510 3702 5581 placent

2185 5594 2325 5647 facio
2357 5611 2589 5661 semper.
3358 5664 3363 5665 ν
3415 5660 3426 5665 ,
3524 5654 3534 5665 .

2253 5665 2364 5727 (bii)
2408 5657 2503 5717 Ms.
2545 5666 2793 5733 [ndigens
2842 5668 3094 5733 baptismo
3134 5668 3269 5721 venit
3298 5664 3365 5719 ad
3408 5657 3695 5733 ὺαΡ¹ί⁸Ῡ⁸ῗ¹Ῐ¹²⁶

2256 5724 2368 5799 (6⁸⁵)
2408 5735 2499 5787 Μδ·
2534 5735 2595 5789 δῖ
2628 5724 2789 5804 ἱᾰῖιιιτ
2823 5748 2868 5787 et
2907 5724 3004 5791 ἰ·οπ
3029 5737 3275 5803 Joannis,
3311 5735 3395 5805 qui
3423 5739 3511 5784 r017
3533 5724 3690 5772 diem»,

2185 5823 2283 5858 non
2326 5817 2585 5875 utteicqur
2615 5807 2896 5860 hominem.
