3956 6536
235 378 409 434 1Ο49

1143 378 1233 434 ΒΕ
1265 378 1420 433 FIDE
1457 377 1819 434 ADVERSUS
1859 375 2267 431 SABELLIUM.
2308 407 2375 417 -—
2411 374 2538 429 LIB.
2578 374 2622 429 Ι.

3354 345 3501 425 ίοδσ

239 498 534 570 Apparuit
562 507 742 553 autem
774 512 872 569 per
902 511 1096 568 corpus
1125 498 1171 552 is
1195 500 1284 567 qui
1310 510 1429 553 erat
1451 508 1654 553 natura:
1695 470 1832 552 irivi-
1857 517 1903 570 Α
1936 507 2044 550 tur.
2089 495 2308 549 Andebo
2344 508 2473 549 sane
2501 493 2680 548 dicere
2711 506 2836 546 vera
2872 510 2884 545 :
2922 490 3044 559 quia
3076 504 3178 543 non
3203 490 3376 544 solum
3413 491 3497 544 ni-

236 592 439 647 sibilis
462 591 593 662 (67).
617 591 971 660 Congaudens
1000 590 1163 663 igitur
1190 592 1343 645 nobis
1367 591 1601 646 Joannes
1624 601 1678 647 et
1701 592 1825 657 sibi,

234 700 457 740 omnes
480 686 623 740 enim
658 684 967 755 indigebant
1004 685 1229 740 salutem
1272 701 1389 755 quae
1434 702 1462 738 a
1495 685 1721 739 Domino
1746 695 1829 738 est

239 776 404 849 (68),
450 776 847 846 evangelizans,
897 787 951 831 et
998 778 1341 846 semetipsum
1391 786 1445 831 et
1494 791 1612 842 nos,
1635 775 1829 846 gaudio

238 869 507 939 gaudens
535 868 604 923 ob
635 870 979 937 praesentiam
1013 871 1222 939 sponsi,
1253 870 1409 931 Ecce,
1448 870 1641 937 inquit,
1687 869 1828 937 quod

240 962 709 1027 exspectabatur,
755 976 882 1016 ecce
933 977 1079 1033 spes,
1125 976 1252 1017 ecce
1290 962 1456 1016 salus.
1510 961 1645 1029 Spes
1688 961 1828 1014 bona

241 1049 580 1105 hominibus
612 1060 948 1121 assumptum
996 1062 1236 1107 nostrum
1280 1062 1364 1106 est
1412 1066 1633 1120 corpus,
1668 1065 1832 1105 vene-

245 1156 394 1193 num
435 1140 763 1194 exstinctum
800 1151 881 1196 est
938 1142 1158 1203 diaboli,
1197 1142 1547 1196 mortificatus
1590 1150 1673 1195 est
1716 1156 1826 1195 ser-

245 1245 402 1297 pens
435 1248 448 1283 :
480 1230 634 1286 fortis
677 1232 821 1285 enim
870 1240 956 1284 est
998 1231 1087 1301 qui
1138 1232 1447 1300 assumpsit.
1492 1231 1630 1285 Ecce
1685 1228 1828 1299 quod

248 1322 711 1390 exspectabatur,
750 1337 874 1376 ecce
900 1322 1039 1391 quod
1064 1324 1404 1390 sperabatur,
1441 1337 1565 1377 ecce
1602 1321 1833 1375 admira-

249 1417 341 1467 tio
377 1434 390 1468 :
424 1414 650 1468 solvitur
672 1413 782 1484 jam
821 1422 1119 1480 peccatum,
1160 1413 1485 1475 interﬁcitur
1512 1428 1680 1476 mors,
1720 1414 1831 1480 pel-

253 1508 403 1559 litur
429 1509 735 1576 corruptela
768 1522 782 1559 :
816 1506 948 1559 Ecce
991 1524 1154 1577 agnus
1183 1507 1307 1571 Dei,
1336 1509 1424 1577 qui
1453 1508 1587 1561 tollit
1621 1521 1831 1575 peccata

250 1599 455 1651 mundi
481 1599 549 1650 ⁸⁸.
599 1597 735 1664 Quid
785 1597 992 1665 inquit,
1038 1612 1136 1669 ego
1197 1597 1381 1651 laboro
1424 1603 1475 1651 in
1519 1598 1829 1667 pmnitentia

251 1683 593 1752 baptizans?
621 1684 772 1753 quid,
802 1684 1016 1737 insudo?
1044 1684 1364 1752 baptismum
1392 1686 1531 1738 enim
1567 1687 1705 1755 quod
1736 1702 1832 1754 per

252 1773 532 1828 Joannem
562 1775 814 1840 dabatur,
860 1791 961 1828 non
996 1787 1113 1829 erat
1159 1777 1406 1830 idoneum
1443 1778 1508 1829 ad
1555 1779 1829 1847 purgatio-

1932 586 2005 640 hil
2049 585 2170 637 mali
2223 584 2289 636 ad
2321 584 2746 637 additamentum
2783 581 3007 649 suscipit
3038 580 3125 634 illa
3162 590 3374 646 natura,
3403 583 3497 634 sed

1930 692 2033 731 nec
2063 673 2213 730 boni.
2260 674 2315 727 Si
2343 687 2471 744 ergo
2501 672 2698 725 malum
2727 688 2829 725 non
2858 672 3118 742 suscepit,
3149 672 3273 741 quia
3305 671 3498 727 lumini

1931 768 2165 822 tenebrae
2194 779 2297 820 non
2332 764 2725 835 permiscentur
2759 782 2772 816 :
2813 767 3009 817 bonum
3059 773 3235 817 autem
3290 763 3501 817 addita-

1929 868 2169 913 mentum
2219 873 2324 911 non
2362 855 2607 925 indiget,
2639 856 2761 924 quia
2796 853 3093 923 perfectum
3144 854 3325 924 genuit
3372 869 3499 922 per-

1931 951 2142 1004 fectus:
2177 964 2280 1002 non
2322 957 2408 1002 est
2452 945 2721 1016 promotio
2746 946 2997 999 derelicta
3036 946 3165 999 filio.
3214 943 3330 999 Non
3359 959 3502 999 nunc

1929 1044 2069 1106 dico,
2105 1042 2197 1095 sed
2238 1056 2333 1095 nec
2370 1049 2526 1093 antea
2568 1057 2581 1092 :
2619 1037 2893 1107 perfectus
2933 1037 3076 1090 enim
3124 1048 3205 1091 est
3233 1046 3419 1097 natus,
3448 1043 3505 1088 et

1930 1136 2050 1191 ideo
2090 1134 2223 1188 nihil
2262 1131 2614 1187 additamenti
2645 1130 2856 1198 accipit,
2892 1129 3020 1183 nihil
3062 1129 3334 1197 acquirit:
3379 1143 3505 1196 pero

1934 1227 2109 1282 fectus
2142 1226 2287 1281 enim
2336 1234 2423 1279 est
2484 1223 2767 1293 progenies
2817 1222 3038 1292 perfecti
3073 1219 3207 1291 (69),
3251 1220 3505 1275 omnibus

1938 1322 2152 1390 quidem
2186 1320 2455 1375 sulliciens
2484 1321 2704 1380 donare,
2739 1317 2855 1386 ipse
2888 1324 3065 1369 autem
3097 1329 3201 1367 non
3234 1314 3503 1382 indigens,

1930 1413 2064 1467 nihil
2096 1414 2162 1467 ab
2193 1414 2276 1467 his
2319 1427 2437 1482 quae
2488 1410 2615 1464 fecit
2645 1409 2813 1463 Filius
2852 1407 3059 1475 accepit
3093 1425 3105 1460 :
3136 1409 3258 1475 quia
3309 1404 3506 1459 antici-

1931 1519 2063 1571 pans
2086 1502 2196 1573 (7U)
2225 1503 2401 1557 omnia
2443 1502 2603 1555 habet
2650 1500 2749 1554 sibi
2776 1499 2897 1552 data
2930 1514 2958 1551 a
2994 1498 3171 1551 Patre.
3234 1495 3349 1550 Non
3384 1510 3504 1549 cum

1932 1596 2195 1663 apparuit,
2234 1605 2359 1649 tunc
2393 1604 2448 1649 et
2497 1593 2703 1656 Filius;
2754 1607 2860 1646 non
2885 1606 3007 1646 cum
3046 1590 3344 1652 nobiscum,
3383 1600 3509 1642 tunc

1931 1698 1986 1741 et
2028 1690 2164 1755 apud
2219 1689 2384 1743 Deum
2430 1691 2568 1743 :sed
2614 1685 3063 1755 quemadmodum
3124 1684 3177 1737 in
3241 1680 3508 1751 principio

1932 1790 2047 1832 erat
2085 1777 2337 1842 Verbum,
2400 1779 2451 1831 in
2518 1778 2781 1847 principio
2843 1784 3004 1840 erat,‘
3057 1788 3159 1827 non
3220 1771 3509 1825 tamenin

252 1882 437 1931 nem;
490 1867 612 1935 quia
657 1882 761 1922 non
820 1868 1183 1922 remissionem
1228 1877 1570 1935 peccatorum
1620 1878 1831 1937 poterat
1859 1851 1903 1907 Β
1931 1871 2236 1925 novissimis
2283 1871 2652 1939 temporibus:
2699 1870 2750 1923 in
2814 1866 3101 1938 principio,
3164 1878 3267 1917 non
3331 1872 3508 1915 tamen

252 1958 507 2014 Joannes
537 1960 684 2026 dare,
717 1964 809 2015 sed
842 1962 1160 2015 hortabatur
1188 1961 1252 2014 ad
1278 1961 1665 2031 pmnitentiam.
1703 1961 1832 2017 Ser-

254 2070 369 2108 vus
416 2055 560 2108 enim
591 2063 745 2121 erat,
790 2064 845 2109 et
892 2071 996 2110 non
1029 2065 1240 2126 poterat
1280 2057 1521 2111 donare:
1557 2056 1655 2111 soli
1686 2058 1835 2112 enim

255 2145 502 2199 Domino
533 2145 656 2200 licet
694 2163 788 2200 sua
817 2147 1039 2202 donare.
1065 2148 1226 2213 Quid,
1256 2148 1452 2216 inquit,
1480 2147 1694 2217 baptizo
1719 2148 1830 2215 jam

256 2251 371 2305 ego
400 2236 465 2289 ad
500 2238 868 2305 pmnitentiam
892 2239 915 2292 ?
943 2238 1082 2293 Ecce
1110 2240 1202 2307 qui
1235 2240 1372 2293 tollit
1393 2282 1408 2307 ,
1434 2254 1559 2295 ecce
1586 2239 1675 2309 qui
1705 2254 1839 2294 exu-

260 2328 365 2392 rit,
396 2329 490 2396 qui
525 2329 784 2394 eradicat,
822 2331 913 2399 qui
948 2331 1159 2399 penitus
1182 2330 1363 2385 evellit
1395 2341 1697 2400 peccatum,
1730 2347 1836 2385 non

258 2420 434 2473 unius
484 2430 578 2473 aut
629 2419 864 2489 quinque
910 2429 1004 2475 aut
1049 2436 1142 2475 sex
1199 2421 1477 2476 hominum
1526 2422 1617 2491 qui
1662 2438 1691 2474 a
1753 2436 1838 2476 me

263 2513 650 2582 baptizantur,
684 2516 778 2567 sed
816 2514 1001 2579 totius,
1030 2513 1223 2583 inquit,
1257 2514 1460 2567 mundi.
1495 2512 1667 2567 llorno
1693 2512 1836 2567 enim

262 2620 382 2657 non
412 2613 625 2671 poterat
651 2605 813 2658 totius
840 2605 1022 2662 mundi
1058 2616 1275 2673 peccata
1322 2604 1526 2669 tollere,
1566 2604 1692 2672 quia
1719 2619 1837 2657 om-

264 2711 374 2749 nes
416 2694 662 2750 homines
702 2712 769 2751 ex
795 2696 988 2761 Adam,
1024 2706 1079 2751 et
1126 2712 1227 2749 non
1264 2712 1329 2750 ex
1366 2695 1493 2750 Deo.
1568 2694 1683 2749 Non
1713 2694 1840 2765 quia

261 2796 354 2841 est
397 2785 594 2855 aliquis
626 2785 716 2855 qui
770 2803 872 2840 non
907 2796 987 2840 est
1035 2802 1064 2841 a
1099 2787 1207 2841 Deo
1239 2796 1453 2841 creatus
1496 2803 1591 2857 per
1619 2786 1839 2853 Filium,

263 2878 373 2931 sed
406 2878 583 2932 omnis
611 2878 773 2932 homo
801 2879 1000 2948 quique
1031 2880 1313 2950 progenies
1341 2879 1468 2933 Adii!
1501 2888 1615 2943 est,
1646 2889 1695 2935 et
1733 2893 1840 2934 non

262 2971 577 3025 nativitatis
607 2972 843 3040 peccatis
870 2972 1132 3042 subjacet.
1162 2971 1271 3029 Nos
1299 2972 1440 3039 enim
1475 2972 1524 3026 in
1563 2973 1671 3027 ictu
1703 2980 1757 3026 et
1786 2974 1839 3027 in

262 3061 468 3129 exigua
512 3062 614 3116 hac
646 3063 749 3115 vita
798 3057 1075 3118 constituti
1122 3080 1407 3133 peccamus
1466 3074 1518 3119 et
1568 3064 1746 3134 lingua
1787 3072 1844 3117 et

263 3154 510 3207 actibus.
559 3153 659 3221 Qui
703 3165 881 3210 autem
912 3166 1189 3225 peccatum
1226 3172 1330 3210 non
1367 3155 1513 3221 fecit,
1545 3172 1721 3225 neque
1747 3154 1842 3210 do—

266 3245 386 3299 lum
421 3246 613 3301 habuit
652 3249 702 3302 in
733 3264 829 3304 ore
861 3265 979 3315 suo,
1015 3260 1072 3304 ut
1113 3264 1287 3318 neque
1316 3266 1477 3319 opere
1516 3266 1690 3318 neque
1722 3226 1840 3306 se}-

266 3350 439 3389 mone
474 3346 742 3405 peccaret,
791 3338 905 3407 ipsa
950 3339 1156 3409 iustitia
1192 3350 1294 3395 est.
1346 3338 1443 3407 Qui
1479 3355 1608 3410 ergo
1634 3340 1840 3409 justitia

268 3425 502 3495 propria
532 3442 637 3480 non
671 3427 903 3482 habebat
929 3440 1172 3498 peccata,
1200 3433 1371 3501 potuit
1405 3432 1588 3485 mundi
1623 3441 1841 3501 peccata

267 3524 496 3583 portare
531 3532 544 3569 :
578 3516 667 3585 qui
702 3528 927 3588 aagrotat
967 3520 1108 3574 enim
1141 3522 1307 3576 alium
1361 3537 1557 3577 sanare
1602 3537 1706 3576 non
1747 3539 1841 3592 po-

267 3614 418 3661 test:
445 3615 500 3660 et
528 3609 616 3675 qui
648 3610 885 3679 peccatis
912 3610 1179 3680 subiacet,
1199 3610 1374 3667 aliena
1407 3622 1624 3681 portare
1651 3615 1843 3670 delicta

266 3713 385 3749 non
433 3707 635 3766 potest.
681 3698 782 3767 Qui
823 3712 1002 3757 autem
1053 3719 1158 3758 non
1213 3706 1474 3772 peccavit,
1519 3722 1693 3777 neque
1743 3708 1847 3764 scit

266 3799 557 3859 peccatum
584 3832 599 3857 ,
640 3793 739 3848 iste
774 3809 869 3847 sua
902 3793 1106 3850 virtute
1143 3795 1367 3849 aliorum
1396 3799 1626 3852 assumit
1654 3808 1707 3852 et
1741 3800 1844 3853 tol-

268 3882 340 3934 lit
388 3892 690 3951 peccatum.
727 3886 983 3940 Doriiinus
1027 3886 1170 3941 enim
1210 3888 1515 3957 baptizatur
1555 3905 1583 3941 a
1616 3887 1843 3954 Joanne,

267 3984 332 4030 et
362 3976 592 4029 assumit
623 3975 849 4030 aliorum
880 3978 1071 4033 delicta
1108 3994 1122 4030 :
1161 3992 1437 4031 assumens
1478 3989 1655 4033 autem
1673 3980 1847 4033 aufert

269 4084 338 4121 ea
368 4082 488 4136 qua:
511 4069 765 4135 suscepit.
799 4066 1033 4124 Intueris
1066 4071 1226 4124 istum
1260 4071 1525 4126 visibilem
1558 4072 1723 4125 solem
1752 4072 1841 4140 qui

270 4174 376 4229 per
406 4158 573 4213 Deum
622 4158 799 4215 factus
836 4161 957 4215 est?
990 4162 1092 4216 iste
1125 4162 1207 4217 sol
1241 4163 1473 4218 visibilis
1519 4174 1664 4218 certe
1709 4178 1853 4220 unus

270 4260 365 4304 est
386 4267 450 4305 ex
483 4251 737 4306 omnibus
770 4269 889 4321 qua:
922 4269 1017 4321 per
1046 4253 1240 4309 Filium
1273 4254 1410 4310 facta
1437 4268 1581 4310 sunt.
1628 4256 1731 4309 Iste
1757 4271 1846 4308 or-

276 4356 366 4397 tus
395 4345 586 4399 sordes
614 4345 898 4415 contingit,
941 4355 996 4400 et
1046 4346 1244 4402 fetores
1290 4356 1344 4404 et
1377 4363 1607 4404 caenum.
1658 4347 1727 4402 Et
1756 4348 1845 4402 illa

272 4436 493 4504 quidem
519 4451 637 4505 qua:
663 4436 860 4490 habent
905 4437 1129 4493 fetorem
1162 4439 1409 4494 liberata
1473 4439 1681 4502 fetore;
1734 4440 1846 4507 ipse

1935 1976 2053 2033 post
2088 1966 2281 2020 szecula
2332 1982 2452 2035 qua:
2501 1982 2594 2035 per
2626 1967 2797 2034 ipsum
2846 1964 2985 2017 facta
3037 1970 3181 2016 sunt.
3240 1959 3294 2011 In
3354 1956 3510 2027 prin-

1933 2058 2071 2127 cipio
2111 2069 2234 2112 ante
2290 2074 2475 2112 ninnes
2521 2060 2659 2126 apud
2712 2059 2872 2112 Deum
2907 2097 2922 2118 ,
2969 2064 3092 2108 ante
3138 2051 3348 2107 caelos:
3401 2064 3511 2102 non

1934 2154 2076 2205 enim
2131 2153 2461 2209 necessarios
2527 2151 2756 2206 habebat
2800 2150 2967 2205 caelos
3006 2148 3072 2201 ad
3104 2142 3511 2211 habitandum;

1935 2246 2198 2315 siquidem
2257 2260 2357 2300 nec
2410 2254 2536 2298 tunc
2589 2257 2710 2298 cum
2770 2241 2968 2295 factum
3023 2247 3107 2292 est
3168 2233 3390 2296 caelum,
3440 2229 3509 2285 ad

1936 2352 2091 2391 usum
2128 2337 2325 2391 factum
2350 2348 2433 2391 est
2458 2335 2573 2401 Dei,
2602 2334 2693 2389 sed
2720 2334 2783 2386 ad
2811 2331 3127 2387 beneficium
3157 2328 3327 2397 ipsius
3348 2322 3501 2387 cmli,

1937 2439 1992 2482 et
2022 2442 2205 2481 eorum
2232 2428 2320 2496 qui
2347 2428 2448 2481 sub
2476 2426 2616 2480 ctelo
2652 2435 2774 2479 sunt
2800 2432 3039 2478 creatum
3068 2430 3150 2475 est
3176 2418 3393 2474 cmlum.
3442 2413 3510 2468 In

1941 2521 2197 2590 principio
2233 2531 2344 2573 erat
2375 2535 2393 2573 :
2441 2534 2593 2573 serva
2628 2519 2771 2588 quod
2797 2526 2912 2571 erat
2939 2516 3071 2586 (7|).
3110 2512 3165 2567 Si
3192 2512 3335 2566 enim
3368 2516 3422 2563 et
3453 2515 3512 2560 tu

1940 2628 2046 2666 non
2084 2612 2310 2674 dixeris,
2339 2611 2491 2677 Erat,
2527 2611 2615 2665 ille
2640 2611 2855 2679 quidem
2899 2618 3082 2662 manet
3106 2604 3248 2675 quod
3275 2611 3415 2667 erat,
3460 2611 3516 2656 tu

1939 2716 2119 2760 autem
2163 2703 2509 2758 fraudaveris
2558 2711 2616 2756 ut
2663 2702 2764 2756 sis.
2822 2700 2936 2753 Non
2990 2697 3135 2752 enim
3170 2711 3235 2749 ex
3275 2694 3358 2748 his
3400 2707 3521 2761 quas

1943 2799 2173 2853 dicimus
2211 2796 2515 2852 eﬂiciuntur
2560 2794 2774 2864 negotia
2824 2807 3001 2845 rerum
3034 2808 3048 2845 :
3083 2789 3175 2843 sed
3213 2787 3256 2840 si
3284 2783 3519 2839 confessi

1942 2884 2204 2943 fuerimus
2245 2895 2305 2939 ut
2331 2899 2389 2941 se
2418 2899 2506 2939 res
2545 2886 2746 2939 habere
2768 2882 3038 2944 videntur,
3074 2877 3422 2933 salvabimur.
3459 2874 3516 2929 Si

1946 2987 2130 3033 autem
2161 2976 2451 3031 delirantes
2494 2991 2598 3029 non
2651 2983 2708 3026 ut
2759 2987 2817 3026 se
2852 2970 3013 3025 habet
3051 2968 3322 3038 negotium
3358 2965 3521 3019 locuti

1946 3069 2243 3133 fuerimus;
2276 3066 2406 3137 ipsa:
2450 3066 2666 3133 quidem
2710 3081 2794 3119 res
2820 3072 3057 3121 manent,
3098 3076 3196 3114 nos
3220 3067 3397 3112 autem
3433 3056 3519 3125 ju-

1948 3160 2266 3215 dicabimur.
2317 3160 2469 3223 Erat,
2502 3168 2557 3212 et
2585 3166 2725 3219 erat,
2756 3168 2810 3210 et
2844 3165 2982 3209 erat.
3019 3152 3083 3206 In
3125 3149 3381 3220 principio
3406 3156 3517 3200 erat

1957 3250 2176 3304 Verbum
2213 3265 2232 3304 :
2272 3265 2397 3304 ecce
2434 3250 2597 3303 semel
2647 3258 2807 3304 erat:
2846 3259 2893 3302 et
2942 3245 3167 3299 Verbum
3218 3252 3330 3295 erat
3377 3238 3518 3307 apud

1948 3340 2195 3404 Deum“,
2233 3350 2288 3395 et
2316 3341 2507 3395 iterum
2541 3341 2652 3410 (72)
2707 3348 2863 3394 erat:
2897 3348 2945 3392 et
2968 3337 3106 3390 Deus
3123 3346 3233 3388 erat
3261 3332 3518 3387 Verbum:

1944 3448 2072 3489 ecce
2106 3435 2263 3487 tertio
2295 3442 2432 3487 erat.
2476 3432 2577 3485 Hic
2610 3443 2720 3485 erat
2761 3434 2815 3484 in
2863 3430 3118 3499 principio
3152 3428 3292 3495 apud
3333 3426 3518 3478 Deum.

1944 3523 2072 3579 Post
2104 3532 2335 3592 quatuor
2380 3524 2475 3577 has
2517 3538 2677 3578 voces
2723 3523 2899 3576 adhuc
2935 3521 3153 3574 dubitas
3184 3518 3324 3587 quod
3364 3514 3522 3570 erat?

1945 3626 1998 3670 et
2035 3616 2251 3681 iterum,
2278 3613 2400 3668 Vita
2437 3624 2573 3678 erat,
2606 3624 2661 3669 et
2688 3614 2800 3667 vita
2839 3620 2956 3667 erat
2990 3611 3079 3665 lux
3115 3610 3411 3664 hominum.
3461 3605 3520 3659 Si

1946 3708 2076 3763 dicit
2108 3707 2455 3778 evangelista,
2502 3707 2593 3775 qui
2638 3723 2704 3761 ex
2746 3715 2962 3775 pectore
2999 3703 3207 3759 Domini
3259 3699 3519 3763 haurivil,

1947 3797 2100 3865 Erat,
2155 3807 2210 3853 et
2262 3798 2364 3853 hoc
2415 3798 2770 3867 frequenter:
2804 3811 2869 3851 cx
2915 3796 3001 3851 bis
3047 3809 3165 3865 quae
3208 3808 3349 3861 saepe
3384 3794 3523 3845 dicta

1945 3897 2071 3943 sunt
2124 3905 2192 3943 ne
2237 3888 2451 3958 quidem
2486 3904 2647 3942 unum
2688 3899 2880 3942 tenes:
2917 3897 2971 3942 et
3008 3900 3166 3955 quem
3213 3884 3403 3937 laedis?
3433 3883 3526 3937 llle

1946 3982 2088 4035 enim
2115 3981 2204 4049 qui
2233 3991 2371 4046 erat,
2400 3990 2503 4045 est,
2533 3989 2585 4033 et
2615 3995 2718 4033 non
2754 3978 2987 4033 cessavit
3016 3987 3072 4030 ut
3097 3976 3189 4031 sit.
3236 3975 3312 4029 Tu
3344 3984 3527 4026 autem

1948 4090 2053 4127 non
2090 4073 2195 4127 eris
2238 4072 2394 4139 eius,
2447 4072 2547 4126 nisi
2596 4072 2762 4126 fueris
2804 4068 3084 4124 confessus
3128 4067 3252 4135 quia
3284 4073 3438 4129 erat,
3470 4071 3524 4117 et

1947 4176 2028 4222 est
2052 4176 2105 4220 et
2133 4166 2236 4220 erit
2271 4185 2284 4220 :
2322 4176 2372 4221 et
2409 4181 2681 4234 nunquam
2712 4162 2942 4218 cessavit
2968 4169 3025 4214 ut
3059 4176 3164 4214 non
3195 4158 3285 4214 sit.
3311 4156 3531 4211 Princi-.

1948 4261 2094 4331 pium
2128 4258 2385 4327 evangelii
2423 4259 2571 4323 dicit,
2608 4255 2786 4310 Erat:
2828 4262 2882 4306 et
2924 4262 2978 4307 tu
3030 4251 3214 4307 statim
3269 4247 3521 4303 dubitas:

1948 4351 2173 4408 necdum
2202 4351 2412 4421 ccepisti
2446 4351 2646 4421 legere,
2684 4360 2739 4403 ct
2765 4345 3056 4403 offendisti.
3093 4342 3429 4414 Evangelista
3457 4340 3537 4394 ab

1949 4446 2082 4506 Erat
2113 4447 2297 4515 coepit,
2327 4456 2379 4500 et
2412 4454 2463 4498 tu
2498 4443 2627 4496 Erat
2678 4440 2943 4496 interimis
2966 4440 2991 4492 ?
3037 4436 3275 4493 Necdum
3322 4432 3523 4502 legisti,

273 4537 455 4583 autem
481 4543 540 4583 se
564 4544 666 4582 non
695 4530 1009 4599 coinquinat
1032 4532 1100 4585 ab
1131 4530 1215 4584 his
1245 4547 1364 4600 qua:
1391 4533 1637 4601 detergit.
1664 4531 1718 4585 Si
1748 4533 1845 4600 igi—
1877 4544 1925 4599 Ι)
1949 4548 2003 4591 et
2027 4536 2380 4591 contradicis.
2413 4536 2535 4590 Erat
2575 4535 2626 4588 in
2658 4532 2919 4603 principio
2943 4540 3068 4585 ante
3097 4542 3319 4585 omnes:
3350 4528 3535 4581 bonus

280 4629 369 4673 tur
410 4619 514 4673 iste
560 4621 637 4674 sol
680 4621 907 4675 visibilis
948 4622 1037 4691 qui
1071 4622 1245 4675 oritur
1275 4633 1330 4677 et
1364 4624 1584 4686 occidit,
1616 4624 1704 4693 qui
1741 4638 1843 4677 non

279 4712 334 4766 in
362 4714 627 4782 principio
669 4714 791 4778 fuit,
818 4716 911 4769 sed
943 4725 1137 4783 quarto
1182 4716 1269 4769 die
1318 4732 1413 4784 per
1438 4715 1631 4771 Filium
1674 4717 1847 4771 factus

279 4815 394 4869 est;
437 4806 482 4859 si
520 4806 622 4860 iste
655 4806 737 4860 sol
771 4824 874 4860 non
908 4808 1144 4876 repletur
1176 4809 1243 4862 ab
1287 4808 1371 4862 his
1416 4824 1533 4877 qua:
1558 4809 1844 4877 contingit,

279 4898 449 4952 multo
477 4898 648 4967 magis
678 4898 939 4953 Dominus
960 4900 1182 4968 justitize
1228 4902 1316 4968 qui
1356 4910 1548 4969 purgat
1578 4911 1631 4955 et
1657 4915 1847 4955 emun-

279 4990 394 5055 dat,
430 4990 693 5044 clarificat
723 5000 778 5044 et
823 4990 1111 5057 illuminat,
1158 5008 1269 5045 non
1296 4993 1749 5046 cnntaminabitur
1778 4994 1846 5048 ab

279 5081 364 5137 his
413 5096 535 5150 quze
581 5082 863 5151 contingit.
919 5082 1035 5137 Non
1092 5093 1267 5153 potest
1305 5086 1445 5137 cnim
1500 5084 1615 5153 ejus
1653 5094 1844 5137 natura

278 5174 665 5231 contaminari.
729 5173 874 5228 Nihil
936 5177 987 5229 in
1043 5191 1164 5231 eum
1232 5176 1535 5246 ingreditur
1590 5177 1844 5230 alienum.

278 5264 432 5330 Quod
478 5266 622 5318 enim
672 5275 833 5319 natus
874 5280 956 5321 est
1008 5269 1193 5331 semel,
1238 5269 1338 5323 hoc
1372 5276 1423 5321 et
1461 5277 1658 5322 manet.
1703 5266 1848 5322 Nihil

278 5351 454 5407 defuit
504 5363 563 5406 ut
592 5354 1043 5419 introduceretur,
1077 5357 1206 5410 nihil
1237 5358 1411 5413 minus
1436 5368 1519 5412 est
1557 5368 1614 5411 ut
1642 5357 1849 5429 replea-

350 5471 398 5506 ³⁸
427 5469 583 5525 Joan.
618 5486 656 5539 ι,
688 5471 778 5526 29.
872 5472 917 5502 "
948 5472 1075 5527 ibid.
1104 5476 1160 5527 2.

352 5625 469 5697 (ϐῖ)
501 5625 601 5697 bis.
634 5625 736 5697 Qui
772 5635 882 5678 erat
912 5638 1102 5680 natura
1132 5630 1424 5684 invisibilis.

353 5695 467 5767 (68)
629 5696 938 5767 indigebant
963 5698 1153 5761 salute,
1184 5717 1298 5767 qua:
1334 5720 1363 5752 ιι
1406 5701 1625 5753 Domino
1651 5710 1746 5754 est.

350 5764 463 5841 (g9)
497 5766 1120 5841 Riselferfectaeuimest
1150 5764 1417 5839 pragenics
1445 5772 1680 5841 perfecti.

353 5836 467 5907 (71))
496 5836 822 5905 Αιιιὶι·ἰι›αη.ς.
844 5835 1153 5910 Προλαεών.

1948 4628 2091 4682 enim
2119 4637 2200 4679 est
2226 4626 2414 4685 Pater.
2444 4636 2500 4680 et
2530 4640 2631 4679 non
2658 4632 2742 4678 est
2771 4623 2975 4679 divisus
3009 4636 3274 4693 generans
3297 4619 3484 4674 Filium
3508 4634 3533 4677 ι

1949 4729 2139 4786 potens
2169 4727 2272 4778 est,
2309 4727 2359 4773 et
2388 4734 2490 4772 non
2524 4726 2641 4769 erat
2669 4716 2718 4770 ei
2763 4713 3095 4784 impossibile
3129 4711 3335 4782 impleri
3366 4724 3519 4762 suam

1949 4811 2269 4866 bonitatem.
2313 4812 2579 4879 Tempora
2605 4810 2747 4865 enim
2779 4818 2831 4864 et
2864 4808 3055 4863 saecula
3085 4817 3139 4861 et
3168 4805 3339 4876 spatia
3365 4805 3525 4857 deor-

1949 4918 2066 4957 sum
2101 4913 2245 4957 sunt.
2291 4901 2407 4957 Noli
2432 4911 2747 4973 computare
2778 4899 3157 4972 unigenitazilli
3193 4905 3398 4952 natura:
3423 4894 3524 4946 ali-

1952 4999 2080 5068 quid
2113 5017 2126 5052 :
2160 4999 2384 5053 nihilex
2423 4999 2506 5054 his
2538 5012 2658 5069 quae
2688 4997 2832 5052 facta
2882 5010 2978 5066 per
3023 4995 3196 5063 ipsum
3234 5000 3363 5046 sunt
3388 5005 3404 5044 :
3433 4985 3536 5043 sed

1952 5089 2212 5144 confitere
2239 5090 2454 5145 Patrem
2492 5105 2596 5144 non
2645 5097 2830 5143 natum
2855 5127 2871 5151 ,
2914 5094 2967 5141 et
3011 5084 3172 5138 alium
3204 5095 3309 5135 non
3340 5087 3524 5132 natmu

1953 5196 2196 5251 quaerere
2226 5180 2363 5248 noli;
2388 5183 2512 5252 quia
2541 5196 2641 5236 nec
2673 5180 2933 5235 invenies.
2967 5175 3240 5232 Conﬁtere
3264 5172 3535 5228 etFilium.

1953 5269 2285 5340 unigenitum
2335 5281 2519 5325 natum
2564 5286 2593 5323 a
2637 5269 2848 5324 Patre:
2899 5275 2956 5321 et
3011 5265 3173 5319 alium
3218 5263 3410 5318 Filium
3462 5277 3529 5316 ne

1954 5377 2185 5432 quazras,
2214 5365 2307 5419 sed
2351 5379 2474 5419 eum
2506 5363 2594 5433 qui
2644 5370 2729 5417 est
2768 5374 2906 5415 unus
2943 5355 3282 5429 unigenitus,
3323 5354 3412 5425 qui
3460 5352 3539 5406 ab.

2022 5631 2133 5706 (7t)
2167 5632 2347 5688 Serva.
2375 5631 2563 5703 Τήρει,
2592 5629 2838 5684 observa.
2876 5626 2968 5683 Sic
2992 5624 3129 5681 infra
3162 5622 3257 5681 lib.
3280 5633 3346 5689 ιι,
3379 5621 3527 5677 circa

1950 5707 2142 5845 motis)
2174 5772 2240 5829 Et
2266 5772 2473 5827 iterum.
2504 5770 2663 5826 Forte
2693 5784 2755 5824 cu
2782 5768 2901 5823 iter.
