3956 6516
498 361 632 419 HIS!

494 498 601 537 uno
631 492 710 538 est
731 484 959 551 Palre,a
993 489 1105 544 solo
1133 492 1300 557 solus,
1341 495 1408 550 ab
1439 511 1542 550 uno
1562 512 1718 551 unus.
1745 498 1886 554 Nihil
1914 501 2057 555 enim
2091 510 2135 565 Α
2165 506 2234 558 tia

489 577 699 642 aequale
737 586 818 631 est
856 581 1161 647 unigenito,
1209 586 1343 639 nihil
1389 588 1565 643 simile
1603 589 1741 644 Filio
1767 632 1780 653 ,
1827 592 1957 647 nihil
2006 593 2056 647 ei

491 675 857 733 comparatur,
890 668 1023 723 nihil
1052 683 1317 741 zequatur.
1351 675 1541 731 Omnia
1571 694 1691 732 eum
1719 679 1967 745 adorant,
1990 682 2058 736 ob

492 754 753 810 honorem
792 768 846 812 ut
883 769 1006 828 pote
1036 764 1152 834 ejus
1176 767 1266 836 qui
1297 769 1481 837 genuit
1513 790 1525 823 :
1570 784 1675 824 non
1706 780 1788 825 est
1826 789 1963 827 unus
1991 788 2056 828 ex

489 845 576 899 his
599 861 719 916 quae
757 864 855 918 per
894 852 1065 920 ipsum
1095 868 1221 912 sunt
1252 872 1268 911 :
1312 875 1416 913 non
1448 870 1531 916 est
1561 877 1626 916 ex
1674 863 1777 918 hoc
1828 866 2050 932 mundo,

488 934 583 988 sed
627 945 681 990 et
719 941 947 995 mundus
977 958 1073 1012 per
1118 947 1312 1011 ipsum.
1364 948 1478 1003 Non
1525 952 1717 1006 etelum
1749 968 1871 1007 cum
1900 953 2055 1021 Filio,

487 1025 583 1078 sed
626 1036 683 1081 et
726 1030 919 1085 caelum
964 1050 1059 1103 per
1092 1036 1306 1092 Filium.
1354 1039 1493 1106 Quid
1534 1057 1670 1111 opus
1701 1054 1785 1098 est
1818 1047 2057 1113 partibus

488 1116 752 1174 exhibere
796 1127 1045 1178 natura}?
1095 1126 1284 1183 Omnia
1317 1149 1411 1199 per
1449 1134 1616 1201 ipsum
1656 1127 1801 1199 sunt,
1841 1147 1887 1191 et
1928 1139 2057 1193 nihil

487 1208 601 1262 sine
638 1212 746 1279 ipso
773 1229 791 1266 :
818 1223 872 1267 et
922 1217 1078 1271 tertio
1116 1236 1130 1272 :
1164 1219 1313 1285 Quod
1350 1222 1549 1276 factum
1584 1235 1667 1279 est
1712 1242 1807 1295 per
1858 1229 2052 1297 ipsum.

487 1296 607 1353 Noli
630 1302 808 1357 dicere
839 1304 1130 1371 hominem,
1161 1326 1227 1364 ne
1257 1312 1522 1366 irascatur
1547 1314 1636 1383 qui
1658 1319 1860 1384 genuit.
1895 1318 2056 1373 Joan-

486 1404 585 1445 nes
613 1396 939 1465 evangelista
964 1440 978 1464 ,
1015 1400 1059 1452 si
1115 1408 1293 1453 tamen
1324 1401 1582 1469 Joannes,
1623 1418 1678 1460 et
1709 1424 1813 1462 nou
1845 1411 1933 1478 qui
1962 1427 2056 1478 per

486 1478 772 1551 Joannem,
823 1489 1037 1559 scripsit
1085 1492 1151 1547 de
1193 1494 1350 1559 Filio,
1380 1499 1595 1567 scripsit
1638 1511 1692 1555 et
1741 1504 1805 1556 de
1849 1503 2052 1559 Joanne

486 1573 748 1641 Baptista.
781 1578 1164 1653 Subinterroga
1198 1585 1364 1655 igitur
1385 1592 1832 1656 quemadmodum
1857 1596 1922 1647 de
1948 1597 2052 1650 Deo

487 1664 730 1733 loquitur
759 1673 1114 1741 evangelista,
1150 1687 1203 1729 et
1232 1682 1683 1746 quemadmodum
1713 1685 1778 1738 de
1807 1685 2048 1741 homine:

486 1752 554 1806 In
608 1758 885 1828 principio,
945 1763 1157 1834 inquit,
1215 1779 1325 1822 erat
1365 1768 1626 1827 Verbum:
1662 1774 1763 1828 hoc
1826 1778 1891 1830 de
1946 1778 2052 1831 Deo

1164 371 1428 430 EUSEBH
1470 375 1945 437 CAESARIENSIS
1982 382 2131 440 OPP.
2172 385 2349 463 PARS
2386 388 2474 444 lV.
2511 420 2583 431 —
2618 387 3035 445 DOGMATICA.

3586 397 3734 455 1052

2287 525 2300 561 :
2351 517 2405 561 et
2457 507 2820 562 adorahantur
2869 511 3081 576 omnia;
3133 518 3189 565 et
3237 514 3360 583 quia
3418 516 3731 577 adorandus

2162 596 2523 663 ignorabatur,
2539 598 2859 655 oﬂ‘ensiones
2873 614 3025 656 erant
3040 603 3191 658 nobis
3205 608 3405 662 omnia.
3422 608 3553 664 Nam
3572 623 3625 667 et
3641 614 3734 669 sol

2159 701 2262 738 non
2287 686 2639 752 illuminabat,
2663 692 2754 744 sed
2779 701 2833 745 et
2856 692 2968 761 ipse
2989 694 3139 749 nobis
3158 706 3273 750 erat
3293 696 3535 755 olIensio.
3561 702 3733 757 Venit

2157 784 2335 830 autem
2360 792 2454 847 per
2470 794 2627 848 quem
2646 782 2965 835 suntomnia
2986 800 2999 837 :
3021 798 3122 837 non
3144 785 3311 840 solum
3328 802 3425 843 nos
3446 789 3727 856 liberavit,

2157 866 2249 921 sed
2268 877 2321 921 et
2344 868 2512 937 ipsum
2530 868 2696 926 solem
2714 872 2783 923 ab
2800 870 3018 939 ignobili
3044 875 3147 928 isto
3170 875 3374 932 honore
3391 878 3616 933 liberum
3646 883 3733 934 le-

2157 960 2249 1012 cit.
2286 958 2558 1014 Liberavit
2594 976 2724 1017 sane
2757 963 2933 1017 lunam
2974 980 3001 1016 a
3044 964 3362 1037 calumniis,
3408 982 3462 1023 et
3509 988 3725 1040 purga-

2157 1050 2233 1103 vit
2258 1050 2443 1105 stellas
2470 1061 2525 1105 ιιι
2563 1068 2669 1107 non
2709 1056 3083 1110 adorarentur.
3110 1057 3166 1112 Si
3196 1073 3374 1114 autem
3403 1064 3622 1132 quidam
3649 1066 3731 1117 ad

2160 1140 2275 1195 haec
2299 1143 2317 1161 '
2350 1158 2518 1211 usque
2550 1147 2899 1213 contendunt,
2922 1149 3149 1219 reliquia
3175 1152 3437 1208 malorum
3472 1170 3725 1211 commc-

2156 1234 2477 1288 tnorautium
2524 1236 2863 1291 beneﬁcium.
2924 1239 3075 1294 Nunc
3114 1241 3277 1311 igitur
3315 1254 3370 1300 et
3405 1262 3593 1300 aurum
3632 1260 3727 1303 est

2156 1324 2431 1377 mundum.
2465 1325 2618 1381 Nunc
2639 1337 2691 1381 et
2728 1338 3006 1397 argentum
3028 1332 3092 1383 ad
3122 1331 3173 1385 id
3206 1336 3344 1401 quod
3363 1348 3603 1390 creatum
3630 1352 3726 1392 est

2156 1416 2303 1472 utile.
2344 1415 2494 1472 Nunc
2522 1430 2869 1475 azramentum
2896 1436 3243 1479 atramentum
3276 1436 3363 1482 est
3384 1468 3397 1493 ,
3426 1439 3479 1483 et
3506 1428 3721 1486 ferrum

2156 1508 2357 1560 lcrrum
2384 1548 2398 1572 ,
2434 1519 2487 1562 et
2526 1510 2659 1580 lapis
2697 1513 2860 1581 lapis,
2913 1524 2967 1568 et
3016 1516 3216 1585 lignum
3266 1517 3465 1587 lignum
3509 1532 3627 1585 est,
3666 1531 3727 1576 et

2155 1598 2295 1652 Deus
2332 1599 2489 1654 Deus.
2515 1601 2666 1656 Nunc
2706 1605 3039 1660 dmuonibus
3089 1608 3398 1676 increpatur
3431 1622 3488 1664 ut
3521 1612 3721 1679 decet,

2153 1702 2207 1745 et
2250 1709 2352 1746 non
2396 1695 2687 1748 adorantur
2716 1706 2771 1750 ut
2801 1713 2904 1752 non
2945 1700 3119 1754 decet.
3167 1701 3320 1755 Venit
3352 1705 3497 1757 enim
3532 1722 3625 1759 rex
3662 1718 3723 1760 et

2153 1784 2410 1837 exstinxit
2444 1794 2726 1855 tyrannum
2771 1808 2782 1842 :
2819 1797 2871 1841 et
2910 1792 3127 1859 agnovit
3168 1792 3284 1846 ovis
3328 1803 3630 1861 pastorem,
3664 1806 3724 1851 et

484 1843 627 1900 Filio
668 1849 823 1905 dixit.
878 1853 1016 1909 Dicit
1059 1869 1115 1912 et
1168 1858 1234 1913 de
1265 1859 1495 1929 Joanne,
1538 1862 1735 1918 Factus
1763 1879 1836 1919 est
1876 1868 2048 1921 homo.
2081 1882 2124 1935 Β
2156 1874 2320 1943 fugati
2358 1843 2482 1928 sunt
2506 1876 2636 1943 lupi.
2682 1876 2811 1941 Quis
2829 1843 3161 1933 saneuvenit?
3187 1881 3368 1950 utique
3400 1883 3443 1936 is
3472 1885 3562 1951 qui
3594 1896 3725 1938 erat

483 1933 628 2008 Lege
667 1940 775 2004 illa,
805 1945 1026 2016 sublege
1054 1957 1110 2002 et
1151 1950 1247 2004 ista
1281 1968 1295 2005 :
1324 1960 1376 2005 et
1418 1954 1658 2008 invenies
1687 1959 1953 2024 quomodo
1987 1959 2052 2012 de

484 2031 594 2087 Deo
626 2032 763 2090 Filio
802 2037 1040 2109 loquitur
1069 2059 1083 2095 :
1114 2053 1168 2098 et
1221 2044 1493 2099 hominem
1540 2058 1768 2116 exponet
1798 2048 2047 2107 Joannes.

482 2125 552 2178 In
595 2127 855 2196 principio
904 2145 1015 2186 erat
1057 2133 1277 2187 Verbum
1335 2137 1401 2190 de
1445 2136 1582 2192 Filio
1620 2140 1749 2194 dicit
1799 2158 1813 2195 :
1856 2142 2051 2198 Factus

482 2214 648 2270 homo
674 2219 738 2272 de
760 2220 967 2277 Joanne
997 2225 1164 2292 ponit.
1206 2224 1271 2278 Et
1297 2226 1521 2281 Verbum
1550 2239 1661 2284 erat
1692 2234 1833 2300 apud
1864 2233 2047 2301 Deum,

480 2313 536 2359 et
564 2306 700 2361 Deus
733 2321 844 2363 erat
891 2310 1111 2368 Verbum
1133 2355 1147 2379 ,
1180 2318 1245 2370 de
1271 2317 1405 2372 Filio
1445 2320 1700 2389 loquitur.
1740 2323 1814 2376 De
1844 2324 2049 2382 JOauue

480 2403 660 2449 autem
693 2414 706 2451 :
743 2396 866 2453 Non
891 2412 1001 2456 erat
1030 2403 1121 2457 ille
1153 2405 1327 2461 lumen
1354 2410 1424 2474 ⁸⁷,
1450 2420 1502 2464 et
1532 2411 1727 2465 iterum
1765 2414 1831 2467 de
1866 2418 2049 2486 unige-

480 2486 592 2542 nito
613 2490 710 2553 ait,
745 2491 850 2545 llic
879 2505 990 2547 erat
1016 2497 1070 2549 in
1102 2501 1359 2567 principio
1378 2504 1518 2571 apud
1540 2503 1724 2559 Deum.
1748 2506 1822 2560 De
1842 2506 2049 2565 Joanne

478 2589 682 2648 autem,
717 2582 819 2638 llic
860 2589 996 2641 venit
1029 2591 1099 2643 ad
1135 2593 1487 2649 testimonium
1511 2595 1577 2651 ⁸⁸.
1629 2594 1826 2667 lnjuria
1852 2602 2049 2671 quippe

476 2681 579 2735 est,
615 2682 671 2729 et
708 2690 1029 2747 pra’ponere
1073 2685 1404 2753 unigenitum
1445 2690 1616 2743 servis
1648 2693 1779 2745 suis.
1821 2692 1953 2747 Nam
1994 2706 2048 2751 et

475 2764 618 2831 quod
668 2766 891 2835 dicitur,
937 2773 1071 2827 nihil
1118 2777 1166 2831 ei
1220 2790 1566 2848 comparatur
1608 2793 1701 2837 aut
1760 2796 2043 2855 aequatur:

474 2869 582 2910 non
628 2868 713 2914 est
761 2878 1060 2933 magnum:
1116 2870 1213 2924 sed
1262 2873 1449 2940 egenis
1494 2875 1657 2929 etiam
1715 2892 1878 2945 parva
1924 2888 2049 2934 sunt

476 2962 690 3020 magna.
723 2952 837 3009 Non
867 2965 948 3012 est
983 2959 1127 3015 enim
1160 2978 1300 3018 unus
1345 2980 1412 3020 ex
1453 2966 1728 3035 prophetis
1752 2968 1916 3033 ﬁlius,
1950 2973 2045 3026 sed

473 3056 570 3111 per
610 3060 770 3115 quem
805 3064 993 3106 omnes
1024 3055 1302 3124 prepheta:
1336 3075 1352 3112 :
1394 3072 1499 3113 non
1536 3074 1674 3114 unus
1700 3074 1768 3114 ex
1807 3062 2041 3132 regibus,

472 3142 567 3190 sed
602 3153 696 3207 per
733 3155 891 3210 quem
924 3159 1113 3201 omnes
1156 3163 1313 3217 neges
1354 3167 1369 3204 :
1416 3166 1521 3207 non
1559 3167 1695 3207 unus
1740 3167 1806 3208 ex
1858 3154 2040 3222 justis,

473 3226 570 3281 sed
609 3228 720 3297 ipse
743 3230 955 3300 justitia
994 3256 1006 3291 :
1044 3253 1153 3293 non
1195 3215 1333 3296 unus
1362 3257 1429 3296 ex
1459 3243 1655 3308 servis,
1705 3246 1801 3300 sed
1826 3245 2037 3302 Filius:
2068 3215 2111 3273 ϐ

470 3332 580 3372 non
604 3335 767 3376 unum
811 3339 877 3379 ex
916 3329 1203 3396 omnibus,
1241 3334 1337 3388 sed
1371 3350 1467 3405 per
1492 3351 1650 3405 quem
1680 3347 1805 3392 sunt
1830 3341 2039 3396 omnia:

472 3425 578 3466 non
606 3428 673 3468 ex
711 3416 793 3472 his
821 3419 912 3487 qui
945 3422 1207 3479 assistunt
1235 3435 1290 3480 et
1318 3427 1660 3496 ministrant,
1698 3432 1790 3486 sed
1833 3434 1921 3501 qui
1955 3449 2041 3489 se-

469 3503 558 3556 det
586 3506 652 3559 ad
679 3506 955 3564 dexteram
978 3512 1195 3570 Patris:
1232 3533 1336 3572 non
1375 3534 1442 3574 ex
1467 3520 1550 3575 his
1572 3523 1663 3590 qui
1707 3523 2041 3592 iudicantur,

467 3594 564 3648 sed
611 3596 703 3664 qui
758 3602 998 3670 suscepit
1041 3618 1203 3660 omne
1256 3608 1519 3677 judicium
1569 3613 1870 3683 iudicandi.
1924 3614 2040 3670 Non

466 3687 680 3752 quando
709 3689 847 3757 apud
890 3706 1010 3758 nos,
1041 3703 1167 3750 tunc
1190 3708 1242 3752 et
1275 3702 1414 3769 apud
1445 3701 1685 3758 Patrem.
1721 3704 1871 3761 Tunc
1898 3706 2040 3760 enim

468 3776 572 3831 hoc
615 3778 817 3833 dictum
868 3780 1241 3842 iutercidatur.
1291 3792 1373 3845 Ad
1405 3808 1504 3848 nos
1548 3796 1693 3850 enim
1721 3796 2040 3866 dispensans

462 3869 651 3925 venit:
689 3879 816 3926 tunc
852 3876 1067 3942 quando
1103 3888 1162 3933 ut
1208 3884 1345 3948 ovis,
1382 3887 1598 3954 quando
1631 3897 1686 3942 ut
1714 3888 1897 3957 Agnus
1925 3891 2044 3949 Dei.’

465 3959 521 4015 In
562 3964 836 4034 principio
879 3976 1056 4023 autem
1095 3982 1211 4026 erat
1238 3974 1375 4030 Deus
1406 3978 1543 4046 apud
1572 3979 1734 4034 Deum
1767 3999 1781 4035 :
1815 3998 1936 4035 nam
1983 3992 2037 4037 et

461 4067 585 4108 cum
639 4059 780 4127 apud
836 4075 957 4126 nos,
1019 4062 1158 4119 Deus
1206 4066 1481 4122 nobiscum
1519 4070 1881 4129 Emmanuel:
1932 4091 2035 4130 non

461 4145 601 4202 alius
635 4151 775 4219 apud
816 4150 1057 4220 Patrem,
1092 4156 1228 4211 alius
1260 4169 1439 4215 autem
1471 4162 1753 4217 nobiscum
1796 4173 1852 4219 et
1902 4166 2038 4221 alius

458 4248 875 4299 eratzmanens
915 4244 1177 4315 siquidem
1224 4250 1276 4303 in
1329 4252 1499 4323 ligura
1544 4252 1638 4309 Dei
1683 4257 2035 4323 constitutus,

458 4328 620 4385 istam
648 4344 890 4389 nostram
935 4337 1160 4407 figuram
1199 4342 1342 4396 servi
1395 4345 1653 4413 accepit:
1706 4360 1810 4400 non
1853 4347 1920 4402 ab
1947 4348 2035 4403 illa

458 4421 715 4476 recedens
748 4424 907 4478 istam
939 4427 1228 4484 honoravit
1258 4444 1274 4483 :
1318 4446 1423 4486 non
1457 4434 1526 4487 ab
1560 4432 1648 4487 illa
1686 4434 1903 4500 exiens,
1937 4452 2035 4492 nos

2154 1961 2205 2013 in
2248 1964 2463 2016 mundo.
2493 1963 2561 2016 In
2591 1966 2784 2018 mundo
2808 2004 2824 2030 ,
2870 1966 3078 2036 inquit,
3112 1979 3224 2023 erat
3256 1988 3277 2023 ,ο
3308 1970 3577 2041 siquidem
3624 1975 3716 2027 ni-

2152 2052 2225 2106 hil
2253 2068 2479 2108 vacuum
2516 2057 2583 2111 ab
2614 2057 2730 2126 ipso
2756 2059 2916 2113 etiam
2957 2070 3082 2115 ante
3105 2062 3393 2117 adventum
3431 2064 3546 2131 ejus
3570 2076 3718 2120 erat.

2152 2143 2285 2210 Quia
2320 2160 2425 2199 non
2449 2147 2590 2200 enim
2635 2162 2761 2200 cum
2811 2150 3089 2217 apparuit,
3132 2162 3258 2207 tunc
3297 2162 3351 2207 et
3382 2155 3525 2208 venit
3567 2172 3582 2207 :
3618 2158 3721 2209 sed

2150 2244 2266 2288 erat
2297 2235 2501 2297 latens.
2531 2237 2777 2306 apparuit
2814 2239 2905 2307 qui
2939 2249 3056 2294 erat
3081 2241 3273 2296 latens.
3313 2242 3425 2297 Non
3454 2254 3580 2297 sunt
3611 2246 3719 2300 ista

2150 2335 2304 2388 mea,
2342 2327 2435 2379 sed
2456 2328 2820 2396 evangelistaa.
2876 2329 2966 2383 Ait
3010 2330 3152 2385 enim
3176 2372 3191 2397 ,
3222 2329 3283 2384 In
3333 2335 3527 2385 mundo
3576 2345 3714 2387 erat.

2152 2416 2255 2470 Sed
2281 2432 2466 2484 parum
2494 2419 2666 2473 visum
2689 2430 2769 2475 est
2795 2420 2844 2474 ei
2866 2422 2955 2489 qui
2990 2423 3157 2488 dixit,
3203 2423 3258 2477 lu
3306 2425 3506 2479 mundo
3535 2437 3658 2479 erat
3697 2444 3715 2480 :

2148 2525 2202 2568 et
2255 2516 2374 2570 ideo
2434 2515 2972 2585 repetitsermonem
3025 2517 3318 2588 religiose,
3370 2530 3423 2573 et
3461 2520 3630 2585 dicit,
3664 2532 3714 2574 et

2147 2608 2374 2660 mundus
2401 2623 2493 2676 per
2517 2608 2686 2676 ipsum
2719 2607 2889 2675 factus
2918 2622 3012 2663 est.
3068 2608 3133 2665 Ut
3184 2618 3361 2663 autem
3409 2626 3513 2664 non
3566 2622 3718 2665 esset

2147 2710 2515 2769 contemptus,
2549 2702 2641 2772 qui
2675 2703 2785 2769 ait,
2832 2702 2901 2758 In
2945 2706 3137 2759 mundo
3163 2716 3306 2771 erat,
3357 2705 3491 2760 dixit
3537 2708 3712 2763 etiam

2148 2789 2272 2857 quia
2304 2802 2426 2847 ante
2449 2793 2704 2847 mundum
2731 2804 2849 2848 erat
2883 2813 2895 2849 :
2928 2804 2982 2849 et
3005 2795 3109 2857 ait,
3145 2796 3213 2849 Et
3238 2798 3458 2851 mundus
3495 2814 3591 2867 per
3631 2802 3716 2867 ip-

2146 2899 2259 2936 sum
2281 2883 2455 2951 [actus
2480 2895 2576 2942 est.
2631 2884 2745 2939 ll‘oc
2782 2885 3051 2956 signiﬁcat
3085 2889 3224 2956 quod
3270 2899 3395 2944 ante
3446 2891 3714 2944 mundum

2144 2983 2281 3027 erat.
2313 2972 2380 3027 In
2411 2976 2602 3030 mundo
2627 3016 2642 3039 ,
2675 2977 2883 3046 inquit,
2919 2988 3051 3049 erat.
3091 2979 3371 3045 Quomodo
3406 2979 3457 3032 in
3504 2981 3715 3034 mundo

2145 3066 2301 3119 erat?
2322 3062 2476 3131 Erat,
2506 3066 2602 3132 ait,
2639 3065 2814 3121 lumen
2842 3084 3038 3133 verum,
3068 3068 3158 3137 qui
3202 3067 3464 3120 illuminat
3502 3084 3717 3122 omnem

2144 3158 2404 3227 hominem
2432 3160 2715 3213 venientem
2742 3160 2797 3212 in
2818 3159 2955 3213 hunc
2976 3162 3247 3215 mundum.
3286 3158 3354 3214 Ut
3394 3170 3576 3214 autem
3604 3178 3711 3214 non

2145 3249 2683 3312 diceret,venientem
2714 3250 2851 3320 (74),
2875 3251 2949 3304 ita
2978 3251 3131 3321 quasi
3166 3266 3268 3304 non
3302 3253 3517 3306 essetin
3552 3269 3714 3305 mun-

2144 3338 2242 3401 do,
2267 3346 2320 3392 et
2356 3348 2572 3406 putares
2597 3340 2719 3405 quia
2749 3341 2896 3394 venit
2934 3342 3147 3408 quidem
3176 3342 3265 3410 qui
3319 3357 3421 3395 non
3466 3342 3659 3395 aderat
3693 3360 3709 3396 :

2144 3427 2265 3482 ideo
2297 3438 2474 3483 tutaus
2500 3428 2612 3499 (75)
2638 3432 2795 3484 istam
2828 3432 3181 3500 suspicionem
3201 3432 3378 3493 addit.
3406 3431 3472 3484 In
3510 3435 3711 3489 "tundo

2141 3528 2275 3573 erat.
2303 3519 2455 3573 Etue
2480 3519 2676 3575 iterum
2715 3530 2931 3590 putares
2965 3522 3086 3592 quia
3125 3538 3245 3577 cum
3288 3523 3483 3577 mundo
3524 3524 3711 3579 factus

2141 3618 2258 3664 erat
2282 3649 2297 3674 ,
2330 3611 2524 3680 repetit
2552 3620 2606 3665 et
2633 3612 2792 3678 dicit,
2824 3611 2891 3666 Et
2922 3616 3148 3667 mundus
3186 3630 3278 3682 per
3317 3614 3486 3683 ipsum
3528 3615 3708 3682 [actus

2140 3709 2237 3754 est.
2280 3700 2335 3755 Si
2364 3701 2528 3770 igitur
2557 3718 2652 3770 per
2698 3704 2873 3773 ipsum
2908 3704 3082 3760 factus
3138 3714 3220 3759 est
3261 3707 3526 3770 mundus,
3584 3715 3708 3761 erat

2143 3792 2326 3863 utique
2345 3793 2517 3849 Filius
2545 3806 2831 3865 antequam
2865 3796 3018 3851 ﬁeret
3046 3796 3273 3851 mundus
3308 3813 3323 3848 :
3350 3797 3471 3866 quia
3492 3799 3561 3851 ab
3589 3799 3708 3867 ipso

2141 3884 2310 3938 laetus
2330 3894 2413 3939 est
2435 3886 2682 3939 mundus.
2712 3885 2945 3956 Denique
2967 3887 3125 3941 etiam
3156 3886 3223 3941 ab
3246 3887 3359 3956 ipso
3379 3887 3513 3942 Filio
3540 3888 3663 3943 audi
3686 3906 3702 3943 :

2142 3972 2222 4027 Da
2257 3976 2418 4044 mihi,
2452 3975 2661 4044 inquit,
2698 3974 2889 4041 Pater,
2915 3975 3171 4046 gloriam,
3195 3992 3349 4045 quam
3367 3975 3525 4029 habui
3557 3976 3703 4046 apud

2140 4079 2189 4120 te
2213 4077 2490 4136 antequam
2538 4072 2763 4121 mundus
2797 4067 2944 4135 ﬁeret
2975 4067 3040 4123 ".
3074 4066 3350 4136 Quomodo
3394 4084 3559 4139 ergo,
3621 4069 3704 4123 in-

2140 4159 2291 4227 quit,
2320 4166 2439 4211 erat
2467 4158 2518 4210 in
2550 4156 2795 4211 mundo?
2821 4155 2877 4211 In
2915 4159 3113 4212 mundo
3144 4166 3261 4213 erat
3282 4198 3297 4223 ,
3346 4170 3397 4213 et
3430 4163 3496 4212 ad
3538 4175 3699 4213 mun-

2139 4251 2266 4304 dum
2307 4251 2473 4305 venit.
2505 4249 2966 4317 Quemadmodum
2995 4258 3173 4304 autem
3199 4252 3358 4304 etiam
3392 4250 3520 4303 illud
3554 4253 3699 4305 acci—

2136 4340 2222 4411 pis
2259 4340 2463 4396 dictum
2496 4359 2511 4395 :
2550 4340 2802 4395 Dominus
2829 4343 3059 4412 regnavit
3089 4340 3175 4393 σον
3196 4339 3308 4394 Rex
3335 4341 3476 4395 enim
3506 4351 3586 4395 est
3616 4341 3699 4395 iu-

2136 4433 2397 4489 deliciens
2428 4449 2442 4487 :
2474 4448 2579 4487 non
2609 4449 2751 4488 nunc
2774 4434 2988 4503 quidem
3029 4448 3121 4487 rex
3147 4472 3162 4497 ,
3203 4432 3487 4503 aliquando
3514 4441 3696 4486 autem

455 4508 685 4566 salvavit
718 4532 733 4568 :
768 4530 873 4569 non
913 4518 1130 4588 reliquit
1162 4531 1474 4592 pastorem,
1524 4533 1578 4579 et
1607 4528 1815 4595 accepit
1853 4542 2026 4582 ovem.
2063 4550 2108 4605 η
2139 4539 2241 4578 non
2267 4564 2281 4589 ,
2316 4539 2414 4579 nec
2447 4519 2628 4593 postea
2672 4541 2796 4581 non.
2826 4523 3285 4589 Quemadmodum
3330 4539 3459 4589 ergo
3493 4524 3695 4577 dictum

454 4596 917 4664 Quemadmodum
950 4609 1092 4662 enim
1121 4610 1213 4679 qui
1242 4626 1349 4667 non
1383 4624 1564 4668 manet
1591 4615 1733 4683 quod
1768 4626 1908 4679 erat,
1942 4631 2032 4685 po-

457 4696 598 4743 terat
623 4693 868 4761 accipere
894 4701 1036 4765 quod
1068 4703 1308 4772 accepit?
1340 4703 1456 4760 Non
1486 4715 1604 4760 erat
1632 4707 1883 4775 possibile
1919 4708 2030 4762 sal-

452 4794 582 4835 vere
609 4782 853 4840 homines
872 4788 1139 4860 homines,
1173 4796 1297 4863 quia
1331 4797 1576 4853 homines
1604 4799 1943 4868 subjacemus
1971 4811 2027 4855 et

452 4873 685 4942 propriis
728 4880 965 4946 peccatis
1010 4891 1066 4937 et
1114 4884 1265 4942 clade
1291 4888 1443 4961 (75):
1483 4891 1700 4945 tenebat
1735 4905 1867 4946 sane
1910 4907 2025 4945 ma-

450 4961 705 5020 ledictum
739 4982 886 5025 mors
917 4980 972 5024 et
993 4974 1319 5043 corruptela,
1357 4986 1411 5031 et
1439 4988 1496 5032 ut
1534 4988 1797 5051 tyrannus
1830 4994 2022 5050 regna-

448 5054 541 5110 bat
564 5058 811 5116 diabolus
842 5070 893 5118 et
921 5064 1326 5124 bacchahantur
1357 5072 1648 5128 dannones.
1677 5073 2021 5128 Consuetudo

448 5158 626 5205 autem
660 5155 830 5224 magis
862 5167 1045 5212 nostra
1085 5159 1296 5215 vincula
1331 5164 1753 5234 constringehat.
1785 5164 2023 5220 Baccha-

446 5241 609 5298 batur
628 5247 770 5301 enim
798 5249 852 5303 in
881 5252 1037 5308 nobis
1057 5262 1112 5309 et
1131 5252 1297 5312 libido
1319 5267 1373 5313 et
1401 5258 1612 5314 tenebat
1635 5261 2024 5331 concupiscen-

2134 4622 2218 4668 est
2239 4653 2254 4677 ,
2280 4612 2533 4666 Dominus
2557 4616 2787 4683 regnavit
2808 4653 2822 4677 ,
2856 4620 3013 4681 prout
3037 4612 3239 4667 diceret
3264 4650 3279 4676 ,
3321 4610 3574 4665 Homines
3607 4626 3695 4665 re-

2132 4703 2280 4774 gnati
2319 4712 2483 4769 sunt,
2522 4713 2615 4757 aut
2646 4711 3023 4773 regnaverunt.
3054 4702 3169 4758 Non
3196 4703 3335 4758 enim
3377 4702 3462 4755 ille
3483 4702 3697 4771 accepit

2129 4794 2268 4866 quod
2293 4810 2397 4850 non
2426 4795 2659 4849 habebat
2685 4812 2700 4849 :
2730 4796 2822 4851 sed
2853 4807 2953 4850 nos
2984 4795 3130 4865 digiti
3156 4794 3348 4849 iterum
3379 4792 3694 4861 iudicamur

2126 4902 2193 4943 eo
2218 4904 2247 4942 a
2288 4902 2394 4957 quo
2420 4887 2740 4942 excidimus.
2784 4885 2891 4942 Nos
2916 4886 3096 4955 itaque
3142 4901 3463 4957 regnamur,
3495 4894 3550 4941 et
3589 4885 3695 4941 iste
3749 4960 3756 4967 α

2124 4990 2336 5048 regnat.
2394 4979 2509 5034 Non
2563 4995 2705 5034 nunc
2756 4994 3038 5034 assumens
3097 4978 3424 5048 imperium:
3456 4977 3548 5032 sed
3588 4991 3692 5031 nos

2125 5072 2421 5127 liberamur
2451 5088 2479 5127 a
2517 5070 2817 5143 tyrannide.
2854 5069 2921 5122 In
2946 5072 3140 5124 mundo
3162 5112 3175 5137 ,
3213 5072 3423 5139 inquit,
3464 5080 3599 5126 erat.
3627 5070 3691 5125 Si

2126 5163 2178 5217 in
2217 5164 2416 5218 mundo
2436 5174 2588 5227 erat,
2620 5162 2895 5232 quomodo
2936 5162 3155 5215 venitiu
3183 5162 3419 5215 mundo?
3447 5161 3691 5230 Apparet

2127 5257 2432 5314 inmundo.
2467 5256 2605 5325 Quid
2654 5270 2783 5326 ergo
2827 5270 2932 5310 non
2983 5255 3132 5310 vadit
3177 5271 3240 5310 ex
3284 5254 3521 5309 mundo?
3548 5254 3687 5310 Dicit

554 5424 783 5484 "Joan.
818 5446 856 5496 I,
886 5434 940 5489 8.
1013 5433 1062 5467 ⁸⁸
1090 5434 1223 5490 ibid.
1298 5439 1345 5471 ⁸ο
1383 5438 1560 5495 Joan.’
1594 5452 1739 5506 xvn,
1794 5442 1845 5496 l.
1923 5440 1966 5472 ⁶⁰
1999 5439 2145 5497 Psal.
2194 5454 2340 5507 xcu,
2399 5453 2556 5508 xcvn,
2606 5453 2791 5493 xcvtn.

517 5577 631 5646 (73)
666 5581 845 5638 Clade.
873 5585 1033 5643 Forte
1064 5588 1222 5647 cladi.

524 5648 639 5715 (74)
662 5648 958 5709 Venientem
988 5660 1042 5711 in
1071 5660 1230 5717 hunc.
1267 5660 1590 5719 Vertendum
1621 5665 1717 5720 fuit
1750 5681 1812 5719 ex
1847 5664 2010 5719 Euse-

551 5722 768 5807 quident
804 5736 983 5803 tuente
1024 5730 1231 5807 tanien}
1259 5748 1294 5807 _:
1342 5717 1464 5788 nam
1507 5717 2007 5807 epidpevo—viretu—lit

436 5786 522 5865 .ad
557 5804 739 5845 vocem
780 5792 914 5861 φῶς,
951 5812 1056 5853 non
1088 5801 1152 5853 ad
1188 5786 1471 5873 ἅνθρωπῶ
1505 5786 2005 5875 g'ﬁdbi'éiiig'b;

2120 5595 2292 5649 tendit
2319 5603 2426 5650 tum
2458 5594 2733 5675 enarratio
2756 5609 2873 5675 quin
2890 5594 3151 5675 sequitur.
3183 5601 3292 5647 tum
3322 5592 3457 5647 alius
3488 5603 3675 5675 postea

2117 5666 2268 5719 locus
2305 5666 2439 5717 infra
2472 5666 2558 5717 ubi
2594 5666 2787 5732 legitur
2811 5663 2939 5717 Erat
2968 5667 3140 5718 lumen
3170 5681 3345 5718 verum
3389 5663 3593 5718 reuiens
3624 5668 3675 5716 in

2114 5737 2252 5788 [tunc
2281 5738 2551 5795 mundum,
2580 5746 2685 5789 «μιν,

2190 5806 2301 5875 (75)
2336 5805 2555 5859 Talaus.
2603 5803 3074 5877 “scattgdpsvog,
3099 5807 3441 5875 propulsans,
3464 5819 3677 5858 arceas.
