3956 6546
230 411 426 471 1033
1138 412 1223 471 DE
1260 415 1417 471 FIDE
1455 417 1826 474 aovaasus
1866 416 2274 474 SABELLIUM.
2316 449 2385 459 —
2421 417 2547 474 LIB.
2590 418 2634 474 ι.
3383 396 3547 475 rost

225 538 432 592 enim
457 556 471 591 :
506 536 692 590 Adhuc
717 536 920 591 modice
947 536 1121 592 lumen
1146 540 1406 593 vobiscum
1438 550 1535 595 est.
1585 540 1733 595 Vada
1769 542 1839 595 ad
1868 551 1916 605 Α
1946 544 2019 596 ris
2056 540 2316 610 Spiritum
2340 543 2625 596 venientem
2652 581 2668 606 ,
2694 540 2778 593 hic
2799 550 2874 595 est
2907 540 2991 595 "’?
3012 539 3070 595 Si
3107 539 3270 611 igitur
3291 554 3525 610 evange-

223 645 391 682 cum
416 630 507 699 qui
539 644 620 682 me
646 629 826 683 misit:
854 631 1100 699 queentia
1134 649 1233 694 me,
1262 644 1308 685 et
1350 649 1452 685 non
1480 634 1746 687 invenietis
1772 634 1840 687 “.
1951 638 2070 692 lism
2096 636 2256 701 dicit,
2292 632 2463 699 Erat;
2489 634 2727 703 Baptista
2768 643 2949 689 autem
2972 634 3104 688 dicit
3129 673 3149 699 ,
3173 632 3279 687 llic
3313 645 3386 688 est
3418 648 3437 687 :
3469 645 3527 690 et

224 720 427 776 Nunc
454 720 641 785 vadit,
672 732 728 775 et
757 720 1012 790 relinquit
1050 722 1329 778 mundum.
1360 724 1466 777 Sed
1507 725 1699 779 iterum
1732 725 1845 793 ipse
1952 730 2187 799 Spiritus
2236 736 2467 783 testatur
2499 728 2625 796 quia
2663 727 2777 794 ipse
2831 736 2914 787 est
2938 743 2957 792 ;η
2984 735 3038 781 et
3088 726 3250 781 Pater
3298 727 3526 781 demon-

226 813 407 867 dicit
438 832 453 867 :
492 810 629 866 Ecce
652 829 745 882 ego
783 814 1047 867 vobiscum
1079 830 1195 868 sum
1230 831 1390 884 usque
1414 816 1483 867 ad
1510 832 1843 869 consumma-
1951 834 2135 877 sti-aus
2167 820 2327 883 dicit,
2366 818 2471 873 llic
2499 830 2573 872 est
2596 835 2617 883 ;
2638 828 2693 873 et
2722 818 2892 874 Filius
2930 817 3090 883 dicit,
3133 818 3244 889 Ego
3279 836 3434 885 sum;
3461 830 3518 875 et

228 908 466 960 tionem
491 905 674 959 διεσαιὶ
706 906 771 958 ⁶².
795 907 999 961 Aderat
1025 922 1156 977 ergo
1179 950 1195 975 ,
1223 917 1278 963 et
1301 915 1588 975 antequam
1625 906 1847 960 adveni-
1951 912 2224 966 daemones
2252 910 2442 965 dicunt
2468 950 2483 975 ,
2513 908 2590 963 Tu
2615 927 2669 963 es
2700 923 2718 961 :
2751 926 2870 980 qua:
2903 912 3210 980 procacitas
3240 912 3337 966 ista
3361 922 3445 966 est
3470 922 3528 968 ut

174 1030 184 1053 2
230 1010 351 1057 ret
376 1041 394 1067 ,
428 1003 585 1056 adest
612 1002 772 1056 etiam
816 1010 1102 1071 postquam
1150 1006 1413 1071 perrexit.
1460 1005 1674 1058 Intuere
1714 1018 1845 1071 ergo
1952 1019 2057 1058 non
2092 1004 2449 1059 credat?Aut
2478 1002 2623 1057 enim
2650 989 2793 1055 Patri
2826 1004 3017 1068 crede,
3053 1014 3145 1057 aut
3169 1003 3305 1058 Filio
3328 1006 3525 1072 obedi,

235 1094 733 1161 quemadmodum
776 1094 827 1148 in
857 1098 1059 1150 mundo
1082 1106 1200 1150 erat
1226 1096 1590 1152 invisibiliter.
1629 1095 1758 1148 Nam
1794 1097 1844 1149 id

234 1184 589 1239 videntibus
627 1182 913 1252 apostolis,
940 1194 993 1240 et
1017 1186 1293 1240 nobiscum
1323 1198 1405 1240 est
1435 1203 1601 1255 usque
1632 1187 1696 1239 ad
1718 1204 1846 1240 con-

236 1277 694 1331 summationem
723 1277 906 1331 saeculi
940 1294 953 1332 :
981 1278 1342 1347 incorporalis
1362 1279 1504 1333 enim
1539 1277 1729 1331 natura
1763 1278 1846 1331 lo-

240 1371 349 1424 cis
380 1386 490 1425 non
517 1370 1008 1425 circumscribitur.
1040 1370 1144 1425 Sed
1172 1380 1521 1439 posteaquam
1553 1370 1845 1439 assumpsit

239 1477 504 1530 corpus,
558 1478 663 1529 non
716 1471 773 1517 ut
819 1462 1189 1517 recluderetur
1242 1462 1536 1532 assumpsit
1581 1482 1594 1517 :
1635 1462 1846 1516 salvare

239 1553 416 1607 enim
454 1554 635 1618 venit,
663 1562 717 1607 et
743 1568 850 1607 non
883 1552 1059 1605 minus
1103 1552 1345 1606 exaltare
1368 1591 1384 1615 ,
1422 1562 1476 1605 et
1529 1567 1633 1605 non
1668 1551 1846 1604 humi-

243 1642 408 1698 liare
440 1643 569 1711 (non
596 1642 722 1711 quia
756 1658 859 1696 non
890 1657 949 1696 se
1006 1642 1310 1695 humiliavit
1341 1640 1667 1697 :.humiliari
1701 1640 1847 1695 enim

241 1734 417 1797 dico,
449 1731 696 1786 decidere
733 1746 852 1785 eum
886 1748 915 1785 a
941 1747 1035 1785 sua
1064 1731 1372 1799 dignitate),
1401 1732 1494 1784 sed
1518 1730 1696 1795 potius
1724 1728 1845 1782 abs-

245 1824 515 1879 condere
565 1839 720 1876 suam
756 1823 1093 1892 dignitatem.
1135 1821 1189 1874 Si
1216 1821 1360 1876 enim
1401 1821 1514 1890 ipse
1554 1819 1753 1873 decidit
1780 1822 1848 1873 ah

243 1928 331 1969 eo
371 1914 520 1983 quod
552 1921 670 1968 erat
706 1913 846 1968 Deus
870 1953 886 1978 ,
945 1928 1044 1966 nos
1085 1929 1192 1965 non
1241 1912 1424 1981 utique
1466 1912 1739 1965 revocavit
1776 1910 1841 1964 ad
1874 1902 1917 1957 Β

243 2019 390 2060 eam
420 2020 485 2058 ex
516 2020 618 2075 qua
644 2004 961 2059 cecidimus.
989 2003 1215 2058 Salvare
1258 2002 1423 2071 igitur
1473 2002 1619 2056 venit
1666 2001 1845 2056 Domi-

250 2112 375 2151 nus
403 2135 421 2161 ,
451 2111 559 2150 non
591 2105 771 2150 tamen
807 2095 1055 2149 amittere
1087 2096 1229 2162 quod
1251 2093 1504 2147 habebat.
1533 2091 1685 2149 Fecit
1710 2092 1847 2147 bene

249 2188 390 2258 ipse
430 2203 656 2243 manens
699 2188 754 2241 in
785 2202 891 2256 quo
912 2195 1026 2240 erat
1066 2185 1204 2255 (76),
1239 2200 1345 2238 non
1377 2194 1566 2238 natura
1592 2185 1847 2239 excideris

250 2295 366 2334 sua
385 2321 407 2361 ι
433 2278 532 2333 sed
557 2277 932 2334 misericordia
962 2280 1133 2331 utitur
1164 2275 1364 2330 Patris.
1404 2274 1541 2341 Quid
1571 2290 1697 2343 ergo
1722 2289 1847 2342 pro—

250 2372 509 2442 positum
548 2379 670 2424 erat
693 2371 849 2426 nobis
881 2371 1064 2425 dicere
1086 2410 1101 2434 ,
1127 2370 1268 2439 quod
1298 2369 1469 2423 solum
1507 2371 1555 2421 ei
1594 2367 1849 2421 convenit

252 2461 628 2521 dici‘lsolum
667 2474 845 2516 autem
898 2461 1153 2515 convenit
1200 2461 1349 2525 dici,
1383 2458 1508 2527 quia
1558 2467 1642 2512 est
1690 2457 1850 2512 Pater

250 2572 433 2621 vere,
459 2568 544 2611 est
590 2565 646 2611 et
700 2555 868 2611 Filius
896 2570 1055 2620 Vere,
1090 2564 1172 2609 est
1208 2564 1263 2610 et
1309 2552 1547 2622 Spiritus
1606 2561 1846 2605 sanctus.

253 2649 391 2707 Non
416 2648 575 2703 otiosi
607 2662 888 2703 sermones
911 2687 925 2711 ,
957 2662 1063 2701 non
1087 2662 1259 2700 vacua
1282 2643 1451 2699 verba
1477 2683 1493 2708 ,
1521 2643 1613 2697 sed
1662 2653 1850 2697 natura

256 2757 422 2797 vera.
450 2740 612 2795 Pater
634 2756 738 2794 non
772 2748 935 2794 natus
961 2778 975 2803 ,
1004 2748 1059 2793 et
1084 2738 1232 2793 solus
1264 2753 1368 2791 non
1422 2746 1582 2790 natus
1617 2753 1629 2787 :
1660 2744 1713 2788 et
1762 2733 1853 2787 Fi-

261 2831 389 2885 lius
424 2830 734 2901 unigenitus
757 2870 772 2892 ,
828 2837 884 2883 et
931 2827 1076 2883 solus
1108 2826 1416 2898 unigenitus
1455 2836 1539 2880 est
1574 2842 1588 2879 :
1619 2824 1854 2893 Spiritus

257 2932 496 2978 sanctus
539 2923 630 2991 qui
677 2937 707 2975 a
760 2921 898 2976 Filio
955 2920 1250 2975 secundum
1297 2917 1475 2979 Patris
1522 2918 1853 2972 voluntatem

259 3018 530 3072 mittitur.
556 3015 652 3069 Vis
696 3023 877 3070 autem
927 3013 1143 3068 edoceri
1171 3013 1297 3082 quia
1342 3013 1458 3066 haec
1489 3025 1619 3064 vere
1667 3009 1855 3063 dicun-

269 3124 370 3165 tur
393 3110 556 3180 (77)?
594 3107 757 3165 Venit
783 3107 1040 3163 Dominus
1078 3106 1145 3160 ad
1162 3105 1484 3176 baptismum
1511 3103 1734 3162 Joannis
1755 3143 1771 3169 ,
1800 3108 1857 3156 et

258 3201 482 3256 videbis
507 3200 598 3269 qui
630 3198 823 3268 estqui
854 3198 1021 3264 dicit,
1066 3196 1168 3252 llic
1200 3205 1277 3251 est
1313 3195 1489 3252 Filius
1540 3211 1688 3253 meus
1715 3193 1853 3247 dile-

257 3294 535 3353 ctissimus
555 3332 571 3359 ,
596 3293 649 3345 in
677 3307 778 3359 quo
818 3290 946 3343 mihi
982 3290 1105 3347 bene
1131 3288 1423 3357 complacui
1456 3287 1524 3341 “.
1559 3285 1694 3357 Quis
1717 3284 1854 3341 dicit

260 3385 431 3445 lucc?
461 3384 648 3453 utique
676 3380 838 3438 Pater
858 3381 923 3436 de
952 3381 1061 3435 Deo
1082 3419 1097 3444 ,
1131 3378 1222 3448 qui
1252 3378 1533 3435 videbatur
1578 3384 1634 3428 ut
1664 3375 1850 3430 homo.

264 3477 383 3547 Qui
410 3476 545 3531 dicit
599 3490 771 3546 ergo,
833 3473 996 3527 Pater
1045 3480 1128 3527 est
1167 3490 1180 3526 :
1214 3471 1277 3525 de
1321 3484 1429 3538 quo
1478 3467 1850 3525 testimonium

260 3579 423 3634 erat,
452 3568 623 3623 Filius
676 3575 761 3623 est
793 3585 805 3621 :
835 3564 1074 3635 Spiritus
1131 3564 1185 3620 in
1232 3563 1412 3632 specie
1460 3560 1743 3615 columbae.
1787 3560 1854 3622 Et

262 3664 368 3737 qui
402 3672 461 3721 ut
488 3664 647 3716 homo
683 3664 1007 3729 apparebat,
1036 3665 1090 3711 et
1110 3656 1201 3725 qui
1252 3657 1303 3708 in
1360 3653 1579 3709 homine
1624 3653 1842 3710 habita-

262 3759 367 3815 bat
390 3796 406 3821 ,
435 3763 492 3809 et
516 3754 608 3824 qui
633 3753 684 3811 in
716 3766 948 3822 corpore
975 3758 1127 3813 erat,
1155 3748 1459 3805 testabatur
1490 3755 1545 3800 et
1583 3748 1802 3806 dicebat
1829 3764 1845 3801 :

264 3849 501 3919 Expedit
534 3848 670 3901 vobis
701 3854 756 3900 ut
787 3861 880 3914 ego
921 3842 1131 3897 uadum.
1191 3839 1255 3896 Si
1287 3839 1459 3903 enim,
1508 3837 1724 3905 inquit,
1758 3852 1851 3905 ego

266 3961 382 3999 non
407 3944 517 3996 iero
542 3980 558 4005 ,
586 3938 814 4009 Spiritus
833 3953 935 3993 non
966 3937 1128 3989 veniet
1158 3950 1177 3991 :
1201 3948 1319 3987 cum
1357 3948 1450 4001 ego
1479 3931 1622 3994 iero,
1656 3930 1848 3997 rogabo

269 4035 492 4091 Patrem
519 4048 690 4091 meum
719 4031 785 4084 ⁸⁵.
820 4028 939 4083 Νοιι
990 4036 1170 4085 tamen
1203 4041 1291 4081 me
1327 4034 1382 4079 et
1424 4024 1590 4079 alium
1622 4026 1852 4076 advoca-

268 4138 391 4183 tum
426 4126 603 4185 mittet
622 4125 780 4180 Pater
808 4123 876 4177 ad
911 4136 1029 4177 vos.
1066 4120 1168 4186 Qui
1197 4118 1374 4185 vadit,
1398 4127 1453 4172 et
1482 4116 1575 4186 qui
1602 4125 1847 4185 rogatur,

262 4228 328 4276 et
359 4221 451 4289 qui
488 4218 755 4281 mittitur,
812 4230 917 4269 non
974 4214 1047 4268 dii
1081 4214 1354 4267 dicuntur.
1392 4210 1541 4267 Unus
1582 4209 1734 4263 enim
1767 4215 1852 4262 est

266 4310 417 4365 Dens
452 4325 481 4363 a
510 4324 617 4378 quo
646 4316 773 4362 sunt
824 4307 1004 4360 omnia
1028 4344 1045 4370 ,
1093 4314 1149 4360 et
1204 4319 1344 4358 unus
1396 4302 1654 4358 Dominus
1692 4299 1849 4355 Jesus

268 4418 371 4473 per
399 4416 560 4471 quem
595 4408 721 4455 sunt
748 4396 952 4453 omnia.
985 4396 1092 4452 Sed
1125 4412 1260 4449 unus
1284 4395 1548 4449 Deusnon
1586 4403 1767 4459 natus,
1797 4400 1851 4449 et

271 4511 414 4551 unus
448 4493 762 4562 unigenitus
791 4490 1049 4545 Dominus
1074 4500 1233 4544 natus
1263 4504 1293 4543 a
1322 4488 1429 4543 Deo
1464 4494 1567 4541 est.
1599 4484 1654 4539 Si
1703 4486 1847 4541 enim

270 4606 383 4645 non
419 4597 605 4643 natum
642 4597 696 4640 et
725 4601 828 4640 non
856 4595 1041 4639 natum
1074 4584 1346 4643 dicerem,
1383 4588 1477 4634 aut
1509 4578 1846 4647 unigenitum
1882 4611 1926 4665 Β

271 4694 331 4739 et
356 4681 732 4753 unigenitum;
761 4688 889 4733 tunc
919 4690 1291 4732 asseverarem
1320 4674 1369 4727 id
1411 4672 1555 4741 quod
1588 4686 1692 4724 non
1717 4669 1850 4724 dicit

270 4775 542 4832 Ecclesia.
579 4772 720 4839 Quid
755 4784 883 4840 ergo
912 4771 1042 4825 dicit
1076 4770 1237 4823 Pater
1294 4768 1346 4819 iu
1400 4764 1627 4819 Joannis
1666 4763 1847 4831 bapti-

272 4868 488 4947 suum?
521 4864 622 4919 llic
653 4876 725 4918 est
762 4862 935 4917 Filius
958 4878 1103 4915 meus
1164 4858 1425 4921 dilectus,
1473 4858 1527 4909 in
1570 4871 1670 4926 quo
1727 4855 1851 4911 bene

271 4946 573 5033 complacui
601 4959 687 5012 "’l
715 4956 927 5012 Sufﬁcit
951 4972 981 5009 a
1017 4954 1127 5009 Deo
1178 4960 1233 5007 et
1289 4948 1461 5005 semel,
1496 4949 1717 5012 audire,
1758 4946 1850 4999 sed

273 5073 382 5112 non
419 5054 555 5109 dicit
589 5050 780 5107 semel.
811 5048 1089 5118 Siquidem
1117 5054 1171 5100 et
1210 5044 1265 5097 in
1299 5049 1481 5097 monte
1503 5054 1626 5093 cum
1655 5036 1848 5091 fuisset

272 5147 535 5204 Dominus
562 5142 983 5212 transﬁguratus
1039 5146 1303 5208 praesente
1356 5133 1539 5204 Moyse
1589 5140 1643 5185 et
1696 5129 1853 5194 Elia,

270 5243 465 5296 eadem
501 5238 697 5307 repetit
726 5244 781 5291 et
819 5234 950 5289 dicit
975 5251 989 5289 :
1016 5233 1119 5286 Hic
1158 5242 1231 5284 est
1295 5226 1343 5281 F
1348 5228 1470 5279 ilius
1523 5240 1667 5277 meus
1715 5221 1853 5274 dile-

272 5334 543 5388 ctissimus
570 5332 625 5383 in
651 5345 753 5397 quo
798 5328 925 5381 bene
970 5322 1294 5393 complacui;
1337 5320 1507 5387 ipsum
1554 5315 1735 5368 audite
1780 5311 1849 5366 ⁸⁸.

272 5429 409 5483 Nam
442 5436 497 5480 et
526 5422 763 5478 Joannes
794 5420 988 5474 similia
1036 5416 1235 5471 fatetur
1261 5423 1313 5468 et
1340 5412 1473 5465 dicit
1507 5426 1520 5462 :
1548 5407 1652 5473 Qui
1705 5405 1851 5459 misit

272 5537 355 5575 me
381 5520 651 5586 baptizare
677 5516 728 5568 in
762 5530 900 5583 aqua
922 5551 937 5576 ,
960 5512 1069 5579 ipse
1098 5508 1222 5562 mihi
1249 5506 1408 5570 dixit,
1440 5500 1505 5555 In
1529 5516 1679 5572 quem
1709 5498 1850 5553 vide-

379 5630 423 5662 “
461 5630 617 5684 Joau.
650 5625 865 5690 xn,55.
941 5624 984 5653 ⁶¹
1014 5621 1203 5675 Matth.
1251 5634 1456 5690 xxvut,
1492 5615 1580 5690 βο.
1659 5613 1703 5645 ⁸³
1754 5610 1849 5690 ἓιειῑ

1954 5627 2035 5690 _tt_t
2056 5652 2071 5675 ,
2134 5612 2220 5667 Π.

1953 1105 2044 1148 aut
2071 1094 2333 1163 Spiritum
2362 1094 2605 1149 consenti
2623 1135 2639 1160 ,
2667 1105 2761 1147 aut
2792 1110 2913 1148 cum
2940 1096 3215 1165 prophetis
3232 1100 3526 1164 concorda,

1953 1194 2046 1241 aut
2075 1202 2197 1241 cum
2217 1186 2522 1256 legislalore
2549 1186 2842 1253 conﬁtere,
2873 1197 2968 1241 aut
2994 1197 3140 1243 certe
3172 1204 3293 1243 cum
3327 1190 3529 1245 daemo-

1958 1280 2116 1333 nibus
2142 1279 2247 1332 noli
2284 1292 2503 1347 negare.
2538 1277 2617 1332 llli
2661 1278 2806 1332 enim
2832 1278 3017 1332 dicunt
3049 1297 3063 1332 :
3094 1276 3302 1332 Scimus
3343 1291 3391 1333 te
3440 1280 3529 1350 qui

1952 1372 2026 1425 sis
2059 1372 2131 1435 ⁸⁸,
2166 1380 2222 1426 et
2270 1386 2373 1424 non
2427 1379 2641 1425 cessant
2697 1370 3040 1425 conﬁtentes.
3082 1368 3528 1440 Quotiescunque

1955 1463 2097 1518 enim
2129 1462 2497 1517 nominaveris
2528 1462 2865 1517 daemonibus
2917 1462 3111 1517 Filium
3162 1464 3257 1517 Dei
3312 1463 3527 1519 aﬂixum

1953 1554 2147 1619 cruci,
2209 1562 2504 1608 trementes
2558 1554 2740 1608 statim
2788 1567 2919 1607 voce
2956 1554 3129 1622 prima
3177 1554 3527 1609 conﬁtentur.

1955 1645 2049 1699 Est
2078 1645 2222 1699 enim
2252 1644 2420 1700 Filius
2448 1686 2463 1708 ,
2491 1654 2543 1700 et
2577 1654 2795 1711 manet,
2823 1652 2877 1699 et
2902 1660 3126 1713 regnum
3152 1646 3266 1712 ejus
3303 1660 3407 1700 non
3432 1646 3531 1699 ha—

1953 1738 2044 1791 bet
2070 1736 2251 1790 ﬁnem.
2284 1734 2389 1791 Sed
2427 1736 2588 1790 linem
2616 1736 2812 1789 habeat
2834 1749 2895 1789 os
2924 1734 3068 1789 illius
3094 1735 3183 1803 qui
3211 1736 3379 1803 dixit,
3403 1735 3531 1803 quia

1955 1830 2105 1901 regni
2134 1829 2250 1900 ejus
2280 1838 2362 1883 est
2399 1828 2539 1882 ﬁnis.
2567 1826 2728 1881 Pater
2749 1826 2892 1881 enim
2932 1827 3023 1895 qui
3054 1828 3237 1896 genuit
3271 1843 3377 1882 non
3408 1840 3529 1896 poe-

1946 1923 2150 1976 nitetur
2175 1921 2241 1976 de
2270 1922 2406 1975 bona
2440 1918 2714 1990 progenie,
2744 1932 2848 1972 non
2884 1918 3102 1972 devorat
3127 1933 3282 1972 suum
3311 1916 3529 1973 Filium.

1944 2013 2251 2069 lnvidemus
2277 2010 2489 2065 fabulas
2509 2011 2769 2080 gentium,
2789 2017 2843 2065 et
2858 2009 3052 2063 iterum
3071 2009 3289 2063 easdem
3314 2008 3532 2064 induci-

1947 2120 2066 2158 mus
2101 2121 2115 2157 :
2154 2117 2259 2157 non
2291 2117 2411 2168 nos,
2430 2103 2523 2155 sed
2548 2100 2638 2170 qui
2670 2115 2834 2157 ausus
2854 2108 2937 2154 est
2966 2098 3180 2154 Galata.
3218 2099 3358 2153 Deus
3384 2099 3532 2153 enim

1948 2209 2053 2249 non
2077 2208 2260 2248 vocem
2287 2192 2472 2263 genuit
2500 2190 2593 2246 sed
2613 2188 2830 2253 Filium,
2856 2204 2959 2243 non
2985 2204 3287 2244 sermonem
3323 2187 3416 2243 sed
3450 2187 3562 2285 vi»1

1949 2293 2081 2349 tam,
2100 2299 2203 2338 non
2222 2284 2422 2337 dictum
2438 2283 2532 2337 sed
2564 2281 2753 2335 Deum.
2781 2281 2932 2348 Apud
2968 2280 3132 2335 Deum
3161 2280 3329 2343 enim,
3349 2278 3531 2333 nonin

1948 2390 2044 2430 ore
2102 2375 2196 2428 Dei
2225 2394 2238 2429 :
2299 2375 2365 2429 ad
2392 2374 2668 2428 dexteram
2700 2372 2819 2438 Dei,
2855 2389 2959 2428 non
2990 2382 3165 2428 tamen
3196 2374 3286 2443 qui
3318 2375 3369 2428 in
3398 2386 3532 2429 voce

1950 2477 2054 2522 est.
2091 2464 2336 2519 Judicem
2373 2480 2493 2520 eum
2519 2464 2611 2533 qui
2636 2464 2905 2528 viviﬁcat,
2945 2479 3132 2520 verum
3185 2465 3403 2531 lumen,
3433 2464 3531 2532 ju-

1948 2560 2110 2614 stititn
2138 2557 2338 2613 solem.
2370 2556 2574 2609 Lumen
2609 2565 2789 2608 autem
2822 2570 2927 2609 non
2965 2555 3089 2621 tale,
3121 2556 3280 2625 quale
3308 2566 3362 2611 et
3389 2556 3531 2625 apud

1952 2665 2050 2704 nos
2078 2668 2094 2703 :
2130 2648 2263 2702 nihil
2299 2646 2632 2714 accipiamus
2660 2644 2875 2700 visibile
2906 2646 2972 2697 ad
3018 2646 3408 2701 exhibitionem
3440 2646 3529 2700 in-

1950 2739 2205 2795 visibilis.
2233 2738 2347 2793 Non
2379 2738 2511 2792 mihi
2537 2738 2697 2792 isthic
2730 2737 2903 2790 fontes
2921 2737 3156 2791 adducas
3183 2738 3234 2795 in
3256 2737 3486 2792 medium
3511 2756 3526 2793 :

1953 2848 2058 2888 non
2086 2831 2251 2887 solem
2288 2840 2343 2887 et
2364 2829 2481 2898 ejus
2509 2831 2711 2885 lumen.
2749 2830 2879 2895 Quae
2910 2830 3051 2883 enim
3088 2845 3184 2897 per
3231 2830 3426 2885 Filium
3451 2832 3533 2885 fa-

1954 2935 2037 2981 cta
2074 2935 2229 2991 sunt,
2264 2941 2369 2980 non
2397 2935 2786 2992 comparantur
2808 2924 2967 2980 Filio.
3000 2923 3110 2979 lloc
3140 2923 3284 2978 enim
3336 2924 3524 2979 lumen

1955 3031 2060 3070 non
2082 3025 2165 3071 est
2184 3016 2346 3082 solis,
2371 3017 2467 3071 sed
2502 3014 2788 3070 eﬁicientia
2841 3015 2972 3070 solis
3002 3032 3016 3068 :
3049 3014 3151 3069 hoc
3206 3014 3390 3069 lumen
3421 3029 3533 3069 non

1955 3106 2123 3163 habet
2146 3109 2310 3161 vitam
2339 3149 2354 3175 ,
2379 3105 2550 3162 Filius
2582 3115 2760 3160 autem
2790 3105 2897 3161 vita
2923 3114 3009 3161 est
3039 3121 3055 3160 :
3081 3105 3183 3161 hoc
3206 3105 3386 3160 lumen
3421 3119 3532 3159 non

1958 3199 2133 3268 aperit
2192 3197 2376 3255 oculos
2410 3213 2716 3263 czecorum,
2771 3198 2866 3253 sed
2904 3197 2988 3254 his
3036 3198 3126 3266 qui
3183 3195 3358 3252 creati
3405 3204 3533 3251 sunt

1961 3291 2165 3361 prtebet
2201 3291 2405 3346 videre.
2438 3290 2541 3346 Sed
2578 3304 2647 3345 ne
2673 3289 2891 3360 quidem
2920 3291 3024 3346 hoc
3054 3306 3082 3344 a
3106 3304 3166 3346 se
3189 3329 3204 3355 ,
3236 3290 3329 3345 sed
3369 3291 3438 3344 ab
3465 3304 3533 3344 eo

1958 3385 2049 3455 qui
2080 3383 2321 3439 indulsit.
2362 3382 2474 3439 lloc
2506 3383 2683 3438 lumen
2714 3383 2768 3438 in
2804 3383 3038 3444 tenebris
3091 3398 3197 3438 non
3235 3382 3376 3437 lucet
3410 3395 3425 3435 :
3453 3390 3539 3438 te-

1961 3476 2141 3531 nebrae
2167 3474 2311 3528 enim
2359 3489 2482 3529 eum
2536 3489 2639 3528 non
2670 3473 3158 3543 comprehendunt.
3200 3471 3277 3527 De
3310 3472 3402 3527 illo
3430 3485 3535 3526 an-

1961 3578 2068 3622 tem
2098 3566 2299 3621 lumine
2324 3566 2524 3621 dictum
2556 3574 2640 3620 est
2668 3585 2681 3621 :
2715 3563 2914 3619 Lumen
2940 3566 2991 3618 in
3018 3564 3238 3619 tenebris
3260 3564 3427 3632 lucet,
3457 3572 3534 3616 te-

1959 3656 2129 3714 nebrae
2156 3669 2274 3709 eum
2304 3669 2408 3707 non
2435 3652 2932 3721 comprehenderunt
2957 3649 3024 3704 θ’.
3058 3648 3174 3705 Hoc
3216 3648 3393 3703 lumen
3424 3662 3532 3703 non

1957 3748 2164 3818 pascit,
2193 3761 2298 3801 non
2331 3745 2594 3801 transfert
2618 3760 2811 3815 aquam
2841 3743 2909 3798 ad
2942 3742 3126 3798 vinum
3162 3741 3305 3796 :boc
3352 3739 3535 3794 lumen

1957 3856 2064 3894 non
2093 3838 2321 3894 suscitat
2346 3848 2619 3903 mortuos,
2652 3837 2745 3893 sed
2775 3834 3012 3891 otiosum
3060 3843 3144 3890 est
3174 3833 3400 3888 mortuis
3435 3850 3449 3886 :
3480 3839 3537 3886 et

1958 3948 2063 3988 non
2090 3932 2219 4001 quia
2244 3945 2533 3986 commune
2565 3939 2648 3983 est
2681 3945 2875 3984 nomen
2903 3968 2918 3993 ,
2948 3936 3106 3999 putas
3144 3923 3269 3994 quia
3293 3933 3346 3977 et
3384 3937 3535 3978 com-

1958 4025 2136 4081 munis
2177 4033 2369 4077 natura
2396 4032 2500 4077 est.
2536 4020 2649 4077 Hoc
2678 4021 2857 4076 lumen
2890 4027 2983 4074 aut
3010 4019 3061 4073 in
3089 4018 3264 4088 primo
3289 4015 3377 4071 die
3401 4053 3416 4080 ,
3440 4022 3536 4067 aut

1957 4131 2077 4171 cum
2103 4114 2217 4170 sole
2247 4114 2302 4169 in
2328 4124 2521 4183 quarto
2545 4153 2561 4178 ,
2582 4110 3035 4182 quemadmodum
3065 4108 3188 4178 quis
3215 4106 3486 4177 putaverit
3515 4144 3531 4169 ,

1956 4208 2044 4263 die
2073 4216 2269 4277 quarto
2297 4216 2380 4260 est
2409 4206 2633 4259 factum.
2670 4203 2840 4257 Filius
2872 4210 3052 4256 autem
3104 4215 3211 4255 non
3249 4198 3301 4253 in
3356 4197 3534 4267 primo

1957 4301 2042 4355 die
2064 4339 2079 4365 ,
2110 4314 2281 4368 neque
2312 4299 2364 4353 in
2395 4282 2585 4369 quarto
2607 4337 2623 4363 ,
2648 4310 2823 4364 neque
2858 4295 2911 4349 in
2939 4302 3108 4348 totum
3133 4292 3189 4347 in
3218 4290 3328 4356 die,
3358 4303 3536 4358 neque

1956 4394 2010 4449 in
2047 4393 2178 4448 hora
2207 4433 2223 4457 ,
2249 4407 2424 4462 neque
2471 4391 2524 4446 in
2581 4386 2949 4460 temporibus,
2983 4401 3158 4455 neque
3214 4384 3267 4439 in
3295 4381 3529 4439 saeculis.

1957 4484 2082 4539 llaec
2111 4484 2254 4538 enim
2283 4470 2379 4551 per
2402 4481 2600 4536 Filium
2620 4524 2635 4548 ,
2668 4496 2775 4535 non
2802 4491 2978 4536 tamen
3006 4476 3173 4534 Filius
3199 4476 3252 4530 in
3282 4474 3388 4529 his.
3415 4472 3533 4528 Non

1955 4578 2099 4631 enim
2132 4592 2161 4629 a
2188 4572 2572 4630 communione
2602 4571 2880 4627 hominum
2914 4566 3247 4624 confundere
3273 4564 3532 4620 debemus

1955 4667 2312 4723 diﬁerentiam
2352 4674 2583 4720 naturae.
2636 4661 2752 4718 lloc
2803 4662 2983 4716 lumen
3032 4658 3297 4728 perillum
3349 4656 3531 4711 lumen

1952 4769 2055 4813 est.
2074 4757 2189 4812 Non
2209 4773 2338 4826 ergo
2368 4768 2745 4824 comparemus
2776 4751 3029 4808 insimilia
3056 4760 3147 4805 aut
3172 4748 3367 4805 similia
3391 4746 3527 4816 (78}.

1954 4850 2138 4919 Neque
2164 4848 2341 4903 fontes
2364 4855 2418 4900 et
2449 4856 2657 4901 meatus
2684 4844 2949 4911 fontium,
2980 4852 3035 4899 et
3073 4844 3218 4898 rivos
3235 4849 3291 4896 et
3316 4838 3527 4902 ﬂuvios,

1953 4942 2078 5011 quia
2110 4957 2214 4997 non
2238 4939 2424 4996 deﬂuit
2445 4938 2635 5002 Pater,
2667 4941 2763 4994 sed
2794 4947 2977 4993 manet
3015 4945 3073 4991 ut
3103 4943 3243 4991 erat.
3278 4931 3395 5001 Ipse
3443 4936 3531 4984 est

1956 5035 2100 5091 enim
2134 5035 2225 5103 qui
2255 5043 2358 5088 est.
2386 5031 2569 5102 Neque
2596 5031 2873 5101 passiones
2907 5037 3118 5101 Oportet
3165 5023 3383 5092 adjungi
3425 5021 3531 5077 im-

1957 5124 2195 5194 passibill
2223 5123 2370 5178 Patri
2399 5142 2412 5178 :
2443 5123 2568 5192 quia
2594 5138 2701 5177 non
2729 5120 3019 5182 dividitur,
3054 5130 3159 5169 non
3212 5109 3482 5167 scinditur
3510 5145 3528 5172 ,

1957 5234 2063 5271 non
2098 5226 2381 5287 separatur
2401 5255 2417 5282 ,
2446 5214 2541 5271 sed
2572 5223 2758 5269 manet
2781 5221 2837 5268 et
2878 5216 3122 5281 generat.
3162 5203 3397 5259 Generat
3428 5214 3527 5253 au—

1958 5323 2064 5365 tem
2096 5319 2153 5364 ut
2182 5310 2356 5379 ipsum
2392 5309 2548 5364 decet
2583 5320 2776 5368 nosse,
2811 5312 2868 5358 et
2896 5315 2996 5354 nos
3021 5298 3269 5353 adorare.
3302 5291 3419 5346 Noli
3447 5291 3530 5345 di-

1956 5416 2081 5456 cere
2110 5400 2606 5471 quemadmodum,
2639 5409 2813 5465 neque
2864 5406 3075 5463 qumras
3120 5385 3526 5460 generationem

1954 5494 2101 5551 illam
2138 5510 2301 5566 quam
2333 5493 2509 5547 nullus
2531 5495 2783 5555 enarrat,
2821 5484 3000 5541 nullus
3031 5483 3166 5549 scit,
3206 5475 3383 5533 nuilus
3419 5490 3524 5530 ηο-

2314 5610 2359 5642 ⁶⁸
2411 5608 2568 5665 Joan.
2622 5620 2752 5671 xvr,
2807 5601 2861 5657 7.
2954 5599 2999 5632 ⁸⁸
3044 5597 3236 5653 Matth.
3294 5608 3395 5660 ut,
3432 5586 3523 5646 17.

275 5704 319 5734 ⁸⁸
353 5680 804 5771 Μιιιίιξέίνιιίὸ.
881 5694 925 5725 ⁸⁷
965 5690 1122 5747 Joan.
1148 5706 1203 5757 ι,
1238 5691 1328 5744 55.
1404 5689 1449 5719 ⁸³
1490 5687 1621 5740 Luc.
1653 5682 1844 5750 tv,54.

1954 5681 1967 5714 ν
2004 5682 2163 5756 Ιοεῳ.
2194 5698 2246 5746 ι,
2282 5680 2338 5735 5.

346 5798 459 5860 (7h)
505 5796 603 5849 Ms.
636 5794 785 5847 Facit
818 5794 940 5846 bene
967 5790 1073 5855 ipse
1095 5803 1311 5843 manens
1340 5788 1395 5841 in
1434 5802 1534 5857 qua
1559 5793 1694 5839 erat.
1782 5828 1783 5831 η

350 5869 461 5939 (77)
488 5867 631 5922 Inita
660 5865 752 5921 lib.
782 5880 843 5929 tl,
878 5862 975 5918 sub
1001 5860 1118 5914 init.

2022 5772 2135 5851 ('78)
2160 5777 2445 5834 Insimilia.
2471 5772 2726 5845 Ἀνὸμοια
2749 5770 2887 5828 infra
2912 5767 3007 5823 lib.
3035 5781 3095 5832 tt,
3127 5769 3247 5835 post
3271 5758 3415 5816 med.
