3956 6568
465 447 607 504 1055

1136 420 1414 497 'Eu'sEBn'
1456 429 1932 493 cmsmmxsxs
1970 426 2053 481 or

2162 419 2344 476 mus
2384 416 2472 471 tv.
2512 443 2584 455 --
2622 406 3064 477 uocum“th

3630 400 3761 458 £056

461 571 563 623 vit.
593 568 735 621 Cede
760 609 775 633 ,
805 574 859 621 et
890 563 1149 620 conﬁtere
1207 562 1580 616 inﬁrmitatem
1631 568 1801 611 tuam.
1831 554 2035 609 Ohutn-
2064 554 2109 609 Α
2139 574 2222 619 εει
2257 559 2427 615 bene!
2463 557 2577 612 Non
2622 555 2764 610 enim
2823 553 2936 606 tunc
2988 560 3071 604 est
3120 559 3409 602 mensura
3445 544 3756 601 distantias:

462 660 583 716 bret
608 670 657 714 te
678 658 946 713 Christus.
973 656 1028 710 Si
1057 657 1201 711 enim
1229 665 1282 709 tu
1333 653 1606 723 quomodo
1637 659 1793 703 natus
1826 663 1885 701 es
1940 659 2034 698 ne-

463 753 606 815 scis.
634 751 1088 823 quemadmodum
1114 792 1130 816 ,
1162 749 1257 820 qui
1304 750 1373 803 de
1396 758 1447 802 te
1493 747 1713 814 ignoras
1733 784 1747 808 ,
1778 743 1843 797 de
1875 740 2037 793 Patre

465 854 521 897 et
552 840 689 899 Filio
710 852 799 896 aut
828 843 1057 912 quaeris,
1096 850 1187 894 aut
1212 854 1373 895 nosse
1410 848 1460 892 te
1496 836 1694 905 putas?
1728 834 1865 899 Quid
1909 847 2038 902 ergo

466 949 573 989 non
597 934 854 988 debemus
884 933 1128 987 contiteri
1176 933 1339 986 Deum
1372 938 1427 983 et
1480 927 1717 983 Filium?
1770 924 2041 980 Conﬁtere

466 1041 530 1081 ea
566 1040 684 1095 quae
709 1025 774 1080 de
799 1024 963 1079 Patre
993 1034 1046 1079 et
1078 1024 1215 1079 Filio
1242 1023 1445 1091 scripta
1485 1029 1613 1076 sunt
1640 1038 1655 1073 :
1690 1028 1746 1073 et
1790 1017 1895 1072 noli
1944 1032 2040 1071 cu-

466 1118 644 1173 riosus
671 1133 731 1173 ea
763 1133 882 1186 quae
908 1132 1011 1170 non
1038 1126 1175 1170 sunt
1222 1116 1419 1183 scripta
1452 1114 1751 1183 requirere.
1788 1110 1996 1163 Dicitur
2022 1148 2040 1172 ,

468 1211 536 1265 1η
558 1212 813 1279 princivio
838 1220 986 1275 erat,
1017 1218 1071 1264 et
1106 1209 1229 1279 quis
1258 1206 1476 1262 audebit
1508 1202 1934 1273 reprehendere?
1982 1200 2061 1291 Si]

469 1311 650 1356 autem
678 1313 733 1356 et
756 1303 1162 1371 reprehenderit
1195 1310 1245 1355 te
1270 1343 1285 1366 ,
1324 1308 1495 1354 semet
1550 1299 1725 1367 ipsum
1760 1297 1925 1350 lmdit.
1973 1292 2041 1346 In

468 1391 729 1461 principio
751 1400 865 1446 erat
905 1386 1129 1444 Verbum
1149 1432 1164 1457 ,
1191 1400 1238 1445 et
1284 1388 1509 1443 Verbum
1536 1399 1647 1441 erat
1674 1387 1813 1457 apud
1851 1385 2039 1448 Deum,

468 1494 517 1538 et
552 1483 689 1537 Deus
731 1495 845 1538 erat
913 1482 1156 1536 Verbum.
1203 1482 1308 1534 llic
1344 1490 1456 1536 erat
1498 1482 1550 1533 in
1600 1480 1859 1549 principio
1902 1477 2042 1545 apud

470 1574 660 1629 Deum.
687 1574 751 1628 Et
775 1575 967 1643 sa-pius
995 1575 1092 1627 ista
1132 1574 1401 1635 dicantur,
1430 1582 1484 1626 et
1514 1571 2044 1639 nihilconqna‘ratnr

470 1664 619 1717 novi.
648 1662 863 1718 Utinam
893 1672 1070 1717 autem
1107 1661 1280 1715 solum
1310 1661 1640 1728 legeremus!
1674 1659 1880 1712 utinam
1911 1657 2044 1711 solis

473 1754 770 1824 Scripturis
801 1754 1035 1808 contenti
1067 1754 1346 1807 essemus!
1375 1762 1432 1807 et
1460 1752 1527 1806 lis
1572 1750 1715 1805 nulla
1750 1750 1934 1804 fiebat.
1985 1746 2043 1802 Si

474 1845 619 1897 enim
646 1845 770 1913 quis
816 1844 1137 1913 litigat,vel
1183 1843 1544 1906 contradicit,
1586 1842 1829 1911 jurgatns
1879 1838 2045 1893 fuerit

474 1935 561 1989 his
587 1951 705 2003 qua:
726 1936 923 2004 scripta
954 1946 1120 1993 sunt:
1152 1952 1257 1992 non
1287 1936 1356 1990 ad
1404 1934 1674 1989 hominem
1709 1932 1917 2002 litigat,
1948 1932 2044 1985 sed

473 2027 542 2079 ad
597 2026 902 2096 Deum,qui
955 2029 1198 2098 scripsit.
1241 2027 1389 2083 Unde
1416 2036 1594 2079 autem
1652 2025 1882 2077 eﬂicitnr
1933 2022 2045 2075 lis?

473 2134 597 2173 cum
624 2135 688 2173 ea
722 2135 839 2189 qua:
865 2135 932 2174 ex
961 2122 1126 2175 corde
1162 2130 1287 2175 sunt
1326 2119 1669 2184 proferimus.
1714 2118 1847 2171 Puto
1901 2117 2042 2169 enim

472 2213 594 2281 quia
632 2212 807 2265 nullus
831 2221 912 2266 est
937 2212 1322 2280 aususjurgari
1351 2215 1418 2265 ad
1450 2211 1640 2266 Deum.
1665 2210 1735 2263 Ea
1760 2224 1881 2279 qua:
1907 2209 2046 2262 scri-

474 2313 564 2371 pta
595 2313 720 2356 sunt
751 2301 896 2372 lege,
920 2311 975 2356 et
1003 2301 1178 2356 nullus
1204 2302 1530 2371 jurgabitur.
1559 2299 1721 2353 Pater
1774 2299 1956 2352 statim
1989 2307 2048 2351 ut

472 2389 653 2443 dictus
683 2388 784 2443 fuit
817 2389 1009 2455 Pater,
1040 2389 1266 2459 requirit
1312 2390 1413 2445 ista
1449 2406 1547 2444 vox
1575 2389 1790 2443 Filium.
1843 2387 2051 2441 Dicitur

472 2477 681 2543 Filius,
737 2487 793 2533 et
850 2480 901 2533 in
955 2496 1021 2535 eo
1072 2483 1191 2552 ipso
1243 2482 1367 2537 dum
1419 2482 1659 2544 dicitur,
1696 2480 1854 2535 Pater
1911 2494 2049 2533 con-

472 2568 676 2624 litetur.
731 2569 846 2625 Non
892 2572 1037 2626 enim
1070 2588 1237 2628 vacua
1267 2590 1370 2628 vox
1399 2583 1481 2628 est
1519 2568 1718 2637 Pater,
1753 2572 1846 2627 sed
1889 2570 2050 2625 exhio

472 2660 607 2715 bens
652 2672 897 2719 naturam
949 2664 1094 2720 Filii.
1136 2666 1251 2720 Non
1291 2681 1459 2720 vacua
1501 2675 1582 2719 est
1619 2680 1718 2719 vox
1761 2680 1880 2734 quae
1922 2663 2052 2719 dicit

473 2752 705 2818 Filium,
767 2756 862 2810 sed
928 2760 1239 2825 praecedens
1290 2760 1578 2811 conlitetur
1632 2755 1887 2821 Patrem,
1943 2770 2047 2808 non

482 2846 818 2915 temporibus
842 2885 859 2912 ,
896 2862 1001 2901 non
1046 2847 1272 2917 spatiis,
1318 2850 1412 2902 sed
1456 2846 1716 2914 dignitate
1740 2855 1792 2897 et
1825 2845 2049 2899 honore.

475 2935 639 2991 Pater
695 2937 868 3008 diligit
909 2939 1133 3006 Filium,
1180 2940 1352 3009 diligit
1392 2947 1446 2993 et
1492 2938 1748 3007 diligitur.
1796 2937 1947 2992 Unde
1988 2936 2053 2992 lis

475 3029 580 3083 ista
643 3040 760 3098 est,
808 3046 912 3086 non
962 3032 1196 3088 invenio.
1256 3030 1368 3086 Illic
1418 3046 1557 3100 pax,
1615 3040 1670 3085 et
1724 3031 1882 3085 isthic
1933 3028 2052 3097 jur-

478 3122 588 3189 gia.
637 3121 753 3177 lllic
811 3122 1058 3189 dilectio,
1117 3132 1173 3177 et
1212 3124 1300 3178 hic
1346 3124 1639 3178 contentio.
1677 3121 1731 3176 Si
1784 3121 2055 3191 diligimus

2137 657 2265 725 quia
2289 666 2466 721 neque
2501 659 2881 716 comparamur
2903 682 2919 706 ,
2964 653 3146 708 neque
3203 650 3515 709 aequamur
3544 650 3558 688 :
3591 652 3760 705 neque

2143 748 2336 816 in-quo
2361 744 2540 798 minus
2575 754 2783 795 sumus.
2819 734 2935 789 Non
2974 748 3070 787 nos
3095 731 3295 787 solum
3320 770 3338 796 ,
3380 731 3481 784 sed
3519 744 3621 784 nec
3664 746 3757 783 an-

2092 844 2095 845 ⁷
2139 841 2282 911 geli,
2313 847 2406 891 aut
2432 832 2778 902 archangeli,
2829 837 2923 883 aut
2958 826 3198 881 virtutes
3221 863 3239 887 ,
3288 831 3395 875 aut
3427 822 3756 875 dominatio-

2138 949 2257 997 nes,
2274 945 2446 1000 neque
2468 927 2609 981 aliud
2636 922 2859 992 aliquid,
2889 921 2982 975 sed
3005 919 3200 973 omnia
3220 915 3631 981 relinquuntur
3649 912 3755 982 (80)

2143 1028 2210 1081 ab
2244 1023 2518 1093 unigenito
2539 1040 2553 1075 :
2575 1021 2690 1089 ipse
2708 1025 2882 1071 autem
2909 1013 3005 1067 soli
3026 1012 3114 1065 uni
3147 1018 3290 1064 nato
3316 1022 3432 1062 non
3458 1006 3603 1060 cedit
3628 1004 3753 1077 (8i).

2140 1118 2253 1172 Non
2286 1130 2474 1172 sumus
2500 1111 2666 1167 Judaei
2686 1150 2702 1174 ,
2732 1108 3055 1163 conﬁtemur
3077 1103 3237 1158 enim
3259 1100 3500 1155 Filium.
3524 1096 3640 1152 Non
3672 1114 3755 1152 sn-

2142 1226 2261 1265 mus
2289 1207 2514 1279 gentiles
2536 1246 2551 1269 ,
2589 1204 2715 1273 quia
2749 1217 2854 1255 non
2895 1200 3123 1254 dicimus
3151 1194 3377 1249 multos
3406 1191 3628 1244 Patres.
3647 1187 3751 1241 Νοι

2143 1292 2328 1357 sumus
2363 1298 2639 1361 haeretici,
2672 1295 2874 1350 scimus
2911 1292 3053 1348 enim
3095 1290 3417 1359 Spiritum.
3475 1286 3586 1341 Sed
3634 1285 3751 1354 quid

2143 1393 2371 1449 sumus?
2420 1393 2630 1462 Sponsa
2666 1387 2898 1443 viventis
2930 1385 3111 1454 sponsi
3171 1396 3282 1450 per
3337 1379 3625 1435 Christum
3664 1393 3752 1432 nos

2144 1500 2347 1540 sumus.
2383 1482 2438 1539 Si
2470 1497 2597 1554 ergo
2624 1496 2723 1535 nos
2750 1480 2838 1549 qui
2873 1493 2969 1547 per
3001 1476 3297 1532 Christum
3331 1487 3535 1527 sumus
3558 1513 3571 1535 ,
3604 1481 3747 1539 putas

2144 1579 2264 1646 quia
2293 1578 2405 1644 ipse
2446 1591 2549 1629 non
2582 1574 2703 1629 est?
2728 1588 2789 1628 ea
2814 1586 2932 1640 qua).
2962 1586 3057 1639 per
3098 1570 3294 1637 ipsum
3338 1573 3477 1619 sunt
3504 1574 3745 1626 manent,

2145 1680 2199 1723 ct
2230 1671 2337 1738 ipse
2365 1669 2523 1722 linem
2559 1667 2719 1720 habet
2748 1672 2808 1718 ut
2836 1663 3051 1733 quidam
3078 1656 3433 1715 insaniunt?
3472 1654 3589 1709 Non
3616 1655 3743 1709 enim

2149 1761 2382 1830 acquirit
2414 1759 2559 1813 aliud
2588 1756 2731 1827 quod
2764 1771 2867 1810 non
2892 1761 3011 1809 est:
3046 1768 3149 1808 non
3212 1748 3504 1814 assumit,
3558 1748 3650 1801 sed
3699 1755 3746 1799 et

2145 1857 2285 1925 quod
2316 1862 2397 1908 est
2426 1850 2708 1906 ahscondit
2764 1866 2777 1902 :
2840 1847 2942 1901 hoc
2967 1846 3110 1900 enim
3149 1840 3473 1913 signiﬁcat,
3500 1838 3585 1891 Da
3610 1837 3741 1897 mihi,

2146 1949 2302 2003 Pater
2331 1963 2352 2002 :
2380 1949 2471 2001 sed
2504 1959 2606 1998 non
2624 1940 2826 2010 aliquid
2857 1954 3054 1994 novum
3080 1937 3217 2005 petit
3246 1934 3382 1988 :sed
3415 1930 3559 2002 quod
3576 1929 3739 1992 habui,

2145 2041 2346 2109 inquit,
2398 2038 2537 2107 apud
2583 2044 2671 2099 te,
2719 2034 2789 2085 da
2828 2031 2956 2084 mihi
3008 2030 3074 2082 ⁷³.
3124 2026 3254 2081 Νοιι
3293 2024 3450 2079 enim
3504 2020 3742 2085 habes,a

2150 2133 2395 2196 Domine,
2432 2129 2575 2199 quod
2601 2124 2879 2182 habebas?
2903 2122 3006 2177 Sed
3035 2120 3159 2190 quia
3186 2160 3205 2185 ,
3234 2118 3462 2188 inquit,
3495 2117 3737 2169 ahsconsa

2146 2233 2231 2281 est
2261 2238 2374 2277 mea
2404 2221 2612 2290 species
2642 2236 2655 2271 :
2684 2216 2810 2287 quia
2845 2229 2947 2269 non
2981 2221 3204 2282 apparet
3250 2224 3378 2262 mea
3413 2204 3606 2276 gloria.
3631 2202 3738 2255 Cle—

2148 2316 2296 2383 riﬁca
2318 2354 2332 2378 ,
2364 2311 2580 2382 inquit,
2610 2320 2761 2363 tuum
2811 2304 3012 2359 Filium
3057 2303 3126 2357 "".
3189 2301 3264 2354 Et
3313 2298 3449 2368 quid
3482 2294 3735 2365 respondit

2148 2404 2345 2461 Pater?
2374 2400 2695 2469 Gloriﬁcavi.
2726 2398 2780 2454 Si
2805 2396 2972 2467 igitur
3001 2391 3372 2464 gloriﬁcavit,
3402 2389 3534 2457 quid
3561 2385 3735 2450 quaerit

2150 2494 2480 2570 glorilicari?
2506 2493 2611 2548 Sed
2645 2489 2960 2547 dicitPater
2986 2528 3000 2551 ,
3044 2483 3110 2538 Et
3160 2488 3367 2540 iterum
3423 2474 3729 2570 gloriﬁtnbo.
3778 2512 3779 2515 η

2152 2568 2207 2648 Si
2235 2590 2345 2660 jam
2370 2585 2705 2658 gloriﬁcasti,
2728 2582 2999 2653 quomodo
3030 2579 3229 2633 iterum
3258 2570 3584 2646 gloriﬁcas?
3611 2568 3731 2622 Nutu

2151 2682 2354 2745 addes,
2386 2679 2642 2749 quoniam
2668 2678 2736 2731 ab
2769 2676 2925 2729 initio
2967 2672 3249 2743 genuisti?
3276 2668 3399 2724 Non
3437 2664 3576 2720 addo
3611 2660 3729 2721 :sed

2152 2785 2207 2832 et
2248 2791 2343 2847 per
2370 2787 2573 2843 corpus
2619 2769 2848 2827 ostendo
2897 2767 3001 2821 mei
3051 2764 3179 2819 Filii
3238 2761 3503 2833 gloriam.
3544 2753 3726 2813 Gemti,

2152 2867 2494 2942 gloriﬁcavi,
2524 2875 2578 2921 et
2633 2864 2829 2919 iterum
2873 2860 3217 2931 gloriﬁcabo.
3269 2856 3501 2917 Palam,
3544 2847 3723 2942 inquit.

2154 2936 2296 3016 iacio
2324 2959 2467 3027 quod
2516 2965 2635 3012 erat
2690 2956 3036 3009 absconsum.
3072 2950 3205 3004 Nam
3244 2957 3304 3002 et
3342 2941 3627 3015 Apostolus
3658 2936 3727 2986 di-

2154 3053 2228 3109 cit
2259 3069 2272 3105 :
2305 3049 2375 3104 Et
2396 3046 2801 3119 superexaltarit
2832 3059 2949 3098 eum
2971 3086 2983 3109 ,
3020 3052 3067 3095 et
3115 3041 3266 3095 dedit
3305 3040 3355 3094 ei
3386 3051 3571 3091 nomen
3607 3029 3727 3101 quod

2155 3154 2227 3197 est
2269 3159 2424 3212 super
2453 3156 2599 3195 omne
2627 3154 2814 3193 nomen
2861 3137 2932 3189 ⁷³.
2992 3134 3106 3188 Non
3169 3132 3472 3194 mercede,
3524 3137 3580 3180 ut
3622 3133 3726 3193 pote

479 3212 695 3267 Patrem
716 3254 734 3280 ,
765 3214 1039 3269 imitemur
1068 3230 1254 3285 pacem
1286 3214 1535 3284 quasillic
1562 3222 1640 3268 est
1669 3214 1803 3283 (79).
1844 3213 1899 3267 Si
1936 3213 2053 3267 dili-

2156 3236 2495 3291 obedientite.
2526 3234 2797 3301 Scriptum
2833 3228 2975 3286 enim
3018 3236 3099 3281 est
3140 3220 3596 3294 quemadmodum
3616 3214 3725 3268 obe-

481 3307 661 3375 gimus
696 3305 932 3372 Filium,
987 3321 1091 3361 non
1132 3316 1215 3361 est
1274 3306 1627 3361 dissensionis
1658 3306 1817 3360 Deus.
1874 3304 2053 3372 Nosti,

489 3399 622 3450 doce
656 3414 669 3449 :
701 3396 955 3467 ignoras,
1005 3396 1253 3452 edocere.
1296 3395 1388 3451 Lis
1432 3399 1575 3451 enim
1630 3409 1805 3464 neque
1862 3398 2057 3463 docet,

489 3504 666 3558 neque
707 3489 955 3544 docetur.
1007 3488 1161 3556 Quod
1214 3488 1656 3558 comprehendis,
1701 3487 1804 3541 hoc
1856 3502 2058 3555 quaere.

480 3579 766 3646 Invenisti,
799 3579 1006 3651 gratias
1038 3596 1157 3650 age.
1186 3579 1337 3635 Nosti
1362 3620 1376 3645 ,
1411 3580 1583 3634 trade.
1609 3579 1722 3649 Ego
1742 3588 1918 3633 autem
1946 3580 2060 3634 scio

478 3670 607 3739 quia
652 3672 851 3728 nescis.
887 3668 1036 3725 Unde
1067 3670 1184 3726 scio
1227 3673 1349 3741 quia
1378 3686 1476 3740 ego
1521 3672 1723 3725 nescio.
1759 3670 1911 3725 Unde
1961 3671 2062 3726 hoc

480 3762 611 3830 quia
639 3762 848 3831 ignoro.
887 3760 1059 3815 Verax
1086 3761 1232 3816 enim
1267 3769 1352 3816 est
1386 3762 1480 3830 qni
1515 3761 1652 3815 dixit
1681 3778 1696 3816 :
1736 3758 1905 3815 Nemo
1962 3777 2057 3815 no-

479 3856 551 3909 uit
579 3855 647 3909 "°.
679 3855 985 3909 Secundum
1019 3854 1174 3910 istam
1212 3854 1375 3924 igitur
1421 3869 1640 3917 vocem,
1699 3854 1877 3909 omnis
1936 3855 2059 3925 qui-

482 3962 695 4016 cunque
715 3963 776 4003 se
802 3948 933 4002 dicit
963 3949 1105 4003 scire
1129 3950 1411 4003 mentitur.
1439 3946 1545 4003 Sed
1581 3947 1720 4003 forte
1761 3949 1930 4014 dicis,
1969 3948 2063 4003 Dei

484 4054 704 4107 sumus,
733 4049 787 4096 et
837 4057 945 4097 non
995 4042 1198 4097 scimus
1246 4051 1507 4111 quantum
1558 4051 1612 4095 et
1665 4044 2061 4114 pertingimns:

487 4132 590 4186 hoc
617 4134 795 4187 solum
829 4134 956 4204 quia
986 4143 1070 4190 est
1101 4153 1117 4189 :
1156 4150 1260 4189 non
1294 4143 1472 4188 tamen
1505 4134 1681 4203 qualis
1724 4143 1775 4188 et
1803 4144 2063 4204 quantum

484 4233 588 4279 est.
615 4225 751 4293 Quia
780 4226 947 4297 igitur
975 4237 1060 4282 est
1080 4269 1095 4293 ,
1118 4227 1353 4293 scimus;
1388 4242 1491 4280 non
1520 4236 1694 4280 tamen
1725 4227 1918 4296 qualis.
1947 4226 2064 4282 Non

483 4318 627 4369 enim
658 4328 899 4372 nostrum
938 4327 1021 4372 est
1053 4332 1369 4372 mensurare
1392 4318 1883 4373 immensurahilem
1913 4335 1926 4371 :
1960 4334 2062 4373 non

487 4416 728 4462 nostrum
778 4410 1233 4479 comprehendere
1268 4410 1888 4480 incomprehensihilem.
1927 4408 2063 4463 Cum

487 4499 631 4552 enim
666 4501 927 4554 memoria
959 4501 1026 4555 de
1079 4502 1188 4556 Deo
1236 4510 1353 4569 cst,
1392 4516 1543 4555 mens
1608 4500 1857 4570 religiosa
1897 4501 2067 4555 intre-

2159 3327 2298 3382 divit
2327 3342 2498 3395 usque
2525 3327 2590 3379 ad
2620 3332 2850 3380 mortem
2877 3361 2892 3385 ,
2934 3324 3163 3374 mortem
3218 3327 3408 3371 autem
3440 3310 3626 3367 crucis.
3670 3304 3722 3356 Et

2160 3421 2282 3475 ideo
2306 3461 2320 3482 ,
2348 3419 2553 3488 inquit,
2587 3418 2725 3471 Deus
2752 3410 3178 3482 supercxaltavit
3199 3426 3357 3463 eum.
3392 3407 3448 3459 Si
3495 3401 3608 3471 quis
3637 3412 3717 3450 an-

2162 3522 2267 3565 tem
2294 3511 2425 3563 dnre
2452 3508 2973 3577 legeritsermones,
3007 3502 3144 3555 forte
3179 3497 3401 3569 putabit
3451 3496 3600 3549 istam
3647 3503 3721 3539 sn-

2160 3582 2639 3674 perexaltationem
2675 3596 2978 3651 mercedem
3008 3607 3131 3648 esse
3163 3586 3517 3645 obedientiae.
3542 3582 3611 3636 lta
3639 3594 3720 3648 puo

2163 3670 2246 3749 ias
2267 3734 2282 3759 ,
2309 3694 2401 3748 sed
2439 3707 2543 3747 non
2570 3700 2619 3744 te
2647 3688 2923 3761 permittat
2955 3686 3028 3739 ita
3057 3684 3266 3739 sentire
3297 3684 3389 3752 qui
3425 3680 3535 3735 htec
3581 3670 3716 3728 dixit.

2162 3786 2253 3841 Ait
2277 3784 2424 3838 enim
2458 3802 2470 3836 :
2507 3782 2610 3847 Qui
2641 3779 2912 3844 ascendit,
2941 3779 3049 3847 ipse
3072 3786 3146 3831 est
3169 3785 3217 3829 et
3248 3776 3343 3846 qui
3372 3768 3623 3826 descendit
3658 3763 3713 3814 ".

2163 3877 2305 3946 Ergo
2326 3876 2585 3930 exaltavit
2607 3889 2728 3928 eum
2756 3872 2847 3942 qui
2886 3871 3186 3930 descendit,
3215 3869 3336 3923 Non
3384 3876 3555 3919 tamen
3585 3878 3608 3911 ιι
3639 3858 3715 3909 de-

2162 3984 2346 4023 orsum
2375 3982 2595 4022 sursum
2629 3964 2875 4018 adduxit.
2910 3962 3017 4017 Sed
3045 3977 3166 4017 eum
3197 3961 3292 4029 qui
3323 3953 3589 4013 descendit
3609 3991 3620 4012 ,
3640 3948 3718 4001 ite-

2166 4076 2284 4114 rum
2337 4072 2555 4112 snrsum
2615 4054 2933 4122 assumpsit.
2985 4052 3200 4107 Assumi
3260 4050 3417 4112 dico,
3466 4060 3564 4099 non
3608 4036 3709 4107 ⁴1¹¹ί²¹

2167 4149 2398 4203 mundus
2451 4147 2790 4202 fraudahitur
2853 4160 2883 4198 a
2939 4144 3227 4215 praesentia
3287 4136 3564 4209 nnigeniti.
3616 4130 3709 4184 Non

2166 4249 2345 4311 potest
2382 4240 2614 4295 mundus
2666 4240 2782 4294 sine
2817 4237 3176 4308 gubernatore
3221 4232 3456 4294 salvari,
3500 4240 3595 4280 non
3635 4236 3709 4311 po:

2168 4301 2274 4380 iest
2332 4325 2564 4379 mundus
2616 4333 2764 4378 stare
2810 4301 2855 4377 si
2905 4322 3189 4377 recesserit
3240 4317 3562 4388 unigenitns.
3623 4301 3709 4357 Sed

2166 4414 2305 4470 forte
2337 4415 2470 4470 dicis
2510 4434 2524 4468 :
2568 4413 2685 4468 Non
2733 4412 2933 4469 sufﬁcit
2985 4412 3129 4466 enim
3176 4410 3385 4466 Pater?
3435 4402 3545 4459 Non
3598 4396 3702 4465 quia

2168 4522 2275 4562 non
2306 4505 2603 4563 suﬁiciebat
2630 4504 2815 4570 Pater,
2848 4505 2968 4559 ideo
2997 4504 3183 4575 genuit
3220 4502 3413 4557 Filium
3456 4515 3468 4550 :
3495 4494 3579 4548 sed
3605 4486 3707 4558 qui:l

485 4590 1105 4645 mescatzintremescat
1132 4600 1186 4645 et
1206 4584 1541 4659 lingua.Non
1569 4590 1692 4659 quia
1712 4590 1878 4644 durus
1900 4590 2062 4657 Deus,
2096 4602 2141 4658 ι)
2171 4614 2275 4653 non
2326 4595 2664 4652 sumciebam
2712 4609 2774 4650 ea
2825 4610 2945 4665 qua:
2995 4594 3136 4648 facta
3183 4602 3310 4648 sum
3355 4586 3570 4645 ευσεττε
3618 4588 3704 4632 non

485 4684 578 4733 sed
603 4679 1023 4747 supereminenti
1045 4680 1282 4735 bonitate
1306 4689 1391 4735 est
1430 4680 1719 4735 timendus.
1742 4679 1833 4735 Sol
1859 4681 1960 4735 iste
1976 4683 2069 4736 ob-

484 4780 675 4826 scurat
696 4770 905 4837 oculos,
937 4788 1042 4827 non
1069 4776 1194 4844 quia
1228 4774 1516 4838 obscurus,
1551 4772 1647 4827 sed
1678 4773 1803 4842 quia
1838 4772 2066 4827 multum

483 4874 568 4918 est
595 4864 796 4920 clarus.
818 4863 1035 4919 EtDcus
1064 4864 1355 4929 timendus,
1374 4864 1499 4934 quia
1522 4863 1744 4917 multum
1769 4874 1849 4917 est
1870 4862 2062 4916 bonus.

484 4958 677 5027 Cogita
710 4958 852 5029 apud
884 4966 936 5013 te
979 4957 1073 5027 qui
1120 4956 1196 5011 sis
1230 4956 1468 5011 humilis.
1515 4956 1631 5012 Non
1660 4957 1817 5010 enim
1866 4956 2064 5010 audisti

488 5061 614 5099 eum
645 5045 912 5101 dicentem
949 5063 964 5102 :
999 5043 1100 5100 Vos
1126 5059 1190 5097 ea:
1212 5044 1548 5112 inferioribus
1575 5047 1698 5100 estis
1721 5086 1736 5110 ,
1766 5063 1859 5115 ego
1893 5056 2066 5099 autem

490 5140 555 5190 de
584 5139 937 5206 superioribus
982 5153 1098 5191 sum
1152 5134 1245 5190 7'?
1292 5134 1425 5189 Nam
1481 5146 1737 5206 quantum
1784 5136 1977 5190 etelum
2039 5152 2068 5191 a

496 5240 638 5284 terra
672 5230 871 5297 distat,
904 5239 1109 5285 tantum
1141 5240 1191 5285 et
1226 5246 1255 5284 a
1288 5228 1443 5283 nobis
1470 5229 1629 5283 Deus.
1662 5228 1728 5282 Et
1761 5238 1908 5281 certe
1928 5229 2071 5282 scri-

494 5333 643 5392 ptum
672 5334 789 5378 est:
825 5322 1089 5389 Quantum
1131 5325 1289 5377 distat
1343 5320 1525 5375 caelum
1556 5338 1587 5372 a
1634 5330 1808 5384 terra,
1863 5331 2064 5372 tantum

494 5416 593 5474 vita
618 5434 745 5473 mea:
774 5436 807 5471 a
838 5418 930 5472 viis
960 5418 1140 5471 vestris
1167 5418 1235 5470 ".
1269 5413 1341 5470 Ut
1368 5413 1435 5468 ad
1481 5429 1581 5468 nos
1628 5426 1727 5466 vox
1757 5410 1870 5464 hare
1923 5411 2065 5464 dicta

567 5516 614 5548 ⁷⁸
642 5513 800 5569 Juan.
832 5512 982 5579 t,18.
1057 5513 1101 5545 ¹¹¹
1146 5510 1301 5567 Joan.
1333 5526 1449 5576 vut,
1485 5508 1576 5566 25.

499 5585 546 5620 ’⁸
576 5586 775 5656 Eunus.
819 5601 893 5651 tv,
920 5584 1010 5639 10.

572 5726 685 5797 (79)
713 5727 813 5785 Ms.
857 5728 986 5792 Qun:
1009 5728 1114 5784 illis
1151 5738 1245 5782 est.

574 5801 688 5865 (δυ)
714 5798 1113 5864 Relinquantur.
1160 5797 1556 5859 Ἀπολείπεται,
1584 5802 1923 5863 superantur.

577 5872 689 5941 (8|)
718 5867 821 5923 Uni
853 5880 974 5923 nuto
1009 5885 1111 5921 non
1154 5871 1310 5921 cedit.
1356 5867 1669 5936 Legendum
1723 5867 1935 5920 videtur
1980 5867 2068 5917 uni

1640 5515 1645 5524 '
1690 5507 1735 5538 ⁷²
1772 5504 1879 5560 lsa.
1910 5521 2008 5572 Lv,
2037 5504 2089 5561 9.

2169 4690 2283 4744 nati
2319 4689 2596 4754 virtutem,
2641 4687 2763 4743 ideo
2791 4702 2890 4758 per
2920 4687 3273 4741 mediatorem
3316 4680 3561 4751 loquitur.
3589 4670 3706 4737 Qua-

2169 4795 2231 4834 re
2266 4797 2281 4838 :
2319 4780 2410 4849 qui
2440 4777 2553 4849 (82)
2585 4794 2689 4833 non
2718 4788 3027 4845 poteramus
3060 4776 3421 4847 protiinquare
3440 4784 3536 4825 non
3563 4772 3702 4818 noto:

2171 4886 2267 4942 per
2304 4874 2442 4925 viam
2493 4872 2657 4942 igitur
2690 4872 2962 4932 hortatur,
3000 4880 3056 4924 et
3104 4885 3197 4940 per
3226 4868 3442 4937 jannam
3474 4857 3703 4928 vocati!

2171 4976 2267 5030 per
2300 4960 2479 5016 lumen
2528 4961 2767 5015 adducit.
2823 4960 3084 5016 Mediator
3124 4972 3305 5014 autem
3338 4954 3516 5016 Filius,
3545 4956 3593 5002 el
3620 4955 3701 5012 Ρο·

2177 5050 2324 5103 nitur
2347 5050 2432 5103 lex
2459 5068 2473 5104 :
2513 5051 2781 5105 mediator
2810 5048 3003 5112 Filius,
3032 5059 3087 5104 et
3110 5048 3403 5117 loquuntur
3427 5039 3695 5115 prephetaaz

2177 5141 2447 5195 mediator
2493 5141 2682 5207 Filius,
2737 5152 2791 5196 et
2827 5142 3148 5213 praedicatur
3191 5140 3573 5195 Testamentum
3606 5121 3696 5177 NU'

2178 5250 2302 5286 vmn
2332 5248 2389 5289 et
2436 5235 2692 5306 impletur
2739 5234 2903 5289 Vetus
2944 5254 2957 5289 :
3009 5235 3272 5287 mediator
3302 5231 3479 5287 Filius,
3507 5231 3555 5275 ei
3585 5216 3693 5306 ﬁlii“

2176 5325 2347 5394 angeli
2378 5345 2391 5380 :
2426 5304 2692 5380 mediator
2741 5325 2931 5389 Itilius,
2985 5332 3041 5377 et
3097 5332 3351 5377 creantur
3378 5304 3690 5376 archangeli:

2176 5421 2442 5473 mediator
2472 5418 2667 5483 Filius,
2714 5426 2769 5472 ct
2815 5428 3033 5472 creator
3082 5416 3259 5469 omnis
3293 5422 3505 5467 natura',
3537 5411 3582 5453 el
3607 5410 3688 5464 Et"

2166 5510 2214 5542 ⁷³
2246 5513 2401 5569 Joan.
2434 5530 2543 5569 xvii
2569 5555 2585 5583 ,
2630 5515 2683 5568 5.
2761 5512 2805 5543 ⁷⁵
2838 5511 2991 5566 Joan.
3027 5525 3098 5564 xu
3121 5550 3134 5573 ,
3157 5509 3245 5563 28.
3276 5508 3320 5539 ⁷⁸
3351 5502 3524 5569 Philip.
3551 5508 3617 5555 ιι,
3644 5485 3686 5539 9·

2178 5741 2277 5778 non
2304 5734 2427 5778 nato
2456 5726 2610 5777 cedit.

2246 5798 2355 5866 (8‘2)
2384 5796 2557 5860 Quare
2588 5811 2605 5848 :
2637 5793 2748 5863 qui,
2794 5792 2833 5859 f.
2862 5790 3061 5860 quare?
3089 5787 3235 5858 quia,
3276 5795 3376 5840 etc.
