3956 6570
248 475 411 531 1057
1119 466 1205 521 [ιε
1245 429 1399 521 FlDE
1437 462 1808 523 ADVERSUS

1943 465 2260 525 BELLIUM.
2296 501 2363 510 —-
2400 469 2528 527 LIB.
2566 471 2635 527 l.’
2864 526 2868 532 ,
3378 470 3520 532 1053

232 596 548 657 bernator,
580 600 634 646 et
665 590 923 645 salvator.
954 583 1070 643 Non
1102 590 1246 643 enim
1284 589 1491 642 creavit
1512 598 1566 642 et
1597 589 1839 641 dimisit:
1874 594 1917 648 Α
1947 589 2201 655 quinetur
2236 589 2371 658 (83).
2406 591 2517 645 Viri
2550 601 2607 643 ut
2647 606 2766 645 sese
2792 590 2902 660 jam
2933 608 3039 645 non
3084 591 3322 646 incidant
3354 610 3366 643 :
3400 607 3522 644 nm-

234 689 383 755 quia
423 702 531 740 non
573 686 702 740 sine
734 683 1071 754 providentia
1105 690 1232 735 sunt
1272 697 1392 749 qua:
1421 690 1566 735 sunt.
1608 679 1724 734 Non
1755 689 1839 732 est
1948 679 2111 733 lieres
2140 688 2196 731 ut
2229 696 2335 733 non
2363 680 2429 731 ad
2456 680 2708 750 iniuriam
2743 682 3088 735 deludantur.
3127 681 3313 744 Tauri,
3341 681 3518 749 vituli,

238 778 520 845 iatigatus
545 775 770 829 faciens.
792 771 986 841 Neque
1016 781 1074 825 ut
1100 770 1361 833 volatilia,
1393 770 1647 839 utpisces
1674 783 1838 839 gene-
1947 776 2003 823 ut
2057 784 2163 824 non
2197 772 2347 822 varie
2395 770 2783 824 comburantur
2830 772 2963 843 (84).
3028 773 3241 837 Vinum,
3295 782 3352 825 ut
3409 786 3519 825 non

244 877 392 921 rant
432 866 679 937 quidem,
706 864 1020 932 relinquunt
1048 873 1250 916 autem.
1301 862 1366 915 Et
1394 872 1544 916 certe
1596 877 1694 915 nec
1737 859 1836 912 ista
1946 861 2062 915 sine
2092 877 2255 915 causa
2286 862 2509 917 libetur.
2541 861 2735 926 Terra,
2781 878 2952 929 mare,
2985 873 3045 917 ut
3084 880 3188 918 non
3222 863 3521 918 immutatis

240 967 529 1029 generant
576 965 631 1010 et
666 955 946 1009 dimittunt
984 971 998 1008 :
1043 953 1136 1008 sed
1180 952 1382 1008 habent
1412 952 1751 1021 diligentiam
1785 958 1843 1003 et
1947 952 2256 1004 nominibus
2291 952 2589 1007 adorentur
2634 970 2647 1007 z
2693 954 2869 1007 omnis
2912 955 3055 1007 enim
3102 964 3296 1008 natura
3330 965 3520 1007 conta-

240 1059 516 1120 pascunt.
556 1048 612 1102 Si
650 1047 814 1117 igitur
850 1047 953 1101 ista
992 1047 1087 1109 ita,
1123 1046 1293 1099 multo
1334 1044 1504 1114 magis
1540 1059 1637 1112 per
1676 1058 1837 1111 quem
1946 1043 2149 1094 minata
2207 1052 2288 1097 est
2325 1060 2339 1096 :
2390 1044 2567 1098 omnis
2627 1053 2881 1098 creatura
2940 1045 3210 1099 deiﬁcata.
3267 1043 3371 1097 Sed
3410 1059 3517 1097 non

245 1150 449 1195 creata
481 1148 605 1193 sunt
636 1137 837 1200 omnia,
858 1151 955 1205 per
988 1136 1151 1190 istum
1177 1135 1357 1188 omnia
1387 1144 1441 1189 et
1470 1135 1841 1203 gubernantur

246 1242 311 1285 et
362 1238 664 1299 pascuntttr
709 1245 724 1282 :
771 1242 877 1282 non
910 1236 1138 1280 vacante
1184 1225 1367 1288 Patre,
1395 1227 1489 1279 sed
1522 1232 1836 1278 annuente:

250 1333 547 1377 annuente
593 1331 798 1386 autem,
832 1334 938 1373 non
983 1318 1177 1383 oculis,
1229 1320 1321 1371 sed
1358 1328 1415 1370 ut
1452 1320 1607 1371 decet
1657 1316 1839 1368 incor-

254 1413 536 1483 poralem,
569 1413 643 1466 ita
667 1412 857 1465 annuit
887 1422 946 1465 ut
981 1411 1080 1478 ipsi
1110 1412 1364 1462 decorum
1400 1417 1501 1461 est.
1545 1406 1715 1459 Filius
1740 1420 1838 1457 au-

256 1515 373 1558 tem
409 1503 659 1573 agnoscit
692 1512 750 1555 ut
785 1503 980 1557 Filium
1026 1504 1181 1556 decet
1213 1518 1227 1554 :
1275 1515 1439 1568 opera
1483 1507 1662 1552 autem
1706 1495 1841 1550 [lunt

257 1605 324 1647 ut
358 1595 520 1648 Pater
548 1595 686 1657 vult,
723 1605 776 1648 et
806 1594 978 1648 Filius
1005 1593 1300 1646 ministrat.
1332 1590 1457 1645 Ηαιε
1493 1605 1592 1644 nos
1622 1598 1840 1657 Oporte-

260 1692 360 1742 bat
408 1687 614 1742 dicere.
653 1686 766 1740 lmo
799 1702 989 1741 omnes
1020 1701 1087 1741 ex
1124 1685 1424 1753 Scripturis
1467 1684 1670 1753 legere.
1709 1680 1839 1746 Quis

256 1781 409 1834 enim
441 1793 561 1833 sum
595 1780 731 1850 ego?
763 1780 891 1847 quid
924 1778 1095 1833 habeo
1122 1776 1264 1847 quod
1298 1792 1401 1830 non
1454 1775 1679 1843 accepi?
1713 1772 1840 1827 Om-

258 1872 355 1925 nia
384 1871 533 1925 enim
572 1872 639 1925 ab
669 1886 797 1933 uno,
828 1880 879 1923 et
912 1885 1007 1937 per
1045 1884 1208 1922 unum
1244 1879 1410 1934 sunt;
1452 1876 1508 1921 et
1545 1880 1666 1935 qum
1699 1864 1838 1919 facta

1946 1131 2195 1201 despexit
2245 1134 2290 1186 is
2320 1148 2416 1202 per
2448 1149 2607 1204 quem
2665 1143 2720 1189 et
2770 1134 2913 1189 facta
2961 1144 3107 1190 sunt.
3163 1136 3324 1191 Venit
3370 1135 3514 1188 enim

1945 1224 2034 1292 qni
2087 1225 2429 1294 contingeret
2481 1240 2631 1280 sua:
2680 1227 2827 1280 venit
2881 1227 2970 1295 qui
3022 1227 3217 1282 malum
3246 1242 3516 1282 venenum

1946 1315 2185 1369 auferret
2226 1331 2241 1368 :
2285 1316 2432 1370 venit
2478 1318 2650 1385 ipsius
2706 1321 2832 1373 vita:
2887 1320 3243 1375 medicamen.
3274 1321 3518 1376 Mortuus

1944 1415 2025 1461 est
2057 1407 2408 1462 utoccideret
2457 1418 2686 1463 mortem
2717 1427 2732 1463 :
2760 1411 3154 1465 condemnatus
3181 1422 3262 1467 est
3295 1422 3352 1464 ut
3381 1424 3517 1464 con-

1944 1499 2228 1553 demnaret
2255 1499 2645 1567 corruptelam.
2675 1500 2983 1557 Corenatus
3012 1513 3094 1558 est
3124 1503 3312 1571 spinis,
3334 1512 3392 1557 ut
3416 1515 3516 1556 nos

1944 1605 2049 1644 non
2105 1589 2429 1645 haberemus
2480 1592 2665 1660 spinas
2703 1609 2717 1645 :
2759 1594 2997 1669 suscepit
3050 1593 3390 1646 maledictum
3423 1606 3519 1660 per

1943 1696 2180 1745 crucem,
2227 1691 2283 1735 ut
2317 1698 2417 1737 nos
2463 1685 2862 1752 susciperentus
2897 1687 3328 1739 benedictionem
3365 1700 3518 1737 umn-

1944 1772 2087 1825 dam.
2122 1771 2238 1825 Non
2270 1788 2490 1842 possum
2517 1775 2700 1829 dicere
2722 1786 2981 1844 quantum
3012 1776 3183 1844 sapio.
3220 1775 3332 1829 Non
3384 1791 3507 1843 pos-

1945 1879 2065 1919 sum
2116 1880 2308 1934 sapere
2366 1878 2626 1936 quantum
2695 1868 2949 1937 possibile
3001 1878 3104 1922 est.
3172 1867 3226 1922 Si
3283 1881 3516 1935 sapuero

258 1973 417 2025 sunt,
450 1971 505 2016 et
549 1976 670 2030 qua:
703 1972 851 2014 recte
884 1961 1161 2013 dicuntur.
1203 1958 1412 2025 Quanta
1454 1971 1587 2012 sane
1623 1955 1839 2011 miseri-
1871 1975 1914 2030 Β
1944 1965 2209 2024 quantum
2266 1958 2522 2027 possibile
2571 1967 2686 2023 est,
2743 1974 2849 2013 non
2913 1960 3170 2029 pervenio
3222 1968 3280 2012 ut
3338 1957 3513 2012 dicam

259 2055 458 2109 cordia
507 2062 593 2108 est
641 2053 774 2106 Dei?
816 2054 1000 2121 genuit
1050 2052 1269 2119 Filium,
1315 2052 1438 2121 quia
1483 2052 1657 2105 bonus
1700 2058 1783 2103 est
1820 2067 1834 2103 :

259 2144 479 2200 creavit
513 2145 766 2199 universa
822 2161 917 2213 per
969 2144 1165 2215 ipsum,
1211 2146 1336 2213 quia
1388 2142 1702 2198 benefactor
1730 2150 1835 2196 est.

261 2237 585 2291 Erravimus
612 2247 666 2291 et
696 2253 800 2289 non
827 2237 1097 2306 despexit,
1122 2238 1430 2291 cecidimus
1460 2244 1515 2290 et
1538 2251 1642 2288 non
1685 2248 1839 2303 Spre-

260 2333 370 2396 vit,
405 2332 498 2386 sed
534 2332 680 2386 misit
720 2328 915 2383 Filium
964 2345 1121 2386 suum
1160 2329 1528 2391 obedientem,
1564 2336 1622 2380 ut
1667 2326 1840 2381 salva-

264 2432 355 2479 ret
405 2423 678 2478 hominem
711 2421 1133 2478 inobedientem.
1175 2421 1320 2475 Misit
1366 2421 1482 2475 sine
1514 2429 1754 2487 peccato,
1781 2427 1842 2472 ut

264 2522 559 2568 revocaret
588 2526 709 2566 eum
741 2512 831 2581 qui
859 2520 1181 2582 peccaverat
1209 2529 1223 2565 :
1264 2511 1411 2565 misit
1447 2509 1644 2563 Filium
1683 2524 1839 2563 suum

260 2606 561 2661 Iacientem
611 2604 828 2673 placita,
882 2612 940 2657 ut
970 2603 1208 2657 salvaret
1241 2617 1456 2656 servum
1487 2601 1710 2656 obedire
1745 2615 1841 2653 no-

262 2697 499 2753 lentem.
534 2696 679 2750 Misit
716 2694 1004 2764 justitiam,
1052 2702 1111 2748 ut
1144 2694 1454 2749 auferretur
1500 2692 1783 2763 peccatum
1820 2710 1835 2746 :

268 2789 426 2844 misit
453 2787 645 2849 vitam.
677 2797 734 2851 ut
765 2802 911 2841 mors
951 2796 1279 2841 moreretur.
1319 2785 1465 2839 Misit
1497 2785 1584 2854 qui
1623 2800 1650 2837 a
1678 2800 1760 2849 se,
1784 2793 1842 2839 ut

260 2880 620 2936 salvarentur
642 2879 731 2949 qui
759 2887 915 2932 erant
946 2892 1011 2932 ex
1042 2877 1280 2931 homine.
1315 2876 1459 2930 Misit
1497 2891 1619 2930 eum
1648 2878 1739 2945 qui
1773 2890 1841 2930 ex

270 2972 520 3041 Virgine.
561 2980 618 3023 ut
664 2968 1006 3022 salvarentur
1047 2968 1083 3022 ii
1130 2968 1220 3037 qui
1257 2981 1325 3023 ex
1356 2966 1581 3020 muliere
1625 2966 1841 3021 fuerant

270 3064 493 3134 perditi.
542 3062 686 3115 Misit
720 3063 771 3114 in
810 3062 982 3132 ﬁgura
1023 3060 1152 3124 viri,
1187 3068 1243 3113 ut
1288 3058 1592 3113 salvaretur
1623 3057 1713 3128 qui
1747 3074 1843 3127 pe-

266 3156 446 3208 rierat
488 3152 595 3205 vir.
627 3151 760 3206 Cum
810 3149 1115 3205 latronibus
1150 3149 1333 3219 [igitur
1371 3148 1540 3211 cruci,
1575 3157 1633 3201 ut
1680 3163 1841 3217 para-

270 3248 425 3299 disus
465 3254 520 3298 et
552 3241 858 3297 latronibus
904 3241 1226 3310 aperiretur.
1262 3240 1450 3311 Cogita
1500 3240 1839 3309 dignitatem,

1945 2058 2179 2119 quantus
2209 2059 2315 2104 est.
2344 2050 2729 2105 Inenarrabilis
2758 2052 2902 2105 enim
2952 2060 3006 2105 et
3053 2050 3516 2119 incomprehensi-

1946 2143 2071 2196 bilis
2097 2140 2256 2195 Pater
2283 2152 2389 2198 est.
2416 2141 2564 2197 Talis
2590 2153 2771 2196 autem
2801 2154 2853 2197 et
2901 2142 3071 2197 Filius
3102 2144 3269 2212 ipsius
3312 2142 3510 2196 Patris.

1946 2234 2003 2289 Si
2030 2234 2174 2288 enim
2213 2233 2282 2288 ob
2312 2234 2392 2287 Siti
2426 2235 2853 2289 misericordiam
2886 2250 2982 2289 nos
3009 2237 3319 2305 assumpsit,
3370 2235 3512 2289 inte-

1948 2320 2144 2375 rimere
2175 2336 2297 2374 eum
2327 2321 2583 2376 debemus
2606 2323 2695 2393 qui
2724 2339 2819 2377 nos
2850 2323 3064 2378 salvat?
3092 2326 3217 2394 quid
3253 2326 3356 2380 hoc
3384 2326 3513 2380 mali

1945 2424 2027 2468 est
2060 2413 2132 2467 ita
2183 2414 2429 2468 homines
2463 2414 2529 2467 de
2552 2414 2694 2477 ,Filio
2725 2415 2966 2470 sentire?
3022 2414 3235 2470 Maneat
3270 2426 3326 2469 ut
3373 2427 3509 2479 erat,

1946 2513 2001 2557 et
2046 2504 2098 2555 in
2143 2516 2371 2567 corpore
2404 2513 2457 2557 et
2496 2503 2547 2555 in
2583 2504 2847 2572 przesepio
2892 2521 2906 2559 :
2947 2504 3077 2557 nihil
3124 2504 3326 2559 humile
3356 2505 3421 2560 de
3448 2519 3514 2561 eo

1946 2593 2173 2657 sentias,
2202 2593 2290 2661 qui
2331 2602 2381 2646 te
2408 2592 2685 2658 exallavit,
2731 2592 2863 2647 nihil
2895 2593 3164 2661 abjectum
3204 2605 3297 2649 aut
3328 2595 3516 2650 incon-

1948 2719 2162 2774 gruum.
2196 2702 2313 2757 Noli
2345 2717 2601 2773 spernere
2633 2701 2971 2757 Salvatorem
3004 2713 3175 2758 tuum.
3206 2703 3261 2759 Si
3294 2706 3515 2774 quidem

1947 2797 2159 2852 etiamsi
2190 2797 2353 2850 verbo
2398 2811 2520 2850 cum
2570 2795 2855 2849 humiliare
2895 2794 3148 2859 volueris,
3182 2809 3371 2850 natura
3408 2813 3514 2852 non

1951 2888 2278 2943 transfertur
2307 2888 2374 2941 ad
2423 2896 2566 2939 tuam
2620 2887 2877 2956 linguam.
2927 2888 2984 2940 Si
3021 2896 3198 2940 autem
3244 2898 3297 2941 et
3348 2889 3517 2944 abne-

1947 2978 2256 3049 gaverimus
2285 2991 2428 3041 eum,
2466 2977 2577 3043 ipse
2609 2976 2779 3031 ﬁdelis
2811 2988 2991 3032 manet
3018 2987 3068 3031 et
3104 2994 3299 3050 negare
3326 2993 3383 3033 se
3406 2992 3513 3033 non

1948 3079 2126 3141 potest
2156 3088 2170 3125 :
2204 3072 2305 3124 hoc
2333 3080 2438 3135 est,
2480 3086 2509 3123 a
2534 3070 2751 3139 propria
2789 3081 2979 3123 natura
3013 3087 3116 3125 non
3152 3072 3378 3126 excidit.
3406 3070 3514 3128 Iste

1949 3163 2104 3218 nobis
2148 3164 2311 3218 Pater
2339 3178 2443 3217 non
2480 3173 2637 3217 natus
2681 3170 2786 3228 est,
2816 3178 2954 3217 unus
2996 3165 3143 3220 solus
3174 3181 3278 3219 non
3331 3175 3510 3233 natus,

1952 3269 2053 3306 non
2088 3254 2155 3307 ab
2184 3254 2311 3316 alio,
2347 3268 2444 3307 nec
2476 3267 2542 3307 ex
2572 3251 2697 3305 alio.
2745 3250 2896 3321 Stepe
2925 3252 3046 3307 dico
3089 3255 3295 3308 eadem.
3329 3254 3513 3325 Siqui-

268 3351 325 3394 et
349 3338 560 3392 aestima
589 3333 1016 3406 magnitudinem
1042 3334 1247 3404 gratia}.
1265 3333 1346 3386 Me
1363 3334 1506 3386 enim
1528 3349 1589 3385 ex
1622 3331 1839 3387 muliere

1948 3344 2065 3398 dem
2098 3352 2151 3397 et
2175 3341 2410 3397 Joannes
2440 3343 2529 3411 qui
2562 3345 2626 3397 de
2654 3342 2793 3397 Filio
2818 3343 2958 3397 dixit
2984 3345 3037 3397 in
3077 3346 3335 3413 principio
3374 3357 3512 3411 erat,

265 3430 447 3491 nasci,
476 3437 571 3480 aut
619 3437 691 3491 te,
737 3441 844 3479 non
881 3440 1040 3494 supra
1087 3434 1338 3478 naturam
1374 3431 1476 3477 est.
1522 3421 1847 3475 ManduCare

269 3530 364 3574 aut
393 3521 598 3581 bibere,
620 3518 860 3573 dormire
886 3526 936 3570 et
972 3530 1216 3585 surgere,
1235 3525 1287 3567 et
1321 3515 1373 3567 in
1407 3514 1668 3583 prsesepio
1694 3511 1843 3581 poni,

270 3614 405 3668 nihil
435 3612 556 3666 novi
582 3613 624 3666 si
665 3610 913 3665 homines
941 3623 1002 3661 ea
1024 3623 1143 3678 qua:
1166 3618 1292 3663 sunt
1325 3608 1599 3663 hominum
1626 3606 1845 3675 patiun-

272 3718 381 3759 tur.
417 3706 554 3770 Quid
579 3714 758 3757 autem
788 3720 1008 3764 novum,
1032 3703 1161 3771 quid
1186 3700 1521 3763 admirabile,
1549 3698 1675 3767 quid
1705 3713 1842 3765 pra:-

264 3799 518 3866 cipuum,
558 3798 688 3866 quid
731 3808 974 3851 nostrum
1003 3795 1243 3848 debitum
1276 3790 1667 3861 irrepensabile
1697 3790 1846 3842 Deo?

270 3890 375 3957 Qui
418 3890 563 3943 misit
598 3890 736 3943 Deus
769 3888 964 3941 Filium
996 3901 1176 3949 suum,
1211 3885 1358 3939 misit
1386 3884 1546 3937 Pater
1588 3881 1847 3950 Unigeni-

271 3997 413 4049 tum,
451 3983 597 4037 misit
628 3997 732 4035 non
766 3991 925 4034 natus
956 3978 1291 4047 progeniem,
1330 3975 1475 4029 misit
1502 3974 1842 4027 obedientem

273 4079 476 4141 bonus,
512 4075 664 4129 misit
701 4074 969 4142 justitiam
1012 4072 1104 4141 qui
1132 4071 1335 4139 genuit.
1364 4066 1475 4122 Cur
1505 4065 1688 4121 misit?
1722 4079 1846 4134 pro-

272 4178 397 4238 pter
449 4176 788 4236 peecatores.
844 4162 955 4218 Cur
1003 4162 1193 4215 misit?
1244 4170 1466 4229 propter
1518 4159 1689 4212 Adatn
1751 4155 1844 4225 qui

272 4260 589 4315 mandatum
624 4258 970 4327 contempsit.
1003 4254 1164 4311 Venit
1194 4270 1323 4323 ergo
1360 4253 1451 4322 qui
1503 4251 1739 4306 obedivit
1776 4250 1845 4303 ad

273 4354 393 4408 base
427 4369 441 4405 :
477 4362 534 4406 et
567 4351 843 4421 judicatur
868 4349 1034 4415 judex
1063 4348 1131 4401 ob
1160 4347 1579 4401 condemnatum
1615 4360 1628 4396 :
1668 4341 1845 4395 cruci-

272 4446 462 4515 ﬁgitur
486 4444 592 4497 vita
617 4458 713 4512 pm
740 4452 953 4495 mortuo
986 4459 998 4492 :
1022 4449 1320 4494 coronatur
1343 4436 1512 4505 spinis
1538 4433 1839 4503 gloriosus:

273 4536 412 4591 bibit
448 4534 539 4598 l'el,
574 4534 693 4587 fons
731 4533 923 4587 dulcis.
957 4529 1095 4597 Quid
1150 4530 1484 4583 inveniemus
1528 4526 1593 4578 ad
1646 4540 1843 4593 reprae-

270 4628 633 4685 sentandum?
667 4626 937 4695 quomodo
983 4639 1203 4694 agemus
1255 4620 1497 4692 gratias?
1528 4618 1642 4673 Non
1688 4615 1837 4673 sudi-

269 4724 422 4778 ciunt
452 4722 644 4790 lingua:
676 4731 894 4781 nostrae,
914 4734 1019 4772 non
1054 4732 1173 4779 ora,
1193 4716 1407 4770 etiamsi
1438 4712 1639 4766 fuerint
1670 4712 1835 4765 mille.

268 4814 386 4868 Non
416 4811 707 4867 suﬁicimus
753 4826 873 4875 nos,
913 4809 1191 4877 adjutores
1216 4821 1542 4877 quaeramus.
1573 4804 1841 4873 Adjuvent

270 4921 372 4961 nos
403 4906 576 4975 angeli
612 4922 626 4959 :
673 4906 952 4959 nobiseum
996 4904 1226 4975 gratiam
1260 4902 1488 4956 reddant
1521 4909 1577 4953 et
1608 4903 1841 4954 archan-

270 4998 400 5067 geli,
457 5010 514 5050 ut
570 5007 626 5052 et
671 4997 772 5067 ipsi
830 4996 1120 5068 gaudeant.
1174 4993 1233 5048 Si
1273 4993 1488 5061 quidem
1550 5001 1604 5046 et
1658 4991 1837 5045 omnis

268 5102 524 5145 creatura
585 5102 773 5161 parata
813 5100 914 5147 est.
960 5090 1202 5145 l’artttrit
1233 5088 1377 5143 enim
1419 5096 1473 5141 et
1532 5085 1837 5155 ingemiscit

268 5194 327 5240 et
358 5194 635 5252 exspectat
668 5192 906 5238 nostram
943 5184 1191 5246 salutem,
1239 5190 1297 5234 ut
1328 5189 1381 5234 et
1424 5179 1537 5247 ipsa
1574 5179 1838 5232 liberetur

270 5290 305 5330 a
337 5276 539 5331 dolore.
574 5274 858 5330 Liberatur
886 5276 1030 5329 enim
1060 5285 1114 5329 ει
1152 5273 1231 5329 sol
1262 5288 1329 5327 ne.
1357 5272 1493 5324 ultra
1534 5270 1791 5323 adoretur
1820 5287 1832 5323 :

271 5381 329 5426 et
387 5372 534 5434 luna,
597 5387 663 5425 ne
724 5371 840 5439 ipsa
893 5370 1313 5426 calmnnietnra
1366 5368 1618 5423 deitate:
1666 5367 1838 5422 stella:

268 5468 457 5530 etiam,
506 5474 565 5517 ut
611 5480 714 5518 non
747 5464 1182 5517 contaminentur
1226 5462 1417 5517 hostiis
1452 5482 1464 5516 :
1500 5473 1556 5516 ιιι
1583 5463 1693 5529 jam
1729 5477 1836 5516 non

270 5556 414 5610 male
464 5556 728 5610 conﬂetur
777 5566 1059 5626 argentum
1113 5574 1126 5609 :
1178 5572 1391 5623 aurum,
1428 5569 1486 5612 ut
1533 5574 1638 5613 non
1688 5560 1836 5615 coin.

908 5670 996 5723 ⁷⁸1
1029 5670 1169 5725 Tim.
1193 5686 1267 5739 vt,
1303 5672 1389 5729 16.

343 5785 454 5869 (83)
489 5785 587 5840 Ms.
616 5784 883 5844 Canﬂetur
907 5797 1198 5856 argentum,
1224 5805 1434 5858 aurum,
1472 5804 1526 5848 ut
1557 5811 1660 5850 non
1685 5797 1833 5852 coin-

268 5867 530 5927 quinetur.

344 5671 389 5703 '"
426 5669 579 5726 Joan.
615 5685 748 5735 xvii,
778 5670 831 5724 5.

1945 3450 2053 3489 ιιοιι
2110 3435 2296 3499 tacuit,
2345 3434 2439 3489 sed
2485 3434 2796 3504 frequenter
2854 3436 2953 3500 ait,
3008 3436 3161 3490 Erat.
3192 3437 3328 3503 Quid
3370 3440 3514 3491 enim

1945 3523 2089 3578 aliud
2142 3534 2196 3579 et
2250 3523 2470 3578 deberet
2522 3523 2669 3578 dici?
2718 3522 2920 3578 Domus
2981 3524 3110 3579 Dei?
3155 3527 3515 3595 quodcunque

1945 3614 2242 3668 dixerimus
2274 3623 2378 3681 est,
2408 3614 2549 3682 quod
2583 3629 2688 3669 non
2725 3614 2789 3669 de
2818 3613 2957 3670 Filio
2980 3626 3060 3670 est
3091 3633 3103 3669 :
3132 3616 3363 3670 alienum
3397 3617 3512 3687 (85)

1946 3722 1974 3760 a
2008 3709 2094 3761 die
2120 3716 2220 3761 est.
2272 3707 2508 3775 Spiritus
2553 3708 2605 3761 in
2656 3709 2833 3764 medio
2877 3719 3120 3763 nostrum
3152 3718 3234 3763 est
3269 3727 3284 3762 :
3330 3709 3374 3763 si
3407 3725 3512 3764 nou

1946 3799 2211 3866 spiritalia
2234 3799 2397 3853 locuti
2431 3799 2714 3863 fuerimus,
2753 3801 3144 3855 contristamus
3184 3801 3430 3871 spiritum
3460 3802 3512 3855 in

1944 3907 2051 3959 quo
2103 3892 2297 3960 signati
2353 3909 2557 3947 sumus.
2618 3893 2800 3949 Gloria
2859 3893 2976 3958 Dei,
3011 3895 3213 3948 veritas
3256 3878 3373 3959 Dei,
3407 3909 3511 3947 non

1944 3985 2139 4051 quierit
2165 4000 2193 4036 a
2236 3994 2287 4037 te
2318 3984 2522 4050 laudes,
2554 3986 2648 4039 sed
2679 4001 2777 4040 nec
2804 3985 2870 4038 ab
2893 3986 3119 4057 angelis.
3160 3985 3275 4039 Non
3304 3988 3423 4040 dico
3455 3999 3515 4039 ut

1944 4090 1972 4127 a
2012 4084 2081 4136 te,
2114 4074 2205 4127 sed
2234 4075 2429 4143 qmerit
2466 4092 2494 4129 a
2548 4085 2601 4130 te
2647 4086 2705 4130 ut
2755 4093 3020 4146 agnoscas
3053 4092 3173 4131 eum
3213 4095 3227 4131 :
3259 4080 3513 4146 prodesse

1944 4165 2087 4220 enim
2122 4165 2169 4219 ei
2203 4178 2379 4234 potes,
2413 4167 2456 4220 si
2489 4182 2613 4220 eum
2658 4166 2977 4237 agnoveris?
3027 4180 3119 4224 aut
3152 4170 3343 4225 lumini
3381 4186 3511 4241 pro-

1943 4257 2080 4320 dest,
2112 4270 2236 4311 curr.
2286 4258 2473 4312 vides?
2500 4268 2559 4311 ιιι
2586 4261 2827 4315 dicamus
2856 4262 2981 4331 quia
3021 4272 3071 4316 et
3103 4263 3212 4316 Deo
3254 4264 3512 4333 prodesse

1941 4358 2141 4418 potest.
2199 4350 2337 4403 Deus
2382 4350 2525 4402 enim
2557 4350 2665 4404 vult
2720 4362 2770 4406 te
2801 4367 3094 4423 agnoscere
3127 4368 3205 4408 se.
3254 4354 3508 4424 Cognitio

1942 4465 2085 4517 enim
2140 4464 2230 4519 Dei
2277 4477 2477 4520 arterua
2518 4468 2625 4521 vita
2670 4478 2786 4535 est;
2839 4483 2943 4523 non
2983 4468 3115 4532 Deo,
3162 4470 3256 4523 sed
3304 4469 3388 4524 his
3416 4472 3508 4539 qui

1944 4568 2297 4627 cognoscunt.
2350 4558 2424 4613 lta
2453 4561 2596 4615 enim
2638 4569 2692 4616 et
2729 4562 2989 4616 Dominus
3020 4564 3354 4632 pronuntiat.
3379 4562 3509 4619 Ηωε

1872 4668 1915 4722 Ῑ)
1944 4659 2017 4702 est
2047 4660 2224 4703 autem
2254 4651 2359 4703 vita
2388 4661 2605 4717 (eterna,
2638 4661 2694 4705 ut
2724 4663 3037 4723 cognoscant
3068 4665 3115 4707 te
3140 4655 3310 4709 solum
3334 4672 3509 4709 verum

1943 4741 2131 4803 Deum,
2167 4755 2213 4796 et
2262 4760 2414 4812 quem
2467 4745 2657 4798 misisti
2701 4744 2884 4799 Jesum
2921 4744 3188 4801 Christum
3223 4748 3291 4803 ".
3341 4746 3512 4801 Verus

1944 4833 2085 4888 Deus
2128 4844 2212 4888 est
2265 4834 2426 4889 Pater
2471 4835 2524 4890 in
2579 4851 2645 4891 eo
2686 4837 2829 4907 quod
2881 4855 2987 4893 non
3026 4850 3183 4894 natus
3210 4848 3312 4895 est.
3341 4838 3511 4894 Verus

1944 4924 2113 4980 Filius
2141 4935 2224 4981 est
2248 4931 2301 4981 in
2326 4942 2389 4981 eo
2416 4929 2556 4996 quod
2587 4938 2669 4984 est
2696 4931 3020 5000 uuigenitus.
3058 4930 3171 4986 Non
3194 4932 3334 4985 enim
3360 4945 3511 4984 men-

1946 5018 2159 5072 dacium
2202 5019 2384 5083 genuit
2414 5034 2593 5074 verus.
2647 5018 2756 5076 Sed
2801 5037 2962 5076 verus
3013 5021 3175 5075 Pater
3213 5021 3351 5073 Deus
3400 5036 3507 5073 non

1947 5120 2105 5163 natus
2138 5127 2151 5163 ;
2181 5126 2338 5164 \‘erus
2382 5109 2521 5166 Deus
2550 5112 2720 5167 Filius
2764 5113 3093 5183 ttnigenitus.
3133 5110 3265 5165 Nam
3298 5121 3351 5165 et
3380 5111 3508 5166 illud

1945 5198 2086 5265 quod
2137 5198 2336 5253 dictum
2386 5211 2515 5254 est:
2557 5200 2711 5254 Solus
2764 5202 2916 5255 liabet
2964 5200 3413 5253 immortalitatem
3438 5199 3505 5265 ⁷³,

1944 5304 2131 5343 verum
2161 5300 2262 5346 est.
2292 5294 2335 5345 Α
2362 5295 2654 5361 semetipso
2687 5293 2831 5347 enim
2862 5294 3008 5348 solus
3041 5293 3220 5346 habet.
3248 5292 3352 5346 Sed
3400 5292 3508 5348 sic-

1946 5396 2005 5440 ut
2038 5384 2210 5459 ‘Pater
2245 5385 2410 5439 vitam
2464 5385 2624 5439 habet
2654 5385 2706 5437 in
2756 5384 3045 5453 semetipso
3100 5404 3111 5438 :
3151 5385 3220 5437 ita
3267 5394 3320 5437 et
3367 5383 3508 5438 Filio

1947 5477 2095 5534 dedit
2126 5477 2289 5532 vitam
2342 5478 2539 5532 habere
2591 5477 2643 5530 in
2696 5477 3006 5543 semetipso.
3040 5472 3190 5529 Unus
3222 5490 3350 5545 ergo
3400 5491 3506 5529 ιιοιι

1944 5580 2128 5639 natus,
2165 5582 2219 5626 et
2266 5585 2404 5624 unus
2443 5569 2776 5636 unigenitus,
2820 5576 2879 5623 et
2923 5583 3061 5623 unus
3107 5568 3342 5638 Spiritus
3379 5584 3510 5626 san-

2014 5799 2125 5863 (84)
2165 5796 2361 5854 Με.ὐι
2396 5815 2496 5852 non
2531 5815 2658 5852 vane
2690 5799 3052 5854 comburatur.

2015 5870 2123 5933 (85)
2164 5869 2208 5921 Α
2233 5872 2315 5923 die
2346 5880 2439 5923 est.
2470 5868 2633 5923 Forte
2660 5889 2691 5924 a
2716 5869 2820 5923 Deo
2845 5879 2942 5923 est.
3065 5866 3071 5874 ’
