3956 6522
542 404 682 462 1059

1244 366 2023 475 sussultcmsamems
2059 401 2207 458 OPP.
2249 402 2428 457 mus
2464 401 2555 456 tv.
2594 434 2665 442 —
2704 397 3128 459 DOGMATICA.

3644 407 3786 463 1069

539 528 679 574 ctus.
698 515 820 571 Haec
837 514 969 570 dicit
986 529 1087 568 una
1120 514 1356 569 Ecclesia
1381 532 1396 569 :
1418 515 1521 569 hoc
1544 515 1901 584 consignatur
1938 514 1990 566 in
2020 528 2127 567 uno
2153 520 2201 576 Α
2228 516 2556 570 sentiantur.
2590 512 2697 569 lsta
2725 516 2870 569 enim
2893 524 2983 567 est
3011 524 3213 569 aeterna
3238 516 3368 569 vita.
3396 510 3452 568 In
3476 514 3563 570 bis
3581 516 3785 573 erimus

538 608 811 679 baptismo
838 625 853 662 :
882 608 995 661 haec
1026 606 1226 675 scripta
1251 616 1378 659 sunt
1409 608 1462 660 in
1495 606 1756 675 sanguine
1787 606 2109 675 martyrum,

531 708 595 755 et
618 711 744 754 ante
781 708 1050 769 martyres
1096 698 1148 750 in
1178 697 1442 767 sanguine
1479 696 1704 751 Christi.
1741 693 1854 749 Nec
1886 708 2112 764 spernas

530 792 657 861 ejus
712 790 1029 860 sanguinem
1055 787 1200 856 quod
1240 788 1316 840 tui
1366 797 1591 856 propter
1628 786 1828 841 cll'usus
1859 796 1943 840 est
1972 785 2105 856 (86).

538 885 738 940 Eﬂ'udit
774 884 917 938 enim
948 896 1104 935 suum
1140 879 1460 950 sanguinem
1501 877 1761 933 Dominus
1789 888 1846 930 ut
1870 877 2107 931 salvare-

532 980 637 1042 ris,
671 986 727 1032 et
756 987 812 1030 tu
846 975 1013 1029 audes
1040 989 1105 1028 ea
1134 974 1315 1028 delere
1351 987 1472 1042 qua:
1507 985 1605 1040 per
1628 970 1949 1040 sanguinem
1981 978 2105 1024 sunt

530 1069 777 1139 scripta?
810 1067 902 1122 sed
928 1066 1070 1136 quod
1101 1079 1198 1135 per
1224 1065 1539 1134 sanguinem
1565 1063 1826 1131 scriptum
1854 1072 1958 1127 est,
1996 1077 2101 1115 non

530 1161 768 1215 deletur.
797 1158 932 1213 Vide
958 1172 1090 1213 sane
1122 1172 1191 1211 ne
1219 1165 1275 1210 et
1316 1166 1374 1211 tu
1420 1156 1486 1210 de
1520 1143 1659 1209 libro
1698 1155 1820 1208 vitae
1848 1156 2096 1210 delearis.

528 1250 711 1305 Adora
744 1265 908 1305 unum
964 1263 1069 1302 non
1116 1259 1325 1311 natum,
1364 1258 1421 1303 et
1451 1264 1615 1301 unum
1650 1248 2005 1317 unigenitum,
2037 1261 2103 1301 ne

533 1358 760 1411 spernas
788 1356 951 1395 unum
981 1340 1253 1409 spiritum.
1294 1341 1471 1395 Adora
1507 1340 1746 1404 Patrem,
1778 1349 1833 1394 et
1873 1340 2103 1395 salvabit

534 1432 773 1488 teFilius
805 1451 819 1487 :
854 1434 1016 1487 adora
1043 1431 1263 1495 Filium,
1287 1441 1341 1486 et
1363 1432 1622 1501 suscipiet
1646 1441 1696 1485 te
1726 1447 1824 1499 per
1847 1447 1967 1485 eum
1995 1433 2099 1485 Pa-

530 1534 635 1578 ter.
669 1525 939 1579 Confitere
972 1525 1255 1593 Spiritum,
1282 1534 1337 1578 et
1378 1524 1617 1594 impertit
1646 1525 1758 1594 (87)
1790 1525 1883 1578 tibi
1928 1524 2098 1579 Filius

527 1616 814 1688 Spiritum.
883 1616 1009 1672 Haec
1069 1616 1341 1681 dicantur,
1405 1616 1517 1671 haec
1569 1617 1896 1686 cogitentur,
1971 1616 2089 1672 hinc

2218 609 2337 665 sine
2378 607 2499 670 lite,
2532 606 2648 660 sine
2672 604 2876 673 iurgio,
2917 606 3034 659 sine
3078 606 3445 661 contentione.
3481 606 3562 660 Ad
3599 623 3784 676 pacem

2216 700 2363 756 enim
2392 713 2492 752 nos
2520 698 2733 751 vocavit
2755 696 2916 752 Dens.
2957 695 3074 765 lpse
3109 698 3253 750 enim
3288 695 3539 753 Christus
3568 709 3654 752 est
3680 714 3783 767 pax

2216 802 2403 848 nostra
2456 810 2470 846 :
2520 790 2575 844 In
2620 792 2737 860 ipso
2772 790 2946 844 vocati
2981 804 3188 844 sumus.
3224 788 3360 855 Quid
3393 790 3618 843 dimissa
3657 805 3785 859 pace

2214 884 2337 939 lites
2397 881 2760 936 assumimus?
2818 881 2933 935 Non
2995 882 3192 936 audisti
3255 896 3377 935 eum
3435 882 3711 936 dicentem
3768 902 3782 938 :

2211 977 2403 1032 Pacem
2456 992 2625 1029 meam
2674 980 2741 1027 do
2794 975 2967 1039 vobis,
3021 990 3199 1043 pacem
3249 989 3419 1027 meam
3481 973 3785 1043 derelinquo

2207 1069 2351 1123 vobis
2394 1068 2482 1122 "7
2515 1068 2680 1122 Suam
2722 1082 2909 1136 pacem
2944 1069 3035 1121 dat
3067 1068 3224 1122 nobis
3272 1067 3551 1130 Dominus,
3586 1074 3645 1121 et
3690 1081 3785 1120 nos

2203 1158 2381 1230 jurgia
2416 1173 2448 1213 e
2493 1166 2678 1212 contra
2718 1157 3045 1212 inducimus.
3092 1157 3243 1212 Finis
3284 1168 3466 1212 autem
3511 1157 3784 1211 sermonis

2210 1251 2313 1304 iste
2348 1251 2437 1304 sit.
2470 1249 2655 1304 Gloria
2687 1250 2777 1304 uni
2818 1266 2923 1303 non
2974 1258 3099 1304 nato
3153 1250 3264 1304 Deo
3299 1265 3394 1321 per
3437 1264 3610 1303 unum
3663 1249 3783 1303 uni-

2207 1342 2445 1411 genitum
2498 1340 2664 1393 Deum
2707 1340 2901 1395 Filium
2949 1341 3040 1395 Dei
3094 1342 3284 1395 inuno
3313 1342 3516 1411 Spiritu
3566 1353 3780 1405 sancto,

2204 1445 2258 1487 et
2287 1446 2430 1486 uuae
2449 1440 2505 1487 et
2538 1446 2750 1501 semper
2773 1443 2828 1487 et
2865 1447 2959 1502 per
2987 1433 3168 1487 omnia
3193 1431 3387 1487 saecula
3430 1433 3779 1486 szeculorum.

2204 1526 2399 1581 Amen.

558 1878 3753 1907 s—-————-———-—-———————————————————-——-———-———-——————————————-

1614 2072 1970 2160 LIBER
2041 2042 2699 2164 SECUNDUS.

593 2428 731 2495 Puto
753 2430 930 2485 adhuc
958 2442 1121 2483 aures
1151 2425 1390 2496 obstrepi
1427 2438 1573 2479 meas
1596 2438 1626 2478 a
1660 2424 1915 2480 memoria
1961 2423 2104 2479 beati
2135 2432 2179 2489 Β
2208 2422 2470 2482 Dominus
2518 2426 2747 2483 reddens
2789 2444 3006 2484 causam
3036 2431 3116 2485 sui
3149 2431 3411 2486 adventus
3440 2430 3495 2486 in
3540 2432 3766 2499 mundo,

523 2522 677 2576 illius
712 2521 813 2573 viri
848 2519 988 2589 (88),
1014 2518 1107 2587 qui
1127 2516 1216 2571 illa
1244 2516 1490 2586 religiosa
1521 2514 1830 2585 frequenter
1858 2529 1987 2569 usus
2014 2524 2095 2571 est

522 2623 682 2664 voce.
708 2608 843 2663 Nam
875 2617 931 2662 et
958 2621 1116 2662 aures
1138 2616 1337 2660 vestra:
1358 2605 1535 2658 adhuc
1566 2604 1764 2657 bonum
1796 2602 1912 2667 (89)
1946 2602 2091 2656 illius

520 2700 673 2756 vocis
722 2700 981 2755 retinent.
1019 2699 1156 2753 Puto
1206 2697 1348 2750 enim
1389 2710 1474 2749 me
1522 2696 1711 2749 audire
1742 2711 1861 2749 eum
1906 2696 2092 2750 dicen-

519 2801 629 2848 tem
666 2810 679 2845 :
710 2787 1019 2861 Unigenitss
1055 2787 1148 2842 Dei
1187 2784 1362 2840 Filius
1388 2787 1455 2840 ⁸⁰.
1484 2786 1620 2839 Ecce
1655 2785 1796 2839 enim
1822 2785 1935 2855 (90)
1962 2784 2094 2839 reli-

520 2886 667 2953 giosa
704 2898 809 2937 vox
838 2896 936 2951 per
958 2898 1019 2933 os
1041 2882 1157 2949 ejus
1192 2894 1406 2948 semper
1432 2877 1799 2947 premebatur.
1831 2877 2091 2932 Memoria

517 2975 668 3029 enim
721 2982 841 3030 erat
886 2968 1164 3043 Unigeniti
1220 2971 1288 3025 ad
1341 2969 1568 3039 gloriam
1597 2983 1705 3023 non
1751 2969 1860 3023 nati
1892 2966 2090 3023 Patris.

518 3067 837 3122 Audivimus
885 3074 1065 3120 autem
1113 3062 1417 3134 apostolum
1466 3060 1866 3133 praecipientem
1918 3060 2091 3115 hono-

518 3159 631 3214 rari
679 3157 881 3229 duplici
945 3158 1154 3211 honore
1209 3155 1405 3209 debere
1460 3153 1809 3224 presbyteros
1836 3150 1883 3182 θ’
1928 3164 1945 3204 :
1998 3166 2091 3205 eos

519 3249 755 3304 maxime
784 3248 877 3319 qui
903 3248 1155 3302 laborant
1180 3244 1234 3298 in
1262 3245 1428 3298 verbo
1451 3251 1507 3296 et
1529 3240 1792 3296 doctrina.
1820 3238 1919 3304 Qui
1944 3236 2088 3292 enim

515 3342 833 3411 pudicitiam
880 3340 1029 3403 colit,
1082 3339 1258 3393 bonus
1304 3344 1387 3391 est
1435 3334 1539 3391 sibi
1581 3352 1594 3389 :
1637 3342 1692 3388 et
1728 3333 1819 3402 qui
1854 3332 2087 3402 jejunat,

514 3433 683 3487 etiam
744 3432 789 3487 si
842 3432 1042 3486 bonum
1099 3429 1263 3484 faciat
1307 3442 1462 3495 opus,
1499 3436 1681 3481 tamen
1716 3427 1862 3480 sibi:
1908 3434 1963 3479 et
1997 3425 2089 3493 qui

515 3526 827 3589 miseretur,
863 3532 918 3577 et
968 3521 1073 3577 sibi
1111 3520 1542 3575 misericordiam
1588 3527 1767 3587 parat,
1805 3525 1862 3571 et
1904 3517 1954 3571 ei
2000 3516 2088 3571 cui

512 3642 744 3711 praebet.
776 3640 879 3706 Qui
910 3648 1088 3692 autem
1121 3637 1442 3707 religionem
1471 3633 1769 3689 secundum
1805 3632 2085 3687 veritatem

514 3732 691 3794 docet,
718 3739 773 3784 et
818 3728 920 3783 sibi
952 3728 1092 3781 viam
1142 3737 1401 3780 aeternam
1434 3724 1690 3794 acquirit,
1739 3732 1794 3778 et
1834 3723 2087 3777 omnibus

512 3824 605 3895 qui
631 3824 914 3878 docentur.
944 3818 1063 3874 Non
1097 3827 1182 3874 est
1214 3827 1545 3887 pratceptum
1573 3816 1832 3885 apostolis
1863 3827 1920 3870 ut
1954 3832 2083 3884 pau-
2108 3833 2151 3891 ρ

512 3930 672 3986 peres
717 3921 1023 3983 pascereut,
1060 3912 1151 3965 sed
1186 3919 1243 3964 ut
1290 3919 1344 3963 et
1390 3909 1488 3978 ipsi
1532 3916 1908 3977 pascerentur.
1940 3905 2084 3961 Reli-

510 4010 687 4079 gionis
710 4024 839 4079 ergo
870 4005 1181 4077 praedicatio
1218 4004 1388 4073 major
1412 4011 1495 4058 est
1517 4018 1544 4055 a
1569 4003 1937 4057 misericordia
1962 4017 2083 4072 quae

508 4102 571 4158 lit
614 4102 681 4156 ad
728 4102 975 4157 homines
1006 4114 1021 4155 ξ
1050 4105 1264 4168 Oportet
1310 4097 1453 4151 enim
1507 4096 1736 4166 primum
1776 4109 1935 4149 nosse
1958 4110 2079 4148 eum

509 4205 733 4266 propter
768 4208 932 4262 quem
973 4190 1106 4245 ﬁunt
1134 4205 1195 4243 ea
1228 4204 1348 4257 quae
1380 4188 1538 4251 lium,
1568 4197 1623 4242 et
1656 4187 1727 4239 ita
1770 4187 1946 4239 facere
1981 4185 2082 4239 mi-

508 4282 861 4338 sericordiam
890 4296 909 4335 :
959 4279 1330 4348 unusquisque
1359 4278 1503 4330 enim
1531 4276 1621 4346 qui
1669 4286 1946 4344 operatur,
1977 4274 2081 4329 sibi

510 4377 744 4446 acquirit
774 4389 908 4443 opus
940 4390 954 4426 :
990 4371 1305 4438 prazdicatio
1330 4380 1508 4422 autem
1554 4368 1798 4420 veritatis
1827 4366 1945 4420 haec
1973 4374 2077 4429 est,

506 4476 729 4536 propter
765 4481 924 4534 quam
959 4474 1011 4518 et
1042 4463 1209 4516 Filius
1243 4461 1389 4514 venit
1427 4461 1479 4512 iu
1515 4473 1760 4526 corpore.
1800 4457 1913 4511 Non
1943 4458 2081 4511 dixit

512 4556 794 4617 Dominus,
822 4554 969 4607 Beati
1000 4551 1141 4606 oculi
1170 4563 1359 4603 eormn
1409 4547 1501 4617 qui
1553 4545 1819 4613 jejunaut,
1868 4545 1961 4600 sed
1999 4543 2079 4597 vi-

506 4648 772 4708 dentium,
794 4645 990 4715 inquit,
1020 4659 1081 4697 ca
1112 4657 1232 4713 qua:
1257 4641 1451 4695 videtis
1468 4640 1533 4691 θ’.
1560 4639 1663 4692 Sed
1686 4654 1787 4689 non
1810 4651 1910 4707 ego
1938 4651 2079 4689 nunc

504 4740 677 4795 bonos
709 4748 861 4791 actus
902 4751 1100 4791 accuso
1131 4755 1144 4789 :
1188 4734 1282 4787 sed
1311 4733 1451 4787 sicut
1475 4731 1627 4786 stella
1663 4731 1832 4784 stell:e
1862 4727 2077 4797 prafert

503 4831 699 4902 gloria,
742 4829 815 4881 ita
854 4838 908 4882 et
938 4836 1089 4881 actus
1125 4826 1235 4897 (91)
1284 4826 1497 4879 actibus
1545 4820 1799 4876 dillcruut
1851 4823 2072 4874 honore.

504 4925 787 4977 Summum
844 4919 986 4972 enim
1029 4926 1084 4969 et
1121 4916 1468 4984 prazcipuum,
1508 4922 1563 4967 et
1602 4913 1831 4981 primum
1886 4911 2076 4963 funda-

502 5022 744 5068 mentum
778 5022 831 5065 et
880 5010 1027 5062 radix
1067 5005 1306 5057 onminm
1331 5021 1555 5074 operum
1582 4988 1701 5073 qua:
1735 5006 1888 5066 liuul,
1940 5004 2073 5056 lides

501 5114 587 5160 est
611 5118 756 5159 vera.
783 5102 916 5156 Dicit
943 5100 1087 5153 enim
1120 5096 1413 5150 Dominus:
1438 5094 1545 5163 Ego
1566 5106 1779 5163 prapter
1806 5095 1901 5147 hoc
1932 5095 2066 5157 veni,

2195 2517 2325 2572 dicit
2350 2520 2471 2587 quia
2513 2519 2632 2574 ideo
2664 2530 2821 2575 natus
2849 2537 2989 2583 sum,
3035 2531 3090 2577 et
3139 2523 3259 2577 ideo
3301 2524 3421 2577 veni
3457 2524 3512 2578 in
3562 2526 3767 2581 mundo

2194 2618 2255 2664 nt
2283 2620 2447 2665 tester
2470 2612 2709 2675 veritati,
2738 2622 2793 2667 et
2820 2623 2874 2666 tu
2902 2614 3132 2668 abnuis?
3160 2614 3293 2669 Nam
3330 2627 3383 2669 et
3403 2616 3603 2671 Petrus
3638 2619 3766 2673 bea-

2195 2708 2301 2763 tus,
2334 2702 2524 2757 beatus
2565 2703 2767 2758 dicitur
2796 2704 2868 2769 3‘,
2897 2720 3004 2759 non
3050 2706 3122 2760 ob
3145 2706 3425 2773 jejunium,
3477 2724 3663 2778 neque
3701 2708 3768 2763 ob

2192 2792 2336 2848 aliud
2391 2794 2608 2863 aliquod
2660 2811 2819 2866 opus,
2855 2798 2948 2852 sed
3003 2797 3130 2867 quia
3179 2797 3340 2853 Pater
3387 2799 3438 2852 ei
3498 2801 3769 2857 revelavit

2188 2879 2411 2939 Filium.
2447 2885 2514 2940 Et
2557 2887 2752 2941 iterum
2802 2887 2963 2943 Pater
2994 2890 3193 2957 ubique
3228 2876 3292 2945 de
3333 2890 3473 2945 Filio
3505 2900 3764 2948 testatur.

2190 2972 2324 3031 Nam
2367 2986 2424 3032 et
2476 2978 2529 3031 in
2580 2978 2846 3047 baptismo
2904 2978 3150 3045 Joannis,
3207 2990 3261 3033 et
3296 2983 3349 3033 in
3403 2990 3593 3034 monte
3628 2982 3765 3036 nihil

2189 3068 2332 3123 aliud
2360 3069 2731 3139 proclamavit,
2760 3069 2861 3124 nisi
2887 3085 2900 3123 :
2923 3069 3022 3124 llic
3053 3079 3131 3125 est
3161 3070 3333 3123 Filius
3359 3086 3504 3124 meus
3535 3072 3768 3126 dilectis-

2189 3163 2374 3227 simus,
2403 3162 2458 3215 in
2495 3176 2596 3231 quo
2634 3163 2757 3215 bene
2783 3162 3071 3229 complacui
3094 3162 3162 3218 ".
3198 3160 3460 3216 Similiter
3486 3171 3541 3217 et
3562 3163 3766 3218 Paulus

2190 3257 2314 3307 dum
2354 3255 2574 3308 doceret
2617 3254 2881 3308 dicebat:
2928 3253 3351 3307 Fundamentum
3394 3257 3542 3310 aliud
3572 3269 3767 3325 prcter

2186 3347 2414 3415 eumqui
2449 3354 2524 3398 est
2545 3346 2745 3413 positus
2782 3362 2931 3398 nemo
2974 3356 3137 3413 potest
3180 3363 3389 3413 ponere,
3416 3357 3613 3415 praeter
3646 3364 3764 3401 eum

2186 3438 2275 3505 qui
2327 3446 2399 3489 est
2448 3434 2684 3489 Christus
2734 3434 2890 3489 Iesus
2912 3436 2980 3490 ⁸⁸.
3039 3433 3097 3489 Si
3147 3437 3315 3506 igitur
3351 3439 3763 3492 fundamentum

2188 3528 2350 3581 fuerit
2375 3527 2603 3591 salvum,
2648 3538 2830 3594 sperat
2877 3527 3163 3582 :edilicatio
3208 3530 3344 3583 bene
3401 3530 3677 3598 prolicere
3710 3543 3765 3584 se

2185 3635 2345 3689 posse
2373 3637 2386 3673 :
2424 3621 2469 3675 si
2498 3620 2648 3673 radix
2680 3619 2843 3675 fuerit
2872 3636 3025 3684 sana,
3068 3635 3192 3689 Spes
3216 3631 3303 3675 est
3338 3621 3545 3674 fructus
3570 3635 3636 3674 ex
3688 3635 3765 3675 ra-

2187 3712 2291 3766 mis
2322 3714 2585 3781 accipere.
2618 3714 2674 3767 Si
2702 3725 2882 3767 autem
2914 3713 3306 3767 inlirmel'nerit
3326 3711 3762 3778 fundamentum,

2186 3803 2238 3857 in
2288 3804 2530 3872 periculo
2580 3815 2705 3860 sunt
2761 3820 2823 3859 ea
2872 3820 2992 3874 quae
3046 3812 3500 3875 superponuntur.
3549 3804 3763 3858 Aurum

2184 3898 2325 3950 enim
2378 3896 2523 3966 quod
2558 3913 2721 3966 super
2774 3896 3202 3960 fundamentum,
3248 3906 3302 3951 et
3351 3904 3671 3966 argentum,
3714 3907 3766 3950 et

2183 3995 2513 4062 margaritae,
2567 4004 2623 4050 et
2671 3996 2875 4065 lapides
2920 3981 3165 4066 pretiosi,
3221 4008 3276 4051 et
3324 3996 3525 4060 fenum,
3571 4006 3629 4052 et
3668 4000 3765 4053 sti-

2183 4086 2342 4155 pulze,
2376 4098 2430 4142 et
2462 4088 2603 4158 ligna
2650 4097 2927 4158 ponuntur
2964 4104 2979 4143 :
3022 4090 3156 4143 nihil
3191 4090 3335 4144 aliud
3382 4089 3655 4157 signiﬁcat
3708 4093 3760 4146 in

2184 4180 2286 4233 hoc
2325 4180 2465 4243 loco,
2518 4181 2620 4234 nisi
2661 4181 2877 4250 quidem
2933 4182 3373 4251 praedicationem
3415 4197 3513 4252 per
3563 4198 3755 4237 aurum

2181 4280 2231 4325 et
2278 4280 2562 4342 argentum
2600 4283 2654 4326 et
2708 4272 2913 4343 lapides
2959 4274 3250 4343 pretiosos.
3305 4273 3378 4327 Ea
3416 4284 3600 4328 autem
3637 4289 3757 4343 qua:

2180 4375 2375 4432 prieter
2402 4366 2684 4419 veritatem
2721 4377 2869 4430 sunt,
2901 4366 3006 4435 igni
3059 4375 3246 4436 utpote
3296 4366 3477 4435 digna,
3522 4362 3648 4419 leno
3708 4375 3759 4420 et

2181 4456 2390 4526 stipula:
2416 4466 2471 4511 et
2519 4458 2668 4526 ligno
2703 4459 3054 4527 comparavit.
3088 4460 3203 4511 Non
3252 4459 3396 4510 enim
3430 4457 3567 4511 dixit
3610 4458 3756 4526 Apo-

2180 4548 2383 4602 stolus:
2421 4547 2476 4601 Si
2511 4550 2633 4617 quis
2678 4565 2781 4602 non
2824 4551 3029 4603 dederit
3062 4551 3306 4620 pauperi,
3343 4551 3635 4603 anathema
3662 4552 3753 4603 sit.

2180 4640 2293 4694 Non
2332 4642 2428 4695 ista
2459 4643 2662 4711 deuego
2707 4658 2723 4697 :
2762 4643 2854 4696 scd
2891 4657 3008 4711 qua:
3048 4644 3221 4706 prima
3254 4652 3401 4705 sunl,
3438 4642 3655 4709 prima;
3700 4650 3755 4695 et

2178 4747 2298 4801 qua:
2355 4736 2632 4796 secunda,
2685 4734 2940 4786 secunda.
2997 4732 3182 4787 Primo
3228 4736 3481 4787 condisce
3534 4744 3753 4803 propter

2176 4839 2336 4893 quem
2374 4822 2529 4888 lacis,
2565 4835 2619 4878 et
2653 4825 2722 4878 ita
2763 4826 2938 4879 facito.
2970 4824 3115 4878 Multi
3148 4828 3289 4879 enim
3327 4825 3604 4877 hominum
3654 4840 3748 4894 pe-

2177 4916 2394 4968 coribus
2442 4925 2569 4969 sunt
2619 4916 2825 4969 similes
2866 4934 2878 4969 :
2930 4925 3119 4984 putant
3151 4929 3258 4967 non
3289 4929 3410 4968 esse
3441 4916 3749 4968 necessaria

2175 5022 2418 5075 quterere
2452 5008 2517 5059 de
2551 5009 2636 5061 his
2660 5024 2780 5077 quae
2812 5008 3086 5078 possibilia
3119 5016 3240 5060 sunt
3266 5017 3598 5076 quaerantur.
3632 5005 3750 5061 Sic-

2175 5109 2233 5152 ut
2255 5115 2385 5169 ergo
2411 5100 2477 5153 de
2506 5102 2589 5154 his
2617 5117 2736 5169 quae
2765 5109 2989 5167 possunt
3013 5101 3203 5169 quzeri,
3239 5100 3488 5153 inertium
3518 5108 3603 5153 est
3643 5115 3745 5153 non

501 5209 547 5252 et
576 5205 787 5267 propter
812 5195 907 5248 hoc
937 5204 1091 5246 natus
1122 5207 1262 5255 sum,
1298 5198 1355 5242 ut
1396 5198 1549 5243 tester
1593 5189 1799 5241 veritati
1829 5189 1897 5242 ⁸³.
1948 5187 2065 5259 Ipse
2098 5182 2141 5237 Ι)
2169 5204 2444 5260 quarrere;
2502 5190 2576 5244 ita
2622 5191 2687 5243 de
2743 5189 2826 5242 his
2859 5204 2978 5257 quze
3026 5203 3129 5241 non
3183 5200 3403 5241 necesse
3436 5196 3519 5239 est
3554 5187 3746 5255 quam,

549 5382 909 5444 79loan.xrv,
961 5380 1089 5449 2'7.~
1157 5380 1203 5411 "°
1240 5380 1395 5435 Joau.
1442 5396 1481 5445 ι,
1544 5376 1640 5443 l8;
1702 5393 1785 5438 ιιι,
1834 5377 1922 5435 l8.

500 5452 547 5485 “
576 5453 765 5506 Matth.
814 5468 925 5516 xvt,
966 5454 1052 5506 i7.
1131 5452 1176 5485 ⁸⁸
1205 5454 1391 5506 Matth.
1425 5467 1506 5515 ut,
1542 5449 1636 5514 l7;
1677 5465 1810 5515 xvn,
1840 5452 1893 5504 5.

570 5568 681 5637 (86)
724 5569 823 5622 Tui
845 5571 1287 5638 propter."Evsxa
1308 5568 1424 5632 σοῦ,
1453 5568 1647 5621 iterum
1673 5566 1811 5619 infra
1844 5569 1942 5622 sub
1970 5568 2064 5622 lin.

498 5639 699 5709 lib.rvt,
728 5640 802 5693 De
823 5657 881 5696 eo
908 5641 1045 5709 quod
1071 5643 1145 5693 ait
1172 5641 1333 5694 Deus.

570 5708 683 5777 (87)
727 5709 983 5774 Impertit.
1014 5710 1175 5765 Forte
1206 5711 1479 5775 impertiet.

570 5714 658 5777 (87
727 5714 983 5774 Impertit.
1015 5714 1175 5765 Forte
1206 5714 1479 5775 impertiet.

570 5714 685 5849 (88;
726 5779 870 5832 Beati
895 5782 1038 5831 illius
1063 5782 1179 5835 viri.
1218 5781 1503 5848 Pamphili,
1536 5792 1594 5835 nt
1622 5780 1785 5834 llcnr.
1817 5779 2062 5833 Valesius

496 5864 717 5917 censet;
746 5866 842 5904 nos
888 5853 1183 5921 Agapetum
1234 5854 1410 5920 potius
1445 5865 1694 5917 putamus
1729 5852 1941 5907 Eusebii
1969 5857 2062 5908 de-

2051 5376 2137 5430 ”l
2171 5378 2309 5431 Tim.
2346 5393 2400 5441 v,
2436 5378 2522 5432 l7.

1973 5451 2021 5482 ⁸⁸
2064 5450 2084 5504 l
2120 5449 2244 5505 Cor.
2282 5450 2476 5512 1H,“.
2567 5451 2588 5462 ⁸

2621 5377 2665 5409 ⁸¹
2693 5375 2823 5430 Luc.
2861 5392 2920 5438 x,
2953 5376 3044 5430 25.
3178 5374 3402 5430 “Joan.
3446 5389 3608 5440 xvnt,
3655 5372 3741 5427 57.

2174 5580 2468 5628 cessarem,
2500 5565 2565 5618 de
2618 5579 2726 5633 quo
2762 5564 2962 5618 Euseb.
3025 5563 3119 5617 lib.
3174 5579 3244 5617 vn
3304 5561 3447 5616 Ilist.
3496 5575 3616 5630 cap.
3649 5556 3737 5618 52.

2174 5640 2240 5690 de
2277 5640 2463 5688 eodem
2501 5639 2657 5689 licato
2684 5636 2799 5687 viro
2830 5636 2967 5687 inlra
3000 5636 3103 5686 col.
3137 5634 3293 5687 1065.

2243 5709 2353 5773 (89)
2396 5707 2618 5758 Bonum.
2653 5706 2896 5758 Valesius
2926 5706 3046 5774 legit
3080 5721 3285 5756 sonum.

2242 5783 2352 5841 (uo)
2397 5777 2526 5828 Ecce
2558 5777 2715 5828 enim.
2768 5773 3007 5827 Valesius
3041 5775 3166 5837 legit
3197 5778 3305 5826 Im'c
3334 5774 3492 5830 enim.

2243 5851 2352 5919 (9|)
2400 5850 2517 5915 Ms.,
2549 5848 2741 5902 Prwcst
2773 5850 2965 5915 gloria,
2998 5848 3133 5899 itaet
3170 5858 3342 5898 actus.
