3956 6602
312 463 459 518 1061

1183 467 1267 521 DE
1302 468 1456 524 FIDE
1486 470 1852 528 ADVERSUS
1892 471 2304 528 SABELLIUM.
2344 506 2412 515 —-
2447 473 2572 528 LIB.
2616 475 2680 531 11.

3413 480 3550 537 1062

314 580 551 633 audacia
569 588 659 634 est
682 582 980 649 querendi.
1007 582 1139 650 Quae
1161 598 1291 655 ergo
1314 587 1508 642 debent
1540 590 1746 657 quaeri?
1773 605 1890 659 quae
1916 597 1963 652 Α
1989 598 2042 645 ει
2062 605 2167 645 nos
2197 589 2249 643 in
2274 605 2408 659 pace
2432 593 2661 656 vocavit,
2701 607 2806 648 non
2840 601 3015 650 tamen
3050 594 3117 651 ad
3149 595 3294 652 litem
3326 614 3340 651 :
3373 612 3548 669 pugna

314 672 633 727 invenimus
658 672 712 726 in
747 671 1041 743 Scripturis
1063 676 1239 745 posita
1271 695 1286 731 :
1314 693 1434 747 quae
1459 689 1634 735 autem
1659 682 1710 734 in
1740 680 1887 735 Scri-

314 760 498 827 pturis
545 777 651 817 non
702 763 1040 832 invenimus,
1089 782 1196 822 non
1246 784 1571 838 quatramus.
1633 770 1687 825 Si
1738 773 1880 826 enim

310 865 600 923 oporteret
635 856 791 911 nobis
820 872 942 914 esse
982 860 1216 929 cognita,
1248 863 1434 931 utique
1478 864 1711 932 Spiritus
1754 880 1883 920 san-

302 957 440 1002 ctus
478 948 754 1018 posuisset
800 964 863 1004 ea
912 951 963 1004 in
999 950 1295 1021 Scripturis
1330 972 1345 1008 :
1377 969 1483 1010 non
1514 970 1701 1011 sumus
1737 957 1879 1011 enim

316 1042 680 1109 sapientiores
725 1058 756 1097 a
804 1044 1007 1113 Spiritu
1053 1055 1261 1105 sancto.
1302 1046 1361 1102 Si
1410 1047 1610 1103 dixerit
1648 1048 1880 1119 Spiritus

313 1145 542 1189 sanctus
576 1153 589 1188 :
628 1132 1022 1191 Generalionem
1062 1137 1176 1207 ejus
1204 1138 1320 1207 quis
1350 1140 1617 1192 enarrabit
1641 1139 1724 1194 ‘7?
1768 1141 1878 1196 noli

313 1240 564 1295 querere
597 1240 771 1295 neque
804 1226 872 1281 ab
919 1226 1245 1293 hominibus,
1303 1243 1477 1298 neque
1531 1231 1598 1284 ab
1646 1230 1875 1300 angelis.

307 1317 428 1371 Cur
448 1317 736 1386 abnegavit
777 1316 1031 1386 Spiritus,
1060 1318 1197 1373 dixit
1227 1318 1370 1373 enim
1403 1320 1526 1389 quia
1567 1322 1876 1390 generatio-

310 1423 439 1466 nem
467 1412 586 1482 ejus
624 1412 744 1480 quis
766 1410 1075 1466 enarrabit?
1106 1411 1196 1480 qui
1228 1419 1406 1465 autem
1430 1412 1676 1466 concedit
1702 1410 1875 1481 Spiri-

308 1513 402 1557 tus
423 1518 685 1573 quaerere,
720 1502 866 1558 Unus
894 1503 1035 1558 Deus
1063 1519 1129 1558 ea:
1150 1519 1252 1574 quo
1285 1512 1405 1557 sunt
1442 1505 1639 1567 omnia,
1660 1513 1711 1557 et
1739 1520 1875 1559 unus

308 1594 573 1648 Dominus
589 1594 742 1649 Iesus
764 1609 856 1663 per
875 1610 1027 1664 quem
1058 1603 1179 1648 sunt
1205 1594 1382 1648 omnia
1408 1593 1454 1625 ⁸⁸
1482 1610 1497 1648 ;
1522 1593 1873 1663 quemadmo-

302 1685 438 1739 dum
469 1694 649 1741 autem
682 1686 850 1740 Filius
894 1700 959 1740 ex
990 1685 1167 1748 Patre.
1192 1685 1354 1741 crede
1385 1686 1432 1741 ei
1465 1687 1557 1756 qui
1607 1687 1775 1750 novit,
1821 1688 1869 1739 ei

300 1778 399 1847 qui
427 1777 689 1832 noscitur.
725 1778 829 1832 Sed
858 1786 913 1831 tu
937 1777 1157 1847 quaeris,
1182 1785 1236 1832 et
1268 1778 1390 1846 quis
1419 1789 1502 1833 est
1525 1779 1617 1847 qui
1646 1778 1872 1847 promit-

1986 696 2090 735 non
2128 681 2310 747 docet,
2357 683 2449 736 sed
2480 683 2668 738 incitat
2700 686 2871 756 magis
2922 706 2935 740 :
2968 687 3034 741 lis
3073 702 3179 742 non
3221 703 3423 753 mouet,
3453 692 3547 744 sed

1983 770 2251 828 ﬂammam
2281 776 2548 830 accendit.
2581 776 2866 831 Contentio
2891 788 3068 835 autem
3094 782 3248 851 equis
3275 784 3546 845 convenit,

1983 877 2088 916 non
2120 873 2297 918 tamen
2332 864 2584 922 Ecclesiae
2608 866 2722 923 Dei.
2757 868 2855 935 Qui
2880 870 3028 924 novit
3057 886 3118 927 ea
3142 888 3263 941 quae
3293 873 3548 941 possibile

1981 963 2068 1008 est
2116 955 2276 1020 scire,
2321 957 2511 1011 doceat
2552 973 2673 1012 cum
2719 961 2979 1015 modestia
3028 977 3150 1017 eum
3176 964 3268 1033 qui
3308 965 3543 1034 ignorat,

1979 1060 2087 1099 non
2119 1052 2295 1102 tamen
2334 1048 2684 1104 incitamento
2731 1067 2745 1104 :
2788 1051 3191 1109 incitamentum
3223 1055 3366 1110 enim
3394 1064 3448 1110 et
3475 1056 3544 1110 ad

1979 1149 2043 1190 ea
2081 1149 2200 1204 quae
2228 1146 2412 1205 aperta
2465 1148 2590 1193 sunt
2635 1142 3030 1198 contentionem
3074 1146 3213 1213 parit
3268 1162 3418 1201 :non
3469 1147 3542 1200 ita

1976 1227 2366 1296 periclitemur,
2414 1230 2508 1285 sed
2543 1239 2656 1286 tute
2688 1232 2995 1302 loquamur.
3039 1233 3095 1290 Si
3127 1236 3255 1305 quid
3281 1238 3539 1306 scriptum

1978 1334 2085 1375 non
2120 1319 2224 1385 est,
2285 1336 2351 1376 ne
2384 1323 2600 1392 quidem
2637 1324 2849 1379 dicatur
2889 1343 2906 1382 :
2952 1326 2998 1382 si
3028 1327 3154 1396 quid
3197 1337 3375 1383 autem
3406 1329 3541 1383 scri-

1974 1422 2126 1482 ptum
2156 1421 2256 1478 est,
2299 1428 2366 1468 ne
2406 1414 2825 1472 deleatur.’Non
2861 1433 3049 1473 sumus
3095 1419 3236 1474 enim
3268 1429 3538 1486 auctores,

1974 1505 2069 1557 sed
2098 1503 2366 1574 discipuli.
2408 1503 2521 1560 Non
2567 1521 2688 1578 quae
2722 1508 2993 1575 volumus,
3040 1511 3134 1566 sed
3170 1526 3233 1567 ea
3273 1512 3539 1582 qurelegi-

1974 1610 2093 1650 mus
2131 1614 2145 1650 :
2181 1612 2284 1651 non
2316 1611 2378 1651 ea
2409 1614 2528 1668 quae
2551 1613 2618 1654 ex
2648 1601 2811 1655 corde
2841 1612 2985 1668 sunt,
3009 1604 3103 1658 sed
3132 1618 3194 1658 ea
3223 1620 3341 1674 quae
3364 1620 3393 1659 a
3424 1606 3537 1675 spi-

1974 1686 2080 1739 ritu
2114 1688 2164 1739 in
2190 1687 2487 1758 Scripturis
2527 1692 2725 1745 sanctis
2759 1702 2885 1747 sunt
2915 1696 3106 1763 posita.
3142 1697 3273 1763 Quis
3302 1699 3442 1752 enim
3478 1714 3538 1755 es

1973 1787 2028 1831 tu
2064 1780 2155 1848 qui
2206 1779 2341 1834 dicis
2369 1790 2462 1834 aut
2494 1783 2584 1851 qui
2633 1784 2831 1839 audis?
2868 1785 2981 1839 vult
3027 1786 3222 1857 aliquis
3261 1787 3535 1843 Christmn

294 1878 388 1922 tat
434 1884 496 1924 se
532 1869 722 1924 nosse?
749 1869 925 1923 omnis
971 1869 1117 1923 enim
1162 1869 1467 1939 quicunque
1499 1870 1767 1939 promittit
1811 1885 1868 1925 se
1899 1900 1943 1954 Β
1973 1868 2273 1935 honorare;
2322 1880 2382 1925 ut
2423 1873 2535 1926 vult
2594 1874 2707 1942 ipse
2739 1876 3007 1940 Christus,
3049 1893 3152 1931 non
3196 1887 3372 1934 tamen
3397 1891 3454 1934 ut
3477 1892 3533 1936 tu

290 1976 491 2025 nosse,
545 1963 772 2016 mendax
811 1969 912 2015 est.
970 1959 1343 2017 Prouuntiavit
1389 1963 1532 2017 enim
1588 1960 1861 2030 Dominus,

287 2052 452 2122 quod
507 2053 685 2108 nullus
742 2053 885 2109 norit
944 2053 1046 2108 nisi
1108 2054 1259 2109 solus
1308 2054 1470 2110 Pater
1524 2053 1760 2122 Filium,
1808 2066 1864 2110 et

296 2145 474 2200 Filius
514 2144 750 2200 Patrem.
799 2145 904 2200 Sed
932 2145 1062 2201 dicit
1092 2145 1310 2215 quidam
1345 2164 1359 2201 :
1396 2146 1709 2215 lgnoramus
1732 2162 1862 2217 ergo

282 2237 431 2307 quia
459 2246 544 2293 est
576 2235 737 2303 Deus,
768 2243 822 2291 et
865 2237 991 2307 quia
1038 2253 1141 2294 non
1176 2250 1335 2293 natus
1365 2249 1466 2305 est,
1500 2248 1557 2295 et
1594 2241 1863 2296 nescimus

280 2314 431 2399 quia
477 2339 535 2384 et
567 2329 732 2383 Filius
761 2340 816 2385 et
854 2331 1156 2401 unigenitus
1190 2340 1274 2386 est
1326 2330 1532 2387 Filius?
1587 2333 1864 2400 Quomodo

292 2432 479 2487 autem
515 2423 783 2477 nescimus
830 2424 954 2493 quia
998 2432 1154 2478 natus
1198 2423 1317 2478 est?
1374 2426 1496 2494 quia
1537 2435 1712 2479 autem
1755 2433 1860 2489 est,

290 2513 480 2568 omnis
499 2513 694 2569 clamat
714 2512 989 2583 Scriptura
1022 2533 1034 2569 :
1064 2515 1513 2585 quemadmodum
1552 2524 1729 2570 autem
1754 2525 1859 2579 est,

292 2614 349 2657 et
381 2612 640 2673 quantum
672 2612 773 2667 est,
798 2604 940 2659 nulla
977 2589 1120 2659 valet
1157 2616 1345 2659 natura
1376 2605 1576 2668 dicere,
1603 2620 1771 2675 neque
1793 2605 1860 2660 de

292 2692 482 2756 Patre,
514 2708 686 2762 neque
723 2694 787 2747 de
808 2692 962 2748 Filio.
999 2693 1099 2761 Qui
1121 2693 1263 2748 enim
1298 2693 1473 2748 dixit:
1515 2692 1683 2748 Nemo
1719 2694 1861 2747 novit

291 2783 538 2846 Patrem,
568 2784 668 2837 nisi
706 2782 877 2838 Filius
900 2785 962 2844 ⁸³,
992 2786 1105 2855 ipse
1136 2786 1269 2840 dixit
1300 2785 1421 2854 quia
1456 2792 1504 2839 et
1535 2783 1734 2838 Filium
1770 2802 1859 2839 ne-

288 2893 379 2929 mo
404 2876 566 2940 novit,
593 2876 693 2929 nisi
720 2876 880 2930 Pater
898 2877 963 2927 ’°.
994 2875 1449 2943 Quemadmodum
1476 2877 1618 2930 enim
1643 2876 1860 2945 capiunt

290 2982 355 3021 ea
382 2983 503 3037 qua:
530 2982 625 3037 per
654 2967 844 3022 Filium
876 2968 1014 3023 facta
1045 2976 1189 3033 sunt,
1223 2982 1380 3022 nosse
1416 2983 1536 3022 eum
1574 2982 1667 3036 per
1699 2981 1855 3036 quem

290 3071 348 3116 et
376 3061 517 3116 facta
551 3061 714 3115 sunt?
759 3060 816 3115 Si
859 3061 1020 3127 igitur
1047 3061 1332 3131 imaginem
1359 3065 1480 3115 ~non
1514 3059 1623 3114 nati
1664 3069 1855 3114 natura

290 3167 404 3207 non
442 3151 683 3221 pervenit
714 3165 893 3217 nosse,
922 3152 1367 3220 quemadmodum
1403 3151 1572 3221 ipsum
1596 3150 1857 3220 principa-

1966 1959 2069 2016 vis.
2103 1960 2158 2014 Si
2186 1973 2361 2017 autem
2402 1965 2667 2033 praaterid
2706 1966 2844 2035 quod
2879 1966 2993 2020 vult
3020 1968 3400 2032 ,honoraveris,
3434 1971 3531 2026 bo-

1965 2065 2067 2105 nor
2090 2060 2212 2106 tuus
2240 2053 2305 2107 ad
2328 2055 2712 2109 contumeliam
2747 2067 3111 2113 convertetur.
3152 2059 3208 2113 Si
3240 2060 3532 2118 intereme-

1965 2144 2039 2197 ris
2069 2142 2184 2212 ejus
2211 2144 2449 2211 Patrem,
2482 2162 2588 2202 non
2623 2146 2898 2202 honorasti
2922 2149 3250 2218 progeniem.
3282 2149 3339 2204 Si
3367 2151 3533 2206 inter-

1963 2237 2160 2291 emeris
2198 2236 2418 2299 Filium,
2460 2254 2567 2293 non
2609 2237 2862 2294 dimisisti
2899 2238 3114 2294 Patrem
3148 2241 3213 2293 in
3244 2240 3529 2295 honorem.

1966 2326 2022 2381 Si
2057 2327 2196 2381 enim
2244 2342 2348 2381 non
2384 2327 2584 2382 dixeris
2625 2336 2829 2397 patrem
2868 2328 3102 2393 Patrem,
3135 2339 3188 2385 et
3220 2328 3409 2384 Filium
3440 2329 3532 2384 Fi-

1962 2419 2112 2484 lium,
2170 2434 2344 2490 neque
2398 2419 2609 2474 Patrem
2641 2437 2813 2491 neque
2870 2421 3064 2476 Filium
3102 2422 3394 2477 conﬁteris.
3428 2422 3529 2489 Qui

1959 2509 2102 2564 enim
2138 2510 2250 2566 hzec
2282 2511 2435 2576 dicit,
2469 2512 2589 2566 sine
2641 2512 2752 2566 Deo
2806 2521 2907 2568 est.
2943 2512 2998 2567 Si
3028 2513 3172 2568 enim
3228 2513 3388 2568 Pater
3421 2528 3529 2567 non

1962 2611 2045 2656 est
2070 2596 2271 2666 Pater,
2329 2603 2442 2673 ipse
2480 2605 2622 2658 enim
2655 2603 2820 2659 Filius
2862 2614 2921 2659 ut
2965 2606 3074 2670 ais;
3124 2606 3319 2661 iterum
3361 2604 3530 2661 Filius

1959 2707 2064 2747 non
2101 2702 2185 2748 est
2207 2693 2393 2759 Filius,
2430 2695 2543 2764 ipse
2590 2694 2732 2750 enim
2765 2704 2818 2751 et
2851 2695 3014 2751 Pater
3044 2696 3203 2752 Pater
3230 2706 3314 2751 est
3353 2708 3412 2750 ut
3442 2696 3528 2749 di-

1958 2785 2038 2840 cis
2069 2784 2203 2856 (94).
2247 2784 2506 2855 Sequitur
2527 2786 2844 2854 periculum,
2876 2796 2935 2841 ut
2970 2802 3143 2857 neque
3172 2787 3335 2841 Pater
3368 2787 3529 2842 Pater

1959 2875 2051 2941 sit,
2097 2890 2271 2944 neque
2300 2874 2468 2931 Filius
2520 2875 2711 2942 Filius,
2767 2886 2821 2931 et
2871 2877 2998 2947 quid
3040 2876 3385 2932 tenebimus?
3422 2876 3527 2931 Sed

1956 2967 2119 3022 Pater
2144 2966 2302 3023 Pater
2321 2982 2449 3023 vere
2476 2975 2579 3030 est,
2615 2982 2718 3023 non
2753 2982 2919 3022 vacua
2949 2982 3050 3022 vox
3080 2966 3173 3022 sed
3208 2976 3396 3021 natura
3429 2980 3527 3021 ve-

1956 3057 2151 3112 ritatis.
2188 3057 2305 3112 Non
2342 3073 2513 3112 vanus
2542 3073 2744 3120 sermo,
2769 3058 2862 3113 sed
2890 3072 3051 3113 verus
3093 3057 3256 3113 Deus.
3286 3057 3403 3113 Non
3433 3058 3527 3129 qui

1957 3148 2177 3212 dicitur,
2208 3148 2301 3203 sed
2324 3148 2372 3203 is
2404 3148 2495 3218 qui
2519 3158 2602 3203 est
2630 3166 2645 3203 :
2678 3164 2782 3202 non
2805 3162 2871 3201 ex
2908 3148 2992 3202 his
3020 3162 3140 3219 quae
3168 3149 3397 3203 dicimus
3428 3148 3527 3203 Iin-

288 3244 399 3299 lem
432 3244 543 3315 (92)
572 3245 1030 3314 comprehendere
1064 3243 1185 3311 quis
1216 3253 1393 3314 potest
1420 3255 1479 3298 ut
1505 3243 1683 3298 norit?
1718 3242 1856 3298 Sunt
1880 3239 1927 3304 C
1956 3239 2118 3307 gitur,
2170 3239 2263 3293 sed
2301 3239 2445 3309 quod
2473 3246 2557 3292 est
2584 3240 2915 3309 agnoscitur.
2964 3238 3124 3292 Pater
3165 3238 3308 3292 enim
3350 3251 3527 3308 neque

289 3338 479 3407 itaque
515 3336 759 3407 quautam
794 3336 950 3390 nobis
979 3335 1224 3401 dicenda,
1258 3344 1382 3390 sunt
1427 3342 1481 3389 et
1504 3335 1762 3405 quaedam.
1785 3333 1859 3389 si-

286 3431 458 3487 lentio
487 3432 728 3486 colenda.
770 3430 907 3485 Sunt
944 3428 1185 3498 quazdam
1217 3428 1270 3483 in
1300 3428 1542 3497 cogitatu
1571 3426 1853 3492 movenda,

286 3530 418 3581 sunt
454 3521 696 3591 quaedam
717 3529 771 3574 et
795 3522 1138 3575 veneratione
1171 3535 1275 3575 non
1305 3521 1588 3577 movenda.
1627 3518 1763 3573 Sunt
1787 3518 1856 3574 de

274 3614 483 3683 quibus
527 3612 778 3667 convenit
823 3611 937 3681 sapi
980 3629 993 3665 :
1038 3620 1162 3665 sunt
1207 3619 1263 3665 et
1306 3612 1371 3666 de
1412 3611 1607 3681 quibus
1645 3620 1855 3682 oportet

284 3705 495 3774 paveri.
520 3701 658 3757 Sunt
695 3718 813 3772 quae
835 3712 1058 3771 possunt
1096 3702 1275 3771 lingua
1301 3702 1647 3771 interpretari
1681 3721 1693 3756 :
1729 3712 1854 3757 sunt

271 3807 343 3850 et
379 3809 499 3864 qua:
524 3803 749 3864 possunt
784 3792 1033 3863 religiose
1072 3793 1259 3846 taceri.
1299 3792 1471 3846 Dicito
1509 3807 1663 3855 sane,
1705 3793 1853 3848 Unus

286 3888 433 3943 Deus
457 3901 484 3937 a
515 3901 621 3955 quo
669 3893 795 3940 sunt
825 3885 1022 3946 omnia,
1054 3894 1107 3939 et
1150 3883 1323 3937 nullus
1349 3884 1543 3953 poterit
1567 3884 1853 3953 reprehen-

284 3980 435 4033 dere.
465 3977 520 4031 Si
549 3987 724 4031 autem
746 3985 799 4030 et
823 3974 1221 4044 reprehenderit
1244 3974 1380 4043 quis,
1410 3989 1512 4027 non
1541 3985 1589 4027 te
1613 3975 1701 4028 sed
1728 3989 1849 4028 eum

272 4068 380 4139 qui
408 4067 644 4137 scripsit.
679 4066 735 4121 Si
776 4078 953 4121 autem
984 4079 1036 4123 et
1076 4066 1295 4120 Paulum
1320 4066 1409 4134 qui
1444 4066 1659 4133 scripsit
1690 4064 1849 4117 audet

284 4161 411 4231 quis
436 4160 850 4229 reprehendere,
880 4176 985 4213 non
1018 4159 1260 4223 Paulum,
1291 4159 1384 4213 sed
1420 4174 1543 4221 eum
1576 4158 1664 4225 qui
1703 4172 1846 4211 sem-

272 4264 383 4320 per
418 4250 471 4303 in
502 4263 623 4304 eum
666 4247 778 4317 (95)
815 4251 1021 4303 locutus
1066 4259 1149 4303 est
1185 4248 1433 4303 Christus
1481 4245 1843 4316 reprehendit.

282 4342 342 4395 Si
368 4349 548 4393 autem
572 4337 770 4393 Christi
802 4338 961 4392 verba
994 4339 1385 4408 reprehendere
1410 4335 1531 4404 quis
1554 4334 1713 4388 fuerit
1751 4350 1847 4387 au-

280 4448 400 4496 sus,
429 4432 542 4501 ipse
567 4432 702 4484 dixit
731 4430 978 4484 Christus
1026 4449 1040 4484 :
1075 4429 1203 4495 Quae
1251 4445 1341 4497 ego
1376 4429 1563 4498 loquor
1594 4443 1696 4479 non
1724 4433 1845 4478 sunt

270 4541 418 4587 mea,
460 4525 549 4577 sed
574 4522 734 4577 Pater
765 4525 850 4593 qui
872 4523 1009 4575 misit
1045 4539 1145 4585 me,
1174 4522 1281 4590 ipse
1311 4522 1541 4591 loquitur
1566 4536 1667 4587 per.
1680 4536 1757 4572 me
1775 4519 1840 4571 “.

283 4615 495 4671 Etenim
534 4629 705 4681 neque
744 4613 968 4683 gentiles
1002 4628 1205 4677 sumus,
1250 4627 1422 4682 neque
1445 4610 1636 4675 Judaei,
1672 4625 1845 4678 neque

283 4708 547 4763 haeretici.
587 4707 825 4763 Gentiles
856 4708 995 4761 enim
1028 4720 1132 4760 non
1172 4721 1375 4770 sumus,
1419 4705 1544 4774 quia
1578 4719 1681 4758 non
1713 4704 1846 4758 dici—

284 4816 402 4854 mus
427 4799 575 4853 deos.
603 4798 769 4852 Judzei
796 4813 899 4852 non
925 4811 1130 4860 smnus,
1155 4797 1274 4865 quia
1303 4807 1355 4850 et
1376 4796 1648 4852 Christum
1675 4796 1840 4850 Deum

272 4888 619 4943 conﬁtemur.
673 4885 919 4940 Ilmretici
954 4896 1132 4940 autem
1167 4887 1284 4939 ideo
1326 4902 1428 4939 non
1474 4900 1682 4948 sumus,
1718 4887 1843 4954 quia

272 4978 605 5033 confitemur
634 4978 793 5032 istum
834 4992 952 5031 esse
980 4975 1070 5046 qui
1115 4974 1281 5039 venit,
1312 4990 1471 5043 quem
1506 4973 1841 5043 praeveniens

284 5070 449 5123 Vetus
478 5068 878 5122 Testamentum
922 5083 1016 5138 per
1047 5070 1332 5137 prophetas
1378 5066 1686 5134 prmdicavit
1716 5080 1843 5117 ven-

279 5169 482 5215 turum.
525 5158 582 5213 Si
615 5158 735 5227 quis
765 5158 904 5212 enim
941 5157 1172 5212 noluerit
1212 5157 1379 5220 litem,
1432 5170 1565 5223 opus
1600 5170 1701 5208 non
1742 5159 1840 5209 ba-

279 5254 392 5308 bet.
437 5250 532 5305 Est
559 5253 802 5320 quttedam
861 5250 1121 5305 dubitatio
1180 5250 1318 5304 inter
1370 5248 1564 5303 fratres
1611 5267 1625 5303 :
1671 5249 1844 5318 primo

274 5358 402 5398 cum
440 5342 703 5397 charitate
735 5351 1028 5411 qumratur,
1055 5352 1115 5394 ιιι
1139 5341 1277 5395 inter
1312 5340 1523 5394 fratres.
1556 5339 1668 5393 Non
1699 5340 1841 5393 enim

278 5433 635 5490 dissensionis
680 5442 762 5489 est
799 5434 938 5487 Deus
982 5443 1076 5487 aut
1126 5434 1239 5501 iraa,
1276 5435 1365 5488 sed
1410 5433 1557 5502 pacis
1587 5433 1632 5464 ⁹²
1668 5451 1681 5487 :
1716 5432 1843 5500 quia

1956 3351 2021 3391 ex
2050 3336 2177 3400 alio,
2201 3351 2375 3406 neque
2400 3351 2494 3406 per
2533 3336 2717 3402 alium,
2750 3352 2923 3408 neque
2960 3336 3126 3401 aliud,
3159 3338 3249 3392 sed
3294 3337 3413 3407 ipse
3440 3343 3527 3391 est

1955 3430 2046 3496 qui
2071 3437 2171 3484 est.
2212 3428 2374 3485 Forte
2403 3431 2547 3486 enim
2598 3440 2652 3487 et
2677 3447 2742 3486 ex
2780 3431 3069 3500 semetipso
3101 3438 3156 3484 et
3193 3444 3290 3499 per
3321 3437 3526 3483 semet-

1955 3521 2165 3591 ipsum;
2192 3522 2347 3579 nobis
2374 3524 2770 3595 quodammodo
2801 3523 3129 3579 conveniens
3155 3531 3238 3577 est
3265 3536 3445 3577 sermo
3464 3530 3525 3575 ut

1955 3612 2187 3669 dicatur.
2227 3612 2465 3669 Necdum
2524 3624 2701 3670 tamen
2746 3615 2836 3669 illa
2882 3614 3270 3683 interpretatur
3308 3622 3520 3666 natura.

1952 3700 2062 3756 Nos
2081 3702 2225 3756 enim
2248 3712 2305 3757 ut
2331 3718 2435 3757 non
2470 3713 2739 3759 taceamus
2762 3704 2881 3759 ideo
2907 3704 3155 3758 dicimus.
3183 3702 3320 3770 Quid
3341 3713 3522 3756 autem

1952 3800 2034 3847 est
2063 3791 2204 3847 Deus
2242 3807 2348 3846 non
2383 3792 2842 3862 interpretamur:
2878 3790 3006 3860 quid
3033 3789 3178 3845 enim
3222 3790 3410 3843 borum
3442 3789 3525 3841 in-

1955 3884 2271 3951 terpretatio
2305 3891 2389 3938 est
2422 3882 2540 3946 Dei,
2576 3884 2692 3937 sine
2725 3883 2900 3946 initio,
2942 3896 3046 3933 non
3085 3888 3264 3942 natus,
3301 3880 3523 3931 immor-

1953 3974 2096 4041 talis,
2133 3976 2495 4042 incorruptus,
2527 3974 2900 4036 immutabilis,
2934 3972 3244 4035 immobilis,
3278 3971 3519 4022 inacces-

1950 4065 2144 4128 sibilis,
2178 4065 2577 4128 inenarrabilis,
2628 4061 3227 4133 incomprehensibilis?
3261 4060 3365 4113 Per
3405 4059 3520 4112 haec

1949 4171 2079 4227 ergo
2106 4158 2285 4212 omnia
2338 4172 2444 4211 non
2473 4167 2554 4211 est
2581 4156 2786 4210 dictum
2834 4155 2961 4223 quid
2997 4163 3100 4217 est,
3127 4153 3218 4206 sed
3245 4150 3373 4220 quid
3410 4162 3515 4201 non

1949 4259 2032 4304 est
2075 4265 2092 4304 :
2130 4249 2277 4303 velut
2327 4249 2372 4303 si
2396 4250 2519 4319 quis
2548 4247 2895 4316 interpretari
2931 4260 3037 4299 non
3072 4243 3339 4298 sulliciens
3372 4239 3517 4309 quod

1947 4349 2033 4395 est
2073 4340 2273 4404 lumen,
2325 4339 2470 4394 dicat
2498 4339 2639 4407 quod
2672 4352 2775 4391 non
2811 4346 2893 4391 est
2928 4336 3294 4388 tenebrosum.
3328 4330 3517 4383 Dicere

1948 4442 2127 4487 autem
2154 4432 2293 4502 quod
2319 4432 2656 4485 tenebrosum
2688 4436 2914 4492 nonest,
2952 4440 3055 4478 non
3091 4422 3262 4477 solum
3294 4434 3395 4472 non
3421 4433 3516 4472 ex-

1951 4526 2124 4579 hibuit
2148 4535 2396 4578 naturam
2430 4520 2669 4584 lmninis,
2705 4522 2796 4573 sed
2826 4527 2881 4572 et
2908 4517 3077 4585 magis
3111 4515 3344 4582 ipsarum
3373 4518 3515 4562 tene-

1949 4617 2165 4669 brarum
2208 4622 2453 4667 naturam
2488 4611 2724 4681 negavit.
2769 4606 3093 4663 Immortalis
3120 4603 3262 4657 enim
3294 4602 3510 4665 dicitur,

1946 4708 2070 4775 quia
2103 4722 2207 4760 non
2231 4706 2513 4767 morietur,
2547 4713 2600 4758 et
2627 4704 2967 4769 incorruptus
2997 4699 3120 4768 quia
3150 4712 3253 4751 non
3277 4709 3514 4751 corrum-

1945 4799 2107 4865 pitur.
2138 4794 2255 4849 Non
2299 4807 2475 4858 natus,
2518 4793 2608 4862 qui
2634 4792 2844 4845 initium
2874 4805 2983 4869 non
3014 4788 3193 4842 habet.
3232 4786 3353 4838 Haec
3390 4797 3511 4836 om-

1944 4888 2030 4941 nia
2063 4902 2166 4940 uon
2198 4884 2327 4955 quid
2361 4893 2443 4938 est
2481 4884 2620 4938 Deus
2651 4882 2803 4946 dicit,
2852 4881 2946 4937 sed
2995 4879 3121 4949 quid
3153 4893 3257 4931 non
3282 4883 3384 4933 est.
3431 4871 3507 4926 Ita

1942 4994 2041 5048 per
2074 4992 2137 5031 ea
2171 4992 2289 5047 quae
2322 4977 2552 5031 dicimus
2591 4976 2709 5031 sine
2742 4972 3186 5043 interpretatione
3225 4983 3346 5022 eum
3375 4980 3508 5020 con-

1940 5071 2173 5127 (itemur.
2210 5070 2268 5124 Si
2305 5070 2597 5123 dixerimus
2626 5081 2747 5122 eum
2775 5068 2977 5121 fontem
3016 5061 3281 5121 veritatis,
3317 5072 3508 5113 nomen

1940 5161 2220 5215 veritatem
2245 5175 2351 5215 non
2377 5159 2615 5214 exhibet.
2659 5156 2764 5213 Sed
2791 5158 2915 5225 quia
2943 5170 3048 5209 non
3073 5152 3331 5205 habemus
3366 5145 3508 5215 quod

1938 5253 2204 5317 dicamus,
2248 5267 2315 5307 ex
2371 5253 2455 5306 his
2501 5267 2621 5321 quze
2672 5252 2931 5304 habemus
2970 5245 3237 5305 dicamus,
3285 5239 3506 5292 mutuati

1940 5343 2130 5396 alienis
2164 5342 2471 5396 nominibus
2509 5342 2621 5413 (95)
2656 5343 2855 5395 utimur
2891 5352 2904 5389 :
2948 5336 3067 5388 fons
3089 5332 3231 5386 enim
3259 5328 3496 5394 agnosci~

1942 5444 2029 5488 tur
2068 5434 2207 5489 unde
2238 5443 2341 5498 est,
2376 5433 2513 5487 Deus
2543 5441 2721 5485 autem
2759 5443 2864 5482 non
2903 5425 3065 5481 habet
3093 5422 3263 5485 unde;
3297 5427 3351 5472 et
3391 5417 3508 5470 fons

348 5622 391 5653 ⁸⁷
420 5620 521 5677 lsa.
550 5637 667 5687 LIII,
694 5623 748 5678 8.
825 5619 870 5652 ⁸⁸
904 5619 920 5674 ι
946 5620 1068 5675 Cor.
1096 5635 1214 5684 vui,
1238 5630 1289 5676 ι).
1365 5620 1408 5699 δέ
1439 5619 1630 5673 Matth.
1660 5635 1738 5681 XI,
1764 5618 1852 5675 Ἦ.

1959 5622 1973 5653 θ
2006 5619 2133 5675 ibid.
2210 5619 2253 5650 ⁹¹
2277 5617 2433 5673 Joan.
2459 5631 2558 5681 xu,
2585 5615 2675 5669 49.
2750 5615 2794 5647 θ’
2819 5615 2839 5666 1
2864 5613 2989 5667 Cor.
3031 5625 3142 5673 xw,
3167 5608 3258 5664 '55.

349 5736 459 5809 (92)
496 5735 863 5806 Principalem,
891 5737 1212 5809 ἀρχέτυπον.

350 5808 461 5880 (95)
493 5809 555 5861 In
571 5826 709 5871 eum,
744 5824 839 5874 pro
865 5810 917 5862 in
938 5826 1018 5863 eo.
1063 5809 1101 5860 ll
1129 5810 1252 5880 Cor.
1283 5823 1399 5871 xm,
1428 5808 1489 5861 ἃς
1521 5808 1597 5861 An
1632 5808 1836 5872 experi-

277 5879 507 5935 mentum
535 5880 769 5948 qua’ritis
798 5880 908 5949 ejus
943 5880 1028 5949 qui
1058 5880 1108 5933 in
1133 5895 1211 5933 me
1236 5879 1465 5948 loquitur
1499 5880 1773 5933 Christus?

2011 5736 2120 5811 (9.5)
2275 5736 2339 5811 Et
2375 5733 2532 5811 Pater
2557 5742 2652 5811 est,
2685 5742 2738 5811 ut
2760 5730 2919 5810 diris.
2967 5798 2977 5808 _

2154 5807 2250 5862 Ms.
2284 5805 2542 5858 Mutuatis
2571 5803 2754 5856 alienis
2781 5797 3095 5853 nonciuibus.
