3956 6512
571 442 707 499 1065

1268 437 1531 493 EUSEBII
1569 430 2034 493 CESARIENSIS
2069 436 2219 494 OPP.
2260 432 2440 491 PARS
2474 427 2567 493 ιν.
2607 467 2675 477 -
2709 426 3131 491 DOGMATICA.

3657 430 3773 491 1061

562 570 777 615 meatus
802 572 961 627 supra
994 565 1199 611 meatus
1222 555 1467 618 effundit,
1498 556 1634 609 Dens
1660 564 1835 617 autem
1860 555 1911 607 in
1935 554 2132 623 eoipso
2160 559 2205 613 Α
2231 570 2389 623 quem
2430 563 2554 607 sunt
2595 562 2807 608 cuncta.
2852 551 2963 605 Non
2992 561 3074 606 est
3101 568 3262 605 unum
3303 565 3372 606 ex
3420 552 3678 617 omnibus,
3700 561 3773 611 sed

558 652 706 721 quod
738 660 820 704 est
856 658 1037 703 manet
1064 666 1077 702 :
1115 662 1285 706 neque
1309 648 1452 700 enim
1490 663 1587 699 vox
1613 646 1940 700 conveniens
1975 648 2126 701 inve-

564 745 732 808 nitur,
763 754 934 809 neque
980 740 1315 808 comparatio
1360 739 1678 806 perveniens
1709 740 1775 791 ad
1807 738 1950 790 illam
1977 749 2132 791 natu-

561 850 679 887 ram
705 851 721 888 :
753 833 846 888 sed
871 844 927 885 ut
951 847 1054 885 non
1083 842 1353 884 taceamus
1376 829 1687 896 colligentes
1707 845 1825 899 quae
1842 830 2131 893 habemus;
2172 874 2181 883 .

560 942 684 979 cum
717 935 895 978 autem
930 924 1111 977 omnia
1140 922 1453 983 dixerimus,
1494 932 1621 976 tunc
1656 921 1980 976 confitemur
2009 922 2131 989 quia

556 1034 680 1087 qua:
706 1018 941 1072 dicimus
996 1016 1126 1070 nihil
1178 1013 1429 1068 differunt
1467 1029 1497 1067 a
1540 1014 1928 1068 taciturnitate.
1975 1012 2136 1068 Pater

559 1127 629 1163 ex
658 1125 723 1164 eo
775 1109 1091 1177 agnoscitur
1132 1106 1299 1177 figura
1332 1106 1473 1175 quod
1508 1116 1589 1159 est
1632 1121 1735 1159 non
1766 1116 1942 1159 natus.
1985 1104 2137 1160 Unus

558 1202 703 1256 enim
729 1210 810 1256 est
841 1202 975 1269 ipse,
1008 1200 1099 1268 qui
1132 1214 1235 1252 non
1260 1207 1343 1252 est
1377 1200 1443 1251 ah
1474 1197 1580 1251 alio
1626 1216 1639 1251 :
1676 1214 1813 1251 unus
1850 1208 1931 1267 est
1956 1199 2045 1268 qui
2069 1215 2135 1254 ex

559 1308 625 1345 eo
652 1293 793 1361 quod
820 1307 925 1345 non
950 1302 1105 1344 natus
1133 1300 1217 1344 est
1238 1290 1566 1359 agnoscitur.
1595 1287 1709 1341 Non
1744 1288 1911 1344 frater
1931 1290 2001 1355 ei,
2032 1304 2136 1343 non

560 1382 724 1438 Pater
752 1383 956 1446 Patris,
1005 1384 1099 1437 sed
1154 1381 1443 1450 singularis
1496 1391 1686 1433 natura
1735 1392 1860 1434 est:
1910 1381 2045 1435 etin
2074 1396 2137 1435 ea

563 1477 707 1545 quod
745 1491 848 1529 non
884 1486 1044 1528 natus
1080 1485 1181 1539 est,
1210 1488 1335 1526 vere
1363 1472 1509 1527 solus
1542 1474 1870 1538 ostenditur,
1905 1489 2010 1527 non
2040 1489 2137 1526 na-

564 1580 653 1622 tus
694 1568 851 1621 Pater
886 1586 898 1622 :
947 1569 1014 1621 ab
1067 1567 1167 1621 hoc
1209 1579 1338 1620 sane
1374 1583 1479 1621 non
1529 1576 1659 1621 nato
1703 1576 1954 1620 manente
1993 1566 2140 1634 quod

564 1672 651 1715 est
701 1660 987 1723 indivisus,
1042 1658 1325 1724 inscissus,
1382 1658 1713 1727 impartitus,
1774 1658 2137 1727 impassibilis,

564 1752 879 1823 unigenitus
916 1762 1003 1807 est
1032 1749 1200 1805 Filius
1232 1763 1390 1805 natus
1420 1768 1435 1805 :
1463 1766 1635 1821 neque
1658 1751 1795 1805 alius
1815 1761 1895 1805 est
1919 1766 2022 1805 non
2054 1766 2143 1804 na-

567 1854 674 1909 tus,
725 1860 898 1914 neque
935 1844 1071 1898 alius
1122 1844 1467 1914 unigenitus;
1522 1847 1615 1899 sed
1656 1860 1796 1898 unus
1839 1859 1942 1898 non
1989 1854 2143 1897 natus

565 1936 748 2003 Pater,
781 1947 837 1991 et
868 1952 1008 1991 unus
1036 1936 1345 2005 unigenitus
1362 1936 1551 1990 Filius.
1583 1936 1702 1989 llr/ee
1728 1952 1831 1990 non
1856 1953 1952 1989 nos
1984 1937 2144 1991 extol-

566 2029 702 2092 lunt,
751 2028 1010 2080 memoria
1044 2026 1187 2080 illius
1237 2028 1375 2080 beati
1412 2028 1533 2081 viri.
1572 2027 1787 2082 Utinam
1842 2039 2017 2082 autem
2073 2030 2143 2082 ita

565 2118 768 2183 possim
801 2116 999 2182 dicere,
1024 2127 1085 2170 ut
1115 2116 1389 2171 vobiscum
1418 2132 1630 2186 semper
1652 2118 1719 2169 ah
1747 2118 1935 2172 eodem
1962 2118 2145 2173 audie-

566 2207 710 2260 bam.
757 2206 863 2261 Sed
909 2223 973 2260 ea
1000 2223 1118 2277 qua:
1156 2223 1298 2261 nunc
1327 2208 1602 2272 dicuntur,
1641 2209 1713 2261 illi
1749 2209 1942 2278 placita
1982 2210 2145 2264 fuisse

568 2299 841 2352 videntur.
886 2298 1067 2353 Gloria
1108 2300 1252 2353 enim
1278 2311 1361 2355 est
1386 2300 1675 2368 proborum
1708 2317 1986 2355 servorum
2016 2318 2141 2357 vera

567 2389 633 2443 de
664 2389 889 2443 Domino
916 2389 1095 2443 dicere
1121 2406 1134 2442 :
1165 2398 1221 2443 et
1252 2390 1423 2443 honor
1444 2406 1630 2444 eorum
1658 2403 1868 2460 patrum
1894 2393 1982 2460 qui
2007 2392 2144 2446 bene

567 2481 892 2543 docuerunt,
918 2481 960 2535 si
996 2492 1312 2550 repetantur
1341 2499 1527 2537 eorum
1564 2485 1838 2538 doctrinae.
1866 2483 2017 2539 Unus
2041 2486 2142 2555 igi-

570 2582 661 2625 tur
700 2581 783 2626 est
816 2588 923 2627 non
954 2584 1114 2655 natus
1141 2574 1281 2628 Deus
1319 2592 1331 2629 :
1373 2591 1525 2628 serva
1560 2574 1668 2645 (96)
1702 2593 1805 2629 non
1833 2586 1992 2630 natus
2017 2592 2139 2632 cum

571 2664 753 2731 Patre,
789 2676 844 2720 et
876 2682 981 2720 non
1007 2668 1229 2722 habebis
1256 2668 1308 2721 in
1340 2670 1521 2722 anima
1546 2668 1911 2723 confusionem
1944 2685 2139 2724 :serva

572 2756 880 2825 unigenitus
919 2772 1039 2810 cum
1070 2756 1222 2823 Filio,
1250 2767 1301 2812 et
1330 2773 1434 2811 non
1465 2758 1785 2841 turbaberis,
1840 2773 2010 2825 neque
2028 2758 2140 2827 jam

570 2852 681 2905 eris
705 2849 944 2904 incertus
981 2852 1433 2919 quemadmodum
1468 2850 1605 2904 Dens
1654 2860 1706 2902 et
1740 2849 1900 2915 Deus,
1936 2861 1991 2905 et
2034 2867 2140 2906 non

578 2939 693 2994 Dei.
734 2939 871 3007 Quia
925 2943 1071 2995 enim
1109 2940 1309 2994 retines
1333 2956 1471 2994 unus
1508 2940 1648 2995 Deus
1692 2956 1796 2994 non
1853 2952 2032 3006 natus,
2087 2952 2142 2997 et

574 3044 711 3083 unus
742 3032 880 3085 Deus
906 3031 1255 3101 unigenitus;
1286 3032 1402 3086 ideo
1428 3047 1531 3085 non
1556 3032 1652 3094 dii,
1676 3033 1799 3101 quia
1832 3048 2007 3102 neque
2036 3049 2139 3088 non

574 3122 716 3185 nati,
748 3136 920 3191 neque
958 3124 1216 3193 unigeniti
1253 3140 1267 3176 :
1308 3138 1465 3177 serva
1514 3123 1740 3192 figuram
1778 3139 1880 3177 non
1914 3125 2042 3186 nati.
2086 3136 2141 3179 et

2232 663 2327 715 per
2346 662 2506 715 quem
2532 654 2658 700 sunt
2701 646 2882 699 omnia
2908 664 2925 699 ~:
2961 645 3075 713 ipse
3097 659 3125 696 a
3153 642 3312 698 Patre
3362 644 3531 699 habet
3557 649 3687 714 quod
3711 660 3776 702 est

2232 738 2404 792 limares
2439 756 2452 791 :
2484 753 2585 791 non
2615 748 2696 791 est
2730 754 2793 792 ex
2827 739 3159 791 Increditate.
3185 736 3494 791 Consessor
3514 753 3615 791 non
3632 751 3774 795 estex

2234 830 2439 900 angelis
2471 830 2561 899 qui
2595 830 2830 895 adstant,
2879 844 3053 896 neque
3092 846 3157 884 ex
3201 830 3549 899 archangelis
3584 848 3598 883 :
3642 832 3774 895 iudex

2234 924 2471 977 omnium
2502 938 2603 975 non
2630 932 2713 977 est
2747 939 2882 978 unus
2911 940 2977 978 ex
3008 924 3089 977 his
3129 923 3217 991 qui
3251 921 3588 991 iudicantur.
3622 922 3689 977 Ne
3714 935 3779 975 at-

2237 1020 2423 1073 trahas
2463 1032 2707 1073 naturam
2748 1036 2870 1090 qua:
2913 1036 3016 1074 non
3051 1020 3280 1080 accedit,
3333 1032 3513 1087 neque
3548 1018 3801 1093 pervenit.l

2236 1109 2404 1177 Quem
2431 1126 2496 1165 ex
2537 1112 2637 1166 hoc
2672 1111 2926 1165 debemus
2953 1126 3146 1176 nosse;
3187 1110 3317 1179 quia
3352 1110 3706 1178 unusquisque
3724 1119 3777 1163 ex

2242 1203 2323 1257 his
2366 1218 2484 1271 qua:
2527 1205 2676 1266 dicit,
2740 1215 2831 1257 aut
2887 1204 3201 1273 sibimetipsi
3245 1203 3474 1271 prodest
3510 1214 3600 1256 aut
3642 1202 3775 1255 laedit.

2240 1293 2345 1347 Res
2388 1296 2527 1349 enim
2559 1312 2622 1350 ex
2658 1297 2857 1350 nostris
2909 1297 3241 1350 sermonibus
3285 1311 3395 1348 non
3439 1293 3773 1349 transferetur.

2240 1385 2372 1451 Quia
2404 1387 2561 1455 igitur
2598 1385 2765 1441 Judaei
2797 1402 2898 1440 non
2944 1388 3265 1441 confitentur
3299 1386 3521 1447 Filium,
3559 1400 3657 1438 non
3680 1384 3777 1437 ideo

2243 1496 2345 1533 non
2373 1489 2453 1533 est
2480 1477 2666 1533 Filius.
2702 1477 2967 1533 Judicabit
3003 1480 3145 1534 enim
3168 1492 3262 1533 eos
3288 1477 3386 1547 qui
3418 1491 3523 1531 non
3553 1474 3775 1532 conﬁteri:

2246 1580 2330 1624 tur
2355 1586 2477 1624 eum
2510 1588 2524 1624 :
2554 1570 2677 1637 quia
2712 1570 2925 1638 quidem
2967 1584 3160 1623 n0vum
3187 1568 3333 1622 istud
3363 1566 3773 1635 sacriiegiuminb

2247 1664 2596 1719 troduxerunt
2621 1663 2880 1724 dicentes,
2933 1664 3180 1718 eumdem
3226 1662 3407 1730 ipsum
3437 1674 3557 1714 esse
3594 1658 3772 1712 Patrem

2245 1770 2402 1825 quem
2428 1767 2482 1810 et
2509 1754 2703 1808 Filium
2739 1772 2753 1809 :
2795 1770 2967 1820 neque
2996 1753 3206 1809 Patrem
3230 1753 3454 1807 Patrem
3488 1753 3669 1814 dicent,
3701 1768 3773 1805 ne-

2247 1860 2351 1914 que
2373 1845 2563 1899 Filium
2596 1845 2791 1899 Filium
2819 1864 2830 1899 :
2871 1845 2961 1897 sed
2992 1844 3288 1899 secundum
3320 1844 3559 1912 ipsorum
3587 1842 3772 1895 sacrile-

2245 1938 2385 2007 gium
2412 1936 2541 1990 nihil
2565 1951 2803 2003 prorsus.
2828 1934 2883 1989 Si
2900 1936 3042 1988 enim
3067 1934 3225 1988 Pater
3247 1949 3355 1987 non
3383 1944 3469 1988 est
3490 1933 3654 1997 Pater,
3673 1933 3771 2002 quia

2246 2028 2358 2097 ipse
2387 2035 2470 2081 est
2499 2037 2553 2081 et
2578 2025 2764 2089 Filius,
2810 2035 2868 2077 ut
2911 2025 3006 2092 ipsi
3039 2021 3389 2094 flagitantur;
3433 2033 3487 2077 et
3517 2020 3669 2074 Filius
3690 2036 3770 2073 non

2244 2118 2435 2181 Filius,
2458 2119 2580 2187 quia
2612 2119 2722 2186 ipse
2753 2127 2834 2170 est
2861 2114 3020 2169 Pater
3048 2128 3061 2168 ξ
3092 2130 3257 2183 prope
3284 2123 3372 2167 est
3415 2123 3475 2166 ut
3503 2114 3666 2166 dicant
3699 2126 3767 2165 ne-

2244 2226 2348 2281 que
2376 2209 2589 2264 Patrem
2615 2224 2757 2271 esse,
2791 2223 2963 2276 neque
2992 2205 3185 2260 Filium
3220 2224 3235 2259 :
3268 2213 3327 2259 ut
3361 2218 3524 2258 unum
3552 2201 3680 2257 enim
3707 2200 3769 2254 fa-

2242 2305 2383 2359 ciunt
2416 2303 2557 2370 quod
2587 2317 2691 2356 non
2729 2301 2804 2353 fit.
2843 2298 2974 2366 Quis
2998 2300 3139 2353 enim
3179 2294 3587 2367 poteritaudire
3630 2294 3767 2362 ipsum

2243 2412 2301 2451 se
2323 2396 2425 2451 sibi
2457 2410 2577 2449 esse
2620 2394 2875 2448 Patrem?
2913 2392 3034 2462 quis
3083 2393 3283 2462 poterit
3316 2388 3530 2444 Patrem
3558 2388 3705 2455 ipsum
3726 2399 3771 2437 se

2242 2489 2347 2545 sibi
2381 2504 2500 2544 esse
2550 2486 2781 2542 Filium?
2832 2484 2887 2540 Si
2936 2485 3080 2539 enim
3134 2483 3358 2537 voluero
3393 2490 3592 2535 mutare
3623 2493 3767 2532 vocem

2242 2598 2437 2645 meam,
2474 2598 2577 2635 non
2609 2589 2845 2634 mutatur
2869 2587 3102 2631 vestrum
3131 2575 3485 2645 propositum.
3515 2572 3678 2626 Nonne
3696 2584 3769 2637 pu-

2245 2678 2369 2730 tatis
2395 2691 2476 2727 me
2512 2674 2685 2727 aliena
2729 2670 2910 2739 loqui?
2939 2669 3124 2724 Dicam
3155 2682 3288 2737 ergo
3312 2667 3473 2721 Pater
3502 2679 3598 2718 non
3622 2660 3766 2719 Pater,

2241 2774 2297 2819 et
2325 2763 2493 2818 Filius
2536 2777 2639 2815 non
2666 2759 2853 2814 Filius.
2894 2758 3025 2812 Nam
3054 2767 3107 2812 et
3144 2757 3187 2811 si
3211 2758 3427 2818 dixero,
3463 2758 3571 2822 ipse
3594 2750 3679 2805 sibi
3706 2757 3769 2802 est

2242 2857 2421 2920 Pater,
2451 2865 2502 2908 et
2527 2856 2637 2924 ipse
2656 2854 2755 2907 sibi
2782 2862 2863 2905 est
2892 2851 3092 2915 Filius;
3121 2865 3303 2903 nonne
3332 2847 3595 2903 insaniam
3619 2843 3766 2898 statim

2242 2949 2545 3019 signiﬁcant
2570 2960 2846 3002 scrmones
2884 2944 3024 2997 mei?
3059 2942 3150 2996 sed
3182 2956 3269 2995 me
3314 2956 3419 2995 non
3457 2949 3646 2993 tantum
3678 2950 3767 2986 ιιιοο

2242 3050 2404 3095 veaut
2436 3039 2717 3093 adversum
2763 3052 2857 3091 eos
2886 3034 2974 3102 qui
3001 3033 3277 3094 dixerunt,
3336 3037 3586 3100 quantum
3627 3031 3769 3078 movet

2241 3140 2293 3184 et
2323 3128 2582 3182 adversus
2611 3141 2707 3180 eos
2738 3125 2828 3195 qui
2883 3122 3158 3193 patiuntur
3200 3138 3212 3173 :
3241 3120 3629 3175 calumniantur
3656 3115 3769 3169 enim

571 3212 831 3269 conﬁtere
861 3214 1085 3286 ﬁguram
1116 3215 1403 3286 unigeniti,
1454 3225 1511 3270 et
1549 3216 1688 3269 nulla
1740 3217 1948 3272 turbela
1974 3228 2055 3272 est
2086 3219 2137 3271 in
2169 3247 2211 3303 ο
2246 3218 2312 3272 ab
2358 3218 2547 3271 iisdem
2597 3224 2651 3269 et
2702 3214 3009 3282 Scriptum.
3068 3208 3180 3279 Ego
3220 3225 3237 3263 :
3271 3220 3399 3265 tene
3426 3208 3551 3278 Ego,
3582 3214 3769 3303 ctsetta

578 3306 777 3370 medio,
811 3323 916 3361 non
944 3307 1032 3372 lis,
1066 3323 1171 3362 non
1217 3310 1514 3375 contentio,
1547 3327 1653 3365 non
1680 3311 1935 3379 iurgium.
1984 3310 2146 3365 Pater

580 3411 685 3449 non
714 3397 814 3450 sibi
846 3398 1072 3453 ascribit
1119 3396 1333 3455 Patrem
1377 3416 1392 3457 :
1432 3400 1602 3455 Filius
1629 3418 1767 3455 unus
1794 3402 1895 3455 sibi
1930 3403 2151 3457 ascribit

578 3486 793 3542 Patrem
828 3507 841 3544 :
872 3489 1032 3545 Pater
1056 3507 1085 3545 a
1126 3491 1275 3547 nullo
1304 3503 1411 3557 est,
1445 3492 1612 3548 Filius
1642 3496 1709 3547 ab
1736 3510 1842 3548 uno
1866 3504 1947 3549 est
1969 3494 2148 3550 Patre.

578 3578 692 3634 Non
725 3583 1019 3651 suscipiunt
1050 3583 1163 3637 hate
1188 3584 1357 3649 litem,
1382 3596 1474 3639 aut
1496 3586 1697 3641 habent
1727 3585 2147 3641 dubitationem:

579 3672 646 3726 Ut
677 3686 991 3743 cognoscant
1027 3686 1073 3730 te
1116 3676 1283 3730 solum
1318 3695 1491 3732 verum
1544 3678 1711 3732 Deum
1737 3679 1783 3710 ”
1818 3698 1831 3732 :
1878 3696 1981 3734 non
2025 3682 2151 3750 quia

579 3782 684 3819 non
711 3781 834 3821 vere
854 3777 937 3821 est
966 3767 1268 3838 unigenitus
1295 3767 1464 3824 Filius
1486 3770 1599 3833 Dei,
1631 3773 1725 3826 sed
1750 3773 1873 3842 quia
1897 3788 1924 3824 a
1960 3783 2154 3827 semet-

577 3858 711 3926 ipso,
742 3868 796 3912 et
838 3875 902 3913 ex
935 3859 1244 3928 semetipso,
1274 3870 1327 3914 et
1369 3875 1463 3930 per
1488 3862 1854 3932 semetipsum,
1892 3864 1938 3916 si
1977 3873 2153 3917 tamen

577 3952 649 4003 ita
679 3952 785 4005 dici
812 3952 968 4006 debet
1000 3971 1012 4007 :
1048 3951 1167 4006 fons
1189 3962 1243 4007 et
1270 3952 1593 4021 principium
1618 3955 1859 4008 omnium
1893 3956 2152 4009 bonorum

576 4052 659 4095 est
698 4042 877 4107 Pater,
909 4045 999 4112 qui
1036 4046 1221 4115 genuit
1256 4044 1413 4099 talem
1445 4047 1637 4099 bonam
1688 4048 2014 4116 progeniem.
2050 4046 2155 4099 Bo-

582 4150 680 4187 nus
705 4137 847 4189 enim
884 4135 1051 4191 Filius
1074 4150 1179 4199 est,
1204 4137 1297 4192 sed
1322 4138 1462 4192 cedit
1493 4138 1786 4192 bonitatem
1818 4156 1917 4192 suo
1952 4142 2155 4209 genito-

579 4226 647 4287 ri,
676 4242 781 4279 non
808 4227 1073 4282 mentiens
1094 4229 1186 4282 sed
1208 4228 1382 4283 sciens
1403 4230 1544 4284 unde
1566 4239 1667 4283 est.
1698 4229 1825 4283 Sine
1855 4230 2117 4298 principio
2140 4252 2151 4286 :

577 4317 904 4386 principium
937 4330 1114 4374 autem
1143 4320 1262 4372 dico
1299 4336 1401 4373 non
1437 4330 1756 4390 temporum,
1792 4337 1895 4374 non
1935 4322 2154 4377 smculo-

583 4424 740 4475 rum;
776 4410 890 4465 base
926 4412 1068 4464 enim
1095 4426 1191 4479 per
1226 4410 1419 4465 Filiqu
1454 4412 1593 4467 facta
1625 4425 1770 4472 sunt,
1811 4424 1863 4467 et
1900 4430 2002 4466 non
2031 4430 2153 4468 cuin

580 4499 717 4555 Filio
781 4511 903 4555 nata
959 4520 973 4555 :
1034 4517 1139 4555 non
1207 4512 1414 4555 tantum
1487 4502 1630 4556 enim
1695 4519 1801 4556 non
1871 4512 1995 4559 ante
2066 4504 2155 4557 Fi-

578 4591 708 4645 lium
747 4634 765 4658 ,
816 4602 873 4645 ut
922 4593 967 4646 si
1022 4592 1180 4647 aliter
1234 4593 1361 4663 quid
1426 4593 1771 4648 introducere
1830 4609 1951 4646 cum
2014 4592 2150 4648 Filio
2184 4578 2228 4633 Ῑ)

579 4683 851 4746 volueris,
907 4699 1009 4737 non
1064 4685 1300 4738 salvabis
1378 4684 1759 4755 unigenitum,
1841 4686 1934 4739 sed
2009 4686 2150 4740 sicut

579 4774 739 4829 Pater
772 4774 918 4829 solus
967 4791 1070 4829 non
1121 4787 1278 4831 natus
1323 4788 1429 4842 est,
1476 4789 1531 4832 et
1591 4779 1635 4833 si
1693 4779 1896 4833 dixeris
1950 4776 2145 4833 Filium

579 4881 684 4920 non
741 4876 945 4931 natum,
986 4867 1306 4935 periclitari;
1373 4871 1437 4923 de
1488 4885 1552 4924 eo
1607 4872 1749 4939 quod
1804 4870 1938 4925 dicis
1988 4887 2003 4923 :
2074 4871 2149 4925 ita

578 4958 626 5013 si
681 4958 808 5028 quid
855 4960 1250 5027 computaveris
1284 4976 1404 5013 cum
1459 4962 1753 5030 unigenito,
1786 4965 1911 5033 quid
1966 4963 2151 5032 loque-

580 5052 657 5106 ris
682 5052 918 5121 ignoras.
958 5049 1107 5105 Unus
1130 5033 1273 5104 enim
1308 5062 1392 5106 est
1426 5068 1531 5106 non
1566 5064 1742 5120 natus,
1778 5065 1832 5108 et
1864 5056 1971 5110 noli
2000 5072 2148 5126 qna:-

580 5158 701 5196 rere
726 5144 887 5195 alium
942 5158 1049 5196 non
1108 5154 1288 5196 natum
1330 5162 1342 5197 :
1382 5160 1520 5199 unus
1568 5148 1897 5214 unigenitus,
1941 5158 1997 5203 et
2042 5150 2149 5203 noli

582 5248 819 5302 quterere
846 5235 1007 5288 alium
1037 5234 1249 5300 Filium,
1281 5250 1346 5288 ne
1381 5236 1740 5306 interrumpas
1767 5240 2094 5307 unigenitum
2132 5258 2146 5293 :

582 5325 885 5393 unigenitns
915 5328 1057 5380 enim
1094 5342 1197 5380 non
1244 5338 1325 5381 est
1374 5343 1538 5381 unum
1570 5344 1635 5382 ex
1662 5331 1891 5397 cunctis,
1922 5332 2017 5385 sed
2056 5347 2152 5403 per

650 5440 868 5495 "Joan.
905 5457 1035 5506 xvtt,
1070 5442 1155 5495 i3.
1233 5442 1279 5472 ”
1307 5440 1464 5496 Joan.
1496 5456 1549 5507 Χ,
1582 5442 1671 5497 50.

656 5574 763 5666 (96)
795 5592 972 5666 Serua.
999 5593 1450 5666 Τήρειηοὺεεηια.
1485 5598 1593 5650 Aut
1623 5597 1783 5651 etiam
1824 5606 1989 5659 tuere,
2028 5600 2151 5651 mi-

584 5679 665 5715 ne.
697 5665 864 5731 Supra
895 5664 985 5716 lib.
1020 5679 1067 5717 ιε
1102 5666 1167 5718 In
1204 5664 1463 5735 principio
1492 5680 1625 5734 erat,
1659 5684 1805 5721 serva
1839 5670 1976 5736 quod
2011 5680 2143 5732 erat,

580 5744 685 5786 CIC.

655 5803 766 5873 (97)
801 5803 849 5855 Is
875 5810 1012 5861 enim
1048 5809 1155 5875 qui.
1202 5805 1421 5858 Videtur
1450 5806 1551 5859 hoc
1594 5808 1729 5862 velle
1758 5824 1771 5861 :
1814 5811 1856 5862 is
1886 5809 2020 5862 enim
2060 5809 2148 5876 qui

579 5883 654 5926 est
674 5876 725 5927 in
747 5891 804 5928 co
830 5879 916 5932 aui
940 5890 1036 5933 est.
1066 5894 1165 5931 non
1185 5878 1296 5929 ideo
1321 5876 1639 5942 ἁνυπάργει,
1665 5880 1757 5933 hoc
1783 5892 1878 5943 est,
1908 5896 2007 5933 mm
2033 5880 2147 5933 ideo

2249 3308 2680 3378 coniunctionem
2724 3325 2737 3361 :
2777 3305 2887 3375 Ego
2925 3314 2973 3358 et
3018 3303 3179 3356 Pater
3215 3320 3382 3356 unum
3412 3317 3582 3357 sumus
3601 3294 3767 3350 ".Non

2251 3412 2428 3456 tamen
2476 3416 2578 3453 non
2623 3414 2832 3452 sumus.
2884 3398 3163 3453 Contraria
3208 3398 3359 3450 enim
3419 3388 3770 3462 importunitate

2252 3492 2406 3560 plena
2435 3501 2578 3544 sunt.
2629 3488 2795 3542 Filius
2843 3489 2992 3552 dicit,
3046 3488 3187 3558 Ego;
3222 3488 3315 3542 ille
3344 3486 3491 3549 dicit,
3535 3482 3637 3537 Non
3667 3492 3768 3543 ego:

2252 3582 2418 3636 Filius
2453 3581 2602 3643 dicit,
2631 3590 2685 3634 et
2732 3578 2921 3643 Pater;
2970 3579 3059 3632 ille
3083 3580 3232 3642 dicit,
3278 3593 3384 3631 non
3412 3577 3581 3631 Pater.
3613 3572 3768 3627 Uuutn,

2256 3673 2447 3743 inquit,
2476 3688 2693 3736 sumus;
2731 3681 2783 3725 et
2811 3672 2897 3725 ille
2932 3680 3140 3732 contra,
3171 3687 3276 3725 non
3314 3684 3515 3727 sumus.
3561 3658 3771 3731 Autqttid

2255 3766 2512 3834 seriptum
2542 3763 2668 3818 est?
2695 3773 2787 3816 aut
2818 3763 2944 3830 quid
2974 3763 3254 3817 delemus?
3282 3774 3377 3817 aut
3399 3761 3523 3831 quid
3553 3748 3772 3826 legimus?

2254 3868 2346 3911 aut
2376 3859 2503 3927 quid
2532 3856 2903 3926 agnoscimus?
2932 3855 3040 3925 Ego
3075 3856 3126 3908 in
3159 3855 3323 3911 Patre
3368 3866 3420 3910 et
3439 3854 3589 3907 Pater
3621 3849 3665 3901 in
3689 3858 3770 3897 me.

2256 3950 2371 4005 Non
2405 3961 2579 4003 tamen
2609 3949 2731 4019 quia
2766 3963 2935 4017 neque
2964 3963 3084 4017 ego,
3124 3963 3298 4017 neque
3326 3948 3482 4002 Pater
3512 3964 3523 3998 :
3561 3933 3773 4009 quemad-

2258 4044 2472 4096 modum
2516 4052 2693 4095 autem
2742 4040 2899 4094 Pater
2937 4041 2989 4093 in
3042 4039 3200 4100 Filio,
3249 4051 3303 4093 et
3337 4038 3501 4092 Filius
3554 4034 3600 4086 in
3629 4029 3770 4084 Patre.

2258 4134 2489 4187 maxime
2511 4132 2727 4200 quidem
2749 4146 2846 4185 cur
2869 4133 3033 4183 audes
3060 4130 3342 4197 quaerere?
3370 4131 3414 4182 is
3429 4126 3565 4180 enim
3590 4118 3667 4188 qui
3686 4111 3771 4182 (97)

2256 4236 2338 4281 est
2366 4229 2417 4277 in
2448 4238 2511 4277 eo
2542 4224 2633 4292 qui
2680 4232 2782 4285 est,
2834 4238 2937 4275 non
2974 4222 3099 4290 quia
3127 4236 3228 4274 non
3272 4216 3664 4284 εει¹ἀνυπάρχει
3688 4226 3698 4261 :
3720 4221 3771 4258 at!

2258 4318 2381 4386 quia
2413 4326 2616 4369 nonest
2652 4314 2811 4369 Pater
2841 4326 2898 4368 ut
2929 4316 2998 4368 sit
3040 4316 3091 4367 in
3126 4314 3259 4368 Filio
3282 4308 3611 4381 ἁνυπάρχειῖ
3637 4311 3772 4366 neque

2258 4426 2362 4464 non
2393 4420 2474 4465 est
2502 4409 2668 4462 Filius
2699 4408 2789 4477 qui
2821 4416 2901 4462 est
2936 4409 2986 4460 in
3019 4408 3181 4462 Patre
3209 4405 3499 4475 signiﬁcat.
3542 4392 3771 4465 Siquidem

2258 4511 2313 4556 et
2350 4499 2574 4569 apostoli
2607 4498 2887 4552 duodecim
2920 4513 3082 4550 unum
3113 4506 3258 4559 sunt,
3291 4506 3347 4550 et
3376 4488 3706 4560 septuaginta,
3732 4484 3773 4529 et

2257 4592 2557 4663 quingenti,
2604 4601 2657 4646 et
2709 4600 2817 4643 tota
2856 4589 3090 4643 Ecclesia
3136 4604 3322 4641 unutn.
3364 4586 3426 4639 Et
3455 4598 3518 4635 ne
3549 4586 3686 4647 putes
3710 4580 3772 4621 itte

2256 4688 2321 4739 ad
2361 4686 2591 4738 humana
2621 4684 2887 4738 deducere
2916 4683 3094 4736 divina
3135 4697 3150 4734 :
3185 4681 3277 4734 sed
3308 4680 3504 4734 utimur
3539 4674 3772 4733 compal’a'

2257 4777 2496 4831 tionibus
2532 4792 2653 4830 cum
2704 4775 3032 4844 indulgentia
3076 4774 3214 4843 apud
3264 4771 3477 4832 fratres,
3519 4774 3569 4818 et
3600 4756 3772 4813 niarreal

2259 4873 2399 4925 Deus
2442 4880 2501 4924 ut
2546 4881 2644 4923 est.
2682 4869 2887 4923 Tamen
2925 4868 2968 4920 si
3021 4865 3321 4920 dixerimus
3372 4848 3770 4929 quemadmodum

2251 4961 2426 5015 omnis
2462 4960 2699 5014 Ecclesia
2734 4976 2852 5028 qua:
2900 4961 3100 5027 ubique
3146 4971 3250 5022 est,
3281 4971 3443 5011 unum
3473 4958 3651 5014 corpus
3679 4944 3768 5032 esti

2252 5054 2429 5107 nullus
2468 5052 2829 5120 reprehendat
2863 5068 2878 5105 :
2929 5054 3053 5119 quia
3100 5065 3203 5103 non
3241 5049 3497 5102 mentitur
3552 5041 3673 5091 Deus
3697 5039 3768 5095 ςυι

2253 5146 2386 5199 dixit
2419 5163 2430 5197 :
2466 5143 2575 5213 Ego
2608 5146 2663 5197 in
2697 5146 2841 5211 ipsis,
2872 5155 2917 5195 et
2942 5154 2997 5196 tu
3021 5146 3073 5196 in
3096 5161 3175 5196 me
3196 5144 3262 5196 ”.
3296 5142 3407 5196 Non
3437 5136 3553 5205 quia
3577 5130 3769 5188 abncga‘

2254 5241 2455 5292 tionem
2491 5236 2665 5291 Patris
2714 5238 2997 5307 irreligiosi
3053 5252 3325 5291 sermones
3378 5234 3582 5287 docent,
3630 5220 3766 5313 neti“?

2253 5332 2395 5399 quod
2429 5347 2534 5385 ttun
2568 5332 2639 5385 sit
2690 5331 2734 5385 is
2759 5332 2847 5399 qui
2881 5332 3085 5401 genuit,
3142 5345 3313 5399 neque
3353 5311 3767 5395 Spretioncmejus

1746 5443 1791 5473 θ’
1819 5441 1974 5497 Joan.
2004 5459 2141 5507 xvu,
2173 5443 2263 5497 23.

2253 5616 2357 5652 non
2404 5600 2660 5654 subsistit.
2693 5601 2772 5653 An
2809 5601 2923 5654 ideo
2963 5596 3121 5652 Pater
3155 5598 3471 5717 ἀνυιιάρᾷει,Δ
3506 5598 3594 5638 non
3623 5571 3755 5694 δεξί’

2255 5671 2365 5717 slit-
2386 5672 2508 5717 auia
2536 5685 2609 5717 est
2651 5673 2704 5717 in
2734 5669 2873 5717 Filio
2894 5674 2918 5717 Ρ
2953 5673 3127 5717 luitur
3180 5686 3337 5717 neque
3424 5666 3530 5713 titus
3561 5653 3643 5704 ἀνυ

2255 5671 2366 5735 slit,
2386 5672 2508 5760 quia
2536 5685 2609 5760 esLt
2641 5652 2881 5760 Filio:
2950 5652 3545 5760 lqiturnirequeLIIilﬂlg'

2256 5716 2366 5811 xSt:
2386 5716 2489 5793 non
2510 5742 2762 5811 subsistit,
2787 5742 2911 5809 quia
2937 5716 3010 5793 esi
3040 5742 3093 5793 in
3124 5716 3299 5811 Patre.
3316 5716 3722 5811 ΔΙῖεεριείιιιιιιιιιέῗ

2254 5792 2408 5931 ξιιςῖιι.
2449 5825 2487 5869 t,
2516 5792 2949 5879 718,707th'ni,10,7
2983 5792 3084 5865 HV:
3118 5808 3278 5864 Pater
3310 5809 3359 5861 in
3397 5792 3468 5855 ιιιιν
3501 5804 3583 5855 cst,
3612 5798 3649 5844 et
3680 5792 3749 5849 09°

2254 5897 2307 5931 ιιι
2386 5891 2513 5931 utre.

2254 5884 2307 5934 in
2339 5882 2513 5934 Putre.
