3956 6516
272 380 416 441 1065

1120 374 1209 432 DE
1247 368 1403 433 FIDE
1438 368 1809 433 ADVERSUS
1842 368 2253 433 SABELLIUM.
2294 401 2359 416 -ι-
2401 375 2532 431 LIB.
2566 375 2629 431 ll.

3386 376 3521 435 1063

270 500 365 570 qui
405 506 491 553 est
517 492 751 567 genitus.
786 490 892 547 Sed
922 488 967 547 si
1000 506 1105 547 non
1136 504 1221 547 est
1248 492 1439 554 Filius",
1482 504 1532 549 et
1578 493 1848 563 quomodo
1878 496 1923 553 Α
1956 501 2174 560 promer
2210 501 2479 545 naturain.
2541 492 2616 545 Ex
2662 490 2880 562 Virgine
2924 493 2973 547 in
3031 493 3338 547 novissimis
3381 505 3521 548 tem-

270 601 404 647 sunt
437 604 500 644 ea
528 602 647 657 qua:
676 600 771 655 per
807 584 1001 639 Filium
1024 584 1161 638 facta
1195 586 1365 639 sunt?
1389 584 1501 639 Non
1532 597 1615 640 est
1644 585 1846 639 Filius:

269 689 326 734 et
352 694 475 746 qua:
502 687 585 729 cst
611 674 770 741 spes?
802 672 912 728 Non
940 684 1023 727 est
1072 675 1161 741 qui
1188 674 1397 742 judicat
1431 694 1446 730 :
1482 685 1535 728 et
1590 676 1854 745 quemad-

271 772 493 826 modum
521 767 823 836 judicium?
850 766 963 820 Non
986 768 1179 837 estqui
1210 776 1435 821 coronat
1464 786 1475 821 :
1506 778 1560 821 et
1586 769 1853 836 quomodo

272 862 531 915 labores?
559 861 650 915 Est
699 876 836 914 unus
866 876 1024 929 quem
1067 860 1243 913 nullus
1282 861 1487 929 genuit,
1520 870 1574 914 et
1604 861 1852 928 unigeni-

270 963 361 1009 tus
395 969 553 1022 quem
586 969 722 1006 unus
750 955 954 1022 genuit.
986 952 1187 1007 Genuit
1219 968 1350 1006 sane
1400 954 1805 1021 impassibiliter
1836 969 1849 1005 :

268 1062 385 1103 non
416 1058 474 1101 ut
510 1062 634 1113 nos,
684 1049 773 1101 sed
818 1055 876 1100 ut
919 1046 1004 1099 ille
1039 1064 1053 1100 :
1104 1062 1207 1099 non
1241 1057 1298 1100 ut
1330 1046 1521 1114 planta:
1566 1062 1684 1116 quae
1714 1046 1852 1118 apud

272 1154 374 1196 nos
400 1149 548 1202 sunt,
574 1154 677 1191 non
714 1150 770 1192 ut
798 1138 991 1203 fontes,
1020 1156 1123 1192 non
1163 1150 1219 1192 ιιι
1245 1138 1319 1192 sol
1356 1157 1369 1193 :
1410 1140 1542 1193 nihil
1572 1142 1714 1193 enim
1753 1142 1852 1194 ho-

271 1248 396 1287 rum
437 1247 557 1303 qua:
595 1232 683 1286 hic
708 1240 853 1295 sunt,
891 1230 1242 1299 interpretari
1276 1231 1419 1283 illam
1450 1232 1851 1302 generationem

271 1334 523 1394 possunt.
553 1321 775 1377 Omnem
812 1324 956 1377 enim
989 1322 1253 1376 turbelatn
1293 1322 1543 1377 humana:
1569 1338 1850 1391 compara-

272 1419 452 1471 tiones
471 1417 690 1479 faciunt,
710 1432 828 1470 cum
850 1416 1138 1483 accipimus
1155 1430 1257 1467 non
1285 1414 1476 1468 similia
1499 1416 1563 1467 ad
1584 1417 1851 1485 interpre-

274 1510 534 1561 tationem
564 1522 746 1561 eorum
777 1522 895 1575 qua:
923 1506 1260 1575 interpretari
1298 1520 1405 1559 non
1451 1516 1694 1574 possunt.
1731 1506 1853 1561 ldeo

272 1599 430 1667 lites,
465 1601 585 1653 ideo
626 1614 815 1668 pugnae
858 1610 1171 1652 nascuntur.
1216 1597 1271 1652 Si
1319 1609 1495 1652 autem
1528 1600 1854 1655 tacuerimus

273 1708 337 1745 ea
373 1708 492 1760 qua:
525 1706 684 1760 supra
714 1705 898 1744 vocem
940 1701 1085 1753 sunt,
1117 1701 1171 1746 et
1212 1691 1506 1746 dixerimus
1556 1693 1849 1761 possibilia,

270 1783 512 1843 cessabit
544 1782 757 1835 bellum.
796 1780 935 1849 Quid
987 1797 1117 1851 ergo
1150 1782 1391 1837 dicemus
1428 1784 1451 1837 ’ἰ
1494 1783 1561 1837 1η
1594 1786 1851 1855 principio

272 1885 386 1926 erat
422 1872 666 1929 Verbum.
698 1873 830 1940 Quis
863 1876 1036 1928 adhuc
1065 1876 1261 1943 poterit
1291 1877 1540 1947 jurgari?
1571 1877 1702 1932 Nam
1727 1890 1781 1932 et
1806 1881 1849 1935 si

270 1964 549 2033 jurgatur,
576 1980 681 2019 non
735 1967 827 2019 tibi
858 1969 951 2020 sed
977 1966 1193 2032 Joauni,
1244 1978 1297 2022 et
1330 1972 1531 2039 pectori
1581 1972 1793 2026 Domini
1822 1988 1851 2026 a

275 2073 384 2126 quo
414 2058 592 2112 hausit
614 2057 868 2114 Joannes.
913 2059 1050 2126 Quid
1077 2061 1335 2129 relinquis
1358 2077 1418 2115 ea
1452 2078 1570 2132 qua:
1595 2075 1717 2117 sunt
1740 2064 1854 2120 sine

278 2151 539 2219 periculo,
573 2161 627 2206 et
676 2152 727 2206 in
756 2150 1011 2206 ﬂuctibus
1062 2164 1445 2221 tempestatum
1501 2157 1854 2223 periclitaris?

278 2241 398 2297 Noli
426 2245 605 2299 dicere
637 2254 748 2309 tua,
783 2255 837 2299 et
866 2244 1044 2300 nullus
1078 2255 1128 2298 te
1154 2247 1353 2315 arguit.
1385 2246 1556 2302 Dicito
1584 2265 1701 2317 quae
1732 2252 1856 2306 scri-

279 2345 371 2406 pta
401 2346 550 2401 sunt,
584 2348 639 2391 et
677 2337 853 2392 nullus
896 2348 945 2392 te
989 2340 1335 2408 reprehendit
1369 2359 1383 2395 :
1418 2343 1632 2395 etiamsi
1678 2358 1856 2412 reple-

276 2430 550 2496 henderit,
590 2433 938 2498 semetipsum
1000 2434 1196 2500 potius,
1233 2444 1289 2487 et
1334 2449 1438 2487 non
1478 2444 1549 2489 te.
1583 2435 1683 2499 Qui
1712 2436 1853 2489 enim

273 2520 463 2577 divina
503 2525 868 2592 reprehendit,
896 2525 1077 2579 divina
1125 2526 1339 2595 quidem
1375 2543 1479 2581 non
1512 2527 1743 2593 delebit;
1773 2544 1857 2584 se-

275 2615 568 2682 metipsum
601 2616 832 2670 alienum
881 2635 911 2670 a
948 2618 1144 2673 divinis
1180 2620 1496 2673 constituet.
1552 2620 1748 2684 Dicito,
1788 2622 1856 2675 In

274 2708 539 2776 principio
594 2718 703 2762 erat
748 2708 989 2776 Verbum,
1046 2719 1101 2765 et
1167 2711 1542 2781 relinquuntur
1592 2722 1851 2781 tempora.

285 2799 488 2862 Dicito,
520 2799 585 2854 In
622 2802 879 2870 principio
900 2813 1034 2867 erat,
1059 2813 1113 2857 et
1144 2804 1399 2858 deficiunt
1426 2804 1637 2859 smcula.
1664 2805 1853 2870 Dicito,

278 2889 352 2943 In
388 2892 649 2957 principio
685 2905 821 2957 erat,
856 2903 911 2947 et
954 2895 1083 2948 nihil
1115 2911 1235 2950 cum
1284 2896 1400 2965 ipso
1443 2904 1561 2952 erat
1601 2895 1852 2951 Verbum.

280 2981 420 3046 Quia
462 2996 592 3048 ergo
636 2992 749 3035 erat
780 2982 985 3037 dictant
1042 2992 1146 3049 est,
1199 3000 1264 3039 ne
1312 2996 1467 3054 putes
1498 3002 1684 3041 vocem
1717 3001 1856 3040 :vox

278 3076 451 3139 enim,
498 3088 610 3129 erat
644 3093 748 3131 non
777 3078 1031 3147 suscipiet
1080 3096 1093 3132 :
1132 3081 1175 3133 si
1211 3080 1429 3149 quidem
1468 3097 1589 3135 cum
1641 3081 1855 3141 dicitur,

283 3176 414 3222 tunc
443 3167 693 3224 efﬁcitur.
746 3167 929 3237 Neque
972 3171 1116 3223 enim
1177 3182 1465 3241 antequam
1502 3172 1710 3226 dicatur
1752 3183 1854 3232 est,
1884 3192 1927 3252 ρ

279 3274 461 3329 neque
490 3270 669 3329 postea
728 3276 885 3327 quam
938 3260 1098 3315 fuerit
1140 3264 1303 3325 dicta,
1356 3273 1467 3317 erat
1505 3263 1684 3317 habet.
1720 3264 1853 3329 Quia

280 3369 417 3423 ergo
449 3364 583 3419 erat,
633 3370 737 3408 non
769 3369 873 3408 vox
921 3363 1024 3419 est,
1057 3358 1148 3409 sed
1202 3355 1435 3409 Verbum
1486 3372 1503 3409 :
1541 3356 1695 3423 quale
1726 3355 1856 3409 Ver-

281 3443 451 3497 bum?
504 3442 560 3497 Si
616 3459 721 3497 non
753 3446 887 3498 dixit
927 3441 1182 3511 Joannes,
1212 3462 1515 3515 qmeratnus
1558 3446 1643 3499 :si
1680 3457 1857 3499 autem

285 3537 445 3599 dixit,
488 3538 615 3605 quid
655 3538 991 3607 quicremus?
1029 3537 1097 3591 Et
1131 3540 1289 3606 Deus,
1329 3540 1523 3609 inquit,
1569 3549 1681 3593 erat
1726 3537 1857 3591 Ver-

285 3631 431 3683 bum.
464 3630 540 3683 Tu
574 3632 706 3685 dicis
728 3646 935 3696 vocem,
966 3631 1202 3685 Joannes
1238 3643 1417 3685 autem
1458 3632 1555 3692 ait,
1584 3642 1692 3684 erat
1733 3629 1858 3683 Ver-

286 3722 434 3776 bum.
477 3724 542 3776 Et
572 3724 613 3777 si
644 3724 729 3776 ille
757 3724 974 3786 dixerit,
1010 3723 1073 3775 Et
1114 3720 1329 3775 Verbum
1366 3733 1475 3776 erat
1501 3725 1640 3789 apud
1675 3722 1858 3787 Deum,

287 3820 351 3867 tu
379 3814 515 3867 dicis
539 3816 590 3866 in
620 3814 743 3879 Deo,
771 3825 824 3868 et
857 3830 963 3868 non
987 3814 1125 3881 apud
1156 3812 1342 3866 Deum.
1367 3810 1436 3866 Ut
1469 3815 1610 3865 enim
1636 3814 1725 3875 sit,
1756 3828 1860 3865 non

285 3915 472 3961 tamen
509 3916 566 3960 ut
602 3908 869 3977 cogitatus
919 3908 989 3960 sit
1022 3924 1036 3960 :
1073 3921 1248 3973 neque
1287 3906 1482 3957 iterum
1525 3913 1581 3956 ut
1612 3920 1731 3962 vox.
1768 3903 1862 3956 sed

284 3997 459 4053 Filius
494 4016 509 4051 :
540 4014 642 4051 vox
673 3999 814 4051 enim
864 3998 1022 4051 habet
1057 3998 1250 4051 fratres
1286 4015 1298 4050 :
1327 3997 1427 4049 mei
1480 3997 1623 4048 enim
1662 3996 1751 4064 qui
1785 3996 1862 4047 di-

284 4101 485 4145 cuntur
513 4105 791 4144 sermones
818 4091 1086 4160 prioribus
1113 4089 1293 4142 verbis
1326 4096 1448 4142 sunt
1470 4086 1663 4140 fratres
1697 4104 1709 4139 :
1746 4085 1863 4137 ιιιιί-

285 4183 502 4252 genitus
525 4192 702 4235 autem
736 4198 839 4235 non
872 4182 1096 4250 suscipit
1132 4180 1344 4233 fratres.
1381 4178 1513 4232 Nam
1547 4188 1601 4231 et
1632 4179 1673 4231 si
1709 4186 1863 4229 vocat

284 4279 503 4336 fratres,
536 4274 987 4342 tmncupationem
1028 4274 1210 4327 donat.
1246 4271 1303 4325 Si
1332 4281 1514 4323 autem
1547 4280 1599 4322 et
1631 4270 1861 4322 coha-re—

282 4367 381 4419 des
409 4380 614 4427 sumus,
648 4380 751 4416 non
794 4375 1000 4416 natura:
1033 4363 1126 4415 sed
1169 4362 1356 4430 gloria:
1401 4360 1695 4430 accipimus
1724 4357 1858 4429 (98).

281 4460 367 4515 Ad
396 4459 540 4511 illam
567 4456 710 4510 enim
757 4466 1005 4508 naturam
1040 4470 1210 4523 neque
1253 4438 1645 4523 pervcniesiu,
1690 4464 1863 4519 neque

283 4552 430 4605 ullus
468 4550 759 4619 perveniet.
800 4548 954 4601 Sicut
984 4547 1128 4601 enim
1165 4545 1325 4599 Pater
1361 4546 1578 4609 eminet,

283 4657 503 4696 onmem
534 4652 777 4694 naturam
795 4649 876 4694 est
902 4639 1042 4707 quod
1066 4649 1143 4691 est
1164 4654 1267 4690 non
1288 4647 1481 4690 natus:
1516 4636 1586 4689 ita
1614 4648 1666 4689 et
1693 4635 1858 4689 Filius

284 4747 451 4801 supra
483 4745 672 4785 onmes
704 4731 932 4785 habetur
966 4729 1017 4781 in
1050 4746 1113 4782 eo
1145 4730 1287 4796 quod
1318 4737 1397 4780 cst
1426 4727 1704 4796 progenies
1731 4740 1856 4779 vera

289 4824 431 4879 Deus
458 4824 598 4893 apud
633 4822 822 4886 Deum,
855 4822 993 4876 Deus
1028 4822 1094 4874 ad
1125 4821 1400 4874 dexteram
1434 4820 1546 4878 Dei.
1581 4818 1718 4871 Deus
1747 4816 1857 4871 lor-

288 4918 378 4980 tis,
413 4917 552 4969 Deus
581 4930 738 4982 quem
787 4916 937 4966 unxit
970 4912 1132 4966 Deus.
1179 4909 1487 4980 Agnoscitis
1543 4908 1853 4976 pr0phetica

284 5008 452 5062 verba
487 5005 621 5077 (99).
657 5004 796 5071 Quid
826 5006 899 5057 ait
928 5006 1185 5075 propheta
1218 5000 1424 5054 David?
1452 5000 1578 5053 Ideo
1615 5000 1761 5053 unxit
1788 5010 1856 5063 te,

286 5100 449 5159 Deus.
478 5099 613 5151 Deus
637 5109 754 5150 tuus
774 5096 840 5149 “.
872 5095 1002 5149 Nam
1032 5107 1084 5149 et
1106 5095 1260 5149 fortis
1290 5094 1461 5147 dictus
1500 5104 1584 5145 est
1615 5092 1857 5153 ablsaia,

282 5202 339 5245 et
372 5190 511 5245 Deus
540 5190 807 5242 uobiscum
830 5189 897 5251 ",
937 5203 1057 5241 cum
1082 5202 1149 5239 ex
1174 5186 1412 5256 Virgine.
1449 5183 1562 5237 Non
1582 5199 1709 5251 ergo
1740 5198 1860 5236 cum

282 5297 351 5335 ex
399 5280 617 5349 Virgine
660 5289 788 5333 tunc
837 5277 1001 5342 Deus,
1047 5279 1139 5331 sed
1200 5278 1480 5332 nobiscum
1535 5286 1681 5327 tunc.
1740 5274 1854 5327 Non

284 5372 523 5442 primum
559 5386 625 5424 ex
667 5368 906 5439 Virgine,
947 5370 1038 5422 sed
1074 5369 1304 5435 primum
1344 5382 1411 5421 ex
1452 5366 1579 5421 Deo.
1624 5365 1696 5419 Ex
1743 5364 1859 5417 Vir-

284 5464 411 5535 gine
458 5466 601 5517 enim
652 5475 870 5533 propter
909 5461 1386 5531 dispensationem,
1425 5473 1488 5512 ex
1532 5460 1637 5512 Deo
1676 5467 1856 5511 autem

352 5573 401 5607 "
430 5572 574 5628 Psal.
606 5589 746 5640 xuv,
774 5575 827 5628 8.

284 5657 341 5712 ι,
367 5645 454 5711 14,
485 5646 571 5702 15.

361 5747 475 5819 (98)
503 5747 599 5819 bis.
632 5744 755 5800 Non
794 5754 1036 5819 naturam
1066 5741 1402 5819 sedgloriam
1428 5740 1734 5795 accioimus.

361 5814 473 5890 (99)
505 5818 602 5871 Ms.
632 5816 908 5885 Aguoscite
940 5814 1241 5881 prophetica
1278 5814 1447 5883 verba.

532 5911 803 5971 Ριτιιοι..
836 5906 952 5969 Gn.
980 5905 1214 5967 XXIV.

929 5574 972 5605 ⁸⁷
995 5574 1173 5641 lsa.v,
1205 5574 1276 5639 ὓς
1309 5589 1402 5634 vlt,
1437 5573 1522 5626 Η.

1613 5571 1682 5641 ,⁸⁸
1714 5568 1867 5625 Joan.
1907 5582 1997 5634 tu,
2020 5569 2110 5623 36.

1954 585 2192 651 poribus,
2248 597 2314 635 ex
2366 583 2472 636 Deo
2521 595 2644 637 ante
2698 584 2914 638 szecula.
2972 586 3045 638 Ex
3096 582 3335 656 Virgine,
3399 600 3520 639 eum

1954 673 2300 737 hominibus;
2353 688 2420 727 ex
2460 674 2567 727 Deo
2606 684 2783 729 autem
2834 688 2957 729 ante
2996 692 3204 731 omnes.
3264 676 3384 731 Istic
3431 691 3522 730 er-

1953 780 2021 833 go
2050 774 2104 819 et
2139 766 2588 835 dispensationem
2628 768 2913 831 confitere,
2958 779 3012 822 et
3051 776 3298 822 naturain
3344 757 3524 823 delere

1955 857 2080 921 noli,
2121 873 2216 913 nec
2259 859 2569 927 exstinguas
2612 862 2703 913 tibi
2758 860 2933 915 lumen
2971 861 3066 931 (l).
3120 860 3175 915 Si
3223 861 3435 929 quidem
3468 870 3524 915 et

1954 949 2041 1016 qui
2074 950 2258 1003 oculos
2287 950 2541 1005 claudunt
2572 968 2723 1018 suos,
2762 968 2863 1004 non
2914 954 3089 1008 lumen
3145 955 3518 1020 exstinguunt,

1953 1044 2045 1096 sed
2070 1043 2167 1112 ipsi
2199 1044 2396 1097 lumine
2422 1062 2525 1098 non
2563 1045 2829 1098 fruuntur.
2865 1044 2995 1098 Nam
3024 1056 3075 1099 et
3106 1046 3149 1099 si
3174 1047 3294 1115 quis
3337 1044 3520 1098 lumen

1956 1151 2140 1188 verum
2172 1151 2276 1189 non
2320 1137 2481 1190 fuerit
2529 1137 2832 1199 confessus,
2880 1154 2982 1190 non
3033 1138 3159 1190 illud
3207 1139 3369 1202 deiet,
3425 1138 3521 1192 sed

1956 1227 2068 1294 ipse
2101 1239 2277 1281 manet
2302 1229 2353 1282 in
2384 1230 2638 1284 tenebris.
2689 1232 2761 1284 Ita
2810 1232 2951 1284 enim
2994 1231 3106 1300 ipse
3140 1232 3303 1286 Filius
3336 1233 3467 1286 dicit
3503 1251 3519 1288 :

1957 1318 2057 1383 Qui
2090 1336 2192 1372 non
2248 1322 2527 1374 crediderit
2568 1323 2619 1375 in
2661 1321 2881 1385 Filium,
2922 1340 3022 1375 mm
3068 1325 3278 1386 videbit,
3310 1325 3399 1378 sed
3440 1325 3522 1377 ira

1955 1411 2051 1465 Dei
2075 1423 2246 1465 manet
2282 1430 2437 1482 super
2459 1415 2622 1475 ipsum
2653 1415 2719 1469 ⁸⁸.
2748 1417 2875 1481 Qua:
2916 1415 3029 1468 ira?
3068 1416 3156 1469 illa
3190 1418 3371 1486 utique
3405 1432 3524 1487 qua

1957 1502 2023 1555 ab
2049 1503 2223 1559 initio.
2262 1504 2360 1571 Qui
2392 1506 2534 1559 enim
2585 1523 2690 1561 non
2740 1509 3026 1562 confitetur
3068 1524 3189 1563 eum
3237 1525 3330 1579 per
3365 1524 3522 1579 quem

1956 1606 2241 1649 revocatur
2278 1599 2567 1662 sententia,
2598 1600 2707 1666 ipse
2744 1600 3027 1653 adversum
3057 1616 3114 1655 se
3147 1602 3319 1670 ipsum
3371 1617 3524 1657 revo-

1954 1695 2041 1740 cat
2079 1688 2421 1742 seutentiam.
2453 1688 2669 1759 Negotia
2710 1692 2853 1743 enim
2887 1704 3135 1760 separata
3183 1694 3383 1748 habent
3425 1709 3525 1747 na-

1956 1784 2130 1831 turam
2166 1794 2181 1831 :
2212 1780 2378 1834 nostri
2418 1792 2594 1835 autem
2619 1782 2879 1849 cogitatus
2913 1782 3183 1850 accipiunt
3220 1784 3523 1848 fructnm,a

1956 1871 2185 1926 veritate
2206 1872 2421 1941 quidem
2454 1874 2636 1936 vitam,
2669 1888 2697 1925 a
2724 1873 3004 1928 mendacio
3038 1883 3215 1928 autem
3247 1889 3438 1928 noxam
3468 1886 3525 1931 et

1954 1962 2327 2032 perditionem.
2363 1964 2417 2017 Si
2450 1966 2570 2032 quis
2601 1965 2745 2019 enim
2790 1964 3119 2034 percusserit
3159 1975 3319 2034 caput
3363 1980 3522 2021 suum

1956 2055 2020 2106 ad
2060 2064 2286 2123 petram,
2315 2067 2465 2124 petra
2498 2056 2712 2124 quidem
2753 2056 2865 2124 ipsa
2898 2065 3098 2123 manet,
3143 2066 3305 2126 caput
3339 2067 3520 2112 autem

1955 2143 2023 2197 ab
2055 2144 2360 2213 insipientia
2403 2146 2598 2213 accipit
2629 2146 2860 2214 plagam,
2903 2144 3039 2201 forte
3067 2155 3245 2199 autem
3280 2155 3334 2199 et
3378 2147 3523 2214 peri-

1961 2237 2160 2291 culum.
2208 2238 2345 2291 Dicit
2404 2253 2534 2292 sane
2586 2247 2642 2292 et
2697 2228 2983 2305 Apostolus
3036 2253 3051 2289 :
3100 2234 3523 2291 Fundamenth

1954 2329 2101 2381 aliud
2122 2346 2267 2383 nemo
2294 2339 2460 2399 potest
2480 2347 2671 2397 ponere
2715 2314 2904 2397 printer
2929 2346 3045 2383 eum
3084 2331 3172 2399 qui
3206 2340 3278 2383 est
3321 2332 3523 2400 positus

1956 2417 2193 2473 Christus
2243 2420 2397 2475 Jesus
2439 2423 2521 2489 9°;
2585 2434 2639 2476 et
2688 2423 2876 2476 iterum
2926 2442 2941 2477 :
2991 2419 3150 2475 Petra
3205 2435 3381 2477 autem
3413 2434 3525 2477 erat

1955 2510 2257 2565 Christus’.
2306 2513 2362 2566 Si
2396 2512 2463 2566 ad
2510 2513 2667 2566 istam
2720 2523 2927 2581 petram
2978 2523 3140 2584 caput
3192 2514 3526 2584 percusseris

1956 2611 2123 2664 tuum,
2159 2603 2386 2658 scissum
2415 2613 2498 2658 est
2527 2605 2669 2674 quod
2713 2605 2926 2660 volebas
2955 2624 2968 2659 :
3013 2606 3059 2660 si
3090 2617 3266 2661 autem
3309 2607 3523 2664 caules-

1955 2711 2049 2749 sus
2079 2694 2246 2749 fueris
2280 2696 2481 2757 lumen,
2515 2695 2737 2750 habebis
2780 2698 2920 2765 quod
2954 2698 3254 2755 confiteris.
3290 2698 3346 2755 Si
3377 2700 3522 2754 enhn

1955 2786 2178 2853 apostoli
2212 2786 2531 2855 quibusdam
2564 2787 2778 2854 quidem
2808 2787 3158 2843 odor'mortis
3190 2788 3256 2842 ad
3289 2796 3519 2842 mortem

1956 2885 2102 2939 sunt,
2128 2875 2450 2944 quibusdam
2488 2886 2664 2930 autem
2710 2877 2843 2929 odor
2885 2879 3006 2931 vita:
3041 2877 3107 2931 ad
3144 2877 3339 2941 vitam;
3374 2877 3418 2931 si
3448 2876 3523 2931 illi

1956 2965 2046 3033 qui
2088 2981 2181 3031 per
2219 2965 2491 3020 Christum
2537 2968 2614 3020 sal
2661 2976 2806 3027 sunt,
2854 2976 2904 3019 et
2958 2969 3047 3037 qui
3102 2984 3197 3038 per
3251 2967 3524 3023 Christum

1958 3056 2238 3111 luminaria
2272 3057 2596 3122 eﬂleiuntur,
2636 3059 2702 3111 ad
2743 3070 2968 3112 mortem
3016 3070 3068 3113 et
3115 3060 3182 3112 ad
3226 3059 3391 3113 vitam
3441 3060 3526 3114 bis

1958 3151 2046 3219 qui
2087 3151 2310 3203 credunt
2336 3161 2390 3204 et
2419 3153 2508 3221 qui
2556 3168 2659 3205 non
2707 3153 2935 3206 credunt
2982 3153 3292 3207 habentur:
3324 3163 3527 3221 quanto

1962 3241 2129 3310 magis
2166 3242 2209 3296 is
2250 3244 2337 3311 qui
2382 3244 2601 3297 donavit
2649 3244 2761 3298 haec
2805 3244 3110 3299 hominibus
3145 3242 3431 3299 Christus?
3469 3243 3527 3298 Si

1957 3334 2093 3401 quis,
2141 3332 2334 3401 inquit,
2390 3350 2474 3387 vos
2515 3351 2615 3387 non
2662 3336 2967 3404 susceperit,
3027 3348 3265 3389 exeuntes
3306 3335 3529 3389 excutite

1960 3428 2217 3490 pulverem
2259 3434 2322 3480 de
2361 3428 2576 3495 pedibus
2605 3428 2786 3481 vestris
2828 3444 2846 3480 :
2889 3427 3212 3481 tolerabilius
3251 3428 3386 3482 enim
3425 3428 3529 3481 erit

1962 3527 2114 3570 terra?
2161 3518 2511 3573 Sodomorum
2545 3522 2599 3571 in
2643 3520 2724 3573 die
2756 3520 2965 3588 iudicii,
3008 3538 3163 3592 quant
3203 3522 3398 3574 civitati
3448 3520 3531 3575 illi

1959 3625 2074 3677 quw
2091 3625 2173 3661 eos
2204 3626 2304 3662 non
2331 3610 2545 3678 suscipit
2576 3610 2663 3679 qui
2691 3626 2721 3662 a
2751 3627 2831 3663 me
2863 3612 3007 3664 missi
3038 3613 3159 3664 estis
3190 3613 3228 3665 '.
3258 3613 3312 3666 Si
3350 3624 3527 3669 autem

1962 3702 2084 3769 quis
2109 3701 2279 3770 ipsum
2314 3718 2416 3755 non
2445 3704 2741 3771 susceperit
2766 3704 3039 3757 Christum
3076 3721 3088 3757 :
3131 3706 3255 3772 quid
3293 3705 3338 3758 si
3364 3708 3527 3760 etiam

1965 3808 2069 3846 non
2096 3793 2267 3845 solum
2299 3810 2403 3846 non
2436 3794 2757 3862 susceperit,
2784 3796 2877 3850 sed
2919 3797 3228 3851 interimere
3264 3798 3533 3853 voluerit?

1963 3883 2004 3936 si
2029 3899 2191 3937 ausus
2220 3886 2340 3952 quis
2381 3881 2537 3936 fut-lit
2562 3886 2761 3942 dicere,
2791 3886 2913 3952 quia
2950 3887 3066 3939 sine
3092 3885 3224 3940 Filio
3256 3899 3339 3941 est
3362 3887 3525 3952 Deus,

1962 3983 2053 4027 aut
2082 3977 2204 4041 quia
2259 3976 2375 4027 sine
2420 3974 2581 4028 Patre
2628 3986 2711 4027 est
2760 3975 2969 4028 Filius?
3023 3974 3144 4029 llzec
3194 3976 3337 4029 enim
3384 3991 3531 4032 nunc

1962 4064 2177 4131 quidam
2225 4058 2625 4116 calumniantur
2668 4066 2932 4127 dicentes,
2981 4066 3106 4135 quia
3140 4066 3252 4133 ipse
3295 4067 3396 4121 sibi
3446 4077 3532 4123 est

1963 4152 2143 4215 l'ater,
2180 4152 2292 4220 ipse
2320 4163 2404 4205 est
2431 4163 2483 4205 et
2510 4152 2696 4217 Filius,
2728 4163 2782 4206 et
2802 4169 2908 4207 non
2950 4165 3033 4207 est
3074 4153 3261 4211 Filius.
3299 4155 3355 4211 Si
3385 4156 3527 4211 enim

1961 4243 2123 4298 Pater
2148 4245 2257 4315 ipse
2280 4245 2381 4298 sibi
2420 4256 2502 4298 est
2532 4255 2712 4314 pater,
2758 4263 2861 4299 non
2894 4257 2979 4299 est
3027 4245 3206 4312 Pater,
3252 4251 3378 4318 quia
3416 4250 3534 4318 ipse

1962 4336 2061 4391 sibi
2112 4348 2166 4389 et
2221 4338 2358 4390 tilius
2419 4348 2517 4396 est,
2568 4348 2623 4390 ut
2661 4340 2828 4390 aiunt.
2876 4338 3131 4392 Ludimus
3177 4339 3231 4392 in
3278 4340 3521 4396 divinis:

1963 4424 2352 4478 irrationabilia
2378 4427 2521 4478 enim
2560 4426 2661 4478 ista
2692 4440 2757 4478 ne
2788 4424 3002 4493 quidem
3028 4426 3180 4495 parvi
3212 4427 3530 4497 suscipiunt.

1609 4554 1663 4598 ει
1700 4514 1860 4612 “im,
1894 4543 1936 4597 ι)
1969 4514 2043 4570 De
2073 4516 2156 4569 his
2200 4531 2330 4571 sane
2368 4518 2708 4572 sermonibus
2745 4532 2905 4569 unum
2950 4516 3323 4573 brevissimum
3356 4519 3533 4574 iulan-

1972 4619 2075 4660 tcm
2119 4609 2408 4678 interroga,
2437 4610 2526 4678 qui
2563 4612 2732 4679 prima
2771 4618 2955 4678 utpote
3006 4626 3135 4664 voce
3172 4611 3535 4680 qualitercun-

1966 4716 2069 4769 que
2095 4702 2323 4769 coeperit
2365 4702 2530 4773 loqui,
2568 4714 2621 4757 et
2648 4706 2808 4759 dicito
2829 4707 2913 4760 ei;
2944 4705 3102 4759 Pater
3131 4716 3252 4760 tuus
3291 4705 3379 4758 ubi
3416 4706 3536 4759 est?

1964 4792 2071 4844 Aut
2105 4793 2243 4845 sicut
2272 4808 2672 4849 consueverunt
2721 4796 2961 4851 infantes
3001 4809 3208 4868 patrem
3256 4795 3531 4864 appellare

1966 4890 2011 4942 si
2053 4889 2401 4957 semetipsum
2450 4892 2779 4955 ostenderit,
2839 4898 3019 4963 arguit
3071 4910 3158 4947 me
3211 4894 3389 4947 infans
3432 4912 3447 4948 :
3489 4893 3534 4946 si

1966 4989 2144 5034 autent
2182 4983 2439 5051 parvulus
2469 4984 2650 5037 statim
2689 4993 2747 5037 ut
2778 4984 2942 5039 fuerit
2979 4986 3338 5054 interrogatus
3373 4986 3533 5040 intel-
3583 5050 3605 5063 Α

1969 5074 2161 5128 lexerit
2196 5078 2324 5143 quid
2354 5078 2552 5145 qucris
2596 5078 2663 5131 ab
2694 5092 2779 5141 eo,
2816 5094 2939 5132 eum
2986 5078 3075 5146 qui
3124 5093 3183 5131 se
3222 5079 3407 5147 genuit
3441 5093 3532 5131 os-
3602 5102 3611 5108 ν

1974 5174 2191 5227 tendit:
2228 5172 2347 5226 vide
2392 5170 2520 5241 quid
2569 5170 2744 5225 audis.
2799 5171 2933 5225 Cum
2987 5180 3166 5225 autem
3217 5170 3534 5225 benedictus
3616 5152 3623 5168 λ

1964 5267 2156 5331 Filius,
2191 5275 2378 5320 tenens
2407 5278 2625 5333 panem,
2668 5263 2809 5317 levat
2836 5277 3027 5316 manus
3053 5278 3178 5317 suas
3206 5278 3442 5326 sursum,
3478 5271 3534 5318 ut

1967 5372 2110 5416 tuam
2148 5372 2381 5415 mentem
2413 5360 2477 5412 ad
2507 5374 2627 5412 eum
2664 5359 2752 5425 qui
2786 5372 2844 5411 se
2875 5358 3057 5425 genuit
3090 5356 3334 5420 extollat,
3373 5371 3533 5411 nosce

1964 5455 2200 5518 Patrem,
2234 5464 2288 5508 et
2314 5465 2463 5507 cessa
2507 5465 2704 5519 negare
2738 5448 2955 5503 Filium.
2991 5450 3046 5505 Si
3091 5450 3253 5521 igitur
3285 5448 3539 5519 Unigeni-

2217 5568 2263 5600 ”
2289 5566 2305 5621 1
2333 5565 2459 5621 Cor.
2502 5581 2582 5631 ιη,
2608 5566 2666 5620 Η
2799 5566 2817 5597 ⁸
2849 5567 2869 5619 Ι
2895 5564 3019 5619 Cor.
3066 5580 3121 5628 ι,
3146 5566 3201 5617 4.
3301 5564 3323 5598 ⁸
3346 5562 3539 5622 Matth.

2035 5735 2112 5806 (l)
2148 5733 2245 5791 Ms.
2272 5731 2353 5788 Ne
2372 5733 2677 5803 exstinguas
2708 5732 2801 5788 tibi
2825 5732 3019 5786 lumen.

3097 5886 3174 5948 3's
