  <div class='ocr_page' id='page_1' title='image "/cluster/home/n/w/nwhite01/storage/ocr_20150623/24/hvd.32044019207729/549.png"; bbox 0 0 3956 6548; ppageno 0'>
   <div class='ocr_carea' id='block_1_1' title="bbox 514 418 661 475">
    <p class='ocr_par' dir='ltr' id='par_1_1' title="bbox 514 418 661 475">
     <span class='ocr_line' id='line_1_1' title="bbox 514 418 661 475; baseline -0.02 0"><span class='ocrx_word' id='word_1_1' title='bbox 514 418 661 475; x_wconf 63' lang='grc' dir='ltr'><strong>Ἴθϐἲ</strong></span> 
     </span>
    </p>
   </div>
   <div class='ocr_carea' id='block_1_2' title="bbox 1214 406 2087 466">
    <p class='ocr_par' dir='ltr' id='par_1_2' title="bbox 1214 409 2087 466">
     <span class='ocr_line' id='line_1_2' title="bbox 1214 409 2087 466; baseline -0.006 -2"><span class='ocrx_word' id='word_1_2' title='bbox 1214 414 1479 466; x_wconf 59' lang='grc' dir='ltr'>κυδιλιειι</span> <span class='ocrx_word' id='word_1_3' title='bbox 1519 410 1996 465; x_wconf 56' lang='grc' dir='ltr'>υωδΑιιιωδιε</span> <span class='ocrx_word' id='word_1_4' title='bbox 2035 409 2087 460; x_wconf 73' lang='lat' dir='ltr'><strong>Ui</strong></span> 
     </span>
    </p>
   </div>
   <div class='ocr_carea' id='block_1_3' title="bbox 2190 406 3091 466">
    <p class='ocr_par' dir='ltr' id='par_1_3' title="bbox 2227 406 3091 464">
     <span class='ocr_line' id='line_1_3' title="bbox 2227 406 3091 464; baseline 0.003 -5"><span class='ocrx_word' id='word_1_5' title='bbox 2227 406 2404 462; x_wconf 76' lang='lat' dir='ltr'><strong>PARS</strong></span> <span class='ocrx_word' id='word_1_6' title='bbox 2442 406 2528 464; x_wconf 84' lang='lat' dir='ltr'><strong>iV.</strong></span> <span class='ocrx_word' id='word_1_7' title='bbox 2563 438 2631 451; x_wconf 90' lang='lat'><strong>—-</strong></span> <span class='ocrx_word' id='word_1_8' title='bbox 2670 406 3091 464; x_wconf 69' lang='lat' dir='ltr'><strong>DOGMATICA.</strong></span> 
     </span>
    </p>
   </div>
   <div class='ocr_carea' id='block_1_4' title="bbox 3594 413 3711 471">
    <p class='ocr_par' dir='ltr' id='par_1_4' title="bbox 3594 413 3711 471">
     <span class='ocr_line' id='line_1_4' title="bbox 3594 413 3711 471; baseline 0.026 -3"><span class='ocrx_word' id='word_1_9' title='bbox 3594 413 3711 471; x_wconf 67' lang='grc'><strong>1668</strong></span> 
     </span>
    </p>
   </div>
   <div class='ocr_carea' id='block_1_5' title="bbox 520 525 3709 603">
    <p class='ocr_par' dir='ltr' id='par_1_5' title="bbox 520 525 3709 603">
     <span class='ocr_line' id='line_1_5' title="bbox 520 525 3709 603; baseline -0.001 -12"><span class='ocrx_word' id='word_1_10' title='bbox 520 545 613 591; x_wconf 88' lang='lat' dir='ltr'><strong>tus</strong></span> <span class='ocrx_word' id='word_1_11' title='bbox 636 532 767 589; x_wconf 90' lang='lat' dir='ltr'><strong>dicit</strong></span> <span class='ocrx_word' id='word_1_12' title='bbox 804 552 815 587; x_wconf 77' lang='grc' dir='ltr'><strong>ε</strong></span> <span class='ocrx_word' id='word_1_13' title='bbox 860 531 1042 594; x_wconf 74' lang='lat' dir='ltr'><strong>Pater,</strong></span> <span class='ocrx_word' id='word_1_14' title='bbox 1068 532 1265 601; x_wconf 82' lang='lat' dir='ltr'><strong>gratias</strong></span> <span class='ocrx_word' id='word_1_15' title='bbox 1304 549 1401 603; x_wconf 84' lang='lat' dir='ltr'><strong>ago</strong></span> <span class='ocrx_word' id='word_1_16' title='bbox 1446 533 1564 597; x_wconf 89' lang='lat' dir='ltr'><strong>tibi,</strong></span> <span class='ocrx_word' id='word_1_17' title='bbox 1609 532 1733 603; x_wconf 87' lang='lat' dir='ltr'><strong>quia</strong></span> <span class='ocrx_word' id='word_1_18' title='bbox 1782 546 1981 598; x_wconf 84' lang='lat' dir='ltr'><strong>semper</strong></span> <span class='ocrx_word' id='word_1_19' title='bbox 2024 545 2101 582; x_wconf 87' lang='lat' dir='ltr'><strong>me</strong></span> <span class='ocrx_word' id='word_1_20' title='bbox 2131 531 2177 587; x_wconf 83' lang='lat' dir='ltr'><strong>A</strong></span> <span class='ocrx_word' id='word_1_21' title='bbox 2204 530 2381 583; x_wconf 89' lang='lat' dir='ltr'><strong>omnis</strong></span> <span class='ocrx_word' id='word_1_22' title='bbox 2404 529 2591 584; x_wconf 88' lang='lat' dir='ltr'><strong>beatus</strong></span> <span class='ocrx_word' id='word_1_23' title='bbox 2617 528 2784 595; x_wconf 80' lang='lat' dir='ltr'><strong>audit,</strong></span> <span class='ocrx_word' id='word_1_24' title='bbox 2811 528 2935 583; x_wconf 89' lang='lat' dir='ltr'><strong>inde</strong></span> <span class='ocrx_word' id='word_1_25' title='bbox 2965 538 3020 582; x_wconf 90' lang='lat' dir='ltr'><strong>et</strong></span> <span class='ocrx_word' id='word_1_26' title='bbox 3052 542 3150 582; x_wconf 87' lang='lat' dir='ltr'><strong>nos</strong></span> <span class='ocrx_word' id='word_1_27' title='bbox 3181 525 3410 583; x_wconf 82' lang='lat' dir='ltr'><strong>universi</strong></span> <span class='ocrx_word' id='word_1_28' title='bbox 3454 529 3709 588; x_wconf 76' lang='lat' dir='ltr'><strong>audiemus.</strong></span> 
     </span>
    </p>
   </div>
   <div class='ocr_carea' id='block_1_6' title="bbox 521 621 2093 693">
    <p class='ocr_par' dir='ltr' id='par_1_6' title="bbox 521 621 2093 693">
     <span class='ocr_line' id='line_1_6' title="bbox 521 621 2093 693; baseline -0.005 -13"><span class='ocrx_word' id='word_1_29' title='bbox 521 625 785 681; x_wconf 67' lang='lat' dir='ltr'><strong>exaudisti</strong></span> <span class='ocrx_word' id='word_1_30' title='bbox 816 640 834 677; x_wconf 89' lang='lat'><strong><em>:</em></strong></span> <span class='ocrx_word' id='word_1_31' title='bbox 862 625 951 677; x_wconf 86' lang='lat' dir='ltr'><strong>sed</strong></span> <span class='ocrx_word' id='word_1_32' title='bbox 978 634 1186 693; x_wconf 77' lang='lat' dir='ltr'><strong>propter</strong></span> <span class='ocrx_word' id='word_1_33' title='bbox 1207 625 1625 678; x_wconf 83' lang='lat' dir='ltr'><strong>circumstantem</strong></span> <span class='ocrx_word' id='word_1_34' title='bbox 1660 621 1909 691; x_wconf 82' lang='lat' dir='ltr'><strong>populum</strong></span> <span class='ocrx_word' id='word_1_35' title='bbox 1935 622 2093 674; x_wconf 87' lang='lat' dir='ltr'><strong>istum</strong></span> 
     </span>
    </p>
   </div>
   <div class='ocr_carea' id='block_1_7' title="bbox 523 714 2091 783">
    <p class='ocr_par' dir='ltr' id='par_1_7' title="bbox 523 714 2091 783">
     <span class='ocr_line' id='line_1_7' title="bbox 523 714 2091 783; baseline -0.004 -12"><span class='ocrx_word' id='word_1_36' title='bbox 523 718 662 781; x_wconf 80' lang='lat' dir='ltr'><strong>dico,</strong></span> <span class='ocrx_word' id='word_1_37' title='bbox 695 727 750 770; x_wconf 86' lang='lat' dir='ltr'><strong>ut</strong></span> <span class='ocrx_word' id='word_1_38' title='bbox 780 716 995 769; x_wconf 75' lang='lat' dir='ltr'><strong>credant</strong></span> <span class='ocrx_word' id='word_1_39' title='bbox 1027 716 1151 783; x_wconf 87' lang='lat' dir='ltr'><strong>quia</strong></span> <span class='ocrx_word' id='word_1_40' title='bbox 1182 726 1236 767; x_wconf 90' lang='lat' dir='ltr'><strong>tu</strong></span> <span class='ocrx_word' id='word_1_41' title='bbox 1277 730 1358 768; x_wconf 89' lang='lat' dir='ltr'><strong>me</strong></span> <span class='ocrx_word' id='word_1_42' title='bbox 1390 714 1577 768; x_wconf 90' lang='lat' dir='ltr'><strong>misisti</strong></span> <span class='ocrx_word' id='word_1_43' title='bbox 1606 714 1644 766; x_wconf 89' lang='grc'><strong>³.</strong></span> <span class='ocrx_word' id='word_1_44' title='bbox 1690 714 1794 768; x_wconf 88' lang='lat' dir='ltr'><strong>Ista</strong></span> <span class='ocrx_word' id='word_1_45' title='bbox 1826 714 2091 780; x_wconf 89' lang='lat' dir='ltr'><strong>interpre-</strong></span> 
     </span>
    </p>
   </div>
   <div class='ocr_carea' id='block_1_8' title="bbox 524 802 2095 876">
    <p class='ocr_par' dir='ltr' id='par_1_8' title="bbox 524 802 2095 876">
     <span class='ocr_line' id='line_1_8' title="bbox 524 802 2095 876; baseline -0.004 -14"><span class='ocrx_word' id='word_1_46' title='bbox 524 810 728 863; x_wconf 88' lang='lat' dir='ltr'><strong>tatione</strong></span> <span class='ocrx_word' id='word_1_47' title='bbox 775 823 877 861; x_wconf 87' lang='lat' dir='ltr'><strong>non</strong></span> <span class='ocrx_word' id='word_1_48' title='bbox 920 806 1165 876; x_wconf 88' lang='lat' dir='ltr'><strong>indigent</strong></span> <span class='ocrx_word' id='word_1_49' title='bbox 1191 825 1205 859; x_wconf 90' lang='lat'>:</span> <span class='ocrx_word' id='word_1_50' title='bbox 1234 815 1288 860; x_wconf 91' lang='lat' dir='ltr'><strong>et</strong></span> <span class='ocrx_word' id='word_1_51' title='bbox 1318 805 1567 859; x_wconf 88' lang='lat' dir='ltr'><strong>sedemus</strong></span> <span class='ocrx_word' id='word_1_52' title='bbox 1596 814 1655 858; x_wconf 90' lang='lat' dir='ltr'><strong>ut</strong></span> <span class='ocrx_word' id='word_1_53' title='bbox 1709 802 1993 867; x_wconf 86' lang='lat' dir='ltr'><strong>insensati,</strong></span> <span class='ocrx_word' id='word_1_54' title='bbox 2040 810 2095 855; x_wconf 91' lang='lat' dir='ltr'><strong>et</strong></span> 
     </span>
    </p>
   </div>
   <div class='ocr_carea' id='block_1_9' title="bbox 524 894 2093 967">
    <p class='ocr_par' dir='ltr' id='par_1_9' title="bbox 524 894 2093 967">
     <span class='ocr_line' id='line_1_9' title="bbox 524 894 2093 967; baseline -0.006 -13"><span class='ocrx_word' id='word_1_55' title='bbox 524 897 781 954; x_wconf 83' lang='lat' dir='ltr'><strong>ludimus.</strong></span> <span class='ocrx_word' id='word_1_56' title='bbox 837 899 972 953; x_wconf 85' lang='lat' dir='ltr'><strong>Num</strong></span> <span class='ocrx_word' id='word_1_57' title='bbox 1040 899 1389 967; x_wconf 89' lang='lat' dir='ltr'><strong>semetipsum</strong></span> <span class='ocrx_word' id='word_1_58' title='bbox 1458 896 1644 966; x_wconf 88' lang='lat' dir='ltr'><strong>genuit</strong></span> <span class='ocrx_word' id='word_1_59' title='bbox 1707 894 1907 950; x_wconf 85' lang='lat' dir='ltr'><strong>Pater?</strong></span> <span class='ocrx_word' id='word_1_60' title='bbox 1966 908 2093 946; x_wconf 89' lang='lat' dir='ltr'><strong>num</strong></span> 
     </span>
    </p>
   </div>
   <div class='ocr_carea' id='block_1_10' title="bbox 523 984 2094 1059">
    <p class='ocr_par' dir='ltr' id='par_1_10' title="bbox 523 984 2094 1059">
     <span class='ocr_line' id='line_1_10' title="bbox 523 984 2094 1059; baseline -0.005 -14"><span class='ocrx_word' id='word_1_61' title='bbox 523 991 874 1059; x_wconf 80' lang='lat' dir='ltr'><strong>semetipsum</strong></span> <span class='ocrx_word' id='word_1_62' title='bbox 924 991 1116 1045; x_wconf 80' lang='lat' dir='ltr'><strong>misit?</strong></span> <span class='ocrx_word' id='word_1_63' title='bbox 1151 1004 1275 1043; x_wconf 92' lang='lat' dir='ltr'><strong>num</strong></span> <span class='ocrx_word' id='word_1_64' title='bbox 1304 989 1649 1057; x_wconf 85' lang='lat' dir='ltr'><strong>semetipsum</strong></span> <span class='ocrx_word' id='word_1_65' title='bbox 1682 993 1823 1049; x_wconf 89' lang='lat' dir='ltr'><strong>orat,</strong></span> <span class='ocrx_word' id='word_1_66' title='bbox 1866 995 1921 1039; x_wconf 89' lang='lat' dir='ltr'><strong>et</strong></span> <span class='ocrx_word' id='word_1_67' title='bbox 1966 984 2094 1038; x_wconf 87' lang='lat' dir='ltr'><strong>sibi-</strong></span> 
     </span>
    </p>
   </div>
   <div class='ocr_carea' id='block_1_11' title="bbox 441 1070 2085 1153">
    <p class='ocr_par' dir='ltr' id='par_1_11' title="bbox 441 1070 2085 1153">
     <span class='ocr_line' id='line_1_11' title="bbox 441 1070 2085 1153; baseline -0.004 -16"><span class='ocrx_word' id='word_1_68' title='bbox 441 1070 453 1083; x_wconf 75' lang='grc'><em>’</em></span> <span class='ocrx_word' id='word_1_69' title='bbox 521 1084 734 1152; x_wconf 90' lang='lat' dir='ltr'><strong>metipsi</strong></span> <span class='ocrx_word' id='word_1_70' title='bbox 762 1082 964 1152; x_wconf 81' lang='lat' dir='ltr'><strong>gratias</strong></span> <span class='ocrx_word' id='word_1_71' title='bbox 999 1083 1126 1153; x_wconf 88' lang='lat' dir='ltr'><strong>agit,</strong></span> <span class='ocrx_word' id='word_1_72' title='bbox 1167 1090 1222 1135; x_wconf 90' lang='lat' dir='ltr'><strong>et</strong></span> <span class='ocrx_word' id='word_1_73' title='bbox 1282 1081 1397 1150; x_wconf 90' lang='lat' dir='ltr'><strong>ipse</strong></span> <span class='ocrx_word' id='word_1_74' title='bbox 1440 1080 1540 1135; x_wconf 87' lang='lat' dir='ltr'><strong>sibi</strong></span> <span class='ocrx_word' id='word_1_75' title='bbox 1593 1090 1677 1134; x_wconf 90' lang='lat' dir='ltr'><strong>est</strong></span> <span class='ocrx_word' id='word_1_76' title='bbox 1719 1076 1909 1144; x_wconf 87' lang='lat' dir='ltr'><strong>Filius,</strong></span> <span class='ocrx_word' id='word_1_77' title='bbox 1966 1077 2085 1147; x_wconf 90' lang='lat' dir='ltr'><strong>ipse</strong></span> 
     </span>
    </p>
   </div>
   <div class='ocr_carea' id='block_1_12' title="bbox 522 1169 2088 1243">
    <p class='ocr_par' dir='ltr' id='par_1_12' title="bbox 522 1169 2088 1243">
     <span class='ocr_line' id='line_1_12' title="bbox 522 1169 2088 1243; baseline -0.004 -14"><span class='ocrx_word' id='word_1_78' title='bbox 522 1174 623 1229; x_wconf 87' lang='lat' dir='ltr'><strong>sibi</strong></span> <span class='ocrx_word' id='word_1_79' title='bbox 664 1183 745 1229; x_wconf 90' lang='lat' dir='ltr'><strong>est</strong></span> <span class='ocrx_word' id='word_1_80' title='bbox 778 1174 1038 1242; x_wconf 76' lang='lat' dir='ltr'><strong>pontifex,</strong></span> <span class='ocrx_word' id='word_1_81' title='bbox 1074 1174 1187 1243; x_wconf 87' lang='lat' dir='ltr'><strong>ipse</strong></span> <span class='ocrx_word' id='word_1_82' title='bbox 1243 1173 1344 1227; x_wconf 87' lang='lat' dir='ltr'><strong>sibi</strong></span> <span class='ocrx_word' id='word_1_83' title='bbox 1375 1182 1456 1227; x_wconf 89' lang='lat' dir='ltr'><strong>est</strong></span> <span class='ocrx_word' id='word_1_84' title='bbox 1487 1186 1677 1242; x_wconf 89' lang='lat' dir='ltr'><strong>agnus,</strong></span> <span class='ocrx_word' id='word_1_85' title='bbox 1702 1169 1831 1241; x_wconf 81' lang='lat' dir='ltr'><strong>ipse</strong></span> <span class='ocrx_word' id='word_1_86' title='bbox 1868 1169 1970 1225; x_wconf 86' lang='lat' dir='ltr'><strong>sibi</strong></span> <span class='ocrx_word' id='word_1_87' title='bbox 1999 1175 2088 1223; x_wconf 84' lang='lat' dir='ltr'><strong>est</strong></span> 
     </span>
    </p>
   </div>
   <div class='ocr_carea' id='block_1_13' title="bbox 522 1262 2095 1335">
    <p class='ocr_par' dir='ltr' id='par_1_13' title="bbox 522 1262 2095 1335">
     <span class='ocr_line' id='line_1_13' title="bbox 522 1262 2095 1335; baseline -0.001 -19"><span class='ocrx_word' id='word_1_88' title='bbox 522 1266 635 1327; x_wconf 85' lang='lat' dir='ltr'><strong>via,</strong></span> <span class='ocrx_word' id='word_1_89' title='bbox 660 1265 775 1333; x_wconf 89' lang='lat' dir='ltr'><strong>ipse</strong></span> <span class='ocrx_word' id='word_1_90' title='bbox 808 1266 907 1319; x_wconf 87' lang='lat' dir='ltr'><strong>sibi</strong></span> <span class='ocrx_word' id='word_1_91' title='bbox 976 1274 1060 1319; x_wconf 89' lang='lat' dir='ltr'><strong>est</strong></span> <span class='ocrx_word' id='word_1_92' title='bbox 1090 1263 1303 1335; x_wconf 68' lang='lat' dir='ltr'><strong>‘janua?</strong></span> <span class='ocrx_word' id='word_1_93' title='bbox 1338 1264 1416 1319; x_wconf 87' lang='lat' dir='ltr'><strong>‘Et</strong></span> <span class='ocrx_word' id='word_1_94' title='bbox 1459 1264 1578 1333; x_wconf 87' lang='lat' dir='ltr'><strong>quis</strong></span> <span class='ocrx_word' id='word_1_95' title='bbox 1614 1265 1747 1329; x_wconf 64' lang='lat' dir='ltr'><strong>haec,</strong></span> <span class='ocrx_word' id='word_1_96' title='bbox 1782 1262 1995 1317; x_wconf 88' lang='lat' dir='ltr'><strong>etiamsi</strong></span> <span class='ocrx_word' id='word_1_97' title='bbox 2025 1263 2095 1316; x_wconf 89' lang='lat' dir='ltr'><strong>sit</strong></span> 
     </span>
    </p>
   </div>
   <div class='ocr_carea' id='block_1_14' title="bbox 518 1355 2095 1426">
    <p class='ocr_par' dir='ltr' id='par_1_14' title="bbox 518 1355 2095 1426">
     <span class='ocr_line' id='line_1_14' title="bbox 518 1355 2095 1426; baseline -0.002 -17"><span class='ocrx_word' id='word_1_98' title='bbox 518 1357 1023 1425; x_wconf 83' lang='lat' dir='ltr'><strong>insipientissimus,</strong></span> <span class='ocrx_word' id='word_1_99' title='bbox 1076 1357 1350 1426; x_wconf 79' lang='lat' dir='ltr'><strong>patietur?</strong></span> <span class='ocrx_word' id='word_1_100' title='bbox 1400 1355 1532 1409; x_wconf 81' lang='lat' dir='ltr'><strong>Num</strong></span> <span class='ocrx_word' id='word_1_101' title='bbox 1585 1370 1692 1409; x_wconf 88' lang='lat' dir='ltr'><strong>una</strong></span> <span class='ocrx_word' id='word_1_102' title='bbox 1744 1369 1849 1408; x_wconf 84' lang='lat' dir='ltr'><strong>vox</strong></span> <span class='ocrx_word' id='word_1_103' title='bbox 1911 1364 1994 1409; x_wconf 89' lang='lat' dir='ltr'><strong>est</strong></span> <span class='ocrx_word' id='word_1_104' title='bbox 2036 1363 2095 1407; x_wconf 90' lang='lat' dir='ltr'><strong>ut</strong></span> 
     </span>
    </p>
   </div>
   <div class='ocr_carea' id='block_1_15' title="bbox 521 1445 2093 1515">
    <p class='ocr_par' dir='ltr' id='par_1_15' title="bbox 521 1445 2093 1515">
     <span class='ocr_line' id='line_1_15' title="bbox 521 1445 2093 1515; baseline -0.002 -12"><span class='ocrx_word' id='word_1_105' title='bbox 521 1450 1031 1515; x_wconf 83' lang='lat' dir='ltr'><strong>circumveniamus,</strong></span> <span class='ocrx_word' id='word_1_106' title='bbox 1069 1466 1169 1503; x_wconf 87' lang='lat' dir='ltr'><strong>una</strong></span> <span class='ocrx_word' id='word_1_107' title='bbox 1210 1457 1290 1505; x_wconf 90' lang='lat' dir='ltr'><strong>est</strong></span> <span class='ocrx_word' id='word_1_108' title='bbox 1314 1449 1489 1503; x_wconf 87' lang='lat' dir='ltr'><strong>littera</strong></span> <span class='ocrx_word' id='word_1_109' title='bbox 1518 1458 1576 1502; x_wconf 91' lang='lat' dir='ltr'><strong>ut</strong></span> <span class='ocrx_word' id='word_1_110' title='bbox 1609 1447 1921 1504; x_wconf 81' lang='lat' dir='ltr'><strong>deleamus?</strong></span> <span class='ocrx_word' id='word_1_111' title='bbox 1955 1445 2093 1501; x_wconf 85' lang='lat' dir='ltr'><strong>Dicit</strong></span> 
     </span>
    </p>
   </div>
   <div class='ocr_carea' id='block_1_16' title="bbox 521 1537 2093 1611">
    <p class='ocr_par' dir='ltr' id='par_1_16' title="bbox 521 1537 2093 1611">
     <span class='ocr_line' id='line_1_16' title="bbox 521 1537 2093 1611; baseline 0.001 -18"><span class='ocrx_word' id='word_1_112' title='bbox 521 1540 666 1593; x_wconf 89' lang='lat' dir='ltr'><strong>enim</strong></span> <span class='ocrx_word' id='word_1_113' title='bbox 718 1540 908 1593; x_wconf 85' lang='lat' dir='ltr'><strong>iterum</strong></span> <span class='ocrx_word' id='word_1_114' title='bbox 968 1540 1283 1594; x_wconf 60' lang='lat' dir='ltr'><strong>Duminuss:</strong></span> <span class='ocrx_word' id='word_1_115' title='bbox 1325 1539 1463 1595; x_wconf 87' lang='lat' dir='ltr'><strong>Ecce</strong></span> <span class='ocrx_word' id='word_1_116' title='bbox 1518 1555 1609 1609; x_wconf 86' lang='lat' dir='ltr'><strong>ego</strong></span> <span class='ocrx_word' id='word_1_117' title='bbox 1664 1539 1826 1611; x_wconf 83' lang='lat' dir='ltr'><strong>diligo</strong></span> <span class='ocrx_word' id='word_1_118' title='bbox 1880 1537 2093 1594; x_wconf 78' lang='lat' dir='ltr'><strong>Patrem</strong></span> 
     </span>
    </p>
   </div>
   <div class='ocr_carea' id='block_1_17' title="bbox 522 1615 2091 1699">
    <p class='ocr_par' dir='ltr' id='par_1_17' title="bbox 522 1615 2091 1699">
     <span class='ocr_line' id='line_1_17' title="bbox 522 1615 2091 1699; baseline -0.001 -16"><span class='ocrx_word' id='word_1_119' title='bbox 522 1646 693 1683; x_wconf 88' lang='lat' dir='ltr'><strong>meum</strong></span> <span class='ocrx_word' id='word_1_120' title='bbox 719 1629 760 1694; x_wconf 72' lang='grc'><strong>⁸,</strong></span> <span class='ocrx_word' id='word_1_121' title='bbox 794 1647 885 1698; x_wconf 87' lang='lat' dir='ltr'><strong>ego</strong></span> <span class='ocrx_word' id='word_1_122' title='bbox 920 1630 1114 1683; x_wconf 84' lang='lat' dir='ltr'><strong>honoro</strong></span> <span class='ocrx_word' id='word_1_123' title='bbox 1160 1630 1370 1685; x_wconf 82' lang='lat' dir='ltr'><strong>Patrem</strong></span> <span class='ocrx_word' id='word_1_124' title='bbox 1397 1646 1569 1684; x_wconf 83' lang='lat' dir='ltr'><strong>meum</strong></span> <span class='ocrx_word' id='word_1_125' title='bbox 1592 1632 1635 1694; x_wconf 81' lang='grc'><strong>⁵,</strong></span> <span class='ocrx_word' id='word_1_126' title='bbox 1678 1615 1971 1699; x_wconf 65' lang='lat' dir='ltr'><strong>operaque:</strong></span> <span class='ocrx_word' id='word_1_127' title='bbox 2000 1644 2091 1699; x_wconf 89' lang='lat' dir='ltr'><strong>ego</strong></span> 
     </span>
    </p>
   </div>
   <div class='ocr_carea' id='block_1_18' title="bbox 516 1722 2091 1793">
    <p class='ocr_par' dir='ltr' id='par_1_18' title="bbox 516 1722 2091 1793">
     <span class='ocr_line' id='line_1_18' title="bbox 516 1722 2091 1793; baseline 0 -18"><span class='ocrx_word' id='word_1_128' title='bbox 516 1722 661 1790; x_wconf 82' lang='lat' dir='ltr'><strong>facio</strong></span> <span class='ocrx_word' id='word_1_129' title='bbox 682 1724 770 1776; x_wconf 88' lang='lat' dir='ltr'><strong>ille</strong></span> <span class='ocrx_word' id='word_1_130' title='bbox 790 1724 936 1792; x_wconf 81' lang='lat' dir='ltr'><strong>facit,</strong></span> <span class='ocrx_word' id='word_1_131' title='bbox 978 1722 1136 1777; x_wconf 84' lang='lat' dir='ltr'><strong>Pater</strong></span> <span class='ocrx_word' id='word_1_132' title='bbox 1177 1740 1319 1778; x_wconf 88' lang='lat' dir='ltr'><strong>meus</strong></span> <span class='ocrx_word' id='word_1_133' title='bbox 1359 1724 1596 1793; x_wconf 82' lang='lat' dir='ltr'><strong>quotidie</strong></span> <span class='ocrx_word' id='word_1_134' title='bbox 1626 1732 1881 1790; x_wconf 84' lang='lat' dir='ltr'><strong>operatur</strong></span> <span class='ocrx_word' id='word_1_135' title='bbox 1918 1731 1966 1776; x_wconf 90' lang='lat' dir='ltr'><strong>et</strong></span> <span class='ocrx_word' id='word_1_136' title='bbox 1999 1738 2091 1791; x_wconf 82' lang='lat' dir='ltr'><strong>ego</strong></span> 
     </span>
    </p>
   </div>
   <div class='ocr_carea' id='block_1_19' title="bbox 522 1812 2091 1881">
    <p class='ocr_par' dir='ltr' id='par_1_19' title="bbox 522 1812 2091 1881">
     <span class='ocr_line' id='line_1_19' title="bbox 522 1812 2091 1881; baseline 0 -15"><span class='ocrx_word' id='word_1_137' title='bbox 522 1830 708 1881; x_wconf 85' lang='lat' dir='ltr'><strong>operor</strong></span> <span class='ocrx_word' id='word_1_138' title='bbox 735 1816 775 1875; x_wconf 84' lang='grc'><strong>⁸,</strong></span> <span class='ocrx_word' id='word_1_139' title='bbox 807 1816 852 1866; x_wconf 86' lang='lat' dir='ltr'><strong>si</strong></span> <span class='ocrx_word' id='word_1_140' title='bbox 888 1814 1096 1867; x_wconf 79' lang='lat' dir='ltr'><strong>creditis</strong></span> <span class='ocrx_word' id='word_1_141' title='bbox 1127 1815 1179 1866; x_wconf 89' lang='lat' dir='ltr'><strong>iu</strong></span> <span class='ocrx_word' id='word_1_142' title='bbox 1211 1813 1373 1867; x_wconf 86' lang='lat' dir='ltr'><strong>Deum</strong></span> <span class='ocrx_word' id='word_1_143' title='bbox 1405 1825 1452 1867; x_wconf 87' lang='lat' dir='ltr'><strong>et</strong></span> <span class='ocrx_word' id='word_1_144' title='bbox 1482 1814 1537 1867; x_wconf 88' lang='lat' dir='ltr'><strong>in</strong></span> <span class='ocrx_word' id='word_1_145' title='bbox 1573 1830 1653 1867; x_wconf 88' lang='lat' dir='ltr'><strong>me</strong></span> <span class='ocrx_word' id='word_1_146' title='bbox 1694 1813 1927 1878; x_wconf 85' lang='lat' dir='ltr'><strong>creditis,</strong></span> <span class='ocrx_word' id='word_1_147' title='bbox 1958 1812 2091 1866; x_wconf 80' lang='lat' dir='ltr'><strong>vado</strong></span> 
     </span>
    </p>
   </div>
   <div class='ocr_carea' id='block_1_20' title="bbox 2198 621 3711 692">
    <p class='ocr_par' dir='ltr' id='par_1_20' title="bbox 2198 621 3711 692">
     <span class='ocr_line' id='line_1_20' title="bbox 2198 621 3711 692; baseline 0.003 -18"><span class='ocrx_word' id='word_1_148' title='bbox 2198 622 2240 674; x_wconf 82' lang='lat' dir='ltr'><strong>A</strong></span> <span class='ocrx_word' id='word_1_149' title='bbox 2272 621 2409 675; x_wconf 84' lang='lat' dir='ltr'><strong>Filio</strong></span> <span class='ocrx_word' id='word_1_150' title='bbox 2436 622 2569 676; x_wconf 86' lang='lat' dir='ltr'><strong>nihil</strong></span> <span class='ocrx_word' id='word_1_151' title='bbox 2609 621 2790 675; x_wconf 86' lang='lat' dir='ltr'><strong>audiat</strong></span> <span class='ocrx_word' id='word_1_152' title='bbox 2837 636 3053 689; x_wconf 87' lang='lat' dir='ltr'><strong>sponsa,</strong></span> <span class='ocrx_word' id='word_1_153' title='bbox 3094 622 3233 690; x_wconf 89' lang='lat' dir='ltr'><strong>quod</strong></span> <span class='ocrx_word' id='word_1_154' title='bbox 3281 636 3384 674; x_wconf 93' lang='lat' dir='ltr'><strong>non</strong></span> <span class='ocrx_word' id='word_1_155' title='bbox 3437 630 3515 675; x_wconf 81' lang='lat' dir='ltr'><strong>est</strong></span> <span class='ocrx_word' id='word_1_156' title='bbox 3561 626 3711 692; x_wconf 95' lang='lat' dir='ltr'><strong>sponsi</strong></span> 
     </span>
    </p>
   </div>
   <div class='ocr_carea' id='block_1_21' title="bbox 2197 712 3712 786">
    <p class='ocr_par' dir='ltr' id='par_1_21' title="bbox 2197 712 3712 786">
     <span class='ocr_line' id='line_1_21' title="bbox 2197 712 3712 786; baseline 0.005 -20"><span class='ocrx_word' id='word_1_157' title='bbox 2197 712 2300 766; x_wconf 86' lang='lat' dir='ltr'><strong>sui.</strong></span> <span class='ocrx_word' id='word_1_158' title='bbox 2334 712 2390 766; x_wconf 90' lang='lat' dir='ltr'><strong>Si</strong></span> <span class='ocrx_word' id='word_1_159' title='bbox 2422 713 2633 782; x_wconf 83' lang='lat' dir='ltr'><strong>quidem</strong></span> <span class='ocrx_word' id='word_1_160' title='bbox 2665 728 2768 766; x_wconf 88' lang='lat' dir='ltr'><strong>non</strong></span> <span class='ocrx_word' id='word_1_161' title='bbox 2796 713 2921 768; x_wconf 88' lang='lat' dir='ltr'><strong>licet</strong></span> <span class='ocrx_word' id='word_1_162' title='bbox 2962 728 3170 781; x_wconf 68' lang='lat' dir='ltr'><strong>sponsas</strong></span> <span class='ocrx_word' id='word_1_163' title='bbox 3201 712 3424 767; x_wconf 86' lang='lat' dir='ltr'><strong>alienam</strong></span> <span class='ocrx_word' id='word_1_164' title='bbox 3474 716 3712 786; x_wconf 81' lang='lat' dir='ltr'><strong>suscipere</strong></span> 
     </span>
    </p>
   </div>
   <div class='ocr_carea' id='block_1_22' title="bbox 2197 803 3713 866">
    <p class='ocr_par' dir='ltr' id='par_1_22' title="bbox 2197 803 3713 866">
     <span class='ocr_line' id='line_1_22' title="bbox 2197 803 3713 866; baseline 0.005 -10"><span class='ocrx_word' id='word_1_165' title='bbox 2197 803 2250 856; x_wconf 92' lang='lat' dir='ltr'><strong>in</strong></span> <span class='ocrx_word' id='word_1_166' title='bbox 2298 803 2516 858; x_wconf 85' lang='lat' dir='ltr'><strong>auribus</strong></span> <span class='ocrx_word' id='word_1_167' title='bbox 2561 819 2776 866; x_wconf 83' lang='lat' dir='ltr'><strong>vocem,</strong></span> <span class='ocrx_word' id='word_1_168' title='bbox 2811 806 2972 859; x_wconf 90' lang='lat' dir='ltr'><strong>etiam</strong></span> <span class='ocrx_word' id='word_1_169' title='bbox 3006 804 3052 858; x_wconf 89' lang='lat' dir='ltr'><strong>si</strong></span> <span class='ocrx_word' id='word_1_170' title='bbox 3085 803 3279 859; x_wconf 82' lang='lat' dir='ltr'><strong>Paulus</strong></span> <span class='ocrx_word' id='word_1_171' title='bbox 3334 807 3488 861; x_wconf 86' lang='lat' dir='ltr'><strong>dicat.</strong></span> <span class='ocrx_word' id='word_1_172' title='bbox 3540 807 3631 862; x_wconf 88' lang='lat' dir='ltr'><strong>Sed</strong></span> <span class='ocrx_word' id='word_1_173' title='bbox 3655 822 3713 863; x_wconf 73' lang='lat' dir='ltr'><strong>‘ut</strong></span> 
     </span>
    </p>
   </div>
   <div class='ocr_carea' id='block_1_23' title="bbox 2196 893 3712 971">
    <p class='ocr_par' dir='ltr' id='par_1_23' title="bbox 2196 893 3712 971">
     <span class='ocr_line' id='line_1_23' title="bbox 2196 893 3712 971; baseline 0.005 -24"><span class='ocrx_word' id='word_1_174' title='bbox 2196 907 2300 947; x_wconf 90' lang='lat' dir='ltr'><strong>non</strong></span> <span class='ocrx_word' id='word_1_175' title='bbox 2327 893 2596 950; x_wconf 87' lang='lat' dir='ltr'><strong>dubitaret</strong></span> <span class='ocrx_word' id='word_1_176' title='bbox 2619 910 2814 963; x_wconf 90' lang='lat' dir='ltr'><strong>sponsa</strong></span> <span class='ocrx_word' id='word_1_177' title='bbox 2850 896 2917 950; x_wconf 91' lang='lat' dir='ltr'><strong>de</strong></span> <span class='ocrx_word' id='word_1_178' title='bbox 2968 895 3154 961; x_wconf 89' lang='lat' dir='ltr'><strong>Paulo,</strong></span> <span class='ocrx_word' id='word_1_179' title='bbox 3193 896 3270 951; x_wconf 85' lang='lat' dir='ltr'><strong>ait</strong></span> <span class='ocrx_word' id='word_1_180' title='bbox 3301 898 3411 967; x_wconf 90' lang='lat' dir='ltr'><strong>ipse</strong></span> <span class='ocrx_word' id='word_1_181' title='bbox 3432 916 3454 952; x_wconf 68' lang='lat'><strong>‘:</strong></span> <span class='ocrx_word' id='word_1_182' title='bbox 3490 898 3563 953; x_wconf 85' lang='grc' dir='ltr'><strong>Αη</strong></span> <span class='ocrx_word' id='word_1_183' title='bbox 3587 915 3712 971; x_wconf 71' lang='lat' dir='ltr'><strong>cxpe-</strong></span> 
     </span>
    </p>
   </div>
   <div class='ocr_carea' id='block_1_24' title="bbox 2195 985 3713 1056">
    <p class='ocr_par' dir='ltr' id='par_1_24' title="bbox 2195 985 3713 1056">
     <span class='ocr_line' id='line_1_24' title="bbox 2195 985 3713 1056; baseline 0.005 -17"><span class='ocrx_word' id='word_1_184' title='bbox 2195 985 2468 1040; x_wconf 87' lang='lat' dir='ltr'><strong>rimentum</strong></span> <span class='ocrx_word' id='word_1_185' title='bbox 2490 989 2724 1056; x_wconf 66' lang='lat' dir='ltr'><strong>quaeritis</strong></span> <span class='ocrx_word' id='word_1_186' title='bbox 2746 988 2858 1055; x_wconf 85' lang='lat' dir='ltr'><strong>ejus</strong></span> <span class='ocrx_word' id='word_1_187' title='bbox 2877 989 2967 1055; x_wconf 87' lang='lat' dir='ltr'><strong>qui</strong></span> <span class='ocrx_word' id='word_1_188' title='bbox 2998 990 3047 1040; x_wconf 86' lang='lat' dir='ltr'><strong>in</strong></span> <span class='ocrx_word' id='word_1_189' title='bbox 3075 1004 3155 1041; x_wconf 89' lang='lat' dir='ltr'><strong>me</strong></span> <span class='ocrx_word' id='word_1_190' title='bbox 3172 987 3400 1054; x_wconf 82' lang='lat' dir='ltr'><strong>loquitur</strong></span> <span class='ocrx_word' id='word_1_191' title='bbox 3418 988 3632 1045; x_wconf 80' lang='lat' dir='ltr'><strong>Christus</strong></span> <span class='ocrx_word' id='word_1_192' title='bbox 3653 991 3713 1047; x_wconf 80' lang='lat' dir='ltr'><strong>“l</strong></span> 
     </span>
    </p>
   </div>
   <div class='ocr_carea' id='block_1_25' title="bbox 2197 1078 3705 1150">
    <p class='ocr_par' dir='ltr' id='par_1_25' title="bbox 2197 1078 3705 1150">
     <span class='ocr_line' id='line_1_25' title="bbox 2197 1078 3705 1150; baseline 0.003 -17"><span class='ocrx_word' id='word_1_193' title='bbox 2197 1078 2523 1149; x_wconf 84' lang='lat' dir='ltr'><strong>Desponsavi</strong></span> <span class='ocrx_word' id='word_1_194' title='bbox 2554 1081 2695 1133; x_wconf 91' lang='lat' dir='ltr'><strong>enim</strong></span> <span class='ocrx_word' id='word_1_195' title='bbox 2734 1094 2848 1147; x_wconf 82' lang='lat' dir='ltr'><strong>vos,</strong></span> <span class='ocrx_word' id='word_1_196' title='bbox 2892 1080 3081 1150; x_wconf 89' lang='lat' dir='ltr'><strong>inquit,</strong></span> <span class='ocrx_word' id='word_1_197' title='bbox 3121 1082 3235 1135; x_wconf 91' lang='lat' dir='ltr'><strong>viro</strong></span> <span class='ocrx_word' id='word_1_198' title='bbox 3274 1082 3395 1146; x_wconf 91' lang='lat' dir='ltr'><strong>uni;</strong></span> <span class='ocrx_word' id='word_1_199' title='bbox 3429 1098 3526 1137; x_wconf 92' lang='lat' dir='ltr'><strong>non</strong></span> <span class='ocrx_word' id='word_1_200' title='bbox 3554 1092 3705 1139; x_wconf 88' lang='lat' dir='ltr'><strong>tamen</strong></span> 
     </span>
    </p>
   </div>
   <div class='ocr_carea' id='block_1_26' title="bbox 2195 1172 3708 1243">
    <p class='ocr_par' dir='ltr' id='par_1_26' title="bbox 2195 1172 3708 1243">
     <span class='ocr_line' id='line_1_26' title="bbox 2195 1172 3708 1243; baseline 0 -14"><span class='ocrx_word' id='word_1_201' title='bbox 2195 1173 2411 1242; x_wconf 90' lang='lat' dir='ltr'><strong>populo,</strong></span> <span class='ocrx_word' id='word_1_202' title='bbox 2470 1172 2563 1227; x_wconf 91' lang='lat' dir='ltr'><strong>sed</strong></span> <span class='ocrx_word' id='word_1_203' title='bbox 2614 1172 2714 1226; x_wconf 55' lang='lat' dir='ltr'><strong>’uni</strong></span> <span class='ocrx_word' id='word_1_204' title='bbox 2776 1172 3051 1243; x_wconf 86' lang='lat' dir='ltr'><strong>unigenito</strong></span> <span class='ocrx_word' id='word_1_205' title='bbox 3110 1188 3214 1228; x_wconf 86' lang='lat' dir='ltr'><strong>una</strong></span> <span class='ocrx_word' id='word_1_206' title='bbox 3266 1188 3475 1243; x_wconf 89' lang='lat' dir='ltr'><strong>sponsa.</strong></span> <span class='ocrx_word' id='word_1_207' title='bbox 3521 1174 3708 1231; x_wconf 78' lang='lat' dir='ltr'><strong>Amicus</strong></span> 
     </span>
    </p>
   </div>
   <div class='ocr_carea' id='block_1_27' title="bbox 2195 1263 3705 1337">
    <p class='ocr_par' dir='ltr' id='par_1_27' title="bbox 2195 1263 3705 1337">
     <span class='ocr_line' id='line_1_27' title="bbox 2195 1263 3705 1337; baseline 0.003 -20"><span class='ocrx_word' id='word_1_208' title='bbox 2195 1264 2337 1318; x_wconf 91' lang='lat' dir='ltr'><strong>enim</strong></span> <span class='ocrx_word' id='word_1_209' title='bbox 2390 1263 2571 1334; x_wconf 90' lang='lat' dir='ltr'><strong>sponsi</strong></span> <span class='ocrx_word' id='word_1_210' title='bbox 2619 1263 2706 1318; x_wconf 90' lang='lat' dir='ltr'><strong>ille</strong></span> <span class='ocrx_word' id='word_1_211' title='bbox 2742 1274 2825 1318; x_wconf 85' lang='lat' dir='ltr'><strong>est</strong></span> <span class='ocrx_word' id='word_1_212' title='bbox 2856 1266 2945 1333; x_wconf 88' lang='lat' dir='ltr'><strong>qui</strong></span> <span class='ocrx_word' id='word_1_213' title='bbox 2980 1265 3176 1334; x_wconf 90' lang='lat' dir='ltr'><strong>gaudet</strong></span> <span class='ocrx_word' id='word_1_214' title='bbox 3202 1266 3268 1321; x_wconf 90' lang='lat' dir='ltr'><strong>de</strong></span> <span class='ocrx_word' id='word_1_215' title='bbox 3317 1281 3506 1337; x_wconf 85' lang='lat' dir='ltr'><strong>sponsa</strong></span> <span class='ocrx_word' id='word_1_216' title='bbox 3535 1269 3705 1337; x_wconf 83' lang='lat' dir='ltr'><strong>sponsi.</strong></span> 
     </span>
    </p>
   </div>
   <div class='ocr_carea' id='block_1_28' title="bbox 2194 1354 3710 1429">
    <p class='ocr_par' dir='ltr' id='par_1_28' title="bbox 2194 1354 3710 1429">
     <span class='ocr_line' id='line_1_28' title="bbox 2194 1354 3710 1429; baseline 0.003 -20"><span class='ocrx_word' id='word_1_217' title='bbox 2194 1354 2309 1410; x_wconf 85' lang='lat' dir='ltr'><strong>Non</strong></span> <span class='ocrx_word' id='word_1_218' title='bbox 2332 1364 2416 1410; x_wconf 89' lang='lat' dir='ltr'><strong>est</strong></span> <span class='ocrx_word' id='word_1_219' title='bbox 2446 1355 2606 1409; x_wconf 88' lang='lat' dir='ltr'><strong>vidua</strong></span> <span class='ocrx_word' id='word_1_220' title='bbox 2639 1363 2824 1411; x_wconf 90' lang='lat' dir='ltr'><strong>sancta</strong></span> <span class='ocrx_word' id='word_1_221' title='bbox 2858 1356 3118 1412; x_wconf 84' lang='lat' dir='ltr'><strong>Ecclesia.</strong></span> <span class='ocrx_word' id='word_1_222' title='bbox 3160 1356 3302 1412; x_wconf 82' lang='lat' dir='ltr'><strong>Vivit</strong></span> <span class='ocrx_word' id='word_1_223' title='bbox 3341 1359 3479 1413; x_wconf 89' lang='lat' dir='ltr'><strong>enim</strong></span> <span class='ocrx_word' id='word_1_224' title='bbox 3520 1360 3598 1429; x_wconf 91' lang='lat' dir='ltr'><strong>qui</strong></span> <span class='ocrx_word' id='word_1_225' title='bbox 3622 1376 3710 1429; x_wconf 83' lang='lat' dir='ltr'><strong>pro</strong></span> 
     </span>
    </p>
   </div>
   <div class='ocr_carea' id='block_1_29' title="bbox 2192 1447 3709 1519">
    <p class='ocr_par' dir='ltr' id='par_1_29' title="bbox 2192 1447 3709 1519">
     <span class='ocr_line' id='line_1_29' title="bbox 2192 1447 3709 1519; baseline 0.005 -18"><span class='ocrx_word' id='word_1_226' title='bbox 2192 1447 2304 1517; x_wconf 88' lang='lat' dir='ltr'><strong>ipsa</strong></span> <span class='ocrx_word' id='word_1_227' title='bbox 2337 1456 2417 1501; x_wconf 91' lang='lat' dir='ltr'><strong>est</strong></span> <span class='ocrx_word' id='word_1_228' title='bbox 2458 1458 2724 1502; x_wconf 89' lang='lat' dir='ltr'><strong>mortuus.</strong></span> <span class='ocrx_word' id='word_1_229' title='bbox 2777 1447 2960 1519; x_wconf 84' lang='lat' dir='ltr'><strong>Angeli</strong></span> <span class='ocrx_word' id='word_1_230' title='bbox 3002 1464 3108 1504; x_wconf 92' lang='lat' dir='ltr'><strong>non</strong></span> <span class='ocrx_word' id='word_1_231' title='bbox 3164 1462 3431 1507; x_wconf 89' lang='lat' dir='ltr'><strong>mortuum</strong></span> <span class='ocrx_word' id='word_1_232' title='bbox 3481 1452 3709 1509; x_wconf 79' lang='lat' dir='ltr'><strong>adorant:</strong></span> 
     </span>
    </p>
   </div>
   <div class='ocr_carea' id='block_1_30' title="bbox 2192 1537 3707 1604">
    <p class='ocr_par' dir='ltr' id='par_1_30' title="bbox 2192 1537 3707 1604">
     <span class='ocr_line' id='line_1_30' title="bbox 2192 1537 3707 1604; baseline 0.005 -13"><span class='ocrx_word' id='word_1_233' title='bbox 2192 1537 2286 1591; x_wconf 90' lang='lat' dir='ltr'><strong>sed</strong></span> <span class='ocrx_word' id='word_1_234' title='bbox 2310 1537 2414 1590; x_wconf 87' lang='lat' dir='ltr'><strong>vita</strong></span> <span class='ocrx_word' id='word_1_235' title='bbox 2440 1546 2585 1602; x_wconf 83' lang='lat' dir='ltr'><strong>erat,</strong></span> <span class='ocrx_word' id='word_1_236' title='bbox 2617 1546 2754 1602; x_wconf 90' lang='lat' dir='ltr'><strong>erat,</strong></span> <span class='ocrx_word' id='word_1_237' title='bbox 2778 1547 2914 1604; x_wconf 88' lang='lat' dir='ltr'><strong>erat,</strong></span> <span class='ocrx_word' id='word_1_238' title='bbox 2940 1549 2993 1593; x_wconf 90' lang='lat' dir='ltr'><strong>et</strong></span> <span class='ocrx_word' id='word_1_239' title='bbox 3021 1549 3123 1604; x_wconf 88' lang='lat' dir='ltr'><strong>est,</strong></span> <span class='ocrx_word' id='word_1_240' title='bbox 3160 1551 3216 1594; x_wconf 77' lang='lat' dir='ltr'><strong>et</strong></span> <span class='ocrx_word' id='word_1_241' title='bbox 3251 1556 3353 1596; x_wconf 90' lang='lat' dir='ltr'><strong>non</strong></span> <span class='ocrx_word' id='word_1_242' title='bbox 3403 1550 3567 1598; x_wconf 86' lang='lat' dir='ltr'><strong>cessat</strong></span> <span class='ocrx_word' id='word_1_243' title='bbox 3596 1557 3707 1599; x_wconf 84' lang='lat' dir='ltr'><strong>esse.</strong></span> 
     </span>
    </p>
   </div>
   <div class='ocr_carea' id='block_1_31' title="bbox 2191 1618 3707 1701">
    <p class='ocr_par' dir='ltr' id='par_1_31' title="bbox 2191 1618 3707 1701">
     <span class='ocr_line' id='line_1_31' title="bbox 2191 1618 3707 1701; baseline 0.005 -21"><span class='ocrx_word' id='word_1_244' title='bbox 2191 1618 2745 1698; x_wconf 49' lang='lat' dir='ltr'><strong>Neque&#39;enim&#39;cmpit</strong></span> <span class='ocrx_word' id='word_1_245' title='bbox 2769 1643 2799 1683; x_wconf 89' lang='lat' dir='ltr'><strong>a</strong></span> <span class='ocrx_word' id='word_1_246' title='bbox 2832 1630 3197 1699; x_wconf 87' lang='lat' dir='ltr'><strong>temporibus;</strong></span> <span class='ocrx_word' id='word_1_247' title='bbox 3234 1646 3407 1701; x_wconf 88' lang='lat' dir='ltr'><strong>neque</strong></span> <span class='ocrx_word' id='word_1_248' title='bbox 3437 1633 3641 1687; x_wconf 81' lang='lat' dir='ltr'><strong>cessavit</strong></span> <span class='ocrx_word' id='word_1_249' title='bbox 3666 1634 3707 1687; x_wconf 90' lang='lat' dir='ltr'><strong>in</strong></span> 
     </span>
    </p>
   </div>
   <div class='ocr_carea' id='block_1_32' title="bbox 2192 1718 3705 1792">
    <p class='ocr_par' dir='ltr' id='par_1_32' title="bbox 2192 1718 3705 1792">
     <span class='ocr_line' id='line_1_32' title="bbox 2192 1718 3705 1792; baseline 0.003 -17"><span class='ocrx_word' id='word_1_250' title='bbox 2192 1719 2386 1775; x_wconf 69' lang='lat' dir='ltr'><strong>saecula</strong></span> <span class='ocrx_word' id='word_1_251' title='bbox 2435 1720 2535 1792; x_wconf 69' lang='lat' dir='ltr'><strong>(tl).</strong></span> <span class='ocrx_word' id='word_1_252' title='bbox 2587 1718 2825 1790; x_wconf 78' lang='lat' dir='ltr'><strong>Regnum</strong></span> <span class='ocrx_word' id='word_1_253' title='bbox 2876 1722 3019 1776; x_wconf 82' lang='lat' dir='ltr'><strong>enim</strong></span> <span class='ocrx_word' id='word_1_254' title='bbox 3064 1720 3186 1791; x_wconf 82' lang='lat' dir='ltr'><strong>ejus</strong></span> <span class='ocrx_word' id='word_1_255' title='bbox 3219 1739 3321 1778; x_wconf 93' lang='lat' dir='ltr'><strong>non</strong></span> <span class='ocrx_word' id='word_1_256' title='bbox 3364 1724 3517 1779; x_wconf 84' lang='lat' dir='ltr'><strong>habet</strong></span> <span class='ocrx_word' id='word_1_257' title='bbox 3544 1725 3705 1787; x_wconf 84' lang='lat' dir='ltr'><strong>ﬁnem:</strong></span> 
     </span>
    </p>
   </div>
   <div class='ocr_carea' id='block_1_33' title="bbox 2196 1813 3709 1887">
    <p class='ocr_par' dir='ltr' id='par_1_33' title="bbox 2196 1813 3709 1887">
     <span class='ocr_line' id='line_1_33' title="bbox 2196 1813 3709 1887; baseline 0.003 -21"><span class='ocrx_word' id='word_1_258' title='bbox 2196 1813 2321 1883; x_wconf 91' lang='lat' dir='ltr'><strong>quia</strong></span> <span class='ocrx_word' id='word_1_259' title='bbox 2356 1828 2460 1869; x_wconf 92' lang='lat' dir='ltr'><strong>non</strong></span> <span class='ocrx_word' id='word_1_260' title='bbox 2489 1814 2783 1884; x_wconf 87' lang='lat' dir='ltr'><strong>temporale</strong></span> <span class='ocrx_word' id='word_1_261' title='bbox 2821 1815 3102 1886; x_wconf 88' lang='lat' dir='ltr'><strong>imperium</strong></span> <span class='ocrx_word' id='word_1_262' title='bbox 3147 1814 3263 1884; x_wconf 86' lang='lat' dir='ltr'><strong>ejus</strong></span> <span class='ocrx_word' id='word_1_263' title='bbox 3296 1827 3396 1882; x_wconf 88' lang='lat' dir='ltr'><strong>est,</strong></span> <span class='ocrx_word' id='word_1_264' title='bbox 3437 1818 3526 1873; x_wconf 88' lang='lat' dir='ltr'><strong>sed</strong></span> <span class='ocrx_word' id='word_1_265' title='bbox 3557 1833 3709 1887; x_wconf 66' lang='lat' dir='ltr'><strong>perpe</strong></span> 
     </span>
    </p>
   </div>
   <div class='ocr_carea' id='block_1_34' title="bbox 519 1879 3708 1980">
    <p class='ocr_par' dir='ltr' id='par_1_34' title="bbox 519 1879 3708 1980">
     <span class='ocr_line' id='line_1_34' title="bbox 519 1879 3708 1980; baseline 0.002 -22"><span class='ocrx_word' id='word_1_266' title='bbox 519 1908 590 1958; x_wconf 89' lang='lat' dir='ltr'><strong>ad</strong></span> <span class='ocrx_word' id='word_1_267' title='bbox 624 1903 833 1958; x_wconf 83' lang='lat' dir='ltr'><strong>Patrem</strong></span> <span class='ocrx_word' id='word_1_268' title='bbox 875 1923 1045 1959; x_wconf 82' lang='lat' dir='ltr'><strong>meum</strong></span> <span class='ocrx_word' id='word_1_269' title='bbox 1070 1906 1113 1961; x_wconf 86' lang='grc'><strong>⁷.</strong></span> <span class='ocrx_word' id='word_1_270' title='bbox 1139 1905 1352 1959; x_wconf 86' lang='lat' dir='ltr'><strong>Gratias</strong></span> <span class='ocrx_word' id='word_1_271' title='bbox 1387 1905 1518 1975; x_wconf 85' lang='lat' dir='ltr'><strong>agit,</strong></span> <span class='ocrx_word' id='word_1_272' title='bbox 1550 1913 1690 1967; x_wconf 90' lang='lat' dir='ltr'><strong>orat,</strong></span> <span class='ocrx_word' id='word_1_273' title='bbox 1734 1904 1873 1959; x_wconf 86' lang='lat' dir='ltr'><strong>viam</strong></span> <span class='ocrx_word' id='word_1_274' title='bbox 1899 1913 2096 1959; x_wconf 85' lang='lat' dir='ltr'><strong>semet-</strong></span> <span class='ocrx_word' id='word_1_275' title='bbox 2124 1879 2168 1935; x_wconf 75' lang='grc' dir='ltr'>Β</span> <span class='ocrx_word' id='word_1_276' title='bbox 2198 1914 2367 1959; x_wconf 92' lang='lat' dir='ltr'><strong>tuum.</strong></span> <span class='ocrx_word' id='word_1_277' title='bbox 2415 1904 2647 1976; x_wconf 87' lang='lat' dir='ltr'><strong>Tempus</strong></span> <span class='ocrx_word' id='word_1_278' title='bbox 2679 1906 2823 1961; x_wconf 91' lang='lat' dir='ltr'><strong>enim</strong></span> <span class='ocrx_word' id='word_1_279' title='bbox 2868 1906 3409 1974; x_wconf 69' lang='lat' dir='ltr'><strong>resurrectionis&#39;est,</strong></span> <span class='ocrx_word' id='word_1_280' title='bbox 3449 1918 3500 1964; x_wconf 91' lang='lat' dir='ltr'><strong>et</strong></span> <span class='ocrx_word' id='word_1_281' title='bbox 3535 1918 3708 1980; x_wconf 85' lang='lat' dir='ltr'><strong>tempus</strong></span> 
     </span>
    </p>
   </div>
   <div class='ocr_carea' id='block_1_35' title="bbox 520 1994 2088 2066">
    <p class='ocr_par' dir='ltr' id='par_1_35' title="bbox 520 1994 2088 2066">
     <span class='ocr_line' id='line_1_35' title="bbox 520 1994 2088 2066; baseline 0.001 -17"><span class='ocrx_word' id='word_1_282' title='bbox 520 1997 693 2064; x_wconf 90' lang='lat' dir='ltr'><strong>ipsum</strong></span> <span class='ocrx_word' id='word_1_283' title='bbox 722 2008 899 2062; x_wconf 72' lang='lat' dir='ltr'><strong>vocat,</strong></span> <span class='ocrx_word' id='word_1_284' title='bbox 938 2007 995 2050; x_wconf 89' lang='lat' dir='ltr'><strong>ut</strong></span> <span class='ocrx_word' id='word_1_285' title='bbox 1032 2012 1295 2066; x_wconf 83' lang='lat' dir='ltr'><strong>agnoscas</strong></span> <span class='ocrx_word' id='word_1_286' title='bbox 1332 1996 1398 2051; x_wconf 90' lang='lat' dir='ltr'><strong>ad</strong></span> <span class='ocrx_word' id='word_1_287' title='bbox 1428 2011 1590 2066; x_wconf 88' lang='lat' dir='ltr'><strong>quem</strong></span> <span class='ocrx_word' id='word_1_288' title='bbox 1635 1994 1784 2051; x_wconf 85' lang='lat' dir='ltr'><strong>vadis</strong></span> <span class='ocrx_word' id='word_1_289' title='bbox 1818 2014 1831 2051; x_wconf 89' lang='lat'><strong>:</strong></span> <span class='ocrx_word' id='word_1_290' title='bbox 1867 1994 2088 2065; x_wconf 89' lang='lat' dir='ltr'><strong>januam</strong></span> 
     </span>
    </p>
   </div>
   <div class='ocr_carea' id='block_1_36' title="bbox 521 2086 2086 2157">
    <p class='ocr_par' dir='ltr' id='par_1_36' title="bbox 521 2086 2086 2157">
     <span class='ocr_line' id='line_1_36' title="bbox 521 2086 2086 2157; baseline -0.001 -15"><span class='ocrx_word' id='word_1_291' title='bbox 521 2090 867 2157; x_wconf 84' lang='lat' dir='ltr'><strong>semetipsum</strong></span> <span class='ocrx_word' id='word_1_292' title='bbox 895 2089 1025 2141; x_wconf 85' lang='lat' dir='ltr'><strong>dicit</strong></span> <span class='ocrx_word' id='word_1_293' title='bbox 1053 2096 1099 2152; x_wconf 76' lang='grc' dir='ltr'><strong>ο,</strong></span> <span class='ocrx_word' id='word_1_294' title='bbox 1131 2098 1189 2141; x_wconf 92' lang='lat' dir='ltr'><strong>ut</strong></span> <span class='ocrx_word' id='word_1_295' title='bbox 1214 2102 1475 2157; x_wconf 82' lang='lat' dir='ltr'><strong>agnoscas</strong></span> <span class='ocrx_word' id='word_1_296' title='bbox 1516 2087 1581 2141; x_wconf 92' lang='lat' dir='ltr'><strong>ad</strong></span> <span class='ocrx_word' id='word_1_297' title='bbox 1617 2101 1773 2157; x_wconf 88' lang='lat' dir='ltr'><strong>quem</strong></span> <span class='ocrx_word' id='word_1_298' title='bbox 1813 2086 2086 2157; x_wconf 89' lang='lat' dir='ltr'><strong>ingredie-</strong></span> 
     </span>
    </p>
   </div>
   <div class='ocr_carea' id='block_1_37' title="bbox 501 2180 2088 2250">
    <p class='ocr_par' dir='ltr' id='par_1_37' title="bbox 501 2180 2088 2250">
     <span class='ocr_line' id='line_1_37' title="bbox 501 2180 2088 2250; baseline 0.002 -17"><span class='ocrx_word' id='word_1_299' title='bbox 501 2182 598 2234; x_wconf 64' lang='grc' dir='ltr'><strong>πίε</strong></span> <span class='ocrx_word' id='word_1_300' title='bbox 637 2200 650 2234; x_wconf 92' lang='lat'>:</span> <span class='ocrx_word' id='word_1_301' title='bbox 686 2180 870 2246; x_wconf 85' lang='lat' dir='ltr'><strong>Pater,</strong></span> <span class='ocrx_word' id='word_1_302' title='bbox 899 2180 1096 2249; x_wconf 83' lang='lat' dir='ltr'><strong>inquit,</strong></span> <span class='ocrx_word' id='word_1_303' title='bbox 1126 2196 1269 2233; x_wconf 89' lang='lat' dir='ltr'><strong>meus</strong></span> <span class='ocrx_word' id='word_1_304' title='bbox 1301 2180 1535 2249; x_wconf 83' lang='lat' dir='ltr'><strong>agricola</strong></span> <span class='ocrx_word' id='word_1_305' title='bbox 1558 2188 1657 2244; x_wconf 83' lang='lat' dir='ltr'><strong>est,</strong></span> <span class='ocrx_word' id='word_1_306' title='bbox 1690 2190 1737 2234; x_wconf 91' lang='lat' dir='ltr'><strong>et</strong></span> <span class='ocrx_word' id='word_1_307' title='bbox 1760 2195 1851 2250; x_wconf 88' lang='lat' dir='ltr'><strong>ego</strong></span> <span class='ocrx_word' id='word_1_308' title='bbox 1878 2180 1993 2234; x_wconf 83' lang='lat' dir='ltr'><strong>vitis</strong></span> <span class='ocrx_word' id='word_1_309' title='bbox 2020 2180 2043 2212; x_wconf 84' lang='grc'><strong>⁹</strong></span> <span class='ocrx_word' id='word_1_310' title='bbox 2071 2198 2088 2236; x_wconf 86' lang='lat'><strong>:</strong></span> 
     </span>
    </p>
   </div>
   <div class='ocr_carea' id='block_1_38' title="bbox 503 2269 2089 2342">
    <p class='ocr_par' dir='ltr' id='par_1_38' title="bbox 503 2269 2089 2342">
     <span class='ocr_line' id='line_1_38' title="bbox 503 2269 2089 2342; baseline 0.001 -16"><span class='ocrx_word' id='word_1_311' title='bbox 503 2274 646 2326; x_wconf 36' lang='lat' dir='ltr'><strong>v&#39;vitis</strong></span> <span class='ocrx_word' id='word_1_312' title='bbox 687 2282 741 2326; x_wconf 88' lang='lat' dir='ltr'><strong>et</strong></span> <span class='ocrx_word' id='word_1_313' title='bbox 794 2273 1028 2341; x_wconf 80' lang='lat' dir='ltr'><strong>agricola</strong></span> <span class='ocrx_word' id='word_1_314' title='bbox 1070 2288 1210 2327; x_wconf 92' lang='lat' dir='ltr'><strong>unus</strong></span> <span class='ocrx_word' id='word_1_315' title='bbox 1267 2272 1382 2327; x_wconf 84' lang='lat' dir='ltr'><strong>est?</strong></span> <span class='ocrx_word' id='word_1_316' title='bbox 1436 2269 1586 2328; x_wconf 88' lang='lat' dir='ltr'><strong>Hanc</strong></span> <span class='ocrx_word' id='word_1_317' title='bbox 1631 2272 2089 2342; x_wconf 86' lang='lat' dir='ltr'><strong>comparationem</strong></span> 
     </span>
    </p>
   </div>
   <div class='ocr_carea' id='block_1_39' title="bbox 505 2362 2090 2435">
    <p class='ocr_par' dir='ltr' id='par_1_39' title="bbox 505 2362 2090 2435">
     <span class='ocr_line' id='line_1_39' title="bbox 505 2362 2090 2435; baseline -0.001 -17"><span class='ocrx_word' id='word_1_318' title='bbox 505 2364 778 2420; x_wconf 85' lang='lat' dir='ltr'><strong>&#39;Dominus</strong></span> <span class='ocrx_word' id='word_1_319' title='bbox 804 2364 959 2431; x_wconf 85' lang='lat' dir='ltr'><strong>dixit,</strong></span> <span class='ocrx_word' id='word_1_320' title='bbox 997 2373 1055 2419; x_wconf 91' lang='lat' dir='ltr'><strong>ut</strong></span> <span class='ocrx_word' id='word_1_321' title='bbox 1088 2378 1156 2418; x_wconf 90' lang='lat' dir='ltr'><strong>ne</strong></span> <span class='ocrx_word' id='word_1_322' title='bbox 1183 2364 1303 2434; x_wconf 87' lang='lat' dir='ltr'><strong>quis</strong></span> <span class='ocrx_word' id='word_1_323' title='bbox 1328 2380 1412 2419; x_wconf 88' lang='lat' dir='ltr'><strong>me</strong></span> <span class='ocrx_word' id='word_1_324' title='bbox 1447 2365 1821 2435; x_wconf 87' lang='lat' dir='ltr'><strong>reprehendat.</strong></span> <span class='ocrx_word' id='word_1_325' title='bbox 1852 2362 1969 2435; x_wconf 88' lang='lat' dir='ltr'><strong>Ego</strong></span> <span class='ocrx_word' id='word_1_326' title='bbox 1993 2378 2090 2417; x_wconf 89' lang='lat' dir='ltr'><strong>au-</strong></span> 
     </span>
    </p>
   </div>
   <div class='ocr_carea' id='block_1_40' title="bbox 503 2456 2091 2526">
    <p class='ocr_par' dir='ltr' id='par_1_40' title="bbox 503 2456 2091 2526">
     <span class='ocr_line' id='line_1_40' title="bbox 503 2456 2091 2526; baseline 0 -17"><span class='ocrx_word' id='word_1_327' title='bbox 503 2465 627 2511; x_wconf 41' lang='lat' dir='ltr'><strong>item</strong></span> <span class='ocrx_word' id='word_1_328' title='bbox 658 2458 791 2510; x_wconf 86' lang='lat' dir='ltr'><strong>volo</strong></span> <span class='ocrx_word' id='word_1_329' title='bbox 817 2466 874 2511; x_wconf 89' lang='lat' dir='ltr'><strong>ut</strong></span> <span class='ocrx_word' id='word_1_330' title='bbox 903 2472 989 2511; x_wconf 87' lang='lat' dir='ltr'><strong>me</strong></span> <span class='ocrx_word' id='word_1_331' title='bbox 1025 2458 1239 2526; x_wconf 86' lang='lat' dir='ltr'><strong>quidem</strong></span> <span class='ocrx_word' id='word_1_332' title='bbox 1287 2470 1476 2513; x_wconf 89' lang='lat' dir='ltr'><strong>omnes</strong></span> <span class='ocrx_word' id='word_1_333' title='bbox 1513 2456 1760 2514; x_wconf 86' lang='lat' dir='ltr'><strong>homines</strong></span> <span class='ocrx_word' id='word_1_334' title='bbox 1798 2456 2091 2525; x_wconf 91' lang='lat' dir='ltr'><strong>reprehen-</strong></span> 
     </span>
    </p>
   </div>
   <div class='ocr_carea' id='block_1_41' title="bbox 516 2544 2090 2614">
    <p class='ocr_par' dir='ltr' id='par_1_41' title="bbox 516 2544 2090 2614">
     <span class='ocr_line' id='line_1_41' title="bbox 516 2544 2090 2614; baseline 0 -14"><span class='ocrx_word' id='word_1_335' title='bbox 516 2548 649 2600; x_wconf 75' lang='lat' dir='ltr'><strong>dant</strong></span> <span class='ocrx_word' id='word_1_336' title='bbox 681 2565 694 2599; x_wconf 91' lang='lat'><strong>:</strong></span> <span class='ocrx_word' id='word_1_337' title='bbox 727 2561 827 2614; x_wconf 86' lang='lat' dir='ltr'><strong>ego</strong></span> <span class='ocrx_word' id='word_1_338' title='bbox 868 2556 1048 2599; x_wconf 88' lang='lat' dir='ltr'><strong>autem</strong></span> <span class='ocrx_word' id='word_1_339' title='bbox 1098 2545 1262 2599; x_wconf 86' lang='lat' dir='ltr'><strong>volo:</strong></span> <span class='ocrx_word' id='word_1_340' title='bbox 1309 2546 1519 2602; x_wconf 90' lang='lat' dir='ltr'><strong>Domini</strong></span> <span class='ocrx_word' id='word_1_341' title='bbox 1568 2557 1749 2601; x_wconf 89' lang='lat' dir='ltr'><strong>autem</strong></span> <span class='ocrx_word' id='word_1_342' title='bbox 1782 2544 2090 2601; x_wconf 79' lang='lat' dir='ltr'><strong>custodiant</strong></span> 
     </span>
    </p>
   </div>
   <div class='ocr_carea' id='block_1_42' title="bbox 519 2636 2086 2706">
    <p class='ocr_par' dir='ltr' id='par_1_42' title="bbox 519 2636 2086 2706">
     <span class='ocr_line' id='line_1_42' title="bbox 519 2636 2086 2706; baseline 0.001 -18"><span class='ocrx_word' id='word_1_343' title='bbox 519 2637 703 2690; x_wconf 88' lang='lat' dir='ltr'><strong>verba.</strong></span> <span class='ocrx_word' id='word_1_344' title='bbox 740 2636 988 2689; x_wconf 85' lang='lat' dir='ltr'><strong>Desceudi</strong></span> <span class='ocrx_word' id='word_1_345' title='bbox 1019 2636 1083 2688; x_wconf 87' lang='lat' dir='ltr'><strong>de</strong></span> <span class='ocrx_word' id='word_1_346' title='bbox 1122 2636 1247 2689; x_wconf 67' lang='lat' dir='ltr'><strong>caelo</strong></span> <span class='ocrx_word' id='word_1_347' title='bbox 1288 2644 1345 2689; x_wconf 86' lang='lat' dir='ltr'><strong>ut</strong></span> <span class='ocrx_word' id='word_1_348' title='bbox 1381 2636 1574 2706; x_wconf 73' lang='lat' dir='ltr'><strong>faciam</strong></span> <span class='ocrx_word' id='word_1_349' title='bbox 1612 2636 1931 2691; x_wconf 80' lang='lat' dir='ltr'><strong>voluntatem</strong></span> <span class='ocrx_word' id='word_1_350' title='bbox 1973 2636 2086 2702; x_wconf 77' lang='lat' dir='ltr'><strong>ejus</strong></span> 
     </span>
    </p>
   </div>
   <div class='ocr_carea' id='block_1_43' title="bbox 516 2724 2083 2795">
    <p class='ocr_par' dir='ltr' id='par_1_43' title="bbox 516 2724 2083 2795">
     <span class='ocr_line' id='line_1_43' title="bbox 516 2724 2083 2795; baseline 0 -16"><span class='ocrx_word' id='word_1_351' title='bbox 516 2728 609 2795; x_wconf 81' lang='lat' dir='ltr'><strong>qui</strong></span> <span class='ocrx_word' id='word_1_352' title='bbox 649 2743 729 2780; x_wconf 90' lang='lat' dir='ltr'><strong>me</strong></span> <span class='ocrx_word' id='word_1_353' title='bbox 759 2727 897 2779; x_wconf 81' lang='lat' dir='ltr'><strong>misit</strong></span> <span class='ocrx_word' id='word_1_354' title='bbox 926 2727 968 2758; x_wconf 68' lang='grc' dir='ltr'><strong>κ</strong></span> <span class='ocrx_word' id='word_1_355' title='bbox 999 2745 1011 2780; x_wconf 88' lang='lat'><strong>:</strong></span> <span class='ocrx_word' id='word_1_356' title='bbox 1041 2724 1276 2781; x_wconf 88' lang='lat' dir='ltr'><strong>obedivit</strong></span> <span class='ocrx_word' id='word_1_357' title='bbox 1318 2733 1493 2782; x_wconf 87' lang='lat' dir='ltr'><strong>autem</strong></span> <span class='ocrx_word' id='word_1_358' title='bbox 1517 2740 1689 2795; x_wconf 89' lang='lat' dir='ltr'><strong>usque</strong></span> <span class='ocrx_word' id='word_1_359' title='bbox 1736 2725 1802 2779; x_wconf 89' lang='lat' dir='ltr'><strong>ad</strong></span> <span class='ocrx_word' id='word_1_360' title='bbox 1836 2736 2083 2781; x_wconf 87' lang='lat' dir='ltr'><strong>mortem.</strong></span> 
     </span>
    </p>
   </div>
   <div class='ocr_carea' id='block_1_44' title="bbox 520 2814 2086 2887">
    <p class='ocr_par' dir='ltr' id='par_1_44' title="bbox 520 2814 2086 2887">
     <span class='ocr_line' id='line_1_44' title="bbox 520 2814 2086 2887; baseline -0.001 -17"><span class='ocrx_word' id='word_1_361' title='bbox 520 2816 628 2870; x_wconf 84' lang='lat' dir='ltr'><strong>Sed</strong></span> <span class='ocrx_word' id='word_1_362' title='bbox 668 2818 793 2884; x_wconf 89' lang='lat' dir='ltr'><strong>quid</strong></span> <span class='ocrx_word' id='word_1_363' title='bbox 846 2833 987 2871; x_wconf 86' lang='lat' dir='ltr'><strong>nunc</strong></span> <span class='ocrx_word' id='word_1_364' title='bbox 1026 2833 1159 2886; x_wconf 89' lang='lat' dir='ltr'><strong>opus</strong></span> <span class='ocrx_word' id='word_1_365' title='bbox 1187 2826 1271 2872; x_wconf 89' lang='lat' dir='ltr'><strong>est</strong></span> <span class='ocrx_word' id='word_1_366' title='bbox 1298 2816 1489 2872; x_wconf 87' lang='lat' dir='ltr'><strong>Pauli?</strong></span> <span class='ocrx_word' id='word_1_367' title='bbox 1528 2832 1832 2887; x_wconf 90' lang='lat' dir='ltr'><strong>quanquam</strong></span> <span class='ocrx_word' id='word_1_368' title='bbox 1862 2826 1915 2871; x_wconf 89' lang='lat' dir='ltr'><strong>et</strong></span> <span class='ocrx_word' id='word_1_369' title='bbox 1944 2814 2086 2869; x_wconf 80' lang='lat' dir='ltr'><strong>Pau-</strong></span> 
     </span>
    </p>
   </div>
   <div class='ocr_carea' id='block_1_45' title="bbox 518 2907 2088 2979">
    <p class='ocr_par' dir='ltr' id='par_1_45' title="bbox 518 2907 2088 2979">
     <span class='ocr_line' id='line_1_45' title="bbox 518 2907 2088 2979; baseline 0.001 -18"><span class='ocrx_word' id='word_1_370' title='bbox 518 2907 603 2961; x_wconf 89' lang='lat' dir='ltr'><strong>lus</strong></span> <span class='ocrx_word' id='word_1_371' title='bbox 633 2923 740 2961; x_wconf 89' lang='lat' dir='ltr'><strong>non</strong></span> <span class='ocrx_word' id='word_1_372' title='bbox 770 2909 1082 2963; x_wconf 85' lang='lat' dir='ltr'><strong>testimonio</strong></span> <span class='ocrx_word' id='word_1_373' title='bbox 1111 2924 1212 2964; x_wconf 91' lang='lat' dir='ltr'><strong>suo</strong></span> <span class='ocrx_word' id='word_1_374' title='bbox 1239 2909 1418 2977; x_wconf 88' lang='lat' dir='ltr'><strong>dicat;</strong></span> <span class='ocrx_word' id='word_1_375' title='bbox 1464 2919 1637 2963; x_wconf 91' lang='lat' dir='ltr'><strong>tamen</strong></span> <span class='ocrx_word' id='word_1_376' title='bbox 1671 2909 1795 2979; x_wconf 91' lang='lat' dir='ltr'><strong>quia</strong></span> <span class='ocrx_word' id='word_1_377' title='bbox 1836 2909 1951 2979; x_wconf 88' lang='lat' dir='ltr'><strong>ipse</strong></span> <span class='ocrx_word' id='word_1_378' title='bbox 1983 2908 2088 2962; x_wconf 91' lang='lat' dir='ltr'><strong>Do-</strong></span> 
     </span>
    </p>
   </div>
   <div class='ocr_carea' id='block_1_46' title="bbox 518 3001 2087 3071">
    <p class='ocr_par' dir='ltr' id='par_1_46' title="bbox 518 3001 2087 3071">
     <span class='ocr_line' id='line_1_46' title="bbox 518 3001 2087 3071; baseline 0 -17"><span class='ocrx_word' id='word_1_379' title='bbox 518 3001 695 3055; x_wconf 84' lang='lat' dir='ltr'><strong>minus</strong></span> <span class='ocrx_word' id='word_1_380' title='bbox 735 3016 839 3055; x_wconf 91' lang='lat' dir='ltr'><strong>nou</strong></span> <span class='ocrx_word' id='word_1_381' title='bbox 881 3003 1116 3065; x_wconf 85' lang='lat' dir='ltr'><strong>auditur,</strong></span> <span class='ocrx_word' id='word_1_382' title='bbox 1159 3012 1218 3056; x_wconf 82' lang='lat' dir='ltr'><strong>tit</strong></span> <span class='ocrx_word' id='word_1_383' title='bbox 1245 3002 1375 3071; x_wconf 90' lang='lat' dir='ltr'><strong>quid</strong></span> <span class='ocrx_word' id='word_1_384' title='bbox 1410 3002 1475 3056; x_wconf 89' lang='lat' dir='ltr'><strong>de</strong></span> <span class='ocrx_word' id='word_1_385' title='bbox 1513 3001 1821 3057; x_wconf 90' lang='lat' dir='ltr'><strong>domesticis</strong></span> <span class='ocrx_word' id='word_1_386' title='bbox 1850 3002 1965 3070; x_wconf 88' lang='lat' dir='ltr'><strong>ejus</strong></span> <span class='ocrx_word' id='word_1_387' title='bbox 2003 3009 2087 3055; x_wconf 86' lang='lat' dir='ltr'><strong>est</strong></span> 
     </span>
    </p>
   </div>
   <div class='ocr_carea' id='block_1_47' title="bbox 514 3091 2081 3158">
    <p class='ocr_par' dir='ltr' id='par_1_47' title="bbox 514 3091 2081 3158">
     <span class='ocr_line' id='line_1_47' title="bbox 514 3091 2081 3158; baseline 0.001 -11"><span class='ocrx_word' id='word_1_388' title='bbox 514 3094 740 3147; x_wconf 75' lang='lat' dir='ltr'><strong>sermo?</strong></span> <span class='ocrx_word' id='word_1_389' title='bbox 768 3093 855 3147; x_wconf 81' lang='lat' dir='ltr'><strong>Vis</strong></span> <span class='ocrx_word' id='word_1_390' title='bbox 889 3109 1019 3147; x_wconf 88' lang='lat' dir='ltr'><strong>sane</strong></span> <span class='ocrx_word' id='word_1_391' title='bbox 1049 3096 1314 3148; x_wconf 89' lang='lat' dir='ltr'><strong>honorare</strong></span> <span class='ocrx_word' id='word_1_392' title='bbox 1340 3091 1557 3158; x_wconf 85' lang='lat' dir='ltr'><strong>Filium,</strong></span> <span class='ocrx_word' id='word_1_393' title='bbox 1592 3105 1648 3146; x_wconf 91' lang='lat' dir='ltr'><strong>ut</strong></span> <span class='ocrx_word' id='word_1_394' title='bbox 1683 3094 1794 3146; x_wconf 84' lang='lat' dir='ltr'><strong>vult</strong></span> <span class='ocrx_word' id='word_1_395' title='bbox 1832 3094 1941 3157; x_wconf 89' lang='lat' dir='ltr'><strong>ille,</strong></span> <span class='ocrx_word' id='word_1_396' title='bbox 1978 3109 2081 3148; x_wconf 90' lang='lat' dir='ltr'><strong>non</strong></span> 
     </span>
    </p>
   </div>
   <div class='ocr_carea' id='block_1_48' title="bbox 520 3184 2156 3275">
    <p class='ocr_par' dir='ltr' id='par_1_48' title="bbox 520 3184 2156 3275">
     <span class='ocr_line' id='line_1_48' title="bbox 520 3184 2156 3275; baseline 0.001 -39"><span class='ocrx_word' id='word_1_397' title='bbox 520 3195 577 3237; x_wconf 91' lang='lat' dir='ltr'><strong>ut</strong></span> <span class='ocrx_word' id='word_1_398' title='bbox 603 3195 655 3237; x_wconf 93' lang='lat' dir='ltr'><strong>tu</strong></span> <span class='ocrx_word' id='word_1_399' title='bbox 674 3185 779 3239; x_wconf 78' lang='lat' dir='ltr'><strong>vis.</strong></span> <span class='ocrx_word' id='word_1_400' title='bbox 801 3184 932 3237; x_wconf 86' lang='lat' dir='ltr'><strong>Num</strong></span> <span class='ocrx_word' id='word_1_401' title='bbox 957 3186 1001 3239; x_wconf 90' lang='lat' dir='ltr'><strong>si</strong></span> <span class='ocrx_word' id='word_1_402' title='bbox 1028 3186 1232 3239; x_wconf 76' lang='lat' dir='ltr'><strong>dixeris</strong></span> <span class='ocrx_word' id='word_1_403' title='bbox 1255 3200 1356 3239; x_wconf 89' lang='lat' dir='ltr'><strong>non</strong></span> <span class='ocrx_word' id='word_1_404' title='bbox 1387 3195 1488 3247; x_wconf 90' lang='lat' dir='ltr'><strong>est,</strong></span> <span class='ocrx_word' id='word_1_405' title='bbox 1514 3185 1812 3250; x_wconf 88' lang='lat' dir='ltr'><strong>houorasti,</strong></span> <span class='ocrx_word' id='word_1_406' title='bbox 1838 3186 1881 3239; x_wconf 88' lang='lat' dir='ltr'><strong>si</strong></span> <span class='ocrx_word' id='word_1_407' title='bbox 1912 3186 2078 3240; x_wconf 84' lang='lat' dir='ltr'><strong>inter-</strong></span> <span class='ocrx_word' id='word_1_408' title='bbox 2106 3216 2156 3275; x_wconf 60' lang='grc' dir='ltr'>ϐ</span> 
     </span>
    </p>
   </div>
   <div class='ocr_carea' id='block_1_49' title="bbox 498 3275 2082 3345">
    <p class='ocr_par' dir='ltr' id='par_1_49' title="bbox 498 3275 2082 3345">
     <span class='ocr_line' id='line_1_49' title="bbox 498 3275 2082 3345; baseline 0.001 -15"><span class='ocrx_word' id='word_1_409' title='bbox 498 3279 717 3330; x_wconf 67' lang='grc' dir='ltr'>’θιιιθτιε</span> <span class='ocrx_word' id='word_1_410' title='bbox 760 3292 917 3345; x_wconf 87' lang='lat' dir='ltr'><strong>quem</strong></span> <span class='ocrx_word' id='word_1_411' title='bbox 969 3292 1073 3330; x_wconf 93' lang='lat' dir='ltr'><strong>non</strong></span> <span class='ocrx_word' id='word_1_412' title='bbox 1142 3286 1428 3344; x_wconf 87' lang='lat' dir='ltr'><strong>potuerunt</strong></span> <span class='ocrx_word' id='word_1_413' title='bbox 1477 3275 1680 3331; x_wconf 68' lang='lat' dir='ltr'><strong>Judaei?</strong></span> <span class='ocrx_word' id='word_1_414' title='bbox 1721 3275 1888 3332; x_wconf 76' lang='lat' dir='ltr'><strong>Judzei</strong></span> <span class='ocrx_word' id='word_1_415' title='bbox 1940 3279 2082 3332; x_wconf 90' lang='lat' dir='ltr'><strong>enim</strong></span> 
     </span>
    </p>
   </div>
   <div class='ocr_carea' id='block_1_50' title="bbox 516 3366 2086 3437">
    <p class='ocr_par' dir='ltr' id='par_1_50' title="bbox 516 3366 2086 3437">
     <span class='ocr_line' id='line_1_50' title="bbox 516 3366 2086 3437; baseline 0 -15"><span class='ocrx_word' id='word_1_416' title='bbox 516 3367 653 3422; x_wconf 72' lang='lat' dir='ltr'><strong>febri</strong></span> <span class='ocrx_word' id='word_1_417' title='bbox 680 3369 841 3420; x_wconf 87' lang='lat' dir='ltr'><strong>lilium</strong></span> <span class='ocrx_word' id='word_1_418' title='bbox 890 3384 1012 3422; x_wconf 84' lang='lat' dir='ltr'><strong>eum</strong></span> <span class='ocrx_word' id='word_1_419' title='bbox 1054 3375 1398 3437; x_wconf 87' lang='lat' dir='ltr'><strong>putaverunt,</strong></span> <span class='ocrx_word' id='word_1_420' title='bbox 1427 3378 1479 3422; x_wconf 88' lang='lat' dir='ltr'><strong>et</strong></span> <span class='ocrx_word' id='word_1_421' title='bbox 1510 3377 1567 3421; x_wconf 90' lang='lat' dir='ltr'><strong>ut</strong></span> <span class='ocrx_word' id='word_1_422' title='bbox 1600 3366 1738 3423; x_wconf 81' lang='lat' dir='ltr'><strong>labri</strong></span> <span class='ocrx_word' id='word_1_423' title='bbox 1789 3368 1953 3422; x_wconf 88' lang='lat' dir='ltr'><strong>ﬁlium</strong></span> <span class='ocrx_word' id='word_1_424' title='bbox 2002 3368 2086 3423; x_wconf 85' lang='lat' dir='ltr'><strong>in-</strong></span> 
     </span>
    </p>
   </div>
   <div class='ocr_carea' id='block_1_51' title="bbox 519 3457 2079 3524">
    <p class='ocr_par' dir='ltr' id='par_1_51' title="bbox 519 3457 2079 3524">
     <span class='ocr_line' id='line_1_51' title="bbox 519 3457 2079 3524; baseline -0.001 -11"><span class='ocrx_word' id='word_1_425' title='bbox 519 3460 879 3524; x_wconf 79' lang='lat' dir='ltr'><strong>terfecerunt;</strong></span> <span class='ocrx_word' id='word_1_426' title='bbox 939 3470 991 3513; x_wconf 92' lang='lat' dir='ltr'><strong>tu</strong></span> <span class='ocrx_word' id='word_1_427' title='bbox 1044 3468 1102 3513; x_wconf 90' lang='lat' dir='ltr'><strong>ut</strong></span> <span class='ocrx_word' id='word_1_428' title='bbox 1151 3458 1344 3514; x_wconf 83' lang='lat' dir='ltr'><strong>Filium</strong></span> <span class='ocrx_word' id='word_1_429' title='bbox 1397 3458 1487 3513; x_wconf 90' lang='lat' dir='ltr'><strong>Dei</strong></span> <span class='ocrx_word' id='word_1_430' title='bbox 1540 3458 1827 3514; x_wconf 89' lang='lat' dir='ltr'><strong>interﬁcis.</strong></span> <span class='ocrx_word' id='word_1_431' title='bbox 1878 3457 1983 3512; x_wconf 89' lang='lat' dir='ltr'><strong>Sed</strong></span> <span class='ocrx_word' id='word_1_432' title='bbox 2027 3470 2079 3511; x_wconf 90' lang='lat' dir='ltr'><strong>tu</strong></span> 
     </span>
    </p>
   </div>
   <div class='ocr_carea' id='block_1_52' title="bbox 518 3550 2082 3619">
    <p class='ocr_par' dir='ltr' id='par_1_52' title="bbox 518 3550 2082 3619">
     <span class='ocr_line' id='line_1_52' title="bbox 518 3550 2082 3619; baseline 0.001 -15"><span class='ocrx_word' id='word_1_433' title='bbox 518 3551 787 3615; x_wconf 88' lang='lat' dir='ltr'><strong>morieris,</strong></span> <span class='ocrx_word' id='word_1_434' title='bbox 830 3566 934 3604; x_wconf 88' lang='lat' dir='ltr'><strong>non</strong></span> <span class='ocrx_word' id='word_1_435' title='bbox 972 3551 1079 3604; x_wconf 90' lang='lat' dir='ltr'><strong>ille.</strong></span> <span class='ocrx_word' id='word_1_436' title='bbox 1114 3550 1231 3605; x_wconf 83' lang='lat' dir='ltr'><strong>Non</strong></span> <span class='ocrx_word' id='word_1_437' title='bbox 1260 3551 1404 3606; x_wconf 89' lang='lat' dir='ltr'><strong>enim</strong></span> <span class='ocrx_word' id='word_1_438' title='bbox 1449 3565 1513 3604; x_wconf 85' lang='lat' dir='ltr'><strong>ex</strong></span> <span class='ocrx_word' id='word_1_439' title='bbox 1551 3550 1636 3604; x_wconf 91' lang='lat' dir='ltr'><strong>his</strong></span> <span class='ocrx_word' id='word_1_440' title='bbox 1669 3564 1788 3619; x_wconf 83' lang='lat' dir='ltr'><strong>quae</strong></span> <span class='ocrx_word' id='word_1_441' title='bbox 1842 3559 1899 3605; x_wconf 92' lang='lat' dir='ltr'><strong>tu</strong></span> <span class='ocrx_word' id='word_1_442' title='bbox 1929 3551 2082 3614; x_wconf 88' lang='lat' dir='ltr'><strong>dicis,</strong></span> 
     </span>
    </p>
   </div>
   <div class='ocr_carea' id='block_1_53' title="bbox 514 3641 2083 3709">
    <p class='ocr_par' dir='ltr' id='par_1_53' title="bbox 514 3641 2083 3709">
     <span class='ocr_line' id='line_1_53' title="bbox 514 3641 2083 3709; baseline 0.002 -16"><span class='ocrx_word' id='word_1_443' title='bbox 514 3642 607 3694; x_wconf 86' lang='lat' dir='ltr'><strong>ille</strong></span> <span class='ocrx_word' id='word_1_444' title='bbox 641 3657 747 3694; x_wconf 88' lang='lat' dir='ltr'><strong>nou</strong></span> <span class='ocrx_word' id='word_1_445' title='bbox 789 3650 870 3695; x_wconf 89' lang='lat' dir='ltr'><strong>est</strong></span> <span class='ocrx_word' id='word_1_446' title='bbox 903 3655 920 3692; x_wconf 87' lang='lat'><strong>:</strong></span> <span class='ocrx_word' id='word_1_447' title='bbox 952 3641 1044 3694; x_wconf 90' lang='lat' dir='ltr'><strong>sed</strong></span> <span class='ocrx_word' id='word_1_448' title='bbox 1088 3656 1154 3695; x_wconf 83' lang='lat' dir='ltr'><strong>ex</strong></span> <span class='ocrx_word' id='word_1_449' title='bbox 1204 3641 1284 3695; x_wconf 89' lang='lat' dir='ltr'><strong>his</strong></span> <span class='ocrx_word' id='word_1_450' title='bbox 1315 3655 1433 3709; x_wconf 86' lang='lat' dir='ltr'><strong>quae</strong></span> <span class='ocrx_word' id='word_1_451' title='bbox 1473 3655 1577 3694; x_wconf 90' lang='lat' dir='ltr'><strong>non</strong></span> <span class='ocrx_word' id='word_1_452' title='bbox 1620 3642 1815 3708; x_wconf 88' lang='lat' dir='ltr'><strong>credis,</strong></span> <span class='ocrx_word' id='word_1_453' title='bbox 1865 3651 1919 3695; x_wconf 90' lang='lat' dir='ltr'><strong>tu</strong></span> <span class='ocrx_word' id='word_1_454' title='bbox 1978 3656 2083 3696; x_wconf 90' lang='lat' dir='ltr'><strong>non</strong></span> 
     </span>
    </p>
   </div>
   <div class='ocr_carea' id='block_1_54' title="bbox 511 3730 2077 3804">
    <p class='ocr_par' dir='ltr' id='par_1_54' title="bbox 511 3730 2077 3804">
     <span class='ocr_line' id='line_1_54' title="bbox 511 3730 2077 3804; baseline 0.002 -18"><span class='ocrx_word' id='word_1_455' title='bbox 511 3736 645 3786; x_wconf 80' lang='lat' dir='ltr'><strong>eris.</strong></span> <span class='ocrx_word' id='word_1_456' title='bbox 674 3730 802 3797; x_wconf 78' lang='lat' dir='ltr'><strong>Quae</strong></span> <span class='ocrx_word' id='word_1_457' title='bbox 845 3735 1046 3802; x_wconf 84' lang='lat' dir='ltr'><strong>scripta</strong></span> <span class='ocrx_word' id='word_1_458' title='bbox 1095 3743 1219 3787; x_wconf 90' lang='lat' dir='ltr'><strong>sunt</strong></span> <span class='ocrx_word' id='word_1_459' title='bbox 1250 3734 1435 3798; x_wconf 87' lang='lat' dir='ltr'><strong>dicito,</strong></span> <span class='ocrx_word' id='word_1_460' title='bbox 1468 3740 1522 3788; x_wconf 90' lang='lat' dir='ltr'><strong>et</strong></span> <span class='ocrx_word' id='word_1_461' title='bbox 1552 3734 1961 3804; x_wconf 90' lang='lat' dir='ltr'><strong>derelinquetur</strong></span> <span class='ocrx_word' id='word_1_462' title='bbox 1990 3734 2077 3790; x_wconf 91' lang='lat' dir='ltr'><strong>lis.</strong></span> 
     </span>
    </p>
   </div>
   <div class='ocr_carea' id='block_1_55' title="bbox 514 3823 2080 3904">
    <p class='ocr_par' dir='ltr' id='par_1_55' title="bbox 514 3823 2080 3904">
     <span class='ocr_line' id='line_1_55' title="bbox 514 3823 2080 3904; baseline 0.004 -29"><span class='ocrx_word' id='word_1_463' title='bbox 514 3823 631 3877; x_wconf 78' lang='lat' dir='ltr'><strong>Non</strong></span> <span class='ocrx_word' id='word_1_464' title='bbox 670 3840 848 3877; x_wconf 86' lang='lat' dir='ltr'><strong>meum</strong></span> <span class='ocrx_word' id='word_1_465' title='bbox 881 3833 932 3877; x_wconf 87' lang='lat' dir='ltr'><strong>et</strong></span> <span class='ocrx_word' id='word_1_466' title='bbox 970 3834 1137 3889; x_wconf 91' lang='lat' dir='ltr'><strong>tuum,</strong></span> <span class='ocrx_word' id='word_1_467' title='bbox 1171 3825 1263 3878; x_wconf 89' lang='lat' dir='ltr'><strong>sed</strong></span> <span class='ocrx_word' id='word_1_468' title='bbox 1305 3840 1422 3894; x_wconf 66' lang='lat' dir='ltr'><strong>quae</strong></span> <span class='ocrx_word' id='word_1_469' title='bbox 1466 3825 1767 3904; x_wconf 71' lang='lat' dir='ltr'><strong>communia</strong></span> <span class='ocrx_word' id='word_1_470' title='bbox 1813 3836 1939 3880; x_wconf 91' lang='lat' dir='ltr'><strong>sunt</strong></span> <span class='ocrx_word' id='word_1_471' title='bbox 1978 3825 2080 3881; x_wconf 87' lang='lat' dir='ltr'><strong>Ec-</strong></span> 
     </span>
    </p>
   </div>
   <div class='ocr_carea' id='block_1_56' title="bbox 515 3914 2081 3986">
    <p class='ocr_par' dir='ltr' id='par_1_56' title="bbox 515 3914 2081 3986">
     <span class='ocr_line' id='line_1_56' title="bbox 515 3914 2081 3986; baseline 0.003 -19"><span class='ocrx_word' id='word_1_472' title='bbox 515 3916 711 3971; x_wconf 78' lang='lat' dir='ltr'><strong>clesiae.</strong></span> <span class='ocrx_word' id='word_1_473' title='bbox 746 3915 877 3982; x_wconf 88' lang='lat' dir='ltr'><strong>Quis</strong></span> <span class='ocrx_word' id='word_1_474' title='bbox 899 3917 1040 3968; x_wconf 88' lang='lat' dir='ltr'><strong>enim</strong></span> <span class='ocrx_word' id='word_1_475' title='bbox 1086 3925 1136 3969; x_wconf 90' lang='lat' dir='ltr'><strong>te</strong></span> <span class='ocrx_word' id='word_1_476' title='bbox 1162 3914 1402 3986; x_wconf 75' lang='lat' dir='ltr'><strong>iudicat?</strong></span> <span class='ocrx_word' id='word_1_477' title='bbox 1432 3916 1559 3983; x_wconf 89' lang='lat' dir='ltr'><strong>quid</strong></span> <span class='ocrx_word' id='word_1_478' title='bbox 1602 3916 1769 3970; x_wconf 85' lang='lat' dir='ltr'><strong>habes</strong></span> <span class='ocrx_word' id='word_1_479' title='bbox 1802 3917 1943 3986; x_wconf 89' lang='lat' dir='ltr'><strong>quod</strong></span> <span class='ocrx_word' id='word_1_480' title='bbox 1974 3931 2081 3971; x_wconf 90' lang='lat' dir='ltr'><strong>non</strong></span> 
     </span>
    </p>
   </div>
   <div class='ocr_carea' id='block_1_57' title="bbox 512 4003 2083 4075">
    <p class='ocr_par' dir='ltr' id='par_1_57' title="bbox 512 4003 2083 4075">
     <span class='ocr_line' id='line_1_57' title="bbox 512 4003 2083 4075; baseline 0.001 -16"><span class='ocrx_word' id='word_1_481' title='bbox 512 4006 805 4075; x_wconf 83' lang='lat' dir='ltr'><strong>accepisti?</strong></span> <span class='ocrx_word' id='word_1_482' title='bbox 838 4004 952 4059; x_wconf 86' lang='lat' dir='ltr'><strong>Non</strong></span> <span class='ocrx_word' id='word_1_483' title='bbox 986 4007 1084 4060; x_wconf 91' lang='lat' dir='ltr'><strong>ista</strong></span> <span class='ocrx_word' id='word_1_484' title='bbox 1107 4013 1188 4058; x_wconf 90' lang='lat' dir='ltr'><strong>est</strong></span> <span class='ocrx_word' id='word_1_485' title='bbox 1217 4019 1315 4058; x_wconf 87' lang='lat' dir='ltr'><strong>vox</strong></span> <span class='ocrx_word' id='word_1_486' title='bbox 1356 4004 1505 4059; x_wconf 87' lang='lat' dir='ltr'><strong>Pauli</strong></span> <span class='ocrx_word' id='word_1_487' title='bbox 1529 4004 1620 4075; x_wconf 87' lang='lat' dir='ltr'><strong>qui</strong></span> <span class='ocrx_word' id='word_1_488' title='bbox 1652 4005 1729 4059; x_wconf 89' lang='lat' dir='ltr'><strong>ait</strong></span> <span class='ocrx_word' id='word_1_489' title='bbox 1760 4022 1774 4060; x_wconf 91' lang='lat'><strong>:</strong></span> <span class='ocrx_word' id='word_1_490' title='bbox 1814 4003 1900 4059; x_wconf 78' lang='lat' dir='ltr'><strong>Ea:</strong></span> <span class='ocrx_word' id='word_1_491' title='bbox 1934 4016 2083 4075; x_wconf 80' lang='lat' dir='ltr'><strong>parte</strong></span> 
     </span>
    </p>
   </div>
   <div class='ocr_carea' id='block_1_58' title="bbox 509 4095 2083 4167">
    <p class='ocr_par' dir='ltr' id='par_1_58' title="bbox 509 4095 2083 4167">
     <span class='ocr_line' id='line_1_58' title="bbox 509 4095 2083 4167; baseline -0.001 -16"><span class='ocrx_word' id='word_1_492' title='bbox 509 4097 867 4167; x_wconf 80' lang='lat' dir='ltr'><strong>agnoscimus,</strong></span> <span class='ocrx_word' id='word_1_493' title='bbox 901 4106 951 4150; x_wconf 89' lang='lat' dir='ltr'><strong>et</strong></span> <span class='ocrx_word' id='word_1_494' title='bbox 983 4112 1046 4151; x_wconf 70' lang='lat' dir='ltr'><strong>ex</strong></span> <span class='ocrx_word' id='word_1_495' title='bbox 1077 4108 1223 4165; x_wconf 81' lang='lat' dir='ltr'><strong>parte</strong></span> <span class='ocrx_word' id='word_1_496' title='bbox 1257 4098 1625 4166; x_wconf 70' lang='lat' dir='ltr'><strong>prop/celamus</strong></span> <span class='ocrx_word' id='word_1_497' title='bbox 1666 4097 1750 4151; x_wconf 67' lang='lat'>“2</span> <span class='ocrx_word' id='word_1_498' title='bbox 1798 4095 1924 4151; x_wconf 69' lang='lat' dir='ltr'><strong>Haec</strong></span> <span class='ocrx_word' id='word_1_499' title='bbox 1952 4096 2083 4151; x_wconf 83' lang='lat' dir='ltr'><strong>dixit</strong></span> 
     </span>
    </p>
   </div>
   <div class='ocr_carea' id='block_1_59' title="bbox 514 4188 2083 4257">
    <p class='ocr_par' dir='ltr' id='par_1_59' title="bbox 514 4188 2083 4257">
     <span class='ocr_line' id='line_1_59' title="bbox 514 4188 2083 4257; baseline -0.001 -16"><span class='ocrx_word' id='word_1_500' title='bbox 514 4188 730 4255; x_wconf 88' lang='lat' dir='ltr'><strong>Paulus,</strong></span> <span class='ocrx_word' id='word_1_501' title='bbox 773 4204 839 4244; x_wconf 91' lang='lat' dir='ltr'><strong>ne</strong></span> <span class='ocrx_word' id='word_1_502' title='bbox 884 4204 1012 4244; x_wconf 83' lang='lat' dir='ltr'><strong>sane</strong></span> <span class='ocrx_word' id='word_1_503' title='bbox 1062 4189 1207 4243; x_wconf 88' lang='lat' dir='ltr'><strong>solus</strong></span> <span class='ocrx_word' id='word_1_504' title='bbox 1248 4196 1527 4257; x_wconf 90' lang='lat' dir='ltr'><strong>putaretur</strong></span> <span class='ocrx_word' id='word_1_505' title='bbox 1576 4202 1640 4242; x_wconf 87' lang='lat' dir='ltr'><strong>ex</strong></span> <span class='ocrx_word' id='word_1_506' title='bbox 1683 4196 1857 4257; x_wconf 87' lang='lat' dir='ltr'><strong>parte,</strong></span> <span class='ocrx_word' id='word_1_507' title='bbox 1904 4188 1999 4242; x_wconf 88' lang='lat' dir='ltr'><strong>sed</strong></span> <span class='ocrx_word' id='word_1_508' title='bbox 2029 4196 2083 4241; x_wconf 92' lang='lat' dir='ltr'><strong>et</strong></span> 
     </span>
    </p>
   </div>
   <div class='ocr_carea' id='block_1_60' title="bbox 513 4280 2083 4351">
    <p class='ocr_par' dir='ltr' id='par_1_60' title="bbox 513 4280 2083 4351">
     <span class='ocr_line' id='line_1_60' title="bbox 513 4280 2083 4351; baseline -0.001 -16"><span class='ocrx_word' id='word_1_509' title='bbox 513 4281 762 4350; x_wconf 82' lang='lat' dir='ltr'><strong>Apostoli</strong></span> <span class='ocrx_word' id='word_1_510' title='bbox 796 4297 916 4336; x_wconf 87' lang='lat' dir='ltr'><strong>cum</strong></span> <span class='ocrx_word' id='word_1_511' title='bbox 941 4282 1056 4349; x_wconf 88' lang='lat' dir='ltr'><strong>ipso</strong></span> <span class='ocrx_word' id='word_1_512' title='bbox 1085 4281 1176 4350; x_wconf 89' lang='lat' dir='ltr'><strong>qui</strong></span> <span class='ocrx_word' id='word_1_513' title='bbox 1212 4282 1308 4345; x_wconf 91' lang='lat' dir='ltr'><strong>ait,</strong></span> <span class='ocrx_word' id='word_1_514' title='bbox 1338 4280 1727 4335; x_wconf 32' lang='lat' dir='ltr'><strong>nunc&#39;videmus</strong></span> <span class='ocrx_word' id='word_1_515' title='bbox 1769 4296 1862 4351; x_wconf 84' lang='lat' dir='ltr'><strong>per</strong></span> <span class='ocrx_word' id='word_1_516' title='bbox 1894 4296 2083 4351; x_wconf 83' lang='lat' dir='ltr'><strong>specu--</strong></span> 
     </span>
    </p>
   </div>
   <div class='ocr_carea' id='block_1_61' title="bbox 513 4370 2082 4439">
    <p class='ocr_par' dir='ltr' id='par_1_61' title="bbox 513 4370 2082 4439">
     <span class='ocr_line' id='line_1_61' title="bbox 513 4370 2082 4439; baseline 0.001 -15"><span class='ocrx_word' id='word_1_517' title='bbox 513 4372 621 4426; x_wconf 87' lang='lat' dir='ltr'><strong>lum</strong></span> <span class='ocrx_word' id='word_1_518' title='bbox 661 4373 724 4426; x_wconf 83' lang='lat'><strong>&quot;.</strong></span> <span class='ocrx_word' id='word_1_519' title='bbox 753 4371 856 4425; x_wconf 89' lang='lat' dir='ltr'><strong>Sed</strong></span> <span class='ocrx_word' id='word_1_520' title='bbox 888 4371 1086 4425; x_wconf 80' lang='lat' dir='ltr'><strong>Paulus</strong></span> <span class='ocrx_word' id='word_1_521' title='bbox 1116 4386 1211 4439; x_wconf 91' lang='lat' dir='ltr'><strong>per</strong></span> <span class='ocrx_word' id='word_1_522' title='bbox 1244 4370 1518 4438; x_wconf 88' lang='lat' dir='ltr'><strong>speculum</strong></span> <span class='ocrx_word' id='word_1_523' title='bbox 1545 4388 1559 4437; x_wconf 91' lang='lat'><strong>;</strong></span> <span class='ocrx_word' id='word_1_524' title='bbox 1592 4381 1646 4425; x_wconf 92' lang='lat' dir='ltr'><strong>tu</strong></span> <span class='ocrx_word' id='word_1_525' title='bbox 1672 4382 1855 4426; x_wconf 89' lang='lat' dir='ltr'><strong>autem</strong></span> <span class='ocrx_word' id='word_1_526' title='bbox 1885 4384 1939 4427; x_wconf 89' lang='lat' dir='ltr'><strong>et</strong></span> <span class='ocrx_word' id='word_1_527' title='bbox 1961 4371 2082 4427; x_wconf 90' lang='lat' dir='ltr'><strong>istic</strong></span> 
     </span>
    </p>
   </div>
   <div class='ocr_carea' id='block_1_62' title="bbox 512 4462 2082 4532">
    <p class='ocr_par' dir='ltr' id='par_1_62' title="bbox 512 4462 2082 4532">
     <span class='ocr_line' id='line_1_62' title="bbox 512 4462 2082 4532; baseline 0.001 -16"><span class='ocrx_word' id='word_1_528' title='bbox 512 4466 621 4532; x_wconf 85' lang='lat' dir='ltr'><strong>jam</strong></span> <span class='ocrx_word' id='word_1_529' title='bbox 641 4465 717 4518; x_wconf 82' lang='lat' dir='ltr'><strong>vis</strong></span> <span class='ocrx_word' id='word_1_530' title='bbox 762 4463 898 4517; x_wconf 82' lang='lat' dir='ltr'><strong>facie</strong></span> <span class='ocrx_word' id='word_1_531' title='bbox 926 4466 991 4517; x_wconf 91' lang='lat' dir='ltr'><strong>ad</strong></span> <span class='ocrx_word' id='word_1_532' title='bbox 1012 4463 1201 4519; x_wconf 82' lang='lat' dir='ltr'><strong>faciem</strong></span> <span class='ocrx_word' id='word_1_533' title='bbox 1229 4478 1405 4519; x_wconf 89' lang='lat' dir='ltr'><strong>nosse.</strong></span> <span class='ocrx_word' id='word_1_534' title='bbox 1440 4462 1898 4530; x_wconf 80' lang='lat' dir='ltr'><strong>Quemadmodum</strong></span> <span class='ocrx_word' id='word_1_535' title='bbox 1951 4480 2082 4519; x_wconf 89' lang='lat' dir='ltr'><strong>sane</strong></span> 
     </span>
    </p>
   </div>
   <div class='ocr_carea' id='block_1_63' title="bbox 2192 1995 3702 2068">
    <p class='ocr_par' dir='ltr' id='par_1_63' title="bbox 2192 1995 3702 2068">
     <span class='ocr_line' id='line_1_63' title="bbox 2192 1995 3702 2068; baseline 0.002 -19"><span class='ocrx_word' id='word_1_536' title='bbox 2192 1996 2399 2051; x_wconf 88' lang='lat' dir='ltr'><strong>salutis.</strong></span> <span class='ocrx_word' id='word_1_537' title='bbox 2430 1995 2545 2053; x_wconf 86' lang='lat' dir='ltr'><strong>Non</strong></span> <span class='ocrx_word' id='word_1_538' title='bbox 2576 1997 2873 2052; x_wconf 86' lang='lat' dir='ltr'><strong>moriamur</strong></span> <span class='ocrx_word' id='word_1_539' title='bbox 2898 2012 3046 2068; x_wconf 90' lang='lat' dir='ltr'><strong>ergo,</strong></span> <span class='ocrx_word' id='word_1_540' title='bbox 3089 2012 3209 2053; x_wconf 92' lang='lat' dir='ltr'><strong>cum</strong></span> <span class='ocrx_word' id='word_1_541' title='bbox 3244 1998 3496 2054; x_wconf 89' lang='lat' dir='ltr'><strong>debemus</strong></span> <span class='ocrx_word' id='word_1_542' title='bbox 3533 2001 3702 2055; x_wconf 80' lang='lat' dir='ltr'><strong>vivere.</strong></span> 
     </span>
    </p>
   </div>
   <div class='ocr_carea' id='block_1_64' title="bbox 2182 2074 3702 2158">
    <p class='ocr_par' dir='ltr' id='par_1_64' title="bbox 2182 2074 3702 2158">
     <span class='ocr_line' id='line_1_64' title="bbox 2182 2074 3702 2158; baseline 0.003 -18"><span class='ocrx_word' id='word_1_543' title='bbox 2182 2084 2298 2143; x_wconf 89' lang='lat' dir='ltr'><strong>&#39;Sed</strong></span> <span class='ocrx_word' id='word_1_544' title='bbox 2323 2074 2465 2142; x_wconf 81' lang='lat' dir='ltr'><strong>nunc</strong></span> <span class='ocrx_word' id='word_1_545' title='bbox 2486 2087 2702 2158; x_wconf 83' lang='lat' dir='ltr'><strong>quidem</strong></span> <span class='ocrx_word' id='word_1_546' title='bbox 2727 2088 2911 2157; x_wconf 86' lang='lat' dir='ltr'><strong>paucis</strong></span> <span class='ocrx_word' id='word_1_547' title='bbox 2937 2089 3007 2143; x_wconf 91' lang='lat' dir='ltr'><strong>ob</strong></span> <span class='ocrx_word' id='word_1_548' title='bbox 3029 2091 3355 2144; x_wconf 90' lang='lat' dir='ltr'><strong>memoriam</strong></span> <span class='ocrx_word' id='word_1_549' title='bbox 3400 2098 3452 2144; x_wconf 90' lang='lat' dir='ltr'><strong>et</strong></span> <span class='ocrx_word' id='word_1_550' title='bbox 3485 2091 3702 2146; x_wconf 85' lang='lat' dir='ltr'><strong>honorem</strong></span> 
     </span>
    </p>
   </div>
   <div class='ocr_carea' id='block_1_65' title="bbox 2190 2177 3707 2252">
    <p class='ocr_par' dir='ltr' id='par_1_65' title="bbox 2190 2177 3707 2252">
     <span class='ocr_line' id='line_1_65' title="bbox 2190 2177 3707 2252; baseline 0.002 -19"><span class='ocrx_word' id='word_1_551' title='bbox 2190 2177 2367 2234; x_wconf 89' lang='lat' dir='ltr'><strong>Patris</strong></span> <span class='ocrx_word' id='word_1_552' title='bbox 2394 2178 2536 2234; x_wconf 89' lang='lat' dir='ltr'><strong>illius</strong></span> <span class='ocrx_word' id='word_1_553' title='bbox 2568 2180 2760 2246; x_wconf 87' lang='lat' dir='ltr'><strong>nostri,</strong></span> <span class='ocrx_word' id='word_1_554' title='bbox 2798 2179 2869 2234; x_wconf 87' lang='lat' dir='ltr'><strong>ita</strong></span> <span class='ocrx_word' id='word_1_555' title='bbox 2907 2180 3057 2245; x_wconf 89' lang='lat' dir='ltr'><strong>boni,</strong></span> <span class='ocrx_word' id='word_1_556' title='bbox 3096 2181 3167 2235; x_wconf 90' lang='lat' dir='ltr'><strong>ita</strong></span> <span class='ocrx_word' id='word_1_557' title='bbox 3216 2180 3495 2246; x_wconf 83' lang='lat' dir='ltr'><strong>laboriosi,</strong></span> <span class='ocrx_word' id='word_1_558' title='bbox 3542 2192 3589 2237; x_wconf 88' lang='lat' dir='ltr'><strong>et</strong></span> <span class='ocrx_word' id='word_1_559' title='bbox 3630 2197 3707 2252; x_wconf 83' lang='lat' dir='ltr'><strong>pro</strong></span> 
     </span>
    </p>
   </div>
   <div class='ocr_carea' id='block_1_66' title="bbox 2192 2267 3708 2341">
    <p class='ocr_par' dir='ltr' id='par_1_66' title="bbox 2192 2267 3708 2341">
     <span class='ocr_line' id='line_1_66' title="bbox 2192 2267 3708 2341; baseline 0.001 -16"><span class='ocrx_word' id='word_1_560' title='bbox 2192 2267 2444 2325; x_wconf 84' lang='lat' dir='ltr'><strong>Ecclesiis</strong></span> <span class='ocrx_word' id='word_1_561' title='bbox 2472 2268 2673 2338; x_wconf 86' lang='lat' dir='ltr'><strong>ubique</strong></span> <span class='ocrx_word' id='word_1_562' title='bbox 2693 2269 2947 2339; x_wconf 80' lang='lat' dir='ltr'><strong>vigilante</strong></span> <span class='ocrx_word' id='word_1_563' title='bbox 2973 2269 3054 2341; x_wconf 82' lang='lat'><strong>(5)</strong></span> <span class='ocrx_word' id='word_1_564' title='bbox 3083 2272 3225 2325; x_wconf 90' lang='lat' dir='ltr'><strong>dicta</strong></span> <span class='ocrx_word' id='word_1_565' title='bbox 3273 2273 3380 2326; x_wconf 85' lang='lat' dir='ltr'><strong>sint</strong></span> <span class='ocrx_word' id='word_1_566' title='bbox 3433 2272 3593 2327; x_wconf 90' lang='lat' dir='ltr'><strong>nobis.</strong></span> <span class='ocrx_word' id='word_1_567' title='bbox 3629 2270 3708 2326; x_wconf 79' lang='lat' dir='ltr'><strong>Ne-</strong></span> 
     </span>
    </p>
   </div>
   <div class='ocr_carea' id='block_1_67' title="bbox 2190 2360 3708 2435">
    <p class='ocr_par' dir='ltr' id='par_1_67' title="bbox 2190 2360 3708 2435">
     <span class='ocr_line' id='line_1_67' title="bbox 2190 2360 3708 2435; baseline 0.001 -17"><span class='ocrx_word' id='word_1_568' title='bbox 2190 2377 2295 2433; x_wconf 89' lang='lat' dir='ltr'><strong>que</strong></span> <span class='ocrx_word' id='word_1_569' title='bbox 2315 2361 2461 2418; x_wconf 88' lang='lat' dir='ltr'><strong>enim</strong></span> <span class='ocrx_word' id='word_1_570' title='bbox 2490 2361 2701 2432; x_wconf 75' lang='lat' dir='ltr'><strong>generis</strong></span> <span class='ocrx_word' id='word_1_571' title='bbox 2736 2360 2885 2430; x_wconf 70' lang='lat' dir='ltr'><strong>ejus)</strong></span> <span class='ocrx_word' id='word_1_572' title='bbox 2910 2363 3223 2419; x_wconf 89' lang='lat' dir='ltr'><strong>memoriam</strong></span> <span class='ocrx_word' id='word_1_573' title='bbox 3276 2364 3514 2430; x_wconf 81' lang='lat' dir='ltr'><strong>fecimus,</strong></span> <span class='ocrx_word' id='word_1_574' title='bbox 3569 2379 3708 2435; x_wconf 78' lang='lat' dir='ltr'><strong>neque</strong></span> 
     </span>
    </p>
   </div>
   <div class='ocr_carea' id='block_1_68' title="bbox 2188 2452 3709 2523">
    <p class='ocr_par' dir='ltr' id='par_1_68' title="bbox 2188 2452 3709 2523">
     <span class='ocr_line' id='line_1_68' title="bbox 2188 2452 3709 2523; baseline -0.001 -14"><span class='ocrx_word' id='word_1_575' title='bbox 2188 2455 2541 2521; x_wconf 86' lang='lat' dir='ltr'><strong>educationis,</strong></span> <span class='ocrx_word' id='word_1_576' title='bbox 2588 2464 2683 2508; x_wconf 88' lang='lat' dir='ltr'><strong>aut</strong></span> <span class='ocrx_word' id='word_1_577' title='bbox 2736 2452 3080 2523; x_wconf 89' lang='lat' dir='ltr'><strong>eruditionis,</strong></span> <span class='ocrx_word' id='word_1_578' title='bbox 3136 2466 3231 2511; x_wconf 91' lang='lat' dir='ltr'><strong>aut</strong></span> <span class='ocrx_word' id='word_1_579' title='bbox 3282 2457 3498 2512; x_wconf 88' lang='lat' dir='ltr'><strong>alterius</strong></span> <span class='ocrx_word' id='word_1_580' title='bbox 3544 2456 3647 2510; x_wconf 68' lang='lat' dir='ltr'><strong>vita</strong></span> <span class='ocrx_word' id='word_1_581' title='bbox 3667 2462 3709 2509; x_wconf 80' lang='lat' dir='ltr'><strong>et</strong></span> 
     </span>
    </p>
   </div>
   <div class='ocr_carea' id='block_1_69' title="bbox 2184 2543 3708 2619">
    <p class='ocr_par' dir='ltr' id='par_1_69' title="bbox 2184 2543 3708 2619">
     <span class='ocr_line' id='line_1_69' title="bbox 2184 2543 3708 2619; baseline 0 -20"><span class='ocrx_word' id='word_1_582' title='bbox 2184 2546 2472 2619; x_wconf 72' lang='lat' dir='ltr'><strong>propositi.</strong></span> <span class='ocrx_word' id='word_1_583' title='bbox 2506 2543 2783 2600; x_wconf 78' lang='lat' dir='ltr'><strong>Suﬁicient</strong></span> <span class='ocrx_word' id='word_1_584' title='bbox 2804 2545 2948 2600; x_wconf 91' lang='lat' dir='ltr'><strong>enim</strong></span> <span class='ocrx_word' id='word_1_585' title='bbox 2989 2545 3041 2601; x_wconf 90' lang='lat' dir='ltr'><strong>in</strong></span> <span class='ocrx_word' id='word_1_586' title='bbox 3084 2546 3324 2603; x_wconf 82' lang='lat' dir='ltr'><strong>Ecclesia</strong></span> <span class='ocrx_word' id='word_1_587' title='bbox 3362 2549 3449 2602; x_wconf 92' lang='lat' dir='ltr'><strong>Dei</strong></span> <span class='ocrx_word' id='word_1_588' title='bbox 3482 2547 3543 2602; x_wconf 91' lang='lat' dir='ltr'><strong>de</strong></span> <span class='ocrx_word' id='word_1_589' title='bbox 3574 2545 3708 2600; x_wconf 78' lang='lat' dir='ltr'><strong>Patro</strong></span> 
     </span>
    </p>
   </div>
   <div class='ocr_carea' id='block_1_70' title="bbox 2181 2635 3707 2709">
    <p class='ocr_par' dir='ltr' id='par_1_70' title="bbox 2181 2635 3707 2709">
     <span class='ocr_line' id='line_1_70' title="bbox 2181 2635 3707 2709; baseline -0.002 -16"><span class='ocrx_word' id='word_1_590' title='bbox 2181 2648 2246 2693; x_wconf 82' lang='lat' dir='ltr'><strong>et</strong></span> <span class='ocrx_word' id='word_1_591' title='bbox 2285 2637 2422 2691; x_wconf 84' lang='lat' dir='ltr'><strong>Filio</strong></span> <span class='ocrx_word' id='word_1_592' title='bbox 2467 2636 2609 2705; x_wconf 91' lang='lat' dir='ltr'><strong>loqui</strong></span> <span class='ocrx_word' id='word_1_593' title='bbox 2671 2635 2768 2707; x_wconf 92' lang='lat'><strong>(6).</strong></span> <span class='ocrx_word' id='word_1_594' title='bbox 2816 2636 2985 2707; x_wconf 90' lang='lat' dir='ltr'><strong>Loqui</strong></span> <span class='ocrx_word' id='word_1_595' title='bbox 3040 2639 3235 2709; x_wconf 89' lang='lat' dir='ltr'><strong>quippe</strong></span> <span class='ocrx_word' id='word_1_596' title='bbox 3279 2640 3522 2707; x_wconf 86' lang='lat' dir='ltr'><strong>dicibilia,</strong></span> <span class='ocrx_word' id='word_1_597' title='bbox 3566 2638 3707 2693; x_wconf 70' lang='lat' dir='ltr'><strong>tacere</strong></span> 
     </span>
    </p>
   </div>
   <div class='ocr_carea' id='block_1_71' title="bbox 2188 2726 3708 2800">
    <p class='ocr_par' dir='ltr' id='par_1_71' title="bbox 2188 2726 3708 2800">
     <span class='ocr_line' id='line_1_71' title="bbox 2188 2726 3708 2800; baseline -0.001 -19"><span class='ocrx_word' id='word_1_598' title='bbox 2188 2737 2364 2782; x_wconf 89' lang='lat' dir='ltr'><strong>autem</strong></span> <span class='ocrx_word' id='word_1_599' title='bbox 2404 2740 2523 2798; x_wconf 68' lang='lat' dir='ltr'><strong>quas</strong></span> <span class='ocrx_word' id='word_1_600' title='bbox 2544 2726 2753 2784; x_wconf 84' lang='lat' dir='ltr'><strong>occulta</strong></span> <span class='ocrx_word' id='word_1_601' title='bbox 2800 2737 2944 2783; x_wconf 91' lang='lat' dir='ltr'><strong>sunt.</strong></span> <span class='ocrx_word' id='word_1_602' title='bbox 2981 2727 3320 2800; x_wconf 87' lang='lat' dir='ltr'><strong>Tinguamur</strong></span> <span class='ocrx_word' id='word_1_603' title='bbox 3360 2730 3542 2785; x_wconf 83' lang='lat' dir='ltr'><strong>fratres</strong></span> <span class='ocrx_word' id='word_1_604' title='bbox 3571 2729 3615 2782; x_wconf 90' lang='lat' dir='ltr'><strong>iu</strong></span> <span class='ocrx_word' id='word_1_605' title='bbox 3643 2727 3708 2782; x_wconf 85' lang='lat' dir='ltr'><strong>his</strong></span> 
     </span>
    </p>
   </div>
   <div class='ocr_carea' id='block_1_72' title="bbox 2188 2817 3707 2889">
    <p class='ocr_par' dir='ltr' id='par_1_72' title="bbox 2188 2817 3707 2889">
     <span class='ocr_line' id='line_1_72' title="bbox 2188 2817 3707 2889; baseline 0.001 -19"><span class='ocrx_word' id='word_1_606' title='bbox 2188 2835 2307 2889; x_wconf 85' lang='lat' dir='ltr'><strong>quae</strong></span> <span class='ocrx_word' id='word_1_607' title='bbox 2339 2819 2389 2874; x_wconf 93' lang='lat' dir='ltr'><strong>in</strong></span> <span class='ocrx_word' id='word_1_608' title='bbox 2415 2818 2707 2888; x_wconf 89' lang='lat' dir='ltr'><strong>Scripturis</strong></span> <span class='ocrx_word' id='word_1_609' title='bbox 2757 2820 2955 2889; x_wconf 81' lang='lat' dir='ltr'><strong>scripta</strong></span> <span class='ocrx_word' id='word_1_610' title='bbox 2995 2834 3145 2886; x_wconf 88' lang='lat' dir='ltr'><strong>sunt,</strong></span> <span class='ocrx_word' id='word_1_611' title='bbox 3188 2838 3296 2877; x_wconf 91' lang='lat' dir='ltr'><strong>non</strong></span> <span class='ocrx_word' id='word_1_612' title='bbox 3336 2831 3392 2877; x_wconf 89' lang='lat' dir='ltr'><strong>ut</strong></span> <span class='ocrx_word' id='word_1_613' title='bbox 3434 2835 3599 2875; x_wconf 70' lang='lat' dir='ltr'><strong>vaenue</strong></span> <span class='ocrx_word' id='word_1_614' title='bbox 3635 2817 3707 2872; x_wconf 75' lang='lat' dir='ltr'><strong>iit-</strong></span> 
     </span>
    </p>
   </div>
   <div class='ocr_carea' id='block_1_73' title="bbox 2190 2911 3704 2980">
    <p class='ocr_par' dir='ltr' id='par_1_73' title="bbox 2190 2911 3704 2980">
     <span class='ocr_line' id='line_1_73' title="bbox 2190 2911 3704 2980; baseline -0.001 -16"><span class='ocrx_word' id='word_1_615' title='bbox 2190 2920 2318 2965; x_wconf 75' lang='lat' dir='ltr'><strong>terze</strong></span> <span class='ocrx_word' id='word_1_616' title='bbox 2344 2911 2725 2980; x_wconf 88' lang='lat' dir='ltr'><strong>prophetarum</strong></span> <span class='ocrx_word' id='word_1_617' title='bbox 2758 2920 2816 2965; x_wconf 93' lang='lat' dir='ltr'><strong>ut</strong></span> <span class='ocrx_word' id='word_1_618' title='bbox 2842 2911 3066 2967; x_wconf 74' lang='lat' dir='ltr'><strong>Judzeis.</strong></span> <span class='ocrx_word' id='word_1_619' title='bbox 3089 2912 3167 2967; x_wconf 77' lang='lat' dir='ltr'><strong>liii</strong></span> <span class='ocrx_word' id='word_1_620' title='bbox 3191 2914 3342 2969; x_wconf 89' lang='lat' dir='ltr'><strong>enim</strong></span> <span class='ocrx_word' id='word_1_621' title='bbox 3381 2914 3633 2969; x_wconf 84' lang='lat' dir='ltr'><strong>adversum</strong></span> <span class='ocrx_word' id='word_1_622' title='bbox 3658 2923 3704 2964; x_wconf 85' lang='lat' dir='ltr'><strong>so</strong></span> 
     </span>
    </p>
   </div>
   <div class='ocr_carea' id='block_1_74' title="bbox 2183 3000 3700 3073">
    <p class='ocr_par' dir='ltr' id='par_1_74' title="bbox 2183 3000 3700 3073">
     <span class='ocr_line' id='line_1_74' title="bbox 2183 3000 3700 3073; baseline -0.001 -18"><span class='ocrx_word' id='word_1_623' title='bbox 2183 3001 2400 3073; x_wconf 85' lang='lat' dir='ltr'><strong>legunt;</strong></span> <span class='ocrx_word' id='word_1_624' title='bbox 2437 3001 2673 3072; x_wconf 76' lang='lat' dir='ltr'><strong>legentes</strong></span> <span class='ocrx_word' id='word_1_625' title='bbox 2706 3003 2853 3056; x_wconf 84' lang='lat' dir='ltr'><strong>enim</strong></span> <span class='ocrx_word' id='word_1_626' title='bbox 2884 3000 3096 3057; x_wconf 84' lang='lat' dir='ltr'><strong>litteras</strong></span> <span class='ocrx_word' id='word_1_627' title='bbox 3139 3013 3195 3057; x_wconf 91' lang='lat' dir='ltr'><strong>et</strong></span> <span class='ocrx_word' id='word_1_628' title='bbox 3243 3018 3350 3059; x_wconf 92' lang='lat' dir='ltr'><strong>non</strong></span> <span class='ocrx_word' id='word_1_629' title='bbox 3395 3003 3700 3070; x_wconf 84' lang='lat' dir='ltr'><strong>suscipientes</strong></span> 
     </span>
    </p>
   </div>
   <div class='ocr_carea' id='block_1_75' title="bbox 2187 3094 3703 3167">
    <p class='ocr_par' dir='ltr' id='par_1_75' title="bbox 2187 3094 3703 3167">
     <span class='ocr_line' id='line_1_75' title="bbox 2187 3094 3703 3167; baseline -0.003 -17"><span class='ocrx_word' id='word_1_630' title='bbox 2187 3096 2464 3165; x_wconf 80' lang='lat' dir='ltr'><strong>negotium</strong></span> <span class='ocrx_word' id='word_1_631' title='bbox 2492 3109 2559 3150; x_wconf 82' lang='lat' dir='ltr'><strong>ex</strong></span> <span class='ocrx_word' id='word_1_632' title='bbox 2595 3094 2678 3149; x_wconf 92' lang='lat' dir='ltr'><strong>his</strong></span> <span class='ocrx_word' id='word_1_633' title='bbox 2705 3094 2897 3164; x_wconf 91' lang='lat' dir='ltr'><strong>quibus</strong></span> <span class='ocrx_word' id='word_1_634' title='bbox 2938 3094 3125 3166; x_wconf 90' lang='lat' dir='ltr'><strong>legunt</strong></span> <span class='ocrx_word' id='word_1_635' title='bbox 3144 3095 3245 3167; x_wconf 86' lang='grc'><strong>(7),</strong></span> <span class='ocrx_word' id='word_1_636' title='bbox 3274 3096 3576 3164; x_wconf 86' lang='lat' dir='ltr'><strong>semetipsos</strong></span> <span class='ocrx_word' id='word_1_637' title='bbox 3602 3107 3703 3148; x_wconf 70' lang='grc' dir='ltr'><strong>σου»</strong></span> 
     </span>
    </p>
   </div>
   <div class='ocr_carea' id='block_1_76' title="bbox 2188 3184 3701 3258">
    <p class='ocr_par' dir='ltr' id='par_1_76' title="bbox 2188 3184 3701 3258">
     <span class='ocr_line' id='line_1_76' title="bbox 2188 3184 3701 3258; baseline -0.005 -16"><span class='ocrx_word' id='word_1_638' title='bbox 2188 3190 2441 3243; x_wconf 87' lang='lat' dir='ltr'><strong>demnant</strong></span> <span class='ocrx_word' id='word_1_639' title='bbox 2461 3187 2550 3256; x_wconf 91' lang='lat' dir='ltr'><strong>qui</strong></span> <span class='ocrx_word' id='word_1_640' title='bbox 2586 3196 2867 3240; x_wconf 83' lang='lat' dir='ltr'><strong>excusant.</strong></span> <span class='ocrx_word' id='word_1_641' title='bbox 2912 3184 3099 3242; x_wconf 80' lang='lat' dir='ltr'><strong>Videte</strong></span> <span class='ocrx_word' id='word_1_642' title='bbox 3126 3200 3194 3241; x_wconf 86' lang='lat' dir='ltr'><strong>ne</strong></span> <span class='ocrx_word' id='word_1_643' title='bbox 3239 3187 3508 3258; x_wconf 85' lang='lat' dir='ltr'><strong>patiamur</strong></span> <span class='ocrx_word' id='word_1_644' title='bbox 3533 3200 3587 3239; x_wconf 85' lang='lat' dir='ltr'><strong>ea</strong></span> <span class='ocrx_word' id='word_1_645' title='bbox 3608 3196 3701 3255; x_wconf 73' lang='lat' dir='ltr'><strong>qua</strong></span> 
     </span>
    </p>
   </div>
   <div class='ocr_carea' id='block_1_77' title="bbox 2182 3276 3706 3348">
    <p class='ocr_par' dir='ltr' id='par_1_77' title="bbox 2182 3276 3706 3348">
     <span class='ocr_line' id='line_1_77' title="bbox 2182 3276 3706 3348; baseline -0.004 -15"><span class='ocrx_word' id='word_1_646' title='bbox 2182 3277 2387 3333; x_wconf 60' lang='lat' dir='ltr'><strong>Iudaeis</strong></span> <span class='ocrx_word' id='word_1_647' title='bbox 2428 3278 2790 3348; x_wconf 87' lang='lat' dir='ltr'><strong>increpamus.</strong></span> <span class='ocrx_word' id='word_1_648' title='bbox 2830 3276 2887 3332; x_wconf 92' lang='lat' dir='ltr'><strong>Si</strong></span> <span class='ocrx_word' id='word_1_649' title='bbox 2930 3279 3075 3333; x_wconf 88' lang='lat' dir='ltr'><strong>enim</strong></span> <span class='ocrx_word' id='word_1_650' title='bbox 3118 3278 3350 3335; x_wconf 90' lang='lat' dir='ltr'><strong>dicimus</strong></span> <span class='ocrx_word' id='word_1_651' title='bbox 3391 3277 3589 3343; x_wconf 88' lang='lat' dir='ltr'><strong>Filium,</strong></span> <span class='ocrx_word' id='word_1_652' title='bbox 3624 3288 3706 3329; x_wconf 78' lang='lat' dir='ltr'><strong>non</strong></span> 
     </span>
    </p>
   </div>
   <div class='ocr_carea' id='block_1_78' title="bbox 2187 3367 3705 3438">
    <p class='ocr_par' dir='ltr' id='par_1_78' title="bbox 2187 3367 3705 3438">
     <span class='ocr_line' id='line_1_78' title="bbox 2187 3367 3705 3438; baseline -0.005 -14"><span class='ocrx_word' id='word_1_653' title='bbox 2187 3368 2509 3424; x_wconf 84' lang='lat' dir='ltr'><strong>conﬁtemur</strong></span> <span class='ocrx_word' id='word_1_654' title='bbox 2544 3378 2722 3423; x_wconf 90' lang='lat' dir='ltr'><strong>autem</strong></span> <span class='ocrx_word' id='word_1_655' title='bbox 2748 3368 2967 3433; x_wconf 75' lang='lat' dir='ltr'><strong>Filium,</strong></span> <span class='ocrx_word' id='word_1_656' title='bbox 2994 3379 3048 3425; x_wconf 89' lang='lat' dir='ltr'><strong>et</strong></span> <span class='ocrx_word' id='word_1_657' title='bbox 3072 3370 3115 3424; x_wconf 90' lang='lat' dir='ltr'><strong>si</strong></span> <span class='ocrx_word' id='word_1_658' title='bbox 3145 3371 3483 3438; x_wconf 79' lang='lat' dir='ltr'><strong>agnoscimus</strong></span> <span class='ocrx_word' id='word_1_659' title='bbox 3509 3367 3705 3427; x_wconf 83' lang='lat' dir='ltr'><strong>Patrem,</strong></span> 
     </span>
    </p>
   </div>
   <div class='ocr_carea' id='block_1_79' title="bbox 2187 3457 3705 3531">
    <p class='ocr_par' dir='ltr' id='par_1_79' title="bbox 2187 3457 3705 3531">
     <span class='ocr_line' id='line_1_79' title="bbox 2187 3457 3705 3531; baseline 0 -18"><span class='ocrx_word' id='word_1_660' title='bbox 2187 3472 2501 3526; x_wconf 81' lang='lat' dir='ltr'><strong>spernamus</strong></span> <span class='ocrx_word' id='word_1_661' title='bbox 2540 3468 2717 3513; x_wconf 89' lang='lat' dir='ltr'><strong>autem</strong></span> <span class='ocrx_word' id='word_1_662' title='bbox 2764 3458 3011 3524; x_wconf 88' lang='lat' dir='ltr'><strong>Patrem;</strong></span> <span class='ocrx_word' id='word_1_663' title='bbox 3056 3460 3149 3513; x_wconf 76' lang='lat' dir='ltr'><strong>illa</strong></span> <span class='ocrx_word' id='word_1_664' title='bbox 3191 3458 3310 3530; x_wconf 89' lang='lat' dir='ltr'><strong>ipsa</strong></span> <span class='ocrx_word' id='word_1_665' title='bbox 3354 3475 3468 3531; x_wconf 66' lang='lat' dir='ltr'><strong>quae</strong></span> <span class='ocrx_word' id='word_1_666' title='bbox 3497 3457 3705 3526; x_wconf 81' lang='lat' dir='ltr'><strong>legimus.</strong></span> 
     </span>
    </p>
   </div>
   <div class='ocr_carea' id='block_1_80' title="bbox 2194 3545 3706 3621">
    <p class='ocr_par' dir='ltr' id='par_1_80' title="bbox 2194 3545 3706 3621">
     <span class='ocr_line' id='line_1_80' title="bbox 2194 3545 3706 3621; baseline -0.005 -17"><span class='ocrx_word' id='word_1_667' title='bbox 2194 3550 2310 3621; x_wconf 87' lang='lat' dir='ltr'><strong>ipsa</strong></span> <span class='ocrx_word' id='word_1_668' title='bbox 2342 3550 2494 3606; x_wconf 90' lang='lat' dir='ltr'><strong>nobis</strong></span> <span class='ocrx_word' id='word_1_669' title='bbox 2522 3550 2578 3605; x_wconf 92' lang='lat' dir='ltr'><strong>in</strong></span> <span class='ocrx_word' id='word_1_670' title='bbox 2628 3552 2712 3605; x_wconf 92' lang='lat' dir='ltr'><strong>die</strong></span> <span class='ocrx_word' id='word_1_671' title='bbox 2735 3549 2922 3620; x_wconf 88' lang='lat' dir='ltr'><strong>judicii</strong></span> <span class='ocrx_word' id='word_1_672' title='bbox 2963 3550 3208 3621; x_wconf 83' lang='lat' dir='ltr'><strong>legentur</strong></span> <span class='ocrx_word' id='word_1_673' title='bbox 3242 3552 3314 3606; x_wconf 91' lang='lat' dir='ltr'><strong>ad</strong></span> <span class='ocrx_word' id='word_1_674' title='bbox 3351 3545 3706 3605; x_wconf 85' lang='lat' dir='ltr'><strong>condemnatio-</strong></span> 
     </span>
    </p>
   </div>
   <div class='ocr_carea' id='block_1_81' title="bbox 2200 3633 3708 3710">
    <p class='ocr_par' dir='ltr' id='par_1_81' title="bbox 2200 3633 3708 3710">
     <span class='ocr_line' id='line_1_81' title="bbox 2200 3633 3708 3710; baseline -0.005 -12"><span class='ocrx_word' id='word_1_675' title='bbox 2200 3660 2344 3700; x_wconf 86' lang='lat' dir='ltr'><strong>nem.</strong></span> <span class='ocrx_word' id='word_1_676' title='bbox 2375 3644 2507 3700; x_wconf 90' lang='lat' dir='ltr'><strong>Dicit</strong></span> <span class='ocrx_word' id='word_1_677' title='bbox 2574 3643 2715 3699; x_wconf 90' lang='lat' dir='ltr'><strong>enim</strong></span> <span class='ocrx_word' id='word_1_678' title='bbox 2752 3643 3055 3699; x_wconf 89' lang='lat' dir='ltr'><strong>Dominus:</strong></span> <span class='ocrx_word' id='word_1_679' title='bbox 3090 3637 3326 3708; x_wconf 82' lang='lat' dir='ltr'><strong>Egonon</strong></span> <span class='ocrx_word' id='word_1_680' title='bbox 3337 3639 3512 3710; x_wconf 86' lang='lat' dir='ltr'><strong>judico</strong></span> <span class='ocrx_word' id='word_1_681' title='bbox 3553 3641 3611 3703; x_wconf 77' lang='lat'><strong>“.</strong></span> <span class='ocrx_word' id='word_1_682' title='bbox 3636 3633 3708 3690; x_wconf 72' lang='lat' dir='ltr'><strong>sed</strong></span> 
     </span>
    </p>
   </div>
   <div class='ocr_carea' id='block_1_82' title="bbox 2191 3721 3708 3806">
    <p class='ocr_par' dir='ltr' id='par_1_82' title="bbox 2191 3721 3708 3806">
     <span class='ocr_line' id='line_1_82' title="bbox 2191 3721 3708 3806; baseline -0.011 -16"><span class='ocrx_word' id='word_1_683' title='bbox 2191 3750 2373 3790; x_wconf 83' lang='lat' dir='ltr'><strong>sermo</strong></span> <span class='ocrx_word' id='word_1_684' title='bbox 2393 3750 2563 3806; x_wconf 84' lang='lat' dir='ltr'><strong>quem</strong></span> <span class='ocrx_word' id='word_1_685' title='bbox 2627 3736 2835 3789; x_wconf 87' lang='lat' dir='ltr'><strong>locutus</strong></span> <span class='ocrx_word' id='word_1_686' title='bbox 2882 3744 2963 3788; x_wconf 90' lang='lat' dir='ltr'><strong>est</strong></span> <span class='ocrx_word' id='word_1_687' title='bbox 3011 3731 3130 3803; x_wconf 86' lang='lat' dir='ltr'><strong>ipse</strong></span> <span class='ocrx_word' id='word_1_688' title='bbox 3183 3746 3308 3786; x_wconf 89' lang='lat' dir='ltr'><strong>eum</strong></span> <span class='ocrx_word' id='word_1_689' title='bbox 3351 3730 3563 3799; x_wconf 87' lang='lat' dir='ltr'><strong>judicat.</strong></span> <span class='ocrx_word' id='word_1_690' title='bbox 3595 3721 3708 3778; x_wconf 87' lang='lat' dir='ltr'><strong>Dixit</strong></span> 
     </span>
    </p>
   </div>
   <div class='ocr_carea' id='block_1_83' title="bbox 2188 3812 3706 3897">
    <p class='ocr_par' dir='ltr' id='par_1_83' title="bbox 2188 3812 3706 3897">
     <span class='ocr_line' id='line_1_83' title="bbox 2188 3812 3706 3897; baseline -0.007 -15"><span class='ocrx_word' id='word_1_691' title='bbox 2188 3828 2307 3895; x_wconf 90' lang='lat' dir='ltr'><strong>tibi,</strong></span> <span class='ocrx_word' id='word_1_692' title='bbox 2338 3828 2463 3897; x_wconf 90' lang='lat' dir='ltr'><strong>quia</strong></span> <span class='ocrx_word' id='word_1_693' title='bbox 2496 3829 2631 3881; x_wconf 82' lang='lat' dir='ltr'><strong>vado</strong></span> <span class='ocrx_word' id='word_1_694' title='bbox 2675 3828 2743 3881; x_wconf 86' lang='lat' dir='ltr'><strong>ad</strong></span> <span class='ocrx_word' id='word_1_695' title='bbox 2802 3827 3013 3882; x_wconf 82' lang='lat' dir='ltr'><strong>Patrem</strong></span> <span class='ocrx_word' id='word_1_696' title='bbox 3070 3840 3244 3879; x_wconf 87' lang='lat' dir='ltr'><strong>meum</strong></span> <span class='ocrx_word' id='word_1_697' title='bbox 3296 3821 3435 3877; x_wconf 89' lang='lat' dir='ltr'><strong>Dixit</strong></span> <span class='ocrx_word' id='word_1_698' title='bbox 3482 3816 3586 3881; x_wconf 89' lang='lat' dir='ltr'><strong>tibi,</strong></span> <span class='ocrx_word' id='word_1_699' title='bbox 3608 3812 3706 3884; x_wconf 64' lang='lat' dir='ltr'><strong>quia</strong></span> 
     </span>
    </p>
   </div>
   <div class='ocr_carea' id='block_1_84' title="bbox 2185 3898 3709 3980">
    <p class='ocr_par' dir='ltr' id='par_1_84' title="bbox 2185 3898 3709 3980">
     <span class='ocr_line' id='line_1_84' title="bbox 2185 3898 3709 3980; baseline -0.01 -10"><span class='ocrx_word' id='word_1_700' title='bbox 2185 3917 2383 3971; x_wconf 87' lang='lat' dir='ltr'><strong>missus</strong></span> <span class='ocrx_word' id='word_1_701' title='bbox 2407 3932 2435 3969; x_wconf 90' lang='lat' dir='ltr'><strong>a</strong></span> <span class='ocrx_word' id='word_1_702' title='bbox 2462 3913 2626 3969; x_wconf 82' lang='lat' dir='ltr'><strong>Patre</strong></span> <span class='ocrx_word' id='word_1_703' title='bbox 2664 3927 2817 3976; x_wconf 84' lang='lat' dir='ltr'><strong>sum;</strong></span> <span class='ocrx_word' id='word_1_704' title='bbox 2844 3922 2899 3967; x_wconf 90' lang='lat' dir='ltr'><strong>et</strong></span> <span class='ocrx_word' id='word_1_705' title='bbox 2920 3922 2975 3964; x_wconf 90' lang='lat' dir='ltr'><strong>tu</strong></span> <span class='ocrx_word' id='word_1_706' title='bbox 2996 3910 3130 3966; x_wconf 87' lang='lat' dir='ltr'><strong>dicis</strong></span> <span class='ocrx_word' id='word_1_707' title='bbox 3152 3911 3278 3980; x_wconf 89' lang='lat' dir='ltr'><strong>quia</strong></span> <span class='ocrx_word' id='word_1_708' title='bbox 3304 3926 3405 3965; x_wconf 92' lang='lat' dir='ltr'><strong>non</strong></span> <span class='ocrx_word' id='word_1_709' title='bbox 3428 3916 3505 3962; x_wconf 91' lang='lat' dir='ltr'><strong>est</strong></span> <span class='ocrx_word' id='word_1_710' title='bbox 3524 3898 3709 3959; x_wconf 75' lang='lat' dir='ltr'><strong>missnsl</strong></span> 
     </span>
    </p>
   </div>
   <div class='ocr_carea' id='block_1_85' title="bbox 2185 3992 3705 4075">
    <p class='ocr_par' dir='ltr' id='par_1_85' title="bbox 2185 3992 3705 4075">
     <span class='ocr_line' id='line_1_85' title="bbox 2185 3992 3705 4075; baseline -0.012 -13"><span class='ocrx_word' id='word_1_711' title='bbox 2185 4010 2276 4062; x_wconf 90' lang='lat' dir='ltr'><strong>sed</strong></span> <span class='ocrx_word' id='word_1_712' title='bbox 2301 4008 2414 4075; x_wconf 87' lang='lat' dir='ltr'><strong>ipse</strong></span> <span class='ocrx_word' id='word_1_713' title='bbox 2434 4015 2517 4061; x_wconf 90' lang='lat' dir='ltr'><strong>est</strong></span> <span class='ocrx_word' id='word_1_714' title='bbox 2538 4005 2633 4074; x_wconf 89' lang='lat' dir='ltr'><strong>qui</strong></span> <span class='ocrx_word' id='word_1_715' title='bbox 2660 4005 2772 4058; x_wconf 63' lang='lat' dir='ltr'><strong>haec</strong></span> <span class='ocrx_word' id='word_1_716' title='bbox 2790 4003 2942 4070; x_wconf 86' lang='lat' dir='ltr'><strong>dixit,</strong></span> <span class='ocrx_word' id='word_1_717' title='bbox 2965 4014 3019 4057; x_wconf 89' lang='lat' dir='ltr'><strong>et</strong></span> <span class='ocrx_word' id='word_1_718' title='bbox 3040 4012 3164 4057; x_wconf 91' lang='lat' dir='ltr'><strong>tunc</strong></span> <span class='ocrx_word' id='word_1_719' title='bbox 3184 4000 3440 4070; x_wconf 88' lang='lat' dir='ltr'><strong>judicabit</strong></span> <span class='ocrx_word' id='word_1_720' title='bbox 3462 4016 3476 4053; x_wconf 88' lang='lat'><strong>;</strong></span> <span class='ocrx_word' id='word_1_721' title='bbox 3495 3997 3616 4065; x_wconf 86' lang='lat' dir='ltr'><strong>leget</strong></span> <span class='ocrx_word' id='word_1_722' title='bbox 3634 3992 3705 4047; x_wconf 73' lang='lat' dir='ltr'><strong>tibi</strong></span> 
     </span>
    </p>
   </div>
   <div class='ocr_carea' id='block_1_86' title="bbox 2184 4080 3709 4168">
    <p class='ocr_par' dir='ltr' id='par_1_86' title="bbox 2184 4080 3709 4168">
     <span class='ocr_line' id='line_1_86' title="bbox 2184 4080 3709 4168; baseline -0.01 -15"><span class='ocrx_word' id='word_1_723' title='bbox 2184 4098 2490 4168; x_wconf 80' lang='lat' dir='ltr'><strong>Evangelia,</strong></span> <span class='ocrx_word' id='word_1_724' title='bbox 2509 4097 2659 4151; x_wconf 88' lang='lat' dir='ltr'><strong>dabis</strong></span> <span class='ocrx_word' id='word_1_725' title='bbox 2680 4096 2964 4161; x_wconf 84' lang='lat' dir='ltr'><strong>rationem,</strong></span> <span class='ocrx_word' id='word_1_726' title='bbox 2984 4094 3125 4149; x_wconf 87' lang='lat' dir='ltr'><strong>dicet</strong></span> <span class='ocrx_word' id='word_1_727' title='bbox 3140 4109 3235 4148; x_wconf 92' lang='lat' dir='ltr'><strong>cur</strong></span> <span class='ocrx_word' id='word_1_728' title='bbox 3260 4094 3371 4147; x_wconf 65' lang='lat' dir='ltr'><strong>haec</strong></span> <span class='ocrx_word' id='word_1_729' title='bbox 3384 4090 3569 4160; x_wconf 88' lang='lat' dir='ltr'><strong>scripta</strong></span> <span class='ocrx_word' id='word_1_730' title='bbox 3583 4080 3709 4141; x_wconf 82' lang='lat' dir='ltr'><strong>suntl</strong></span> 
     </span>
    </p>
   </div>
   <div class='ocr_carea' id='block_1_87' title="bbox 2184 4174 3707 4255">
    <p class='ocr_par' dir='ltr' id='par_1_87' title="bbox 2184 4174 3707 4255">
     <span class='ocr_line' id='line_1_87' title="bbox 2184 4174 3707 4255; baseline -0.013 -10"><span class='ocrx_word' id='word_1_731' title='bbox 2184 4191 2308 4247; x_wconf 62' lang='lat' dir='ltr'><strong>llaec</strong></span> <span class='ocrx_word' id='word_1_732' title='bbox 2333 4199 2509 4244; x_wconf 89' lang='lat' dir='ltr'><strong>autem</strong></span> <span class='ocrx_word' id='word_1_733' title='bbox 2536 4199 2661 4244; x_wconf 87' lang='lat' dir='ltr'><strong>tunc</strong></span> <span class='ocrx_word' id='word_1_734' title='bbox 2688 4202 2790 4242; x_wconf 86' lang='lat' dir='ltr'><strong>non</strong></span> <span class='ocrx_word' id='word_1_735' title='bbox 2818 4187 2925 4243; x_wconf 89' lang='lat' dir='ltr'><strong>dixi</strong></span> <span class='ocrx_word' id='word_1_736' title='bbox 2952 4200 3049 4255; x_wconf 88' lang='lat' dir='ltr'><strong>per</strong></span> <span class='ocrx_word' id='word_1_737' title='bbox 3078 4199 3287 4240; x_wconf 87' lang='lat' dir='ltr'><strong>vocem.</strong></span> <span class='ocrx_word' id='word_1_738' title='bbox 3308 4183 3374 4237; x_wconf 83' lang='lat' dir='ltr'><strong>Et</strong></span> <span class='ocrx_word' id='word_1_739' title='bbox 3393 4196 3494 4252; x_wconf 89' lang='lat' dir='ltr'><strong>qua</strong></span> <span class='ocrx_word' id='word_1_740' title='bbox 3514 4178 3632 4233; x_wconf 75' lang='lat' dir='ltr'><strong>facie</strong></span> <span class='ocrx_word' id='word_1_741' title='bbox 3648 4174 3707 4226; x_wconf 79' lang='lat' dir='ltr'><strong>ri-</strong></span> 
     </span>
    </p>
   </div>
   <div class='ocr_carea' id='block_1_88' title="bbox 2188 4274 3707 4338">
    <p class='ocr_par' dir='ltr' id='par_1_88' title="bbox 2188 4274 3707 4338">
     <span class='ocr_line' id='line_1_88' title="bbox 2188 4274 3707 4338; baseline -0.013 0"><span class='ocrx_word' id='word_1_742' title='bbox 2188 4283 2342 4338; x_wconf 85' lang='lat' dir='ltr'><strong>debis</strong></span> <span class='ocrx_word' id='word_1_743' title='bbox 2386 4280 2514 4335; x_wconf 91' lang='lat' dir='ltr'><strong>illud</strong></span> <span class='ocrx_word' id='word_1_744' title='bbox 2546 4278 2762 4333; x_wconf 82' lang='lat' dir='ltr'><strong>lumen?</strong></span> <span class='ocrx_word' id='word_1_745' title='bbox 2791 4276 3038 4334; x_wconf 83' lang='lat' dir='ltr'><strong>Contenti</strong></span> <span class='ocrx_word' id='word_1_746' title='bbox 3065 4277 3235 4331; x_wconf 91' lang='lat' dir='ltr'><strong>simus</strong></span> <span class='ocrx_word' id='word_1_747' title='bbox 3259 4274 3498 4337; x_wconf 85' lang='lat' dir='ltr'><strong>veritate,</strong></span> <span class='ocrx_word' id='word_1_748' title='bbox 3527 4274 3707 4323; x_wconf 72' lang='lat' dir='ltr'><strong>excuss-</strong></span> 
     </span>
    </p>
   </div>
   <div class='ocr_carea' id='block_1_89' title="bbox 2188 4364 3706 4441">
    <p class='ocr_par' dir='ltr' id='par_1_89' title="bbox 2188 4364 3706 4441">
     <span class='ocr_line' id='line_1_89' title="bbox 2188 4364 3706 4441; baseline -0.013 -12"><span class='ocrx_word' id='word_1_749' title='bbox 2188 4389 2306 4429; x_wconf 88' lang='lat' dir='ltr'><strong>mus</strong></span> <span class='ocrx_word' id='word_1_750' title='bbox 2332 4372 2472 4427; x_wconf 87' lang='lat' dir='ltr'><strong>lites.</strong></span> <span class='ocrx_word' id='word_1_751' title='bbox 2511 4370 2567 4425; x_wconf 90' lang='lat' dir='ltr'><strong>Si</strong></span> <span class='ocrx_word' id='word_1_752' title='bbox 2592 4371 2713 4441; x_wconf 91' lang='lat' dir='ltr'><strong>quis</strong></span> <span class='ocrx_word' id='word_1_753' title='bbox 2734 4378 2911 4424; x_wconf 88' lang='lat' dir='ltr'><strong>autem</strong></span> <span class='ocrx_word' id='word_1_754' title='bbox 2950 4376 3007 4424; x_wconf 87' lang='lat' dir='ltr'><strong>et</strong></span> <span class='ocrx_word' id='word_1_755' title='bbox 3044 4368 3194 4423; x_wconf 86' lang='lat' dir='ltr'><strong>novit</strong></span> <span class='ocrx_word' id='word_1_756' title='bbox 3231 4364 3437 4435; x_wconf 88' lang='lat' dir='ltr'><strong>aliquid</strong></span> <span class='ocrx_word' id='word_1_757' title='bbox 3487 4373 3595 4415; x_wconf 87' lang='lat' dir='ltr'><strong>cum</strong></span> <span class='ocrx_word' id='word_1_758' title='bbox 3632 4365 3706 4424; x_wconf 74' lang='lat' dir='ltr'><strong>pa-</strong></span> 
     </span>
    </p>
   </div>
   <div class='ocr_carea' id='block_1_90' title="bbox 2191 4451 3708 4531">
    <p class='ocr_par' dir='ltr' id='par_1_90' title="bbox 2191 4451 3708 4531">
     <span class='ocr_line' id='line_1_90' title="bbox 2191 4451 3708 4531; baseline -0.013 -11"><span class='ocrx_word' id='word_1_759' title='bbox 2191 4464 2374 4520; x_wconf 92' lang='lat' dir='ltr'><strong>tientia</strong></span> <span class='ocrx_word' id='word_1_760' title='bbox 2405 4472 2459 4518; x_wconf 89' lang='lat' dir='ltr'><strong>et</strong></span> <span class='ocrx_word' id='word_1_761' title='bbox 2496 4478 2601 4518; x_wconf 91' lang='lat' dir='ltr'><strong>non</strong></span> <span class='ocrx_word' id='word_1_762' title='bbox 2632 4464 2698 4516; x_wconf 88' lang='lat' dir='ltr'><strong>ad</strong></span> <span class='ocrx_word' id='word_1_763' title='bbox 2732 4459 3127 4531; x_wconf 83' lang='lat' dir='ltr'><strong>instigationem</strong></span> <span class='ocrx_word' id='word_1_764' title='bbox 3165 4473 3287 4528; x_wconf 69' lang='lat' dir='ltr'><strong>qua:</strong></span> <span class='ocrx_word' id='word_1_765' title='bbox 3322 4455 3481 4519; x_wconf 70' lang='lat' dir='ltr'><strong>laedit,</strong></span> <span class='ocrx_word' id='word_1_766' title='bbox 3506 4451 3590 4506; x_wconf 88' lang='lat' dir='ltr'><strong>sed</strong></span> <span class='ocrx_word' id='word_1_767' title='bbox 3613 4457 3708 4501; x_wconf 74' lang='lat' dir='ltr'><strong>cum</strong></span> 
     </span>
    </p>
   </div>
   <div class='ocr_carea' id='block_1_91' title="bbox 513 4541 3707 4624">
    <p class='ocr_par' dir='ltr' id='par_1_91' title="bbox 513 4541 3707 4624">
     <span class='ocr_line' id='line_1_91' title="bbox 513 4541 3707 4624; baseline -0.003 -18"><span class='ocrx_word' id='word_1_768' title='bbox 513 4568 636 4607; x_wconf 87' lang='lat' dir='ltr'><strong>eum</strong></span> <span class='ocrx_word' id='word_1_769' title='bbox 654 4553 917 4607; x_wconf 87' lang='lat' dir='ltr'><strong>interimis</strong></span> <span class='ocrx_word' id='word_1_770' title='bbox 934 4568 1092 4621; x_wconf 88' lang='lat' dir='ltr'><strong>quem</strong></span> <span class='ocrx_word' id='word_1_771' title='bbox 1114 4553 1287 4607; x_wconf 74' lang='lat' dir='ltr'><strong>vides.</strong></span> <span class='ocrx_word' id='word_1_772' title='bbox 1317 4550 1439 4606; x_wconf 72' lang='lat' dir='ltr'><strong>Haec</strong></span> <span class='ocrx_word' id='word_1_773' title='bbox 1456 4550 2091 4621; x_wconf 55' lang='lat' dir='ltr'><strong>(2-3jvidebamusjsem-</strong></span> <span class='ocrx_word' id='word_1_774' title='bbox 2123 4564 2165 4619; x_wconf 84' lang='grc' dir='ltr'><strong>ι)</strong></span> <span class='ocrx_word' id='word_1_775' title='bbox 2195 4555 2497 4611; x_wconf 84' lang='lat' dir='ltr'><strong>humilitate</strong></span> <span class='ocrx_word' id='word_1_776' title='bbox 2542 4570 2661 4624; x_wconf 71' lang='lat' dir='ltr'><strong>qua:</strong></span> <span class='ocrx_word' id='word_1_777' title='bbox 2722 4554 2957 4623; x_wconf 87' lang='lat' dir='ltr'><strong>prodest,</strong></span> <span class='ocrx_word' id='word_1_778' title='bbox 3009 4566 3112 4605; x_wconf 89' lang='lat' dir='ltr'><strong>non</strong></span> <span class='ocrx_word' id='word_1_779' title='bbox 3154 4562 3213 4603; x_wconf 76' lang='lat' dir='ltr'><strong>ut</strong></span> <span class='ocrx_word' id='word_1_780' title='bbox 3263 4546 3485 4613; x_wconf 89' lang='lat' dir='ltr'><strong>inimici,</strong></span> <span class='ocrx_word' id='word_1_781' title='bbox 3535 4542 3617 4596; x_wconf 84' lang='lat' dir='ltr'><strong>sed</strong></span> <span class='ocrx_word' id='word_1_782' title='bbox 3666 4541 3707 4587; x_wconf 73' lang='grc' dir='ltr'>οι</span> 
     </span>
    </p>
   </div>
   <div class='ocr_carea' id='block_1_92' title="bbox 514 4641 2086 4716">
    <p class='ocr_par' dir='ltr' id='par_1_92' title="bbox 514 4641 2086 4716">
     <span class='ocr_line' id='line_1_92' title="bbox 514 4641 2086 4716; baseline 0.002 -17"><span class='ocrx_word' id='word_1_783' title='bbox 514 4660 611 4716; x_wconf 81' lang='lat' dir='ltr'><strong>per</strong></span> <span class='ocrx_word' id='word_1_784' title='bbox 630 4660 659 4697; x_wconf 85' lang='lat' dir='ltr'><strong>a</strong></span> <span class='ocrx_word' id='word_1_785' title='bbox 689 4646 845 4700; x_wconf 90' lang='lat' dir='ltr'><strong>beato</strong></span> <span class='ocrx_word' id='word_1_786' title='bbox 868 4644 959 4699; x_wconf 92' lang='lat' dir='ltr'><strong>illo</strong></span> <span class='ocrx_word' id='word_1_787' title='bbox 980 4645 1116 4701; x_wconf 91' lang='lat' dir='ltr'><strong>viro.</strong></span> <span class='ocrx_word' id='word_1_788' title='bbox 1148 4642 1303 4714; x_wconf 74' lang='lat' dir='ltr'><strong>Stepe</strong></span> <span class='ocrx_word' id='word_1_789' title='bbox 1318 4644 1460 4700; x_wconf 92' lang='lat' dir='ltr'><strong>enim</strong></span> <span class='ocrx_word' id='word_1_790' title='bbox 1482 4641 1800 4699; x_wconf 88' lang='lat' dir='ltr'><strong>dicebantur</strong></span> <span class='ocrx_word' id='word_1_791' title='bbox 1836 4645 1903 4697; x_wconf 94' lang='lat' dir='ltr'><strong>ab</strong></span> <span class='ocrx_word' id='word_1_792' title='bbox 1921 4660 2005 4712; x_wconf 90' lang='lat' dir='ltr'><strong>eo,</strong></span> <span class='ocrx_word' id='word_1_793' title='bbox 2028 4658 2086 4703; x_wconf 90' lang='lat' dir='ltr'><strong>ut</strong></span> 
     </span>
    </p>
   </div>
   <div class='ocr_carea' id='block_1_93' title="bbox 515 4735 2083 4808">
    <p class='ocr_par' dir='ltr' id='par_1_93' title="bbox 515 4735 2083 4808">
     <span class='ocr_line' id='line_1_93' title="bbox 515 4735 2083 4808; baseline 0.003 -18"><span class='ocrx_word' id='word_1_794' title='bbox 515 4736 730 4806; x_wconf 90' lang='lat' dir='ltr'><strong>quidam</strong></span> <span class='ocrx_word' id='word_1_795' title='bbox 758 4736 1162 4806; x_wconf 87' lang='lat' dir='ltr'><strong>suspicarentur</strong></span> <span class='ocrx_word' id='word_1_796' title='bbox 1202 4751 1297 4793; x_wconf 87' lang='lat' dir='ltr'><strong>ore</strong></span> <span class='ocrx_word' id='word_1_797' title='bbox 1327 4735 1542 4808; x_wconf 86' lang='lat' dir='ltr'><strong>quidem</strong></span> <span class='ocrx_word' id='word_1_798' title='bbox 1576 4750 1674 4792; x_wconf 86' lang='lat' dir='ltr'><strong>suo</strong></span> <span class='ocrx_word' id='word_1_799' title='bbox 1698 4735 1795 4792; x_wconf 87' lang='lat' dir='ltr'><strong>ista</strong></span> <span class='ocrx_word' id='word_1_800' title='bbox 1822 4738 2083 4808; x_wconf 75' lang='lat' dir='ltr'><strong>proferre,</strong></span> 
     </span>
    </p>
   </div>
   <div class='ocr_carea' id='block_1_94' title="bbox 512 4827 2086 4898">
    <p class='ocr_par' dir='ltr' id='par_1_94' title="bbox 512 4827 2086 4898">
     <span class='ocr_line' id='line_1_94' title="bbox 512 4827 2086 4898; baseline -0.001 -12"><span class='ocrx_word' id='word_1_801' title='bbox 512 4832 678 4886; x_wconf 88' lang='lat' dir='ltr'><strong>corde</strong></span> <span class='ocrx_word' id='word_1_802' title='bbox 704 4840 880 4885; x_wconf 89' lang='lat' dir='ltr'><strong>autem</strong></span> <span class='ocrx_word' id='word_1_803' title='bbox 910 4830 1066 4884; x_wconf 91' lang='lat' dir='ltr'><strong>aliter</strong></span> <span class='ocrx_word' id='word_1_804' title='bbox 1092 4829 1311 4884; x_wconf 87' lang='lat' dir='ltr'><strong>habere.</strong></span> <span class='ocrx_word' id='word_1_805' title='bbox 1355 4827 1428 4883; x_wconf 78' lang='lat' dir='ltr'><strong>Et</strong></span> <span class='ocrx_word' id='word_1_806' title='bbox 1478 4827 1694 4898; x_wconf 89' lang='lat' dir='ltr'><strong>quidem</strong></span> <span class='ocrx_word' id='word_1_807' title='bbox 1749 4844 1958 4886; x_wconf 87' lang='lat' dir='ltr'><strong>memor</strong></span> <span class='ocrx_word' id='word_1_808' title='bbox 1993 4846 2086 4885; x_wconf 89' lang='lat' dir='ltr'><strong>vo-</strong></span> 
     </span>
    </p>
   </div>
   <div class='ocr_carea' id='block_1_95' title="bbox 518 4919 2085 4990">
    <p class='ocr_par' dir='ltr' id='par_1_95' title="bbox 518 4919 2085 4990">
     <span class='ocr_line' id='line_1_95' title="bbox 518 4919 2085 4990; baseline -0.001 -12"><span class='ocrx_word' id='word_1_809' title='bbox 518 4924 605 4978; x_wconf 85' lang='lat' dir='ltr'><strong>bis</strong></span> <span class='ocrx_word' id='word_1_810' title='bbox 634 4938 753 4977; x_wconf 88' lang='lat' dir='ltr'><strong>sum</strong></span> <span class='ocrx_word' id='word_1_811' title='bbox 783 4920 999 4976; x_wconf 88' lang='lat' dir='ltr'><strong>audisse</strong></span> <span class='ocrx_word' id='word_1_812' title='bbox 1030 4935 1115 4975; x_wconf 90' lang='lat' dir='ltr'><strong>me</strong></span> <span class='ocrx_word' id='word_1_813' title='bbox 1153 4921 1221 4974; x_wconf 89' lang='lat' dir='ltr'><strong>ab</strong></span> <span class='ocrx_word' id='word_1_814' title='bbox 1246 4935 1311 4974; x_wconf 84' lang='lat' dir='ltr'><strong>eo</strong></span> <span class='ocrx_word' id='word_1_815' title='bbox 1348 4929 1535 4976; x_wconf 89' lang='lat' dir='ltr'><strong>sancto</strong></span> <span class='ocrx_word' id='word_1_816' title='bbox 1586 4921 1741 4977; x_wconf 85' lang='lat' dir='ltr'><strong>nobis</strong></span> <span class='ocrx_word' id='word_1_817' title='bbox 1777 4919 2085 4990; x_wconf 89' lang='lat' dir='ltr'><strong>juramento</strong></span> 
     </span>
    </p>
   </div>
   <div class='ocr_carea' id='block_1_96' title="bbox 515 5012 2086 5084">
    <p class='ocr_par' dir='ltr' id='par_1_96' title="bbox 515 5012 2086 5084">
     <span class='ocr_line' id='line_1_96' title="bbox 515 5012 2086 5084; baseline -0.001 -14"><span class='ocrx_word' id='word_1_818' title='bbox 515 5014 873 5080; x_wconf 83' lang='lat' dir='ltr'><strong>satisfecisse,</strong></span> <span class='ocrx_word' id='word_1_819' title='bbox 900 5016 1025 5084; x_wconf 88' lang='lat' dir='ltr'><strong>quia</strong></span> <span class='ocrx_word' id='word_1_820' title='bbox 1049 5028 1154 5068; x_wconf 91' lang='lat' dir='ltr'><strong>non</strong></span> <span class='ocrx_word' id='word_1_821' title='bbox 1184 5012 1326 5067; x_wconf 91' lang='lat' dir='ltr'><strong>aliud</strong></span> <span class='ocrx_word' id='word_1_822' title='bbox 1359 5013 1413 5067; x_wconf 90' lang='lat' dir='ltr'><strong>iu</strong></span> <span class='ocrx_word' id='word_1_823' title='bbox 1449 5013 1650 5083; x_wconf 86' lang='lat' dir='ltr'><strong>lingua,</strong></span> <span class='ocrx_word' id='word_1_824' title='bbox 1686 5023 1741 5069; x_wconf 89' lang='lat' dir='ltr'><strong>et</strong></span> <span class='ocrx_word' id='word_1_825' title='bbox 1775 5014 1916 5069; x_wconf 89' lang='lat' dir='ltr'><strong>aliud</strong></span> <span class='ocrx_word' id='word_1_826' title='bbox 1944 5025 2086 5070; x_wconf 85' lang='lat' dir='ltr'><strong>esset</strong></span> 
     </span>
    </p>
   </div>
   <div class='ocr_carea' id='block_1_97' title="bbox 516 5104 2082 5181">
    <p class='ocr_par' dir='ltr' id='par_1_97' title="bbox 516 5104 2082 5181">
     <span class='ocr_line' id='line_1_97' title="bbox 516 5104 2082 5181; baseline -0.004 -15"><span class='ocrx_word' id='word_1_827' title='bbox 516 5112 571 5166; x_wconf 87' lang='lat' dir='ltr'><strong>in</strong></span> <span class='ocrx_word' id='word_1_828' title='bbox 607 5112 770 5166; x_wconf 90' lang='lat' dir='ltr'><strong>corde</strong></span> <span class='ocrx_word' id='word_1_829' title='bbox 796 5110 946 5181; x_wconf 89' lang='lat' dir='ltr'><strong>ejus;</strong></span> <span class='ocrx_word' id='word_1_830' title='bbox 980 5108 1073 5163; x_wconf 87' lang='lat' dir='ltr'><strong>sed</strong></span> <span class='ocrx_word' id='word_1_831' title='bbox 1109 5106 1273 5161; x_wconf 86' lang='lat' dir='ltr'><strong>corde</strong></span> <span class='ocrx_word' id='word_1_832' title='bbox 1310 5104 1527 5174; x_wconf 88' lang='lat' dir='ltr'><strong>quidem</strong></span> <span class='ocrx_word' id='word_1_833' title='bbox 1560 5106 1799 5160; x_wconf 87' lang='lat' dir='ltr'><strong>creditur</strong></span> <span class='ocrx_word' id='word_1_834' title='bbox 1822 5106 1888 5159; x_wconf 91' lang='lat' dir='ltr'><strong>ad</strong></span> <span class='ocrx_word' id='word_1_835' title='bbox 1919 5105 2082 5176; x_wconf 86' lang='lat' dir='ltr'><strong>justi-</strong></span> 
     </span>
    </p>
   </div>
   <div class='ocr_carea' id='block_1_98' title="bbox 517 5194 2081 5266">
    <p class='ocr_par' dir='ltr' id='par_1_98' title="bbox 517 5194 2081 5266">
     <span class='ocr_line' id='line_1_98' title="bbox 517 5194 2081 5266; baseline -0.001 -16"><span class='ocrx_word' id='word_1_836' title='bbox 517 5199 666 5263; x_wconf 86' lang='lat' dir='ltr'><strong>tiam,</strong></span> <span class='ocrx_word' id='word_1_837' title='bbox 687 5213 780 5253; x_wconf 90' lang='lat' dir='ltr'><strong>ore</strong></span> <span class='ocrx_word' id='word_1_838' title='bbox 801 5207 978 5251; x_wconf 90' lang='lat' dir='ltr'><strong>autem</strong></span> <span class='ocrx_word' id='word_1_839' title='bbox 1010 5195 1298 5250; x_wconf 91' lang='lat' dir='ltr'><strong>conﬁtetur</strong></span> <span class='ocrx_word' id='word_1_840' title='bbox 1332 5194 1398 5248; x_wconf 89' lang='lat' dir='ltr'><strong>ad</strong></span> <span class='ocrx_word' id='word_1_841' title='bbox 1421 5194 1649 5249; x_wconf 85' lang='lat' dir='ltr'><strong>salutem</strong></span> <span class='ocrx_word' id='word_1_842' title='bbox 1691 5211 1706 5249; x_wconf 90' lang='lat'><strong>:</strong></span> <span class='ocrx_word' id='word_1_843' title='bbox 1744 5196 1885 5250; x_wconf 92' lang='lat' dir='ltr'><strong>unde</strong></span> <span class='ocrx_word' id='word_1_844' title='bbox 1918 5196 2081 5266; x_wconf 93' lang='lat' dir='ltr'><strong>igitur</strong></span> 
     </span>
    </p>
   </div>
   <div class='ocr_carea' id='block_1_99' title="bbox 538 5298 1667 5380">
    <p class='ocr_par' dir='ltr' id='par_1_99' title="bbox 538 5298 1667 5380">
     <span class='ocr_line' id='line_1_99' title="bbox 538 5298 1667 5380; baseline -0.004 -9"><span class='ocrx_word' id='word_1_845' title='bbox 538 5298 543 5303; x_wconf 21' lang='lat'><strong><em>1</em></strong></span> <span class='ocrx_word' id='word_1_846' title='bbox 587 5315 608 5345; x_wconf 82' lang='grc'><strong><em>⁸</em></strong></span> <span class='ocrx_word' id='word_1_847' title='bbox 629 5314 784 5371; x_wconf 86' lang='lat' dir='ltr'><strong>Joan.</strong></span> <span class='ocrx_word' id='word_1_848' title='bbox 812 5330 887 5377; x_wconf 82' lang='lat' dir='ltr'><strong>xI,</strong></span> <span class='ocrx_word' id='word_1_849' title='bbox 917 5315 1009 5380; x_wconf 74' lang='lat'><strong>4|,</strong></span> <span class='ocrx_word' id='word_1_850' title='bbox 1041 5313 1131 5367; x_wconf 69' lang='grc'><strong>42.</strong></span> <span class='ocrx_word' id='word_1_851' title='bbox 1201 5314 1221 5345; x_wconf 79' lang='grc'><strong>’⁵</strong></span> <span class='ocrx_word' id='word_1_852' title='bbox 1259 5312 1414 5367; x_wconf 83' lang='lat' dir='ltr'><strong>Joan.</strong></span> <span class='ocrx_word' id='word_1_853' title='bbox 1444 5329 1554 5377; x_wconf 77' lang='lat' dir='ltr'><strong>xlv,</strong></span> <span class='ocrx_word' id='word_1_854' title='bbox 1578 5313 1667 5366; x_wconf 76' lang='lat' dir='ltr'><strong>3i.</strong></span> 
     </span>
    </p>
   </div>
   <div class='ocr_carea' id='block_1_100' title="bbox 516 5384 1768 5449">
    <p class='ocr_par' dir='ltr' id='par_1_100' title="bbox 516 5384 1768 5449">
     <span class='ocr_line' id='line_1_100' title="bbox 516 5384 1768 5449; baseline 0 -10"><span class='ocrx_word' id='word_1_855' title='bbox 516 5400 571 5446; x_wconf 80' lang='lat' dir='ltr'><strong>x,</strong></span> <span class='ocrx_word' id='word_1_856' title='bbox 608 5384 661 5438; x_wconf 89' lang='lat'><strong>9.</strong></span> <span class='ocrx_word' id='word_1_857' title='bbox 771 5385 791 5416; x_wconf 82' lang='lat'><strong>&#39;</strong></span> <span class='ocrx_word' id='word_1_858' title='bbox 824 5385 977 5439; x_wconf 82' lang='lat' dir='ltr'><strong>Joan.</strong></span> <span class='ocrx_word' id='word_1_859' title='bbox 1019 5400 1108 5449; x_wconf 84' lang='lat' dir='ltr'><strong>xv,</strong></span> <span class='ocrx_word' id='word_1_860' title='bbox 1153 5384 1199 5439; x_wconf 88' lang='grc'><strong>1.</strong></span> <span class='ocrx_word' id='word_1_861' title='bbox 1307 5385 1350 5415; x_wconf 84' lang='grc'><strong>¹⁰</strong></span> <span class='ocrx_word' id='word_1_862' title='bbox 1383 5384 1539 5439; x_wconf 80' lang='lat' dir='ltr'><strong>Joan.</strong></span> <span class='ocrx_word' id='word_1_863' title='bbox 1576 5400 1652 5449; x_wconf 76' lang='lat' dir='ltr'><strong>vn,</strong></span> <span class='ocrx_word' id='word_1_864' title='bbox 1682 5385 1768 5439; x_wconf 81' lang='grc'><strong>58.</strong></span> 
     </span>
    </p>
   </div>
   <div class='ocr_carea' id='block_1_101' title="bbox 514 5455 752 5521">
    <p class='ocr_par' dir='ltr' id='par_1_101' title="bbox 514 5455 752 5521">
     <span class='ocr_line' id='line_1_101' title="bbox 514 5455 752 5521; baseline 0.004 -13"><span class='ocrx_word' id='word_1_865' title='bbox 514 5467 634 5521; x_wconf 78' lang='lat' dir='ltr'><strong>vui,</strong></span> <span class='ocrx_word' id='word_1_866' title='bbox 666 5455 752 5509; x_wconf 86' lang='lat' dir='ltr'><strong>l5.</strong></span> 
     </span>
    </p>
   </div>
   <div class='ocr_carea' id='block_1_102' title="bbox 585 5565 2077 5636">
    <p class='ocr_par' dir='ltr' id='par_1_102' title="bbox 585 5565 2077 5636">
     <span class='ocr_line' id='line_1_102' title="bbox 585 5565 2077 5636; baseline 0.005 -19"><span class='ocrx_word' id='word_1_867' title='bbox 585 5565 724 5635; x_wconf 74' lang='grc' dir='ltr'><strong>(ιι-5)</strong></span> <span class='ocrx_word' id='word_1_868' title='bbox 761 5565 889 5619; x_wconf 79' lang='lat' dir='ltr'><strong>Htcc</strong></span> <span class='ocrx_word' id='word_1_869' title='bbox 928 5568 1249 5629; x_wconf 87' lang='lat' dir='ltr'><strong>videbamus,</strong></span> <span class='ocrx_word' id='word_1_870' title='bbox 1289 5577 1394 5623; x_wconf 88' lang='lat' dir='ltr'><strong>etc.</strong></span> <span class='ocrx_word' id='word_1_871' title='bbox 1439 5569 1601 5623; x_wconf 87' lang='lat' dir='ltr'><strong>Henr.</strong></span> <span class='ocrx_word' id='word_1_872' title='bbox 1638 5566 1880 5622; x_wconf 73' lang='lat' dir='ltr'><strong>Valesius</strong></span> <span class='ocrx_word' id='word_1_873' title='bbox 1906 5567 2077 5636; x_wconf 86' lang='lat' dir='ltr'><strong>legit:</strong></span> 
     </span>
    </p>
   </div>
   <div class='ocr_carea' id='block_1_103' title="bbox 516 5631 2078 5705">
    <p class='ocr_par' dir='ltr' id='par_1_103' title="bbox 516 5631 2078 5705">
     <span class='ocr_line' id='line_1_103' title="bbox 516 5631 2078 5705; baseline 0.003 -18"><span class='ocrx_word' id='word_1_874' title='bbox 516 5631 649 5688; x_wconf 67' lang='lat' dir='ltr'><strong>Haec</strong></span> <span class='ocrx_word' id='word_1_875' title='bbox 675 5631 1013 5690; x_wconf 84' lang='lat' dir='ltr'><strong>audiebamus</strong></span> <span class='ocrx_word' id='word_1_876' title='bbox 1037 5654 1236 5705; x_wconf 84' lang='lat' dir='ltr'><strong>semper</strong></span> <span class='ocrx_word' id='word_1_877' title='bbox 1267 5656 1298 5692; x_wconf 90' lang='lat' dir='ltr'><strong>a</strong></span> <span class='ocrx_word' id='word_1_878' title='bbox 1324 5642 1470 5691; x_wconf 88' lang='lat' dir='ltr'><strong>beato</strong></span> <span class='ocrx_word' id='word_1_879' title='bbox 1496 5640 1585 5692; x_wconf 86' lang='lat' dir='ltr'><strong>illo</strong></span> <span class='ocrx_word' id='word_1_880' title='bbox 1617 5643 1746 5701; x_wconf 76' lang='lat' dir='ltr'><strong>viro,</strong></span> <span class='ocrx_word' id='word_1_881' title='bbox 1777 5654 1912 5704; x_wconf 72' lang='lat' dir='ltr'><strong>stupe</strong></span> <span class='ocrx_word' id='word_1_882' title='bbox 1940 5631 2078 5691; x_wconf 61' lang='lat' dir='ltr'><strong>enim</strong></span> 
     </span>
    </p>
   </div>
   <div class='ocr_carea' id='block_1_104' title="bbox 514 5705 2078 5779">
    <p class='ocr_par' dir='ltr' id='par_1_104' title="bbox 514 5705 2078 5779">
     <span class='ocr_line' id='line_1_104' title="bbox 514 5705 2078 5779; baseline 0.004 -23"><span class='ocrx_word' id='word_1_883' title='bbox 514 5708 602 5779; x_wconf 75' lang='lat' dir='ltr'><strong>ita</strong></span> <span class='ocrx_word' id='word_1_884' title='bbox 629 5705 930 5779; x_wconf 78' lang='lat' dir='ltr'><strong>dicebantur</strong></span> <span class='ocrx_word' id='word_1_885' title='bbox 974 5710 1036 5759; x_wconf 90' lang='lat' dir='ltr'><strong>ab</strong></span> <span class='ocrx_word' id='word_1_886' title='bbox 1089 5723 1167 5779; x_wconf 79' lang='lat' dir='ltr'><strong>eo,</strong></span> <span class='ocrx_word' id='word_1_887' title='bbox 1209 5719 1262 5760; x_wconf 89' lang='lat' dir='ltr'><strong>ut</strong></span> <span class='ocrx_word' id='word_1_888' title='bbox 1294 5709 1504 5779; x_wconf 86' lang='lat' dir='ltr'><strong>quidam</strong></span> <span class='ocrx_word' id='word_1_889' title='bbox 1554 5710 1947 5778; x_wconf 74' lang='lat' dir='ltr'><strong>suspicarentur</strong></span> <span class='ocrx_word' id='word_1_890' title='bbox 1992 5726 2078 5762; x_wconf 89' lang='lat' dir='ltr'><strong>ore</strong></span> 
     </span>
    </p>
   </div>
   <div class='ocr_carea' id='block_1_105' title="bbox 512 5776 1414 5844">
    <p class='ocr_par' dir='ltr' id='par_1_105' title="bbox 512 5776 1414 5844">
     <span class='ocr_line' id='line_1_105' title="bbox 512 5776 1414 5844; baseline 0.006 -18"><span class='ocrx_word' id='word_1_891' title='bbox 512 5776 721 5843; x_wconf 80' lang='lat' dir='ltr'><strong>quidem</strong></span> <span class='ocrx_word' id='word_1_892' title='bbox 738 5790 861 5844; x_wconf 81' lang='lat' dir='ltr'><strong>eum</strong></span> <span class='ocrx_word' id='word_1_893' title='bbox 896 5776 995 5828; x_wconf 88' lang='lat' dir='ltr'><strong>ista</strong></span> <span class='ocrx_word' id='word_1_894' title='bbox 1028 5777 1282 5844; x_wconf 76' lang='lat' dir='ltr'><strong>proferre,</strong></span> <span class='ocrx_word' id='word_1_895' title='bbox 1306 5776 1414 5832; x_wconf 79' lang='lat' dir='ltr'><strong>etc.</strong></span> 
     </span>
    </p>
   </div>
   <div class='ocr_carea' id='block_1_106' title="bbox 587 5843 1792 5913">
    <p class='ocr_par' dir='ltr' id='par_1_106' title="bbox 587 5843 1792 5913">
     <span class='ocr_line' id='line_1_106' title="bbox 587 5843 1792 5913; baseline 0.003 -15"><span class='ocrx_word' id='word_1_896' title='bbox 587 5844 664 5910; x_wconf 78' lang='grc'><strong>(4)</strong></span> <span class='ocrx_word' id='word_1_897' title='bbox 696 5843 876 5910; x_wconf 81' lang='lat' dir='ltr'><strong>Neque</strong></span> <span class='ocrx_word' id='word_1_898' title='bbox 898 5843 1134 5913; x_wconf 79' lang='lat' dir='ltr'><strong>cessavit.</strong></span> <span class='ocrx_word' id='word_1_899' title='bbox 1161 5845 1322 5902; x_wconf 87' lang='lat' dir='ltr'><strong>Forte</strong></span> <span class='ocrx_word' id='word_1_900' title='bbox 1363 5864 1524 5912; x_wconf 85' lang='lat' dir='ltr'><strong>neque</strong></span> <span class='ocrx_word' id='word_1_901' title='bbox 1549 5848 1792 5902; x_wconf 81' lang='lat' dir='ltr'><strong>cessabit.</strong></span> 
     </span>
    </p>
   </div>
   <div class='ocr_carea' id='block_1_107' title="bbox 1768 5304 2865 5377">
    <p class='ocr_par' dir='ltr' id='par_1_107' title="bbox 1768 5304 2865 5377">
     <span class='ocr_line' id='line_1_107' title="bbox 1768 5304 2865 5377; baseline -0.008 -9"><span class='ocrx_word' id='word_1_902' title='bbox 1768 5315 1787 5345; x_wconf 84' lang='lat'><strong>&#39;</strong></span> <span class='ocrx_word' id='word_1_903' title='bbox 1816 5312 1970 5367; x_wconf 82' lang='lat' dir='ltr'><strong>Joan.</strong></span> <span class='ocrx_word' id='word_1_904' title='bbox 2003 5329 2118 5377; x_wconf 85' lang='lat' dir='ltr'><strong>vm,</strong></span> <span class='ocrx_word' id='word_1_905' title='bbox 2162 5314 2252 5368; x_wconf 72' lang='grc'><strong>49.</strong></span> <span class='ocrx_word' id='word_1_906' title='bbox 2331 5310 2522 5367; x_wconf 78' lang='lat' dir='ltr'><strong>&#39;Joan.</strong></span> <span class='ocrx_word' id='word_1_907' title='bbox 2558 5325 2607 5373; x_wconf 91' lang='lat' dir='ltr'><strong>v,</strong></span> <span class='ocrx_word' id='word_1_908' title='bbox 2645 5309 2729 5370; x_wconf 84' lang='lat' dir='ltr'><strong>l7,</strong></span> <span class='ocrx_word' id='word_1_909' title='bbox 2775 5304 2865 5361; x_wconf 84' lang='lat'><strong>&#39;56.</strong></span> 
     </span>
    </p>
   </div>
   <div class='ocr_carea' id='block_1_108' title="bbox 1870 5384 2349 5452">
    <p class='ocr_par' dir='ltr' id='par_1_108' title="bbox 1870 5384 2349 5452">
     <span class='ocr_line' id='line_1_108' title="bbox 1870 5384 2349 5452; baseline -0.008 -12"><span class='ocrx_word' id='word_1_910' title='bbox 1870 5386 1907 5415; x_wconf 85' lang='lat'>“</span> <span class='ocrx_word' id='word_1_911' title='bbox 1943 5387 1959 5439; x_wconf 94' lang='lat' dir='ltr'><strong>l</strong></span> <span class='ocrx_word' id='word_1_912' title='bbox 1988 5384 2111 5439; x_wconf 88' lang='lat' dir='ltr'><strong>Cor.</strong></span> <span class='ocrx_word' id='word_1_913' title='bbox 2152 5401 2271 5452; x_wconf 85' lang='lat' dir='ltr'><strong>xm,</strong></span> <span class='ocrx_word' id='word_1_914' title='bbox 2297 5387 2349 5441; x_wconf 88' lang='lat'><strong>9.</strong></span> 
     </span>
    </p>
   </div>
   <div class='ocr_carea' id='block_1_109' title="bbox 2191 4629 3708 4712">
    <p class='ocr_par' dir='ltr' id='par_1_109' title="bbox 2191 4629 3708 4712">
     <span class='ocr_line' id='line_1_109' title="bbox 2191 4629 3708 4712; baseline -0.013 -8"><span class='ocrx_word' id='word_1_915' title='bbox 2191 4648 2504 4712; x_wconf 85' lang='lat' dir='ltr'><strong>Christiani,</strong></span> <span class='ocrx_word' id='word_1_916' title='bbox 2547 4662 2651 4701; x_wconf 89' lang='lat' dir='ltr'><strong>non</strong></span> <span class='ocrx_word' id='word_1_917' title='bbox 2709 4655 2766 4700; x_wconf 88' lang='lat' dir='ltr'><strong>ut</strong></span> <span class='ocrx_word' id='word_1_918' title='bbox 2817 4646 2869 4699; x_wconf 85' lang='lat' dir='ltr'><strong>in</strong></span> <span class='ocrx_word' id='word_1_919' title='bbox 2917 4645 3088 4707; x_wconf 90' lang='lat' dir='ltr'><strong>circo,</strong></span> <span class='ocrx_word' id='word_1_920' title='bbox 3144 4642 3235 4697; x_wconf 88' lang='lat' dir='ltr'><strong>sed</strong></span> <span class='ocrx_word' id='word_1_921' title='bbox 3278 4650 3337 4694; x_wconf 91' lang='lat' dir='ltr'><strong>ut</strong></span> <span class='ocrx_word' id='word_1_922' title='bbox 3384 4640 3434 4692; x_wconf 91' lang='lat' dir='ltr'><strong>in</strong></span> <span class='ocrx_word' id='word_1_923' title='bbox 3489 4629 3708 4690; x_wconf 69' lang='lat' dir='ltr'><strong>Ecclesia.</strong></span> 
     </span>
    </p>
   </div>
   <div class='ocr_carea' id='block_1_110' title="bbox 2201 4720 3708 4807">
    <p class='ocr_par' dir='ltr' id='par_1_110' title="bbox 2201 4720 3708 4807">
     <span class='ocr_line' id='line_1_110' title="bbox 2201 4720 3708 4807; baseline -0.009 -13"><span class='ocrx_word' id='word_1_924' title='bbox 2201 4739 2386 4794; x_wconf 85' lang='lat' dir='ltr'><strong>llabes</strong></span> <span class='ocrx_word' id='word_1_925' title='bbox 2439 4736 2642 4807; x_wconf 88' lang='lat' dir='ltr'><strong>aliquid</strong></span> <span class='ocrx_word' id='word_1_926' title='bbox 2687 4753 2702 4791; x_wconf 90' lang='lat'><strong>:</strong></span> <span class='ocrx_word' id='word_1_927' title='bbox 2747 4737 2898 4789; x_wconf 80' lang='lat' dir='ltr'><strong>trade</strong></span> <span class='ocrx_word' id='word_1_928' title='bbox 2952 4750 3056 4789; x_wconf 91' lang='lat' dir='ltr'><strong>non</strong></span> <span class='ocrx_word' id='word_1_929' title='bbox 3117 4750 3237 4789; x_wconf 89' lang='lat' dir='ltr'><strong>cum</strong></span> <span class='ocrx_word' id='word_1_930' title='bbox 3289 4733 3402 4793; x_wconf 87' lang='lat' dir='ltr'><strong>lite,</strong></span> <span class='ocrx_word' id='word_1_931' title='bbox 3451 4744 3549 4783; x_wconf 90' lang='lat' dir='ltr'><strong>non</strong></span> <span class='ocrx_word' id='word_1_932' title='bbox 3589 4720 3708 4795; x_wconf 73' lang='lat' dir='ltr'><strong>qIIISi</strong></span> 
     </span>
    </p>
   </div>
   <div class='ocr_carea' id='block_1_111' title="bbox 2193 4816 3706 4897">
    <p class='ocr_par' dir='ltr' id='par_1_111' title="bbox 2193 4816 3706 4897">
     <span class='ocr_line' id='line_1_111' title="bbox 2193 4816 3706 4897; baseline -0.011 -11"><span class='ocrx_word' id='word_1_933' title='bbox 2193 4843 2403 4894; x_wconf 85' lang='lat' dir='ltr'><strong>auctor,</strong></span> <span class='ocrx_word' id='word_1_934' title='bbox 2442 4830 2536 4886; x_wconf 89' lang='lat' dir='ltr'><strong>sed</strong></span> <span class='ocrx_word' id='word_1_935' title='bbox 2577 4843 2893 4884; x_wconf 89' lang='lat' dir='ltr'><strong>ammonens</strong></span> <span class='ocrx_word' id='word_1_936' title='bbox 2920 4841 2981 4882; x_wconf 87' lang='lat' dir='ltr'><strong>ea</strong></span> <span class='ocrx_word' id='word_1_937' title='bbox 3012 4842 3131 4897; x_wconf 76' lang='lat' dir='ltr'><strong>qua:</strong></span> <span class='ocrx_word' id='word_1_938' title='bbox 3158 4824 3401 4879; x_wconf 84' lang='lat' dir='ltr'><strong>didicisti</strong></span> <span class='ocrx_word' id='word_1_939' title='bbox 3449 4837 3478 4876; x_wconf 90' lang='lat' dir='ltr'><strong>a</strong></span> <span class='ocrx_word' id='word_1_940' title='bbox 3509 4816 3706 4884; x_wconf 81' lang='lat' dir='ltr'><strong>Scriptu-</strong></span> 
     </span>
    </p>
   </div>
   <div class='ocr_carea' id='block_1_112' title="bbox 2193 4903 3708 4997">
    <p class='ocr_par' dir='ltr' id='par_1_112' title="bbox 2193 4903 3708 4997">
     <span class='ocr_line' id='line_1_112' title="bbox 2193 4903 3708 4997; baseline -0.015 -17"><span class='ocrx_word' id='word_1_941' title='bbox 2193 4925 2288 4980; x_wconf 89' lang='lat' dir='ltr'><strong>ris.</strong></span> <span class='ocrx_word' id='word_1_942' title='bbox 2325 4922 2572 4979; x_wconf 77' lang='lat' dir='ltr'><strong>Retinete</strong></span> <span class='ocrx_word' id='word_1_943' title='bbox 2594 4922 2728 4987; x_wconf 65' lang='lat' dir='ltr'><strong>haec,</strong></span> <span class='ocrx_word' id='word_1_944' title='bbox 2757 4929 2813 4976; x_wconf 90' lang='lat' dir='ltr'><strong>et</strong></span> <span class='ocrx_word' id='word_1_945' title='bbox 2844 4918 3132 4974; x_wconf 88' lang='lat' dir='ltr'><strong>cessabitis</strong></span> <span class='ocrx_word' id='word_1_946' title='bbox 3164 4916 3328 4978; x_wconf 90' lang='lat' dir='ltr'><strong>alite,</strong></span> <span class='ocrx_word' id='word_1_947' title='bbox 3366 4922 3419 4968; x_wconf 91' lang='lat' dir='ltr'><strong>et</strong></span> <span class='ocrx_word' id='word_1_948' title='bbox 3454 4911 3518 4965; x_wconf 82' lang='lat' dir='ltr'><strong>ab</strong></span> <span class='ocrx_word' id='word_1_949' title='bbox 3547 4903 3708 4997; x_wconf 24' lang='lat' dir='ltr'><strong>Eccita;</strong></span> 
     </span>
    </p>
   </div>
   <div class='ocr_carea' id='block_1_113' title="bbox 2191 4992 3709 5083">
    <p class='ocr_par' dir='ltr' id='par_1_113' title="bbox 2191 4992 3709 5083">
     <span class='ocr_line' id='line_1_113' title="bbox 2191 4992 3709 5083; baseline -0.017 -13"><span class='ocrx_word' id='word_1_950' title='bbox 2191 5016 2268 5070; x_wconf 88' lang='lat' dir='ltr'><strong>sia</strong></span> <span class='ocrx_word' id='word_1_951' title='bbox 2307 5014 2547 5083; x_wconf 89' lang='lat' dir='ltr'><strong>separari</strong></span> <span class='ocrx_word' id='word_1_952' title='bbox 2592 5012 2781 5067; x_wconf 86' lang='lat' dir='ltr'><strong>nolite.</strong></span> <span class='ocrx_word' id='word_1_953' title='bbox 2833 5009 2890 5064; x_wconf 91' lang='lat' dir='ltr'><strong>Si</strong></span> <span class='ocrx_word' id='word_1_954' title='bbox 2936 5023 3035 5079; x_wconf 81' lang='lat' dir='ltr'><strong>ego</strong></span> <span class='ocrx_word' id='word_1_955' title='bbox 3084 5008 3270 5071; x_wconf 88' lang='lat' dir='ltr'><strong>deliro,</strong></span> <span class='ocrx_word' id='word_1_956' title='bbox 3314 5003 3439 5073; x_wconf 85' lang='lat' dir='ltr'><strong>quid</strong></span> <span class='ocrx_word' id='word_1_957' title='bbox 3472 5000 3536 5055; x_wconf 88' lang='lat' dir='ltr'><strong>ad</strong></span> <span class='ocrx_word' id='word_1_958' title='bbox 3579 4992 3709 5049; x_wconf 73' lang='lat' dir='ltr'><strong>telSi</strong></span> 
     </span>
    </p>
   </div>
   <div class='ocr_carea' id='block_1_114' title="bbox 2190 5085 3707 5177">
    <p class='ocr_par' dir='ltr' id='par_1_114' title="bbox 2190 5085 3707 5177">
     <span class='ocr_line' id='line_1_114' title="bbox 2190 5085 3707 5177; baseline -0.016 -14"><span class='ocrx_word' id='word_1_959' title='bbox 2190 5123 2292 5177; x_wconf 89' lang='lat' dir='ltr'><strong>ego</strong></span> <span class='ocrx_word' id='word_1_960' title='bbox 2324 5106 2499 5161; x_wconf 87' lang='lat' dir='ltr'><strong>aliena</strong></span> <span class='ocrx_word' id='word_1_961' title='bbox 2535 5105 2749 5176; x_wconf 89' lang='lat' dir='ltr'><strong>loquar,</strong></span> <span class='ocrx_word' id='word_1_962' title='bbox 2784 5117 2868 5156; x_wconf 88' lang='lat' dir='ltr'><strong>me</strong></span> <span class='ocrx_word' id='word_1_963' title='bbox 2892 5099 3076 5170; x_wconf 89' lang='lat' dir='ltr'><strong>judica</strong></span> <span class='ocrx_word' id='word_1_964' title='bbox 3109 5109 3163 5154; x_wconf 86' lang='lat' dir='ltr'><strong>et</strong></span> <span class='ocrx_word' id='word_1_965' title='bbox 3191 5097 3411 5168; x_wconf 88' lang='lat' dir='ltr'><strong>perdere</strong></span> <span class='ocrx_word' id='word_1_966' title='bbox 3436 5085 3707 5146; x_wconf 56' lang='grc' dir='ltr'><strong>πελοπι-</strong></span> 
     </span>
    </p>
   </div>
   <div class='ocr_carea' id='block_1_115' title="bbox 2186 5179 3707 5262">
    <p class='ocr_par' dir='ltr' id='par_1_115' title="bbox 2186 5179 3707 5262">
     <span class='ocr_line' id='line_1_115' title="bbox 2186 5179 3707 5262; baseline -0.017 -10"><span class='ocrx_word' id='word_1_967' title='bbox 2186 5199 2394 5252; x_wconf 89' lang='lat' dir='ltr'><strong>sionem</strong></span> <span class='ocrx_word' id='word_1_968' title='bbox 2426 5195 2591 5250; x_wconf 89' lang='lat' dir='ltr'><strong>nolite</strong></span> <span class='ocrx_word' id='word_1_969' title='bbox 2632 5205 2875 5262; x_wconf 74' lang='lat' dir='ltr'><strong>qumrere</strong></span> <span class='ocrx_word' id='word_1_970' title='bbox 2913 5189 2978 5243; x_wconf 89' lang='lat' dir='ltr'><strong>ad</strong></span> <span class='ocrx_word' id='word_1_971' title='bbox 3026 5188 3335 5245; x_wconf 86' lang='lat' dir='ltr'><strong>schismata.</strong></span> <span class='ocrx_word' id='word_1_972' title='bbox 3365 5179 3487 5239; x_wconf 89' lang='lat' dir='ltr'><strong>Ovis</strong></span> <span class='ocrx_word' id='word_1_973' title='bbox 3508 5189 3615 5247; x_wconf 68' lang='lat' dir='ltr'><strong>qua:</strong></span> <span class='ocrx_word' id='word_1_974' title='bbox 3637 5184 3707 5223; x_wconf 73' lang='lat' dir='ltr'><strong>ex-</strong></span> 
     </span>
    </p>
   </div>
   <div class='ocr_carea' id='block_1_116' title="bbox 2966 5287 3691 5365">
    <p class='ocr_par' dir='ltr' id='par_1_116' title="bbox 2966 5287 3691 5365">
     <span class='ocr_line' id='line_1_116' title="bbox 2966 5287 3691 5365; baseline -0.033 -5"><span class='ocrx_word' id='word_1_975' title='bbox 2966 5303 3142 5359; x_wconf 76' lang='lat' dir='ltr'><strong>&#39;Joan.</strong></span> <span class='ocrx_word' id='word_1_976' title='bbox 3171 5316 3278 5365; x_wconf 80' lang='lat' dir='ltr'><strong>xxv,</strong></span> <span class='ocrx_word' id='word_1_977' title='bbox 3308 5299 3359 5362; x_wconf 86' lang='grc'><strong>1,</strong></span> <span class='ocrx_word' id='word_1_978' title='bbox 3389 5295 3475 5350; x_wconf 77' lang='lat'><strong>28.</strong></span> <span class='ocrx_word' id='word_1_979' title='bbox 3532 5291 3563 5365; x_wconf 24' lang='grc'><strong>,⁸</strong></span> <span class='ocrx_word' id='word_1_980' title='bbox 3582 5287 3691 5365; x_wconf 68' lang='lat' dir='ltr'><strong>loss</strong></span> 
     </span>
    </p>
   </div>
   <div class='ocr_carea' id='block_1_117' title="bbox 2447 5357 3703 5444">
    <p class='ocr_par' dir='ltr' id='par_1_117' title="bbox 2447 5357 3703 5444">
     <span class='ocr_line' id='line_1_117' title="bbox 2447 5357 3703 5444; baseline -0.01 -9"><span class='ocrx_word' id='word_1_981' title='bbox 2447 5357 2861 5444; x_wconf 29' lang='lat' dir='ltr'><strong>ﬁ&quot;ili‘t,d.&#39;,_l%&#39;.v</strong></span> <span class='ocrx_word' id='word_1_982' title='bbox 2900 5376 2942 5407; x_wconf 77' lang='grc'><strong>¹³</strong></span> <span class='ocrx_word' id='word_1_983' title='bbox 2965 5357 3006 5428; x_wconf 88' lang='lat' dir='ltr'><strong>ll</strong></span> <span class='ocrx_word' id='word_1_984' title='bbox 3030 5357 3156 5428; x_wconf 83' lang='lat' dir='ltr'><strong>Cor.</strong></span> <span class='ocrx_word' id='word_1_985' title='bbox 3210 5357 3411 5435; x_wconf 44' lang='lat' dir='ltr'><strong>xtit,&#39;3.</strong></span> <span class='ocrx_word' id='word_1_986' title='bbox 3509 5357 3703 5414; x_wconf 59' lang='lat'><strong>&quot;10&#39;&quot;-</strong></span> 
     </span>
    </p>
   </div>
   <div class='ocr_carea' id='block_1_118' title="bbox 2260 5546 3503 5635">
    <p class='ocr_par' dir='ltr' id='par_1_118' title="bbox 2260 5546 3503 5635">
     <span class='ocr_line' id='line_1_118' title="bbox 2260 5546 3503 5635; baseline -0.019 -13"><span class='ocrx_word' id='word_1_987' title='bbox 2260 5565 2339 5635; x_wconf 86' lang='grc'><strong>(5)</strong></span> <span class='ocrx_word' id='word_1_988' title='bbox 2384 5559 2757 5635; x_wconf 57' lang='lat' dir='ltr'><strong>Vigilgntell.</strong></span> <span class='ocrx_word' id='word_1_989' title='bbox 2795 5557 3053 5635; x_wconf 58' lang='lat' dir='ltr'><strong>Valesius</strong></span> <span class='ocrx_word' id='word_1_990' title='bbox 3078 5555 3208 5635; x_wconf 76' lang='lat' dir='ltr'><strong>legit</strong></span> <span class='ocrx_word' id='word_1_991' title='bbox 3229 5546 3503 5635; x_wconf 61' lang='lat' dir='ltr'><strong>uigilantis.</strong></span> 
     </span>
    </p>
   </div>
   <div class='ocr_carea' id='block_1_119' title="bbox 2257 5609 3702 5717">
    <p class='ocr_par' dir='ltr' id='par_1_119' title="bbox 2257 5609 3702 5717">
     <span class='ocr_line' id='line_1_119' title="bbox 2257 5609 3702 5717; baseline -0.025 -23"><span class='ocrx_word' id='word_1_992' title='bbox 2257 5609 2969 5717; x_wconf 59' lang='grc' dir='ltr'><strong>’ὲηίιὶἶώ</strong></span> <span class='ocrx_word' id='word_1_993' title='bbox 2983 5609 3245 5681; x_wconf 32' lang='lat' dir='ltr'><strong>“Ecclesia</strong></span> <span class='ocrx_word' id='word_1_994' title='bbox 3276 5609 3371 5676; x_wconf 64' lang='lat' dir='ltr'><strong>Dei</strong></span> <span class='ocrx_word' id='word_1_995' title='bbox 3408 5622 3468 5671; x_wconf 80' lang='lat' dir='ltr'><strong>de</strong></span> <span class='ocrx_word' id='word_1_996' title='bbox 3503 5609 3702 5667; x_wconf 70' lang='lat' dir='ltr'><strong>Patres!</strong></span> 
     </span>
    </p>
   </div>
   <div class='ocr_carea' id='block_1_120' title="bbox 2191 5706 3702 5899">
    <p class='ocr_par' dir='ltr' id='par_1_120' title="bbox 2191 5706 3702 5899">
     <span class='ocr_line' id='line_1_120' title="bbox 2191 5706 3702 5798; baseline -0.005 -40"><span class='ocrx_word' id='word_1_997' title='bbox 2191 5706 2330 5760; x_wconf 82' lang='lat' dir='ltr'><strong>Filio</strong></span> <span class='ocrx_word' id='word_1_998' title='bbox 2348 5706 2507 5775; x_wconf 84' lang='lat' dir='ltr'><strong>loqui.</strong></span> <span class='ocrx_word' id='word_1_999' title='bbox 2676 5772 2686 5781; x_wconf 31' lang='grc' dir='ltr'>ν</span> <span class='ocrx_word' id='word_1_1000' title='bbox 3639 5741 3702 5798; x_wconf 51' lang='grc' dir='ltr'><strong>ω’</strong></span> 
     </span>
     <span class='ocr_line' id='line_1_121' title="bbox 2191 5763 3617 5899; baseline -0.015 -68"><span class='ocrx_word' id='word_1_1001' title='bbox 2191 5775 2559 5899; x_wconf 42' lang='grc' dir='ltr'><strong>Παφιειέῗηςξε</strong></span> <span class='ocrx_word' id='word_1_1002' title='bbox 2602 5772 2784 5844; x_wconf 80' lang='lat' dir='ltr'><strong>quibus</strong></span> <span class='ocrx_word' id='word_1_1003' title='bbox 2813 5769 3007 5841; x_wconf 82' lang='lat' dir='ltr'><strong>legunt.</strong></span> <span class='ocrx_word' id='word_1_1004' title='bbox 3040 5765 3226 5821; x_wconf 69' lang='lat' dir='ltr'><strong>Graeco</strong></span> <span class='ocrx_word' id='word_1_1005' title='bbox 3246 5774 3414 5827; x_wconf 82' lang='lat' dir='ltr'><strong>more,</strong></span> <span class='ocrx_word' id='word_1_1006' title='bbox 3447 5769 3536 5829; x_wconf 85' lang='lat' dir='ltr'><strong>pro</strong></span> <span class='ocrx_word' id='word_1_1007' title='bbox 3560 5763 3617 5807; x_wconf 68' lang='grc' dir='ltr'>ετ</span> 
     </span>
    </p>
   </div>
   <div class='ocr_carea' id='block_1_121' title="bbox 2183 5855 2523 5909">
    <p class='ocr_par' dir='ltr' id='par_1_121' title="bbox 2183 5855 2523 5909">
     <span class='ocr_line' id='line_1_122' title="bbox 2183 5855 2523 5909; baseline -0.015 -6"><span class='ocrx_word' id='word_1_1008' title='bbox 2183 5865 2298 5909; x_wconf 76' lang='lat' dir='ltr'><strong>aute</strong></span> <span class='ocrx_word' id='word_1_1009' title='bbox 2326 5855 2523 5907; x_wconf 83' lang='lat' dir='ltr'><strong>lequul.</strong></span> 
     </span>
    </p>
   </div>
  </div>
