3956 6522
290 390 426 445 1069

1369 376 1456 429 or.
1492 361 2086 430 uesuunacrtoss.
2128 393 2181 414 —«
2237 372 2359 427 LIB.
2406 371 2444 426 ι.

3370 367 3389 420 l
3400 365 3503 423 070

281 504 357 550 tra
383 507 599 564 gregem
629 502 731 558 est,
761 509 890 565 pars
929 504 1035 566 lupi
1070 502 1173 553 est.
1207 496 1340 552 Nam
1369 499 1471 554 etsi
1504 500 1693 555 fortior
1722 500 1840 555 ovis
1869 507 1916 563 Α
1946 510 2054 556 tres
2090 521 2101 555 :
2145 516 2247 554 non
2293 500 2551 554 faciamus
2588 492 2991 559 conventicula,
3036 507 3144 546 nou
3196 490 3503 561 Speluncas.

282 588 603 656 es,espedit
657 587 752 641 t'rbi
805 587 941 642 infra
999 590 1231 660 parietes
1280 592 1435 646 ovilis
1485 607 1626 659 esse,
1675 608 1835 659 quam

281 679 447 734 foras.
479 678 657 734 Fortis
693 693 772 743 es,
816 690 968 748 porta
1021 698 1192 735 meam
1236 683 1603 738 infirmitatem
1640 697 1655 737 :
1692 683 1843 737 infir-

279 787 397 826 mus
430 788 512 837 es,
539 773 723 841 accipe
745 774 1005 831 medelam
1033 792 1061 831 a
1084 778 1353 832 communi
1386 778 1624 835 Ecclesia
1652 797 1665 833 :
1690 787 1841 848 gutta

276 883 381 922 una
446 876 739 923 torrentem
800 882 906 921 non
956 858 1107 922 facit.
1162 867 1218 922 Si
1265 867 1410 922 enim
1456 877 1512 923 et
1562 868 1839 934 ceciderit,

274 969 566 1027 antequam
602 960 781 1024 cadat,
811 976 838 1011 a
869 969 1010 1012 terra
1049 958 1389 1013 absorbetur.
1433 957 1593 1013 Gutta
1634 968 1840 1025 autem,

276 1063 329 1107 et
366 1061 542 1122 gutta,
576 1062 630 1106 et
655 1060 801 1121 gutta
831 1051 992 1106 etiam
1038 1060 1246 1105 montes
1289 1053 1503 1107 evertit.
1551 1051 1730 1107 Canna
1783 1066 1843 1107 es

277 1138 508 1213 fragilis,
543 1143 691 1197 multi
725 1152 901 1197 autem
954 1132 1101 1197 ferro
1149 1152 1276 1196 sunt
1328 1140 1600 1197 fortiores.
1643 1136 1844 1198 Oculus

275 1236 426 1290 solus
455 1250 559 1289 non
584 1244 667 1289 est
688 1234 901 1299 oculus,
934 1248 1107 1303 neque
1129 1244 1499 1304 caputcaput,
1538 1252 1711 1305 neque
1750 1252 1843 1305 pes

274 1342 396 1397 pes.
436 1326 766 1396 Compositio
812 1327 952 1381 enim
1003 1326 1365 1380 membrorum
1426 1336 1591 1379 totmn
1645 1330 1842 1381 honum

271 1414 428 1469 facit.
476 1412 606 1468 Nam
638 1415 740 1468 etsi
784 1428 932 1469 esses
967 1409 1175 1479 oculus,
1224 1414 1459 1478 ablatus,
1486 1430 1607 1470 eras
1647 1431 1839 1471 ciccus.

273 1510 319 1561 Δ
343 1521 567 1575 corpore
596 1505 737 1559 enim
768 1504 1011 1559 sublatus
1035 1500 1247 1569 oculus,
1281 1519 1456 1560 caecus
1499 1513 1584 1561 est
1628 1507 1842 1571 oculus,

272 1597 450 1666 magis
482 1604 661 1649 autem
703 1605 963 1651 mortuus.
992 1596 1047 1651 In
1079 1597 1316 1651 Ecclesia
1352 1594 1548 1652 fratres
1598 1599 1699 1652 sub
1734 1599 1845 1655 alas

273 1687 468 1743 matris
492 1687 879 1742 conveniamus
908 1704 925 1747 :
955 1687 1007 1741 in
1031 1682 1270 1743 Ecclesia
1315 1690 1367 1742 in
1396 1701 1499 1757 qua
1527 1696 1842 1744 ornamenta

274 1795 491 1851 sponsa:
517 1788 662 1846 sunt,
689 1788 744 1833 et
773 1777 1014 1834 membra
1035 1778 1256 1845 Christi,
1288 1795 1394 1835 non
1424 1782 1491 1836 ad
1532 1782 1844 1847 schismata,

1943 592 2105 648 Forte
2148 594 2288 647 enim
2344 590 2572 662 apostoli
2630 591 2746 645 base
2794 587 3106 641 fundarunt.
3142 583 3257 639 Non
3302 583 3505 654 lapides

1942 684 2083 748 dico,
2124 685 2217 740 sed
2255 685 2464 754 negotia
2504 698 2706 737 rerum.
2742 681 2871 735 Exis
2911 681 2979 734 ab
3010 678 3275 743 Ecclesia,
3322 688 3379 733 et
3420 692 3505 733 re-

1942 776 2140 847 linquis
2181 786 2406 831 matrem
2451 785 2593 830 tuam
2625 783 2843 845 pr0pter
2896 788 2999 826 me.
3029 771 3165 837 Quid
3200 786 3317 825 sum
3363 770 3506 825 enim

1942 884 2064 940 ego,
2099 878 2192 924 aut
2229 869 2453 932 Paulus,
2479 874 2573 921 aut
2606 866 2791 935 Apollo
2816 863 2936 934 quis
2972 863 3091 917 est?
3139 863 3211 917 De
3238 878 3321 917 me
3363 872 3417 916 et
3456 871 3507 917 te

1943 963 2047 1016 erit
2079 976 2276 1015 sermo.
2310 959 2447 1014 Num
2483 973 2581 1029 ego
2624 957 2914 1011 cruciﬁxus
2961 954 3117 1010 sum?
3146 955 3386 1009 Necdum
3440 967 3508 1008 ne
3598 1004 3602 1011 ,

1943 1052 2159 1121 quidem
2183 1052 2389 1121 alapam
2416 1050 2622 1120 accepi.
2657 1048 2697 1102 E
2720 1049 2992 1103 contrario
3028 1058 3224 1112 autem,
3259 1058 3313 1101 et
3338 1046 3508 1100 Itono-

1945 1152 2095 1198 ratus
2145 1158 2262 1197 sum
2318 1152 2533 1212 prapter
2580 1137 2788 1196 Iesum.
2842 1141 2907 1195 Et
2949 1140 3037 1195 ille
3075 1140 3289 1209 quidem
3342 1137 3508 1191 multa

1948 1249 2136 1304 passus
2160 1244 2239 1288 est
2272 1242 2488 1303 propter
2511 1247 2596 1287 me
2628 1250 2645 1285 ς
2684 1249 2784 1300 ego
2823 1243 3000 1287 autem
3053 1233 3348 1285 honoratus
3383 1244 3504 1285 sum

1947 1337 2165 1397 propter
2204 1327 2398 1395 ipsum.
2444 1324 2512 1378 Et
2541 1340 2638 1379 nos
2672 1322 2888 1394 quidem
2940 1323 3199 1379 feriamur
3249 1323 3511 1379 adversus

1946 1432 2188 1481 crucem,
2233 1427 2287 1472 et
2331 1418 2622 1471 adversum
2661 1431 2783 1470 eum
2819 1416 2908 1485 qui
2955 1426 3169 1485 propter
3213 1430 3308 1469 nos
3354 1415 3423 1469 fel
3461 1422 3511 1469 et

1948 1520 2157 1565 acetum
2198 1509 2352 1571 bibit,
2385 1518 2439 1562 et
2462 1506 2789 1577 imponimus
2834 1508 2884 1561 ei
2919 1508 3103 1576 spinas
3145 1506 3314 1577 magis
3346 1521 3509 1575 quam

1947 1601 2134 1667 Judaei,
2159 1610 2212 1657 et
2244 1594 2525 1655 effudimus
2558 1615 2750 1654 manus
2792 1598 2907 1667 ejus
2953 1609 3006 1653 et
3046 1599 3233 1668 pedes,
3278 1608 3332 1654 et
3359 1596 3514 1653 dinu-

1949 1707 2220 1746 meramus
2239 1690 2355 1759 ejus
2381 1706 2502 1744 ossa
2539 1708 2552 1743 :
2585 1688 2717 1754 Quae
2755 1686 2918 1755 enim,
2954 1689 3151 1757 inquit,
3183 1689 3382 1757 fecistis
3419 1686 3516 1742 uni

1949 1800 2013 1837 ea:
2044 1784 2273 1836 minimis
2304 1782 2427 1836 istis
2460 1781 2549 1851 qui
2577 1787 2792 1834 credunt
2837 1781 2890 1833 in
2918 1796 3020 1845 me,
3050 1778 3175 1833 mihi
3225 1781 3417 1847 fecistis
3448 1779 3516 1846 ",

278 1889 386 1926 non
412 1872 477 1925 ad
503 1871 756 1927 haereses.
786 1869 1085 1940 Aliquoties
1105 1871 1248 1926 enim
1281 1871 1403 1928 dico
1433 1892 1446 1927 :
1480 1869 1700 1928 offendit
1730 1888 1845 1928 mea
1884 1883 1927 1942 Β
1954 1884 2045 1926 aut
2082 1872 2281 1926 bonum
2317 1882 2410 1927 aut
2444 1871 2669 1926 malum.
2707 1870 2831 1926 Haec
2863 1870 3058 1926 fratres
3098 1880 3149 1926 et
3199 1872 3249 1925 in
3296 1872 3381 1927 bis
3408 1870 3516 1927 fra-

276 1964 455 2033 lingua
487 1981 500 2017 :
537 1972 713 2037 potest
742 1962 855 2016 fieri
883 1972 942 2017 ut
985 1978 1136 2017 mens
1182 1977 1297 2018 mea
1350 1962 1607 2019 offendat.
1657 1964 1762 2019 Sed
1793 1975 1845 2019 tu

274 2055 389 2110 noli
418 2074 431 2109 :
460 2055 775 2110 obliviscere
817 2049 892 2126 (8)
933 2069 1055 2109 eum
1094 2055 1185 2124 qui
1233 2055 1368 2109 dixit
1408 2073 1423 2109 :
1465 2052 1644 2110 Pretio
1690 2057 1848 2126 empti

276 2148 427 2211 estis,
458 2146 618 2201 nolite
645 2146 761 2214 ﬁeri
789 2146 924 2200 servi
963 2144 1229 2201 hominum
1254 2148 1318 2201 ιδ.
1348 2145 1455 2208 Ista
1487 2150 1629 2203 enim
1657 2150 1850 2204 domus

277 2254 389 2294 non
413 2253 531 2295 mea
552 2248 635 2294 est
655 2248 748 2293 aut
776 2246 887 2297 tua.
933 2239 1043 2295 Cur
1092 2241 1195 2294 mei
1249 2254 1411 2296 causa
1444 2238 1653 2295 recedis
1684 2255 1713 2293 a
1750 2239 1852 2295 Do-

277 2331 483 2387 miuica
530 2331 729 2387 domo?
775 2327 840 2385 Et
890 2326 1065 2401 primo
1105 2330 1319 2401 quidem
1364 2332 1493 2402 quid
1542 2332 1851 2403 accepimus

278 2424 439 2479 nobis
467 2424 590 2494 quia
623 2423 977 2493 sapientiores
1004 2416 1257 2479 omnibus
1291 2424 1515 2478 sumus?
1542 2423 1745 2478 Deinde
1792 2432 1853 2477 ut

276 2516 411 2585 quid
434 2516 579 2585 quod
608 2515 660 2569 in
684 2528 845 2585 prece
870 2513 946 2587 (9)
977 2514 1220 2569 diabolus
1254 2510 1436 2580 habet,
1468 2515 1732 2569 donamus
1764 2514 1853 2569 ei?

276 2605 340 2662 Si
377 2620 477 2676 ego
501 2607 745 2661 infirmus
773 2621 912 2671 sum,
955 2614 1009 2659 tu
1028 2604 1117 2673 qui
1154 2620 1213 2660 es
1234 2602 1407 2670 fortis,
1438 2618 1541 2660 non
1571 2605 1847 2669 recedens,

276 2699 544 2755 conﬁrma
589 2696 910 2754 Ecclesiam.
960 2697 1016 2752 Si
1060 2711 1162 2766 ego
1206 2694 1380 2751 aliena
1414 2696 1624 2765 loquor,
1663 2708 1760 2750 cur
1795 2705 1850 2751 tu

282 2790 376 2862 qui
400 2790 539 2845 bene
575 2788 816 2858 loqueris
860 2787 1130 2843 abstrahis
1157 2800 1210 2842 te
1232 2797 1288 2841 ut
1312 2786 1597 2841 videantur
1628 2802 1745 2841 mea
1771 2787 1853 2841 in-

285 2880 530 2939 ﬁrmari?
552 2879 618 2934 Et
645 2894 713 2934 ne
738 2879 861 2949 quis
880 2894 965 2935 me
993 2889 1147 2949 putet
1182 2879 1463 2933 incitatum
1493 2878 1560 2931 ad
1590 2877 1853 2947 quosdam

285 2973 620 3029 dieereued
660 2972 728 3028 ab
749 2971 1005 3027 exercitio
1041 2970 1152 3042 (l0)
1192 2985 1312 3025 sum
1364 2968 1652 3024 multorum
1686 2984 1700 3021 :
1742 2968 1856 3023 scio

291 3074 499 3136 quanta
529 3066 670 3122 dicta
706 3074 832 3122 sunt
881 3070 938 3120 et
978 3062 1247 3119 dicuntur.
1294 3058 1674 3131 Unusquisque
1710 3061 1855 3116 enim

289 3174 542 3229 quarens
566 3158 707 3213 unde
739 3165 994 3228 pascatur
1029 3154 1239 3211 furatur
1262 3153 1397 3225 (ll).
1429 3153 1666 3208 Minores
1702 3169 1715 3205 :
1745 3151 1855 3206 fra-

296 3305 2133 3340 Μ

1950 1974 2103 2019 tres:
2139 1980 2245 2018 non
2296 1979 2509 2033 semper
2566 1965 2803 2027 nomina,
2853 1966 2948 2019 sed
2993 1979 3100 2019 res.
3175 1965 3516 2023 Christianus

1948 2056 2090 2109 enim
2119 2070 2297 2120 verus,
2352 2054 2521 2111 frater
2562 2050 2654 2110 sit.
2702 2053 2874 2110 Verus
2929 2055 3267 2110 Christianus
3307 2075 3319 2111 :
3355 2072 3516 2113 verus

1949 2158 2033 2203 est
2082 2148 2225 2203 enim
2287 2142 2555 2205 Christus.
2601 2147 2843 2215 Fratres,
2896 2147 3111 2213 fratres,
3171 2150 3335 2205 nolite
3397 2165 3518 2207 esse

1950 2240 2167 2309 piratae,
2231 2241 2398 2296 nolite
2464 2241 2776 2296 bellatores.
2844 2238 3021 2296 Nolite
3086 2257 3326 2311 quazrere
3389 2258 3515 2298 cum

1951 2347 2056 2401 quo
2128 2332 2377 2402 litigetis,
2445 2334 2537 2388 sed
2590 2349 2747 2403 quem
2827 2330 3067 2389 salvetis.
3144 2326 3259 2403 Ipse
3335 2344 3515 2389 autem

1950 2420 2094 2479 Deus
2152 2424 2317 2493 pacis,
2367 2425 2457 2494 qui
2504 2441 2607 2479 non
2666 2421 2904 2496 pepercit
2966 2426 3242 2494 unigenito
3272 2440 3370 2481 suo
3423 2418 3515 2481 Fi-

1951 2510 2044 2579 lio,
2080 2524 2134 2569 et
2164 2510 2309 2568 misit
2372 2530 2496 2570 eum
2542 2518 2606 2569 ad
2643 2516 2870 2570 salutem
2921 2526 3182 2581 nostram,
3238 2516 3355 2585 ipse
3391 2531 3514 2571 om-

1953 2607 2098 2660 nium
2143 2616 2382 2661 vestrum
2412 2607 2623 2662 animas
2666 2608 2731 2662 ad
2767 2622 2928 2662 unam
2975 2608 3412 2671 consensionem,
3447 2609 3517 2663 ad

1954 2710 2113 2751 uuam
2137 2698 2506 2762 concordiam,
2545 2699 2611 2751 ad
2657 2714 2818 2752 unam
2871 2714 3055 2767 pacem
3097 2710 3152 2754 et
3201 2694 3518 2755 charitatem

1953 2787 2150 2842 adtinet
2177 2800 2271 2857 per
2296 2788 2626 2858 unigenitum
2659 2805 2815 2844 suum
2844 2789 3035 2845 Filium
3062 2808 3077 2844 :
3109 2806 3205 2861 per
3242 2806 3402 2862 quem
3434 2800 3521 2847 est

1954 2896 2060 2935 non
2097 2890 2224 2935 nato
2250 2881 2394 2935 Patri
2437 2882 2627 2952 gloria,
2672 2883 2864 2952 honor,
2920 2882 3228 2953 imperium,
3262 2884 3519 2953 tnajestas

1955 2972 2009 3028 in
2037 2973 2237 3043 Spiritu
2282 2986 2492 3039 sancto,
2521 2984 2573 3029 et
2607 2991 2747 3030 nunc
2777 2985 2831 3030 et
2866 2989 3099 3046 semper,
3130 2985 3179 3031 et
3211 2990 3304 3045 per
3337 2975 3519 3031 omnia

1957 3058 2152 3115 saecula
2181 3059 2524 3115 saeculorum.
2554 3062 2744 3115 Amen.

2144 3301 3508 3344 ΞΜ

1048 3527 1803 3686 EUSEBII
1859 3521 2771 3683 PAMPHILI

868 3822 1094 3936 DE
1221 3816 2945 3934 RESURBECTIONE.

1442 4188 1796 4277 LIBER
1869 4188 2359 4315 PRIMUS.

361 4546 571 4603 Dictum
592 4556 674 4603 est
695 4546 907 4618 quidem
931 4562 960 4601 a
993 4547 1142 4601 nobis
1169 4555 1223 4602 ct
1250 4556 1371 4602 ante
1394 4548 1460 4602 de
1498 4547 1851 4603 resurrectio-
1877 4556 1919 4612 (ξ,
1953 4558 2133 4604 autem
2192 4557 2245 4603 et
2280 4561 2399 4617 quae
2432 4543 2566 4598 lecta
2599 4550 2759 4607 sunt;
2808 4538 2946 4593 forte
2995 4532 3157 4592 etiam
3205 4546 3347 4603 smpe
3371 4530 3528 4586 uobis

290 4656 391 4707 ne;
429 4640 655 4695 audistis
691 4648 743 4694 et
783 4653 878 4695 vos
925 4657 939 4693 :
980 4638 1071 4693 sed
1107 4639 1287 4693 omnia
1348 4648 1589 4706 tempora
1636 4639 1859 4705 exigunt

289 4748 442 4789 suum
490 4732 745 4796 fructum,
784 4730 1046 4800 siquidem
1095 4740 1149 4784 et
1203 4730 1255 4784 in
1295 4740 1535 4800 tempore
1586 4746 1855 4795 rosarum,

289 4840 425 4880 rosa:
448 4822 752 4878 ﬂorescunt.
794 4823 1102 4893 Agnoscunt
1138 4829 1315 4875 autem
1353 4831 1408 4876 et
1440 4824 1732 4876 secumlum
1762 4816 1854 4877 Je—

293 4918 517 4973 remiam
551 4917 626 4979 ¹⁷,
672 4926 727 4970 et
754 4916 1069 4969 hirundines
1124 4923 1331 4984 tempus
1377 4922 1433 4968 et
1480 4915 1566 4967 alii
1608 4928 1854 4983 passeres

289 5010 441 5080 agri;
472 5024 697 5077 quorum
727 5008 983 5077 propheta
1008 5007 1207 5062 faciens
1234 5006 1579 5071 mentionem,
1613 5008 1857 5075 increpa-

290 5102 379 5156 bat
423 5099 585 5155 lsrael
620 5100 709 5168 qui
735 5108 973 5167 tempora
1014 5098 1314 5169 ignorabat.
1361 5096 1427 5165 Et
1458 5106 1666 5166 tempus
1708 5097 1854 5151 omni

291 5194 371 5248 rei
398 5208 514 5249 esse
536 5192 968 5259 sapientissimus
1003 5191 1135 5244 dixit
1162 5189 1412 5244 Salomon
1436 5189 1500 5245 ³⁸.
1534 5188 1667 5255 Quia
1695 5188 1856 5257 igitur

290 5292 504 5352 tempus
538 5282 781 5353 exposcit
811 5280 878 5333 de
910 5279 1301 5334 resurrectione
1333 5278 1574 5341 tractari,
1602 5283 1858 5345 expetunt

1959 4640 2281 4705 dicentibus,
2307 4637 2532 4692 necdum
2564 4633 2779 4703 quidam
2819 4632 2885 4686 de
2913 4624 3311 4684 resurrectione
3338 4636 3527 4679 susce-

1958 4740 2154 4801 perunt
2198 4742 2502 4786 sermonem
2544 4744 2558 4779 :
2600 4723 2734 4779 nihil
2782 4719 3033 4791 prohibet
3068 4728 3311 4787 repetere
3344 4728 3442 4768 nos
3473 4721 3530 4769 et

1955 4825 2154 4887 denuo,
2187 4830 2242 4875 et
2272 4822 2337 4874 de
2361 4820 2445 4874 his
2475 4818 2605 4887 ipsis
2634 4824 2867 4870 tractare
2892 4813 2959 4865 ι’.
2987 4811 3185 4866 Eadem
3217 4807 3359 4860 enim
3394 4801 3529 4859 serio

1959 4917 2088 4971 bere
2131 4929 2230 4969 nec
2263 4911 2486 4966 Paulum
2523 4907 2693 4980 piguit
2736 4922 2751 4960 :
2795 4906 2849 4962 bi
2876 4905 3020 4960 enim
3066 4902 3157 4973 qui
3184 4897 3407 4954 credunt.
3444 4909 3532 4949 re-

1962 5008 2315 5064 surrectionis
2343 5018 2641 5068 sermones,
2683 5009 2843 5057 erunt
2890 4997 3156 5053 tutiores:
3190 4990 3325 5047 forte
3348 4996 3529 5041 autem

1962 5100 2052 5168 qui
2077 5099 2303 5153 necdum
2333 5096 2474 5151 suasi
2506 5103 2652 5159 situt,
2679 5090 3069 5147 suadebuntur.
3116 5080 3269 5134 Nunc
3293 5076 3532 5133 creditur

1961 5189 2104 5243 enim
2138 5187 2374 5243 sermoni
2404 5186 2494 5254 qui
2529 5185 2594 5238 de
2626 5178 3015 5238 resurrectione
3042 5174 3384 5235 habetur-,et
3419 5182 3532 5219 ma-

1963 5289 2066 5343 gna
2111 5283 2197 5331 est
2244 5273 2530 5329 multitudo
2564 5285 2669 5325 non
2706 5266 3059 5323 credentium.
3100 5258 3339 5316 Gentiles
3387 5256 3531 5312 enim

364 5420 596 5477 "lCor.
627 5437 701 5487 vr,
726 5419 835 5484 201:
869 5429 923 5474 et
961 5435 1052 5487 vn,
1078 5419 1168 5473 25.
1242 5418 1289 5451 ⁸⁸
1315 5415 1504 5474 Matth.
1535 5430 1663 5483 xxv,
1689 5414 1778 5469 40.
1856 5413 1898 5445 ⁸⁷
1936 5409 2047 5468 Jer.
2070 5424 2191 5472 Vill,
2222 5408 2275 5461 7.
2352 5405 2397 5437 “
2434 5402 2609 5459 Eccle.
2647 5415 2727 5466 ut,
2756 5400 2841 5453 17.
2921 5399 2963 5430 ¹⁹
3001 5394 3234 5465 Philipp.
3262 5408 3345 5458 tu,
3372 5390 3425 5445 Ι.
3484 5438 3485 5441 η

331 5540 442 5623 ⁸(εξ)
473 5537 598 5592 Noli
640 5554 658 5592 .-

288 5628 313 5675 τ
325 5627 440 5665 πει.

388 5679 445 5752 9)
478 5678 544 5736 In
584 5694 736 5750 prece
773 5677 860 5752 Ἐγ
885 5678 1041 5750 εὐχῇ,
1076 5677 1129 5731 in
1160 5677 1389 5752 voto,_in
1418 5674 1635 5752 optatis.

396 5746 479 5820 1'0)
512 5746 592 5821 Ali
625 5749 894 5821 exercitio.
938 5746 1121 5814 idest,
1148 5762 1213 5803 ex
1263 5746 1562 5803 ministerio
1593 5758 1712 5801 meo
1743 5756 1861 5797 mea

296 5820 471 5881 oratio
500 5820 571 5876 ad
593 5820 787 5876 multos
809 5821 1055 5882 pertinet.

707 5536 1026 5593 obliviscere.
1086 5536 1245 5592 Forte
1304 5536 1393 5589 sed
1447 5546 1503 5590 tu
1563 5532 1669 5587 noli
1724 5530 1837 5584 obii.

2037 5526 2145 5599 (ll)
2176 5522 2434 5599 Furatur.
2464 5518 2714 5599 Minores.
2745 5515 2904 5597 Forte
2934 5506 3531 5599 fur‘ntuerinoreshid

1965 5577 2320 5661 esti-adducit
2351 5606 2446 5658 per
2487 5590 2725 5661 fraudem
2777 5600 2804 5639 e
2830 5577 2953 5661 sinu
2996 5582 3245 5637 Ecclesia:
3275 5577 3533 5661 ρεηιςειιρθ

1969 5646 2415 5736 ἷιῖῖὶᾶἇξὲῖῦἰᾳὶιθ
2445 5659 2724 5736 adiungit;
2740 5656 2878 5736 unde
2907 5655 3083 5708 alatur
3120 5672 3132 5708 :
3169 5652 3354 5736 quales
3394 5649 3428 5703 ii
3465 5646 3537 5705 (ιδ

1972 5724 2355 5814 ςυὶδυέιιυάδὲ
2381 5724 2551 5801 aposi.
2578 5727 2661 5792 l2,
2687 5724 2996 5794 Samotipsos
3026 5731 3310 5793 pascentes.
