3956 6516
460 448 593 505 1071
1121 431 1391 494 EUSEBII
1425 421 1895 486 ClSABlENSlS
1933 417 2079 475 OPP.
2121 413 2297 471 PARS
2332 410 2421 466 ιγ.
2460 441 2529 452 -—
2559 404 2982 464 'DOGMATICA.
3530 393 3670 449 1072

458 583 568 623 non
588 564 849 627 credunt;
885 556 1123 615 haeretici
1158 553 1320 611 simili
1348 551 1504 607 modo
1554 549 1741 604 iisdem
1783 560 1886 600 non
1926 543 2014 595 ba.
2044 545 2088 601 Α
2120 535 2264 590 tifice
2293 533 2382 603 qui
2408 529 2548 602 apud
2577 544 2672 586 nos
2695 539 2796 592 est,
2824 522 3026 579 humile
3054 520 3320 627 loquatur.
3349 512 3548 627 Ethon
3580 528 3675 569 ro—

458 658 586 715 bent
615 654 806 717 fidem;
836 605 1003 705 :ludzei
1031 646 1185 703 divisi
1216 652 1336 699 sunt
1362 644 1426 698 de
1451 638 1862 697 resurrectione.
1883 631 2017 688 Sad—
2116 626 2285 698 gitant
2317 633 2577 694 quantum
2628 622 2855 673 interest
2910 614 3049 668 inter
3101 610 3265 664 Deum
3321 615 3374 660 et
3427 605 3677 660 homines

461 748 627 806 duceni
658 746 799 799 enim
831 740 1174 809 intercipiunt
1200 735 1311 809 (12)
1333 733 1799 794 resurrectionem,
1823 724 2016 780 Phari-
2116 726 2376 774 mortuos.
2402 714 2690 771 Gentilium
2728 711 2891 778 igitur
2914 705 3063 760 multi
3088 701 3251 757 semel
3281 698 3675 769 providentiam

461 841 551 898 uri
583 846 759 892 autem
789 845 1072 902 suscepere
1108 847 1122 883 :
1157 791 1258 881 nisi
1293 791 1470 895 inagis
1515 825 1567 876 in
1600 819 1808 890 injuriis
1848 814 2017 887 petie-
2119 811 2170 864 in
2205 807 2287 863 his
2308 807 2556 863 omnibus
2582 804 2876 873 ejicientes,
2902 806 2952 851 et
2987 813 3014 851 a
3041 797 3148 851 Deo
3196 793 3315 847 vivo
3355 791 3681 858 semetipsos

462 940 608 994 runt,
649 941 809 998 quam
844 925 1244 979 honoraverunt
1274 937 1287 971 :
1315 919 1453 971 forte
1505 923 1681 969 autem
1733 918 1785 964 et
1832 886 1923 977 qui
1963 906 2015 957 in
2118 900 2454 963 fraudantes,
2498 896 2611 949 ausi
2645 903 2768 950 sunt
2799 894 3000 951 dicere.
3034 886 3172 958 quod
3217 894 3271 940 et
3319 893 3564 952 repetere
3595 892 3683 934 tu-

464 1019 701 1076 Ecclesia
728 1014 1074 1077 conveniunt,
1105 1010 1256 1064 multi
1286 1008 1532 1061 dubitant
1569 1003 1633 1057 de
1671 996 2021 1054 resurrectio-
2124 1003 2233 1047 tum
2266 1006 2370 1045 non
2402 998 2503 1044 est.
2544 987 2622 1041 Illi
2650 985 2793 1040 enim
2823 983 2939 1039 sine
2986 980 3094 1034 Deo
3137 984 3353 1047 agentes
3401 988 3549 1043 spem
3601 987 3681 1024 re-

463 1127 565 1179 ne;
602 1124 719 1180 qua:
746 1094 894 1161 enim
934 1104 1156 1161 necdum
1191 1099 1364 1155 oculis
1392 1098 1659 1158 videntur,
1705 1108 1733 1145 a
1779 1087 2022 1161 plurimis
2120 1081 2475 1139 surrectionis
2500 1079 2831 1133 interimunt.
2872 1072 2970 1140 Qui
3002 1071 3143 1125 enim
3186 1083 3306 1124 eum
3335 1067 3422 1134 qui
3459 1065 3684 1118 suscitat

464 1156 565 1179 ην,
604 1156 719 1180 1-..
934 1156 945 1158 -
1114 1156 1119 1161 .
1648 1156 1653 1158 γ
1779 1156 1793 1161 ν

464 1218 570 1259 non
594 1199 908 1254 creduntur.
934 1191 1066 1247 Nam
1090 1201 1142 1247 et
1169 1191 1202 1244 ii
1230 1190 1318 1259 qui
1353 1185 1647 1253 suscipiunt
1675 1179 2021 1235 resurrectio-
2126 1186 2337 1245 negant,
2368 1171 2575 1227 diflicile
2605 1179 2688 1224 est
2728 1178 2785 1221 ut
2810 1164 3169 1220 confiteantur
3213 1156 3683 1212 resurrectionem.

465 1308 613 1356 nem,
648 1286 921 1345 constituti
973 1292 1153 1353 utpote
1205 1282 1256 1335 in
1299 1252 1554 1338 Ecclesia,
1606 1274 1765 1328 multa
1825 1271 2026 1325 habent
2124 1269 2230 1324 Sed
2271 1266 2635 1333 relinquamus
2666 1262 2856 1314 horum
2884 1252 3375 1324 importunitatem,
3406 1259 3521 1302 uta
3558 1260 3689 1317 pue.

465 1384 625 1439 dubia
654 1382 705 1435 in
746 1386 927 1432 mente
957 1376 1022 1429 de
1059 1374 1174 1444 ipsa
1201 1368 1616 1425 resurrectione.
1651 1365 1817 1418 Aiunt
1848 1362 2021 1423 enim,
2125 1362 2199 1416 ris
2229 1358 2633 1414 convincantur.
2681 1351 2789 1405 Nec
2828 1350 2969 1404 enim
3003 1346 3067 1399 ad
3102 1357 3288 1398 omnes
3337 1350 3547 1395 certare
3591 1354 3689 1392 nos

466 1468 735 1545 quomodo
756 1462 1137 1536 resurgemus?
1173 1462 1223 1514 in
1258 1476 1363 1529 quo
1413 1459 1621 1519 habitu,
1650 1469 1753 1523 qua
1794 1465 2020 1505 convcr-
2126 1468 2223 1525 par
2251 1462 2353 1517 est,
2380 1463 2553 1518 neque
2592 1448 2657 1500 ad
2680 1439 3120 1510 omnesjnrgari;
3158 1436 3420 1504 siquidem
3473 1447 3572 1487 nec
3626 1429 3691 1481 ml

1753 1543 1761 1545 _
2008 1539 2025 1545 -
2614 1537 2625 1545 .
2814 1535 2824 1545 .
2992 1532 3021 1545 ο.
3069 1530 3102 1545 ,ο
3186 1529 3215 1545 οι
3284 1543 3295 1545 ,
3334 1525 3472 1545 __,,2_
3500 1522 3646 1545 l---.:
3676 1540 3688 1545 -

468 1522 566 1545 Ί““’
580 1522 625 1526 -ν-
641 1522 658 1527 ν
676 1522 717 1525 νν
760 1522 763 1523 ν
913 1522 940 1536 υ
1276 1522 1289 1529 -
1672 1522 1679 1523 κ
2128 1522 2139 1525 ,

466 1565 698 1624 satione,
721 1557 776 1613 in
805 1572 910 1627 quo
939 1556 1055 1608 loco
1072 1553 1101 1611 ?
1126 1551 1249 1605 nudi
1274 1565 1339 1602 an
1359 1546 1578 1602 vestiti?
1609 1539 2028 1598 manducantes?
2128 1545 2345 1599 insanos
2377 1537 2750 1594 consuevimus
2796 1535 2860 1588 de
2885 1529 3303 1601 cogitationibus
3329 1525 3475 1579 sanis
3500 1522 3647 1592 loqui
3676 1540 3689 1573 :

464 1669 573 1710 non
607 1651 902 1721 indigentes
924 1645 1084 1699 esca?
1111 1643 1161 1695 in
1179 1639 1334 1703 cmlo,
1354 1639 1404 1691 in
1433 1633 1712 1706 paradiso?
1739 1646 1924 1687 omnes
1952 1630 2029 1683 si-
2128 1637 2218 1707 qui
2255 1647 2431 1689 amem
2478 1631 2842 1700 imprudenter
2889 1626 2962 1678 ita
3002 1624 3305 1694 jnrgantur,
3337 1634 3438 1672 non
3481 1617 3547 1671 ad
3576 1633 3695 1677 nos.

468 1745 601 1810 tnui,
636 1758 703 1796 an
741 1738 830 1792 alii
864 1734 1023 1791 alibi?
1050 1733 1179 1798 Qua'
1205 1726 1527 1783 diversitas?
1574 1735 1751 1778 utrum
1786 1724 1837 1776 in
1875 1720 2026 1783 locis,
2130 1730 2224 1784 sed
2250 1728 2315 1782 ad
2346 1728 2517 1796 ipsum
2549 1722 2784 1776 ordinem
2810 1717 3127 1781 ciliciorum,
3162 1724 3214 1767 et
3239 1713 3305 1766 ad
3339 1709 3553 1779 opiﬁcis
3581 1724 3696 1776 qua:

464 1834 557 1889 aut
588 1836 639 1888 in
674 1826 1065 1901 dignitatibus?
1104 1825 1171 1879 Et
1200 1825 1263 1878 de
1292 1824 1373 1876 bis
1399 1821 1487 1890 qui
1517 1818 1810 1888 puniuntur
1852 1824 2028 1869 utrum
2063 1890 2101 1901 ﬁ
2130 1820 2278 1892 iussa
2327 1826 2645 1885 sequuntur,
2681 1813 2743 1865 ad
2784 1811 2923 1869 solis
2961 1808 3169 1863 scilicet
3207 1819 3446 1867 cursum,
3497 1802 3561 1854 ad
3598 1800 3697 1853 im-

469 1936 520 1979 et
547 1938 777 1992 semper,
810 1929 900 1973 aut
926 1929 1135 1986 tempus
1159 1913 1393 1983 aliquod,
1421 1921 1475 1964 et
1494 1920 1669 1962 utrum
1702 1919 1911 1975 semper
1939 1919 2031 1973 per

2136 1910 2480 1965 mutationem
2510 1906 2689 1975 hunc,
2714 1903 2778 1955 ad
2807 1900 3082 1955 stellarum
3116 1897 3331 1955 choros.
3365 1897 3431 1946 ad
3461 1890 3695 1944 transla-

470 2019 667 2086 ignem,
692 2022 781 2067 aut
808 1984 1094 2079 aliquando
1122 2004 1312 2058 aliter?
1339 2002 1403 2056 El.
1432 2010 1609 2054 utrum
1653 1998 1740 2068 qui
1780 1998 1952 2065 plura,
1982 2004 2035 2049 et
2137 2003 2333 2057 tionem
2368 1999 2621 2053 horarum
2655 1993 2765 2066 (Η.)
2797 2007 2914 2062 (μη-ε
2943 2004 3037 2059 per
3057 2002 3226 2041 annos
3246 1984 3377 2040 efﬁci
3406 1992 3700 2036 consucve.

470 2121 656 2177 parva,
692 2112 747 2157 et
779 2100 868 2170 qui
896 2098 1060 2153 multa
1093 2102 1475 2165 peccaverunt,
1525 2105 1734 2159 semper
1769 2088 2037 2142 habebunt
2137 2103 2280 2159 mm,
2329 2092 2393 2145 ad
2429 2087 2660 2144 οιιῑρῖυιη
2708 2085 2892 2148 maris,
2936 2081 3003 2135 ad
3044 2090 3262 2143 terram,
3301 2076 3364 2130 ad
3396 2088 3606 2136 aerem,
3638 2072 3703 2125 ad

470 2193 720 2266 poenam?
751 2191 817 2245 Et
846 2190 888 2243 si
918 2187 1175 2241 videbunt
1220 2199 1278 2238 se
1328 2183 1579 2235 invicem.
1624 2190 1715 2232 aut
1744 2178 2032 2233 secundum

2142 2184 2391 2255 pluviam,
2418 2191 2471 2236 et
2495 2176 2765 2233 ad'omnia
2793 2189 2909 2243 quae
2935 2178 3255 2240 sequuntur,
3283 2167 3350 2220 ad
3371 2163 3551 2219 ofﬁcia
3576 2171 3704 2215 mta-

472 2284 793 2341 θιιιῖιιθιιῑῖίιε
820 2280 908 2335 alii
942 2280 993 2332 in
1020 2276 1123 2331 ³³ίο
1150 2276 1269 2331 Ῑοεο
1300 2270 1621 2343 Ρυηίθηιυτο
1656 2271 1720 2325 Ei
1742 2280 1918 2324 υιΐυιιι
1946 2268 2035 2339 Qui
2139 2253 2272 2340 tum,
2303 2276 2368 2328 ad
2396 2273 2696 2336 hominum,
2723 2269 2790 2322 ad
2814 2265 3149 2328 animalium,
3180 2261 3246 2315 ad
3273 2260 3449 2313 avium
3477 2253 3705 2310 diversi.

472 2379 775 2449 Piiiiiimii"
820 2372 865 2426 εί
921 2370 1239 2438 δθῖηειίβδοδ
1265 2368 1521 2422 νῖάθυυηι
1554 2363 1699 2436 (i3);
1736 2373 1789 2417 ει
1824 2362 1867 2416 Si
1910 2362 2037 2430 liiSii
2140 2379 2297 2434 tates,
2350 2364 2418 2420 ad
2456 2364 2722 2427 vultuum,
2778 2359 2844 2414 ad
2879 2356 3176 2426 specierum
3219 2351 3479 2414 habitum,
3535 2356 3596 2400 ut
3642 2346 3709 2401 ἀι

474 2448 586 2530 eos,
616 2465 703 2534 qui
746 2465 799 2517 in
831 2460 1007 2532 poenis
1035 2468 1160 2512 sunt
1194 2476 1206 2512 :
1243 2466 1296 2512 et
1330 2460 1373 2510 si
1414 2457 1447 2510 ii
1478 2454 1569 2525 qui
1608 2455 1658 2508 in
1694 2453 1869 2523 poenis
1895 2461 2036 2514 sunt,

2146 2459 2429 2530 unicuique
2488 2455 2817 2512 conveniens
2870 2466 3014 2515 esca,
3082 2448 3444 2503 membrorum
3504 2450 3708 2513 partes.

2274 2551 2283 2553 _
2608 2546 2619 2553 .
2843 2543 2854 2553 .
3400 2533 3703 2553 η-ε..---,μ

474 2563 641 2626 iustos
682 2545 1062 2624 conspiciunt?
1091 2551 1153 2605 Et
1177 2550 1320 2604 mille
1338 2557 1463 2603 sunt
1487 2546 1808 2617 qumstioncs
1832 2545 1896 2599 de
1920 2560 2043 2614 pro-
2141 2551 2380 2605 dentium
2412 2546 2643 2613 numeri,
2694 2543 3015 2613 ungularum
3060 2553 3343 2601 mensum,
3390 2533 3707 2603 capillorum

477 2653 649 2724 posita
690 2648 1104 2706 resurrectione.
1158 2645 1346 2700 Tantis
1380 2644 1542 2714 igitur
1583 2640 1872 2711 propositis
1906 2653 2044 2707 qum-
2142 2643 2336 2708 ollicia,
2368 2639 2687 2710 compositio
2716 2640 3081 2693 membrorum
3128 2652 3141 2688 :
3180 2633 3292 2688 lucc
3321 2631 3500 2685 omnia
3545 2628 3713 2686 silera

476 2746 768 2810 stionibus,
811 2752 863 2797 et
885 2740 1049 2794 tantis
1079 2753 1182 2792 non
1214 2737 1575 2803 credentibus,
1613 2746 1666 2787 et
1696 2733 1858 2786 tantis
1886 2730 2043 2784 duhi-
2148 2736 2220 2790 tio
2248 2735 2485 2788 clamant
2515 2731 2783 2800 opificem,
2814 2740 2869 2785 et
2897 2729 3227 2799 provisorem
3249 2723 3487 2778 omnium
3520 2722 3711 2775 Deum.

478 2837 751 2901 tantibus;
777 2834 1021 2890 oratione
1056 2845 1191 2899 opus
1219 2839 1323 2895 est,
1349 2839 1405 2883 ut
1432 2828 1600 2898 ipsius
1640 2821 2046 2878 resurrectionis
2146 2828 2280 2895 Quia
2316 2826 2480 2896 igitur
2528 2825 2627 2878 ista
2689 2822 2814 2877 caeci
2873 2837 2979 2875 non
3040 2819 3309 2883 viderunt,
3352 2830 3447 2883 per
3496 2830 3560 2868 ea
3597 2829 3715 2882 qua:

1129 2924 1139 2927 _
1319 2920 1329 2927 .
1357 2922 1367 2927 -
1548 2918 1578 2927 .-
1681 2925 1688 2927 Α
2032 2926 2035 2927 ,
2182 2919 2192 2927 .
2220 2918 2230 2927 ι
2428 2915 2438 2927 ι
2521 2915 2532 2925 ο
2573 2913 2602 2927 ιι
2626 2913 2658 2927 οι
2857 2923 2866 2927 -
2916 2912 2947 2927 ι.
3096 2918 3166 2927 --ι
3210 2909 3263 2927 J-
3298 2905 3562 2927 ,-ΙΛ-2ι...-
3608 2902 3692 2927 ζ..-

479 2929 762 2992 Dominus,
806 2934 862 2981 et
917 2924 1210 2992 impensius
1240 2920 1456 2989 quidem
1494 2918 1697 2971 tribuat
1745 2926 2041 2968 sermOnem

2153 2918 2398 2973 videntur
2428 2913 2748 2969 invisibilem
2777 2930 2791 2966 :
2825 2912 3045 2966 stultum
3088 2918 3172 2962 est
3204 2909 3267 2960 de
3292 2905 3565 2960 coloribus
3604 2902 3715 2970 jur-

481 3019 700 3083 dicenti,
729 3016 1055 3071 intellectum
1081 3024 1257 3068 autem
1292 3009 1655 3065 audientibus.
1690 3005 1963 3074 Siquidem
1994 3013 2049 3057 et
2147 3008 2262 3080 gari
2295 3009 2359 3062 ad
2395 3022 2567 3062 caecos
2618 3020 2633 3059 :
2675 3006 2802 3075 quid
2830 3002 2974 3058 enim
3004 2998 3272 3054 efficacius
3300 3006 3382 3051 est
3408 2996 3499 3050 Dei
3535 2995 3718 3065 provi.

481 3113 549 3166 iis
571 3125 687 3180 qua:
720 3110 860 3163 dicta
888 3119 1012 3161 sunt
1044 3106 1186 3160 aliud
1211 3119 1374 3157 unum
1415 3110 1498 3155 est
1527 3113 1815 3154 commune
1837 3096 2047 3158 vitium,
2149 3101 2366 3156 demi“?
2392 3100 2518 3170 quid
2567 3108 2744 3153 autem
2776 3097 2938 3151 breve
2967 3094 3105 3164 quod
3138 3101 3355 3161 putatur
3403 3104 3507 3143 non
3560 3088 3613 3141 in
3664 3100 3719 3139 se

482 3205 623 3273 quod
658 3203 904 3272 jlll'gilllll'
927 3202 1186 3253 adversus
1222 3193 1695 3249 resurrectionem.
1730 3188 1879 3242 Μυιιὶ
1906 3188 2048 3241 enim
2079 3235 2120 3286 ϐ
2152 3192 2416 3261 αξιμιειιεῃι
2462 3204 2491 3243 a
2538 3187 2828 3255 majoribus
2872 3185 3172 3239 invenielur
3198 3183 3395 3237 habere
3427 3179 3717 3249 provide"-

484 3305 610 3348 sunt
637 3295 726 3362 qui
755 3268 1013 3361 peccant,
1050 3288 1203 3359 pauci
1250 3298 1430 3339 autem
1477 3285 1569 3354 qui
1620 3298 1679 3338 se
1722 3278 2046 3336 custodiunt.

2157 3284 2321 3337 tiam?
2345 3282 2455 3338 Cur
2479 3282 2621 3336 enim
2654 3279 2997 3334 formicarum
3025 3276 3265 3331 salvatur
3293 3287 3459 3342 genus
3486 3271 3539 3324 in
3563 3269 3717 3323 simi-

483 3382 563 3439 llli
590 3384 751 3453 igitur
782 3382 872 3452 qui
911 3382 1247 3448 delinquunt,
1294 3377 1483 3430 nolunt
1535 3386 1652 3429 esse
1699 3370 2053 3427 resurrectio-
2155 3374 2535 3427 litudinelcur
2562 3371 2740 3440 apium
2769 3381 2822 3424 et
2846 3368 3180 3435 operationes
3205 3364 3257 3418 in
3282 3374 3570 3417 commune
3600 3359 3717 3411 rel-

486 3494 630 3539 neut,
663 3485 719 3527 ut
751 3490 857 3557 non
888 3474 1165 3527 incurrant
1190 3470 1242 3523 in
1275 3484 1492 3537 pmnas;
1530 3468 1622 3521 sed
1644 3481 1791 3520 suam
1820 3462 2048 3517 volunta-

2156 3466 2377 3529 duntur,
2400 3473 2459 3522 et.
2479 3463 2657 3517 habita
2680 3460 2914 3515 minimis
2938 3460 2989 3513 in
3014 3456 3309 3513 substantia
3328 3455 3351 3508 Υ
3370 3468 3486 3522 quae
3503 3452 3718 3522 quidem

489 3578 594 3620 tem
651 3547 868 3619 decreto
902 3562 1317 3617 resurrectionis
1367 3569 1668 3629 apponunt,
1705 3566 1760 3610 et
1800 3556 2057 3609 resistunt
2157 3567 2211 3610 et
2240 3557 2291 3609 in
2320 3554 2521 3619 volatu,
2555 3564 2609 3608 et
2649 3566 2927 3623 processu,
2963 3559 3015 3604 et
3043 3562 3313 3616 regressu,
3369 3555 3422 3598 et
3465 3543 3515 3596 in
3560 3554 3722 3609 opere

488 3659 619 3713 Deo.
666 3658 803 3723 Quia
847 3656 989 3709 enim
1038 3653 1221 3707 volunt
1270 3669 1299 3704 a
1347 3650 1561 3720 negotio
1617 3647 1830 3701 liberari
1890 3643 2050 3698 semel

2160 3646 2506 3703 consentiunt
2531 3646 2656 3700 sibi.
2687 3644 2818 3710 Quis
2855 3643 2981 3696 fecit
3021 3640 3155 3694 mel?
3184 3638 3367 3706 utique
3407 3634 3493 3703 qui
3518 3632 3722 3687 Consti-

497 3749 810 3811 morientes,
866 3746 1052 3800 lloltllll
1107 3745 1159 3798 ill
1196 3754 1364 3799 totum
1408 3757 1530 3797 esse
1584 3739 2057 3800 resurrectionem,
2160 3742 2262 3794 mil,
2294 3739 2638 3803 medicinam,
2686 3751 2806 3807 qua;
2850 3749 2913 3789 eo
2947 3733 3011 3786 ad
3042 3729 3302 3785 medelam
3337 3729 3504 3787 utitur
3555 3723 3724 3778 hornis

493 3851 554 3895 ut
586 3857 688 3894 non
731 3840 964 3892 habeant
996 3851 1235 3896 causam,
1276 3849 1448 3903 neque
1487 3833 1742 3886 rationem
1774 3828 1896 3883 vitae
1924 3844 2055 3897 prae-

2161 3848 2311 3887 num.
2344 3830 2483 3897 Quid
2514 3830 2656 3884 enim
2683 3844 2787 3883 non
2818 3827 3037 3897 plenum
3068 3832 3148 3877 est
3184 3816 3553 3890 providentia?
3597 3814 3723 3886 quid

492 3943 641 3989 δωιιι
674 3941 793 4001 post
824 3927 1239 3997 mortemjudici
1284 3925 1409 3980 Deo.
1443 3925 1581 3994 Ergo
1606 3923 1854 3991 jurgatur
1888 3931 1940 3974 et
1965 3920 2060 3973 bo—
2163 3939 2266 3978 non
2306 3923 2503 3976 clamat
2538 3920 2868 3987 provisorem
2901 3914 3101 3969 Deum?
3138 3912 3323 3967 Nonne
3374 3910 3573 3974 herba,
3606 3920 3727 3976 qum

492 4039 614 4080 rum
668 4021 917 4075 voluntas
968 4019 1185 4073 decreto
1232 4015 1688 4071 resurrectionis:
1728 4013 1851 4081 quia
1900 4011 2063 4079 igitur
2164 4015 2449 4069 utilitatem
2486 4012 2725 4082 prwbent
2775 4006 3030 4061 medelis?
3077 4020 3251 4060 nonne
3282 4002 3453 4073 pisces
3508 4014 3541 4055 e
3588 3999 3726 4053 mari

494 4126 644 4169 tanta
679 4123 735 4169 et
769 4112 893 4167 talia
927 4120 1054 4165 sunt
1102 4124 1221 4178 qua:
1266 4116 1599 4177 quaeruntur,
1652 4106 1897 4159 oratione
1929 4118 2063 4172 opus
2163 4106 2429 4176 producti,
2462 4102 2677 4171 quidam
2718 4099 2933 4168 quidem
2968 4098 3034 4152 ad
3062 4110 3234 4159 escas,
3285 4094 3496 4162 quidam
3546 4100 3727 4144 autem

493 4216 598 4270 est,
631 4213 689 4258 ut
718 4204 889 4259 victor
922 4211 1137 4271 superet
1167 4201 1465 4254 universos.
1490 4195 1604 4252 Non
1634 4198 1941 4267 ignoramus
1969 4212 2062 4248 au-
2163 4198 2227 4252 ad
2256 4194 2451 4250 curas?
2473 4192 2661 4249 Nonne
2684 4190 2887 4258 lapides
2926 4189 3100 4251 incisi,
3130 4198 3186 4242 ut
3215 4186 3303 4239 alii
3331 4184 3546 4253 quidem
3574 4180 3731 4235 utiles

499 4311 606 4353 tetn
647 4308 695 4351 et
721 4297 871 4362 illud,
902 4297 1027 4366 quia
1051 4295 1201 4351 multi
1235 4302 1553 4363 putaverunt
1590 4290 1754 4343 Deum
1786 4288 1921 4342 nihil
1949 4301 2063 4339 am-
2164 4289 2270 4343 sint
2298 4288 2362 4341 ad
2390 4284 2617 4340 aedificia
2655 4292 2709 4337 et
2743 4290 2879 4336 tecta
2912 4291 2968 4336 et
2996 4287 3360 4349 Operamenta,
3404 4274 3495 4328 alii
3539 4287 3729 4326 ncces-

499 4391 641 4459 plius
669 4400 827 4457 posse
854 4402 1012 4454 quam
1046 4400 1164 4441 nos.
1200 4382 1391 4438 Incerti
1432 4389 1556 4435 sunt
1590 4379 1730 4433 enim
1761 4386 1815 4430 et
1848 4385 2063 4431 movent
2166 4382 2293 4436 sarii
2352 4379 2418 4433 ad
2463 4390 2745 4446 corporum
2773 4375 3054 4436 sanitates,
3100 4371 3221 4441 quia
3250 4377 3305 4424 et
3342 4364 3730 4451 infirmantur?

500 4432 641 4459 ,μη-.-
670 4432 826 4457 rw"
857 4432 1012 4454 ηπ-.-
1047 4432 1164 4441 μ--.
1436 4432 1477 4435 ν
2166 4432 2221 4436 -τ
2264 4432 2292 4434 η
2356 4432 2365 4433 κ
2560 4432 2571 4446 .
3041 4432 3050 4436 -
3118 4432 3132 4441 .

497 4490 553 4535 et
578 4478 851 4532 adducunt
883 4478 934 4529 iu
965 4476 1140 4529 medio
1174 4472 1472 4528 istiusmodi
1503 4470 1874 4538 qumstionem.
1919 4467 2063 4521 Mor-
2167 4474 2352 4528 Nonne
2389 4487 2525 4527 esca;
2554 4470 2673 4524 alia;
2699 4469 2818 4523 aliis
2843 4468 3207 4528 succedentes,
3236 4473 3289 4518 et
3321 4432 3435 4515 alia.)
3466 4476 3589 4516 cum
3618 4461 3731 4513 aliis

502 4580 625 4623 tuus
647 4579 752 4633 est,
788 4568 980 4636 inquit,
1026 4567 1114 4633 qui
1152 4575 1394 4619 mortuus
1422 4571 1541 4627 est;
1576 4570 1629 4612 et
1663 4560 1808 4613 illam
1849 4559 2062 4629 quidem

2171 4567 2527 4634 insequentes,
2557 4563 2843 4617 ostendunt
2872 4568 3282 4631 praeparatorem
3320 4553 3522 4609 Deum?
3548 4552 3733 4608 Nonne

500 4675 708 4734 partem
762 4663 879 4732 ejus
922 4659 1098 4729 aquila
1139 4655 1483 4712 manducavit
1530 4662 1623 4706 aut
1661 4651 1857 4706 vultur.
1905 4648 2062 4704 Forte

2168 4658 2459 4713 secundum
2485 4653 2902 4724 uniuscujusque.
2923 4653 3163 4707 habitum
3182 4649 3424 4705 animalis
3446 4662 3730 4709 mensurae,

500 4767 680 4811 autem
711 4770 811 4808 non
836 4752 1113 4821 patiuntur
1140 4744 1661 4818 aquilzeistiusmodi
1688 4741 2064 4798 humilitatem.
2171 4750 2585 4818 magnitudines,
2640 4748 3004 4818 compagines,
3046 4744 3283 4797 membra
3331 4750 3455 4795 sum
3486 4739 3634 4801 dua,
3686 4753 3735 4791 ει

499 4847 697 4910 Aliam,
731 4847 925 4915 inquit,
959 4844 1165 4912 accepit
1192 4841 1361 4902 canis,
1384 4849 1438 4893 et
1463 4851 1653 4893 canem
1684 4845 1739 4889 ut
1762 4844 1888 4905 puta
1922 4848 2061 4886 saeva

2172 4841 2591 4910 unumquodque
2645 4839 2711 4893 ad
2767 4849 2918 4893 suam
2968 4836 3339 4891 necessitatem
3388 4839 3437 4884 et
3480 4830 3732 4883 virtutem

499 4939 678 4993 bellua
737 4938 1084 4991 manducavit
1131 4951 1143 4987 :
1195 4944 1286 4986 aut
1325 4932 1465 4985 aliud
1512 4928 1725 4998 aliquod
1756 4925 1975 4990 animal,
2014 4934 2067 4979 et
2173 4933 2413 5001 accepi”
2448 4932 2611 5002 Equis
2637 4932 2781 4984 enim
2808 4928 3062 4983 νοιοείιεε
3086 4926 3208 4979 dam
3228 4933 3332 4987 εει,
3358 4931 3416 4974 ιιι
3445 4921 3735 4990 ξηεερῃεη-

470 5032 642 5107 νὶειυι]
672 5030 870 5084 animal
896 5026 1254 5088 interfectum,
1287 5024 1623 5079 combustum
1658 5029 1761 5083 est,
1796 5028 1887 5071 aut
1919 5025 2066 5072 certe
2176 5032 2263 5077 tur
2296 5034 2350 5078 et
2376 5022 2617 5093 fugiant;
2646 5020 2765 5074 aliis
2793 5018 3113 5073 animalibus
3139 5013 3417 5077 fortitudo,
3450 5020 3508 5063 ut
3536 5010 3733 5063 sensim

500 5125 802 5195 obputruit,
840 5132 932 5176 aut
955 5122 1125 5191 ipsum
1151 5120 1217 5173 ab
1252 5118 1355 5170 alio
1382 5116 1612 5185 quodam
1639 5120 1936 5166 comestum
1963 5118 2063 5169 est,
2175 5126 2454 5184 ροι-ιπριη
2488 5114 2721 5183 pondera
2768 5114 2869 5168 sibi
2901 5110 3170 5178 imposita,
3212 5106 3276 5161 ιιι
3316 5113 3627 5159 mensuram
3659 5110 3735 5153 et;

503 5214 619 5268 tieri
665 5215 807 5267 enim
860 5211 961 5266 hoc
1005 5218 1204 5279 ροιθεις
1254 5215 1420 5266 ῑὶὶΙΙῐίὶ,
1478 5203 1674 5270 ἱιιψιίι,
1718 5197 2063 5254 ειιςεεεδίοιιε
2177 5205 2465 5274 unicuique
2499 5206 2689 5269 vinus,
2735 5202 2994 5274 polentia,
3040 5197 3373 5268 magnitudo,
3412 5192 3734 5249 conveniens

503 5306 666 5366 facta,
694 5316 749 5359 et
775 5318 902 5358 casu
939 5317 1125 5357 eorum
1155 5299 1244 5368 qui
1279 5296 1472 5349 mortui
1518 5305 1643 5347 sunt
1677 5293 1745 5345 ab
1776 5288 1881 5343 alio
1909 5289 1961 5342 in
1991 5289 2067 5342 al-
2178 5312 2322 5362 esca,
2351 5306 2405 5351 ει
2429 5297 2557 5366 ipsis
2585 5296 2907 5350 animalibus
2939 5292 3155 5363 propria
3184 5287 3347 5353 salus,
3373 5300 3491 5353 qua:
3521 5295 3731 5353 gustan-

504 5408 701 5456 terum,
732 5396 1020 5463 quomodo,
1054 5394 1245 5459 inquit,
1297 5397 1471 5458 potest
1517 5385 1656 5437 Deus
1703 5383 1941 5436 invenire
1973 5383 2066 5435 ini-

2181 5387 2454 5448 deberent,
2492 5396 2546 5439 et
2584 5401 2611 5439 a
2649 5384 2843 5454 quibus
2885 5397 2942 5436 se
2969 5381 3278 5435 abstinere:
3314 5374 3517 5430 homini
3559 5382 3728 5426 autem

506 5489 674 5545 tium?
700 5500 950 5557 tauquam
980 5487 1043 5541 de
1068 5483 1229 5555 lig'ulo
1260 5482 1464 5548 aliquo,
1498 5486 1585 5532 aut
1621 5477 1686 5530 de
1716 5474 1945 5544 quodam
1982 5489 2070 5525 δι’·
2182 5488 2233 5531 ct
2266 5479 2332 5531 ab
2369 5480 2486 5532 aliis
2517 5477 2842 5531 animalibus
2879 5472 3339 5529 irrationabilibus
3374 5482 3502 5523 usus
3530 5476 3614 5519 est
3638 5465 3732 5517 da-

543 5696 553 5706 .
580 5624 689 5693 (12)
727 5622 1093 5706 Iniercipinnt.
1129 5611 1565 5706 luft'acol.‘10'r'5
1689 5609 1748 5706 ξε
1766 5610 2069 5706 finefine-I-

2177 5612 2361 5706 AAI(15).
2388 5611 2484 5665 Ms.
2518 5610 2583 5664 Et
2614 5611 2798 5663 iterum
2821 5610 2908 5679 qui
2938 5608 3242 5677 puniuntur,
3271 5606 3317 5658 si
3343 5594 3732 5672 senutipsood-

508 5680 685 5751 τίηίηέ
700 5680 1089 5745 resurrectionis
1112 5704 1246 5753 spem
1274 5705 1291 5741 :
1315 5699 1367 5741 et
1402 5700 1547 5754 supr.
1580 5682 1669 5735 lib.
1702 5696 1739 5739 ι,
1765 5680 1919 5754 paulo
1952 5687 2070 5743 post
2173 5680 2383 5734 denum,

511 5749 719 5820 iltlltttlll
788 5777 801 5815 :
879 5762 1047 5813 Filius
1099 5749 1314 5812 Verbum
1384 5749 1552 5809 dicina
1642 5768 1743 5804 mm
1810 5750 2066 5815 intercipit
2244 5753 2671 5822 (“)Horarum,
2715 5749 3334 5821 Ὠρων,ιειηρθςίειιυιιι,

508 5836 699 5891 L‘cum.
