3956 6582
290 477 429 542 1078

1381 477 1470 531 DE
1507 476 2104 535 RESUBBECTIONE.
2135 509 2199 522 -ο
2239 479 2364 532 ιω.
2401 480 2442 533 Ιε.

3362 474 3504 560 ωτι·

286 599 388 653 lus.
415 603 472 646 et
499 607 528 645 a
558 589 750 661 plantis
772 598 826 644 et
847 591 913 646 ab
939 589 1253 654 arboribus,
1275 605 1303 644 a
1334 588 1613 659 lapidibus,
1643 605 1672 644 a
1701 589 1834 648 mari
1865 593 1912 650 Α
1942 601 2043 641 non
2066 587 2337 657 pertinet?
2375 588 2818 657 quemadmodum
2861 594 3038 642 autem
3073 586 3327 658 pertinet,
3351 587 3394 641 si
3424 587 3497 641 εἰ·

283 693 335 744 ιι
371 699 402 737 a
432 671 579 736 terra
611 701 625 737 :
661 681 890 749 undique
932 680 1074 734 enim
1118 680 1442 736 constitutus
1476 689 1560 734 est
1593 679 1754 734 veluti
1787 678 1840 731 iu

282 789 393 830 uno
419 788 643 843 corpore
667 773 894 828 mundus
923 772 1240 838 coniunctus
1271 771 1392 827 sibi.
1427 771 1494 825 Et
1513 770 1843 841 unumquod-

286 879 387 936 que
420 867 632 933 quidem
661 872 796 932 quod
827 862 1023 918 factum
1056 873 1156 928 est,
1195 864 1464 932 propriam
1498 863 1657 916 habet
1683 870 1840 915 uatu-

283 972 398 1014 ram
434 967 489 1011 et
533 957 795 1021 salutem;
829 955 1054 1022 plurima
1089 964 1266 1008 autem
1306 969 1529 1024 quaeque
1563 952 1614 1007 iu
1646 967 1704 1006 se
1751 965 1845 1005 ne-

280 1049 517 1105 cessaria
548 1049 799 1102 continet.
833 1048 1067 1116 Denique
1097 1052 1177 1100 sol
1209 1049 1411 1115 positus
1438 1047 1652 1115 quidem
1685 1055 1766 1099 est
1788 1045 1841 1099 iu

282 1154 382 1196 suo
408 1138 544 1200 loco,
584 1138 739 1192 habet
774 1147 948 1190 autem
996 1137 1264 1204 propriam
1312 1136 1751 1201 tnagnitndinem,
1790 1145 1846 1189 et

283 1231 522 1303 possidet
556 1241 829 1296 acceptum
861 1245 1012 1282 suum
1061 1227 1339 1298 fulgorem,
1373 1238 1433 1282 et
1478 1227 1741 1282 illuminat
1779 1242 1848 1281 ea

285 1335 403 1390 qua
452 1323 503 1375 in
539 1329 676 1373 terra
720 1320 999 1382 habentur,
1031 1317 1168 1372 fovet
1201 1327 1256 1372 et
1284 1317 1548 1373 calefacit.
1598 1318 1663 1371 Et
1707 1333 1845 1372 nunc

285 1413 501 1481 quidem
527 1411 731 1482 longius
768 1412 1086 1475 abscedens,
1113 1411 1257 1465 cedit
1279 1411 1599 1466 confectioui
1632 1413 1844 1476 hiemis,

284 1510 343 1554 ut
369 1510 628 1554 statutum
659 1509 774 1564 est;
816 1514 954 1552 nunc
1007 1510 1185 1553 autem
1231 1500 1420 1553 iterum
1456 1510 1758 1564 revocatus,
1793 1512 1846 1555 et

283 1591 351 1646 ad
373 1605 646 1644 mensuras
673 1591 952 1651 accedens.
981 1605 1091 1643 non
1115 1591 1290 1643 subito
1319 1599 1507 1655 nocet;
1554 1591 1848 1646 exussisset

285 1680 430 1734 enim
470 1680 670 1744 oninia,
721 1681 766 1734 si
797 1681 972 1734 subito
1000 1680 1064 1732 ad
1103 1695 1163 1734 ea
1207 1681 1377 1748 spatia
1421 1695 1538 1750 qua:
1575 1681 1848 1733 dimiserat

287 1771 640 1836 recurrisset;
677 1785 846 1840 neque
868 1772 1056 1823 iterum
1081 1786 1182 1824 non
1209 1771 1514 1825 illuminans
1539 1771 1845 1831 intermisit.

285 1873 348 1917 ut
386 1863 591 1918 fruetus
626 1879 727 1916 non
761 1873 1148 1932 coquerentur;
1172 1877 1344 1930 neque
1367 1863 1617 1914 advenire
1655 1862 1722 1914 ad
1752 1862 1852 1914 itu-

1943 677 2142 732 militer
2170 677 2611 746 moriturjustus,
2634 689 2687 733 et
2709 677 2945 748 impius?’
2961 679 3011 734 ls
3040 679 3180 732 enim
3207 679 3298 746 qui
3327 676 3500 732 aliena

1943 769 2102 838 rapit,
2132 768 2323 823 frunitus
2346 780 2429 823 est
2461 785 2578 839 qua:
2608 770 2825 840 diripuit
2858 768 2968 840 (l5)
3002 786 3017 824 :
3046 769 3134 838 qui
3177 779 3353 824 autem
3406 784 3504 825 sua

1944 860 2144 922 amisit,
2178 859 2545 929 abiitgemens
2577 875 2678 914 non
2705 861 2907 916 habens
2944 861 3136 929 spem?
3166 862 3269 917 Sed
3295 878 3397 916 non
3421 872 3501 917 est

1944 951 2205 1022 iniquitas
2230 955 2368 1021 apud
2399 953 2584 1007 Deum.
2616 951 2671 1006 Si
2707 952 2848 1006 enim
2874 970 2975 1007 non
3011 964 3092 1008 est
3118 970 3240 1024 spes
3262 969 3503 1009 resurre-

1944 1043 2154 1105 ctionis.
2193 1051 2247 1096 et
2276 1041 2522 1097 solatium
2550 1042 2654 1096 illis
2682 1043 2769 1111 qui
2799 1043 2920 1098 istic
2955 1055 3237 1106 uocentur,
3269 1053 3324 1098 et
3365 1059 3491 1099 mer-

1945 1149 2035 1189 ces
2065 1134 2148 1188 his
2181 1135 2269 1205 qui
2295 1149 2389 1188 sua
2427 1134 2550 1188 istic
2576 1143 2855 1204 spargunt,
2907 1149 3093 1205 magna
3139 1135 3396 1203 iniquitas
3425 1141 3504 1188 est

1925 1225 2082 1294 'apud
2105 1225 2328 1294 justum.
2374 1223 2430 1279 Si
2457 1227 2598 1280 enim
2627 1240 2773 1295 aequa
2803 1227 3097 1282 redduntur
3131 1229 3396 1290 omnibus,
3422 1228 3502 1296 je-

1914 1315 2147 1385 ,junanti
2182 1325 2235 1370 et
2267 1318 2500 1380 ebrioso,
2547 1316 2830 1372 libidinoso
2868 1328 2922 1373 et
2945 1320 3158 1388 pudico,
3195 1320 3422 1389 rapienti
3453 1329 3505 1372 et

1947 1407 2188 1471 donanti,
2231 1408 2495 1464 occidenti
2542 1419 2597 1463 et
2651 1409 2699 1464 ei
2741 1410 2829 1478 qui
2878 1410 3162 1470 occiditur.
3217 1420 3270 1464 et
3320 1411 3367 1464 ei
3414 1409 3505 1479 qui

1947 1497 2262 1565 martyrium
2292 1495 2432 1550 tollit
2453 1496 2586 1566 (16).
2622 1497 2709 1552 ubi
2740 1499 2908 1553 virtus
2942 1508 3024 1553 est
3050 1500 3431 1569 providentiae?
3455 1501 3505 1554 In

1948 1587 2230 1656 praecipuis
2257 1587 2398 1641 enim
2439 1587 2484 1641 si
2517 1588 2766 1654 defuerit,
2796 1605 2901 1643 non
2938 1592 3043 1644 erit
3071 1591 3216 1645 utilis
3249 1605 3420 1659 neque
3454 1591 3506 1644 in

1951 1678 2205 1734 minimis.
2240 1677 2343 1732 Sed
2379 1694 2483 1733 non
2525 1680 2594 1733 sit
2643 1679 2980 1750 sacrilegium
3031 1680 3170 1735 istud
3228 1681 3508 1735 admittere

1947 1783 2265 1839 quemquam
2296 1786 2312 1826 :
2349 1770 2460 1824 sive
2499 1769 2642 1824 enim
2683 1771 2908 1842 gentiles
2954 1780 3078 1825 sunt
3123 1770 3215 1840 qui
3255 1771 3521 1825 adversus-

1950 1861 2402 1915 resurrectioucm
2442 1870 2636 1927 augent
2669 1863 2822 1915 nobis
2866 1859 3158 1926 rationem,
3199 1861 3287 1930 qui
3325 1860 3523 1914 volunt:

286 1960 468 2021 petqu
501 1951 675 2004 subito
709 1930 910 2005 currit:
945 1959 1282 2004 at-mensurae
1307 1960 1361 2004 et
1384 1950 1651 2004 recedenti
1679 1962 1734 2003 et
1765 1963 1837 2004 re-
1880 1930 1924 1984 B
1951 1951 2160 2006 ratione
2216 1966 2276 2005 se
2310 1964 2468 2021 agere
2507 1963 2723 2012 cuneta,
2771 1951 2862 2020 qui
2896 1959 3022 2005 sunt
3067 1951 3458 2005 irrationabiles
3491 1967 3522 2003 εν

286 2042 524 2094 currenti
557 2050 679 2095 sunt
705 2043 858 2094 datae.
887 2040 1001 2094 Non
1033 2040 1429 2112 coniunguntur
1455 2043 1570 2096 dies
1600 2041 1845 2096 noctibus

284 2131 552 2189 habentes
589 2128 785 2194 solem;
833 2147 876 2184 st
907 2130 1044 2185 enim
1072 2131 1186 2185 lucc
1228 2131 1298 2184 ita
1339 2141 1539 2195 essent,
1588 2132 1851 2185 arsissent

285 2224 492 2281 Omnia.
526 2223 630 2278 Sed
664 2223 744 2278 sol
775 2223 985 2292 quidem
1023 2237 1118 2291 per
1145 2222 1281 2276 diem
1330 2221 1493 2288 fovet,
1527 2235 1629 2276 ros.
1669 2232 1847 2276 autem

286 2327 609 2370 nocturnum
639 2314 946 2379 consolatur
967 2315 1233 2368 ardorem.
1263 2313 1326 2366 Et
1354 2328 1603 2369 mensura
1645 2329 1674 2367 a
1706 2323 1848 2367 terra

285 2408 368 2461 sol
400 2408 585 2470 distat,
608 2415 665 2460 ut
693 2421 862 2474 neque
884 2406 1244 2475 propinquans
1275 2413 1511 2466 noceret,
1544 2420 1714 2474 neque
1742 2405 1851 2456 lon-

286 2497 408 2565 gius
431 2495 642 2550 distans
666 2495 852 2564 frigori
877 2495 1108 2549 cederet.
1141 2494 1402 2548 Mensura:
1432 2494 1590 2564 igitur
1618 2495 1700 2548 his
1732 2510 1852 2564 qua:

287 2589 343 2641 in
369 2589 506 2642 caelo
540 2598 664 2643 sunt
689 2589 754 2641 ad
783 2604 843 2642 ea
869 2603 990 2656 qua:
1023 2587 1075 2639 in
1105 2597 1243 2640 terra
1282 2586 1583 2651 habentur;
1617 2600 1715 2638 nec
1744 2601 1849 2638 non

285 2690 342 2734 et
367 2696 484 2748 qua:
537 2681 590 2734 in
643 2679 774 2733 tnari
822 2680 891 2732 ad
932 2687 1158 2741 terram,
1195 2685 1249 2731 et
1281 2677 1383 2731 diei
1417 2677 1482 2730 ad
1513 2686 1759 2740 noctem,
1797 2686 1853 2732 et

287 2773 450 2826 hiemi
489 2772 554 2825 ad
597 2781 860 2826 aestatem.
919 2771 982 2824 Et
1035 2785 1138 2824 non
1181 2779 1324 2823 tanta
1368 2769 1546 2837 eloqui
1608 2778 1851 2839 possunt,

285 2873 483 2931 quanta
532 2865 777 2917 universa
825 2872 1011 2917 natura
1052 2863 1364 2931 proelamat.
1426 2861 1554 2917 Coeli
1605 2873 1853 2916 enarrant

1949 2043 2392 2111 quemadmodum
2438 2041 2544 2095 Deo
2573 2042 2780 2106 iustitia
2819 2043 3163 2098 salvabitur?
3203 2043 3322 2097 istic
3365 2044 3507 2098 enim

1949 2134 2192 2188 videmus
2222 2149 2598 2202 nonnunquam
2630 2150 2880 2203 perverse
2905 2135 3114 2202 negotia
3147 2134 3279 2204 geri,
3306 2143 3363 2188 ut
3391 2135 3524 2189 illos-

1949 2225 2167 2295 quidem
2199 2227 2288 2296 qui
2314 2235 2533 2280 cantant
2557 2237 2801 2294 putemus
2828 2227 2960 2280 bene
2985 2225 3182 2280 habere
3207 2226 3256 2280 in
3281 2226 3478 2280 mundo
3495 2245 3522 2280 :-

1950 2317 2083 2372 alios
2112 2328 2312 2382 autem,
2341 2318 2429 2386 qui
2463 2316 2722 2385 diripiunt
2751 2327 2807 2370 et
2837 2317 3096 2380 ditantur,
3136 2315 3302 2370 laetari
3339 2324 3393 2370 et
3422 2332 3513 2371 sa-

1951 2425 2049 2464 nos
2080 2423 2202 2463 esse
2221 2423 2466 2477 corpore,
2507 2409 2644 2463 forte
2674 2408 2843 2480 magis
2881 2409 3093 2480 iniquos
3118 2424 3278 2478 quam
3314 2408 3516 2476 justos,

1949 2511 2005 2554 et
2058 2515 2434 2570 nonnunquam
2484 2500 2674 2556 melius
2729 2516 2925 2570 corpus
2983 2501 3217 2565 habere,
3272 2510 3326 2555 et
3380 2500 3518 2554 filios

1951 2592 2316 2662 quantplures,
2343 2600 2396 2646 et
2418 2593 2516 2645 hos
2544 2591 2858 2656 incolumes,
2880 2603 2934 2647 et
2967 2592 3217 2647 mulieres
3244 2608 3364 2646 cum
3391 2592 3520 2645 viris

1951 2683 2124 2738 laetam
2163 2684 2357 2752 degere
2401 2682 2589 2744 vitam,
2619 2691 2672 2737 et
2696 2697 2971 2736 servorum
3016 2683 3408 2736 multitudinem
3441 2683 3520 2737 eis

1952 2789 2094 2838 esse,
2129 2782 2184 2828 et
2214 2787 2373 2842 opum
2424 2781 2480 2827 et
2517 2773 2936 2843 possessionum,
2989 2783 3044 2828 et
3095 2773 3310 2829 condita
3350 2773 3519 2828 multa

1952 2865 2252 2920 substantia
2285 2865 2454 2933 larga,
2492 2881 2650 2936 quam
2694 2874 2747 2920 et
2796 2866 3166 2920 transmittunt
3225 2867 3289 2920 ad
3336 2865 3513 2920 filios:

283 2955 508 3026 gloriam
552 2954 668 3020 Dei,
716 2972 872 3021 onera
910 2967 1082 3010 autem
1116 2972 1363 3010 manuum
1407 2954 1522 3024 ejus
1573 2957 1850 3009 annuntiat
1945 2953 2074 3023 jnin
2105 2964 2284 3008 autem
2315 2967 2555 3026 gemunt,
2577 2965 2769 3011 etcum
2797 2970 3028 3010 mcerore
3064 2957 3259 3026 degunt
3288 2957 3339 3010 in
3368 2972 3526 3009 mun-

285 3050 674 3116 ﬁrmamentunt
709 3049 774 3112 ",
803 3050 932 3102 dicit
955 3047 1238 3117 Propheta.
1274 3047 1328 3100 lu
1363 3046 1468 3100 alio
1500 3056 1678 3100 autem
1710 3046 1856 3116 psal-

289 3153 382 3193 tuo
411 3156 439 3192 a
469 3155 678 3192 sursum
721 3155 889 3207 usque
923 3140 1170 3194 deorsum
1209 3139 1384 3192 omnis
1412 3147 1660 3191 creatura
1689 3138 1850 3190 dinu-

293 3243 555 3285 meratur.
601 3232 667 3286 Et
697 3244 842 3286 certe
887 3241 940 3286 et
974 3234 1082 3300 ipse
1113 3232 1204 3301 qui
1240 3229 1399 3293 dicit,
1447 3228 1577 3284 (Tali
1601 3239 1853 3284 enat-rant

1953 3047 2058 3102 do:
2081 3056 2134 3100 et
2167 3047 2254 3102 ubi
2283 3059 2364 3102 est
2398 3041 2602 3118 iustitia
2627 3063 2747 3119 qua:
2778 3065 2805 3101 ει
2835 3049 2944 3104 Deo
2981 3048 3200 3104 est?.Et
3227 3049 3272 3103 si
3304 3048 3544 3118 quidem.-

1952 3137 2017 3190 ad
2056 3135 2264 3191 ludmos
2298 3139 2369 3192 sit
2394 3153 2572 3194 sermo
2594 3178 2611 3204 ,
2651 3139 2779 3210 quid
2807 3139 3005 3208 profuit
3033 3141 3280 3206 Abrahae,
3308 3149 3521 3210 ut-pro-

1955 3229 2264 3284 missionem
2287 3231 2506 3299 quidem
2526 3232 2817 3301 acciperet,
2848 3231 2912 3285 ad
2937 3232 3320 3301 promissiones
3342 3242 3522 3286 autem
3544 3262 3553 3278 -ι

287 3324 516 3395 gloriam
555 3324 668 3384 Dei,
705 3342 807 3378 non
849 3323 1172 3390 loquentiam
1214 3323 1436 3376 audivit.
1471 3322 1559 3375 Ait
1581 3322 1722 3376 enim
1753 3338 1854 3375 non
1879 3301 1924 3359 θ
1956 3337 2061 3376 non
2092 3324 2393 3392 perveniret
2425 3339 2440 3376 :
2475 3324 2675 3394 quique
2707 3333 2913 3394 patrem
2956 3323 3172 3394 quidem
3213 3323 3524 3376 amantissi-

288 3427 401 3465 βεδε
432 3411 678 3478 loquelas,
727 3429 888 3480 neque
934 3427 1193 3465 sermones
1213 3412 1258 3442 “
1292 3427 1306 3464 :
1343 3411 1632 3465 tacentium
1679 3421 1856 3464 autem

289 3517 479 3557 eorum
505 3505 556 3555 in
588 3519 799 3558 omnem
825 3504 1076 3558 mundum
1101 3505 1297 3559 exiisse
1325 3519 1514 3560 sonum
1543 3517 1728 3557 eorum
1760 3503 1856 3556 ait.

291 3593 428 3658 Quia
491 3592 650 3662 igitur
703 3607 794 3661 per
844 3602 990 3647 tanta
1037 3609 1154 3662 qua:
1186 3594 1417 3648 diximus
1477 3605 1529 3646 et
1569 3594 1855 3655 tacuimus,

293 3686 408 3750 ipsa
439 3700 615 3739 rerum
650 3688 856 3755 negotia
893 3686 1143 3748 clamant,
1173 3695 1224 3739 et
1255 3685 1642 3755 providentiam
1667 3686 1861 3756 praedi-

293 3785 421 3829 cant
471 3775 600 3842 Dei;
635 3779 854 3830 rationis
905 3793 1006 3829 non
1044 3788 1121 3830 est
1156 3778 1221 3828 ad
1249 3777 1466 3844 eosqui
1514 3775 1860 3844 praescribere

1957 3431 2124 3480 mum,
2163 3425 2390 3468 matrem
2418 3415 2630 3484 quidem
2664 3415 2934 3479 dilectam,
2966 3419 3193 3484 patriam
3232 3413 3285 3467 in
3309 3429 3412 3484 qua
3441 3423 3535 3468 est-

1956 3509 2214 3562 educatus
2247 3506 2466 3576 reliquit
2493 3517 2710 3577 propter
2737 3517 3062 3577 praeceptum
3082 3506 3108 3559 ἲ
3152 3505 3318 3560 Scitis
3346 3513 3523 3558 autem
3555 3535 3561 3544 -

1956 3611 2011 3654 et
2043 3615 2137 3654 vos
2171 3609 2369 3668 quanta
2403 3599 2671 3668 pernicies
2719 3599 2794 3653 sit-
2826 3598 3224 3652 consuetudinis
3264 3596 3528 3650 sustinere

1959 3704 2255 3744 recessum.
2281 3689 2588 3744 Adveniens
2613 3698 2794 3743 autem
2831 3690 2895 3743 ad
2926 3697 3122 3744 terram
3157 3686 3530 3756 repromissio-

1959 3780 2067 3842 nis,
2098 3779 2420 3834 circumibat
2449 3788 2505 3831 ut
2530 3779 2845 3848 peregrinus
2875 3788 2927 3834 et
2963 3779 3187 3844 advena,
3217 3779 3529 3832 desiderans

295 3879 541 3922 naturain
574 3871 776 3935 volunt,
799 3881 851 3923 et
881 3868 1110 3922 visibilia
1142 3881 1244 3919 non
1267 3867 1469 3930 videre,
1504 3865 1868 3934 nosmetipsos
1959 3869 2145 3923 satiari
2189 3885 2350 3939 aqua,
2389 3869 2543 3938 cujus
2584 3870 2864 3939 ipse-fons,
2901 3880 3091 3938 puteus
3129 3879 3245 3924 erat
3272 3871 3531 3924 adiuven-

294 3962 629 4030 proteudere.
689 3962 794 4015 Sed
834 3963 901 4014 ab
939 3960 1144 4013 illorum
1193 3959 1406 4028 quidem
1465 3957 1860 4023 irreligiositate

295 4054 524 4107 transire
552 4053 665 4122 jam
702 4064 908 4121 tempus
942 4069 1037 4108 nos
1071 4053 1343 4113 admonet,
1367 4063 1658 4119 properare
1680 4057 1857 4101 autem

294 4146 361 4197 ad
387 4145 571 4210 aliam,
604 4159 670 4199 ne
710 4147 987 4198 videamur
1032 4154 1087 4197 ct
1123 4143 1479 4198 contaminari
1515 4140 1860 4210 inspicientus

291 4248 411 4298 eos,
455 4234 544 4302 qui
594 4250 696 4288 non
733 4235 931 4289 vident.
979 4232 1206 4286 Tantum
1242 4240 1419 4285 autem
1475 4231 1593 4285 addi
1629 4239 1857 4300 oportet,

1961 3969 2064 4026 tor,
2104 3961 2195 4030 qui
2228 3961 2275 4014 ei
2308 3961 2517 4014 fructus
2553 3975 2618 4014 ex
2665 3961 3021 4028 promissione
3065 3959 3350 4029 provenit?
3393 3957 3531 4011 Tor-

1962 4062 2196 4106 mentum
2237 4053 2378 4105 enim
2411 4053 2460 4105 ei
2488 4061 2604 4105 erat
2630 4053 2794 4121 ipsius
2825 4053 3196 4122 promissionis
3233 4051 3525 4106 adventus;

1960 4146 2142 4198 videre
2172 4147 2312 4200 enim
2353 4144 2784 4214 promissionem,
2814 4159 2917 4198 non
2943 4145 3176 4213 permitti
3223 4154 3395 4197 autem
3440 4157 3532 4196 ea-

1962 4235 2080 4288 dem
2111 4233 2236 4299 frui,
2263 4235 2433 4305 magis
2465 4235 2530 4285 ad
2554 4233 2938 4302 blasphemiam
2969 4232 3400 4297 adducebat,sed
3422 4247 3528 4284 non

295 4326 423 4394 quia
454 4325 696 4379 confessa
727 4323 1060 4393 providentia
1087 4335 1420 4390 consequens
1446 4330 1528 4375 est
1560 4321 1748 4375 adesse
1777 4333 1866 4374 re—
1962 4325 2254 4380 Abraham.
2291 4325 2562 4378 Abraham
2601 4325 2744 4379 enim
2773 4325 2976 4380 addens
3017 4334 3071 4379 et
3107 4339 3211 4378 non
3249 4323 3529 4393 perfruens

294 4416 711 4478 surrectionem,
748 4414 1196 4483 quemadmodum
1227 4427 1562 4482 consequens
1594 4419 1648 4466 et
1678 4425 1863 4466 neces-

295 4510 443 4564 saria
483 4519 564 4564 est
609 4510 948 4564 resurrectio.
1000 4509 1128 4562 Sine
1184 4523 1343 4562 causa
1403 4508 1664 4578 justitiam
1735 4506 1862 4562 colit

1963 4425 2020 4468 ιιι
2049 4429 2230 4467 mensa
2260 4413 2526 4484 apposita,
2551 4423 2608 4468 et
2634 4413 2936 4482 prohibitus
2961 4412 3249 4482 degustare
3276 4411 3434 4466 etiam
3462 4425 3530 4464 ex

1965 4505 2050 4560 his
2075 4521 2190 4574 qua:
2211 4513 2688 4575 cxsuperaveraat,
2713 4505 2785 4559 ita
2809 4504 3060 4559 dimissus
3087 4504 3290 4573 gratias
3317 4504 3530 4573 agebat.

291 4603 506 4673 justus?
537 4603 652 4657 sine
680 4616 839 4655 causa
875 4601 1180 4669 pudicitiam
1217 4609 1362 4653 amat
1388 4601 1646 4668 pudicus?
1686 4607 1740 4654 et
1769 4601 1858 4667 qui
1892 4637 1939 4696 D
1964 4597 2099 4664 Quid
2130 4612 2258 4668 ergo
2286 4596 2487 4666 profuit
2517 4597 2763 4651 illi.?_.Scd
2792 4589 2922 4665 quia
2969 4595 3139 4649 ﬁlium
3166 4595 3353 4696 bal)th
3373 4603 3535 4696 ipost

299 4693 546 4764 providet
569 4694 650 4746 his
677 4709 792 4760 qua:
813 4693 928 4747 sine
946 4692 1118 4744 anima
1153 4699 1296 4755 sunt,
1321 4691 1602 4746 arboribus
1626 4699 1678 4744 et
1711 4690 1860 4756 plan-

300 4786 391 4848 tis,
429 4783 585 4846 Deus,
618 4783 888 4837 invenitur
924 4781 1267 4837 rationabiles
1301 4782 1512 4835 anitnas
1549 4779 1866 4852 negligens?

297 4885 353 4932 et
382 4877 474 4945 qui
508 4877 895 4946 providentiam
941 4889 1091 4929 suam
1121 4872 1359 4927 formicis
1389 4873 1647 4942 impertit,
1688 4881 1742 4925 et
1769 4887 1859 4925 os-

301 4971 586 5025 tenditeas
608 4983 724 5036 qua:
756 4983 858 5021 non
891 4968 1087 5021 habent
1117 4964 1482 5019 rationabilem
1517 4980 1754 5027 sensum,
1787 4964 1861 5017 si-

304 5060 473 5113 bimet
493 5057 820 5120 consentire,
854 5067 907 5109 et
928 5055 1281 5109 imitationem
1306 5054 1606 5108 concordiae
1627 5054 1825 5108 habere
1846 5066 1864 5117 ;

297 5151 346 5207 si
379 5160 558 5204 tamen
603 5158 656 5202 et
692 5157 938 5217 oporteat
971 5149 1072 5201 dici
1111 5146 1412 5200 consentire
1458 5145 1558 5199 sibi
1605 5161 1692 5208 ea,
1746 5161 1866 5214 quae

300 5257 410 5297 non
437 5243 636 5294 habent
665 5254 915 5302 sensum;
943 5240 1066 5307 quia
1099 5238 1258 5308 igitur
1280 5250 1334 5291 et
1363 5235 1602 5289 formicis
1622 5237 1868 5304 providet

302 5334 466 5399 Deus,
494 5343 547 5387 et
572 5333 718 5387 dedit
763 5334 840 5387 eis
887 5343 940 5386 et
979 5331 1309 5397 receptacula
1360 5340 1515 5384 terra:
1557 5339 1610 5382 et
1640 5344 1864 5383 concor-

301 5427 471 5490 diam,
504 5426 739 5478 ninnium
779 5425 901 5478 licet
944 5423 1049 5476 sint
1081 5433 1266 5476 natura
1310 5421 1650 5480 infirmiores,
1688 5430 1862 5474 tamen

299 5519 405 5582 eis,
433 5532 550 5584 qua:
576 5517 835 5580 videmus,
865 5515 1076 5570 donavit
1105 5533 1122 5572 :
1159 5519 1224 5569 de
1252 5515 1420 5568 bobus
1455 5526 1630 5566 autem
1671 5528 1864 5567 secun-

301 5607 429 5666 dum
462 5609 770 5680 Apostolum
805 5609 1034 5678 pertinet
1065 5608 1129 5659 ad
1163 5608 1322 5659 Deum
1343 5606 1409 5672 ",
1436 5616 1490 5659 et
1525 5607 1590 5659 de
1633 5605 1784 5659 nobis
1815 5607 1862 5659 ci

373 5702 422 5738 ”
455 5702 596 5756 Psal.
636 5718 788 5768 xvttt,
825 5704 876 5757 1.
971 5701 1014 5733 ’ί
1055 5702 1180 5756 ibid.
1207 5700 1260 5755 4.
1304 5688 1533 5757 "lCnr.
1568 5715 1645 5764 Ix.
1672 5700 1725 5756 9.

377 5816 492 5886 (Ιὸ)
522 5817 620 5872 Ms.
655 5814 906 5872 Frunitm
929 5825 1000 5868 est
1027 5831 1140 5884 qua:
1164 5816 1402 5881 diripuit.

379 5885 492 5958 ιιθ)
523 5887 618 5942 Ms.
651 5887 714 5940 Et
745 5890 788 5941 ei
811 5887 898 5954 qui
930 5886 1234 5951 martyrium
1269 5885 1409 5939 colit.

1963 4700 2158 4758 quanta
2221 4699 2507 4756 tormenta,
2560 4699 2680 4760 post
2734 4698 2964 4755 qttantas
3016 4686 3322 4742 orationes?
3379 4684 3534 4738 Servi

1966 4781 2234 4835 Abraham
2264 4781 2554 4847 habebant,
2578 4791 2632 4835 et
2661 4781 2932 4834 Abraham
2962 4781 3274 4835 desiderans
3308 4794 3410 4833 non
3437 4778 3534 4831 ha-

1967 4875 2127 4929 bebat
2159 4876 2294 4930 :sed
2323 4874 2604 4944 coniugem
2651 4874 2904 4939 habebat,
2938 4882 2993 4927 et
3036 4874 3193 4928 istam
3233 4873 3531 4933 honestam,
3561 4919 3566 4923 .

1971 4982 2193 5035 qumque
2224 4969 2292 5020 ab
2317 4967 2578 5021 eo'ablala
2612 4974 2712 5030 est,
2747 4975 2801 5018 et
2830 4965 2983 5019 valde
3010 4977 3215 5024 amare,
3239 4976 3340 5014 non
3371 4960 3536 5012 inter-.-

1974 5055 2182 5120 liciens,
2217 5067 2270 5109 et
2297 5066 2511 5109 mutans
2539 5056 2712 5110 locum
2749 5051 2862 5125 (l7)
2897 5065 2952 5107 et
2993 5055 3188 5116 locum,
3224 5063 3539 5119 persevera-

1973 5148 2068 5198 vit.
2098 5148 2284 5200 Dicant
2331 5162 2462 5218 ergo
2490 5145 2657 5201 Judaei
2693 5161 2812 5214 qua:
2849 5144 3189 5214 provenerint
3213 5141 3441 5194 Abrahae
3471 5153 3561 5191 ex.

1975 5238 2331 5308 promissione
2383 5242 2434 5292 in
2483 5240 2729 5308 praesenti
2779 5238 2879 5290 hac
2924 5236 3059 5298 vita,
3108 5245 3166 5285 ut
3201 5232 3546 5286 abscidamus

1969 5345 2155 5384 corum
2224 5346 2370 5400 spem
2445 5330 2876 5386 resurrectionis.
2933 5329 3036 5381 Sed
3098 5324 3282 5380 habuit
3349 5323 3536 5377 lilium.

1971 5421 2238 5488 Quando?
2264 5425 2416 5477 Circa
2445 5425 2794 5479 centesimum
2843 5436 3040 5476 annum
3092 5418 3248 5472 datus
3273 5427 3355 5471 est
3391 5419 3437 5470 ei
3479 5417 3542 5469 li-

1972 5515 2096 5578 lius,
2134 5524 2520 5570 tortnentorum
2545 5516 2721 5584 potius
2745 5513 2862 5580 ejus
2882 5521 2936 5567 ct
2954 5525 3194 5580 precum.
3227 5508 3360 5576 Quia
3389 5507 3537 5562 enim

1973 5607 2159 5661 habuit
2207 5617 2262 5663 et
2308 5607 2504 5662 bonum
2541 5604 2730 5672 lilium,
2775 5613 2830 5660 et
2870 5604 3080 5659 laetatus
3132 5602 3186 5656 itt
3238 5601 3381 5657 dono
3433 5608 3550 5668 est,_.

2051 5813 2163 5888 (l7)
2193 5810 2406 5868 Locum.
2439 5808 2612 5864 Τόπον
2635 5811 2709 5864 ὲκ-
2727 5808 2889 5863 τόπου
2913 5806 3184 5879 ἀμείϐων..
