3956 6550
542 491 678 546 1075

1206 484 1474 549 ΕΠΞΕΒῚΙ
1512 488 1981 547 CIESARIENSIS
2019 488 2167 544 OPP.
2210 487 2385 543 PARS
2421 488 2510 545 IV.
2546 518 2615 528 —
2652 484 3066 542 DOGMATICA.

3585 485 3697 543 1076

538 621 696 683 putas
746 610 1016 679 accipiens
1062 610 1228 665 ﬁlium
1282 613 1399 667 sine
1446 612 1737 666 tentatione
1792 612 1857 666 de
1911 617 2107 664 caetero
2136 615 2179 665 A
2210 615 2263 661 et
2304 608 2497 662 horum
2545 605 2663 671 ﬁlii,
2694 616 2749 661 et
2799 605 2871 660 illi
2924 604 3169 659 homines
3207 600 3390 671 quibus
3436 608 3697 674 peregrinus

538 704 773 760 mansit?
800 714 854 759 et
883 720 989 758 non
1023 704 1135 773 ipsa
1178 703 1520 772 pulchritudo
1572 705 1681 767 ﬁlii,
1727 705 1842 773 ipsa
1891 706 2103 772 sapien-

537 796 634 859 tia,
668 796 779 864 ipse
814 793 1134 858 intellectus,
1166 805 1221 848 et
1264 809 1325 848 ea
1376 809 1494 864 qua:
1542 794 1593 848 in
1640 808 1705 847 eo
1745 801 1899 847 erant
1946 792 2103 855 bona,

538 895 594 940 et
621 901 957 955 quaecunque
1018 885 1255 940 habebat
1312 895 1371 940 ut
1415 886 1610 939 donum
1656 884 1783 948 Dei,
1838 883 2105 944 amariora

538 982 809 1029 tormenta
854 984 1071 1044 operata
1121 985 1245 1030 sunt
1292 974 1466 1048 patri?
1514 973 1641 1042 quid
1693 972 1836 1027 enim
1892 973 2020 1027 dicit
2055 972 2105 1033 ei

537 1063 719 1119 Deus?
745 1066 836 1135 qtti
869 1067 1005 1121 dixit
1044 1066 1155 1136 (18)
1216 1065 1435 1121 donavit
1470 1066 1516 1118 ei
1559 1064 1727 1117 lilium
1765 1082 1779 1118 τ
1818 1063 2103 1125 Abraham,

538 1154 841 1222 Abraham,
872 1159 1045 1224 accipe
1102 1156 1264 1227 lilium
1315 1166 1458 1208 tuum
1504 1153 1681 1219 Isaac,
1730 1170 1881 1224 quem
1929 1154 2105 1222 diligis

539 1246 889 1315 unigenitum,
935 1258 981 1301 et
1034 1248 1217 1316 o/feres
1258 1263 1371 1299 eum
1419 1246 1548 1303 mihi
1588 1244 1642 1297 in
1683 1260 1784 1296 uno
1827 1244 2104 1308 montium,

538 1354 690 1407 quem
713 1340 807 1392 tibi
833 1340 1020 1394 dixero
1043 1340 1109 1393 ³³.
1136 1338 1191 1393 Si
1221 1338 1666 1405 inlerceperimus
1697 1336 2105 1390 resurrectionis

538 1444 687 1499 spem
719 1429 853 1501 (l9),
880 1431 1062 1484 statim
1096 1430 1260 1484 habet
1285 1428 1543 1492 dolorem,
1574 1428 1755 1484 statim
1780 1428 1940 1483 habet
1972 1442 2106 1481 ma:-

541 1537 717 1576 rorem
748 1522 1045 1578 Abraham.
1086 1521 1205 1575 Noli
1235 1521 1378 1575 enim
1407 1535 1650 1589 quaerere
1683 1522 1726 1574 si
1762 1534 1868 1574 non
1897 1526 1980 1573 est
2007 1533 2104 1572 oc-

540 1613 683 1666 cisus
718 1611 900 1677 Isaac;
940 1612 1032 1666 sed
1080 1627 1146 1666 ex
1178 1626 1286 1680 quo
1321 1610 1601 1680 proposuit
1650 1620 1823 1678 pater.
1861 1617 2105 1662 mortuus

539 1711 621 1755 est
654 1702 794 1771 patri
835 1701 1005 1763 lsaac.
1049 1700 1218 1763 Putas
1244 1702 1369 1769 quia
1401 1711 1456 1755 et
1494 1710 1643 1754 tanta
1668 1709 1784 1754 erat
1812 1700 2104 1753 crudelitas

540 1795 682 1861 apud
710 1793 899 1857 Deum,
931 1803 992 1850 ut
1024 1796 1078 1848 in
1116 1802 1324 1847 tantum
1351 1801 1631 1867 torqueret
1662 1792 1966 1847 Abraham?
1992 1792 2104 1861 ipse

538 1884 682 1939 enim
715 1894 942 1938 testatur
969 1894 1022 1939 et
1052 1885 1183 1939 dicit
1216 1904 1230 1938 :
1261 1884 1382 1939 Scio
1410 1887 1532 1955 quia
1572 1885 1680 1951 ipse
1721 1896 1766 1937 et
1799 1883 1941 1953 ﬁlius
1986 1883 2100 1953 ejus

2208 696 2557 752 cohabitabat
2589 695 2894 758 Abraham,
2921 709 3040 748 cum
3104 691 3329 760 undique
3360 693 3597 749 excelsum
3629 696 3694 750 la-

2206 796 2351 843 ctum
2384 797 2529 844 esset
2546 787 2743 842 donum
2776 786 2899 850 Dei;
2940 796 3064 839 tunc
3084 783 3213 837 dicit
3246 782 3377 837 Deus
3404 793 3622 853 tanquam
3646 789 3697 842 ad

2204 880 2489 956 quemdam
2540 878 2941 937 adamantinqu
2994 894 3006 929 :
3049 875 3332 939 Abraham,
3364 875 3520 943 accipe
3562 877 3698 943 ﬁlium

2205 983 2353 1027 tuum
2407 974 2729 1042 unigenitum
2777 971 2972 1032 Isaac,
3030 984 3178 1037 quem
3233 967 3468 1021 dilexisti.
3513 967 3700 1023 lutueris

2204 1062 2370 1127 Deum
2397 1080 2492 1134 per
2518 1064 2951 1119 adhortationem
2984 1063 3355 1116 debortantem
3380 1076 3392 1113 :
3422 1059 3562 1113 solito
3585 1060 3697 1114 enim

2205 1172 2334 1211 usus
2370 1166 2453 1212 est.
2489 1155 2556 1212 ad
2610 1155 2880 1209 Abraham
2924 1165 3201 1216 sermone;
3238 1149 3489 1219 Siquidem
3520 1159 3568 1203 et
3603 1160 3701 1205 tunc

2205 1264 2327 1306 cum
2368 1249 2686 1318 praeciperet
2726 1247 2773 1300 ei
2820 1259 2971 1299 exure
3002 1258 3032 1297 e
3068 1243 3239 1312 patria
3271 1257 3382 1305 sua,
3413 1240 3495 1294 tali
3524 1243 3579 1293 ad
3609 1258 3701 1295 eum

2205 1353 2334 1393 usus
2382 1347 2464 1392 est
2510 1352 2793 1403 sermone,
2835 1335 2925 1407 qui
2967 1334 3129 1388 alium
3179 1333 3356 1402 utique
3401 1331 3702 1401 prohibuisset

2205 1430 2375 1486 exire.
2428 1430 2563 1484 Dicit
2607 1429 2749 1483 enim
2793 1427 2841 1481 ei
2889 1445 2903 1481 :
2942 1425 3227 1489 Abraham,
3270 1424 3538 1485 Abraham,
3582 1424 3650 1475 exi
3683 1440 3705 1476 ι

2203 1526 2375 1591 patria
2408 1532 2521 1581 tua,
2554 1530 2602 1574 et
2634 1535 2699 1576 ex
2741 1519 3047 1588 cognatione
3074 1526 3187 1580 tua,
3221 1527 3266 1569 et
3303 1531 3364 1568 ea:
3402 1515 3541 1567 domo
3572 1515 3705 1581 patris

2206 1614 2347 1667 tui“
2373 1632 2386 1667 :
2420 1613 2533 1667 haec
2564 1612 2701 1669 alius
2728 1612 2771 1665 si
2802 1609 3085 1675 audiisset,
3114 1607 3285 1673 magis
3309 1606 3488 1660 fuisset
3507 1606 3706 1660 detentus

2206 1720 2363 1773 quam
2392 1704 2724 1758 ohaudisset.
2764 1700 2869 1755 Sed
2901 1700 3041 1754 sicut
3074 1699 3289 1753 athletis
3328 1697 3611 1753 fortioribus
3636 1697 3705 1766 ju-

2206 1797 2395 1850 bentes
2430 1796 2645 1850 duriora
2675 1794 2992 1865 praecipiunt
3022 1809 3036 1844 :
3066 1800 3280 1860 oportet
3308 1800 3375 1854 te,
3407 1789 3579 1858 inquit,
3612 1804 3707 1857 por-

2208 1895 2346 1952 tare,
2396 1886 2558 1942 etiam
2606 1885 2650 1940 si
2692 1883 2858 1939 lueris
2904 1882 3050 1937 calce
3099 1896 3416 1951 percussus;
3453 1888 3635 1948 oportet
3666 1887 3707 1932 te

538 1976 807 2033 mandabit
831 1974 1091 2033 custodire
1119 1974 1279 2043 legem
1312 1985 1359 2030 ει
1386 1974 1639 2029 manda!“
1679 1971 1890 2026 οοηιίηὶ
1916 1972 1962 2004 ’⁸
1996 1992 2009 2026 :
2045 1982 2103 2026 Ill
2131 1956 2176 2015 Β
2202 1992 2322 2033 esse
2365 1977 2696 2053 patientem,
2742 1973 2953 2029 etiamsi
3003 1971 3294 2026 adversum
3350 1969 3546 2024 oculum
3591 1978 3707 2020 tuum

538 2080 603 2120 ex
640 2066 742 2120 hoc
781 2066 1090 2119 testimonio
1119 2065 1391 2119 Abraham
1428 2080 1531 2118 non
1575 2062 1745 2118 solum
1788 2079 1881 2134 per
1906 2072 2102 2127 semet-

538 2155 711 2223 ipsum
748 2156 1028 2229 religiosus
1063 2156 1365 2218 exstiterit,
1407 2156 1498 2209 sed
1549 2164 1603 2208 et
1647 2170 1713 2211 ex
1756 2159 2009 2226 mandato
2047 2164 2102 2210 et

534 2244 668 2309 ﬁlio,
694 2246 784 2317 qui
846 2258 900 2302 et
938 2254 1057 2314 post
1094 2258 1320 2299 mortem
1355 2244 1483 2298 colit
1529 2252 1583 2298 et
1617 2253 1905 2299 veneratur
1933 2244 2099 2299 Deum

537 2353 634 2406 per
664 2352 725 2393 ea
760 2353 877 2411 qua:
906 2337 1182 2393 mandavit
1212 2336 1373 2391 Deus.
1403 2336 1860 2403 Quemadmodum
1889 2337 1991 2392 iste
2019 2337 2100 2391 vi-

537 2444 669 2484 vens
694 2445 797 2483 non
830 2443 1016 2498 pinnas
1046 2430 1340 2484 sustinuit?
1367 2430 1510 2484 dedit
1538 2429 1587 2484 ei
1617 2430 1785 2483 ﬁlium
1822 2430 1980 2495 Deus,
2008 2429 2101 2485 de-

537 2521 689 2577 ditet
726 2521 1074 2575 tentationem
1111 2537 1125 2574 :
1172 2520 1216 2574 si
1247 2529 1388 2575 esset
1430 2519 1590 2587 alius,
1638 2520 1865 2575 dixisset
1892 2520 2097 2590 utique,

538 2612 750 2671 Utinam
794 2630 898 2668 non
944 2614 1296 2681 accepissem.
1340 2612 1610 2677 Abraham
1647 2622 1827 2667 autem
1866 2622 1920 2667 et
1960 2612 2101 2666 acci-

533 2702 688 2774 piens
722 2705 925 2774 gratias
959 2704 1089 2775 egit,
1120 2713 1173 2758 et
1205 2703 1436 2761 reddens
1474 2703 1675 2772 gratias
1719 2704 1849 2772 egit,
1890 2704 2098 2758 lucrum

532 2805 723 2867 utpote
761 2797 964 2859 ducens
992 2814 1097 2851 non
1126 2796 1229 2851 frui
1281 2796 1469 2863 ﬁlium,
1499 2796 1591 2850 sed
1623 2794 1839 2861 olferre,
1877 2795 2017 2849 sicut
2047 2804 2102 2849 et

533 2887 734 2944 factum
757 2898 841 2945 est
869 2908 880 2947 :
909 2891 1001 2944 sed
1024 2904 1293 2965 quemque
1317 2889 1611 2957 reSpiciens
1634 2887 1858 2943 habuit:
1888 2886 2099 2958 quando

533 2988 714 3037 autem
745 2980 1056 3048 praecipitur
1086 2979 1225 3033 ﬁlius
1252 2976 1474 3033 olferri?
1506 2993 1611 3031 non
1638 2978 1821 3031 statim
1851 2984 1908 3029 ut
1942 2984 2100 3030 natus

533 3080 619 3131 est
655 3092 668 3127 :
707 3087 825 3143 quin
856 3072 1000 3125 enim
1036 3086 1207 3140 nuper
1244 3082 1368 3125 nata
1416 3081 1566 3137 sunt,
1616 3068 1843 3123 necdum
1897 3076 2097 3121 lautum

532 3164 736 3219 habent
762 3162 1031 3220 allectum.
1080 3164 1142 3218 Et
1180 3174 1467 3235 antequam
1514 3161 1804 3233 loquantur
1843 3159 2096 3224 infantes,

2204 2084 2422 2122 manum
2458 2064 2803 2121 adversarius
2832 2062 3166 2134 protenderit
3195 2076 3348 2117 suam
3381 2076 3396 2113 :
3428 2066 3477 2112 et
3498 2072 3707 2127 quaecun-

2201 2175 2305 2233 que
2328 2160 2398 2213 illi
2424 2162 2681 2212 mandare
2701 2164 3045 2219 consuerunt,
3065 2162 3116 2208 et
3132 2153 3448 2208 athletarum
3473 2145 3707 2204 fortissimi

2202 2251 2474 2307 sustinere
2503 2268 2515 2303 :
2558 2251 2629 2303 ita
2672 2259 2726 2307 et
2765 2249 2889 2305 istic
2915 2246 3056 2301 Deus
3089 2261 3246 2300 suum
3279 2243 3520 2297 athletam
3547 2240 3706 2294 adhor-

2204 2354 2343 2409 tans,
2376 2357 2469 2411 per
2497 2341 2659 2395 duros
2685 2355 2805 2397 eum
2849 2340 3097 2395 hortatur
3129 2347 3282 2392 actus
3322 2353 3335 2390 :
3378 2336 3478 2389 Exi
3518 2350 3542 2386 e
3574 2332 3709 2401 patria

2202 2445 2313 2498 tua,
2337 2442 2387 2487 et
2417 2433 2721 2502 cognatione
2746 2441 2860 2497 tua,
2893 2439 2939 2484 et
2967 2446 3029 2485 ex
3055 2430 3207 2484 domo
3244 2428 3404 2497 patris
3434 2426 3524 2490 tui,
3554 2434 3594 2477 et
3615 2423 3705 2475 ueni

2202 2526 2270 2577 ad
2310 2533 2539 2588 terram;
2569 2523 2635 2577 ad
2678 2538 2839 2592 quam
2887 2530 3135 2592 paratum
3178 2528 3361 2590 negat,
3404 2527 3455 2573 et
3490 2513 3709 2586 promittit

2203 2616 2387 2681 aliam,
2428 2625 2482 2671 et
2520 2614 2690 2683 ipsam
2742 2613 3157 2682 promissionem
3220 2612 3278 2666 iu
3328 2611 3523 2666 incerto
3572 2606 3705 2675 ponit.

2200 2710 2316 2776 Non
2347 2712 2490 2766 enim
2538 2711 2669 2765 dixit
2717 2710 2859 2763 illam
2895 2718 3127 2771 terram;
3174 2707 3275 2761 sed
3316 2707 3372 2765 in
3422 2718 3613 2767 terram,
3648 2701 3710 2754 in-

2201 2806 2345 2874 quit,
2381 2820 2538 2869 quam
2584 2805 2674 2856 tibi
2715 2803 2983 2855 ostendero
3002 2801 3069 2861 ".
3102 2800 3260 2854 Sicut
3299 2799 3438 2859 enim
3477 2797 3709 2866 ejiciense

2200 2896 2393 2965 patria,
2427 2910 2523 2962 per
2561 2908 2624 2949 ea
2651 2909 2768 2962 quae
2798 2893 3147 2961 prohiberent
3172 2892 3357 2961 ejicit;
3393 2890 3461 2943 ita
3493 2894 3543 2947 et
3558 2882 3711 2955 praeci-

2199 2986 2353 3056 piens
2380 2985 2548 3045 ﬁlium
2579 2999 2733 3041 suum
2762 2983 2861 3037 sibi
2891 2982 3105 3047 oll‘erre,
3138 2998 3238 3051 per
3265 2979 3551 3037 istiusmodi
3584 2974 3709 3029 verba

2197 3076 2368 3144 jubet,
2399 3091 2625 3146 perquaa
2649 3076 2692 3130 si
2714 3086 2854 3131 esset
2874 3075 3028 3140 alius,
3050 3090 3153 3129 non
3177 3075 3439 3130 obediret.
3458 3069 3706 3131 Abraham,

2202 3167 2395 3236 inquit,
2420 3167 2713 3229 Abraham,
2733 3166 2912 3234 accipe
2936 3177 2987 3219 tu
3010 3183 3026 3232 ;
3049 3181 3149 3221 nec
3184 3182 3287 3236 per
3314 3166 3470 3219 alium
3496 3158 3711 3234 praecipit.

531 3254 769 3322 perdicis
798 3265 891 3309 aut
928 3255 1189 3309 columbae
1222 3253 1397 3313 locum
1437 3253 1504 3308 ad
1544 3254 1813 3324 genitores
1845 3253 2050 3313 habent
2079 3269 2093 3305 :
2127 3294 2169 3353 Ο
2202 3257 2296 3311 sed
2310 3258 2506 3324 accipe,
2532 3257 2727 3326 inquit,
2752 3266 2802 3312 tu
2825 3258 3403 3328 ﬁliunituum,ethunc
3425 3253 3711 3324 unigenitum.

532 3348 708 3403 visum
743 3349 884 3407 enim
924 3359 1130 3409 tantum
1179 3347 1465 3411 delectant,
1511 3356 1564 3402 et
1618 3347 1968 3416 incomposite
2018 3345 2097 3399 Io-

541 3449 769 3511 quentes
800 3457 814 3492 :
848 3455 969 3494 cum
996 3450 1175 3493 autem
1207 3439 1532 3510 promoverit
1566 3448 1721 3498 mtas,
1749 3448 1801 3491 et
1836 3434 2101 3491 ell‘ulserit

532 3546 727 3592 sensus
747 3573 764 3599 ,
797 3542 851 3585 et
881 3531 1107 3599 carperit
1157 3531 1456 3587 intellectus
1502 3544 1597 3598 per
1631 3527 1868 3597 linguam
1903 3528 2098 3596 promi,

530 3620 817 3677 ﬂoruerint
863 3631 1041 3676 autem
1088 3623 1263 3677 artatis
1311 3621 1739 3691 pulchritudines
1787 3632 1839 3674 et
1889 3620 2099 3673 ﬁrmata

535 3712 738 3774 fuerint
769 3714 1007 3767 membra
1048 3713 1168 3767 istic
1199 3723 1252 3766 et
1296 3713 1503 3766 initium
1538 3712 1704 3782 ipsius
1746 3711 2008 3780 corporis.
2044 3720 2101 3764 ut

535 3817 679 3862 rosa.
706 3812 798 3855 aut
832 3800 1023 3861 lilium.
1058 3800 1141 3853 vel
1176 3802 1370 3870 aliquis
1407 3799 1505 3861 ﬂos
1563 3813 1829 3867 maturus,
1864 3810 1956 3853 aut
1987 3799 2099 3853 fru-

530 3902 650 3949 etus
672 3891 777 3961 iam
819 3904 1071 3965 paratus;
1098 3892 1167 3947 ita
1202 3902 1255 3945 et
1288 3893 1632 3963 pulchritudo
1657 3909 1776 3962 quae
1796 3892 2096 3958 videbatur,

529 3995 583 4039 et
610 3986 843 4040 maxime
876 3986 1181 4040 intellectus
1210 3985 1389 4040 ﬂectet
1417 3986 1710 4054 genitores,
1745 3995 1798 4040 et
1834 3996 2003 4041 totum
2040 4000 2099 4040 se

531 4080 583 4131 in
614 4078 877 4146 genitoris
903 4085 1136 4132 evacuat
1168 4094 1428 4133 amorem.
1463 4077 1679 4134 Movent
1706 4090 1885 4135 autem
1919 4087 1974 4139 et
2001 4079 2095 4134 ﬁlii
2142 4112 2149 4117 ι

532 4169 773 4225 moribus
799 4170 913 4224 suis
940 4181 1192 4239 parentes
1224 4180 1279 4223 et
1305 4170 1642 4223 sermonibus
1672 4180 1727 4222 et
1752 4169 1995 4239 loquelis.
2032 4169 2099 4225 Et

530 4260 984 4329 quemadmodum
1037 4262 1280 4315 extendit
1340 4276 1557 4313 manum
1608 4261 1748 4321 ﬁlius
1820 4279 1836 4314 :
1907 4276 2096 4329 quem—

530 4351 817 4406 admodum
874 4362 1084 4420 patrem
1134 4351 1383 4407 hortatus
1438 4362 1522 4405 est
1570 4360 1662 4405 aut
1710 4366 1805 4420 per
1851 4352 2094 4416 verbum,

527 4452 621 4496 aut
652 4457 747 4513 per
776 4444 1035 4513 linguam,
1078 4452 1172 4497 aut
1206 4457 1299 4510 per
1328 4458 1446 4497 eam
1491 4458 1653 4510 quam
1687 4443 1852 4496 sumit
1892 4457 2092 4497 escam.

528 4534 847 4603 Laquuntur
876 4545 1055 4589 autem
1084 4543 1139 4588 et
1165 4543 1347 4607 patres
1384 4535 1450 4589 ad
1485 4534 1648 4597 ﬁlios,
1681 4543 1732 4587 et
1762 4533 1972 4588 dulcior
2003 4534 2095 4587 lilii

2201 3348 2278 3401 ait
2314 3368 2325 3402 :
2360 3346 2630 3417 porrectio
2667 3348 3011 3414 teutationis;
3048 3365 3201 3419 quem
3249 3346 3497 3409 dilexisti,
3533 3340 3711 3411 inquit:

2200 3440 2629 3495 additamentum
2660 3439 2863 3494 doloris
2889 3440 3028 3495 aliis.
3064 3440 3131 3494 Et
3171 3450 3299 3510 post
3341 3441 3451 3495 haec
3478 3435 3710 3504 consignat

2204 3529 2462 3597 majorem
2489 3529 2717 3599 plagam,
2747 3531 2885 3585 dixit
2917 3530 3059 3585 enim
3088 3541 3141 3585 et
3167 3546 3364 3586 nomen
3402 3529 3510 3583 ﬁlii.
3534 3527 3651 3579 Nam
3676 3530 3713 3575 et

2198 3621 2244 3677 si
2280 3622 2392 3675 haec
2430 3625 2607 3676 omnia
2638 3632 2819 3676 essent
2850 3621 3024 3676 dulcia
3053 3634 3107 3675 et
3140 3622 3357 3685 idonea,
3390 3626 3609 3675 moveret
3634 3612 3713 3665 vis-

2199 3727 2321 3766 cera
2356 3722 2580 3783 paterna
2603 3753 2618 3777 ,
2662 3722 2720 3766 ut
2753 3713 2992 3780 diceret,
3026 3712 3197 3780 ﬁlium
3250 3725 3397 3767 tuum
3442 3706 3715 3777 unigenitum

2198 3822 2349 3876 quem
2376 3804 2629 3858 dilexisti.
2666 3804 2771 3859 Sed
2798 3804 2929 3858 nihil
2955 3805 3082 3872 tale,
3109 3816 3372 3874 quantum
3411 3812 3463 3857 et
3490 3808 3715 3863 nuncupa-

2202 3901 2399 3954 tionem
2431 3898 2548 3967 ejus
2569 3898 2937 3962 annuntiaret,
2966 3906 3021 3952 et
3046 3898 3276 3963 diceret,
3312 3896 3464 3950 Isaac
3492 3892 3660 3956 accipe,
3681 3894 3718 3937 et

2200 3992 2384 4060 oﬂ'eres
2417 4006 2533 4044 eum
2564 3989 2688 4042 mihi
2718 3989 2772 4042 in
2806 4006 2908 4042 uno
2934 3990 3214 4041 montium.
3264 3987 3446 4057 Neque
3473 3983 3582 4037 istic
3604 3974 3715 4033 desi-

2205 4094 2335 4153 gnat
2369 4082 2564 4145 locum,
2600 4082 2691 4134 sed
2722 4082 2865 4135 sicut
2904 4078 3125 4144 eiiciens
3154 4096 3279 4134 eum
3332 4081 3398 4133 de
3441 4074 3614 4142 patria.
3642 4067 3717 4127 ²Ῑ¹ν

2205 4172 2335 4230 Veni
2360 4175 2427 4227 ad
2458 4184 2652 4226 terram
2685 4188 2841 4242 quam
2872 4172 2969 4224 tibi
2998 4173 3313 4234 ostendero;
3348 4172 3417 4223 ita
3447 4177 3499 4221 et
3530 4164 3633 4220 istic
3657 4157 3716 4211 di-

2199 4264 2292 4326 cit,
2326 4263 2380 4315 in
2415 4278 2516 4314 uno
2547 4262 2824 4314 montium.
2871 4260 2935 4313 Et
2965 4269 3112 4314 certe
3159 4261 3389 4314 multum
3435 4248 3717 4312 commodius

2197 4354 2242 4407 si
2278 4353 2329 4411 in
2366 4356 2480 4422 ipso
2508 4350 2722 4407 fervore
2761 4351 2957 4421 negotii
2992 4350 3250 4406 liberatus
3288 4350 3474 4404 luisset
3504 4339 3717 4401 sollicitu-

2198 4447 2322 4501 dine
2371 4447 2673 4511 Abraham,
2715 4453 2768 4498 et
2820 4461 2925 4498 non
2976 4444 3189 4499 audiret
3224 4445 3439 4500 itineris
3471 4436 3713 4497 laborent.

2199 4546 2497 4596 nocturnos
2530 4535 2807 4605 amplexus
2834 4534 3114 4600 unigeniti,
3143 4532 3613 4592 confabulationes,
3643 4535 3717 4591 per

525 4634 612 4679 est
638 4639 740 4682 vox
764 4624 907 4678 omni
935 4625 1041 4679 alio
1064 4625 1205 4693 quod
1238 4625 1471 4683 videtur.
1500 4623 1632 4678 Nam
1656 4635 1707 4678 et
1734 4623 1936 4681 frontes
1959 4624 2091 4677 ﬁlio-
2125 4641 2167 4694 ι)
2197 4630 2309 4684 dies
2348 4629 2545 4692 visum,
2585 4637 2787 4680 motum
2807 4668 2822 4691 ,
2856 4642 3135 4680 sermones
3155 4667 3170 4691 ,
3226 4627 3407 4697 ipsum
3453 4623 3591 4677 Isaac
3614 4614 3720 4671 dile-

525 4734 644 4772 rum
679 4718 907 4772 illieiunt
944 4729 1225 4787 aspectum
1253 4729 1555 4786 parentum,
1605 4727 1659 4769 et
1701 4716 1845 4770 mille
1894 4717 1998 4770 alia
2037 4726 2091 4771 et

523 4807 627 4863 alia
672 4819 921 4872 movent,
967 4818 1021 4863 et
1059 4810 1237 4863 omnia
1283 4824 1613 4882 quaecunque
1674 4807 1881 4862 locutus
1930 4806 2093 4861 fuerit

523 4900 685 4962 ﬁlius,
739 4899 784 4953 si
826 4914 921 4967 per
965 4910 1177 4953 noctem
1226 4899 1504 4967 amplexus
1554 4907 1667 4967 est,
1719 4898 1763 4952 si
1805 4913 1898 4967 per
1947 4896 2089 4950 diem

522 4990 795 5046 blanditus
825 4999 928 5045 est.
958 4990 1091 5046 Cum
1126 4991 1287 5061 igitur
1327 4993 1440 5047 hanc
1471 4992 1647 5044 omnia
1677 4999 2087 5055 concurrerunt,

520 5092 574 5136 et
604 5098 727 5138 cum
761 5093 1033 5137 maturum
1070 5084 1272 5140 factum
1303 5095 1387 5139 est
1425 5084 1624 5138 donum
1668 5083 1800 5148 Dei,
1840 5098 1959 5139 cum
1992 5083 2090 5141 do-

518 5174 731 5229 mestici
776 5175 828 5228 in
860 5189 954 5243 spe
982 5173 1165 5237 luere,
1197 5189 1318 5228 cum
1364 5172 1556 5225 amicis
1587 5171 1805 5223 allatum
1837 5181 1915 5224 est
1949 5188 2087 5225 nun-

521 5268 678 5329 tium,
704 5281 827 5320 eum
864 5267 1254 5320 reddiditDeus
1275 5265 1504 5321 Abrahae
1530 5264 1915 5333 promissiones
1938 5280 2085 5329 suas,

516 5355 695 5424 etiam
720 5357 944 5411 haberet
967 5358 1131 5410 ﬁlium
1155 5374 1169 5421 ;
1193 5356 1476 5410 videbatur
1500 5356 1640 5409 enim
1663 5366 1714 5408 et
1737 5356 1836 5425 ipsi
1859 5356 2087 5412 Abraluc

518 5449 771 5505 solatium
809 5450 1191 5518 promissionis
1222 5448 1331 5516 jam
1370 5444 1606 5512 factum;
1644 5462 1763 5500 cum
1800 5443 1913 5515 jam
1950 5446 2083 5501 Sara

516 5537 769 5597 habuerit
803 5541 1247 5607 consolationem,
1282 5550 1336 5593 et
1361 5538 1469 5607 iam
1504 5556 1607 5594 non
1658 5541 1726 5594 ab
1765 5539 1955 5593 ancilla
1993 5555 2085 5593 ex-

517 5629 896 5705 probrationes
946 5632 1194 5696 audiret,
1224 5648 1345 5685 eum
1386 5632 1638 5702 cognatio
1669 5620 1893 5685 audiens
1941 5642 2084 5687 esset

517 5722 571 5786 lu
608 5721 811 5785 lmtitia,
841 5740 961 5776 cum
1005 5724 1155 5793 pueri
1189 5733 1242 5778 et
1271 5725 1433 5788 servi,
1460 5739 1580 5779 cum
1607 5724 1799 5777 domus
1829 5722 2083 5791 majores,

587 5817 634 5848 “
652 5817 787 5871 Gen.
816 5819 1026 5878 XXII,9..
1101 5820 1143 5850 ’³
1168 5818 1299 5873 Gen.
1329 5836 1478 5883 xvrn,
1509 5820 1592 5874 l9.
1667 5821 1710 5851 "
1740 5819 1876 5877 Ceo.
1903 5838 1995 5892 xu,
2026 5824 2072 5876 l.

583 5910 695 5987 (18)
731 5911 830 5977 Qui
860 5912 1014 5965 dixit.
1050 5912 1209 5969 Forte
1239 5914 1370 5967 dixit
1403 5918 1509 5985 qui.

2196 4732 2363 4778 ctum.
2394 4722 2460 4775 Et
2489 4720 2615 4790 quid
2642 4734 2777 4791 OptlS
2811 4729 2893 4772 est
2924 4718 3075 4788 plura
3110 4733 3208 4772 uos
3242 4716 3463 4772 dicere?
3494 4713 3721 4767 Abraham

2195 4815 2361 4875 enim,
2408 4812 2499 4882 qui
2554 4811 2878 4871 sententiam
2915 4811 3175 4865 adversus
3213 4811 3385 4865 lilium
3428 4806 3724 4873 susceperat.

2197 4904 2555 4971 descripserat
2601 4900 2699 4955 sibi
2745 4909 2800 4956 et
2850 4901 3030 4955 abibat
3074 4901 3283 4956 habens
3328 4900 3530 4959 ﬁlium,
3578 4893 3725 4943 Vivum

2197 4995 2412 5062 quidem
2445 5010 2705 5063 quantum
2736 4994 2802 5047 ad
2843 5007 3057 5047 sensum
3101 4993 3220 5056 ﬁlii,
3252 4993 3366 5062 jam
3396 5000 3569 5043 autem
3602 4980 3725 5037 holo-

2198 5097 2442 5141 caustmu
2480 5097 2738 5155 quantum
2782 5085 2847 5138 ad
2892 5086 3229 5139 inscientiam
3280 5084 3470 5153 patris.
3514 5079 3574 5132 Et
3608 5084 3726 5129 certe

2198 5190 2401 5232 tantam
2435 5179 2739 5247 passionem
2774 5178 2937 5232 habet
2964 5178 3108 5245 quod
3142 5178 3362 5241 dicitur,
3390 5185 3446 5228 ut
3468 5185 3521 5228 et
3546 5185 3633 5225 nos
3654 5166 3724 5235 qui

2194 5270 2442 5324 audimus
2478 5281 2530 5323 et
2561 5271 2809 5332 dicimus,
2844 5269 2913 5323 de
2951 5270 3033 5323 his
3068 5269 3308 5338 qute‘ille
3338 5269 3391 5322 in
3428 5263 3722 5333 unigenitum

2193 5362 2360 5415 ﬁlium
2408 5376 2559 5415 suum
2611 5361 2782 5424 ausit,
2838 5361 3166 5417 commoveri
3200 5374 3253 5415 et
3302 5354 3655 5429 collacrymari
3684 5358 3725 5401 et

2191 5452 2497 5515 conturbari
2530 5452 2829 5510 videamur.
2861 5452 2917 5505 Si
2952 5453 3115 5523 igitur
3148 5453 3303 5506 nobis
3336 5453 3517 5507 dicere
3548 5456 3722 5501 tantum

2190 5554 2246 5600 et
2282 5543 2470 5598 audire
2505 5558 2613 5597 non
2642 5552 2723 5597 est
2756 5544 3036 5597 ferendum
3073 5545 3187 5598 sine
3225 5544 3511 5614 lacrymis;
3546 5537 3723 5616 qualiS.

2194 5643 2380 5705 putas,
2417 5633 2718 5688 invenietur
2750 5648 2999 5691 mensura
3053 5635 3195 5690 illius
3228 5628 3725 5696 eonscientimiquis

2192 5724 2417 5781 sulliciet
2440 5740 2616 5780 sermo
2644 5725 2784 5781 illius
2807 5726 3064 5781 exhibere
3089 5727 3435 5782 dilectionem
3461 5725 3521 5777 ad
3548 5715 3724 5777 Deum?

2153 5823 2197 5853 "
2216 5823 2350 5876 Ibid.

2258 5918 2366 5981 (l9)
2404 5902 2856 5982 Interceperimns.
2882 5920 2960 5977 Cl.
2993 5919 3259 5979 suoracol.
3291 5918 3420 5974 1071
3450 5918 3513 5971 Α.
