3956 6512
262 443 419 501 ’10⁸17

1397 434 1485 493 DE
1518 434 2115 494 RESURRECTIONE.
2153 471 2220 482 —
2256 439 2386 499 LIB.
2422 441 2464 500 l.

3366 438 3504 493 1078

281 556 392 613 lter
423 555 597 611 simul'
622 554 847 610 faciebat
904 560 1067 624 pater
1098 565 1218 609 cum
1265 549 1407 619 filio,
1442 561 1498 606 et
1536 551 1677 605 inter
1734 550 1846 605 haec
1872 554 1919 611 A
1946 567 2059 614 eos.
2116 553 2324 608 nancte
2364 556 2448 609 hic
2493 570 2512 608 :
2550 571 2644 625 ego
2688 565 2860 609 autem
2903 566 2951 607 et
3004 571 3133 623 puer
3175 554 3508 608 ascendentes

286 648 454 705 multa
480 648 693 718 quidem
720 646 1059 713 dicebantur,
1080 644 1231 716 plura
1264 652 1441 699 autem
1468 644 1844 708 audiebantur,

287 751 348 797 et
382 740 591 794 inﬁnita
633 739 949 810 agebantur.
992 736 1159 793 Erant
1193 747 1373 792 autem
1419 738 1601 790 omnia
1652 734 1791 789 bona
1829 750 1844 787 :

290 834 385 889 Dei
425 833 571 888 enim
604 832 802 887 donum
832 841 951 886 erat
980 829 1151 896 lsaac,
1194 841 1249 884 et
1275 830 1523 898 portabat
1555 845 1569 881 :
1609 828 1699 897 qui
1728 842 1851 896 por-

290 923 474 1001 tabat?
503 923 640 977 forte
672 931 846 976 autem
871 936 974 975 non
999 921 1158 975 debet
1180 921 1283 975 dici
1310 919 1435 989 quia
1465 917 1851 989 portabat,,sed

291 1016 577 1075 candebat.
612 1015 679 1070 Et
706 1016 823 1070 dies
856 1028 960 1069 una
998 1014 1329 1080 transierat,
1360 1023 1412 1067 et
1445 1012 1671 1069 necdum
1707 1012 1856 1067 locus

291 1110 696 1165 ostendebatur.
722 1108 791 1162 Et
811 1108 1005 1163 noxlad
1040 1109 1203 1172 diem,
1233 1115 1288 1161 et
1320 1104 1553 1161 necdum
1583 1105 1646 1158 ad
1678 1103 1851 1157 locum

298 1202 565 1271 pervenit.
598 1202 661 1255 Et
709 1201 977 1254 secundus
1019 1199 1155 1263 dies,
1203 1205 1259 1251 et
1296 1206 1416 1264 post
1446 1194 1585 1248 diem
1638 1208 1763 1257 nox,
1804 1202 1859 1246 et

297 1289 402 1346 alia
444 1306 547 1346 nox
585 1309 598 1345 :
636 1298 690 1344 et
727 1291 960 1345 nondum
998 1288 1138 1352 finis,
1169 1289 1265 1346 sed
1297 1286 1576 1357 protensio
1599 1294 1717 1340 erat
1743 1294 1857 1339 ten-

300 1383 523 1439 tationis
550 1382 815 1447 dilatatio,
851 1389 905 1435 et
936 1380 1150 1449 quando
1190 1379 1535 1450 perveniret,
1569 1388 1623 1433 et
1648 1382 1860 1447 quando

298 1477 683 1531 ostenderetur
729 1474 876 1528 locus
921 1488 1041 1527 cum
1086 1472 1196 1540 jam
1242 1471 1512 1526 deberet:
1561 1469 1687 1540 quia
1731 1484 1861 1537 ergo

302 1566 487 1620 omnia
529 1581 649 1635 qua:
689 1574 815 1619 sunt
862 1573 917 1618 et
958 1563 1008 1617 in
1060 1562 1253 1617 Vetere
1280 1561 1628 1618 Testamento
1675 1559 1862 1614 formae

302 1668 463 1715 erant
499 1657 655 1720 Novi,
689 1658 845 1710 tertio
874 1656 959 1709 die
998 1664 1052 1709 et
1081 1655 1237 1709 tertia
1271 1664 1429 1709 nocte
1465 1660 1861 1708 sacramentum

302 1749 565 1820 unigeniti
630 1748 747 1802 Filii
811 1748 901 1802 Dei
956 1745 1322 1815 praecurrebat
1372 1758 1469 1814 per
1524 1742 1862 1814 unigenitum

1946 646 2283 700 adorabimus
2311 648 2364 699 in
2398 657 2590 715 monte,
2637 657 2685 701 et
2730 649 3101 717 regrediemur.
3133 647 3244 700 Hoc
3291 647 3506 716 quidem

1950 754 2055 793 non
2095 738 2356 808 speravit,
2403 740 2505 795 hoc
2549 751 2726 797 autem
2767 740 3098 811 impetravit,
3148 749 3201 792 et
3254 753 3384 791 usus
3427 744 3511 790 est

1951 828 2237 900 Deus-ejus
2266 828 2446 900 lingua
2484 831 2549 884 ad
2583 832 2941 901 prophetiam;
2984 834 3116 885 Cum
3152 844 3280 898 ergo
3318 827 3511 881 dicitur

1949 922 2221 977 Abraham
2261 922 2526 992 propheta
2552 961 2570 989 ,
2615 932 2667 978 et
2695 903 2954 992 quaeritur
2984 938 3013 975 a
3044 921 3228 976 multis
3270 921 3356 973 ubi
3388 934 3513 987 pro-

1954 1015 2258 1085 phetaverit
2292 1015 2606 1081 Abraham;
2640 1017 2782 1071 scire
2819 1025 3067 1086 oportet,
3113 1017 3237 1086 quia
3276 1014 3511 1068 maxime

1953 1107 2167 1176 quidem
2201 1106 2288 1162 cui
2322 1106 2578 1162 revelavit
2603 1106 2742 1163 Deus
2768 1108 3136 1177 semetipsum,
3165 1093 3511 1176 quantnm'et

1958 1197 2214 1268 possibile
2258 1198 2358 1252 fuit
2398 1198 2631 1253 Abrahae
2673 1207 2733 1253 ut
2772 1200 3103 1254 reve‘laretur
3128 1200 3215 1265 ei;
3259 1200 3357 1252 iste
3400 1198 3515 1267 ipse

1958 1295 2250 1348 vocabatur
2272 1290 2552 1362 pr0pheta.
2569 1290 2683 1345 Alia
2708 1301 2886 1345 autem
2912 1291 3212 1345 invenimus
3235 1306 3356 1343 eum
3387 1290 3510 1343 istic

1956 1386 2357 1455 prophetantem
2382 1401 2397 1438 :
2424 1398 2582 1439 unam
2612 1384 2827 1453 quidem
2850 1383 3201 1453 prophetiam,
3228 1400 3382 1451 quam
3401 1383 3510 1449 jam

1959 1476 2190 1530 diximus
2239 1492 2255 1529 :
2300 1475 2590 1529 secundam
2636 1483 2815 1530 autem
2847 1489 2965 1528 eam
2988 1515 3003 1539 ,
3036 1490 3154 1544 qua:
3190 1476 3509 1542 insequitur.

1963 1567 2068 1623 Sed
2102 1577 2417 1637 sequentem
2450 1564 2588 1620 forte
2618 1565 2795 1621 dicere
2820 1565 3179 1634 perniciosum
3203 1575 3304 1630 est,
3338 1575 3391 1617 et
3421 1581 3517 1617 au-

1961 1660 2079 1715 dire
2107 1658 2481 1729 perniciosius.
2511 1656 2972 1723 Quemadmodum
2995 1693 3010 1718 ,
3043 1665 3197 1722 putas
3222 1695 3237 1718 ,
3266 1654 3522 1708 sustinuit

1961 1765 2023 1806 ea
2051 1764 2169 1821 quae
2201 1763 2387 1820 passus
2412 1748 2531 1804 est?
2574 1750 3022 1819 quemadmodum
3060 1747 3297 1801 charitas
3341 1746 3520 1798 omnia

303 1842 576 1897 Abrahae:
617 1840 739 1909 quia
781 1848 960 1891 autem
996 1836 1317 1907 completum
1352 1842 1750 1889 sacramentum
1783 1839 1866 1886 est

1980 1844 2214 1899 iustinet.
2262 1842 2328 1897 Et
2370 1842 2522 1912 pueri
2572 1840 2785 1911 quidem
2823 1846 3223 1902 remanserunt,
3266 1838 3525 1906 prmcepit

305 1936 471 1991 trium
495 1934 725 1994 dierum,
750 1940 803 1986 et
828 1932 984 1984 trium
1017 1928 1279 1991 noctium,
1300 1935 1555 1980 ostensus
1583 1932 1668 1979 est
1693 1922 1862 1989 locus,
1897 1911 2107 1991 Brenim
2146 1911 2428 2003 dominus;
2456 1934 2726 1989 Abraham
2754 1944 2931 1988 amem
2962 1932 3235 2002 accipiens
3268 1931 3440 2000 ignem
3472 1939 3529 1982 ει

304 2026 541 2082 advenit
561 2033 616 2077 et
660 2034 869 2090 tempus
904 2038 919 2078 :
955 2018 1092 2074 forte
1128 2027 1304 2071 autem
1344 2016 1557 2086 putatis.
1588 2014 1696 2083 jam
1729 2011 1861 2066 libe—

306 2130 431 2171 rum
481 2127 603 2168 esse
642 2128 671 2166 a
718 2109 1014 2165 certamine
1055 2106 1412 2162 tentationum
1456 2104 1753 2158 Abraham.
1800 2101 1867 2155 Et

304 2215 458 2264 certe
484 2215 743 2275 quantum
779 2202 1101 2271 propinquat
1138 2208 1369 2267 tempus,
1402 2206 1611 2249 tantum
1647 2194 1867 2249 teutatio

308 2298 653 2371 protenditur
678 2296 816 2365 ejus.
851 2295 918 2347 Et
943 2293 1212 2347 Abraham
1241 2289 1368 2345 dicit
1391 2289 1455 2342 ad
1481 2303 1677 2358 pueros
1704 2304 1718 2341 :
1750 2286 1868 2339 Ma-

307 2402 425 2445 uete
448 2388 569 2453 hic;
600 2404 691 2456 ego
719 2395 892 2438 autem
928 2392 977 2437 et
1014 2382 1163 2450 ﬁlius
1180 2381 1515 2435 ascendemus
1539 2380 1592 2432 in
1622 2387 1866 2442 montem,

308 2488 591 2536 adorantes
621 2477 959 2531 remeabimus
988 2475 1055 2528 "'.
1088 2472 1291 2527 Timuit
1318 2472 1488 2534 enim,
1523 2485 1590 2524 ne
1621 2468 1768 2537 pueri
1804 2468 1870 2520 ad

310 2573 587 2628 dominum
626 2568 873 2624 allectum
902 2568 1180 2631 habentes,
1228 2572 1283 2617 et
1326 2561 1557 2616 maxime
1589 2560 1655 2613 ad
1688 2559 1872 2630 unige-

312 2664 507 2726 nitmn,
552 2660 932 2730 prohiberent-
952 2655 1109 2709 Certe
1153 2652 1277 2722 quia
1308 2663 1577 2719 nunquam
1613 2648 1875 2703 Dominus

313 2750 647 2808 sacrificium
678 2745 909 2802 hominis
937 2743 1091 2815 petit.
1124 2741 1422 2797 Audierant
1464 2748 1643 2794 autem
1673 2738 1877 2809 quiaet

311 2843 611 2901 secundum
677 2838 1092 2910 promissionem
1167 2833 1311 2889 Deus
1370 2833 1664 2887 donaverat
1729 2831 1877 2885 Isaac

316 2938 588 2993 Abrahae:
633 2934 903 2987 intuentes
935 2943 1063 2985 vero
1097 2935 1152 2982 et
1184 2934 1397 2982 aetatem
1426 2923 1658 2979 Abrahae
1693 2922 1744 2977 in
1774 2922 1878 2978 alio

315 3027 423 3096 iam
445 3034 684 3092 tempore
710 3021 1056 3075 constitutam
1084 3033 1101 3073 :
1133 3016 1256 3085 quia
1278 3015 1439 3087 igitur
1454 3029 1558 3069 non
1577 3013 1879 3068 consentie-

322 3128 452 3174 naut
475 3117 591 3187 (20)
615 3115 826 3185 negotio
852 3114 933 3168 his
959 3126 1077 3181 qua:
1105 3106 1616 3165 faciebatAbrabam
1643 3107 1882 3177 :possint

318 3209 463 3265 enim
498 3209 677 3262 dicere
715 3224 729 3260 :
775 3204 901 3270 quid
938 3202 1098 3258 oﬂ'ers
1132 3203 1241 3257 Deo
1272 3201 1438 3255 filium
1494 3216 1611 3256 non
1636 3199 1900 3268 petentii.

318 3301 443 3373 quis
466 3299 611 3354 enim
635 3307 690 3353 et
710 3307 836 3352 ante
863 3296 1040 3365 ipsum
1057 3294 1327 3362 iustorum
1357 3292 1458 3347 hoc
1480 3300 1574 3346 aut
1593 3306 1757 3345 ausus
1776 3300 1882 3356 est,

323 3398 419 3444 aut
442 3398 654 3443 tentare
686 3400 851 3440 ausus
882 3382 1005 3438 est?
1033 3386 1102 3437 ob
1134 3396 1297 3451 quam
1325 3380 1469 3437 enim
1503 3394 1718 3434 causam
1742 3388 1886 3447 petat

330 3478 476 3533 Deus
498 3491 645 3541 eum,
676 3489 835 3545 quem
878 3468 1140 3526 donavit?
1180 3484 1278 3523 cur
1309 3477 1489 3523 autem
1517 3475 1571 3521 et
1599 3464 1889 3521 transferat

328 3571 474 3627 Deus
496 3567 878 3639 promissiones
897 3563 1062 3618 suas?
1091 3570 1149 3616 ut
1174 3562 1302 3631 quid
1325 3568 1503 3615 autem
1534 3568 1588 3614 et
1609 3558 1756 3614 dedit
1772 3598 1788 3622 ,
1830 3568 1888 3612 ut

322 3673 380 3719 et
403 3659 654 3728 accipiat,
681 3670 841 3727 quem
878 3653 1138 3708 indulsit?
1172 3652 1280 3707 Hos
1312 3651 1663 3707 rationabiles
1687 3650 1889 3721 cogita-

326 3765 414 3807 tus
439 3754 637 3806 timens
660 3748 958 3812 Abraham,
994 3744 1234 3814 prtecipit
1264 3744 1446 3814 pueris
1470 3753 1806 3813 exspectare,
1834 3750 1890 3795 et

327 3860 510 3901 secum
558 3858 664 3897 non
707 3844 1032 3903 ascendere,
1069 3850 1137 3891 ne
1173 3836 1297 3905 quis
1339 3835 1409 3888 ob
1456 3849 1689 3889 amorem
1740 3834 1890 3890 Isaac

329 3936 572 3990 mitteret
616 3946 867 3995 manum,
906 3938 961 3983 et
1010 3925 1402 3982 contaminaret
1446 3923 1887 3979 immolationem.

328 4025 468 4093 Quid
498 4035 676 4078 autem
718 4021 843 4092 quia
874 4029 930 4074 et
957 4018 1129 4089 ipsam
1166 4016 1378 4079 Saram,
1411 4030 1569 4083 quam
1600 4025 1729 4084 puto
1758 4013 1892 4068 nihil

333 4116 556 4170 latuisse
579 4127 812 4182 unquam
835 4127 955 4180 qua:
980 4110 1250 4164 Abraham
1287 4105 1590 4177 cogitabat?
1614 4106 1728 4160 hate
1749 4104 1891 4157 enim

331 4206 661 4264 conscientia
690 4206 801 4274 ipsa
831 4202 1101 4256 aestimare
1127 4215 1223 4254 nos
1251 4198 1397 4262 facit,
1423 4212 1544 4265 qua:
1573 4196 1624 4249 in
1658 4195 1759 4249 illo.
1777 4203 1895 4249 erat

331 4299 604 4369 conjugio.
639 4296 729 4350 Illa
760 4311 918 4365 quam
960 4294 1091 4347 nihil
1124 4292 1277 4346 latuit
1305 4302 1693 4359 unquamquae
1718 4288 1892 4343 Abra-

335 4394 460 4445 ham
501 4390 708 4451 facere,
744 4396 835 4441 aut
879 4399 1096 4439 movere
1134 4383 1420 4445 voluisset,
1464 4380 1546 4434 vel
1592 4379 1833 4447 cogitare
1878 4396 1892 4433 :

333 4484 423 4539 illa
451 4482 717 4553 ignoravit
745 4480 872 4550 quia
900 4476 1206 4546 unigenitus
1230 4474 1370 4541 ejus,
1415 4472 1530 4527 illia.
1560 4472 1759 4526 sterilis
1786 4470 1897 4525 fru-

1965 2024 2189 2096 lignaet
2224 2023 2492 2094 gladium,
2522 2022 2764 2076 ascendit
2790 2037 2910 2075 cum
2945 2019 3076 2084 filio,
3128 2020 3238 2087 ipse
3280 2017 3388 2071 lilio
3425 2031 3524 2069 suo

1969 2118 2248 2187 imponens
2280 2114 2442 2184 ligna.
2485 2111 2557 2166 Et
2581 2120 2727 2167 certe
2771 2110 2972 2165 scimus
3002 2110 3273 2163 Abraham
3317 2122 3410 2174 per
3438 2121 3525 2160 se-

1972 2211 2260 2280 metipsum
2333 2205 2559 2261 vitulum
2632 2214 2932 2276 portantem
3004 2205 3069 2261 ad
3131 2203 3524 2272 susceptionem

1971 2318 2155 2359 eorum
2188 2302 2277 2370 qui
2314 2302 2662 2355 advenerant.
2689 2298 2827 2364 Quid
2856 2310 3033 2353 autem
3062 2313 3202 2353 nunc
3231 2312 3329 2351 nec
3355 2294 3526 2363 parti-

1976 2409 2062 2453 tus
2086 2412 2207 2453 cum
2240 2395 2350 2449 filio
2377 2394 2583 2463 pondus
2622 2402 2724 2452 est,
2763 2391 2855 2447 sed
2885 2392 3064 2444 omnia
3093 2391 3233 2458 ligna
3259 2388 3532 2455 imposuit

1973 2488 2101 2552 filio,
2132 2486 2318 2541 volens
2370 2485 2478 2554 jam
2515 2492 2793 2552 acceptmn
2828 2482 3027 2535 habere
3068 2478 3530 2546 donum?signifl—

1974 2578 2131 2634 cabat
2158 2574 2481 2646 autem‘quia
2512 2576 2733 2645 incipiet
2762 2569 3527 2641 intmolari,-quemadmodum

1976 2680 2191 2741 portare
2221 2683 2438 2725 crucem
2473 2682 2570 2738 per
2610 2667 2979 2736 semetipsum.
3007 2665 3139 2719 Cum
3180 2674 3356 2716 autem
3405 2676 3533 2731 pro-

1976 2769 2219 2817 moveret
2248 2760 2369 2823 iter,
2410 2767 2464 2813 et
2502 2765 2883 2826 agnosceretur
2923 2755 3120 2808 montis
3148 2766 3433 2813 cacumen,
3477 2758 3533 2803 et

1979 2853 2116 2923 ignis
2161 2853 2213 2906 in
2244 2850 2439 2913 medio,
2478 2858 2528 2905 et
2556 2849 2697 2917 ligna
2739 2847 2791 2900 in
2824 2845 2963 2901 collo
2994 2844 3144 2898 Isaac
3179 2842 3533 2905 haberentur,

1979 2952 2030 2998 el
2056 2940 2608 3013 gladius-appareret;
2638 2936 2806 2991 Isaac
2830 2934 3064 3003 undique
3094 2932 3350 3002 prudens,
3383 2929 3525 2998 quod

1984 3034 2071 3088 alii
2106 3031 2255 3102 pueri
2277 3046 2391 3085 non
2424 3030 2628 3094 dixere,
2661 3030 2762 3083 iste
2795 3027 3022 3096 requirit
3054 3040 3083 3078 a
3133 3032 3301 3091 patre.
3340 3020 3540 3076 Tenta-

1944 3152 1945 3155 η
1985 3127 2181 3178 tionem
2210 3130 2395 3190 utpote
2429 3135 2590 3189 quam
2632 3117 2865 3172 habebat
2899 3125 3070 3183 pater,
3106 3113 3374 3181 eloquitur
3418 3111 3538 3164 dul-

1908 3240 1952 3298 c
1986 3215 2230 3278 cissima,
2265 3223 2355 3267 aut
2390 3212 2566 3282 potius
2606 3211 2737 3264 dura
2786 3221 2918 3261 voce
2967 3222 2980 3259 :
3011 3205 3181 3273 magis
3214 3212 3393 3257 autem
3428 3217 3535 3254 non

1988 3315 2195 3361 tantum
2234 3320 2418 3375 grave,
2450 3310 2706 3372 quantum
2732 3298 2908 3354 dulce.
2945 3296 3101 3351 Pater
3126 3291 3291 3359 enim,
3326 3294 3496 3362 inquit
3524 3310 3540 3347 :

1987 3395 2181 3453 suﬁicit
2216 3396 2318 3451 hoc
2342 3397 2406 3448 ad
2436 3390 2755 3448 ﬂectendum
2787 3400 2993 3458 patrem
3039 3407 3054 3443 :
3102 3387 3299 3457 quique
3327 3395 3381 3438 et
3410 3396 3540 3437 con-

1982 3489 2161 3561 jungit
2190 3487 2291 3540 alia
2319 3497 2373 3540 et
2398 3484 2527 3539 dicit
2558 3500 2574 3538 :
2615 3482 2745 3536 Ecce
2784 3483 2942 3551 ignis.
2976 3496 3094 3534 ecce
3136 3480 3300 3547 ligna,
3348 3477 3434 3528 ubi
3459 3483 3545 3527 est

1988 3581 2097 3634 ovis
2141 3580 2203 3632 in»
2231 3576 2552 3643 sacriﬁcium
2597 3574 2683 3627 ’l'?
2713 3574 2862 3640 Quis-
2891 3573 3043 3627 alius
3077 3579 3341 3639 portasset
3384 3567 3542 3618 istam

1990 3668 2209 3724 vocem?
2257 3665 2333 3721 Ex
2386 3666 2505 3720 aliis
2550 3664 2764 3734 quidem
2816 3662 3122 3717 hominibus
3165 3658 3358 3711 nullus.
3401 3654 3550 3709 iusto

1990 3775 2116 3830 ergo
2146 3759 2304 3813 Deus
2352 3752 2877 3811 Abraham-dilexit.
2928 3748 3317 3804 Adamantinus
3365 3754 3546 3797 autem

1991 3850 2099 3913 ille,
2145 3845 2535 3918 unigeniti-sui
2582 3843 2831 3915 sagittam
2884 3842 3175 3908 accipiens,
3226 3853 3329 3889 unu
3376 3835 3546 3887 tacuit

1992 3938 2317 4005 ferens,.sed
2349 3936 2518 4004 potuit
2542 3933 2704 4001 loqui,
2734 3930 2905 4001 potuit
2931 3931 3273 3999 respondere,
3296 3934 3349 3978 et
3376 3936 3547 3989 neque

1994 4030 2226 4099 linguam
2253 4026 2450 4081 aliendi
2482 4024 2730 4079 dentibus
2762 4039 2776 4074 :
2813 4026 3244 4090 potuere‘autem
3276 4023 3328 4069 et
3360 4014 3550 4065 dentes

1995 4122 2192 4193 aperiri
2222 4129 2277 4174 et
2304 4120 2434 4172 dare
2464 4114 2697 4185 spatium
2731 4115 2923 4184 linguae
2963 4126 2977 4163 :
3018 4111 3109 4163 sed
3145 4122 3242 4161 nec
3278 4108 3413 4158 forte
3445 4104 3547 4155 ista

1996 4215 2177 4270 dicere
2204 4215 2269 4267 de
2298 4210 2389 4263 illo
2416 4209 2617 4262 licitum
2649 4215 2751 4260 est.
2781 4204 2895 4257 Non
2922 4204 3065 4257 enim
3097 4216 3161 4255 ex
3198 4199 3281 4253 his
3310 4212 3428 4265 qua:
3453 4208 3550 4247 nos

1998 4306 2252 4376 patimur,
2282 4302 2424 4357 illius
2463 4300 2717 4353 virtutem
2764 4308 3080 4351 accusemus
3117 4309 3130 4345 :
3168 4291 3261 4345 sed
3302 4297 3357 4342 et
3400 4287 3555 4339 laetus

1998 4412 2052 4456 et
2080 4400 2377 4465 exsultans,
2426 4405 2546 4452 erat
2596 4394 2739 4448 enim
2796 4390 3105 4452 Abraham,
3164 4381 3439 4452 respondit
3491 4378 3558 4431 ad

2000 4494 2165 4548 filium
2194 4508 2299 4548 non
2331 4490 2620 4549 crudeliter
2651 4502 2825 4557 neque
2850 4485 3159 4541 inhumane,
3192 4477 3284 4532 sed
3315 4473 3561 4538 religiose

333 4572 601 4637 mustine
632 4588 699 4626 ex
730 4572 999 4642 insperato
1034 4568 1206 4631 ﬁlius’
1244 4569 1329 4623 me
1362 4567 1452 4637 qni
1504 4575 1657 4620 cura
1685 4570 1896 4617 malem
1929 4587 1973 4643 D
2001 4593 2056 4637 et
2083 4584 2168 4653 pie
2200 4600 2212 4636 :
2259 4582 2384 4635 dicit
2409 4581 2553 4634 enim
2595 4580 2658 4633 ad
2710 4577 2877 4631 ﬁlium
2921 4591 2935 4628 :
2977 4574 3226 4627 Dominus
3274 4566 3563 4637 providebit

337 4674 656 4736 procreatus
685 4674 770 4719 est
804 4681 818 4718 :
855 4662 944 4716 illa
979 4661 1242 4731 ignoravit
1286 4661 1410 4729 quia
1449 4660 1559 4713 Deo
1586 4656 1893 4721 ollerretur,

338 4759 427 4829 qui
459 4757 754 4812 donaverat
788 4772 804 4809 :
836 4766 894 4807 ut
924 4768 1026 4806 non
1058 4752 1199 4807 sicut
1231 4749 1520 4818 aliquando
1545 4748 1661 4802 risit
1693 4748 1898 4815 impor-

339 4862 466 4904 tune
490 4849 544 4901 in
574 4844 928 4915 promissione
951 4845 1087 4913 ejus,
1109 4851 1163 4896 et
1188 4856 1327 4895 nunc
1356 4840 1901 4910 ploransimportune

341 4939 623 5009 Impediret
650 4934 1071 4990 immolationem
1106 4951 1120 4987 :
1155 4931 1248 4986 sed
1286 4931 1447 4984 tacita
1487 4938 1709 4984 resest.
1735 4938 1789 4983 et
1829 4928 1896 4981 ad

342 5031 554 5085 Saram.
590 5028 667 5081 lta
702 5026 844 5081 enim
877 5023 1083 5078 sciebat
1123 5031 1176 5075 et
1205 5020 1510 5086 Abraham,
1541 5028 1595 5071 et
1620 5026 1743 5072 ante
1786 5034 1901 5071 mu-

343 5123 567 5185 lierem,
619 5129 673 5174 et
712 5119 903 5173 Saram
951 5115 1332 5184 praelionorare
1389 5112 1479 5166 Dei
1532 5119 1897 5179 prznceptum;

346 5212 551 5267 sciebat
581 5218 759 5264 autem
789 5217 843 5261 et
873 5216 995 5261 ante
1037 5206 1370 5274 unigenitum
1415 5218 1570 5257 suum
1596 5241 1611 5267 ,
1657 5216 1777 5257 eum
1808 5202 1899 5269 qui

348 5305 641 5359 donaverat
674 5303 971 5355 honorare.
998 5300 1105 5353 Sed
1141 5313 1314 5367 neque
1343 5296 1378 5349 ii
1414 5293 1503 5363 qui
1538 5294 1643 5347 iter
1679 5307 1799 5346 cum
1837 5305 1902 5344 eo

348 5397 614 5462 fecerant,
672 5395 913 5450 sciebant
963 5395 1319 5465 mysterium,
1374 5392 1466 5445 sed
1520 5399 1903 5444 sacramentum

358 5507 512 5545 neum
533 5534 548 5555 ,
580 5490 772 5559 inquit,
808 5487 957 5542 mihi.
985 5485 1189 5540 Tamen
1234 5486 1455 5555 cupiens
1481 5481 1752 5536 Abraham
1783 5494 1907 5534 sua-

353 5586 473 5638 dere
500 5583 680 5651 pueris
708 5590 767 5635 ut
807 5587 1183 5641 remanerent,
1214 5578 1425 5633 locutus
1464 5585 1547 5631 est
1588 5574 1640 5629 id
1681 5573 1747 5628 ad
1789 5588 1902 5635 eos,

356 5675 487 5747 quod
521 5688 619 5729 nec
649 5674 761 5743 ipse
796 5672 1075 5742 speravit,
1105 5685 1202 5724 nec
1242 5670 1407 5724 sensit
1443 5686 1456 5723 :
1499 5666 1807 5722 dicit.euim
1840 5666 1904 5720 ad

416 5791 459 5821 ³⁷
484 5788 619 5843 Gen.
646 5803 782 5851 xxn,
806 5788 857 5842 5.
919 5787 963 5818 ’⁸
985 5785 1116 5841 Gen.
1144 5800 1277 5847 xm,
1308 5784 1359 5837 7.
1416 5786 1459 5817 ”
1486 5782 1613 5839 ibid.
1635 5784 1689 5841 8.

422 5880 532 5950 μθ)
570 5879 809 5953 Negotia.
842 5880 1004 5936 Forte
1033 5882 1273 5945 “negl-“ar
1293 5891 1403 5938 ηε.

2002 4689 2145 4729 ovem
2169 4671 2428 4741 sacrificio
2459 4686 2576 4733 suo,
2598 4668 2684 4734 fili
2702 4667 2772 4719 -²⁹.
2798 4666 2936 4719 Ecce
2965 4662 3065 4715 alia
3106 4659 3385 4730 pr0phetia
3408 4695 3423 4720 ,
3448 4668 3564 4722 qua:

2002 4764 2071 4819 ab
2098 4779 2163 4820 eo
2196 4765 2297 4833 qui
2318 4763 2525 4817 locutus
2551 4770 2635 4814 est
2657 4800 2674 4826 ,
2708 4758 3054 4827 ignorabatur
3089 4772 3102 4807 :
3135 4751 3437 4821 Oppositum
3472 4761 3566 4796 au-

2005 4863 2111 4909 tem
2138 4863 2255 4907 erat
2280 4852 2420 4921 quod
2446 4851 2542 4913 ait,
2577 4850 2833 4903 Dominus
2858 4846 3144 4917 providebit
3178 4858 3317 4895 ovem
3357 4833 3565 4904 sacriﬁ-

2006 4948 2086 4999 cio
2118 4962 2235 5009 suo,
2277 4944 2377 5013 ﬁli.
2422 4943 2574 4997 Sicut
2605 4941 2747 4996 enim
2783 4940 2872 4994 ille
2904 4939 3164 5006 incipiens
3193 4946 3437 4985 sermone
3468 4930 3563 4989 ait,

2006 5050 2199 5109 pater:
2227 5040 2299 5092 ita
2340 5039 2441 5091 iste
2466 5036 2790 5104 consignans
2820 5033 3063 5093 verbum,
3106 5028 3252 5089 dicit,
3278 5023 3372 5090 ﬁli.
3404 5021 3565 5074 Audi-

2009 5135 2085 5187 vit
2112 5147 2285 5190 ovem.
2324 5140 2378 5185 et
2422 5129 2628 5199 accepit
2660 5138 2717 5180 ut
2763 5142 2792 5178 a
2836 5134 3011 5194 patre,
3044 5129 3223 5173 certus
3258 5117 3383 5184 quia
3424 5115 3565 5179 quod

2010 5226 2285 5280 inventum
2358 5224 2573 5278 interim
2648 5235 2751 5273 non
2809 5226 2964 5281 erat,
3022 5211 3373 5266 inveniretur.
3428 5204 3564 5258 Cum

2010 5327 2188 5373 autem
2233 5317 2605 5387 pervenissent
2652 5313 2715 5365 ad
2770 5312 2977 5371 locum,
3040 5303 3339 5357 tedificahat
3399 5302 3571 5351 Abra-

2012 5410 2134 5464 ham
2176 5407 2432 5463 festinans
2463 5407 2651 5467 altare,
2710 5414 2759 5456 et
2811 5417 2933 5456 cum
2974 5394 3385 5455 construxisset,
3424 5406 3572 5445 men-

2015 5504 2165 5557 titur.
2210 5503 2275 5554 ad
2326 5500 2489 5553 filium
2554 5494 2905 5566 promissione
2952 5490 3063 5562 (21)
3128 5502 3249 5557 qua:
3314 5500 3407 5555 per
3465 5482 3571 5535 lin-

2013 5608 2169 5663 gnam
2212 5590 2386 5645 fuerat
2444 5587 2604 5643 facta.
2641 5601 2745 5640 non
2811 5593 2987 5637 tamen
3044 5592 3163 5633 eam
3221 5592 3339 5647 quae
3372 5577 3420 5628 in
3453 5587 3574 5627 cor-

2014 5690 2080 5743 de
2154 5693 2269 5740 erat
2344 5683 2623 5737 absconsa.
2690 5678 2754 5731 Et
2815 5674 3023 5731 accedit
3087 5678 3242 5742 pater
3304 5667 3576 5723 Abraham

2084 5870 2203 5935 (3|)
2228 5864 2603 5923 Bromiuione.
2626 5863 2705 5919 An
2729 5856 3160 5915 oromissioncmr?
