3956 6516
493 424 628 480 1079

1158 424 1421 480 EL‘SEBII
1461 424 1933 481 CAESARIENSIS
1970 425 2115 483 ΟΡΡ.
2158 424 2336 479 PARS
2373 423 2463 479 Ν.
2502 455 2570 464 —
2604 424 3015 481 DOGMATICA.

3574 428 3712 489 £080

492 556 543 601 et
585 545 787 599 accedit
816 546 883 596 ad
907 543 1075 607 lsaac,
1114 553 1169 597 et
1210 545 1339 613 ligat
1375 561 1389 597 :
1424 545 1592 598 tilium
1626 546 1894 599 Abraham
1927 546 2046 613 liga-
2081 551 2123 604 Α
2156 554 2377 621 tionem.
2409 543 2628 611 Accepit
2672 543 2947 597 Abraham
2989 542 3282 598 secundum
3330 543 3521 600 lilium.
3546 545 3711 607 Putas

492 638 587 697 sit,
615 651 671 689 ιιι
701 651 798 689 nec
822 636 1103 703 palpitans,
1132 652 1228 690 nec
1251 651 1308 689 se
1338 653 1559 690 movens
1590 640 1824 691 turbaret
1857 640 2049 689 immo-

492 728 765 782 lationem.
790 727 927 793 Quo,
960 738 1134 797 putas.
1164 729 1312 781 vultu
1340 731 1659 798 respiciebat
1691 732 1852 783 lilium
1882 730 2051 782 Abra-

490 821 651 874 ham?
680 822 801 889 quis
833 822 879 875 ei
917 831 1035 875 erat
1079 822 1265 875 color?
1311 823 1757 890 quemadmodum
1788 823 1904 875 sine
1936 831 2048 873 tre-

489 924 638 965 more
680 926 873 965 manus
900 913 1303 978 operahantur?
1340 914 1483 980 quis,
1532 922 1709 981 putas.
1766 923 1889 965 ttmc
1934 922 2050 964 erat

488 996 637 1055 lsaac
668 1002 719 1055 in
754 1003 835 1056 his
866 1004 1205 1063 constitutus.
1241 1013 1426 1058 tacens
1482 1013 1575 1056 aut
1613 1002 1871 1070 loquens?
1900 1003 2051 1056 εισι-ιω

487 1102 641 1160 plura
660 1096 801 1147 enim
844 1095 943 1148 hoc
978 1096 1163 1148 tacuit.
1193 1096 1354 1149 Putas
1394 1096 1515 1165 quia
1547 1096 1705 1163 justis
1737 1096 1787 1147 in
1820 1094 1903 1147 bis
1936 1109 2049 1149 ser-

488 1187 736 1240 monibus
773 1202 900 1241 usus
924 1187 1041 1240 est?
1068 1187 1184 1240 Noli
1216 1189 1357 1241 enim
1388 1188 1665 1242 attendere
1700 1188 1743 1241 si
1771 1203 1922 1256 puer,
1954 1189 2046 1242 sed

486 1277 610 1344 quia
646 1278 793 1332 Isaac
823 1288 942 1331 erat
982 1279 1123 1331 tilius
1150 1280 1399 1333 Abrahaa.
1447 1280 1610 1332 Putas
1658 1295 1765 1331 non
1802 1280 1935 1333 dixit
1980 1280 2045 1333 ad

486 1377 697 1435 patrem
746 1387 758 1422 :
793 1373 1008 1438 quando
1036 1372 1175 1425 Deus
1203 1370 1525 1424 sacrificium
1576 1369 1851 1423 hominum
1886 1372 2044 1438 depo-

484 1458 632 1512 scit?
661 1461 789 1529 quid
825 1462 997 1516 lacis?
1026 1464 1219 1515 donum
1261 1476 1377 1515 sum
1416 1461 1503 1517 Dei
1549 1479 1563 1515 :
1596 1462 1710 1514 sine
1734 1461 2044 1530 paenitentia

483 1556 612 1600 Sunt
639 1564 757 1617 quae
788 1565 817 1601 a
862 1548 967 1603 Deo
995 1560 1117 1603 sunt
1148 1552 1284 1603 dona
1317 1567 1329 1602 :
1361 1548 1485 1617 quid
1515 1549 1727 1617 spernis
1769 1550 2045 1619 gratiam?

482 1638 613 1705 Quid
640 1653 827 1694 contra
871 1642 1196 1695 voluntatem
1231 1641 1483 1696 donantis
1518 1641 1779 1696 interﬁcis
1807 1642 2045 1695 donum?

484 1728 650 1783 Erant
688 1734 849 1784 multa
880 1750 999 1801 quae
1051 1735 1379 1787 dicerentur.
1416 1730 1525 1786 Cur
1550 1742 1727 1783 autem
1770 1742 1823 1783 et
1874 1740 2045 1784 mater

483 1838 590 1874 non
620 1826 867 1891 agnovit?
891 1827 934 1878 si
961 1827 1102 1879 enim
1132 1825 1450 1879 rationabile
1475 1834 1559 1877 est
1585 1824 1726 1889 quod
1755 1822 1835 1885 fit,
1862 1838 1963 1876 cur
1989 1832 2043 1875 et

481 1931 508 1966 a
542 1916 709 1967 servis
739 1915 1115 1969 abscondisti?
1138 1916 1180 1968 si
1208 1925 1387 1969 autem
1415 1925 1467 1967 et
1492 1915 1593 1968 hoc
1636 1913 1753 1967 ﬁeri
1801 1916 2039 1983 deberet,
2078 1886 2119 1944 Β

480 2022 578 2059 cur
605 2007 732 2059 mihi
764 2008 860 2075 ipsi
897 2008 996 2061 hoc
1031 2008 1203 2075 ipsum
1238 2021 1342 2059 non
1376 2004 1549 2073 palam
1588 2005 1765 2058 facere
1793 2004 2045 2058 voluisti?

478 2099 909 2166 promissionem,
943 2113 1103 2166 quam
1146 2096 1325 2151 dixisti
1359 2095 1582 2164 exigens
1613 2116 1625 2149 :
1663 2096 1839 2149 dixisti
1874 2096 2039 2160 enim,

476 2189 602 2256 quia
631 2188 772 2242 Deus
800 2206 940 2242 orem
967 2190 1250 2257 providebit
1278 2188 1541 2257 sacriﬁcio
1564 2205 1659 2243 suo
1689 2204 1707 2241 :
1747 2189 1917 2243 lidelis
1960 2204 2041 2251 es,

476 2279 646 2335 redde
696 2280 929 2335 fructum
985 2281 1138 2342 lidei,
1202 2292 1402 2350 utpote,
1465 2296 1583 2349 quae
1630 2280 1835 2335 dixisti.
1878 2281 2042 2334 Erant

477 2374 641 2427 multa
679 2390 796 2443 qua:
829 2376 1152 2429 dicerentur.
1212 2375 1275 2429 Et
1318 2390 1422 2430 non
1455 2376 1641 2443 utique
1685 2390 1747 2429 ea
1795 2389 1913 2443 quae
1941 2390 2041 2428 nos

476 2464 706 2517 dicimus
741 2484 751 2516 :
780 2465 891 2532 ipsa
921 2464 1132 2519 etiamsi
1169 2481 1272 2518 non
1298 2465 1402 2519 sint
1432 2465 1657 2534 scripta,
1680 2464 1786 2531 jam
1819 2480 1916 2518 nos
1944 2466 2039 2517 ad-

472 2554 677 2608 ducunt
704 2555 769 2607 ad
798 2570 932 2607 rem.
971 2555 1208 2609 Movetur
1238 2556 1379 2609 enim
1412 2568 1613 2610 sensus
1645 2567 2038 2625 consequenter

470 2656 533 2698 ut
585 2659 705 2699 sese
749 2647 1017 2714 negotium
1072 2647 1255 2711 habet,
1288 2658 1343 2701 et
1376 2646 1727 2701 advenientes
1762 2662 1955 2703 sensus
1982 2648 2034 2700 in

471 2738 563 2793 illo
593 2748 719 2793 tunc
755 2750 993 2807 tempore
1026 2740 1076 2793 in
1118 2756 1224 2808 quo
1254 2741 1369 2794 hare
1397 2742 1693 2808 agebantur
1717 2744 2033 2809 cogitemus.

469 2826 530 2883 Si
562 2828 729 2882 tacuit
765 2827 941 2891 Isaac,
985 2830 1202 2895 grandis
1235 2829 1523 2883 admiratio
1556 2841 1640 2883 est
1684 2848 1698 2884 :
1746 2846 1789 2883 st
1822 2830 2038 2885 dicebat

468 2918 668 2973 lterum
703 2919 928 2987 aliquid,
960 2922 1061 2974 alia
1094 2922 1401 2975 admiratio.
1436 2923 1901 2989 Quemadmodum
1940 2938 2035 2988 po-

467 3014 571 3066 tuit
620 3014 892 3067 sustinere
944 3013 1132 3082 pater?
1185 3014 1451 3081 quomodo
1498 3014 1791 3067 currebant
1843 3029 2035 3067 manus

465 3103 623 3173 ejus?
656 3103 761 3159 Sed
789 3107 904 3159 istae
932 3105 1324 3160 admirationes
1363 3105 1413 3157 in
1443 3104 1561 3157 aliis
1597 3104 1905 3159 hominibus
1937 3104 2033 3158 ha-

470 3196 666 3251 bentur
697 3216 712 3252 :
750 3197 800 3251 in
831 3196 1103 3251 Abraham
1143 3205 1321 3251 autem
1356 3194 1627 3249 contraria
1652 3202 1772 3247 erat
1797 3194 2029 3248 admira-
2054 3233 2099 3292 ϐ

469 3288 561 3341 tio.
594 3286 743 3343 Finis
767 3297 947 3343 autem
973 3288 1242 3344 sermonis
1275 3305 1289 3341 :
1325 3286 1462 3341 forte
1490 3295 1747 3357 urgentur
1775 3286 2029 3341 uniuscu-

461 3378 657 3447 jusque
683 3380 894 3434 viscera
931 3398 942 3432 :
971 3390 1025 3435 et
1064 3381 1205 3449 quod
1237 3389 1320 3433 est
1350 3380 1650 3433 mirandum
1682 3395 1696 3429 :
1730 3379 1857 3447 quia
1895 3378 2029 3433 certi

462 3483 530 3523 ex
580 3467 875 3537 Scripturis
906 3485 1025 3537 qum
1068 3471 1177 3523 sint
1226 3480 1366 3531 acta,
1397 3479 1450 3523 et
1487 3471 1610 3539 quis
1656 3469 1817 3524 fuerit
1855 3470 2031 3523 exitus

469 3561 805 3629 negotiorum
835 3599 850 3622 ,
909 3571 1162 3629 tanquam
1211 3560 1577 3627 periclitantes
1622 3574 1907 3621 sermone.
1962 3574 2029 3613 ne

463 3650 590 3716 quid
618 3648 758 3700 aliud
784 3650 1091 3715 proveniret
1119 3650 1258 3717 quod
1292 3658 1371 3701 est
1400 3650 1683 3717 scriptum,
1713 3651 1782 3703 ita
1809 3650 2025 3704 solliciti

463 3751 675 3793 sumus.
719 3737 996 3803 Completa
1044 3736 1262 3790 fuerunt
1305 3738 1536 3792 Abrahae
1578 3738 1755 3799 omnia
1807 3754 1925 3805 quae
1960 3740 2025 3793 ad

462 3828 803 3883 alacritatem
846 3828 1157 3882 tendebant.
1190 3828 1411 3898 Ligatus
1442 3830 1509 3883 ab
1549 3844 1613 3884 eo
1653 3829 1827 3883 fuerat
1862 3830 2020 3896 ﬁlius,

458 3931 514 3974 et
533 3920 800 3975 exaltatus
829 3920 878 3972 in
906 3921 1095 3985 altare,
1120 3931 1172 3976 et
1194 3923 1404 3990 positus
1433 3937 1593 3991 supra
1620 3922 1783 3992 ligna,
1808 3934 1864 3978 et
1885 3923 2025 3979 ﬁlius

460 4014 688 4080 desuper
723 4012 970 4080 alligatus
1000 4030 1013 4067 :
1044 4022 1098 4067 et
1125 4022 1277 4081 pater
1311 4013 1467 4066 veldx
1494 4029 1649 4067 manu
1677 4015 1908 4081 gladium
1932 4031 2023 4083 ap-

457 4102 760 4169 prehendit.
786 4101 901 4167 Quo
921 4113 1141 4171 accepto
1162 4104 1484 4171 preperabat
1501 4104 1768 4167 occidere,
1794 4121 1898 4158 non
1922 4105 2022 4159 dif-

457 4193 638 4246 ferens
674 4196 873 4261 quippe
913 4193 1249 4247 alacritatem
1274 4209 1338 4247 ac
1366 4195 1585 4247 donum.
1618 4195 1743 4249 Erat
1766 4208 1941 4250 autem
1968 4206 2023 4250 et

456 4299 616 4338 manu
653 4293 706 4338 et
738 4285 1016 4339 alacritate
1044 4285 1215 4352 patris
1242 4285 1493 4350 Abraha-,
1520 4285 1609 4340 Dei
1636 4288 1869 4342 velocior
1896 4304 2017 4343 vox.

452 4374 727 4430 Abraham
754 4378 843 4444 qui
880 4376 1165 4430 alacritate
1188 4388 1560 4444 praecesserat,
1584 4388 1855 4446 praecepto
1884 4394 2018 4446 prse-

451 4480 646 4519 ventus
675 4477 757 4519 est
798 4468 911 4521 Dei.
941 4468 1230 4531 Abraham,
1268 4468 1569 4519 Abraham:
1605 4469 1683 4521 bis
1718 4469 1889 4521 utitur
1923 4484 2017 4523 vo-

2157 635 2423 698 tristatus,
2467 636 2593 702 quia
2660 650 2771 688 non
2832 634 3057 703 perfecit
3108 647 3412 705 promptum
3469 640 3710 693 animum

2158 728 2355 779 suum?
2386 727 2478 779 sed
2536 727 2805 779 Abraham
2840 737 2944 788 est,
2990 728 3161 783 nescit
3213 730 3439 786 tristari.
3493 731 3713 799 Ignorat

2152 817 2498 885 praescribere
2525 818 2574 870 id
2601 817 2741 884 quod
2784 816 3022 883 gaudens
3053 819 3258 885 accepit
3288 835 3302 870 :
3332 834 3434 872 non
3460 823 3584 889 quia
3605 838 3713 876 non

2150 910 2363 963 obtulit.
2398 911 2537 963 Deus
2577 910 2851 978 prtecepit,
2899 910 3135 979 gaudens
3181 912 3375 965 obtulit
3409 929 3421 964 :
3456 916 3548 967 sed
3584 916 3712 981 quia

2150 1002 2203 1055 in
2230 1002 2375 1055 nullo
2434 1002 2747 1056 inobediens
2793 1001 2912 1056 fuit.
2967 997 3067 1054 Ubi
3119 1015 3247 1070 ergo
3295 1012 3377 1055 est
3424 1004 3713 1072 prophetia

2148 1108 2307 1162 quam
2342 1093 2415 1145 ait
2447 1093 2746 1154 Abraham,
2793 1090 2927 1145 Deus
2982 1093 3270 1157 providebit
3312 1094 3577 1160 sacriﬁcio
3615 1111 3713 1147 suo

2148 1186 2327 1238 ovem?
2356 1183 2490 1237 Num
2523 1185 2753 1238 otiosum
2787 1184 2887 1236 erit
2939 1183 3139 1237 altare?
3176 1183 3310 1237 Num
3366 1200 3594 1239 vacuum
3632 1195 3715 1240 to-

2148 1284 2256 1329 tum
2289 1274 2428 1343 quod
2458 1276 2655 1327 factum
2694 1275 2810 1329 est?
2836 1275 2970 1341 Quid
3004 1286 3177 1328 autem
3207 1290 3341 1343 opus
3378 1285 3497 1330 erat
3537 1278 3713 1334 videri

2147 1367 2331 1421 ludere
2364 1366 2569 1419 Deum?
2596 1366 2649 1420 Si
2680 1367 2821 1421 enim
2852 1368 2951 1421 iste
2981 1367 3193 1436 quidem
3221 1382 3323 1420 non
3361 1366 3713 1433 oﬂ‘erebatur,

2146 1456 2288 1511 Deus
2324 1469 2499 1510 autem
2548 1460 2803 1526 prazccpit
2847 1473 2970 1513 eum
3017 1458 3220 1521 olTerri,
3260 1459 3472 1512 oblatus
3503 1467 3711 1525 autem,

2146 1565 2251 1603 non
2282 1559 2366 1603 est
2390 1550 2598 1603 oblatus
2635 1570 2647 1605 :
2684 1551 2811 1619 quid
2836 1552 3198 1605 necessarium
3228 1561 3341 1604 erat
3372 1550 3422 1604 in
3453 1568 3510 1605 re
3536 1568 3550 1604 :
3582 1552 3716 1618 quid

2147 1642 2516 1694 necessarimn
2570 1643 2734 1695 erat?
2776 1644 3060 1711 oportebat
3123 1642 3455 1711 pvml‘ormari
3497 1641 3713 1697 Novum

2147 1729 2552 1785 Testamentum
2589 1748 2616 1784 a
2644 1731 2836 1786 Vetere
2859 1732 2953 1788 ?et
2976 1735 3112 1799 apud
3135 1733 3347 1786 Judaeos
3377 1734 3593 1800 quidem
3622 1743 3716 1788 aut

2148 1836 2313 1889 parva
2344 1822 2694 1875 inveniuntur
2728 1823 2827 1876 ista
2858 1832 2949 1875 aut
2975 1826 3169 1876 utiosa.
3194 1824 3247 1875 Si
3292 1834 3469 1876 autem
3502 1824 3713 1879 Novum

2148 1912 2387 1965 additum
2444 1911 2606 1967 fuerit
2648 1913 3077 1979 Testamentum,
3109 1923 3162 1967 et
3216 1914 3392 1970 lumen
3447 1916 3716 1971 eﬂ’ulserit

2148 2018 2367 2069 verum;
2398 2004 2685 2059 utilissima
2714 2015 2768 2060 et
2815 2020 2920 2058 non
2958 2005 3153 2069 otiosa_
3194 2015 3249 2059 et
3301 2009 3610 2062 necessaria
3657 2016 3717 2062 et

2144 2111 2249 2149 non
2270 2096 2533 2165 superﬂua
2564 2098 2912 2166 apparebunt.
2933 2096 2988 2150 Si
3016 2098 3157 2151 enim
3185 2106 3238 2152 et
3267 2099 3713 2167 interrogaveri-

2146 2202 2264 2240 mus
2293 2186 2526 2250 Judaeos,
2557 2198 2615 2240 ut
2645 2188 2770 2256 quid
2817 2187 3147 2242 oll‘erebatnr
3172 2188 3321 2242 Isaac
3357 2190 3449 2256 qui
3492 2206 3599 2243 non
3628 2197 3716 2243 est

2142 2279 2372 2340 oblatus.
2406 2279 2597 2333 incerti
2627 2288 2753 2343 sunt
2786 2289 2839 2334 et
2875 2281 3261 2347 imprudentes.
3308 2279 3363 2335 Si
3391 2292 3569 2335 autem
3608 2282 3713 2336 Ec-

2142 2371 2307 2425 clesia
2341 2373 2535 2426 dixerit
2568 2387 2687 2441 qua:
2713 2387 2839 2427 vera
2886 2383 3034 2437 sunt,
3068 2374 3189 2441 quia
3225 2375 3434 2427 oblatus
3464 2384 3547 2426 est
3598 2389 3710 2429 non

2142 2472 2200 2515 ut
2233 2461 2539 2526 oﬂ'erretur,
2571 2464 2662 2517 sed
2699 2472 2756 2515 ut
2783 2475 3064 2532 appareret
3092 2465 3213 2532 quia
3254 2466 3371 2519 ovis
3402 2465 3541 2534 ligno
3571 2479 3713 2533 pen-

2143 2554 2303 2609 debat
2334 2570 2429 2623 pro
2456 2556 2691 2620 homine,
2740 2565 2795 2610 ut
2828 2556 3154 2609 liberaretur
3183 2556 3343 2609 homo
3396 2572 3425 2610 a
3481 2566 3659 2610 morte
3690 2574 3708 2611 :

2140 2663 2243 2701 non
2274 2649 2571 2701 concedunt
2620 2649 2775 2702 nobis
2805 2647 2975 2703 Judazi
3029 2649 3377 2719 magniﬁcare
3415 2659 3567 2703 vetus
3608 2665 3712 2720 per

2138 2738 2469 2809 agnitionem
2495 2740 2637 2793 novi.
2666 2740 3117 2809 lnterrogavimus
3144 2741 3284 2793 enim
3304 2755 3417 2803 eos,
3442 2756 3607 2809 quam
3632 2742 3709 2795 ob

2136 2845 2353 2884 causam
2387 2831 2503 2884 haec
2535 2832 2712 2885 omnia
2768 2831 2966 2885 ﬁebant
3012 2847 3025 2883 :
3074 2832 3285 2885 oblatus
3319 2848 3421 2885 non
3450 2831 3706 2886 offertur.

2135 2918 2239 2975 Sed
2271 2922 2471 2984 dicent,
2507 2931 2564 2974 ut
2600 2932 2982 2992 agnosceretur
3013 2924 3286 2977 Abraham
3310 2940 3337 2975 a
3376 2922 3503 2977 Deo.
3535 2922 3705 2977 Late-

2135 3014 2226 3067 bat
2251 3014 2392 3067 enim
2420 3029 2540 3067 eum
2581 3024 2633 3068 et
2662 3025 2787 3067 ante
2818 3015 3205 3070 tentationetn?
3228 3016 3332 3069 Sed
3357 3026 3410 3068 ut
3435 3015 3501 3068 ab
3524 3015 3708 3069 homi-

2136 3102 2314 3157 nibus.
2350 3102 2517 3159 Erant
2545 3103 2664 3172 ejus
2692 3116 2745 3159 et
2778 3106 2897 3159 alia:
2923 3107 3248 3159 teutatioues
3270 3107 3512 3175 plurima
3545 3121 3560 3157 :
3598 3122 3702 3177 puo

2135 3204 2216 3248 tas
2259 3197 2382 3264 quia
2408 3205 2463 3249 ut
2496 3197 2725 3250 sciretur
2772 3198 2901 3250 nihil
2951 3200 3009 3251 iit
3051 3198 3314 3266 amplius?
3349 3208 3406 3252 ttt
3461 3199 3703 3254 lucrare-

2136 3300 2256 3337 ntur
2282 3286 2371 3353 qui
2402 3296 2521 3353 post
2557 3287 2670 3340 hate
2711 3286 2900 3342 lucrati
2947 3289 3170 3342 sumus?
3200 3288 3335 3354 Quid
3386 3303 3520 3356 opus
3578 3297 3703 3343 erat

2132 3376 2270 3429 ove?
2299 3386 2424 3445 puta
2454 3377 2578 3444 quia
2608 3388 2661 3431 et
2703 3394 2804 3433 ove
2833 3398 2844 3432 :
2878 3396 2975 3434 cur
3027 3397 3131 3433 non
3170 3392 3352 3433 taurus
3399 3380 3703 3449 apparuit?

2131 3481 2231 3520 cur
2289 3483 2391 3520 non
2446 3484 2607 3536 capra
2655 3480 2745 3521 aut
2782 3471 3021 3525 vitulus?
3052 3489 3149 3526 cur
3199 3488 3301 3526 non
3360 3472 3462 3525 alia
3500 3486 3699 3540 magna

2132 3557 2452 3620 immolatio,
2485 3561 2575 3611 sed
2625 3561 2782 3613 ovis?
2809 3571 2930 3628 puta
2985 3568 3104 3631 quia
3160 3564 3294 3617 ovis.
3351 3562 3458 3617 Cur
3492 3577 3598 3615 non
3640 3564 3697 3616 in

2130 3659 2270 3703 terra
2300 3652 2411 3705 visa
2459 3666 2535 3707 est
2571 3654 2726 3707 ovis?
2779 3673 2877 3709 cur
2908 3672 3011 3709 non
3050 3667 3200 3709 extra
3251 3657 3439 3719 altare,
3485 3667 3577 3709 aut
3639 3656 3698 3712 in

2128 3742 2373 3793 cominus
2403 3746 2647 3811 apparuit
2670 3745 2868 3800 altari?
2907 3748 2960 3801 Si
2991 3748 3205 3816 quidem
3241 3746 3515 3801 heminutn
3548 3756 3695 3801 esset

2127 3830 2440 3885 adinventio
2475 3843 2567 3885 aut
2601 3836 2917 3901 compositio
2971 3836 3037 3890 de
3083 3850 3204 3899 ove,
3233 3838 3515 3905 oportebat
3560 3836 3692 3889 alibi

2126 3920 2382 3976 inveniri.
2414 3922 2469 3975 Si
2503 3933 2678 3978 autem
2714 3925 2852 3979 Deus
2900 3942 2996 3995 pro
3026 3926 3246 3981 homine
3282 3942 3435 3981 ovem
3476 3928 3688 3994 praebeo

2124 4014 2233 4075 bat,
2254 4014 2430 4068 subito
2460 4015 2512 4068 in
2546 4017 2660 4085 ipso
2691 4017 2805 4072 loco
2830 4020 3009 4072 debuit
3039 4020 3127 4072 ubi
3147 4028 3262 4073 erat
3290 4018 3458 4085 Isaac,
3486 4021 3536 4072 in
3570 4020 3685 4088 ipsc

2124 4104 2315 4164 altare.
2350 4116 2438 4158 aut
2492 4107 2543 4159 in
2584 4118 2742 4171 terra,
2778 4111 3045 4178 autjnxta
3078 4111 3269 4172 altare.
3319 4121 3410 4163 aut
3462 4110 3684 4181 ligatum

2123 4196 2188 4249 ad
2217 4197 2445 4251 radicem
2488 4199 2717 4252 arboris.
2755 4200 2905 4254 Nunc
2942 4212 3119 4255 autem
3165 4212 3391 4270 apparet
3435 4205 3549 4255 ovis
3595 4214 3686 4254 su-

2122 4301 2343 4356 spensa,
2380 4299 2436 4344 et
2476 4306 2504 4343 a
2540 4292 2817 4356 cornibus,
2852 4305 2905 4347 et
2932 4308 3190 4362 suspensa
3222 4297 3273 4347 in
3309 4296 3524 4347 albore.
3571 4291 3683 4345 Na-

2122 4387 2240 4435 tura
2280 4390 2460 4436 autem
2486 4384 2944 4453 interpretabatur
2975 4387 3115 4456 quod
3150 4397 3269 4438 erat
3301 4384 3593 4439 occultum.
3623 4382 3683 4437 Si

2120 4471 2243 4538 quis
2272 4472 2417 4525 enim
2450 4477 2795 4543 suspenderit
2829 4492 2984 4531 ovem
3019 4493 3047 4529 a
3084 4477 3339 4531 cornibus
3370 4476 3423 4529 in
3465 4476 3679 4535 arbore,

450 4571 534 4619 ce,
569 4558 695 4626 quia
722 4565 775 4611 et
801 4558 868 4611 ab
902 4559 1057 4611 initio
1086 4561 1335 4628 praecepti
1384 4576 1397 4613 :
1439 4560 1565 4628 quia
1600 4560 1742 4612 enim
1796 4560 1931 4614 forte
1960 4570 2017 4615 et
2045 4569 2092 4627 ι)
2121 4561 2172 4615 id
2209 4564 2349 4631 quod
2381 4569 2648 4635 sequitur,
2684 4569 2888 4623 videbit
2917 4569 3056 4637 quod
3089 4579 3207 4623 erat
3258 4568 3519 4621 futurum.
3578 4565 3681 4620 Ne-

450 4648 698 4702 dubitare
727 4650 877 4717 (22):
912 4650 1003 4705 sed
1033 4652 1294 4721 praevenit
1340 4652 1431 4720 qui
1476 4652 1730 4719 przccepit
1765 4670 1777 4705 :
1821 4653 2008 4707 eadem

449 4742 617 4795 utitur
638 4756 791 4797 voce.
824 4742 976 4797 Sicut
1000 4745 1145 4798 enim
1173 4744 1307 4797 dixit
1342 4754 1521 4805 antea,
1544 4743 1828 4805 Abraham,
1851 4745 2014 4799 Abra-

449 4832 591 4894 ham.
624 4836 801 4897 accipe
816 4836 984 4901 ﬁlium
1018 4846 1164 4889 tuum
1196 4838 1517 4903 unigenitum
1566 4837 1721 4887 Isaac
1751 4852 1898 4904 quem
1925 4836 2009 4889 di-

444 4922 619 4975 lexisti
650 4941 669 4978 :
704 4923 775 4976 ita
805 4931 861 4977 et
883 4925 1027 4986 istic,
1054 4925 1339 4989 Abraham,
1373 4925 1660 4978 Abraham.
1715 4924 1829 4993 Ipse
1862 4928 2007 4980 enim

442 5014 532 5078 qui
562 5014 649 5067 illa
678 5014 952 5082 praecepit,
984 5026 1037 5067 et
1071 5030 1212 5069 nunc
1262 5016 1529 5083 loquitur,
1581 5028 1637 5069 et
1687 5016 1839 5077 dicit,
1878 5015 2007 5071 Noli

438 5107 740 5175 contingere
759 5106 928 5173 ﬁlium
960 5117 1104 5158 tuum
1136 5108 1181 5138 ³ο
1210 5124 1225 5159 :
1265 5107 1437 5160 habeo
1466 5108 1685 5170 donum,
1710 5108 1847 5161 habe
1870 5120 1923 5162 et
1950 5119 2005 5161 tu

438 5195 629 5250 lilium.
663 5196 913 5251 Secundo
937 5198 1029 5250 tibi
1054 5210 1107 5251 et
1135 5198 1236 5251 hoc
1263 5213 1456 5251 munus
1487 5198 1647 5251 dono.
1681 5197 1887 5253 Eﬂ'ulsit
1916 5209 2004 5254 tua

434 5290 701 5353 'cbaritas,
730 5290 911 5358 agnita
941 5300 1024 5344 est
1054 5290 1187 5344 ﬁdes
1219 5300 1329 5343 tua.
1368 5289 1535 5342 Erunt
1592 5291 1691 5343 ista
1726 5306 1845 5357 quae
1892 5307 1921 5344 a
1954 5302 2003 5346 te

436 5393 558 5438 acta
596 5395 743 5447 sunt,
806 5385 1112 5439 adhortatio
1150 5400 1337 5438 eorum
1371 5385 1461 5454 qui
1495 5394 1617 5454 post
1664 5383 1827 5438 futuri
1877 5399 2002 5439 sunt

439 5483 509 5526 te.
550 5474 935 5527 Decantabitnr
971 5473 1022 5527 id
1048 5475 1190 5541 quod
1231 5473 1425 5540 fecisti,
1465 5476 1514 5527 in
1545 5476 1828 5545 progenies
1854 5474 2000 5528 futu-

436 5580 543 5617 ras.
583 5563 761 5618 llabes
792 5564 1025 5618 fructum
1051 5564 1193 5625 lidei,
1232 5565 1401 5619 habes
1432 5576 1487 5620 et
1511 5566 1741 5621 fructum
1776 5569 1997 5632 ventris,

432 5653 603 5709 babes
631 5666 683 5707 et
710 5655 909 5710 sterilis
939 5655 1129 5721 filium,
1163 5656 1327 5711 habes
1358 5666 1413 5711 et
1437 5672 1503 5719 ex
1534 5659 1701 5712 altare
1752 5656 1993 5713 immola-

504 5752 550 5782 ”
584 5750 725 5805 Gen.
758 5768 893 5818 xstt,
923 5753 1009 5806 12.

503 5845 615 5917 (523)
654 5846 923 5900 Dubitare.
965 5846 1122 5901 Forte
1149 5852 1430 5903 dubitaret.

2119 4668 2269 4710 cesse
2286 4659 2427 4711 enim
2456 4670 2536 4713 est
2564 4661 2718 4714 istam
2748 4677 2867 4731 qua:
2886 4663 2957 4715 ita
2989 4664 3181 4730 pendet
3204 4662 3253 4714 in
3288 4660 3480 4714 arbore
3498 4674 3676 4721 ovem,

2117 4760 2394 4815 separatos
2427 4752 2731 4820 expandere
2767 4752 2927 4821 pedes
2960 4755 3197 4821 priores:
3228 4752 3327 4805 hoc
3346 4751 3487 4805 enim
3508 4765 3676 4819 expe-

2117 4840 2324 4894 ditovis
2357 4856 2475 4909 qua:
2521 4842 2593 4895 ita
2652 4844 3018 4913 suspenditur.
3076 4840 3309 4897 Necesse
3337 4850 3419 4896 est
3445 4841 3588 4894 enim
3622 4850 3677 4895 et

2115 4933 2355 5002 separari
2381 4932 2496 5000 ejus
2523 4934 2613 5003 qui
2661 4935 2910 4988 deorsum
2947 4942 3071 4986 sunt
3110 4934 3299 5002 pedes.
3341 4931 3473 4987 Cum
3510 4933 3675 5000 igitur

2113 5026 2231 5080 ovis
2256 5040 2528 5095 suspensa:
2554 5027 2605 5079 in
2635 5026 2798 5094 ligno,
2833 5036 2888 5078 et
2912 5025 2963 5079 in
2996 5026 3185 5079 arbore
3203 5040 3450 5093 expansa:
3478 5024 3675 5079 fuerint

2115 5129 2305 5168 manus
2330 5126 2385 5169 et
2418 5116 2603 5185 pedes,
2652 5129 2824 5184 neque
2854 5113 3302 5184 interpretatione
3347 5114 3588 5183 indigent
3618 5113 3670 5167 bi

2110 5206 2199 5272 qui
2238 5206 2436 5259 habent
2471 5206 2657 5259 oculos
2688 5206 2905 5259 mentis.
2940 5204 3047 5259 Sed
3077 5206 3199 5273 quis
3225 5213 3304 5258 est
3326 5204 3415 5272 qui
3452 5201 3668 5269 pericli-

2114 5298 2326 5351 labatur
2345 5298 2551 5351 occidi?
2607 5298 2785 5351 homo.
2848 5295 2985 5361 Quid
3018 5307 3099 5353 est
3128 5296 3266 5364 quod
3316 5311 3409 5364 pro
3455 5294 3666 5348 homine

2108 5387 2524 5443 immolabatur?
2572 5389 2689 5442 ovis
2717 5401 2978 5456 suspensa
3023 5388 3074 5441 iu
3108 5388 3270 5456 ligno.
3302 5386 3577 5453 Tanquam
3618 5384 3660 5437 si

2110 5478 2310 5533 diceret
2340 5479 2482 5534 Deus
2510 5479 2575 5533 ad
2606 5479 2876 5533 Abraham
2910 5476 3060 5531 :Non
3093 5486 3214 5530 tuus
3241 5476 3546 5544 unigenitus
3574 5486 3661 5525 ne-

2107 5573 2379 5625 cessaritts
2417 5588 2430 5625 :
2462 5571 2552 5625 sed
2580 5580 2762 5625 currat
2794 5570 3010 5641 quidem
3049 5568 3216 5623 forma
3244 5583 3339 5636 per
3365 5579 3660 5627 tumn,ser—

2107 5672 2264 5719 \‘etur
2294 5673 2470 5719 autem
2510 5678 2631 5727 meo
2660 5661 2943 5732 Unigenito
2975 5663 3114 5729 quod
3140 5659 3215 5725 (lt.
3244 5656 3319 5721 lta
3350 5660 3468 5722 ovis
3500 5670 3656 5727 appa-
