3956 6512
292 424 429 485 1081

1391 426 1479 481 DE
1518 426 2117 484 RESUBRECTIONE.
2155 461 2225 472 —
2262 429 2390 485 LlB.
2431 429 2474 487 l.

3351 424 3487 482 1082

266 542 372 595 ruit
405 551 507 607 pro
538 538 780 602 homine,
811 547 864 594 et
897 540 1001 597 hoc
1040 541 1092 596 in
1126 542 1289 613 ligno,
1333 553 1388 598 et
1422 544 1525 598 hoc
1552 560 1832 612 suspensa,
1866 548 1910 603 Α
1938 553 2114 597 autem
2145 544 2348 601 electus
2377 546 2466 600 ille
2496 555 2551 601 et
2584 546 2673 616 qui
2718 554 2843 601 ante
2884 543 3026 600 Esau
3057 542 3232 599 fat-tus
3266 552 3370 607 est,
3402 545 3485 598 vi-

262 633 447 687 ethoc
471 634 625 699 cujus
649 632 921 687 haeserunt
954 651 1144 689 manus
1184 646 1240 691 et
1291 638 1453 706 pedes
1485 646 1741 706 tanquam
1775 638 1825 692 in

263 739 431 778 cruce
467 741 481 777 :
507 732 562 777 et
591 726 866 792 prophetia
909 727 1142 781 Abrahae
1172 728 1401 782 efﬁcitur
1432 729 1648 797 duplex.
1680 727 1831 794 Quod

263 817 408 870 enim
441 816 537 881 ait,
582 815 723 871 Deus
757 819 1040 883 providebit
1081 837 1221 874 ovem
1267 822 1552 887 sacriﬁcio,
1600 820 1677 887 ﬁli
1715 835 1735 873 :
1781 827 1835 873 et

266 919 395 963 tunc
424 910 552 976 quid
581 911 902 977 completum
926 923 1010 964 est
1040 912 1091 964 in
1120 913 1539 979 mmparatione,
1579 912 1832 966 servaba-

268 1007 357 1051 tur
381 1009 561 1053 autem
593 1000 642 1053 in
672 1000 926 1070 mysterio
961 1001 1191 1054 vt-ritati.
1223 1002 1357 1066 Quid
1396 1002 1556 1071 igitur
1598 1000 1698 1055 sibi
1725 999 1837 1053 vult

266 1088 372 1145 iste
402 1107 583 1145 sermo
614 1092 895 1146 incurrens
924 1092 1210 1147 ostendere
1252 1093 1375 1161 quia
1420 1093 1692 1146 Abraham
1723 1088 1834 1161 (25)

272 1188 443 1232 totam
484 1197 634 1235 suam
672 1182 834 1233 vitam
866 1183 1121 1250 transegit
1163 1184 1213 1236 in
1257 1185 1537 1255 angustiis,
1571 1183 1624 1236 itt
1661 1194 1837 1238 tenta-

268 1268 528 1333 tionibus,
562 1271 613 1323 in
639 1270 934 1327 doloribus.
966 1273 1020 1325 Si
1043 1274 1185 1327 enim
1219 1275 1267 1327 in
1298 1276 1397 1329 ista
1429 1276 1534 1327 vita
1560 1290 1707 1343 spem
1745 1275 1840 1328 ha-

267 1364 447 1424 beret,
481 1362 763 1417 fraudatus
801 1375 942 1418 esset
972 1380 1001 1418 a
1053 1380 1168 1434 spe.
1218 1365 1350 1420 Cum
1405 1367 1566 1435 igitur
1624 1367 1835 1435 gloriati

268 1452 475 1507 fuerint
502 1452 671 1508 Judaei
723 1455 793 1508 in.
821 1456 1116 1518 Abraham,
1150 1458 1522 1511 necessitatem
1568 1457 1839 1511 habebunt

266 1556 321 1598 et
360 1545 807 1600 resurrectionem
831 1548 1092 1601 confiteri.
1124 1548 1236 1601 Hoc
1260 1549 1325 1601 ad
1356 1548 1495 1602 illam
1523 1548 1840 1603 Sadducmo-

269 1651 392 1687 rum
442 1648 676 1704 partem,
725 1637 813 1703 qui
871 1646 1069 1705 negant
1122 1652 1343 1705 prorsus
1389 1638 1837 1690 resurrectionem

270 1726 529 1791 futuram,
561 1740 707 1782 recte
732 1728 1023 1782 diceretur.
1052 1728 1184 1795 Quia
1215 1739 1392 1782 autem
1424 1728 1525 1803 alia
1566 1744 1710 1796 pars,
1739 1729 1841 1782 hoc

266 1828 355 1872 est
403 1817 817 1882 Phariszeorutn,
856 1820 1306 1874 resurrectionem
1351 1819 1569 1888 quidem
1615 1821 1841 1873 confite-

268 1917 382 1974 tur,
419 1912 870 1965 resurrectionem
898 1922 1077 1965 autem
1114 1912 1273 1966 talem
1320 1911 1452 1966 dicit
1494 1910 1751 1973 futuram,
1782 1919 1839 1962 ut
1870 1894 1914 1951 Β
1946 1920 2132 1973 Dicam
2161 1917 2326 1986 igitur
2355 1916 2507 1970 nobis
2534 1913 2701 1968 Judaei

270 2002 468 2056 iterum
497 2004 848 2055 manducetur
881 2012 935 2056 et
967 2002 1199 2067 bibatur,
1247 2013 1300 2054 et
1326 2001 1588 2071 coniugiis
1627 2009 1838 2067 utatur;

269 2101 333 2145 ut
367 2108 435 2147 ne
456 2093 669 2161 quidem
700 2105 1041 2163 resurgentes
1086 2104 1301 2148 cessent
1347 2094 1736 2150 manducantes
1787 2103 1841 2148 et

268 2184 538 2250 bibentes,
562 2193 614 2237 et
645 2185 907 2254 coniugiis
929 2201 988 2240 se
1020 2187 1408 2256 conjungentes
1434 2206 1446 2240 :
1481 2198 1670 2241 venter
1695 2186 1837 2242 enim

269 2276 444 2343 magis
464 2283 767 2346 suntquam
800 2277 1063 2332 homines.
1109 2278 1171 2331 Et
1200 2279 1338 2332 sicut
1363 2278 1578 2348 quidam
1607 2279 1842 2332 morien—

272 2368 408 2420 tium
436 2369 524 2434 qui
560 2378 685 2422 ante
736 2366 885 2422 fuere
921 2369 970 2422 in
1023 2369 1233 2424 deliciis
1288 2371 1607 2432 viventium,
1645 2378 1840 2438 putant

272 2470 397 2511 esse
431 2454 682 2508 fraudare
708 2456 820 2525 (24)
848 2458 949 2511 ista
978 2458 1085 2511 vita
1122 2459 1171 2512 in
1209 2470 1400 2522 morte,
1431 2460 1483 2512 in
1525 2476 1842 2513 monumen-

272 2546 372 2605 tis.
401 2555 454 2599 et
484 2548 625 2599 circa
656 2547 849 2616 januas
882 2550 1253 2619 sepulcrorum
1309 2552 1627 2619 semctipsos
1656 2552 1830 2621 depin-

270 2646 426 2706 gunt,
457 2646 509 2690 et
536 2636 618 2689 vel
653 2639 703 2690 in
735 2641 1073 2709 imaginibus,
1104 2654 1158 2695 et
1209 2653 1327 2711 post
1354 2653 1582 2696 mortem
1617 2644 1842 2697 mandu-

270 2737 437 2782 Cant:
471 2728 546 2781 ita
580 2739 634 2783 et
658 2728 966 2784 Judworum
1017 2733 1275 2788 Pharisaei
1303 2734 1488 2788 volunt
1517 2744 1568 2788 et
1599 2743 1721 2803 post
1759 2748 1842 2787 re-

268 2821 666 2874 surrectionem
699 2831 948 2891 tanquam
971 2822 1167 2894 depicti
1200 2826 1394 2879 iterum
1442 2827 1765 2879 manducare
1791 2834 1842 2878 et

272 2910 487 2977 bibere,
523 2921 575 2965 et
604 2914 728 2966 nubi
761 2924 814 2967 et
843 2914 1066 2969 nubere.
1119 2915 1462 2971 Recumbunt
1506 2917 1647 2977 enim
1678 2925 1730 2970 et
1758 2918 1842 2985 pi-

270 3004 445 3057 cturis
479 3004 617 3073 apttd
669 3006 995 3069 istiusmodi,
1021 3018 1072 3061 et
1104 3009 1356 3064 meliores
1409 3024 1519 3064 suae
1568 3010 1701 3080 (25).
1736 3008 1842 3064 Nos

271 3105 452 3149 autem
485 3098 838 3166 prtesiliamus
862 3099 929 3153 ad
980 3100 1030 3154 id
1082 3102 1223 3171 quod
1271 3117 1455 3155 verum
1481 3112 1581 3156 est.
1612 3102 1667 3156 Si
1700 3104 1842 3158 enim

276 3188 403 3241 talis
449 3199 594 3243 esset
621 3192 969 3256 resurrectio,
997 3207 1383 3248 excusarenms
1417 3194 1604 3263 utique
1656 3210 1841 3249 resur-

270 3294 422 3349 gere.
472 3279 669 3336 lterum
717 3285 859 3337 enim
891 3299 1205 3355 exsurgere,
1242 3296 1296 3341 et
1336 3301 1493 3340 arare
1523 3295 1578 3340 et
1618 3296 1835 3353 metere,
1864 3261 1907 3320 θ

270 3373 466 3427 iterum
500 3375 826 3431 manducare
853 3386 908 3430 et
946 3378 1150 3439 bibere,
1191 3378 1383 3432 iterum
1413 3378 1633 3447 spoliari
1670 3387 1721 3431 et
1746 3393 1840 3431 ve-

269 3464 415 3529 stiri,
450 3465 642 3519 iterum
680 3467 917 3522 dormire
963 3479 1015 3523 et
1069 3470 1314 3539 vigilare.
1364 3471 1466 3524 Sed
1502 3471 1841 3524 advertamus

268 3556 399 3623 quid
418 3557 556 3610 dicat
583 3558 893 3625 Apostolus:
919 3560 1042 3613 Siin
1068 3562 1166 3614 ista
1193 3562 1294 3614 vita
1318 3578 1455 3630 spem
1471 3562 1772 3614 haberemus
1789 3564 1842 3614 in

271 3645 503 3712 Christo,
528 3650 931 3703 miserabiliores
954 3653 1193 3705 omnibus
1215 3652 1511 3705 hominibus
1527 3668 1751 3705 essemus
1773 3651 1839 3707 ⁸¹.

275 3736 331 3792 Si
364 3739 507 3792 enim
540 3740 608 3792 ita
636 3742 821 3795 statuit
847 3742 985 3795 Deus
1016 3751 1076 3795 ttt
1102 3743 1150 3795 in
1178 3744 1308 3811 ipsis
1334 3744 1527 3796 iterum
1562 3744 1749 3809 simus,
1784 3750 1842 3796 ιιι

270 3830 401 3899 quid
429 3840 601 3885 noset
628 3832 907 3901 quiescere
932 3831 1097 3887 facit?
1150 3832 1261 3888 Hoc
1312 3834 1454 3887 enim
1503 3833 1735 3888 ludentis
1758 3842 1843 3888 est

270 3921 475 3989 potius,
507 3924 802 3978 concedere
837 3926 994 3989 mori,
1033 3936 1085 3981 et
1116 3925 1308 3979 iterum
1341 3926 1407 3978 ad
1452 3926 1621 3994 ipSam
1661 3940 1843 3979 resur-

272 4027 400 4080 gere
432 4014 616 4068 vitam.
680 4014 734 4068 Si
778 4016 923 4069 enim
969 4017 1040 4069 ita
1092 4031 1515 4084 resurgeremus,
1561 4018 1841 4085 oportebat

270 4105 547 4158 Abraham
579 4115 637 4159 ut
676 4121 779 4159 non
817 4106 1089 4162 amitteret
1118 4124 1236 4177 qua:
1269 4108 1353 4163 hic
1393 4118 1537 4171 sunt,
1569 4107 1681 4175 jam
1718 4124 1840 4178 per-

272 4195 382 4250 frui
413 4212 473 4251 ea
510 4214 629 4266 qua:
666 4208 809 4252 esset
836 4200 888 4252 in
925 4201 1376 4254 resurrectionem
1404 4210 1745 4277 accepturus.
1783 4200 1839 4256 Si

276 4289 423 4342 enim
463 4306 587 4344 cum
619 4290 893 4360 voluptate
946 4292 1130 4347 bibere
1155 4302 1209 4346 et
1240 4292 1444 4361 epulari
1472 4293 1580 4346 vita
1630 4301 1747 4358 est;
1784 4294 1837 4345 in

271 4396 597 4451 quacunque
629 4383 757 4436 hora
785 4398 889 4437 non
907 4398 1027 4437 cum
1047 4384 1318 4454 voluptate
1344 4385 1596 4449 bibimus,
1623 4384 1842 4439 frauda-

274 4489 459 4528 remus
488 4490 515 4526 a
544 4477 672 4529 vita.
699 4475 804 4530 Sed
840 4491 964 4531 vere
986 4475 1288 4530 Judceorum
1320 4488 1492 4531 venter
1512 4488 1584 4530 est
1618 4481 1744 4531 deus
1773 4477 1839 4541 ³’,

270 4564 413 4618 sicut
444 4564 575 4618 dicit
620 4565 835 4631 Paulus,
870 4567 961 4637 qui
994 4578 1080 4622 est
1127 4583 1191 4621 ex
1236 4568 1454 4633 Judzeis,
1491 4573 1578 4638 qui
1628 4569 1842 4624 Judaeos

269 4657 490 4724 quidem
534 4673 726 4726 passus
773 4675 878 4713 non
913 4669 1013 4721 est,
1047 4662 1257 4714 veritati
1308 4663 1451 4715 enim
1514 4662 1744 4715 credidit
1787 4662 1839 4715 itt

268 4746 509 4803 Christo.
536 4750 673 4814 Quid
711 4760 890 4805 autem
921 4752 1096 4806 dicent
1126 4751 1279 4805 nobis
1329 4762 1385 4807 et
1427 4754 1486 4807 de
1532 4753 1700 4812 Isaae.
1748 4752 1838 4822 qui

261 4838 378 4907 jam
411 4841 643 4896 habebat
671 4843 908 4898 dolorem
941 4844 1361 4897 immolationis?
1412 4844 1610 4898 Habuit
1654 4856 1835 4898 autem

267 4944 325 4989 et
354 4943 475 5001 post
500 4936 612 4989 lucc
635 4937 850 4991 easdem
886 4938 1029 5006 ipsas
1058 4938 1449 4999 tribulationes,
1486 4953 1620 5007 quas
1654 4948 1707 4991 et
1742 4954 1837 5007 pa-

273 5039 381 5085 ter.
413 5028 670 5099 Coniugis
700 5036 916 5099 inquam
941 5046 1072 5096 sum,
1098 5047 1218 5101 qua:
1248 5045 1438 5101 parere
1469 5048 1572 5085 non
1605 5040 1834 5098 poterat,

272 5124 591 5191 nuptiarum
626 5138 933 5188 mterorem,
978 5126 1438 5179 commanentium
1474 5125 1836 5192 deceptiones,

268 5212 494 5270 fraudes
519 5216 784 5270 laborum.
810 5216 933 5273 llaec
962 5218 1126 5271 donat
1158 5218 1298 5272 Deus
1327 5217 1460 5281 suis,
1490 5217 1723 5282 dolores,
1754 5220 1843 5274 tri-

268 5303 601 5372 bulationes,
635 5308 929 5376 angustias.
961 5306 1016 5360 Si
1049 5307 1188 5363 Deus
1220 5308 1333 5362 haec
1372 5308 1654 5377 promisit:
1680 5308 1844 5364 Jacob

341 5445 384 5477 ³¹
424 5442 587 5499 lCor.
620 5459 711 5506 xv,
746 5443 829 5498 l9.
898 5442 943 5475 ³²
981 5442 1210 5509 Philipp.
1236 5459 1316 5506 ιιι,
1348 5443 1433 5500 l9.
1505 5443 1552 5474 ⁸³
1583 5445 1717 5499 Gen.
1752 5460 1840 5497 xx:

1945 5446 2021 5499 ιο.
2089 5444 2135 5476 ³⁵
2161 5442 2389 5496 Malach.
2420 5457 2461 5500 ι.
2496 5440 2564 5501 ’ὀ;
2604 5437 2759 5491 Rom.
2793 5451 2869 5500 ts,
2897 5434 2983 5488 15.

347 5579 457 5645 (9.5)
483 5577 646 5632 Forte
678 5593 775 5647 per
805 5579 1304 5640 interrOgationem,
1354 5577 1494 5643 Quid
1544 5581 1707 5647 igitur
1743 5582 1841 5633 sibi

272 5654 379 5706 vult
404 5654 500 5701 iste
530 5666 701 5701 sermo
724 5649 1040 5701 incurrens?
1063 5657 1119 5700 ιιι
1142 5651 1418 5717 responsio
1442 5652 1530 5715 sit,
1558 5652 1843 5705 Ustendere

272 5728 395 5793 quin
418 5718 709 5793 Abraham,
743 5727 849 5770 etc.

346 5791 458 5859 (9.1,)
502 5791 598 5863 his.
637 5785 836 5863 Putant
868 5804 921 5842 se
955 5786 1227 5856 fraudare.
1256 5788 1395 5858 Quid
1435 5791 1478 5846 si
1514 5792 1711 5863 potius,
1750 5809 1841 5860 pu-

272 5858 448 5927 tantes
466 5875 520 5913 se
548 5858 819 5927 fraudare.

1933 638 2065 707 giuti
2101 646 2155 692 et
2202 653 2366 691 unum
2422 655 2589 693 annos
2657 638 2866 701 serviit,
2915 648 3039 691 tunc
3090 636 3328 690 maxime
3359 649 3484 688 cum

1934 729 2294 784 adolescentia
2329 729 2377 783 ei
2407 730 2567 782 dabat
2593 729 2796 799 epulari
2828 748 2842 784 :
2882 739 2938 782 et
2982 730 3035 782 in
3091 728 3325 797 paternis
3356 727 3485 780 dum

1934 830 2133 889 ageret,
2166 830 2449 890 suspectus
2484 830 2595 874 erat
2630 837 2693 875 ne
2726 823 3066 877 occideretur
3100 837 3129 874 a
3167 820 3334 874 fratre
3367 833 3383 871 :
3435 825 3493 874 et

1936 911 1989 965 in
2023 913 2193 966 soceri
2224 913 2383 965 domn
2415 928 2603 966 servus
2657 929 2671 964 :
2718 914 2769 967 in
2822 914 3015 967 itinere
3049 922 3224 967 autem
3258 911 3487 980 lapidem

1936 1008 2087 1072 ponit
2116 1005 2215 1058 sub
2244 1005 2420 1071 capite
2473 1020 2589 1068 suo,
2622 1015 2675 1059 et
2719 1022 2838 1059 cum
2882 1007 3028 1075 virga
3069 1008 3178 1060 sola
3232 1004 3491 1057 ambulat.

1936 1094 2060 1149 llaec
2086 1095 2383 1147 nuditatem
2412 1094 2627 1163 quidem
2659 1094 2964 1163 significant
3004 1096 3171 1162 ipsius
3199 1093 3433 1148 hominis
3470 1108 3487 1145 :

1937 1195 2278 1240 sacramenta
2305 1198 2481 1238 autem
2529 1202 2647 1254 qua:
2687 1201 2779 1254 per
2805 1184 2967 1240 Jacob
3008 1187 3226 1248 fiebant,
3284 1194 3490 1254 petram

1937 1287 2342 1345 supportantetn
2370 1285 2535 1344 caput
2565 1274 2712 1342 ejus,
2738 1277 2829 1345 qtti
2873 1279 3295 1345 persecutionem
3327 1276 3494 1344 patie-

1939 1367 2136 1419 batur:
2175 1373 2229 1419 et
2261 1365 2408 1432 virga
2445 1368 2497 1418 in
2532 1381 2689 1418 manu
2723 1366 3015 1419 ostendens
3066 1367 3203 1418 viam
3253 1365 3492 1433 fugienti.

1938 1464 2049 1528 Ego
2074 1474 2203 1515 sane
2231 1459 2405 1515 audivi
2434 1458 2598 1513 JaCob
2626 1460 2912 1525 dicentem,
2934 1459 3055 1527 quia
3076 1474 3164 1526 per
3188 1459 3323 1510 diem
3344 1474 3497 1511 com-

1937 1554 2045 1607 edit
2085 1567 2201 1603 eum
2242 1550 2400 1601 ardor
2434 1548 2597 1608 solis;
2636 1558 2686 1601 et
2731 1550 2896 1617 frigus
2943 1564 3143 1611 semper
3180 1564 3271 1611 per
3300 1556 3499 1599 noctem

1938 1644 2099 1696 sensit
2132 1642 2197 1695 ³³.
2236 1641 2291 1695 Si
2342 1641 2439 1693 ista
2500 1640 2779 1694 beatitudo
2812 1649 2912 1705 est,
2951 1641 3103 1693 valde
3135 1640 3316 1693 odibat
3366 1638 3501 1691 Deus

1939 1733 2128 1796 Jacoh,
2166 1732 2302 1784 Esau
2356 1738 2472 1783 erat
2528 1739 2707 1782 autem
2765 1729 2817 1782 in
2876 1728 3098 1781 deliciis.
3153 1727 3323 1780 Audio
3376 1738 3501 1778 sane

1943 1828 2109 1879 Deum
2133 1824 2397 1877 dicentem
2434 1819 2637 1873 :Jacob
2665 1820 2846 1881 dilexi,
2886 1818 3025 1871 Esau
3067 1828 3236 1870 autem
3275 1815 3502 1869 amri".

2745 1934 2757 1968 :
2797 1912 2842 1966 si
2893 1911 2993 1964 iste
3021 1920 3102 1964 est
3133 1908 3337 1962 fructus
3377 1921 3473 1975 pro

1945 2009 2241 2071 missionis,
2278 2010 2323 2063 si
2354 2009 2453 2061 ista
2494 2017 2579 2061 est
2602 2020 2740 2073 spes.
2777 2019 2902 2057 uutn
2931 2003 3049 2058 odit
3080 2001 3217 2054 Dens
3241 1998 3408 2053 Jacob
3438 1999 3503 2055 de

1942 2119 2050 2173 quo
2092 2105 2243 2169 dicit,
2278 2101 2403 2171 quia
2454 2098 2656 2153 dilexi?
2686 2096 2788 2150 Sed
2841 2106 2967 2150 tunc
3009 2110 3131 2149 cum
3173 2094 3427 2146 liberatus
3472 2106 3503 2148 ε

1944 2194 2206 2250 servitute
2236 2201 2402 2255 esset,
2433 2202 2609 2244 nonne
2663 2186 2797 2256 fugit
2822 2195 2879 2239 ut
2909 2184 3244 2239 salvaretur?
3273 2181 3505 2253 Fugiens

1944 2296 2124 2338 autem
2165 2299 2267 2337 non
2295 2291 2376 2335 est
2416 2279 2862 2349 comprehensus,
2914 2287 2968 2332 et
3010 2277 3063 2331 in
3103 2276 3293 2329 timore
3322 2270 3505 2328 stetit?

1945 2375 2049 2431 Sed
2080 2376 2294 2445 fugiens
2328 2375 2699 2441 insequentem
2733 2386 2790 2426 se
2816 2385 3062 2424 socerum
3102 2381 3275 2421 nonne
3309 2378 3506 2418 occur-

1945 2469 2015 2522 rit
2042 2468 2189 2521 fratri
2219 2465 2359 2520 suo?
2394 2479 2572 2518 nonne
2624 2464 2785 2517 timor
2834 2463 3011 2516 timori
3045 2457 3343 2514 successit?
3401 2454 3507 2509 Sed

1945 2561 2069 2628 quia
2099 2559 2358 2610 liberatus
2375 2566 2429 2608 et
2450 2554 2517 2607 ab
2553 2555 2654 2607 isto
2679 2562 2798 2608 est:
2830 2566 3006 2605 nonne
3039 2550 3226 2603 habuit
3266 2549 3316 2599 in
3350 2558 3509 2601 sene-

1945 2661 2091 2706 ctute
2120 2650 2238 2703 sine
2263 2646 2629 2700 consolatione
2655 2642 2925 2697 dolorem?
2954 2639 3148 2693 Habuit
3176 2638 3316 2693 enim
3343 2635 3511 2691 Jacob

1957 2753 2010 2798 et
2044 2742 2205 2795 alium
2233 2739 2400 2791 Isaac.
2437 2736 2654 2805 Habuit,
2688 2736 2928 2803 inquam,
2960 2730 3181 2797 Joseph,
3240 2728 3388 2782 illum
3418 2728 3512 2781 bo-

1948 2846 2076 2884 num
2121 2838 2176 2884 et
2225 2828 2478 2881 dilectum
2517 2826 2642 2890 sibi,
2698 2824 2890 2876 bonam
2948 2820 3255 2889 progeniem
3313 2830 3509 2893 suam:

1946 2932 2190 2971 amarum
2220 2925 2401 2969 autem
2433 2915 2501 2967 de
2529 2928 2593 2967 eo
2618 2912 2879 2966 dolorem.
2914 2909 2979 2962 Et
3007 2908 3193 2963 habuit
3221 2906 3433 2977 quando
3459 2912 3513 2959 et

1946 3008 2148 3063 Sterilis
2185 3017 2303 3062 erat
2335 3018 2389 3060 et
2430 3006 2590 3059 istius
2621 3014 2819 3065 tnater,
2845 3014 2899 3056 et
2923 3000 3092 3054 .lacoh
3129 3015 3232 3052 non
3263 2998 3513 3051 cessabat

1950 3101 2178 3155 orando.
2202 3099 2321 3154 Jam
2360 3106 2540 3153 autem
2565 3106 2619 3151 et
2657 3095 2708 3148 in
2734 3093 3082 3165 approbrium
3111 3100 3247 3144 erat.
3281 3089 3513 3144 Dellebat

1952 3193 2092 3247 enim
2131 3191 2349 3255 sterilis,
2385 3200 2441 3244 et
2464 3189 2675 3243 dicebat
2705 3187 2770 3239 ad
2797 3187 2969 3239 virum
3008 3201 3020 3236 :
3055 3184 3133 3237 Da
3171 3180 3296 3235 mihi
3323 3178 3513 3249 ﬁlium,

1951 3293 2040 3337 aut
2073 3283 2271 3335 moriar
2297 3281 2363 3334 ³⁸.
2405 3280 2573 3335 Soror
2602 3286 2917 3347 exaggerat.
2949 3276 3174 3331 Ancilla:
3220 3272 3511 3336 habebant,

1949 3388 2004 3428 et
2032 3375 2196 3429 libera
2250 3389 2355 3428 non
2402 3374 2652 3429 habebat.
2695 3372 2875 3436 Dolor,
2907 3372 3162 3440 gemitus,
3213 3377 3267 3421 et
3298 3364 3514 3420 tristitia

1949 3476 2066 3522 erat
2097 3467 2308 3521 iisdem.
2340 3466 2443 3520 Sed
2476 3466 2731 3519 misertus
2753 3474 2837 3516 est
2862 3464 2940 3517 eis
2959 3460 3251 3529 aliquando
3278 3458 3433 3518 Deus,
3458 3462 3515 3510 et

1951 3572 2114 3614 natus
2168 3570 2253 3614 est
2296 3558 2491 3628 Joseph
2539 3557 2629 3611 ille
2676 3559 2848 3611 bonus
2896 3555 3152 3624 undique,
3180 3564 3408 3621 corpore
3458 3548 3514 3601 in

1950 3662 2181 3715 tantum,
2215 3663 2479 3719 quantum
2511 3658 2740 3704 testatur
2780 3664 2897 3717 qua:
2941 3648 3082 3701 victa
3133 3655 3236 3709 est,
3282 3650 3512 3696 tnenletn

1951 3757 2132 3798 autem
2161 3743 2273 3815 (26)
2303 3754 2563 3812 quantum
2599 3751 2829 3795 testatur
2869 3749 3022 3809 pater
3052 3756 3066 3791 :
3108 3736 3197 3805 qui
3246 3748 3515 3805 praeroga-

1956 3835 2031 3887 vit
2058 3835 2164 3897 his,
2196 3836 2286 3902 qni
2338 3842 2497 3886 antea
2530 3830 2748 3883 fuerant
2794 3830 2929 3882 nati.
2969 3827 3221 3881 Testatur
3249 3833 3427 3877 autem
3460 3828 3515 3874 et

1951 3929 2092 3994 apud
2143 3925 2433 3996 [Egyptutn
2485 3922 2838 3989 dispensatio,
2888 3934 3007 3988 quae
3066 3928 3176 3971 toto
3239 3915 3382 3969 facta
3435 3923 3518 3965 est

1951 4021 2170 4073 tnnndo.
2208 4018 2460 4072 Testatur
2505 4026 2557 4070 et
2596 4013 2822 4069 scientia
2870 4012 3064 4080 lingua:
3096 4022 3255 4078 quam
3298 4006 3516 4074 ignora-

1950 4112 2040 4163 bat
2075 4127 2090 4164 :
2116 4118 2170 4162 et
2194 4106 2462 4161 mirabilia
2499 4104 2862 4159 intellectibus
2888 4101 3039 4169 pueri
3068 4108 3250 4161 erant;
3282 4095 3375 4151 sed
3399 4095 3516 4164 pul-

1948 4200 2287 4255 chritudines
2322 4199 2402 4251 hae
2431 4197 2670 4262 salvatus,
2702 4194 2975 4248 laetificant
3006 4211 3020 4247 :
3047 4192 3306 4244 bonorum
3334 4195 3513 4238 autem

1951 4307 2109 4347 casus
2158 4294 2277 4345 sine
2307 4290 2499 4343 solatio
2530 4288 2765 4342 dolorem
2798 4285 3076 4355 parabant.
3110 4280 3237 4334 Erat
3272 4279 3434 4350 igitur
3462 4277 3516 4329 in

1952 4390 2144 4439 timore
2177 4384 2344 4452 patris
2367 4381 2564 4450 .losepb
2593 4397 2607 4433 :
2639 4391 2843 4435 etcum
2900 4378 3115 4431 adesset
3153 4390 3273 4429 cum
3317 4387 3402 4434 eo,
3451 4388 3518 4425 ne

1950 4479 2091 4532 forte
2134 4476 2256 4530 talis
2300 4491 2404 4528 non
2436 4480 2777 4544 permaneret
2812 4470 3085 4525 salvator:
3116 4469 3187 4521 ita
3220 4464 3514 4523 mordebat,

1949 4580 2001 4623 et
2031 4570 2277 4622 timorem
2306 4565 2586 4631 ingerebat
2614 4565 2753 4634 patri
2783 4579 2879 4632 per
2910 4576 2974 4615 ea
3009 4576 3127 4630 quae
3178 4558 3517 4627 loquebatur,

1949 4678 2044 4731 per
2064 4678 2125 4716 ea
2154 4676 2273 4729 qua:
2302 4660 2501 4724 aiebat,
2553 4674 2647 4728 per
2692 4672 2755 4711 ea
2804 4670 2922 4725 qua:
2949 4654 3179 4708 tacebat.
3219 4651 3356 4719 Quid
3388 4662 3520 4718 ergo

1948 4756 2071 4825 quia
2095 4753 2292 4824 Ioseph
2313 4765 2428 4807 erat
2456 4752 2599 4813 talis,
2629 4760 2682 4805 et
2706 4748 2976 4804 secundus
3008 4746 3152 4801 solus
3176 4744 3361 4799 matris
3385 4754 3515 4800 sum,

1946 4861 2000 4903 et
2039 4848 2270 4903 dilectus
2299 4846 2465 4915 patri,
2493 4854 2547 4897 et
2571 4844 2771 4897 fratres
2799 4841 3015 4911 quidem
3044 4835 3519 4908 ejusmittebantur

1945 4954 2004 4996 ut
2036 4947 2319 5010 poscerent
2349 4952 2563 5008 gregem
2598 4954 2611 4987 :
2664 4933 2864 5002 Joseph
2891 4942 3071 4985 autem
3101 4930 3166 4982 ad
3193 4925 3509 4980 charitatem

1948 5031 2127 5101 patris
2160 5044 2264 5081 non
2298 5039 2378 5081 est
2411 5028 2610 5080 missus
2638 5041 2758 5080 cum
2804 5023 3090 5083 fratribus;
3119 5016 3243 5086 quia
3287 5012 3517 5068 habebal

1949 5123 2189 5176 tunicam
2223 5120 2554 5189 singularem
2583 5119 2648 5172 ad
2683 5116 3010 5186 agnitionem
3046 5109 3314 5180 praecipue
3336 5105 3516 5160 chari-

1950 5217 2100 5271 tatis.
2133 5214 2247 5268 Non
2278 5212 2563 5268 suffecerat
2586 5210 2751 5264 Jacob
2782 5207 2959 5261 fratris
2988 5204 3139 5269 livor,
3168 5200 3349 5255 fratris
3378 5198 3518 5252 invi-

1953 5310 2062 5373 dia,
2096 5307 2331 5361 servitns
2364 5306 2415 5359 in
2449 5301 2902 5373 peregrinatione,
2939 5299 3059 5369 fuga
3086 5315 3114 5349 a
3151 5295 3337 5359 fratre,
3369 5305 3517 5346 cont-

3061 5431 3107 5464 ”
3137 5430 3270 5485 Gen.
3301 5442 3430 5490 xxx.
3460 5426 3515 5481 1.

2024 5582 2137 5649 (25)
2172 5581 2269 5633 Ms.
2301 5544 2544 5632 Met/iores
2580 5592 2689 5649 sue.

2034 5636 2148 5721 '(26')
2183 5650 2404 5702 Mentem
2440 5660 2632 5701 autem.
2679 5645 2949 5705 Fortasse,
2984 5652 3152 5721 mente
3181 5638 3398 5721 (borius)
3429 5636 3509 5692 si-

1958 5712 2052 5778 cut
2084 5712 2240 5774 at'ttt‘a
2274 5734 2487 5785 corpore
2512 5734 2529 5769 :
2556 5732 2745 5769 sensus
2778 5726 2883 5785 est,
2911 5712 3073 5766 animi
3122 5713 3333 5785 dotibus
3380 5722 3515 5777 pra-

1956 5806 2127 5853 SIans,
2187 5791 2324 5843 sicut
2365 5783 2606 5839 "testatus
2644 5799 2725 5838 est
2778 5784 2953 5852 νοῶν.
3010 5798 3130 5835 cum
3188 5783 3235 5836 ei
3304 5790 3512 5851 partem

1956 5880 2114 5916 unam
2143 5859 2466 5915 baut-ditatis
2487 5874 2646 5915 supra
2676 5859 2868 5910 fratres
2894 5854 3159 5908 attribuit.
