3956 6514
537 414 685 474 τοδε

1219 413 1487 470 EUSEBII
1525 412 1999 471 CESARIENSIS
2036 413 2185 470 OPP.
2227 413 2410 469 PARS
2443 410 2533 466 IV.
2572 442 2641 454 --
2680 407 3105 466 DGGMATICA-

3604 422 3723 474 10M

537 533 826 606 prehensio
849 531 1235 600 insequentis:
1262 532 1457 587 obvius
1499 548 1528 585 a
1559 533 1752 587 timore
1799 532 2008 599 frater;
2046 540 2103 585 ut
2131 536 2177 592 Α
2205 541 2381 586 autem
2412 529 2806 585 benefactorem
2852 527 3179 597 accipientes
3202 527 3461 590 occidunt,
3490 545 3709 599 quantum
3742 586 3749 615 ί

538 628 627 681 vix
658 626 924 694 acciperet
953 624 1117 679 Iacob
1163 640 1199 679 aa
1223 626 1392 680 sterili
1444 626 1611 695 ipsius
1658 626 1849 680 matris
1900 639 2045 678 mors
2084 640 2097 676 :

534 718 767 787 desupra
818 716 933 771 haec
965 717 1146 772 omnia
1183 723 1369 773 decem
1413 726 1467 773 et
1508 728 1711 788 septem
1756 719 1880 773 dum
1919 728 2104 786 ageret

535 821 707 863 annos
733 809 786 863 in
817 819 977 864 aetate
1000 808 1198 880 Ioseph
1252 818 1425 866 :~tunc
1465 826 1587 867 cum
1634 822 1900 880 augentur
1941 809 2102 871 bona,

533 901 788 955 excidere
814 900 970 955 bonis
1022 911 1257 967 quantus
1303 910 1388 955 est
1437 900 1637 955 dolor‘t-
1660 902 1726 954 Et
1753 900 1917 954 mittit
1950 910 2105 969 pater

537 992 795 1046 dilectum
828 1007 983 1045 suum
1012 991 1200 1057 lilium,
1223 1006 1381 1060 quem
1415 992 1466 1045 in
1502 992 1683 1046 multis
1707 991 1973 1045 fratribus
2008 992 2104 1045 ha-

534 1082 695 1139 bebat
724 1083 1056 1152 unigenitum
1085 1098 1101 1137 :
1127 1083 1295 1136 mittit
1334 1092 1486 1151 pater
1522 1084 1710 1149 tilium,
1761 1094 1816 1137 ut
1860 1084 2105 1138 visitaret

532 1189 629 1232 eos
657 1177 747 1246 qui
780 1184 938 1229 erant
982 1175 1035 1230 in
1081 1175 1369 1231 solitudine
1426 1174 1649 1228 fratres.
1715 1174 1855 1229 Puto
1889 1176 2014 1244 quia
2047 1184 2104 1230 et

535 1266 664 1321 dum
701 1266 896 1335 legitur
924 1264 1084 1321 Vetus
1112 1266 1547 1331 Testamentum,
1583 1267 1755 1335 magis
1784 1265 1987 1322 Novum
2019 1277 2102 1322 est

535 1374 697 1427 quam
726 1356 909 1413 Vetus.
943 1356 1108 1411 Mittit
1133 1366 1288 1426 pater
1335 1357 1501 1411 filium
1534 1373 1687 1412 suum
1724 1374 1883 1428 quem
1933 1359 2101 1413 habe-

537 1450 631 1505 bat
669 1448 932 1515 iu‘locum
978 1448 1235 1517 unigeniti
1292 1465 1305 1501 :
1366 1464 1488 1503 nam
1544 1461 1599 1503 et
1646 1450 1903 1520 singulari
1954 1460 2102 1506 veste

545 1550 897 1612 separaverat
922 1556 1044 1595 eum
1093 1557 1121 1594 a
1157 1540 1457 1595 fratribus:
1490 1542 1657 1597 mittit
1694 1542 1860 1595 filium
1892 1541 1961 1596 de
1993 1556 2101 1611 quo

534 1634 912 1704 pmdictiones
940 1642 1095 1688 erant
1124 1650 1138 1686 :
1176 1635 1556 1701 prmdictiones
1596 1645 1773 1688 autem
1819 1650 1955 1704 quas
1986 1634 2101 1704 ipse

534 1728 749 1797 quidem
777 1727 985 1781 viderat
1011 1725 1236 1796 Ioseph,
1278 1742 1384 1782 non
1422 1728 1771 1782 absconderat
1824 1740 2003 1782 autem
2068 1745 2096 1783 a

536 1822 796 1875 fratribus
830 1820 942 1874 suis
975 1836 989 1873 :
1031 1828 1151 1873 erat
1176 1820 1317 1874 enim
1358 1820 1550 1874 frater.
1594 1819 1815 1874 Dicebat
1847 1820 1991 1875 enim
2028 1822 2092 1873 ad

534 1928 659 1968 eos:
685 1911 1029 1976 Metebamus,
1053 1912 1245 1982 inquit,
1262 1924 1308 1967 et
1328 1930 1497 1967 meum
1519 1914 1848 1982 manipulum
1874 1924 2097 1967 erectum
2134 1891 2175 1946 Β

529 2014 647 2071 ut;
699 2006 857 2059 uestri
917 2013 1091 2057 autent
1137 2007 1377 2058 undecim
1434 2006 1658 2059 circuitu
1710 2006 2001 2058 adorabunt
2033 2006 2099 2060 ³⁸.

530 2095 675 2153 Bene
701 2098 812 2167 jam
847 2096 1064 2151 occasio
1089 2111 1207 2151 esse
1244 2097 1429 2167 C(Ppit,
1467 2108 1522 2151 ut
1553 2099 1843 2152 adorarent
1882 2097 2098 2152 fratres.

530 2186 828 2243 Audierunt
856 2188 1078 2253 fratres,
1114 2198 1168 2242 et
1199 2189 1388 2243 elIlcax
1426 2188 1694 2242 somnium
1733 2189 1915 2241 statim
1945 2188 2105 2243 intel-

532 2277 799 2347 lexerunt,
830 2290 885 2335 et
923 2282 1075 2335 aiunt
1125 2280 1191 2335 ad
1232 2296 1394 2336 eum:
1436 2281 1582 2334 Num
1626 2280 2026 2334 adoraverimus
2058 2291 2105 2334 te

536 2375 669 2429 nos?
707 2375 945 2441 regnabis
972 2377 1107 2427 enim
1150 2374 1459 2427 aut'tenebis
1486 2390 1576 2426 nos
1609 2373 1651 2404 ³⁷
1678 2373 1701 2425 ἳ
1740 2372 1901 2426 Forte
1926 2384 2105 2427 autem

535 2464 1268 2537 irascebaturprituogenitus
1290 2475 1343 2520 et
1376 2466 1740 2536 primogeniti,
1776 2466 1900 2535 quia
1924 2467 2108 2535 junior

533 2556 747 2611 volebat
779 2558 1029 2613 omnibus
1076 2559 1397 2629 praerogari.
1428 2557 1607 2612 Voluit
1657 2558 1799 2612 enim
1839 2558 2104 2612 somnium

532 2644 718 2701 videre
768 2658 826 2702 ut
872 2650 971 2703 hoc
999 2650 1127 2705 velit
1180 2666 1357 2705 :num
1419 2650 1728 2718 increpatur
1778 2649 1976 2718 aliquis
2008 2664 2104 2703 cur

532 2738 802 2792 somnium
828 2739 1061 2793 viderit?
1094 2740 1292 2795 Tamen
1321 2738 1662 2810 obiurgatum
1688 2738 1887 2809 Ioseph
1920 2752 2026 2806 est,
2053 2750 2106 2794 et

535 2833 637 2884 hoc
665 2832 903 2887 secundo
929 2832 1076 2887 videt
1118 2843 1210 2887 :et
1252 2849 1317 2887 ne
1348 2835 1564 2902 quidem
1600 2834 1841 2887 secundo
1875 2835 2107 2887 abscon-

533 2924 615 2977 dit
652 2924 719 2978 δι)
748 2924 833 2978 his
864 2926 953 2993 qui
988 2925 1113 2979 irati
1146 2924 1446 2979 fuerantde
1471 2925 1661 2993 priori.
1692 2925 1766 2978 Ita
1796 2934 1915 2978 erat
1937 2924 2107 2980 frater

530 3014 599 3067 ad
640 3013 863 3072 fratres.
886 3015 967 3070 llli
997 3024 1179 3069 autem
1218 3033 1282 3071 ex
1316 3018 1549 3071 secunda
1590 3017 1793 3071 visione
1829 3018 2107 3073 firmantes

531 3109 796 3177 priorem,
821 3109 1085 3178 duplicem
1119 3110 1385 3164 habebant
1415 3109 1668 3163 invidiam
1707 3122 1758 3164 et
1788 3110 2105 3178 indignatio-

533 3217 660 3256 nem
701 3214 756 3256 et
790 3202 924 3256 iram
968 3204 1229 3257 adversus
1272 3201 1490 3271 Inseph.
1545 3202 1794 3257 Narravit
1850 3214 1904 3257 et
1959 3202 2100 3271 patri
2130 3232 2173 3289 α

534 3292 825 3361 somnium,
858 3295 983 3362 quia
1033 3294 1110 3349 sol
1153 3304 1207 3350 et
1245 3294 1367 3348 luna
1416 3302 1471 3349 et
1521 3295 1769 3348 undecim
1827 3294 1995 3348 stella:
2042 3309 2101 3348 se

533 3387 834 3442 adorabaut
863 3388 929 3441 ³⁸.
962 3387 1143 3442 Solem
1180 3389 1397 3457 quidem
1440 3389 1491 3441 in
1552 3387 1672 3441 loco
1726 3388 1895 3457 patris
1944 3388 2105 3441 intel-

535 3477 660 3547 l‘ige,
693 3477 873 3531 lunam
901 3486 1078 3529 autem
1121 3477 1172 3530 in
1203 3478 1319 3530 loco
1353 3476 1561 3537 matris,
1594 3486 1655 3528 et~
1680 3486 1904 3529 (uetera.
1943 3474 2106 3529 Vide-

536 3579 626 3622 tur
653 3568 1077 3637 reprehensibile
1109 3583 1269 3634 esse;
1304 3569 1426 3636 quia
1465 3576 1638 3621 mater
1668 3565 1786 3633 ejus
1824 3582 1926 3619 non
1970 3565 2106 3619 vidit

534 3674 659 3712 eum
687 3658 740 3711 in
764 3657 936 3727 gloria
971 3676 983 3710 :
1026 3657 1480 3726 quemadmodum
1532 3671 1664 3726 ergo
1694 3656 1991 3709 adoravit?
2015 3668 2107 3708 aut

536 3764 679 3804 nunc
718 3752 978 3818 qnmrftur
1010 3748 1161 3803 locus
1197 3748 1387 3801 matris
1414 3763 1575 3816 quem
1629 3746 1869 3815 implevit
1912 3747 2105 3815 coujux

540 3842 748 3911 patris?
773 3841 941 3896 Simul
976 3850 1152 3893 autem
1182 3841 1352 3910 magis
1388 3840 1556 3895 stella:
1586 3839 1859 3903 undecim,
1897 3839 1998 3893 hoc
2025 3850 2106 3894 est

538 3933 787 3989 undecim
830 3934 1050 3987 fratres.
1110 3932 1272 3987 Forte
1303 3941 1483 3987 autem
1536 3932 1657 3986 ideo
1710 3946 1778 3986 ex
1833 3930 2105 3986 sideribus

538 4040 660 4096 qua
707 4027 758 4079 in
790 4026 929 4080 cmlo
955 4034 1080 4079 sunt
1121 4024 1370 4093 apparuit
1416 4025 1707 4088 somnium,
1762 4032 1819 4076 ut
1869 4024 2105 4093 pretiosa

534 4118 910 4171 ostenderetur
943 4122 1222 4186 prosaptes
1266 4118 1481 4186 generis
1506 4115 1641 4184 ejus.
1674 4117 1951 4172 l‘rrefectae
1984 4126 2109 4171 sunt

536 4210 717 4279 itaque
772 4210 1223 4280 prmdicationes;
1274 4209 1530 4276 prmdicta
1580 4209 1723 4262 enim
1788 4218 1940 4271 sunt,
1990 4223 2109 4278 quae

534 4310 658 4357 sunt
686 4303 935 4370 prauiicta
967 4301 1104 4371 (27).
1133 4301 1197 4353 Et
1228 4311 1355 4354 tunc
1381 4301 1610 4354 mittitur
1641 4318 1669 4353 a
1702 4311 1854 4370 patre
1876 4342 1890 4366 ,
1912 4302 2108 4370 dequo

531 4403 586 4449 et
624 4394 1020 4462 praedictiones.
1069 4392 1443 4446 Praedixerunt
1488 4393 1629 4446 enim
1688 4395 1963 4462 propheta:
2006 4410 2020 4445 :
2056 4401 2110 4446 et

543 4498 675 4540 tunc
722 4487 922 4540 missus
956 4496 1038 4540 est
1090 4484 1260 4539 Filius
1291 4502 1317 4538 a
1358 4486 1518 4538 Patre
1582 4485 1851 4540 Christus.
1907 4484 2104 4555 Ioseph

2203 624 2270 676 ad
2300 621 2665 692 propositum;
2700 629 2756 675 et
2791 618 3112 674 occidissent
3144 619 3347 687 utique,
3374 621 3470 674 nisi
3506 624 3586 691 qui
3613 640 3711 693 pro.

2213 715 2397 770 hibuit
2412 712 2561 770 Isaac
2584 728 2653 768 ne
2681 711 3044 775 occideretur,
3071 719 3130 763 ut
3158 725 3282 764 vero
3301 723 3589 768 servaretur
3606 733 3707 784 pas-

2203 808 2306 873 sio,
2331 804 2575 875 permisit
2598 813 2654 858 et
2679 802 2798 855 istic
2828 800 3035 854 firmam
3060 815 3178 854 esse
3201 799 3442 854 formam.
3486 802 3713 869 Quemad.

2204 898 2421 954 modum
2465 912 2593 968 ergo
2642 893 2815 949 forma
2863 894 3144 957 occiditur,
3190 903 3245 948 et
3294 910 3397 949 non
3434 897 3704 955 occiditur:

2204 999 2599 1061 proposuerunt
2625 986 2869 1042 occidere
2900 983 3120 1052 Ioseph.
3166 983 3283 1039 Iam
3316 986 3381 1039 ad
3413 989 3702 1057 propositum

2205 1079 2649 1134 interficientium
2670 1084 2911 1130 mortuus
2936 1083 3020 1128 est
3049 1072 3243 1142 Ioseph
3272 1075 3432 1143 :quia
3463 1084 3514 1129 et
3545 1091 3707 1147 prepo-

2203 1170 2571 1227 sitoAbrabte
2596 1167 2809 1223 oblatus
2838 1167 2988 1221 Isaac
3032 1175 3152 1230 est,
3204 1175 3257 1219 et
3302 1166 3603 1223 immolatus.
3647 1168 3709 1224 Illi

2204 1274 2383 1319 autem
2417 1278 2521 1317 non
2552 1261 2724 1317 solum
2752 1275 2858 1314 non
2882 1267 3006 1313 sunt
3044 1259 3281 1313 contenti
3334 1259 3587 1327 proposito
3614 1275 3709 1323 suo,

2204 1357 2297 1412 sed
2328 1354 2659 1424 accipientes
2685 1367 2808 1409 eum
2842 1353 2982 1407 facto
3008 1352 3206 1421 impetu
3244 1350 3515 1406 voluerunt
3539 1352 3714 1422 quidem

2204 1448 2471 1509 occidere,
2499 1445 2700 1501 detenti
2728 1453 2907 1499 autem
2942 1445 3009 1498 ah
3043 1440 3153 1497 uno
3186 1453 3331 1508 sunt,
3358 1445 3444 1513 qui
3469 1445 3716 1514 propheta-

2207 1549 2361 1595 verat
2392 1538 2547 1593 fratri
2592 1556 2607 1592 :
2652 1548 2706 1593 et
2751 1536 2972 1591 mittunt
3001 1552 3123 1591 eum
3150 1537 3415 1592 viventem
3467 1537 3517 1592 in
3556 1538 3720 1601 lacum,

2206 1633 2604 1687 annuutiantes
2658 1629 2779 1699 quia
2825 1630 2980 1683 vivus
3032 1629 3306 1683 descendit
3350 1631 3399 1684 in
3449 1629 3606 1684 lacum
3646 1646 3721 1701 pro

2204 1726 2431 1780 mortuis
2451 1723 2721 1780 Christus.
2748 1720 2966 1776 Haedum
2984 1730 3161 1774 autem
3187 1720 3506 1785 occidentes,
3529 1722 3719 1775 tunicam

2202 1819 2397 1889 Ioseph
2432 1819 2641 1888 tingunt
2667 1815 2718 1869 in
2753 1813 3014 1883 sanguine
3055 1812 3213 1877 luedi,
3248 1822 3306 1865 ut
3335 1821 3476 1867 esset
3522 1812 3715 1880 suspicio

2204 1930 2299 1982 per
2346 1912 2681 1978 sanguinem,
2736 1917 2793 1962 ut
2821 1909 2961 1961 inter
3012 1916 3251 1960 mortuos
3283 1905 3415 1959 liber
3453 1904 3635 1959 vivens.
3668 1901 3711 1957 lu

2204 2006 2319 2061 lacu
2348 2006 2527 2074 itaque
2558 2000 2873 2057 interfectus
2895 2009 2975 2054 cst
2992 1996 3209 2068 Ioseph;
3247 1998 3575 2067 coinquinata
3605 1997 3716 2050 enim

2205 2106 2327 2152 erat
2354 2094 2468 2164 ejus
2502 2095 2679 2149 tunica
2711 2110 2743 2149 a
2784 2096 3067 2160 sanguine.
3100 2093 3229 2147 Erat
3278 2102 3456 2147 autem
3495 2093 3715 2145 viveusia

2212 2190 2330 2245 lacu
2361 2198 2485 2258 post
2540 2186 2974 2243 interfectionem
3011 2202 3130 2256 qua:
3178 2187 3230 2239 in
3278 2184 3452 2239 tunica
3490 2183 3642 2237 fuerat
3664 2183 3723 2235 fa-

2205 2294 2313 2339 cta.
2347 2282 2657 2337 Transeunt
2699 2280 2915 2347 quidem
2951 2294 2981 2332 e
3024 2279 3301 2348 gentibus,
3358 2276 3542 2346 quibus
3577 2289 3723 2333 serva-

2206 2376 2365 2430 batur
2395 2376 2592 2429 bomuu
2619 2375 2762 2442 quod
2788 2383 2904 2425 erat
2942 2372 2993 2426 in
3022 2373 3137 2426 lacu
3182 2389 3194 2424 :
3234 2379 3290 2425 et
3322 2380 3493 2423 movet
3523 2368 3620 2435 (ἓὸ)
3640 2366 3723 2434 spi-

2208 2472 2311 2524 ritu
2342 2485 2504 2523 unnm
2540 2483 2570 2522 e
2623 2466 2889 2520 fratribus
2940 2464 3222 2519 consolare
3272 2477 3423 2516 suum
3456 2474 3663 2515 errorem
3684 2466 3725 2510 et

2208 2565 2388 2618 dicere
2434 2579 2449 2619 :
2488 2578 2589 2615 non
2632 2560 2932 2615 occidantur
2984 2558 3224 2626 fratrem.
3280 2556 3547 2607 Amatores
3584 2560 3722 2604 alitem

2204 2656 2555 2727 pecuniarum
2602 2653 2751 2707 fuere
2786 2662 2842 2705 et
2890 2650 3199 2706 Iudaeorum
3247 2657 3428 2718 patres
3468 2660 3483 2699 :
3516 2656 3564 2701 et
3598 2642 3724 2697 Iudas

2206 2745 2524 2801 consiliator
2559 2758 2782 2808 eorum;
2815 2751 2870 2794 ct
2913 2741 3119 2798 dixere,
3152 2736 3279 2792 Non
3321 2736 3623 2795 occidamus,
3665 2732 3725 2783 in-

2206 2839 2345 2907 quit,
2370 2853 2509 2900 eunt,
2538 2835 2665 2906 quia
2695 2849 2801 2888 non
2830 2848 3016 2887 sumus
3047 2830 3169 2900 ejus
3196 2830 3366 2900 digni.
3409 2826 3516 2882 Non
3558 2833 3618 2879 sut
3652 2836 3725 2874 no-

2206 2930 2413 2985 hiscum
2446 2928 2535 2997 qui
2571 2926 2890 2983 beneliciutn
2941 2924 3096 2978 nobis
3166 2922 3426 2992 impertit.
3459 2916 3725 2974 Distrahitut

2207 3022 2390 3089 itaque
2420 3019 2647 3088 Ioseph,
2678 3030 2733 3074 et
2792 3027 2999 3072 tantum
3052 3032 3081 3070 a
3142 3014 3593 3084 comparatoribus
3620 3006 3727 3061 acci-

2219 3114 2369 3183 piunt
2404 3113 2656 3181 pretium,
2692 3120 2955 3180 quantum
3002 3109 3271 3164 dederunt
3305 3117 3359 3163 et
3403 3104 3636 3177 proditori
3659 3100 3728 3155 Iu-

2208 3208 2308 3269 das,
2359 3217 2417 3258 ut
2448 3213 2500 3257 et
2554 3204 2787 3274 pretium
2843 3201 3173 3257 consentiret
3224 3208 3570 3256 sacramento.
3614 3194 3728 3249 ludat

2206 3308 2385 3351 autem
2419 3305 2538 3349 erat
2572 3295 2851 3351 consilium
2884 3305 2945 3349 et-
2992 3304 3121 3349 tunc
3167 3303 3224 3346 ut
3277 3302 3477 3348 tantum
3516 3286 3729 3343 distrahe-

2210 3400 2358 3443 retur
2388 3388 2606 3457 Ioseph.
2630 3386 2794 3443 Iudas
2822 3396 3000 3442 autem
3030 3396 3135 3452 est,
3184 3387 3279 3457 qui
3318 3397 3370 3440 et
3403 3386 3453 3439 in
3492 3378 3729 3449 Evangelia

2209 3480 2464 3533 distrahit
2505 3479 2751 3535 Domino.
2785 3479 3039 3534 Ascendit
3084 3494 3114 3533 e
3161 3479 3283 3532 lacu
3327 3479 3415 3548 qui
3451 3476 3554 3542 jam
3594 3474 3730 3525 fuerat

2206 3570 2522 3625 interfectus
2555 3586 2652 3639 per
2688 3573 2921 3624 tunicam
2960 3589 2974 3625 :
3009 3580 3063 3625 et
3106 3571 3157 3623 in
3209 3571 3330 3625 lacu
3382 3576 3581 3639 putatus
3619 3576 3729 3615 mor-

2208 3674 2374 3729 tuus,
2435 3664 2734 3735 ingreditur
2790 3664 3102 3734 Egyptum.
3166 3663 3231 3717 Et
3282 3667 3469 3717 iterum
3525 3657 3628 3712 istic
3662 3668 3730 3722 per

2206 3756 2472 3811 insomnia
2533 3766 2587 3812 et
2649 3757 2911 3812 visionem
2988 3757 3189 3810 adnuat
3252 3757 3455 3809 fructus
3498 3746 3729 3805 aliutonias

2207 3850 2402 3901 mundo
2436 3869 2447 3902 :
2477 3858 2531 3901 et
2577 3863 2736 3918 quem
2785 3846 3174 3902 interfecerunt
3212 3846 3381 3901 Iudaei
3430 3855 3481 3898 et
3518 3844 3730 3895 distraxe-

2210 3950 2355 4001 runt,
2394 3940 2555 3993 istum
2600 3940 2830 3995 adorant
2880 3949 3066 4011 gentes
3124 3940 3251 3993 dum
3304 3945 3596 4008 pascuntur.
3643 3930 3729 3983 Νοη

2206 4030 2351 4083 enim
2383 4029 2668 4101 Egyptios
2708 4031 2852 4085 solos
2888 4032 3036 4100 pavit
3086 4030 3323 4097 Ioseph;
3375 4028 3464 4083 scd
3516 4040 3575 4079 ex
3618 4021 3729 4074 muni

2211 4124 2410 4176 mundo
2464 4122 2809 4176 confluebant
2858 4138 3048 4177 omnes
3101 4132 3291 4193 gentes
3342 4131 3395 4174 et
3448 4116 3637 4189 p0puli,
3681 4108 3730 4161 ad

2214 4214 2439 4269 formam
2506 4225 2690 4285 utpote
2742 4214 2951 4270 Domini
3001 4214 3149 4269 Iesu.
3206 4213 3404 4283 Ioseph
3453 4220 3611 4263 autem
3648 4204 3729 4272 iam

2209 4307 2462 4378 pascebat
2494 4307 2691 4362 fratres
2726 4310 2893 4377 ipsos,
2935 4309 3141 4363 scilicet
3167 4309 3357 4376 qui'se
3401 4306 3730 4359 distraxerant.

2209 4407 2261 4453 et
2286 4400 2512 4467 pretium
2548 4410 2873 4470 acceperunt
2910 4416 3088 4453 suum.
3120 4399 3304 4454 Gratis
3342 4396 3614 4465 accipiens,
3640 4402 3731 4458 gra-

2217 4493 2283 4546 tis
2315 4492 2494 4547 dabat.
2526 4492 2589 4546 El
2621 4491 2694 4545 illi
2727 4492 2942 4560 quidem
2982 4491 3098 4559 ejus
3138 4498 3461 4558 acceperunt
3504 4484 3731 4555 pretium:

536 4590 715 4635 autem
777 4581 917 4635 filius
970 4582 1219 4635 veniebat
1266 4596 1292 4634 a
1347 4580 1501 4650 longe
1549 4582 1615 4634 ad
1671 4581 1867 4636 fratres
1923 4580 2107 4635 frater.
2144 4577 2189 4630 Ι)
2217 4584 2329 4653 ipse
2360 4594 2537 4637 autem
2566 4584 2727 4636 tritici
2760 4585 2989 4652 pretium
3017 4598 3120 4637 non
3154 4583 3378 4651 accepit.
3410 4579 3505 4635 Ubi
3532 4588 3645 4643 ergo
3662 4582 3731 4623 θοι

537 4671 710 4741 lingis
738 4682 914 4725 autem
950 4674 1017 4726 ad
1052 4689 1154 4727 non
1181 4672 1375 4727 fratres
1407 4674 1589 4726 frater.
1623 4674 1698 4726 llli
1730 4684 1907 4726 autem
1927 4674 2110 4725 viden-

538 4775 622 4819 tes
648 4776 771 4817 eum
810 4778 837 4816 a
898 4763 1057 4832 longe
1100 4763 1426 4827 venientem,
1463 4766 1649 4818 dicunt
1674 4780 1736 4817 ea
1772 4781 1895 4831 qua:
1940 4770 1997 4817 et
2057 4764 2107 4817 in

536 4854 826 4923 Evangelia
850 4854 1048 4924 scripta
1076 4863 1241 4907 sunt:
1279 4854 1387 4908 Iste
1426 4868 1500 4909 est
1542 4858 1729 4920 lateres,
1761 4857 1923 4909 venite
1975 4855 2112 4908 occi-

534 4951 720 5000 tfamus
755 4964 896 5010 eum,
948 4962 995 4999 et
1031 4959 1208 5000 nostra
1240 4950 1353 5000 erit
1385 4948 1662 5001 hwreditas
1695 4949 1761 5001 ".
1811 4948 1964 5010 Ecce,
2022 4948 2111 5002 ille

538 5041 731 5111 mquit,
780 5041 1061 5094 somniatur
1117 5042 1276 5106 venit,
1312 5044 1479 5095 venite
1525 5043 1826 5095 occidantus
1872 5057 2011 5103 eum,
2056 5051 2103 5094 ct

537 5136 808 5187 mittamus
832 5135 887 5186 in
920 5151 1081 5187 unum
1113 5152 1140 5189 ε
1164 5136 1293 5188 lacis
1319 5135 1384 5199 δ’),
1414 5134 1799 5187 annuutiantcs
1833 5133 1955 5201 quia
2001 5148 2105 5185 non

538 5226 711 5279 solum
768 5226 1147 5294 interflcietur,
1180 5230 1273 5282 sed
1313 5228 1622 5281 inferiorem
1651 5227 1824 5280 locum
1864 5226 2104 5280 ltaltebit.

540 5320 602 5371 lit
630 5317 826 5387 Ioseph
859 5320 1075 5387 quidem
1127 5322 1604 5391 appropinquavit:
1653 5319 2109 5389 appropinquavit

538 5413 603 5463 ad
632 5410 893 5479 judicium
920 5410 1176 5478 fratrum,
1204 5414 1269 5466 ad
1300 5412 1659 5467 visitationem
1694 5412 1953 5465 malorum
1983 5428 1995 5465 ;
2032 5413 2107 5467 illi

615 5568 661 5600 ³⁸
690 5567 823 5622 Gen.
857 5582 1065 5630 xxxv",
1096 5568 1151 5626 7.
1257 5569 1298 5599 ⁸⁷
1336 5569 1488 5631 ihid.,
1520 5568 1575 5623 8.
1617 5528 1629 5541 .
1664 5568 1711 5598 ³⁸⁵
1744 5568 1896 5633 ihid.,
1934 5568 1985 5622 9.

542 5639 585 5671 δ’
626 5638 784 5693 Rom.
823 5653 903 5701 ιιι,
929 5639 981 5691 5.

617 5793 731 5863 (27)
762 5793 926 5867 Forte
953 5795 1192 5862 perfecta:
1221 5810 1339 5847 sunt
1366 5795 1541 5858 itaque
1581 5796 1965 5863 prardictiones,
1983 5813 2094 5867 per-

544 5865 678 5933 fecta
702 5866 835 5919 enim
867 5874 986 5919 sunt
1012 5881 1127 5934 qtta'
1151 5875 1275 5917 sunt
1307 5867 1580 5918 oratdictu.

2065 5571 2107 5601 ”
2136 5570 2321 5625 Matth.
2358 5585 2466 5628 xxI.
2501 5568 2586 5621 38.

2217 4678 2305 4745 qui
2340 4674 2624 4729 aflixcrunt
2667 4676 2811 4730 cruci
2842 4685 2895 4728 et
2934 4674 3301 4729 distraxerunt
3329 4713 3343 4736 ,
3384 4670 3545 4740 pascit
3584 4658 3730 4718 Domi-

2215 4782 2315 4821 nus
2347 4765 2500 4821 Iesus
2518 4767 2557 4820 ?"
2579 4767 2652 4820 Ex
2690 4767 2819 4836 ipsis
2858 4766 3045 4820 Petrus
3071 4774 3173 4827 est,
3200 4780 3264 4818 ex
3304 4764 3434 4833 ipsis
3459 4771 3511 4815 ct
3537 4754 3731 4813 Paulus,

2212 4869 2265 4912 et
2287 4857 2464 4911 caeteri
2506 4859 2751 4928 apostoli.
2783 4858 2846 4914 Et
2877 4859 3067 4912 fratres
3092 4855 3396 4925 etapostoll
3442 4852 3504 4905 ad
3544 4844 3726 4903 Paulum

2212 4950 2399 5005 dicunt
2428 4967 2442 5002 :
2476 4948 2707 5005 Intueris
2731 4992 2744 5015 ,
2780 4952 2973 5019 inquit,
3008 4960 3205 5018 quanta
3233 4948 3400 5001 millia
3430 4952 3542 4998 sunt
3577 4941 3624 4993 in
3656 4933 3734 4987 In-

2217 5046 2333 5099 dwa
2362 5047 2450 5117 qui
2486 5044 2819 5098 crediderunt
2840 5043 2923 5096 “'1
2965 5044 3101 5109 Quid
3128 5056 3296 5096 autem
3329 5042 3373 5093 si
3405 5056 3500 5093 non
3536 5031 3725 5087 crediti!-

2218 5149 2338 5191 runt
2365 5138 2577 5209 quidam
2602 5136 2887 5205 ?'nunquid
2911 5136 3257 5188 incredulitas
3280 5146 3455 5187 eorum
3487 5126 3629 5197 [idem
3657 5116 3733 5173 Dti

2216 5230 2528 5285 evacuavit?
2559 5228 2705 5283 Absit
2730 5240 2901 5281 autent
2942 5228 3007 5281 δ’.
3042 5227 3109 5281 Ει
3152 5236 3492 5281 contumaces
3526 5216 3733 5269 volumus

2216 5323 2362 5391 pasci
2393 5337 2485 5390 per
2508 5320 2715 5373 Iesum.
2762 5320 3040 5372 Proltilmit
3081 5334 3173 5372 eos
3210 5316 3364 5371 idolis
3408 5310 3614 5368 servire.
3650 5297 3732 5354 Sed

2216 5431 2395 5470 sermo
2422 5415 2486 5467 ad
2516 5412 2788 5484 proposita
2808 5410 3046 5475 festinat,
3082 5420 3139 5463 ut
3176 5408 3421 5464 ostendat
3447 5413 3497 5459 et
3524 5397 3732 5454 dolorem

2675 5568 2718 5599 "
2744 5566 2879 5621 Gen.
2917 5581 3121 5628 xxxvtt,
3156 5563 3246 5618 ‘20.
3321 5562 3360 5593 “
3390 5563 3503 5615 Act.
3530 5566 3630 5615 ut,
3656 5542 3735 5601 ΞΟ·

2277 5798 2391 5865 (28)
2436 5799 2657 5866 Spiritu.
2703 5797 2867 5853 l-‘orte
2901 5799 3138 5867 spiritus.
