3956 6586
348 478 481 536 1085

1466 480 1553 534 DE
1590 480 2179 538 RESURRECTIONE.
2217 515 2286 525 --
2323 485 2452 540 LIB.
2492 487 2534 541 I.

3403 491 3542 548 {086

339 596 528 662 Iacob,
563 608 618 652 et
650 599 773 668 quia
807 613 911 653 non
941 598 1039 654 ista
1064 599 1174 653 vita
1201 615 1325 669 spes
1362 608 1444 654 est
1475 601 1756 670 religiosis.
1785 602 1892 657 Pu-
1921 607 1966 663 Α
1996 620 2098 658 non
2140 605 2381 674 permisit
2409 621 2529 660 eum
2573 606 2710 661 Deus
2743 625 2756 662 :
2790 605 2978 662 habuit
3025 605 3298 662 solatium.
3347 606 3543 663 Dilexit

341 700 424 746 tas
478 699 653 761 potest
698 691 962 747 sustinere
1030 693 1144 746 sine
1212 693 1460 762 larrytnis
1516 695 1893 748 audire:cum

340 783 521 837 tunica
559 782 649 836 illa
688 782 944 852 sanguine
971 783 1134 836 tincta
1164 784 1214 836 in
1246 799 1401 837 manu
1433 783 1598 839 Iacob
1620 795 1701 840 est
1724 785 1894 854 posita

339 889 462 926 cum
501 889 634 927 voce
662 873 748 926 illa
779 874 1049 928 conﬁcta?
1078 874 1266 941 Istam,
1296 877 1486 944 inquit,
1514 879 1797 930 inveniam:
1823 877 1890 942 ”,

339 963 500 1016 istam
526 962 789 1031 sanguine
809 961 1091 1032 pollutam,
1131 979 1359 1032 agnosce
1394 964 1544 1032 cujus
1581 976 1664 1020 est
1689 967 1889 1031 tunica,

338 1067 572 1121 agnosce
603 1062 751 1106 tuum
778 1053 1037 1108 dolorem.
1065 1054 1227 1110 Dolor
1255 1057 1466 1124 quidem
1489 1067 1608 1111 erat
1631 1059 1798 1126 patris
1827 1059 1891 1112 de

336 1155 550 1199 mortuo
573 1144 790 1216 Ioseph.
819 1146 945 1201 Erat
973 1163 1077 1201 non
1104 1147 1358 1203 ferendus
1402 1149 1574 1213 dolor,
1625 1151 1748 1218 quia
1793 1165 1891 1205 nec

334 1246 460 1290 ante
513 1237 699 1291 oculos
750 1253 877 1292 suos
927 1240 1232 1294 decesserat
1271 1240 1412 1295 ﬁlius
1449 1241 1705 1295 :videtur
1745 1241 1887 1296 enim

335 1326 476 1380 istud
504 1327 754 1382 solatium
805 1343 923 1383 esse
971 1330 1092 1397 quia
1142 1329 1310 1394 affuit,
1369 1331 1493 1400 quia
1544 1332 1887 1385 novissimam

334 1418 451 1485 ejus
483 1433 669 1473 vocem
699 1421 958 1489 suscepit,
987 1420 1111 1488 quia
1138 1429 1191 1474 et
1217 1421 1420 1475 dimisit
1461 1422 1509 1476 ei
1536 1423 1601 1476 ad
1643 1424 1889 1477 consola-

335 1511 534 1565 tionem
588 1511 828 1574 verbum,
865 1511 988 1580 quia
1035 1510 1290 1580 reliquias
1326 1512 1444 1580 ejus
1495 1513 1887 1567 commendavit

333 1609 510 1656 terraz.
546 1601 677 1654 Cum
711 1611 887 1655 autem
916 1610 1157 1656 mortuus
1182 1601 1341 1657 fuerit
1376 1603 1594 1674 Ioseph,
1629 1617 1885 1673 quantum

329 1693 398 1746 ad
426 1693 674 1747 nuntium
704 1703 1004 1763 exspectat,
1043 1706 1298 1765 quantum
1348 1697 1413 1750 ad
1464 1697 1882 1763 distractionem,

328 1797 381 1838 et
415 1785 676 1839 incertum
719 1784 789 1837 sit
813 1786 1158 1838 homicidium
1182 1795 1273 1838 aut
1307 1801 1473 1850 mors,
1506 1787 1671 1841 incisa
1706 1798 1880 1842 autem

326 1886 456 1930 sunt
483 1878 649 1944 patris
677 1877 903 1932 viscera.
940 1877 1127 1933 Omnia
1174 1879 1499 1947 suspicatur,
1549 1881 1727 1935 omnia
1775 1882 1875 1936 sibi

1993 697 2134 749 enim
2166 711 2286 750 eum
2322 697 2412 764 qui
2435 707 2655 763 emerat,
2679 713 2836 768 quem
2881 699 3105 752 oderant
3140 697 3359 755 fratres.
3407 696 3543 764 Quid

1994 789 2176 860 igitur,
2241 789 2361 844 istic
2407 799 2561 858 putas
2598 791 2919 845 obdormivit
2972 790 3212 844 invidia?
3249 798 3404 858 putas
3443 789 3542 843 de-

1995 881 2174 948 spexit
2197 881 2436 935 diabolus
2453 882 2868 936 consolationem
2894 881 3088 950 Ioseph
3107 882 3130 934 ‘l
3150 880 3386 934 Habebat
3413 894 3544 933 con-

1986 970 2166 1041 jngem
2191 971 2472 1042 Egyptius
2501 973 2545 1004 “
2615 991 2627 1026 :
2694 988 2786 1042 per
2815 975 3092 1028 mulierem
3119 973 3279 1042 igitur
3303 970 3542 1026 diabolus

1996 1063 2353 1120 machinatur.
2395 1064 2663 1134 Diligitur,
2696 1065 2884 1133 inquit,
2917 1065 3085 1119 bonus
3130 1080 3235 1118 non
3274 1064 3430 1117 bene.
3464 1060 3542 1124 Et

1987 1169 2114 1208 vere
2141 1169 2278 1207 nunc
2308 1153 2534 1208 incurrit
2571 1155 2623 1207 in
2657 1152 2822 1208 feram
2864 1151 3078 1222 Ioseph,
3129 1162 3182 1206 et
3225 1153 3540 1221 ﬁgmentum

1989 1246 2214 1298 fratrum
2243 1244 2493 1297 transivit
2515 1244 2580 1297 ad
2609 1252 2805 1298 actum.
2836 1243 3022 1297 Mulier
3056 1245 3325 1307 insistens,
3349 1242 3542 1296 mulier

1987 1337 2325 1404 semetipsam
2347 1335 2628 1401 decorans,
2655 1337 2720 1388 ad
2741 1335 2986 1402 laqueum
3007 1334 3180 1388 verbis
3197 1334 3438 1397 illiciens,
3465 1332 3543 1386 las

1985 1424 2320 1494 pidibus(39)
2351 1425 2602 1489 suadens,
2637 1426 2888 1479 odoribus
2912 1423 3146 1492 capiens,
3177 1433 3228 1478 et
3252 1424 3426 1478 varias
3449 1438 3542 1477 ve-

1984 1527 2096 1570 stes
2113 1525 2168 1568 ut
2191 1516 2321 1568 retia
2338 1515 2660 1582 expandens.
2684 1514 2748 1567 Et
2763 1515 2967 1568 intuere
2985 1514 3113 1566 mihi
3133 1514 3466 1582 peregrinum
3486 1519 3540 1566 et

1985 1605 2400 1660 adolescentem.
2429 1606 2641 1659 Intuere
2666 1621 2785 1659 eum
2811 1605 2897 1672 qui
2929 1621 3030 1659 non
3060 1605 3288 1658 habebat
3309 1612 3538 1672 patrem,

1983 1710 2088 1748 non
2120 1703 2346 1747 matrem
2379 1703 2716 1762 praesentem.
2757 1694 2964 1748 Intuere
3004 1693 3318 1747 distractum
3371 1707 3398 1743 a
3433 1691 3539 1744 fra-

1983 1786 2173 1849 tribus,
2200 1794 2253 1840 ει
2279 1794 2460 1839 contra
2496 1786 2805 1854 dignitatem
2861 1784 3182 1838 servientem
3230 1783 3536 1849 ingenuum,

1980 1887 2033 1931 et
2061 1894 2263 1933 memor
2286 1886 2399 1932 esto
2440 1877 2720 1931 verborum
2750 1891 2867 1944 qua:
2889 1892 2918 1928 a
2947 1875 3169 1929 muliere
3216 1873 3539 1942 promeban-

325 1967 605 2031 describit,
643 1977 698 2023 et
751 1969 944 2022 multas
983 1978 1179 2023 mortes
1226 1986 1326 2039 pro
1368 1987 1471 2026 una
1516 1973 1776 2026 imitatur.
1816 1972 1874 2028 Si
1905 1954 1947 2009 Β
1982 1978 2088 2031 tur,
2117 1980 2170 2024 et
2206 1969 2294 2022 illa
2347 1970 2469 2022 ﬁcta
2517 1967 2757 2022 mulieris
2797 1967 3176 2020 blandimenta.
3228 1964 3439 2016 Intuere
3483 1968 3539 2015 et

321 2059 448 2128 quis
478 2061 705 2114 sustinet
745 2059 827 2114 vel
861 2063 1098 2114 auditum
1123 2101 1138 2125 ,
1186 2077 1290 2115 non
1336 2062 1507 2116 solum
1545 2065 1634 2132 qui
1675 2065 1875 2134 genuit,

321 2151 410 2204 vel
437 2152 527 2220 qui
559 2151 780 2238 apdivit,
812 2153 990 2205 tunica
1022 2153 1317 2220 composita
1366 2164 1419 2208 et
1466 2155 1662 2216 scissa;
1709 2155 1782 2232 ita
1817 2162 1878 2209 ut

320 2251 378 2294 et
409 2249 662 2310 parerent
692 2257 899 2296 morsus
923 2241 1049 2296 fera:
1076 2243 1319 2311 impressi
1352 2259 1447 2313 per
1474 2245 1728 2300 tunicam.
1759 2245 1878 2301 Uti-

323 2348 452 2388 nam
482 2333 763 2394 dixissent,
789 2333 911 2403 quia
939 2343 991 2386 et
1016 2334 1066 2388 in
1099 2333 1269 2388 lacum
1317 2335 1514 2389 cecidit
1552 2337 1872 2392 ambulans:

317 2433 380 2476 et
403 2425 685 2478 videbatur
709 2426 1015 2494 ﬁgmentum
1064 2425 1360 2495 proximum
1412 2427 1618 2479 veritati
1663 2427 1872 2484 haberi.

321 2517 432 2571 Sed
471 2519 701 2586 suspecti
727 2529 852 2573 sunt
889 2534 954 2572 ne
985 2529 1348 2589 arguerentur.
1384 2520 1707 2589 Requirebat
1732 2523 1872 2578 enim

317 2608 392 2662 ab
413 2608 494 2663 eis
523 2609 776 2678 reliquias
815 2619 987 2678 pater.
1030 2609 1319 2680 Suspectus
1349 2612 1523 2680 itaque
1563 2613 1728 2669 Iacob
1766 2625 1870 2680 est,

318 2699 449 2771 quia
477 2711 711 2755 mortuus
733 2711 815 2754 est
843 2700 1035 2770 Ioseph
1064 2741 1078 2764 ,
1111 2710 1165 2756 et
1203 2717 1323 2757 esca
1358 2702 1529 2757 factus
1574 2713 1657 2757 est
1701 2704 1868 2759 feris:

321 2791 706 2844 nuntiaverunt
755 2791 895 2846 enim
939 2790 1170 2857 fratres,
1221 2795 1514 2848 testabatur
1572 2804 1626 2848 et
1671 2796 1868 2850 tunica.

319 2880 458 2947 Quis
488 2891 746 2950 portaret,
776 2883 897 2951 quis
918 2884 1204 2938 sustineret
1230 2898 1435 2938 memor
1454 2883 1593 2939 illius
1628 2883 1870 2956 Ioseph?

317 2989 444 3030 cum
494 2982 635 3028 esset
692 2989 812 3027 eum
861 2983 1013 3044 patre
1087 2984 1371 3043 antequam
1441 2976 1868 3031 distraheretur?

315 3063 504 3118 decem
545 3072 599 3116 et
619 3073 820 3132 septem
848 3065 1003 3119 annis
1040 3075 1156 3119 erat
1193 3065 1240 3119 ei
1272 3076 1535 3132 mortuus,
1590 3077 1646 3122 et
1688 3069 1867 3123 tunica

316 3153 676 3215 immortalem
711 3155 1029 3224 suggerebat
1057 3165 1306 3214 mortem.
1347 3157 1500 3213 Sicut
1535 3160 1678 3214 enim
1707 3160 1869 3215 mise-

315 3246 558 3307 ricordes
602 3257 725 3300 sunt
783 3257 1000 3315 patres,
1051 3262 1431 3318 nonnunquam
1483 3259 1543 3304 ut
1606 3251 1868 3306 retineant

314 3340 516 3408 figuras
543 3339 773 3394 ﬁliorum
808 3355 901 3409 per
929 3340 1136 3395 colores
1169 3341 1502 3412 depingunt,
1549 3343 1871 3413 easdemque

314 3433 617 3487 recondunt
643 3432 694 3486 in
722 3432 988 3498 domibus,
1017 3443 1076 3487 ut
1105 3442 1295 3502 putant
1323 3434 1538 3502 quidam
1572 3433 1637 3488 ad
1674 3448 1872 3488 conso-

313 3523 594 3578 lationem.
645 3523 956 3592 Eﬁigiantur
989 3527 1054 3578 ad
1101 3527 1522 3580 admonitionem
1578 3526 1868 3580 dolorum:

315 3618 388 3676 ita
417 3627 470 3671 et
492 3616 670 3670 tunica
704 3617 790 3670 illa
815 3617 1088 3671 recondita
1121 3617 1286 3682 domi,
1333 3627 1389 3670 et
1424 3617 1626 3671 habens
1654 3616 1870 3685 sangui-

315 3724 438 3768 nem
468 3709 944 3766 inveterasce-ntem
974 3724 1075 3762 non
1108 3708 1241 3762 haedi
1269 3716 1507 3776 putatum
1525 3709 1616 3762 sed
1650 3707 1866 3775 Ioseph,

310 3813 369 3857 et
399 3819 608 3858 morsus
643 3802 922 3871 compositi
966 3799 1077 3871 (29)
1127 3809 1182 3856 ει
1236 3799 1470 3869 impositi
1515 3800 1771 3864 ferarum,
1815 3808 1871 3854 et

313 3897 417 3951 hoc
446 3895 764 3949 silvestrium
790 3935 805 3959 ,
840 3909 1053 3962 semper
1095 3891 1359 3948 faciebant
1403 3892 1639 3945 dolorem
1664 3890 1866 3947 Iacob:

313 3986 522 4047 videns,
548 3985 884 4048 condiscens,
913 3995 1136 4052 tangens
1161 3998 1373 4051 semper
1396 3983 1561 4037 ﬁlium
1596 3999 1692 4052 per
1723 3983 1867 4036 illam

316 4079 547 4132 tunicam
580 4077 689 4147 (50)
722 4096 733 4130 :
768 4087 987 4146 tangens
1021 4091 1136 4128 eam
1161 4086 1215 4129 et
1239 4075 1409 4130 oculis
1448 4076 1653 4129 videns.
1699 4074 1766 4129 Et
1804 4090 1869 4130 ne

307 4170 434 4238 quis
461 4169 812 4238 reprehendat
854 4182 1152 4224 sermonem
1182 4211 1196 4233 ,
1232 4167 1354 4236 quia
1397 4167 1661 4220 dolentem
1698 4167 1868 4220 intro-

307 4260 671 4326 ducojustum
703 4278 716 4313 :
746 4270 869 4314 sunt
913 4260 1053 4313 enim
1098 4271 1152 4313 et
1201 4260 1573 4314 misericordes
1614 4260 1865 4328 religiosi.

314 4351 449 4419 Nam
501 4360 553 4406 et
599 4352 902 4405 audivimus
957 4369 1077 4407 eum
1130 4353 1591 4408 dicentetnzCum
1653 4371 1867 4420 omnes,

312 4444 507 4513 inquit,
553 4443 652 4512 ﬁlii
698 4454 742 4496 et
787 4445 912 4511 filia:
964 4447 1302 4500 accessissent
1355 4457 1408 4498 ut
1479 4445 1871 4498 consolarentur

306 4551 451 4596 eum,
487 4551 586 4587 non
607 4537 824 4604 suscepit
846 4551 1019 4587 eorum
1048 4536 1454 4590 consolationem
1481 4537 1552 4601 “;
1587 4553 1689 4590 non
1725 4536 1868 4590 sine-

1980 2061 2194 2116 divitias
2221 2061 2436 2130 Egypti
2484 2069 2727 2113 ostensas
2773 2074 2803 2112 a
2847 2058 3094 2126 conjuge,
3151 2053 3537 2124 promissiones

1980 2153 2241 2216 mulieris,
2271 2152 2542 2206 tristitiam
2572 2151 2721 2220 pueri
2750 2167 2764 2205 :
2805 2150 2953 2220 pueri
2994 2147 3313 2217 angustiam,
3343 2143 3535 2198 mulie-

1981 2245 2058 2298 ris
2085 2245 2498 2307 abundantiam;
2531 2250 2844 2314 potestatem
2871 2241 3011 2296 enim
3052 2238 3282 2294 habebat
3309 2236 3531 2300 domus;

1979 2337 2343 2390 additamenta
2360 2334 2691 2388 tentationis.
2715 2334 2930 2388 Dicebat
2955 2332 3095 2386 enim
3121 2330 3312 2383 mulier
3335 2327 3531 2382 multa:

1978 2444 2082 2482 non
2116 2427 2366 2481 audiebat
2387 2435 2564 2480 autem
2593 2426 2834 2495 pudicus.
2870 2423 3196 2492 Depingebat
3220 2421 3318 2474 sibi
3352 2419 3535 2476 oculos

1978 2521 2066 2574 illa
2098 2539 2110 2574 :
2136 2521 2333 2589 Ioseph
2360 2529 2538 2573 autem
2564 2535 2690 2572 suos
2719 2517 3023 2572 claudebat.
3076 2515 3162 2569 illa
3186 2529 3243 2569 se
3265 2513 3534 2582 lapidibus

1977 2608 2396 2665 coronabat:et
2447 2609 2535 2662 ille
2582 2623 2639 2662 se
2700 2622 2730 2660 a
2789 2606 3054 2676 lapidibus
3117 2621 3183 2658 ne
3243 2604 3535 2657 offenderet

1976 2699 2343 2754 custodiebat.
2391 2698 2484 2751 Illa
2534 2697 2927 2764 contorquebat
2976 2694 3196 2763 capillos
3259 2709 3384 2748 suos
3423 2711 3437 2746 ε
3478 2699 3534 2746 et

1975 2792 2065 2847 ille
2086 2791 2295 2845 vitabat
2319 2798 2377 2843 ut
2400 2789 2630 2843 vincula.
2662 2788 2753 2842 Illa
2787 2787 2938 2840 varia
2978 2786 3298 2840 vestimenta
3347 2784 3534 2837 uteba-

1976 2892 2099 2938 tur:
2132 2892 2185 2938 ct
2223 2881 2312 2936 ille
2347 2882 2658 2936 intuebatur
2682 2880 3022 2948 opiﬁciorum
3055 2877 3392 2930 varietatem.
3442 2874 3532 2928 Illa

1973 2973 2219 3029 movebat
2247 2973 2590 3043 thymiamata
2621 2973 2684 3025 ad
2708 2972 2924 3025 odorem
2954 2986 2968 3021 :
3005 2969 3091 3023 ille
3115 2977 3294 3021 autem
3313 2965 3531 3019 odorem

1972 3069 2242 3139 pudicitia:
2285 3069 2520 3122 odorans
2580 3066 2829 3120 domabat
2871 3079 3021 3118 suam
3071 3059 3528 3125 adolescentiam,

1967 3162 2152 3231 junior
2183 3170 2442 3232 quantum
2468 3159 2532 3213 ad
2557 3167 2792 3222 aetatem,
2826 3155 3008 3211 senior
3039 3164 3216 3207 autem
3245 3150 3527 3220 sapientia.

1971 3257 2102 3314 Cum
2133 3267 2308 3309 autem
2337 3269 2439 3306 non
2487 3250 2750 3304 valuisset
2785 3245 3026 3301 mulieris
3069 3243 3489 3299 blandimentum
3511 3277 3530 3306 ,

1970 3348 2246 3404 transtulit
2278 3344 2704 3399 blandimentum
2745 3340 2808 3393 ad
2845 3341 2974 3391 vim.
3021 3334 3168 3389 Nova
3197 3332 3392 3401 quippe
3414 3338 3530 3383 tra-

1971 3441 2149 3513 gaedia
2178 3441 2229 3493 in
2254 3438 2430 3509 primo
2457 3436 2616 3488 liebat
2644 3432 2844 3499 Ioseph
2869 3469 2885 3495 ,
2939 3429 3080 3483 forte
3109 3435 3162 3480 et
3190 3425 3324 3480 solo.
3351 3422 3532 3493 Siqui-

1969 3534 2090 3587 dem
2112 3547 2139 3585 a
2173 3531 2305 3584 viris
2339 3530 2445 3581 vim
2480 3526 2590 3596 pati
2630 3524 2917 3587 mulieres,
2957 3527 3148 3573 natura
3191 3517 3306 3585 ipsa
3342 3513 3531 3569 mulie-

1970 3640 2088 3680 rum
2117 3622 2349 3678 suadet:
2386 3617 2582 3688 Ioseph
2629 3624 2810 3670 autem
2865 3612 3012 3667 solus
3064 3624 3093 3662 a
3141 3609 3365 3663 muliere
3421 3605 3529 3658 vim

1969 3712 2368 3786 periclitabatur
2403 3709 2702 3779 sustinere.
2755 3703 2994 3759 Accessit
3036 3701 3178 3756 enim
3229 3697 3419 3753 mulier
3462 3695 3530 3749 ad

1969 3808 2384 3869 adolescentem,
2443 3803 2553 3859 sola
2607 3801 2674 3855 ad
2737 3799 2907 3854 solum
2938 3816 2950 3851 :
2985 3794 3260 3850 hominum
3314 3787 3531 3844 videbat

1970 3902 2163 3956 nullus.
2205 3899 2299 3953 Ille
2325 3907 2501 3950 autem
2534 3897 2623 3964 qui
2658 3893 2726 3947 ab
2753 3889 3059 3946 hominibus
3089 3902 3196 3940 non
3223 3883 3525 3944 videbatur,

1969 3992 2136 4046 Deum
2216 3986 2536 4044 invisibilem
2614 3983 2942 4037 intuebatur.
3021 3975 3348 4030 lmmittebat
3414 3970 3530 4023 fera

1970 4081 2195 4150 ungulas
2219 4093 2343 4133 suas
2393 4077 2460 4129 ad
2508 4074 2743 4127 tunicam
2799 4069 3018 4136 Ioseph.
3074 4066 3162 4119 Ille
3209 4073 3385 4117 autem
3433 4059 3527 4128 qui

1969 4177 2320 4229 consueverat
2354 4166 2529 4221 tunica
2553 4162 2774 4225 salvari,
2810 4169 2861 4214 et
2887 4160 2975 4227 qui
3002 4156 3236 4209 tunicam
3268 4151 3527 4206 fratribus

1968 4261 2135 4325 dedit,
2161 4268 2213 4314 et
2240 4274 2269 4312 a
2297 4255 2606 4325 deceptione
2635 4251 2856 4306 fratrum
2879 4259 2963 4303 est
2991 4247 3271 4308 liberatus,
3311 4240 3529 4308 reliquit

1968 4365 2023 4409 et
2057 4368 2196 4407 nunc
2218 4351 2451 4404 tunicam
2479 4349 2530 4402 in
2563 4361 2721 4400 manu
2750 4340 3018 4404 mulieris,
3054 4345 3111 4389 ut
3150 4351 3252 4389 non
3293 4333 3527 4386 dimitte-

1971 4457 2052 4502 ret
2073 4459 2222 4499 suam
2250 4443 2479 4497 animam
2517 4441 2567 4494 in
2596 4437 2838 4491 manibus
2878 4429 3217 4501 impudicitia:
3244 4447 3256 4480 :
3288 4435 3340 4480 et
3363 4424 3528 4479 exivit

1970 4539 2140 4593 nudus
2179 4552 2208 4591 a
2243 4536 2440 4601 tunica,
2484 4530 2736 4602 pudicitia
2785 4536 2960 4580 autem
3003 4522 3228 4575 amictus
3263 4534 3380 4582 sua,
3438 4515 3527 4570 illo

311 4629 402 4682 hat
433 4629 573 4683 enim
608 4629 784 4682 tunica
813 4631 1070 4701 sanguine
1117 4633 1300 4685 tincta.
1353 4633 1497 4685 Dixit
1542 4634 1681 4686 enim
1712 4648 1726 4695 ;
1760 4633 1863 4686 De-
1898 4651 1945 4706 ι)
1973 4639 2156 4684 sancto
2177 4637 2231 4684 et
2262 4627 2454 4698 pudico
2482 4624 2793 4678 vestimento
2838 4618 3074 4672 indutus.
3127 4609 3316 4706 Mulier
3348 4615 3525 4706 autem

305 4723 552 4786 scendam
575 4723 642 4774 ad
671 4722 930 4790 infernum
951 4741 1066 4777 cum
1097 4725 1270 4778 dolore
1301 4727 1368 4778 ad
1388 4726 1556 4793 [ilium
1583 4726 1627 4757 "
1657 4745 1670 4779 :
1699 4735 1876 4782 tantus

308 4823 429 4866 erat
475 4815 644 4868 dolor.
682 4815 781 4870 Ubi
811 4832 937 4886 ergo
973 4817 1252 4885 promissio
1295 4820 1421 4872 est?
1464 4819 1612 4887 cujus
1648 4819 1874 4887 promis-

309 4906 514 4961 sionem
555 4907 821 4977 impletam
856 4910 991 4977 patri
1043 4907 1252 4963 deﬁenti
1309 4919 1401 4962 aut
1434 4911 1543 4963 ﬁlio
1583 4909 1870 4964 morienti?

310 4998 445 5052 Nam
473 5000 569 5053 etsi
600 5016 702 5054 non
731 5011 809 5055 est
836 5013 1098 5064 mortuus,
1134 5011 1311 5055 tamen
1339 5003 1583 5055 timorem
1613 5009 1864 5068 expertus

307 5100 394 5146 est
425 5093 631 5147 mortis.
686 5093 816 5145 Puta
868 5096 992 5162 quia
1025 5111 1127 5149 non
1175 5105 1258 5149 est
1289 5102 1573 5156 mortuus,
1627 5107 1730 5144 non
1783 5099 1870 5144 est

306 5183 617 5249 distractus,
664 5200 769 5237 non
822 5187 1052 5240 serviit?
1102 5187 1189 5242 ille
1239 5185 1365 5254 quia
1424 5186 1474 5240 in
1539 5185 1657 5239 sinu
1717 5186 1864 5237 lusus

308 5275 478 5344 patris
503 5275 610 5343 (51)
644 5290 824 5345 agens,
865 5293 970 5330 non
997 5278 1312 5332 mittebatur
1356 5277 1525 5340 foras,
1569 5291 1708 5329 nunc
1752 5289 1866 5328 ser-

310 5366 405 5417 vit.
441 5363 621 5418 Servit
650 5374 848 5429 autem,
885 5374 939 5419 et
964 5370 1273 5422 servitutem
1318 5365 1715 5437 Egyptiorum.
1755 5364 1859 5418 Sed

379 5567 426 5600 “
452 5563 584 5621 Gen.
621 5580 818 5627 xxxvii,
851 5564 939 5618 52.
1014 5564 1058 5595 ⁸³
1087 5564 1213 5619 ihid.
1261 5566 1349 5620 '55.

381 5766 493 5836 (29)
544 5766 747 5821 Marsus
799 5769 1088 5835 compositi.
1126 5767 1393 5826 Morsuum
1437 5783 1572 5827 nota:
1619 5772 1856 5829 COItlIttlte

311 5838 375 5906 ad
409 5838 691 5892 fallendum
719 5847 940 5904 patrem.

382 5907 491 5978 (50)
524 5907 618 5962 Ms.
653 5905 756 5966 Per
791 5909 933 5961 illam
971 5909 1207 5978 aﬂertam
1243 5912 1485 5964 tunicam.

1975 4723 2160 4776 videns
2187 4721 2334 4791 pueri
2386 4713 2766 4775 constantiam,
2806 4721 2859 4765 et
2907 4705 3172 4779 pudicitia:
3225 4700 3523 4791 imperium,

1971 4789 2216 4868 detinens
2254 4811 2486 4866 tunicam
2530 4807 2664 4875 ejus,
2711 4803 2851 4857 sicut
2899 4814 3058 4854 canes
3103 4797 3410 4850 irascuntur
3459 4789 3526 4841 ad

1968 4906 2167 4976 lapides
2189 4902 2279 4974 qui
2311 4903 2375 4955 ad
2400 4915 2492 4955 eos
2520 4898 2721 4953 fuerint
2754 4894 2902 4950 missi
2935 4914 2946 4948 :
2976 4901 3030 4946 et
3056 4891 3195 4943 sicut
3219 4888 3527 4955 frequenter

1965 4998 2182 5070 quidam
2254 4994 2566 5061 effugientes
2636 4989 2881 5051 bestias,
2957 4993 3163 5055 partem
3223 4977 3524 5070 vestimenti

1960 5067 2246 5159 jactantes,
2283 5086 2504 5152 ;faciunt
2543 5099 2635 5137 eas
2687 5083 2818 5136 iram
2863 5081 2916 5134 in
2969 5085 3170 5147 partem
3225 5067 3522 5126 vestimenti

1963 5183 2228 5250 deponere
2253 5193 2402 5232 suam
2442 5196 2456 5233 :
2489 5178 2556 5230 ita
2577 5175 2660 5230 illa
2688 5174 2768 5229 lea
2791 5213 2805 5238 ,
2835 5181 2925 5226 aut
2951 5171 3051 5223 alia
3074 5166 3312 5237 quaedam
3356 5160 3523 5215 bestia

1964 5274 2101 5336 dira,
2121 5273 2354 5326 tunicam
2379 5268 2554 5340 pudici
2581 5267 2870 5335 accipiens,
2893 5273 2946 5316 et
2966 5260 3210 5314 manibus
3237 5266 3289 5310 et
3315 5254 3524 5325 ungulis

1965 5364 2425 5434 comprehendens
2450 5370 2504 5416 et
2529 5370 2737 5424 tenens,
2766 5366 2820 5411 et
2849 5355 3096 5411 scindens
3120 5351 3350 5407 undioue
3380 5364 3524 5402 com-

1424 5566 1466 5596 "
1490 5565 1616 5619 ibid.
1680 5566 1734 5596 ⁸⁸⁸
1775 5565 1909 5620 Gen.
1947 5580 2136 5629 xxxix,
2185 5563 2237 5616 7.

2033 5767 2144 5838 (51)
2178 5765 2241 5838 In
2283 5767 2398 5819 sinu
2422 5763 2995 5838 lususpatris._Pro‘in
3030 5765 3143 5838 sinu
3173 5763 3336 5829 patris
3368 5762 3512 5819 Imm

1962 5831 2139 5907 agens.
2173 5835 2486 5907 Suprapag.
2515 5833 2645 5907 εδδ.
2682 5849 2733 5885 a.
2766 5831 2893 5886 Post
2915 5833 3082 5907 futuri
3111 5842 3229 5887 sunt
3259 5844 3326 5888 ιε.

2033 5906 2142 5980 (52)
2174 5904 2477 5976 Lapidibus,
2512 5905 2562 5959 id
2591 5915 2701 5970 est,
2741 5906 2969 5965 qemmis.
