3956 6582
511 463 653 523 1087

1151 460 1422 518 EUSEBII
1459 458 1569 516 CB
1578 459 1821 515 SARIEN
1830 461 1934 515 StS
1970 462 2096 516 ουν

2199 465 2336 515 Ἀκδ
2374 465 2460 514 Η.
2500 490 2572 500 -
2607 466 3022 516 υυιιΜΑἰῚὺΑ.

3593 477 3718 527 [088

514 586 748 657 ponebat
788 580 976 637 falsam
1017 581 1449 636 adiuventionem
1497 596 1648 636 suam
1676 581 1872 652 pudico
1908 581 2078 636 ascri-
2109 584 2152 641 Α
2183 589 2354 632 sunta
2385 581 2802 635 resurrectione.
2837 581 2900 635 Et
2923 582 3161 636 videmur
3180 585 3398 654 quidem
3429 593 3709 655 protrahere

515 679 670 741 hens,
698 685 751 730 et
776 677 1069 730 honestiam
1096 675 1211 745 (55)
1240 675 1303 727 ad
1321 690 1380 727 se
1401 673 1748 730 transferens.
1783 671 2075 744 Impudenti

516 771 659 825 enim
689 769 884 823 clamat
905 783 1054 831 voce,
1078 780 1128 821 et
1143 778 1408 823 convocat
1429 770 1685 823 adversus
1709 783 1766 822 se
1790 767 2082 822 convictio-

516 877 639 917 nem
667 872 721 916 et
753 863 880 916 dicit
917 880 931 917 :
966 861 1166 927 Venite,
1222 862 1429 930 inquit,
1477 872 1524 914 et
1561 862 1722 915 videte
1747 875 1766 914 :
1792 859 2080 913 introduxit

514 969 733 1023 puerum
767 952 1041 1007 Heltrceum
1076 954 1140 1006 ⁸⁷.
1170 951 1378 1007 Dicitur
1403 953 1736 1022 ingenuitas,
1785 963 1845 1003 ut
1896 950 2082 1004 illudat

518 1058 618 1099 nos
645 1062 658 1098 :
685 1045 1062 1110 subingressus
1085 1055 1164 1099 est
1199 1045 1350 1108 mihi,
1385 1044 1572 1098 volens
1596 1043 1700 1095 vim
1735 1042 1929 1096 facere.
1975 1041 2082 1094 Pn-

519 1148 602 1193 tas
629 1153 731 1191 non
759 1137 978 1192 offendit
1009 1139 1184 1201 lingua
1222 1138 1582 1207 impudentis?
1617 1136 1869 1191 Miramur
1903 1137 1945 1191 si
1977 1151 2084 1190 non

518 1243 602 1286 est
633 1241 865 1286 mutatus
904 1232 1020 1296 cjns
1053 1233 1236 1287 color?
1287 1230 1623 1287 Conscientia
1657 1230 1823 1295 enim,
1873 1229 2081 1285 etiamsi

519 1327 751 1378 occultat
809 1325 1046 1392 laetum,
1099 1336 1276 1378 tamen
1327 1341 1420 1392 per
1471 1325 1644 1378 vultus
1694 1341 1789 1378 sua
1841 1323 2084 1391 Producit

520 1418 762 1484 vestigia.
796 1417 1111 1472 Confu-rebat
1154 1428 1328 1470 autem
1357 1418 1420 1469 ad
1452 1417 1758 1485 [igtuenlum
1789 1418 1934 1471 color
1967 1417 2087 1469 imi-

524 1519 667 1564 tatus
720 1510 849 1581 (⁸54).
905 1493 1192 1564 Videbatur
1246 1511 1387 1563 enim
1440 1511 1504 1562 ad
1534 1511 1642 1561 vim
1700 1524 1819 1562 esse
1876 1510 2087 1571 durata,

521 1619 682 1673 quam
711 1605 824 1672 ipsa
851 1606 1064 1673 quidem
1092 1604 1315 1664 fecerat,
1346 1619 1558 1668 passam
1588 1613 1766 1657 autem
1807 1619 1864 1656 se
1889 1601 2089 1657 conlin—

523 1699 700 1767 gtthat.
727 1696 1098 1767 Subingresaus
1121 1707 1194 1750 est
1225 1698 1370 1757 milii,
1413 1697 1584 1766 inquit
1619 1696 1920 1764 impudens.
1950 1692 2087 1747 Sub-

524 1791 798 1860 ingressus
845 1801 926 1845 est
984 1793 1109 1845 mihi
1161 1791 1306 1855 dicit,
1338 1805 1454 1859 qua;
1489 1789 1828 1858 snbingressa
1869 1797 1986 1853 est;
2039 1795 2090 1839 et

523 1885 832 1949 domari“,
862 1886 954 1939 ait.
1001 1885 1060 1938 Et
1088 1895 1234 1938 evrte
1287 1900 1392 1938 non
1450 1883 1710 1943 clamas'i.
1756 1884 1854 1936 nisi
1907 1892 2086 1952 postea

526 1993 684 2043 quam
707 1993 954 2044 egressus
979 1986 1062 2031 est
1089 1977 1397 2031 adolescens
1433 1995 1446 2030 :
1482 1987 1528 2032 et
1569 1977 1803 2044 reliquit,
1823 1976 1917 2040 ait,
1942 1991 2091 2028 suam

525 2072 776 2136 tunicam,
809 2082 856 2125 et
880 2072 1013 2140 fugit
1039 2073 1105 2126 δ’.
1135 2073 1195 2124 Et
1234 2081 1380 2124 certe
1410 2087 1510 2124 non
1555 2077 1637 2124 est
1679 2071 1783 2123 vim
1828 2069 2090 2130 facientis,

524 2172 584 2215 ut
616 2165 877 2233 relinquat
903 2181 1055 2218 suam
1080 2164 1336 2218 tunicam.
1371 2163 1446 2216 Ad
1482 2162 1872 2216 convictionem
1915 2173 2094 2228 super-

525 2257 670 2310 venit
702 2269 751 2311 et
781 2256 1033 2311 dominus
1060 2257 1267 2317 domus,
1291 2256 1379 2324 qui
1408 2271 1621 2308 onmem
1667 2255 1882 2308 domum
1915 2255 2090 2310 credi-

525 2347 680 2401 derat
705 2347 923 2415 .loseph.
954 2349 1335 2402 Acceditaenea
1373 2348 1546 2402 fronte
1579 2348 1792 2412 mulier,
1820 2357 1871 2402 et
1903 2349 2093 2400 iterum

527 2442 721 2510 repelit
787 2441 1096 2511 figmentum
1137 2444 1279 2510 quod
1335 2439 1503 2495 fuerat
1568 2442 1817 2495 meditata
1868 2440 2096 2511 :Iaery-

528 2548 788 2600 mansque
818 2545 870 2587 et
897 2531 1116 2595 deﬂens,
1153 2544 1244 2586 aut
1273 2533 1395 2602 quia
1451 2548 1555 2586 non
1606 2535 1779 2602 potuit
1833 2533 2095 2594 obtinere,

527 2636 618 2679 aut
647 2627 769 2696 quia
795 2639 1097 2697 contempta
1122 2636 1225 2688 est,
1257 2637 1346 2680 aut
1375 2627 1497 2695 quia
1549 2642 1654 2680 non
1691 2625 1937 2680 manibus
1974 2641 2094 2680 eum

527 2715 634 2786 jam
671 2718 1004 2787 przefocavit.
1057 2719 1388 2773 Desitlerinm
1436 2719 1577 2771 enim
1620 2727 1981 2784 contemptum
2030 2717 2095 2770 ad

529 2807 662 2864 iram
691 2813 1038 2864 convertitur.
1077 2811 1212 2877 Quid
1251 2811 1483 2877 igiturin
1522 2810 1604 2863 bis
1623 2809 1839 2879 agitur?
1865 2807 2096 2863 Pudicns

529 2909 817 2954 accusatur
846 2901 912 2953 ab
944 2901 1226 2969 impudica.
1269 2901 1382 2955 Non
1410 2902 1620 2953 miraris
1645 2901 1767 2970 quia
1795 2915 1898 2954 non
1924 2900 2096 2954 statim

529 3006 812 3058 aggressus
849 3003 930 3047 est
963 2994 1064 3055 vir,
1113 3004 1165 3047 et
1196 2995 1294 3047 hoc
1329 2992 1612 3064 J‘Egyptius
1658 2993 1842 3047 calidae
1893 3003 2099 3046 natura}

529 3081 690 3137 homo
715 3094 766 3139 et
806 3084 906 3139 loci
945 3085 1165 3139 laniavit
1188 3085 1579 3139 adolescentem
1609 3101 1624 3139 :
1654 3085 1697 3141 si
1719 3085 1936 3154 quidem
1966 3095 2098 3138 aetas

531 3172 692 3226 habet
713 3172 1092 3242 suspicionem,
1128 3185 1179 3228 et
1213 3191 1331 3244 quze
1353 3174 1578 3229 vocabat
1603 3185 1658 3229 et
1695 3176 2010 3236 accusabat,
2047 3183 2100 3226 et

2183 677 2467 724 tractatum
2503 671 2591 724 diu
2623 670 2724 725 hoc
2743 682 3064 740 exposcente
3097 683 3150 728 et
3182 684 3450 730 maturam
3485 678 3711 735 refectio-

2182 781 2302 818 nem
2334 773 2538 818 tenere.
2572 760 2677 816 Sed
2705 762 2843 818 forte
2883 777 2980 818 nec
3010 764 3285 819 immorari
3323 768 3494 823 estad
3530 775 3711 839 otium;

2180 863 2392 923 oportet
2433 855 2578 908 enim
2627 861 2939 908 constantes
2987 852 3100 906 fleri
3139 855 3201 908 ad
3261 868 3517 926 mortem,
3566 871 3617 915 et
3653 863 3714 918 ita

2187 949 2328 1002 reﬁci
2352 949 2510 1003 escis.
2547 945 2853 1001 Etliciamnr
2882 947 3044 1016 igitur
3074 957 3128 1000 et
3162 964 3260 1002 nos
3287 951 3468 1017 medii,
3493 962 3543 1005 et
3568 969 3716 1020 neque

2181 1051 2330 1096 extra
2366 1053 2670 1094 mensuram
2701 1037 3082 1106 protendamns
3104 1053 3412 1093 sermonem
3441 1058 3454 1094 :
3482 1057 3578 1095 non
3609 1043 3716 1096 sinit

2183 1134 2324 1188 enim
2362 1140 2572 1200 tempus
2602 1149 2616 1186 :
2645 1146 2817 1202 neque
2861 1131 3050 1184 iterum
3098 1129 3253 1185 valde
3307 1131 3628 1202 colligamus.
3670 1144 3716 1192 ut

2185 1227 2431 1281 fruamur
2450 1237 2504 1280 et
2539 1224 2846 1280 festivitate.
2883 1224 2946 1278 Et
2978 1223 3100 1292 quia
3127 1238 3225 1276 nos
3246 1237 3311 1277 ex
3346 1225 3518 1277 anima
3547 1235 3595 1279 et
3615 1242 3716 1282 cor-

2185 1333 2314 1389 pore
2336 1334 2522 1372 snnms
2545 1317 2848 1387 compositi,
2890 1331 3172 1386 pascamus
3201 1315 3440 1369 animam
3482 1319 3718 1375 mensuris

2187 1412 2437 1480 propri—is,
2469 1419 2525 1463 ut
2575 1421 2627 1464 et
2668 1410 2780 1476 ipsa
2823 1409 3028 1462 reﬁciat
3062 1425 3294 1478 corpora
3346 1427 3373 1463 a
3428 1412 3716 1467 constantia.

2189 1505 2292 1559 Sed
2316 1506 2440 1574 quid
2465 1491 2663 1557 vultis?
2694 1503 3024 1556 dimittemus
3046 1500 3242 1572 Joscplt
3271 1505 3323 1556 in
3347 1504 3646 1558 carcerem?
3675 1513 3720 1560 et

2188 1611 2348 1665 quem
2378 1597 2518 1650 Deus
2551 1609 2654 1647 non
2687 1593 2901 1662 reliquit
2961 1592 3011 1645 in
3058 1607 3311 1656 carcere,
3361 1609 3458 1649 nos
3507 1611 3720 1652 sermone

2191 1687 2471 1754 pingenles
2497 1685 2857 1748 relinquemus
2883 1681 3131 1749 ligatum?
3160 1682 3220 1735 Et
3238 1685 3362 1752 quis
3387 1686 3719 1740 adlmrtabitur

2192 1777 2500 1856 pudicitiam
2544 1775 2802 1831 studere?
2852 1780 2972 1846 quis
3006 1789 3185 1831 autem
3229 1780 3432 1832 amabit
3474 1780 3718 1835 continen-

2194 1871 2344 1933 tiam,
2398 1871 2583 1923 videns
2636 1870 2687 1922 in
2733 1886 2951 1926 carcere
3016 1873 3331 1928 derelictum
3400 1871 3622 1942 Joseph?
3668 1871 3723 1928 Et

2195 1969 2340 2016 certe
2366 1961 2410 2014 si
2437 1962 2766 2030 relinquatur
2801 1959 2997 2032 Joseph
3041 1965 3090 2018 in
3124 1979 3367 2028 carcere,
3419 1973 3470 2018 et
3515 1975 3725 2019 mortuus

2196 2050 2357 2104 fuerit
2390 2065 2508 2102 cum
2555 2052 2834 2118 pudicitia,
2873 2067 2996 2121 spes
3048 2057 3462 2111 resurrectionis
3506 2071 3602 2110 non
3633 2057 3719 2111 cir-

2196 2141 2506 2195 cumscribit
2534 2157 2703 2210 spem.
2745 2141 2850 2196 Sed
2889 2145 3014 2212 quia
3061 2161 3163 2200 non
3213 2147 3574 2218 dimisitgum
3609 2147 3726 2201 Deos.

2198 2231 2249 2284 in
2318 2246 2560 2295 carcere,
2613 2231 2781 2286 simus
2839 2235 3136 2301 patientes,
3188 2244 3246 2290 et
3316 2236 3586 2290 audiamus
3629 2235 3726 2302 ejus.

2195 2341 2490 2395 egressum.
2544 2325 2610 2382 Et
2641 2344 2762 2382 cum
2805 2329 2892 2383 ille
2919 2329 3080 2384 fuerit
3109 2330 3365 2392 eritissus,
3414 2341 3533 2384 tunc
3559 2340 3605 2382 et
3642 2345 3720 2384 nos

2199 2419 2534 2474 dimittamnr
2567 2435 2686 2474 cum
2724 2436 2808 2475 eo.
2843 2420 3036 2490 Ioseph
3091 2423 3254 2490 igitur
3284 2433 3399 2475 erat
3446 2424 3494 2476 in
3537 2436 3725 2477 carcere

2198 2514 2403 2570 habens
2441 2514 2662 2568 delicias
2707 2528 2774 2568 ex
2829 2514 3083 2570 uberibus
3129 2517 3434 2582 pudicitiae,
3482 2515 3723 2568 honestato-

2201 2607 2447 2670 indutus,
2503 2607 2730 2675 diligens
2779 2607 2948 2672 magis
2989 2623 3264 2662 carcerem
3316 2624 3472 2675 quam
3519 2617 3723 2661 amorem

2199 2698 2340 2752 illius
2385 2697 2590 2764 bestiae,
2634 2708 2928 2754 amatorem
2975 2700 3197 2754 fetorem
3248 2700 3371 2754 frui.
3425 2701 3573 2756 Istum
3604 2701 3718 2755 cnim

2199 2790 2613 2859 prmbonorabat
2662 2793 2971 2862 unguentis.
3027 2794 3118 2845 Ast
3172 2791 3400 2860 pudicus
3439 2793 3719 2862 amplectens

2201 2883 2412 2936 vincula
2471 2883 2661 2952 magis,
2705 2899 2865 2952 quam
2921 2890 3167 2936 ornatmu
3228 2881 3524 2952 Egyptian
3568 2894 3718 2934 attians

2199 2973 2480 3028 oculorum
2520 2975 2772 3030 tenebras
2815 2985 3038 3046 propter
3067 2977 3246 3032 lmnen
3278 2979 3503 3039 animae;
3534 2975 3718 3028 libenter

2202 3067 2428 3120 audiens
2457 3067 2688 3135 gemitus
2726 3069 2997 3132 carceris,
3026 3084 3182 3135 quam
3231 3071 3418 3124 videns
3470 3068 3647 3137 lapides
3676 3063 3722 3116 in»

2201 3155 2473 3209 luxuriosa
2511 3155 2685 3211 fronte
2739 3166 2792 3210 et
2827 3157 3120 3213 immunda.
3175 3155 3279 3213 Ubi
3317 3173 3443 3229 ergo
3475 3165 3587 3211 sunt
3611 3165 3720 3222 pra‘.

532 3265 622 3331 qui
663 3268 728 3318 ad
756 3281 938 3320 vocem
970 3268 1084 3334 ejus
1109 3279 1484 3329 cucurrerant,
1531 3278 1583 3320 et
1615 3267 1790 3320 tunica
1825 3282 1942 3335 qua:
1975 3267 2096 3320 reti-

2203 3247 2511 3302 dictiones?
2535 3246 2648 3302 Noli
2680 3263 2993 3318 pr0perare,
3028 3261 3079 3305 et
3109 3251 3316 3305 audies.
3355 3245 3715 3304 lrasciturPha-

534 3358 779 3422 uehatur,
843 3359 1089 3413 movebat
1142 3361 1410 3413 dominum
1453 3361 1517 3413 ad
1559 3361 1997 3429 indigna-tionem,
2046 3371 2098 3414 et

534 3448 710 3503 honor
736 3451 823 3517 qui
864 3461 980 3504 erat
1021 3453 1177 3504 datus
1203 3454 1248 3504 ei
1279 3452 1368 3521 qui
1422 3451 1597 3504 fuerat
1649 3455 1953 3507 distractus.
1993 3453 2102 3506 Illo-

535 3540 689 3594 vebat
724 3551 900 3594 autem
939 3551 992 3594 ct
1032 3544 1388 3611 suspicionem
1434 3543 1792 3611 pulchritudo.
1851 3542 1914 3596 Et
1959 3553 2100 3595 tanta

535 3634 752 3702 quidem
786 3643 940 3687 erant
964 3649 1083 3700 quae
1107 3636 1171 3687 ad
1207 3635 1360 3687 fidem
1389 3636 1770 3703 provoCabaul.
1803 3633 2106 3689 Suﬂiciebat

543 3733 726 3777 autem
765 3725 829 3776 ad
879 3725 1060 3792 operis
1107 3725 1489 3779 dubitatiom-m
1536 3726 1682 3792 pueri
1734 3727 1993 3793 sapientia
2052 3736 2108 3779 et

537 3813 895 3884 pulchritudo.
959 3813 1066 3867 Cur
1123 3815 1262 3867 enim
1329 3829 1449 3868 eum
1520 3830 1623 3868 non
1687 3815 1865 3868 statim
1924 3817 2106 3884 dispa—

500 3949 508 3956 .
540 3897 680 3960 ravi't
703 3905 853 3976 (35)?
877 3907 1000 3975 quia
1041 3905 1241 3960 sciebat
1267 3907 1418 3976 pueri
1451 3920 1625 3961 mores
1657 3925 1670 3960 :
1698 3907 1902 3960 medius
1927 3916 2102 3960 autem

541 3995 712 4051 factus
738 3997 857 4050 lidei
895 4008 949 4052 et
990 3997 1348 4051 ineredulitati
1379 3997 1672 4061 dilaniaviI,
1721 3999 1811 4052 sed
1859 3999 2108 4052 dubitans

543 4103 645 4142 non
681 4089 993 4157 disparavit.
1028 4089 1093 4143 Et
1114 4089 1328 4158 quidem
1366 4089 1537 4158 ipsum
1564 4090 1685 4156 quia
1721 4106 1823 4143 non
1862 4091 2106 4151 credidit.

539 4181 606 4234 ad
629 4197 902 4236 carcerem
935 4183 1085 4236 misit
1111 4197 1124 4233 :
1149 4182 1236 4251 qui
1265 4193 1315 4236 et
1339 4193 1619 4252 susceptus
1648 4193 1753 4237 est.
1790 4181 1918 4248 Quae
1949 4183 2110 4250 igitur

540 4275 1000 4328 dimtmerabimus
1027 4273 1267 4344 Joscph?
1309 4273 1502 4326 bonam
1534 4275 1650 4343 ejus
1678 4275 2105 4342 interfectionem

540 4366 652 4438 (56)
679 4369 918 4421 dicemus
947 4385 960 4421 :
987 4377 1077 4420 aut
1110 4367 1300 4420 bonam
1340 4365 1693 4432 jactationem
1728 4367 1776 4419 in
1822 4367 1969 4430 lacu;
2014 4368 2106 4420 sed

542 4457 971 4520 distractionem,
997 4457 1088 4512 sed
1125 4457 1472 4523 servitutem;
1502 4467 1622 4526 post
1649 4459 1761 4511 haec
1799 4457 1891 4512 sed
1924 4473 2110 4511 exsur-

544 4551 834 4604 rectionem
867 4551 1110 4604 mulieris
1155 4551 1468 4637 impudicae;
1510 4550 1602 4604 sed
1649 4549 1844 4603 factam
1902 4551 2105 4604 calum-

2204 3377 2298 3416 rno
2323 3362 2528 3416 duobus
2561 3361 2742 3430 pueris
2773 3360 2885 3416 suis
2912 3363 3134 3414 summis
3175 3378 3204 3417 e
3245 3361 3533 3416 ministerio
3556 3355 3718 3420 “,ira-

2205 3463 2291 3507 tus
2325 3464 2410 3507 est
2443 3453 2666 3517 Pharao,
2714 3454 2839 3520 quia
2897 3454 3165 3522 propitius
3211 3466 3331 3507 erat
3363 3451 3544 3522 Josepb
3591 3449 3715 3502 Deus.

2204 3543 2485 3599 Mittuntur
2514 3544 2577 3596 ad
2618 3559 2917 3608 carcerem,
2937 3557 2988 3599 et
3018 3545 3174 3598 simul
3211 3562 3336 3599 cum
3367 3544 3552 3611 Ioseph
3579 3539 3716 3594 reclu-

2205 3637 2420 3688 duntur.
2446 3633 2647 3702 Joseph.
2677 3644 2854 3687 autem
2887 3645 2938 3688 et
2971 3634 3023 3687 in
3055 3650 3274 3689 carcere
3313 3645 3364 3688 et
3410 3634 3522 3686 istic
3561 3627 3715 3684 fidelis.

2207 3723 2358 3778 Sicut
2411 3722 2554 3776 enim
2611 3723 2872 3776 creditam
2941 3726 3147 3794 accepit
3207 3725 3425 3779 domum
3494 3716 3722 3788 Egypliii.

2207 3814 2494 3869 custodivit
2553 3814 2710 3869 ﬁdem
2770 3814 2933 3867 etiam
2990 3831 3113 3869 cmn
3163 3817 3585 3870 calumniaretur.
3629 3807 3726 3862 Non

2206 3908 2346 3960 enim
2370 3906 2558 3960 detulit
2585 3905 2863 3974 dammtm,
2895 3909 2989 3961 sed
3027 3923 3216 3977 passus
3256 3917 3338 3963 est
3373 3909 3479 3976 ipse
3509 3902 3715 3974 injuriant

2207 3999 2313 4068 pati
2345 4013 2504 4067 quam
2540 3995 2735 4061 facere,
2785 4008 2842 4052 et
2869 3999 3088 4053 dilferre
3122 4001 3340 4054 domum
3382 3999 3491 4066 ejus
3542 3997 3616 4064 qui
3639 3990 3720 4046 sibi

2205 4091 2526 4145 crediderat.
2554 4089 2855 4144 Creduutur
2896 4103 2948 4145 et
2998 4093 3203 4161 religati
3249 4093 3300 4145 iu
3335 4103 3540 4146 carcere
3576 4086 3616 4139 ei
3639 4081 3706 4151 qui

2207 4184 2399 4237 eratin
2428 4198 2666 4238 carcere.
2732 4183 2853 4242 Flos
2896 4185 3038 4237 enim
3086 4184 3360 4252 pudicitia:
3407 4175 3711 4233 antlttltllabi“

2194 4275 2304 4339 per
2329 4272 2554 4331 frontem
2586 4289 2832 4343 puerum.
2868 4272 2934 4328 Et
2971 4273 3020 4325 in
3055 4281 3199 4325 tanta
3241 4269 3552 4328 abundantia
3589 4263 3714 4318 hahe-

2212 4364 2303 4416 bat
2322 4363 2592 4429 solatium,
2615 4374 2673 4419 ut
2706 4367 2816 4434 ipse
2855 4366 3107 4434 essetqui
3147 4364 3514 4420 consolaretur
3540 4358 3715 4412 tristan-

2213 4466 2308 4510 tes.
2342 4455 2578 4510 Habebat
2608 4458 2748 4512 enim
2797 4458 3026 4511 frontem
3070 4459 3323 4528 pudicitia
3365 4455 3712 4525 germinantem-

2215 4545 2457 4614 Suscepit
2479 4557 2531 4600 et
2565 4563 2758 4617 pueros
2785 4550 3102 4614 Pharaonis,
3131 4567 3329 4621 eosque
3363 4549 3530 4605 statim
3563 4551 3715 4595 conso-

545 4640 687 4694 uiam
714 4649 766 4692 ct
795 4623 1414 4695 accusationemofalsam
1456 4640 1509 4694 in
1550 4639 1952 4693 adamantinmn
1982 4643 2102 4695 ado-
2138 4620 2181 4675 ι)
2212 4636 2351 4689 latur
2380 4656 2392 4690 :
2422 4640 2543 4707 quia
2590 4650 2708 4694 erat
2752 4654 3029 4711 susceptor
3083 4654 3135 4696 et
3189 4620 3353 4714 nepos
3407 4635 3631 4694 Abrallte,
3676 4634 3715 4677 ει

545 4734 854 4788 lesccntem.
888 4732 1000 4786 Non
1030 4743 1110 4788 cst
1133 4733 1340 4787 locutus
1367 4730 1565 4800 Ioseph
1598 4753 1609 4788 :
1647 4750 1748 4786 non
1798 4733 1923 4787 fecit
1973 4735 2108 4789 satis

546 4825 636 4894 qui
682 4824 1146 4878 calumniabatur:
1182 4841 1284 4878 non
1333 4835 1416 4879 est
1475 4827 1733 4880 confusus
1790 4840 1885 4894 pro
1931 4823 2108 4893 impu-

546 4919 728 4983 denti;
772 4916 956 4969 maluit
981 4917 1114 4970 mori
1155 4917 1536 4981 Calumniatus,
1565 4934 1722 4985 quant
1768 4919 1843 4971 uti
1887 4919 2110 4972 veritate

547 5012 610 5063 ad
632 5013 878 5064 salutem.
906 5009 1069 5063 Putas
1094 5020 1146 5062 et
1173 5001 1290 5064 istic
1319 5009 1558 5065 imitator
1593 5021 1673 5064 est
1696 5021 1748 5064 et
1775 5008 1943 5063 forma
1971 5011 2108 5080 cjus,

547 5105 634 5171 qui
664 5119 766 5157 non
795 5102 1003 5172 aperuit
1033 5117 1124 5156 eos
1156 5118 1307 5156 suum
1357 5117 1473 5156 cum
1509 5102 1951 5158 Calumniaretur.
2003 5102 2107 5156 Sed

550 5194 743 5263 loscph
772 5195 963 5249 iterum
1014 5197 1078 5247 ad
1117 5210 1414 5249 carcerem.
1472 5196 1536 5249 Et
1585 5198 1670 5250 ubi
1695 5207 1774 5250 est
1804 5195 2106 5251 .luda-orum

550 5289 711 5359 spes?
761 5289 865 5342 Sed
923 5288 989 5342 de
1034 5290 1426 5344 resurrectione
1488 5301 1846 5360 proponentes
1894 5291 2105 5350 dicere.

551 5382 872 5436 mcurrimns
901 5381 953 5434 in
994 5383 1326 5437 necessarios
1356 5396 1656 5450 sermones,
1692 5382 1783 5453 qui
1808 5387 1921 5452 Luon
1949 5382 2106 5435 alieni

619 5543 664 5575 δ’
690 5543 823 5598 Gen.
857 5560 1044 5612 xxnx,
1082 5545 1166 5604 14.
1240 5547 1285 5578 ⁸⁸
1319 5547 1450 5600 ibid.

621 5696 729 5780 (335)
765 5697 1089 5755 Honestiam.
1123 5699 1482 5767 Honestatem,
1523 5711 1578 5756 ut
1623 5717 1651 5754 a
1696 5703 1965 5757 modestus
1995 5717 2108 5756 mo-

552 5767 744 5834 destia.

770 5838 868 5916 Iis.
911 5840 1065 5923 Co’or
1087 5852 1336 5923 muttinis.

649 5909 739 5976 3a)
772 5908 1086 5976 Dtsparartt.
1125 5911 1336 5967 Dilacer;

649 5908 739 5980 35)
772 5908 1086 5980 Dispararit.
1125 5911 1462 5978 Dilaceravil,
1497 5910 1728 5967 medium
1762 5912 1967 5969 diﬂidit.

2209 4730 2424 4799 sapiens
2473 4731 2646 4786 valde.
2694 4732 2970 4805 Ingressus
3012 4736 3174 4805 igitur
3222 4739 3273 4790 in
3316 4749 3416 4789 uno
3446 4732 3626 4783 dierum
3664 4715 3713 4770 ad

2209 4836 2406 4890 put-ros
2428 4821 2744 4891 Pharaonis,
2775 4829 2903 4882 vidit
2928 4831 3103 4883 vultus
3133 4846 3314 4884 eorum
3347 4828 3650 4881 immutatos.
3673 4816 3714 4862 εί

2211 4916 2620 4986 iutellexitquia
2665 4936 2815 4975 mens
2857 4936 3040 4975 eorum
3081 4932 3198 4977 erat
3241 4923 3442 4974 turbata
3471 4919 3555 4967 :et
3584 4907 3715 4960 inter-

2213 5019 2365 5077 rogat
2395 5025 2638 5075 causam,
2679 5026 2796 5078 qth
2830 5011 2925 5064 ista
2958 5021 3100 5066 esset
3141 5017 3191 5065 in
3218 5013 3296 5067 eis
3323 4999 3611 5064 imnmtatio.
3652 4987 3712 5042 Ιιίί

2215 5109 2392 5154 autem
2429 5113 2678 5171 promunt
2727 5101 3024 5168 insomnia,
3066 5111 3119 5158 et
3161 5104 3275 5158 lucc
3322 5096 3552 5167 duplicia.
3596 5082 3714 5139 Sit!"l

2213 5192 2356 5246 enim
2383 5205 2436 5248 et
2461 5196 2511 5248 in
2542 5205 2763 5264 paterna
2801 5196 2928 5248 vidit
2959 5195 3116 5248 domo
3142 5237 3153 5255 .
3185 5206 3235 5249 et
3267 5185 3551 5264 procuravit
3579 5177 3707 5272 Deus,

2215 5285 2336 5340 licet
2371 5293 2423 5337 et
2450 5285 2702 5339 contrarii
2735 5286 2833 5339 sibi
2859 5297 3041 5339 essent
3068 5287 3282 5341 somnii.
3311 5283 3509 5338 Primus
3535 5268 3710 5336 exponi!

2215 5381 2480 5433 somnium
2527 5379 2616 5448 qui
2650 5380 2858 5432 viderat
2900 5380 3132 5446 bonum,
3176 5391 3232 5433 ut
3279 5368 3560 5432 adhortatio
3589 5361 3708 5414 limi

1522 5546 1565 5578 “
1594 5546 1722 5600 ibid.
1749 5540 1835 5597 15-
1890 5545 1936 5576 ⁸ο
1962 5543 2095 5599 Gen.
2128 5560 2211 5599 XL.

2287 5698 2396 5782 (an)
2442 5696 2660 5782 licem
2702 5711 2814 5782 ἠεξ
2864 5661 3706 5782 ξιιίενᾱέηοηθηὶη-Ῡξέῗῗτῗὶῆοξίξ

2215 5744 2446 5836 τιὶέῖρᾏι·
2469 5744 2962 5850 interrogationem.
2995 5744 3211 5846 :Bonam.
3228 5763 3336 5850 (ips
3360 5744 3714 5850 infigam;

2216 5807 2318 5823 ...ω
2354 5807 2434 5836 ,,.,.
2472 5807 2962 5836 ...ηυνο-..νηνηη
2995 5807 3195 5818 --......-
3228 5807 3332 5829 -,__
3485 5807 3494 5814 .
3588 5807 3594 5810 _

2216 5842 2444 5892 dicemus
2467 5839 2492 5892 .’
2517 5847 2606 5888 aut
2631 5835 3168 5906 bonamjartationcm
3194 5833 3246 5887 in
3275 5823 3426 5884 lacu?
3453 5812 3532 5872 ted
3545 5807 3634 5862 dt”

2216 5909 2475 5964 ctionem.’
2499 5915 2609 5962 εις..
