3956 6508
253 358 400 419 ’11189

1327 364 1415 420 DE
1453 362 2048 425 RESURRECTIONE.
2087 403 2158 416 —
2195 369 2320 425 LIB.
2361 370 2402 426 l.

3335 377 3470 435 1090

251 476 508 543 secundo,
533 486 839 535 notaceret.
871 476 928 533 Si
948 477 1090 536 enim
1133 481 1591 556 tuissentutrique
1612 486 1804 541 somnii
1836 503 1881 558 Α
1912 488 1964 541 in
2019 501 2247 543 carcere.
2286 490 2399 545 Non
2429 490 2571 546 enim
2621 492 2925 547 intermittit
2971 493 3109 547 Deus
3165 504 3468 549 sanctorum

254 568 399 633 boni,
453 568 592 625 forte
618 571 848 639 suspicio
890 570 1099 638 fuisset,
1153 574 1276 642 quia
1336 582 1561 643 utraque
1606 576 1812 629 donans

248 659 386 716 bene
417 661 798 731 interpretatus
826 672 906 718 est
934 662 1162 733 Joseph,
1210 674 1267 719 ut
1307 681 1399 721 eos
1441 667 1813 722 consolaretur

244 754 447 822 potius,
495 769 654 823 quam
705 769 886 809 veram
939 756 1434 825 interpretationem
1482 760 1808 814 somniorum

245 845 475 912 diceret,
503 858 554 902 et
586 850 862 905 fortuitum
886 860 1167 920 putaretur
1203 856 1502 924 negotium,
1536 866 1591 909 et
1619 857 1809 911 iterum

236 937 341 1007 qui
403 941 759 1008 perniciosum
811 943 1019 997 viderat
1071 946 1334 999 somnium
1393 948 1655 1001 secundus
1704 964 1809 1001 non

246 1028 472 1093 diceret,
520 1040 575 1087 et
619 1047 722 1086 non
776 1034 929 1088 ﬂeret
977 1035 1163 1104 duplex
1225 1037 1610 1091 testimonium.
1658 1038 1810 1094 Nunc

245 1130 425 1174 autem
447 1124 657 1191 exponit
684 1126 885 1191 primus
911 1126 1000 1194 qui
1022 1126 1215 1180 bonum
1247 1129 1479 1183 habebat
1509 1131 1805 1183 somnium.

238 1206 376 1266 Erat
402 1216 545 1267 eiiim
586 1230 747 1283 supra
778 1220 987 1270 vineam
1004 1219 1167 1288 regis,
1192 1221 1390 1275 etdicit
1420 1238 1434 1274 :
1475 1219 1639 1275 Vitem
1674 1224 1807 1276 ride-

242 1302 384 1365 bam,
412 1312 461 1356 et
484 1304 538 1357 in
568 1307 666 1358 uite
692 1316 794 1359 tres
824 1308 976 1375 fundi
1007 1324 1026 1363 :
1058 1319 1106 1363 et
1132 1312 1243 1378 ipsa
1274 1315 1572 1381 germinans
1616 1314 1808 1367 attule-

240 1403 324 1446 rat
358 1405 591 1449 maturos
624 1398 878 1453 botriones
904 1419 1020 1457 urat
1044 1418 1061 1456 :
1093 1415 1138 1456 et
1164 1404 1305 1457 calix
1334 1405 1543 1459 Pharao
1569 1408 1622 1459 in
1648 1424 1807 1460 manu

229 1500 353 1538 mea
378 1499 397 1537 .'
427 1498 473 1538 et
500 1491 696 1556 sumpsi
723 1507 873 1545 uvam
914 1506 959 1547 et
1000 1496 1230 1563 expressi
1276 1477 1477 1551 eam.in
1509 1499 1722 1553 calicem
1751 1503 1805 1555 in

234 1580 477 1634 manibus
536 1579 743 1637 Pharao
808 1586 877 1640 ⁵¹.
953 1585 1197 1646 Prudens
1246 1599 1299 1645 et
1371 1593 1804 1660 sapientissimus

237 1669 456 1742 Ioseph,
487 1676 574 1743 qui
609 1694 637 1730 a
668 1677 775 1732 Deo
804 1680 1146 1746 edocebatur,
1170 1686 1350 1738 statim
1380 1687 1446 1740 ad
1484 1686 1805 1755 interpreta-

230 1762 437 1816 tionem
456 1767 623 1818 currit
645 1779 697 1819 et
721 1768 876 1823 dicit:
895 1768 1017 1824 Tres
1040 1772 1193 1841 fundi
1212 1784 1313 1827 tres
1337 1776 1446 1829 dies
1465 1786 1586 1830 sunt
1608 1777 1799 1843 adhuc;

1914 592 2145 641 errores,
2176 580 2399 649 diligens
2432 595 2545 638 eos.
2583 582 2638 635 Si
2672 583 2759 651 qui
2784 593 3119 645 erraverunt,
3142 585 3323 637 statim
3354 600 3470 639 cor-

1913 671 2058 739 rigit,
2085 679 2142 723 ut
2172 686 2275 723 non
2307 682 2521 725 maneat
2551 673 2630 727 eis
2658 674 2709 727 in
2749 672 2971 741 judicio.
3027 672 3169 728 Dixit
3198 675 3338 728 enim
3370 676 3470 729 ho-

1914 763 2041 815 mini
2078 778 2092 815 :
2149 760 2348 816 Memor
2403 772 2511 816 esto
2541 765 2660 828 mei,
2699 774 2746 818 et
2788 767 2995 820 educito
3046 783 3125 819 me
3172 767 3234 818 de
3266 783 3471 820 carcere

1911 855 2048 919 isto;
2070 855 2415 909 obliviscetur
2437 866 2487 908 te
2514 857 2692 920 homo,
2732 868 2785 910 ct
2814 858 3162 924 protendetur
3200 858 3290 910 tibi
3316 857 3470 911 bien-

1913 946 2057 999 nium
2093 955 2316 1014 tempus.
2349 946 2451 1000 Sed
2498 962 2602 999 non
2645 956 2726 1000 est
2750 948 2947 1002 oblitus
2980 947 3118 1003 Deus
3149 968 3162 1003 :
3199 950 3290 1003 sed
3325 953 3467 1003 assi-

1910 1039 2001 1092 stit
2028 1037 2221 1106 Joseph
2274 1037 2535 1091 Pharaoni
2587 1040 2758 1107 prium
2783 1047 2833 1091 et
2867 1040 3121 1093 secundo.
3172 1039 3296 1093 Erat
3320 1040 3463 1093 enim

1909 1130 2044 1185 visio
2068 1129 2364 1183 Pharaonis
2393 1131 2440 1161 "
2465 1131 2640 1183 omnis
2667 1131 2731 1182 de
2758 1128 2996 1196 frugibus
3016 1142 3068 1184 et
3095 1132 3323 1184 cultura.
3352 1132 3465 1185 illic

1909 1222 2049 1275 enim
2075 1224 2238 1276 boves
2276 1221 2483 1277 femina:
2513 1232 2699 1288 erant;
2726 1231 2931 1291 septem
2973 1224 3122 1277 bona:
3147 1234 3363 1291 aspectu
3411 1233 3467 1278 et

1908 1312 2090 1366 electa:
2120 1314 2395 1377 carnibus,
2423 1324 2475 1365 et
2502 1314 2660 1366 culmi
2684 1327 2885 1383 septem
2914 1314 3181 1382 spicarum
3214 1333 3226 1369 :
3257 1326 3470 1384 oportet

1907 1404 2048 1457 enim
2088 1405 2335 1473 conjungi
2385 1405 2649 1458 insomnia
2702 1407 2878 1472 spicas
2909 1416 3113 1474 septem
3164 1406 3365 1473 plenas,
3414 1417 3471 1461 et

1906 1506 2108 1561 septem
2154 1507 2359 1551 tenues.
2410 1497 2545 1562 Quia
2596 1497 2738 1550 enim
2785 1497 2958 1551 cultus
3012 1511 3166 1550 terrm
3192 1513 3284 1565 per
3309 1500 3471 1551 hoves

1905 1586 2155 1651 ellicitur,
2192 1603 2286 1655 per
2311 1587 2517 1641 culmos
2551 1596 2727 1640 autem
2761 1588 2943 1654 spicae,
2977 1587 3042 1640 de
3070 1599 3330 1654 proventu
3372 1604 3471 1639 au-

1906 1688 2010 1733 tem
2041 1689 2095 1732 et
2136 1680 2275 1734 fame
2304 1692 2461 1734 erant
2507 1682 2774 1735 insomnia
2811 1679 2982 1750 regis;
3015 1695 3109 1747 per
3139 1681 3471 1734 domesticas

1903 1773 2135 1827 visiones
2166 1773 2355 1826 dantur
2380 1784 2433 1827 et
2461 1772 2813 1840 provisioues.
2853 1774 3067 1841 Septem
3121 1783 3276 1827 erant
3307 1776 3472 1841 spicae

230 1856 492 1919 triduum,
545 1868 593 1913 et
641 1861 694 1913 in
735 1872 903 1916 mente
946 1863 1154 1919 habebit
1205 1865 1413 1919 ptumo
1462 1868 1668 1921 initium
1696 1870 1797 1932 ωε,
1832 1864 1871 1918 Β
1900 1858 2089 1928 pleme,
2113 1869 2384 1927 etseptem
2420 1876 2593 1914 vacca:
2622 1862 2874 1931 pingues;
2907 1862 3468 1917 succedebantautem

224 1956 282 2001 et
307 1950 542 2004 restituet
561 1963 609 2006 te
632 1958 785 2021 super
813 1956 1009 2009 vineam
1036 1959 1087 2011 in
1114 1959 1277 2028 ofﬁcio
1298 1971 1409 2024 tuo,
1430 1972 1476 2014 et
1505 1962 1655 2014 dabis
1676 1960 1800 2013 cali-

231 2058 343 2094 cem
365 2044 418 2097 in
443 2060 628 2099 manus
654 2046 888 2102 Pharao.
921 2049 1156 2104 La'tatus
1174 2062 1256 2107 est
1274 2054 1517 2115 audiens.
1543 2062 1594 2107 et
1615 2054 1797 2107 statim

230 2135 460 2191 inritavit
478 2137 708 2215 cojorem
729 2139 793 2191 ".
821 2140 1071 2195 llortatus
1085 2153 1260 2197 autem
1284 2155 1334 2197 et
1355 2145 1489 2199 alius
1508 2156 1588 2199 est
1604 2155 1801 2198 seruet-

222 2225 405 2293 ipsum
440 2244 454 2280 :
487 2228 716 2284 trahebat
744 2240 796 2285 et
834 2232 947 2300 ipse
969 2235 1201 2288 similem
1250 2237 1537 2291 visionem.
1586 2236 1653 2289 Et
1683 2252 1795 2305 ego,

229 2320 427 2388 inquit,
447 2323 552 2375 vidi
572 2326 851 2379 somnium.
873 2326 1133 2380 Putabam
1161 2344 1239 2380 me
1270 2328 1369 2381 tria
1389 2330 1616 2382 canistra
1633 2328 1799 2380 halice

214 2412 343 2491 {37)
374 2414 555 2491 tollere
592 2433 746 2485 super
776 2431 927 2485 caput
961 2437 1127 2473 meum
1163 2420 1231 2473 ⁸³.
1271 2421 1420 2475 Sicut
1444 2422 1551 2473 illic
1585 2421 1711 2481 tria,
1746 2431 1799 2473 et

212 2503 354 2559 ‘istic
379 2505 503 2559 tria.
530 2504 596 2559 Et
619 2507 672 2560 in
703 2509 930 2561 canistro
963 2511 1217 2577 superiori
1238 2526 1302 2563 ea:
1318 2510 1551 2563 omnibus
1594 2512 1794 2579 generi-

219 2594 324 2648 bus
356 2594 463 2666 (58)
497 2613 560 2650 ea:
591 2599 774 2666 quibus
808 2598 1020 2653 Pharao
1052 2617 1142 2653 rex
1172 2601 1540 2665 manducabat,
1562 2618 1688 2668 opus
1714 2603 1797 2667 pi-

218 2696 427 2740 storum
452 2704 470 2741 :
508 2697 626 2743 erat
660 2692 802 2745 enim
843 2707 1000 2761 supra
1027 2694 1258 2761 pistores
1296 2710 1310 2746 :
1340 2704 1386 2746 et
1421 2693 1654 2748 volatilia
1683 2696 1798 2747 caeli

216 2780 557 2834 eomedebant
604 2798 661 2836 ea
710 2784 773 2837 de
822 2787 1051 2839 canistro
1084 2787 1223 2854 quod
1269 2797 1383 2839 erat
1435 2802 1594 2853 supra
1644 2795 1797 2855 caput

223 2886 420 2924 meum.
449 2869 644 2939 Etiam,
673 2873 863 2944 inquit,
882 2884 928 2928 et
949 2877 1050 2928 tria
1066 2887 1155 2929 tua
1174 2889 1274 2929 tres
1291 2877 1400 2930 dies
1417 2877 1794 2945 significant".

219 2960 334 3014 Sed
349 2964 473 3029 quia
498 2980 602 3019 non
630 2966 941 3021 ministrasti
971 2967 1023 3020 in
1057 2984 1214 3021 tuanu
1242 2969 1402 3037 regis,
1436 2969 1671 3023 volatilia
1704 2974 1798 3023 a'u-

218 3062 336 3106 tem
362 3057 717 3112 comedebant
748 3075 845 3126 ea;
874 3060 1217 3114 manifestum
1251 3061 1478 3129 estquia
1506 3060 1675 3117 inciso
1709 3078 1799 3117 ca-

221 3143 340 3212 pite
374 3153 484 3208 tuo,
518 3157 569 3201 et
601 3148 755 3203 alﬁxa
812 3164 976 3203 carne
1009 3149 1179 3215 cruci,
1224 3153 1457 3206 volatilia
1509 3156 1798 3206 Illatldllca-

219 3234 360 3290 bunt
394 3252 586 3293 carnes
606 3249 743 3293 tuas.
777 3240 886 3296 lloc
907 3243 1048 3296 enim
1075 3246 1360 3297 annuntiat
1380 3245 1645 3298 somnium
1676 3246 1790 3301 tibi.

220 3326 297 3382 Et
329 3343 452 3382 cum
502 3332 691 3384 tertius
740 3331 1045 3385 advenisset
1070 3333 1202 3397 dies,
1248 3344 1302 3387 et
1334 3335 1474 3404 regis
1511 3335 1797 3388 haberetur

221 3418 443 3484 natalis,
464 3436 669 3476 memor
695 3423 795 3475 fuit
819 3439 1149 3478 summorum
1170 3425 1379 3479 illorqu
1404 3427 1792 3481 ministrorum.

218 3511 293 3567 Ει
320 3513 399 3567 illi
437 3514 650 3582 quidem
676 3516 767 3583 qui
795 3530 953 3585 supra
980 3521 1189 3570 vineam
1221 3528 1342 3571 erat
1369 3518 1615 3573 coiicedit
1642 3537 1656 3573 :
1701 3534 1793 3571 vo-

218 3611 383 3657 catus
411 3604 553 3656 enim
598 3614 700 3667 est,
745 3614 799 3658 et
832 3606 979 3660 stetit
1007 3616 1132 3660 ante
1172 3620 1518 3676 conspectum
1547 3609 1708 3676 regis,
1743 3620 1795 3661 et

220 3694 373 3748 dedit
393 3693 613 3749 calicem
645 3695 695 3747 in
736 3711 949 3749 manum
977 3695 1095 3765 ejus
1122 3700 1419 3752 secundum
1465 3698 1794 3767 interpreta-

219 3785 427 3838 tionem
454 3782 671 3853 Josepll.
713 3787 988 3856 Praepositi
1028 3799 1205 3841 autem
1242 3791 1462 3856 pistoris
1502 3791 1796 3844 admonitio

220 3877 401 3946 magis
441 3876 649 3933 fervere
692 3878 815 3934 fecit
846 3881 1260 3951 indignationem
1300 3884 1466 3951 regis,
1506 3894 1561 3937 et
1591 3884 1795 3936 incide-

217 3969 390 4025 batur
449 3972 643 4040 capite,
699 3982 755 4027 et
799 3973 1037 4027 volatilia
1098 3976 1450 4044 perliciebaut
1509 3976 1792 4030 visionem.

218 4064 366 4133 Quid
449 4066 565 4121 haec
633 4072 699 4121 ad
765 4066 1002 4138 .losephi
1078 4071 1310 4124 maxime
1380 4070 1599 4139 quidem
1671 4070 1793 4138 quia

219 4157 533 4212 intellectus
591 4169 708 4212 erat
759 4160 811 4213 in
860 4176 924 4215 eo
976 4170 1033 4214 et
1091 4162 1346 4216 revelatio
1396 4180 1409 4215 :
1464 4174 1519 4215 et
1570 4160 1691 4231 quia
1743 4170 1797 4215 et

213 4265 414 4305 eorum
452 4252 539 4319 qui
600 4251 651 4304 in
686 4269 905 4308 carcere
945 4263 1100 4308 erant
1146 4255 1445 4329 consolatio
1476 4255 1792 4319 habebatur,

214 4341 351 4410 quia
373 4351 428 4396 et
451 4342 556 4396 illic
575 4344 837 4397 creditum
867 4353 951 4398 est
972 4344 1043 4398 ei.
1075 4344 1286 4399 Dixerat
1320 4354 1497 4400 autem
1528 4345 1636 4398 vini
1666 4361 1797 4415 pne-

215 4434 438 4503 posito:
473 4434 729 4489 Memento
784 4439 880 4489 mei
920 4454 1014 4506 per
1066 4440 1387 4506 temetipsum
1434 4454 1550 4491 cum
1584 4439 1786 4503 coeperit

1900 1954 2077 2005 vaccis
2099 1954 2313 2021 quidem
2343 1955 2628 2023 pinguibus
2649 1970 2825 2008 vaccae
2848 1971 3060 2017 macrae,
3097 1956 3259 2024 spicis
3288 1967 3467 2009 autem

1898 2042 2054 2096 bonis
2082 2056 2135 2098 et
2158 2046 2328 2113 plenis
2347 2047 2507 2113 spicae
2535 2058 2743 2099 tenues.
2785 2046 2888 2100 Pro
2923 2058 3126 2116 septem
3159 2048 3327 2117 spicis
3357 2048 3470 2116 ple-

1900 2136 1983 2188 nis
2017 2146 2219 2205 septem
2246 2138 2405 2205 spica:
2430 2149 2634 2195 tenues.
2656 2139 2920 2194 Comesue
2947 2148 3071 2193 sunt
3096 2142 3317 2208 pingues
3348 2154 3470 2193 Vac-

1899 2241 1975 2279 ca:
2000 2245 2027 2279 a
2058 2228 2356 2282 macileutis
2378 2231 2575 2294 vaccis,
2602 2240 2657 2283 ct
2687 2230 2846 2298 Spicae
2878 2247 2906 2284 a
2930 2232 3116 2299 spicis,
3148 2240 3203 2285 et
3233 2231 3285 2284 in
3324 2230 3469 2283 fame

1901 2318 2197 2373 habebatur
2226 2320 2506 2391 Egyptus.
2563 2333 2616 2375 et
2654 2323 2706 2375 in
2750 2322 2952 2376 turbela
2989 2322 3218 2375 Pharao.
3273 2321 3332 2374 Et
3361 2320 3469 2374 vini

1898 2412 2212 2480 praepositus
2258 2414 2562 2467 admonitus
2610 2424 2691 2467 est
2738 2414 2924 2469 dicens
2973 2412 3135 2484 (39):
3188 2413 3369 2467 Dicam
3400 2428 3469 2466 an

1901 2502 2146 2556 taceam?
2197 2503 2335 2556 tacui
2388 2512 2535 2555 tanto
2576 2513 2834 2570 tempore.
2884 2504 2988 2558 Sed
3026 2506 3069 2558 si
3112 2520 3215 2558 non
3262 2503 3468 2563 dixero,

1899 2595 2107 2664 perierit
2133 2592 2392 2663 Egyptii.
2419 2595 2616 2659 Meum,
2650 2596 2842 2664 inquit,
2865 2611 3130 2658 errorem,
3158 2611 3331 2647 meum
3353 2609 3477 2662 pec-

1899 2695 2075 2740 catum
2105 2688 2445 2742 admoneam.
2497 2687 2661 2742 Putas
2690 2704 2810 2743 cum
2842 2698 3112 2756 repeteret
3139 2697 3192 2740 et
3230 2689 3468 2741 diceret:

1899 2779 2030 2833 Cum
2062 2778 2229 2832 iratus
2258 2794 2407 2833 esses
2444 2782 2630 2846 nobis;
2662 2779 2958 2834 admonitio
2985 2780 3065 2833 sui
3091 2780 3326 2847 peccati:
3352 2788 3470 2831 erat

1899 2880 2073 2924 autem
2106 2872 2507 2926 taciturnitatis.
2542 2872 2682 2926 Fieri
2718 2871 2860 2924 enim
2897 2880 3070 2940 potest
3102 2871 3225 2940 quia
3243 2882 3474 2939 utraque

1900 2963 2209 3017 admonitus
2231 2975 2333 3030 est,
2365 2976 2419 3018 et
2456 2978 2679 3033 utraque
2701 2965 2856 3017 dixit.
2894 2963 3031 3028 Quid
3060 2964 3133 3016 ait
3161 2964 3226 3016 ad
3253 2962 3473 3030 regem?

1899 3053 2134 3121 Peccati,
2171 3057 2363 3125 inquit,
2398 3073 2596 3111 memor
2646 3057 2728 3125 [ui
2760 3058 2913 3110 hodie
2938 3070 2959 3109 :
2990 3055 3201 3110 Pharao
3228 3056 3476 3123 indigna-

1901 3158 1983 3203 tus
2005 3158 2081 3203 est
2102 3153 2274 3219 pueris
2313 3152 2444 3208 suis.
2476 3161 2525 3204 et
2561 3152 2699 3203 misit
2735 3168 2828 3203 nos
2862 3152 2916 3203 in
2945 3166 3240 3213 carcerem;
3282 3150 3334 3201 in
3375 3149 3474 3199 do-

1899 3258 2039 3294 mum
2085 3243 2351 3309 prrcpositi
2389 3258 2671 3309 eoquorum
2718 3258 2799 3294 me
2828 3250 2878 3294 et
2934 3242 3020 3310 qui
3052 3256 3210 3308 supra
3251 3240 3474 3307 pistores

1896 3343 2029 3386 erat.
2068 3332 2129 3385 Et
2171 3333 2389 3387 vidimus
2439 3337 2698 3386 somnium
2734 3345 2943 3399 uterque
2978 3348 3079 3383 una
3123 3342 3301 3393 nocte;
3356 3346 3472 3398 ego,

1896 3426 2073 3477 itidem
2108 3420 2232 3488 ille;
2264 3426 2615 3495 unusquisque
2631 3425 2889 3477 somnium
2921 3424 3167 3477 vidimus.
3214 3422 3339 3477 Erat
3371 3441 3473 3476 au-

1898 3524 1997 3567 tem
2026 3516 2095 3567 ibi
2126 3517 2391 3567 nobiscum
2419 3515 2719 3566 adolescens
2749 3528 2876 3580 puer
2909 3510 3167 3564 Hebrteus
3201 3510 3472 3579 praepositi

1897 3622 2178 3677 cognatum
2212 3621 2230 3660 :
2260 3618 2304 3656 et
2326 3607 2686 3659 enarrarimus
2715 3605 2815 3667 illi,
2839 3615 2887 3657 et
2915 3605 3272 3671 interpretavit
3299 3605 3470 3657 nobis.

1899 3698 1965 3750 Et
1994 3700 2190 3767 factum
2220 3709 2315 3762 est,
2344 3699 2474 3751 sicut
2496 3699 2868 3763 interpretatus
2902 3697 3071 3764 fuerat
3101 3697 3336 3751 nobissic
3361 3709 3477 3751 eoeo

1899 3791 2009 3854 nit;
2040 3807 2120 3843 me
2145 3792 2417 3844 restituisti
2452 3790 2507 3843 in
2531 3789 2720 3859 ofﬁcio,
2753 3790 2902 3841 illuni
2938 3799 3114 3841 autem
3132 3791 3470 3857 suspendisti.

1903 3882 1965 3935 Et
1981 3884 2117 3936 misit
2152 3882 2361 3935 Pharao
2394 3881 2770 3943 εσθαι-Μοδερή
2796 3882 2884 3935 ⁵⁶¹.
2909 3881 3165 3934 Convicta
3198 3883 3339 3934 enim
3359 3881 3473 3950 jam

1900 3976 2071 4027 fuerat
2102 3976 2488 4043 sapientiorum
2525 3974 2812 4041 sapientia,
2854 3990 2974 4041 qua:
3022 3976 3291 4028 somnium
3330 3977 3471 4042 regis

1900 4064 2239 4131 interpretari
2287 4080 2390 4116 non
2427 4065 2617 4132 potuit.
2658 4064 2725 4117 Et
2751 4064 3049 4117 eduxerunt
3078 4081 3198 4117 eum
3243 4064 3308 4117 de
3342 4079 3468 4117 car-

1898 4172 2042 4219 cere,
2069 4165 2121 4209 et
2159 4158 2505 4210 totonderuut
2535 4171 2682 4218 enni,
2709 4164 2759 4208 et
2795 4165 3145 4210 iuutaverunt
3180 4156 3473 4209 chIimcn-

1896 4258 2005 4301 tum
2057 4247 2192 4316 ejus.
2242 4248 2435 4301 Iterum
2477 4265 2508 4302 e
2550 4248 2667 4302 lacu
2713 4248 2937 4316 Joseph,
2966 4249 3161 4302 iterum
3196 4264 3224 4301 e
3253 4262 3476 4301 carcere

1896 4339 2045 4403 exiit,
2092 4347 2146 4391 et
2203 4339 2442 4391 venitad
2486 4337 2717 4392 Pharao.
2769 4339 2913 4393 Dixit
2946 4350 3126 4392 autem
3163 4337 3376 4392 Pharao
3404 4341 3474 4391 ad

1897 4427 2094 4497 .Ioseph
2125 4446 2139 4483 :
2171 4428 2449 4482 Somnium
2510 4431 2638 4493 uidi,
2697 4443 2743 4482 et
2790 4434 2879 4500 qui
2931 4433 3295 4496 interpretetur
3338 4431 3474 4483 illud

215 4529 319 4582 tibi
344 4544 461 4593 esse
508 4530 650 4594 bene,
692 4541 739 4583 et
761 4531 919 4598 facies
949 4533 1003 4584 in
1049 4548 1129 4585 me
1157 4532 1561 4590 miserationem.
1595 4542 1644 4585 et
1685 4548 1791 4585 me-

1901 4538 2004 4575 non
2034 4532 2111 4574 est
2138 4522 2204 4574 ⁸⁷.
2231 4519 2484 4575 Convicta
2515 4522 2784 4588 enimjam
2823 4524 2997 4575 fuerat
3025 4521 3327 4593 Egyptus:
3354 4537 3479 4577 con-

214 4620 455 4673 morabis
479 4620 543 4674 de
567 4637 647 4674 me
695 4620 963 4675 Pharaoni
996 4636 1014 4673 .'
1048 4633 1095 4676 et
1135 4626 1319 4677 educes
1351 4638 1432 4677 me
1460 4624 1524 4676 de
1550 4624 1652 4676 isto
1675 4641 1791 4676 car-

217 4726 340 4765 cere
375 4722 396 4763 .°
435 4714 682 4779 quoniam
711 4710 850 4780 {arto
882 4711 1116 4765 sublatus
1142 4728 1256 4765 sum
1282 4714 1346 4764 de
1376 4723 1517 4765 terra
1544 4711 1795 4765 llebrwo-

217 4817 365 4863 rum,
395 4815 440 4855 et
460 4802 545 4856 hic
566 4803 694 4855 nihil
721 4803 844 4856 ntali
862 4802 980 4872 feci,
1011 4804 1099 4856 sed
1132 4804 1383 4857 miserunt
1404 4819 1484 4855 me
1511 4804 1562 4856 in
1582 4804 1792 4856 danaum

218 4893 328 4945 laci
349 4892 507 4961 hujus
551 4894 618 4946 ".
648 4894 781 4960 Quia
810 4896 951 4949 enim
976 4896 1077 4950 hoc
1120 4895 1288 4964 ipsum
1324 4895 1553 4957 credidit
1581 4896 1636 4948 in
1691 4897 1789 4947 ho-

217 4983 393 5044 mine,
423 4984 662 5037 additqu
713 4995 796 5039 cst
822 4985 869 5039 ei
902 4986 1199 5041 biennium.
1253 4986 1582 5040 Emendatus
1612 4997 1792 5039 autem

217 5088 307 5132 est
339 5078 407 5130 ob
436 5076 594 5130 istum
623 5092 923 5132 sermonem
946 5079 1326 5148 perbiennium
1351 5077 1549 5147 Joseph
1574 5088 1631 5131 ut
1652 5088 1797 5132 esset

292 5171 339 5203 ’⁸
367 5171 501 5227 Gen.
534 5189 617 5239 ιι,
638 5173 785 5227 9-11.
862 5174 1051 5229 "ibid.
1073 5174 1158 5242 12,
1180 5175 1265 5229 15.
1340 5175 1385 5207 ⁸³
1411 5175 1538 5229 ibid.
1559 5173 1644 5229 16.

216 5244 266 5275 "
311 5243 440 5297 ibid.
478 5244 560 5299 15.
636 5245 683 5275 ⁵³
714 5245 843 5299 ibid.
878 5244 964 5298 16.

237 5401 255 5413 ᾖ
294 5341 407 5413 (3'7)
465 5340 589 5395 Tria
626 5344 858 5395 canistra
905 5342 1090 5413 hulice.
1143 5341 1337 5413 llaliczie
1378 5354 1471 5413 seu
1516 5341 1706 5394 alica’:
1741 5338 1793 5391 in

219 5412 282 5469 S.
303 5410 604 5484 :S‘criptura
635 5412 818 5467 Grecca
853 5411 978 5484 τρία
1006 5410 1479 5484 κεινὰ-χονδριτῶν.

292 5481 409 5555 (38)
449 5485 526 5535 lia
552 5484 786 5535 omnibus
817 5481 1106 5555 generibus.
1149 5481 1205 5535 lu
1233 5481 1442 5555 vulgata
1476 5483 1794 5549 interpreta-

222 5552 397 5613 tione,
418 5568 589 5606 omnes
619 5556 759 5605 cibos
785 5553 873 5621 qui
897 5552 1026 5620 ﬁunt
1060 5565 1171 5605 arte
1196 5553 1435 5619 pistoria.

294 5623 407 5695 (39)
442 5622 750 5677 Admonitus
796 5620 867 5674 est
914 5622 1106 5695 dicens.
1145 5621 1346 5695 Locum
1380 5620 1793 5695 lumcgvidemur

220 5692 313 5751 sic
341 5692 628 5762 esplauare
660 5706 813 5760 posse
855 5708 918 5745 ex
981 5692 1299 5761 Scriptura:
1334 5693 1659 5747 lieeordatus
1710 5702 1791 5744 cst

220 5765 437 5832 Josephi
489 5767 691 5827 dicens,
743 5763 921 5833 Diuum
961 5766 1067 5833 regi
1106 5782 1171 5815 an
1222 5764 1443 5816 tacebo?
1494 5774 1641 5814 tanto
1674 5762 1786 5830 jam

229 5848 469 5906 tempore
492 5834 630 5889 tacui
672 5853 686 5888 :
722 5832 816 5888 sed
833 5835 875 5888 si
913 5832 1253 5899 nondixero,
1282 5838 1484 5902 pet-ient
1508 5833 1741 5899 Egyptii
1772 5850 1783 5885 :

1722 5173 1766 5203 "
1784 5171 1912 5226 ibid.
1932 5171 2115 5225 16-18.

1900 4616 2037 4668 victa
2075 4624 2128 4669 et
2172 4616 2435 4683 sapientia
2480 4630 2598 4683 quae
2631 4615 2983 4685 pollicebatur
3019 4616 3206 4669 inulta.
3236 4614 3344 4686 Ego
3375 4630 3477 4668 an.

1900 4714 2005 4759 tem
2047 4706 2224 4759 audivi
2255 4707 2321 4758 de
2366 4714 2417 4757 te
2452 4706 2716 4770 dicentes,
2772 4706 2958 4759 audire
2986 4715 3038 4760 te
3069 4707 3277 4761 somnia
3312 4716 3363 4759 et
3396 4707 3476 4757 iu-

1897 4798 2179 4865 terpretari
2213 4813 2295 4853 ea.
2358 4797 2630 4853 Conlirma
2678 4812 2809 4866 ergo
2867 4798 3023 4852 nobis
3063 4798 3257 4851 famam
3303 4807 3470 4849 tuam.

1898 4886 2204 4959 Religiosus
2243 4900 2422 4944 autem
2470 4888 2668 4959 Joseph
2712 4890 2989 4958 respondit
3028 4892 3094 4944 ad
3144 4904 3361 4959 regem,
3421 4898 3476 4940 et

1899 4982 2031 5035 dixit
2072 4999 2085 5034 :
2117 4980 2241 5034 Sine
2264 4980 2369 5033 Deo
2399 4998 2499 5034 non
2535 4980 2933 5049 respondebitur
2962 4982 3198 5033 salutare
3235 4978 3471 5031 Pharao.

1900 5074 1995 5128 Dei
2025 5077 2159 5128 enim
2182 5085 2279 5140 est,
2311 5078 2505 5145 inquit,
2538 5078 2896 5146 interpretatio
2930 5075 2998 5128 ⁸⁸.
3036 5074 3143 5141 Ego
3187 5072 3318 5125 nihil
3351 5086 3474 5156 pos-

2192 5172 2236 5203 η
2268 5171 2394 5225 ibid.
2423 5160 2610 5228 H-151
2687 5170 2733 5202 σε
2756 5170 2891 5224 Gru.
2911 5184 3017 5222 XLI.
3096 5166 3293 5219 "'ibid.
3314 5163 3473 5221 9-14.

1900 5337 2071 5404 potius
2112 5336 2286 5405 itaque
2317 5350 2520 5395 incum,
2570 5334 2760 5403 inquit,
2791 5349 3054 5405 errorem,
3086 5346 3261 5386 meum
3285 5344 3473 5400 pecca-

1904 5417 2011 5463 tum
2041 5404 2386 5460 conlitebor:
2446 5420 2637 5472 nempe
2686 5422 2805 5458 curn
2849 5404 3115 5458 Pharaoni
3167 5411 3473 5456 reuarraret

1902 5494 1965 5529 ac
2004 5478 2229 5540 diceret,
2277 5478 2409 5531 Cum
2440 5476 2610 5527 iratus
2641 5491 2790 5529 esses
2840 5476 3016 5537 nobis,
3059 5473 3322 5527 confessio
3352 5482 3474 5526 erat

1898 5547 1979 5600 sui
2007 5549 2208 5615 peccati
2245 5563 2346 5616 quo
2376 5546 2505 5611 regis
2555 5548 2683 5597 iram
2730 5553 3117 5616 prouocauerat,
3160 5554 3271 5616 tum
3305 5544 3472 5616 etiam

1901 5613 2305 5677 taciturnitatis,
2338 5620 2479 5684 quod
2514 5618 2716 5682 accepti
2757 5635 2784 5667 a
2819 5615 3051 5682 Joscpbo
3093 5613 3339 5666 beneficii
3370 5615 3478 5666 im-

1899 5702 2105 5740 memor
2157 5688 2355 5741 lanuliu
2402 5686 2679 5739 siluisset:
2718 5686 2831 5739 fieri
2863 5702 3004 5741 enim
3036 5692 3211 5753 potest
3251 5692 3307 5737 ut
3354 5685 3476 5752 ejus

1897 5759 2077 5809 animo
2128 5760 2351 5814 subierit
2405 5768 2723 5823 utrumque,
2775 5767 2828 5811 et
2884 5769 3176 5823 utrumque
3220 5754 3290 5809 sit
3342 5770 3475 5809 cono

1896 5828 2090 5881 fessus.
