3956 6520
496 381 635 441 1091
1129 376 1397 434 EUSEBll
1434 376 1913 436 CAESARIENSIS
1943 378 2093 435 OPP.
2132 377 2313 432 PARS
2352 377 2442 430 IV.
2484 404 2553 417 —
2592 374 3007 432 DOGMATICA.
3578 375 3718 437 109⁸2

498 510 619 550 sum
674 502 735 548 ut
763 491 987 563 possim.
1036 489 1270 561 Exponit
1315 500 1493 545 autem
1546 491 1741 562 duplex
1793 492 2058 547 somnium
2088 506 2135 561 Α
2162 500 2211 543 et
2241 490 2321 542 ori
2357 497 2444 541 tuo
2474 487 2671 541 obediet
2722 486 2941 557 populus
2992 487 3152 540 omnis
3200 497 3389 557 prater
3434 488 3719 545 thronum:

497 585 728 651 Pharao,
760 585 900 653 quod
930 590 1048 636 erat
1074 582 1127 636 in
1158 597 1260 636 una
1287 582 1507 637 virtute;
1526 582 1638 638 Cur
1664 595 1842 638 autem
1867 599 2058 639 secnn-
2158 595 2249 649 ego
2274 588 2322 632 te
2344 595 2561 647 prwero.
2592 578 2735 632 Dixit
2767 577 2977 632 Pharao
3010 578 3077 631 ad
3096 577 3289 647 Ioseph
3320 594 3339 632 :
3375 580 3507 636 Ecce
3531 586 3722 637 constid

500 680 625 731 dum
650 674 916 731 somnium
945 671 1123 726 videt?
1164 681 1223 725 ut
1254 674 1433 727 discas
1460 676 1585 743 quia
1628 685 1780 744 urget
1815 677 1951 730 Deus
2002 682 2060 728 ut
2157 680 2245 725 tuo
2269 680 2313 723 le
2359 671 2502 723 hodie
2527 686 2680 738 super
2702 686 2901 722 omnem
2933 678 3124 724 terram
3162 671 3399 742 Egypti,
3424 674 3612 740 facito,
3638 674 3724 727 in-

498 775 685 836 parcat
714 762 1043 817 hominibus.
1073 759 1359 825 Putabam,
1390 762 1581 831 inquit,
1612 779 1692 815 me
1718 773 1857 815 stare
1904 761 2061 829 juxta
2158 762 2289 829 quit,
2317 771 2460 813 tuum
2483 760 2776 834 consilium:
2809 758 2938 824 Quis
2965 767 3013 814 te
3042 763 3371 830 sapientior?
3392 765 3506 834 quis
3535 773 3585 817 te
3605 780 3725 818 sen-

499 874 644 913 oram
660 856 915 926 ﬂuminis,
937 862 985 907 et
1006 854 1156 923 quasi
1181 854 1244 907 de
1272 856 1486 923 flumine
1514 853 1855 907 ascendebant
1874 862 2062 919 septem
2160 853 2324 906 satior
2354 860 2403 905 et
2428 850 2673 918 fidelior?
2702 862 2748 905 te
2783 852 2917 905 enim
2947 852 3148 905 volebat
3181 852 3322 906 Deus
3350 865 3405 907 ut
3437 871 3604 924 supra
3638 858 3725 909 do-

498 964 669 1003 vacca
698 948 873 1001 electa:
900 946 1168 1007 carnibus,
1204 945 1351 998 bona:
1382 954 1613 1014 aspectu,
1648 954 1696 997 et
1722 943 2065 1007 pascebantur
2161 959 2301 995 mum
2335 959 2469 996 esses
2516 958 2702 1007 meam,
2748 959 2902 1011 super
2942 960 3140 997 omnem
3172 945 3367 999 scilicet
3406 945 3720 1016 Egyptian.

500 1040 571 1095 ad
613 1040 800 1108 ripam.
848 1037 916 1091 Et
954 1054 1068 1091 ecce
1114 1037 1235 1089 alite
1279 1048 1467 1104 septem
1506 1051 1672 1088 vacca:
1722 1033 2062 1087 ascendebant
2163 1034 2407 1103 Perﬁcito
2437 1044 2581 1087 tuum
2611 1033 2907 1097 consilium,
2951 1051 3207 1104 conregna
3239 1039 3388 1091 mihi.
3424 1038 3543 1090 Tibi
3588 1040 3722 1092 enim

500 1142 614 1199 post
653 1131 773 1184 illas
824 1129 890 1184 de
921 1130 1158 1197 ﬂumine,
1196 1127 1430 1193 pessima:
1472 1137 1518 1179 et
1552 1134 1724 1194 turpes
1750 1135 1979 1191 aspectu,
2013 1133 2061 1176 et
2162 1127 2295 1179 dans
2329 1125 2615 1197 zEgyptum
2642 1128 2695 1180 in
2719 1137 2991 1197 potestate,
3015 1130 3210 1184 habebo
3253 1138 3302 1184 te
3329 1147 3531 1185 mecum
3560 1133 3615 1184 in
3647 1148 3725 1185 re-

500 1240 694 1277 macra:
740 1225 1004 1285 carnibus,
1041 1223 1169 1277 tales
1201 1222 1380 1293 quales
1409 1234 1673 1288 nunquam
1725 1217 1828 1269 vidi
1867 1217 1920 1268 in
1959 1223 2066 1268 tota
2166 1234 2277 1286 gem
2312 1218 2378 1272 δ”,
2412 1216 2528 1270 Jam
2546 1217 2863 1283 consolatio,
2897 1219 3008 1287 jam
3036 1218 3241 1273 fructus
3272 1220 3543 1289 pudicitia:
3570 1228 3726 1276 erant

500 1314 733 1385 Egypto
755 1316 1035 1383 turpiores.
1074 1315 1137 1367 Et
1170 1317 1540 1367 devoraverunt
1566 1310 1873 1376 illa-septem
1900 1321 2066 1360 vacca:
2165 1306 2381 1377 Juseph.
2404 1308 2508 1363 Sed
2537 1324 2635 1363 nec
2658 1310 2708 1362 in
2737 1309 2822 1363 his
2850 1309 3023 1365 factus
3045 1313 3221 1382 arguit
3241 1312 3517 1366 mulierem
3548 1312 3726 1383 impu-

501 1424 694 1461 macra:
721 1418 770 1461 et
804 1418 977 1475 turpes
1012 1416 1196 1474 septem
1219 1421 1398 1458 vaccas
1426 1404 1583 1457 bonas
1608 1410 1654 1455 et
1686 1400 1890 1465 electas,
1924 1406 1971 1451 et
1994 1399 2069 1450 in-
2168 1402 2522 1461 dentem,non
2540 1401 2898 1481 redditvicem
2923 1421 2936 1457 :
2961 1413 3137 1458 tamen
3169 1404 3269 1457 fuit
3290 1404 3341 1457 in
3361 1403 3726 1469 tribulatione,

504 1504 771 1550 traverunt
813 1499 868 1550 in
909 1506 1104 1550 ventres
1144 1510 1357 1557 earum;
1391 1503 1438 1546 et
1468 1507 1571 1545 non
1596 1500 1881 1560 paruerunt
1929 1487 2067 1558 quod
2167 1502 2223 1547 et
2252 1493 2304 1545 in
2336 1492 2425 1544 tali
2459 1493 2701 1563 angustia
2734 1502 2878 1545 tanta
2904 1491 3120 1563 Jnseph.
3154 1493 3319 1548 Jacob
3348 1504 3525 1549 autem
3553 1494 3605 1548 in
3632 1493 3729 1548 ιιιι.

502 1590 800 1643 introissent
847 1590 904 1641 in
954 1599 1151 1641 ventres
1196 1601 1398 1648 earum,
1428 1596 1600 1653 turpes
1626 1583 1758 1637 sicut
1804 1590 1952 1634 erant
2002 1578 2067 1631 ab
2170 1585 2441 1640 bulatione
2493 1596 2628 1651 erat,
2684 1592 2738 1638 et
2781 1582 2891 1652 jam
2932 1600 3053 1639 cum
3102 1584 3210 1656 (41)
3244 1586 3499 1639 remissus
3536 1585 3730 1640 fuisset

503 1682 678 1734 initio.
712 1679 942 1749 Surgens
965 1690 1136 1733 autem
1167 1696 1349 1733 rursus
1396 1678 1716 1739 dormivi,.et
1743 1677 1845 1731 vidi
1875 1676 2069 1729 iterum
2168 1674 2366 1747 Ioseph
2400 1692 2428 1729 a
2461 1691 2695 1731 carcere.
2720 1677 2855 1745 Quid
2891 1692 3041 1748 ergo,
3078 1678 3258 1731 dicent
3281 1675 3473 1740 Judmi,
3499 1677 3590 1731 ubi
3640 1688 3725 1733 est

505 1771 561 1825 in
591 1773 782 1825 somnis
818 1782 902 1825 :et
933 1771 1081 1841 quasi
1103 1780 1293 1837 septem
1317 1772 1475 1839 spica:
1506 1768 1853 1823 ascendebant
1872 1768 1925 1820 in
1953 1767 2071 1836 fun-
2174 1768 2380 1823 fructus
2420 1770 2829 1837 promissionis?
2868 1769 2921 1823 Si
2971 1770 3112 1823 enim
3151 1770 3253 1823 ista
3306 1778 3390 1824 est
3426 1771 3564 1835 vita,
3598 1770 3729 1839 quid

506 1866 573 1919 do
604 1882 706 1920 uno
727 1865 892 1933 plenre
910 1876 957 1918 et
984 1865 1150 1917 bonre.
1170 1863 1304 1918 Alia:
1319 1874 1491 1917 autem
1515 1872 1707 1929 septem
1724 1860 1880 1928 spica:
1896 1871 2071 1912 tenues
2103 1856 2145 1911 Β
2177 1860 2276 1915 hoc
2303 1861 2367 1913 ad
2393 1859 2582 1927 Jacob,
2629 1862 2719 1931 qui
2752 1862 2935 1915 decem
2969 1871 3022 1915 et
3051 1870 3251 1930 septem
3285 1862 3441 1916 annis
3481 1861 3621 1916 luxit
3642 1860 3735 1917 Jo-

502 1966 553 2011 et
576 1974 608 2009 a
636 1965 783 2010 vento
816 1966 1073 2022 corrupta:
1093 1954 1385 2007 crescebant
1411 1952 1567 2021 juxta
1595 1966 1681 2003 eas
1711 1958 1757 2002 et
1789 1947 2070 2018 glutierunt
2174 1952 2340 2021 seph?
2366 1962 2458 2005 aut
2484 1952 2548 2006 ad
2581 1952 2753 2022 ipsum
2786 1950 3012 2023 Ioseph,
3054 1953 3146 2023 qui
3180 1955 3270 2007 vix
3318 1953 3576 2009 liberatus
3616 1954 3738 2009 est?

503 2060 689 2117 septem
723 2049 878 2116 spica:
906 2056 1081 2100 tenues
1106 2056 1154 2100 et
1181 2063 1213 2099 a
1239 2054 1386 2100 vento
1416 2052 1697 2110 corrupttc,
1746 2049 1938 2107 septem
1966 2039 2063 2107 spi-

2176 2050 2280 2104 Sed
2321 2065 2498 2105 sermo
2540 2050 2756 2119 quidem
2802 2050 3073 2119 impletur,
3104 2051 3373 2120 negotium
3405 2059 3585 2105 autem
3616 2064 3734 2105 ser-

503 2158 591 2195 cas
616 2140 794 2211 plenas
819 2153 864 2194 et
887 2142 1066 2193 bonas.
1096 2138 1218 2191 Dixi
1237 2153 1358 2206 ergo
1381 2132 1883 2202 interpretatoribus,
1910 2138 2074 2181 etnon
2174 2149 2364 2195 νειηιιε
2416 2141 2621 2196 licitum
2668 2142 2810 2195 enim
2844 2152 2927 2195 εει
2963 2141 3117 2195 nobis
3147 2150 3199 2197 ει
3225 2142 3471 2211 sequemi
3528 2141 3734 2212 pel-[mi

504 2232 606 2302 fuit
635 2233 723 2301 qui
748 2232 1019 2284 dissereret
1059 2229 1207 2282 mihi.
1239 2226 1305 2280 Et
1339 2226 1470 2279 dixit
1510 2222 1701 2290 Ioseph
1726 2222 1791 2273 ad
1816 2219 2066 2274 Pharao:

2175 2234 2281 2289 die.
2313 2232 2679 2288 Mensuremns
2708 2243 2885 2287 autem
2924 2242 3150 2303 tempus.
3189 2232 3350 2287 Decet
3378 2234 3521 2287 enim
3567 2232 3737 2301 gratis

504 2322 780 2376 Somnium
817 2319 1023 2373 Pharao
1048 2337 1209 2373 unum
1232 2328 1329 2372 est.
1364 2317 1697 2384 Quaecunque
1736 2312 1871 2366 Deus
1895 2315 2075 2380 faetet,
2176 2326 2313 2380 dona
2339 2325 2455 2391 Dei,
2480 2335 2534 2378 ιη
2559 2323 2806 2393 ieiunam
2838 2326 2891 2379 iu
2940 2336 3200 2394 tempore.
3242 2334 3297 2379 et
3347 2324 3631 2394 epulemur
3683 2323 3737 2378 in

434 2412 447 2425 ’
505 2413 734 2469 ostendit
788 2410 1023 2464 Pharao.
1071 2409 1277 2479 Septem
1308 2424 1477 2463 vacca:
1531 2407 1679 2459 bona:
1731 2413 1925 2471 septem
1948 2402 2081 2456 anni
2177 2425 2436 2486 ιαηροη,
2476 2415 2704 2470 Tum
2729 2425 2901 2471 διοιε
2937 2430 3203 2472 memores
3252 2417 3338 2470 ubi
3377 2416 3593 2471 animus
3624 2431 3740 2471 sep.

503 2511 644 2555 sunt.
687 2501 959 2556 Somnium
991 2501 1206 2554 Pharao
1234 2516 1394 2552 unum
1427 2507 1505 2551 est
1535 2511 1555 2549 :
1594 2505 1649 2549 et
1682 2505 1869 2563 septem
1905 2510 2065 2547 vacca

2184 2522 2424 2561 monem:
2464 2517 2520 2561 ut
2545 2507 2681 2562 sicut
2714 2507 2764 2561 hi
2796 2507 2889 2577 qui
2918 2507 3166 2562 alacriter
3197 2507 3542 2571 tuanducant,
3581 2518 3641 2563 et
3674 2508 3746 2563 ob

504 2607 698 2646 macra'
740 2608 856 2662 qua:
885 2590 1227 2645 ascendebant
1254 2600 1369 2659 post
1394 2604 1504 2653 eas,
1544 2596 1740 2657 septem
1781 2585 1907 2638 anni
1932 2594 2066 2637 sunt.

2176 2599 2461 2669 quamdam
2526 2600 2859 2655 occasionem
2910 2611 3259 2670 exsurgentes
3322 2616 3352 2655 a
3411 2615 3597 2655 mensa
3660 2601 3737 2655 nil

505 2679 577 2735 Et
605 2692 797 2752 septem
831 2684 988 2753 spicae
1020 2691 1196 2735 tenues
1230 2691 1276 2735 et
1313 2697 1344 2734 a
1375 2690 1519 2734 vento
1558 2688 1839 2748 corrupta,
1885 2687 2067 2745 septem

2179 2702 2294 2745 tant
2322 2691 2432 2763 (42)
2483 2692 2584 2747 sibi
2630 2693 2871 2763 apposita
2902 2710 2917 2746 :
2947 2694 3019 2747 ita
3064 2704 3117 2749 et
3153 2709 3247 2749 vos
3279 2693 3529 2762 reliquias
3570 2693 3678 2748 alio
3706 2708 3741 2746 ι

504 2775 633 2828 anni
670 2784 813 2828 sunt.
853 2771 922 2826 Et
950 2776 1043 2829 erit
1066 2784 1255 2843 septem
1293 2772 1446 2827 annis
1483 2772 1680 2841 fames:
1706 2786 1880 2825 verum
1904 2778 2066 2822 autem

2179 2784 2332 2839 nobis
2357 2786 2631 2853 exposcite
2662 2783 2767 2847 die,
2801 2800 2867 2839 ne
2893 2786 3017 2854 quid
3046 2796 3100 2839 et
3129 2786 3509 2840 intermisimus
3550 2802 3564 2839 :
3632 2802 3739 2840 non

506 2866 649 2935 quod
683 2865 819 2918 dixit
856 2864 1065 2919 Pharao
1097 2881 1115 2919 :
1150 2879 1473 2934 quaecunque
1494 2862 1631 2917 Deus
1656 2863 1833 2931 faciet,
1857 2860 2068 2915 ostendit

2178 2876 2319 2930 enim
2348 2877 2505 2932 decet
2529 2893 2625 2933 nos
2653 2878 2928 2932 venientes
2965 2877 3031 2931 ad
3062 2876 3475 2932 consolationem
3527 2877 3737 2943 mortis,

506 2956 802 3013 Pharaoni.
835 2955 971 3011 Ecce
1029 2965 1222 3026 septem
1259 2957 1385 3009 anni
1441 2956 1645 3009 veniunt
1678 2954 1935 3008 ubertatis
1961 2967 2068 3005 nta-

2181 2966 2484 3037 relinquere
2510 2966 2674 3022 Jacob
2704 2968 2755 3020 in
2796 2967 2942 3021 luctu
2972 2969 3038 3021 de
3068 2966 3209 3020 fama
3242 2968 3430 3022 mortis
3463 2966 3578 3021 ﬁlii.
3635 2968 3743 3021 Sed

506 3064 626 3119 gnte
684 3050 739 3103 in
776 3050 917 3103 omni
959 3060 1099 3103 terra
1140 3048 1378 3118 Egypti.
1413 3046 1541 3101 Post
1573 3056 1745 3100 autem
1772 3046 1968 3125 venient
1997 3058 2068 3097 se-

2181 3058 2403 3114 rationis
2438 3069 2522 3113 est
2574 3070 2628 3113 et
2659 3059 2903 3128 sequenti
2949 3057 3309 3127 nosjungere,
3332 3068 3383 3112 et
3412 3059 3638 3113 miscere
3685 3058 3743 3112 in

505 3152 643 3213 ptem
680 3144 803 3196 anni
834 3142 989 3212 famis
1022 3158 1040 3196 :
1084 3153 1261 3212 postea
1286 3141 1652 3195 obliviscentur
1693 3140 1977 3193 ubertatem
2023 3138 2067 3191 in

2182 3152 2510 3207 alacritatem
2543 3152 2836 3221 lugentium
2858 3151 2968 3221 jam
3007 3165 3124 3206 esse
3159 3151 3599 3206 consolationem.
3627 3150 3744 3205 Non

507 3212 749 3289 universa
786 3235 1037 3304 Egypto,
1069 3244 1116 3289 et
1155 3245 1415 3289 consumet
1442 3234 1603 3303 fames
1635 3247 1833 3285 omnem
1861 3241 2069 3284 terram.

2182 3242 2400 3298 fuissem
2430 3257 2525 3297 vos
2575 3212 2764 3313 passus
2811 3212 2885 3297 ita
2938 3242 3232 3307 dimittere,
3279 3244 3453 3297 adhuc
3484 3241 3744 3298 sollicitus

508 3324 691 3395 Neque
720 3335 1028 3395 agnoscetur
1048 3326 1256 3379 ubertas
1286 3340 1438 3393 super
1459 3335 1648 3377 terram
1668 3338 1776 3392 prce
1796 3321 1934 3389 fame
1960 3337 2070 3392 qua:

2181 3344 2400 3405 propter
2431 3335 2596 3390 Jacob
2623 3335 2907 3404 lugentem.
2940 3334 3074 3401 Quia
3114 3335 3275 3405 igitur
3309 3335 3596 3404 incipimus
3624 3351 3740 3405 per-

507 3416 687 3487 futura
715 3429 789 3470 est
827 3429 937 3485 post
957 3418 1089 3470 haec.
1129 3415 1409 3470 Vehemens
1430 3418 1567 3470 enim
1596 3415 1693 3468 erit
1719 3413 1887 3467 valde.
1924 3412 2075 3478 Quod
2182 3424 2427 3478 miueme
2464 3422 2570 3478 Deo
2608 3434 2663 3478 ει
2689 3424 3029 3493 probationes
3055 3424 3120 3477 de
3166 3424 3560 3478 resurrectione
3616 3438 3743 3477 con-

508 3520 685 3565 autem
719 3512 923 3564 iteravit
963 3511 1221 3563 somnium
1250 3508 1467 3563 Pharao
1497 3510 1602 3573 bis;
1632 3510 1753 3578 quia
1782 3523 1953 3561 verum
1976 3507 2076 3560 erit
2178 3511 2421 3583 iungere,
2450 3512 2559 3582 jam
2589 3513 2744 3568 ﬁdem
2764 3514 3113 3584 pmcedentis
3135 3515 3396 3569 sermonis
3416 3515 3745 3570 conﬁdentes

507 3604 720 3655 verbum
758 3604 893 3671 quod
926 3617 998 3655 est
1048 3620 1080 3654 a
1114 3601 1247 3663 Deo,
1289 3612 1335 3654 et
1366 3610 1606 3669 properat
1658 3598 1801 3652 Deus
1834 3607 1889 3651 ut
1915 3598 2077 3667 faciat
2183 3605 2478 3674 epulemur,
2508 3620 2613 3660 non
2657 3621 2777 3659 cum
2837 3614 3096 3661 mortuis:
3139 3620 3325 3660 omnes
3357 3608 3495 3660 enim
3538 3608 3742 3663 vivunt.

509 3694 627 3749 hoc.
670 3694 827 3748 Nunc
859 3710 979 3763 ergo
1007 3694 1215 3763 provide
1256 3694 1514 3746 hominem
1542 3702 1831 3754 sensatum,
1860 3700 1905 3744 et
1944 3706 2080 3758 praz-
2184 3694 2300 3751 Non
2339 3697 2482 3750 enim
2529 3697 2772 3750 venimus
2800 3696 2868 3750 ad
2918 3708 3282 3761 monumenta,
3335 3700 3426 3752 sed
3470 3699 3537 3753 ad
3569 3698 3747 3753 locum

507 3801 642 3855 Ροηε
688 3801 807 3837 eum
854 3800 1007 3853 “lim
1055 3782 1372 3854 Αῑθυριιιηι,
1428 3794 1475 3837 ιι
1532 3784 1691 3852 facit"
1731 3781 1964 3845 ΡΙιαναον
2028 3788 2079 3835 οε
2185 3788 2696 3852 commendationis;
2730 3804 2833 3844 non
2863 3791 3110 3844 venimus
3137 3789 3203 3842 ad
3256 3800 3516 3862 mortuos.
3547 3790 3637 3844 sed
3676 3790 3743 3842 ad

509 3886 777 3944 prwponat
798 3876 1307 3943 locorumprincipes
1326 3891 1483 3945 super
1511 3886 1727 3936 terram.
1750 3874 1839 3945 qui
1869 3874 2078 3943 quintus
2183 3883 2470 3937 viventes:
2522 3890 2925 3936 commonentes
2970 3883 3321 3951 nosmetipsos
3370 3896 3458 3951 per
3500 3897 3561 3936 ea
3627 3897 3749 3950 qua

509 3967 684 4036 exigat
723 3965 835 4037 (40)
888 3967 1052 4020 omnis
1085 3966 1289 4035 fructus
1316 3978 1469 4021 terra
1494 3965 1714 4036 lEgypli
1748 3977 1938 4035 septem
1979 3982 2080 4017 αη-
2186 3973 2413 4029 iacimus
2440 3988 2586 4043 spem
2606 3972 2771 4041 ipsius
2789 3973 3214 4027 resurrectionis.
3238 3973 3363 4027 Laeti
3380 3973 3744 4037 convenimus,

512 4074 699 4111 norum
740 4061 1010 4134 ubertatis,
1050 4071 1098 4114 et
1145 4060 1394 4128 colligant
1436 4075 1611 4112 omnes
1646 4058 1850 4128 fructus
1886 4066 2081 4125 septem
2186 4064 2356 4134 majus
2380 4067 2671 4134 gaudentes
2723 4064 3059 4129 recedimus;
3106 4064 3173 4117 ita
3222 4065 3361 4118 enim
3402 4064 3748 4126 conﬁdimus,

512 4137 770 4202 annorum
804 4131 1120 4204 venientium
1161 4151 1350 4203 horum
1390 4149 1643 4203 bonorum
1674 4163 1693 4201 :
1720 4158 1769 4201 et
1802 4148 2081 4218 colligatur
2186 4131 2308 4224 quia
2338 4131 2696 4225 resurgemus,
2724 4153 2848 4222 quia
2877 4161 2932 4208 et
2977 4154 3080 4208 ista
3125 4153 3401 4208 credentes
3424 4153 3743 4205 Iretabimur.

510 4239 832 4310 frumentum
857 4246 950 4296 sub
976 4259 1133 4296 manu
1164 4239 1378 4295 Pharao
1419 4256 1431 4269 '
1462 4250 1509 4294 et
1550 4257 1681 4295 escte
1703 4242 1754 4293 in
1782 4241 2079 4295 civitatibus
2187 4244 2452 4301 Habemus
2488 4256 2665 4301 autem
2692 4246 3021 4323 reconditum
3048 4260 3350 4302 sermonem
3380 4245 3534 4299 nobis
3559 4253 3744 4299 osten-

508 4336 879 4387 eustodiantur
908 4348 926 4385 :
954 4347 1001 4388 et
1020 4338 1123 4388 sint
1146 4351 1276 4389 esca
1309 4350 1423 4404 qua
1444 4334 1717 4387 custodita:
1748 4333 1940 4401 fuerint
1975 4342 2081 4385 ter—
2186 4336 2423 4401 dentem,
2474 4352 2597 4407 spes
2645 4342 2769 4408 quia
2811 4350 2895 4395 est
2935 4338 3214 4411 religiosis.
3275 4337 3337 4391 Et
3365 4337 3478 4407 jam
3534 4339 3750 4407 quidem

511 4438 609 4489 rte,
637 4423 690 4477 in
719 4434 909 4492 septem
931 4442 1092 4480 annos
1111 4427 1267 4496 famis
1298 4442 1415 4496 quae
1438 4427 1538 4480 erit
1568 4426 1624 4479 in
1653 4434 1793 4478 terra
1819 4423 2036 4494 lEggpti
2059 4436 2079 4475 :
2186 4437 2459 4483 ostensum
2484 4440 2568 4485 est
2605 4446 2633 4483 a
2663 4431 2810 4500 justo
2843 4431 2951 4487 Deo
2970 4450 2984 4489 ;
3005 4440 3179 4505 tamen
3209 4428 3332 4499 quia
3360 4440 3517 4483 vocat
3545 4438 3746 4499 tempus

511 4525 560 4568 et
590 4532 694 4569 non
726 4517 1157 4571 exterminabitur
1203 4529 1345 4573 terra
1384 4535 1416 4571 a
1465 4517 1628 4587 fame.
1658 4514 1729 4569 Et
1770 4515 2081 4586 placuerunt
2118 4570 2159 4593 η
2187 4536 2287 4576 nos
2321 4520 2467 4576 reﬁci
2503 4521 2715 4587 debere,
2750 4524 3041 4593 gratiarum
3092 4522 3331 4577 actiones
3368 4522 3753 4590 consignant"

1098 4570 1103 4571 ,
1206 4570 1243 4573 -_
1292 4570 1338 4571 η
1404 4570 1410 4571 ,
1465 4570 1478 4587 ,
1586 4570 1623 4571 η
1770 4570 1781 4586 ,
2189 4570 2284 4576 η--
2322 4570 2467 4576 ηπ--
2507 4570 2715 4587 _---__,
2751 4570 3041 4593 ,νη----π
3094 4570 3328 4577 _-------_
3374 4570 3746 4590 ---ατη-ν---

511 4609 623 4660 Ιηεσ
679 4609 832 4661 verba
886 4618 1008 4662 αηιε
1056 4607 1293 4672 Pharao,
1339 4617 1387 4663 el
1435 4607 1675 4663 omnibus
1718 4608 1893 4678 pueris
1944 4607 2076 4660 suis.
2118 4570 2159 4624 υ
2188 4613 2407 4667 verbum
2431 4612 2652 4684 gloriam
2686 4615 2979 4669 referamus
3007 4614 3195 4669 viventi
3222 4624 3273 4668 et
3295 4614 3433 4669 bono
3456 4623 3513 4669 et
3546 4630 3677 4670 vero
3700 4623 3748 4669 et

511 4698 769 4768 Nunquid
805 4701 1117 4754 inveniemus
1158 4702 1417 4754 hominem
1442 4700 1600 4754 talem
1629 4701 1720 4772 qui
1752 4700 1904 4754 habet
1921 4702 2081 4768 spiri-
2185 4703 2476 4759 viviﬁcanti
2499 4704 2624 4760 Jesu
2640 4705 2886 4761 Christo:
2910 4722 3005 4775 per
3020 4721 3178 4776 quem
3204 4715 3285 4761 est
3318 4706 3424 4761 Deo
3456 4706 3605 4762 Patri
3635 4721 3751 4761 cum

507 4798 619 4839 tum
648 4786 743 4839 Dei
758 4788 813 4841 in
840 4789 931 4842 se?
958 4788 1024 4841 Et
1049 4788 1185 4843 dixit
1210 4786 1425 4844 Pharao
1455 4789 1523 4842 ad
1546 4788 1738 4858 Joseph
1770 4804 1788 4843 :
1817 4788 2081 4855 Quoniam
2188 4794 2393 4865 Spiritu
2419 4807 2610 4853 sancto
2637 4798 2806 4868 gloria
2836 4807 2891 4852 et,
2915 4798 3106 4864 honor,
3149 4799 3449 4868 imperium,
3480 4797 3753 4865 majestss,

515 4877 741 4932 ostendit
758 4880 852 4933 tibi
878 4879 1016 4934 Deus
1045 4881 1220 4933 omnia
1241 4882 1373 4949 hare,
1408 4899 1509 4936 non
1538 4890 1615 4935 est
1658 4881 1752 4935 tibi
1773 4881 1925 4935 homo
1953 4896 2081 4943 pru-
2188 4896 2241 4943 et,
2280 4903 2420 4944 nunc
2450 4898 2504 4944 ει
2530 4904 2760 4961 semper,
2784 4900 2838 4946 ει
2854 4906 2949 4962 per
2974 4891 3154 4946 omnia
3188 4890 3380 4947 secula
3411 4890 3753 4946 mulorum,

514 4969 741 5035 dentior,
774 4988 865 5026 nec
892 4974 1153 5027 sensatior
1179 4982 1227 5027 te
1244 4988 1263 5026 :
1280 4985 1336 5027 tu
1357 4976 1458 5029 eris
1474 4989 1630 5042 super
1660 4975 1870 5027 domum
1890 4989 2077 5036 meam.
2187 4976 2379 5031 Amen.

584 5147 631 5181 ”
666 5147 803 5203 Gen.
828 5164 936 5214 stt,
974 5149 1140 5205 17-“

584 5303 699 5423 $40)
738 5305 952 5389 Qnigat.
978 5306 1139 5361 Forte
1168 5304 1398 5385 exigant.

605 5374 698 5423 Mt
739 5376 803 5423 (tt
841 5393 947 5423 mm
971 5392 1110 5423 cum-
1142 5374 1303 5423 Forte
1329 5390 1487 5423 etiam
1521 5389 1657 5423 clm.

2262 5304 2373 5378 (42)
2413 5302 2615 5358 Nitant.
2646 5303 2809 5369 Forte
2830 5305 3054 5375 nictant,
3095 5306 3214 5363 dum
3244 5305 3448 5362 scilicet
3472 5304 3542 5360 ad
3571 5306 3744 5377 epulas

2197 5379 2414 5423 relictas
2448 5385 2773 5423 resneetanl.

605 5374 698 5446 Μ)
738 5376 803 5431 Et
829 5374 947 5447 jam
971 5392 1110 5432 cum.
1141 5374 1303 5432 Forte
1329 5376 1487 5430 etiam
1521 5389 1657 5429 cum.
2197 5374 2414 5433 relictas
2448 5385 2773 5446 respectant.

2095 5585 2170 5611 :‘ﬂ
