3956 6516
230 411 269 467 Ἰ
279 410 384 465 093

1287 399 1380 453 DE
1416 395 2008 456 RESURBECTIONE.
2049 429 2116 439 —-—
2152 394 2276 453 LIB.
2318 397 2380 455 Π.

3327 405 3466 462 1091.

248 547 3432 596 -._._—-—-—-—————-——-—-——————-—-——4‘————-—————————-————

1322 724 1682 811 LIBER
1731 697 2389 811 SECUNDUS.

315 1087 590 1146 Lmtantur
619 1086 832 1156 quidem
857 1083 982 1139 coeli
1011 1083 1078 1139 de
1119 1083 1406 1140 festivitate
1437 1083 1709 1152 praesenti,
1754 1083 1804 1137 in
1837 1091 1884 1149 Α
1912 1100 2031 1156 qua:
2059 1095 2184 1141 ante
2214 1098 2425 1140 crucem
2455 1083 2593 1138 facta
2628 1094 2753 1139 sunt
2785 1088 2875 1154 qui
2925 1088 3022 1143 {ult
3043 1093 3277 1147 ostendit
3305 1111 3317 1147 :
3353 1105 3469 1164 post

238 1198 346 1251 qua
374 1179 655 1234 Dominum
686 1189 968 1243 suscepere
996 1175 1249 1229 victorem
1289 1190 1302 1225 :
1345 1175 1551 1227 lzetatur
1572 1182 1626 1228 et
1657 1188 1812 1228 exer-

242 1274 384 1325 citus
401 1269 709 1337 angelorum
734 1266 1029 1336 suscipiens
1053 1281 1172 1318 cum
1185 1265 1405 1318 victoria
1434 1279 1608 1334 regem
1631 1283 1643 1317 :
1666 1264 1814 1317 [arta-

243 1373 330 1416 tur
356 1372 410 1416 et
434 1361 745 1430 quigeuuit,
775 1367 827 1412 et
848 1359 994 1411 misit
1021 1356 1180 1410 Pater
1200 1372 1228 1410 a
1254 1357 1456 1410 dextris
1474 1357 1583 1410 suis
1605 1356 1811 1409 habens

241 1455 618 1510 charissimum
656 1450 873 1515 Filium,
902 1466 995 1520 per
1019 1465 1173 1517 quem
1201 1461 1407 1504 mortua
1433 1448 1645 1517 quidem
1670 1463 1812 1501 mors

241 1550 353 1618 (43)
389 1560 490 1611 est,
529 1555 779 1614 corrupta
804 1553 980 1597 autem
1008 1552 1088 1597 est
1122 1543 1445 1612 corruptela,
1465 1553 1518 1597 et
1541 1542 1810 1596 destructa

238 1654 323 1696 est
344 1640 543 1696 diaboli
576 1638 841 1708 tyrannia,
875 1635 1130 1689 etsalvati
1155 1644 1277 1688 sunt
1306 1635 1568 1700 homines,
1600 1645 1653 1688 et
1684 1650 1812 1701 gau-

236 1733 385 1785 dium
418 1739 736 1799 acceperunt
762 1727 952 1797 angeli.
989 1727 1101 1781 Non
1132 1739 1420 1794 estpassus
1445 1736 1621 1780 autem
1641 1725 1812 1794 Spiri-

229 1835 324 1878 tus
348 1831 594 1876 sanctus:
613 1820 706 1874 sed
728 1835 821 1887 per
837 1821 1071 1872 omnium
1098 1819 1372 1872 hominum
1392 1818 1601 1887 linguas
1623 1817 1810 1871 victori

233 1911 428 1965 obtulit
446 1909 791 1974 laudes.Quia
805 1909 943 1962 enim
956 1910 1191 1962 omnium
1210 1909 1506 1978 linguarum
1521 1908 1810 1971 eratsalus,

234 2002 356 2056 ideo
373 2003 514 2056 omni
547 2001 725 2070 lingua
750 2014 842 2067 per
858 2013 950 2052 ora
975 1999 1335 2067 apostolorum
1369 1998 1575 2052 locutus
1600 2010 1678 2052 est
1699 1997 1812 2068 Spi-

234 2095 394 2147 ritus.
422 2093 484 2145 Et
511 2092 708 2145 exinde
729 2089 837 2159 jam
865 2092 1288 2158 vocabatgentes
1313 2106 1410 2159 per
1439 2091 1768 2144 initiamenta
1793 2105 1808 2144 :

235 2184 565 2254 implebatur
592 2192 768 2236 autem
811 2194 864 2236 et
885 2183 1236 2253 praecedentis
1276 2182 1580 2236 festivitatis
1609 2181 1808 2235 laetitia.

222 2273 444 2327 Pascha
489 2273 630 2325 enim
678 2272 984 2326 festivitatis
1017 2271 1202 2325 mortis
1241 2279 1634 2325 sacramentum
1670 2271 1720 2322 in
1754 2283 1812 2324 se

240 2364 678 2426 continens,tunc
700 2362 1379 2431 recipiebatfructum,cum
1405 2361 1812 2416 ﬁebatrecursio

1913 1189 2137 1233 mortem
2187 1188 2360 1232 autem
2417 1177 2681 1231 mirabilia
2715 1194 2835 1247 quze
2877 1196 2972 1247 per
3013 1185 3280 1252 apostolos
3328 1185 3468 1241 facta

1910 1280 2056 1333 sunt,
2091 1271 2417 1324 continuant
2458 1271 2583 1338 quia
2617 1271 2707 1338 qui
2754 1282 2998 1327 mortuus
3039 1284 3122 1328 est
3176 1280 3470 1333 resurrexit

1911 1371 1966 1416 et
1998 1362 2146 1415 vivit.
2185 1361 2336 1416 Unde
2358 1371 2413 1415 et
2443 1360 2644 1428 majora
2673 1373 2884 1417 servata
2914 1375 3038 1420 sunt
3061 1368 3328 1424 mirabilia
3352 1380 3472 1440 post

1913 1461 2160 1516 mortem,
2186 1468 2343 1519 quam
2369 1467 2429 1506 ea
2462 1469 2581 1523 quin
2599 1463 2724 1509 ante
2757 1467 2982 1511 mortem
3007 1468 3129 1512 sunt
3153 1461 3310 1517 facta.
3337 1462 3471 1529 Qui:

1910 1545 2054 1599 enim
2088 1545 2454 1600 incredibilior
2498 1550 2823 1604 resurrectio
2853 1551 3061 1606 Domini
3112 1555 3283 1624 magis
3309 1571 3470 1624 quam

1918 1636 2182 1691 adventus
2205 1639 2320 1707 ejus
2346 1639 2397 1692 in
2435 1641 2654 1705 tnundo,
2684 1642 2885 1709 majora
2923 1659 3130 1697 servata
3169 1659 3292 1700 sunt
3324 1650 3473 1701 testi-

1911 1728 2010 1784 bus
2063 1732 2472 1785 resurrectionis
2503 1733 2791 1800 mirabilia,
2841 1743 3299 1803 utagnosceretur
3331 1739 3469 1807 (46⁸)

1911 1823 2036 1891 quia
2069 1834 2308 1878 mortuus
2334 1825 2550 1894 quidem
2588 1837 2689 1891 est,
2719 1827 2810 1882 sed
2845 1830 3134 1883 resurrexit
3154 1830 3222 1883 ob
3254 1832 3472 1901 dispen-

1910 1914 2195 1981 sationem,
2222 1916 2353 1969 vivit
2383 1925 2558 1969 autem
2602 1927 2818 1987 propter
2850 1920 3119 1974 virtutem.
3165 1922 3294 1987 Quis
3326 1924 3470 1978 enim

1911 2021 2074 2062 ausus
2103 2018 2184 2062 est
2216 2009 2418 2073 dicere,
2448 2010 2572 2078 quia
2607 2025 2714 2066 non
2747 2012 3043 2065 resurrexit
3073 2013 3342 2079 Christus,
3379 2021 3474 2069 aut

1911 2098 2402 2167 conlessibiles(47)
2427 2100 2647 2163 inimici,
2671 2092 2763 2154 aut
2788 2102 2901 2156 licti
2933 2103 3124 2156 amici?
3157 2103 3320 2157 Putas
3338 2121 3471 2174 gen-

1914 2192 2032 2246 tiles
2061 2193 2331 2245 audebunt
2363 2191 2544 2245 dicere
2573 2193 2697 2261 quia
2733 2203 2978 2248 mortuus
3007 2203 3090 2247 est
3132 2203 3184 2248 et
3232 2210 3336 2247 non
3370 2209 3481 2248 rem

1913 2281 2184 2336 surrexit?
2211 2282 2322 2336 Non
2360 2299 2541 2352 quer
2574 2284 2702 2353 quid
2751 2285 2954 2351 dicant,
2986 2286 3076 2340 sed
3107 2287 3231 2354 quid
3262 2288 3473 2355 patian-

1916 2383 2018 2427 tur.
2048 2373 2101 2427 Si
2142 2375 2282 2427 enim
2308 2384 2452 2428 stant
2473 2391 2657 2430 eorum
2690 2378 2905 2446 templa,
2934 2393 3036 2432 non
3065 2381 3376 2434 resurrexit.
3411 2377 3470 2434 Si

221 2452 446 2506 Domini
475 2453 538 2504 ad
586 2453 768 2505 caalos.
794 2451 906 2506 Non
926 2452 1067 2505 enim
1083 2451 1228 2504 venit
1246 2460 1298 2502 ut
1321 2451 1552 2504 moriens
1578 2465 1812 2504 morere-
1841 2440 1884 2495 Β
1914 2483 2020 2522 non
2050 2467 2332 2530 ἀρειτυχῃ,
2368 2469 2412 2522 εί
2442 2483 2546 2522 non
2570 2440 2938 2524 conﬂata-su,"
2975 2485 3160 2525 eorum
3185 2471 3472 2526 simulacra

221 2549 348 2600 'tur,
366 2540 458 2593 sed
479 2550 533 2592 ut
551 2555 642 2594 eos
655 2541 742 2607 qui
763 2541 954 2594 mortui
975 2540 1185 2594 fuerant
1199 2540 1511 2593 vivilicaret.
1530 2539 1805 2593 Laetamur

233 2633 401 2701 igitur
417 2631 592 2686 omnia
619 2651 631 2685 :
655 2632 789 2685 forte
807 2641 982 2684 autem
1009 2643 1062 2685 et
1091 2642 1364 2686 creatura:
1384 2631 1579 2686 clarior
1594 2633 1807 2686 enimet

232 2725 318 2778 sol
362 2733 478 2788 est,
522 2724 811 2777 secundum
847 2739 1081 2792 prmsens
1115 2725 1215 2777 hoc
1263 2733 1467 2790 tempus
1511 2724 1808 2785 :prolixior

221 2817 452 2870 enimet
474 2815 650 2867 lumen
668 2813 894 2868 habetur
913 2814 1026 2886 (44)
1048 2829 1062 2867 :
1086 2825 1140 2868 et
1159 2816 1394 2868 omnium
1414 2818 1708 2883 completus
1724 2824 1808 2870 est

236 2907 450 2961 fructus
485 2923 498 2959 τ
528 2915 582 2959 et
606 2908 949 2960 consentiunt
986 2904 1156 2961 oﬂicia
1192 2906 1596 2975 dispensationi.
1625 2908 1806 2960 Solnta

237 3009 422 3053 autem
453 2999 603 3052 nobis
644 3007 726 3050 est
761 3007 814 3052 et
852 2999 1118 3052 sententia
1148 3015 1161 3051 :
1208 3007 1454 3052 revocata
1509 3008 1591 3052 est
1625 3008 1806 3054 nostra

226 3090 511 3146 restitutio
552 3105 565 3142 :
599 3088 899 3142 obedientia
940 3088 1083 3142 enim
1119 3089 1363 3151 veniens,
1403 3089 1802 3152 praevaricatio-

241 3183 327 3236 nis
362 3196 547 3251 poenas
575 3182 728 3248 ejecit
757 3198 771 3234 :
809 3179 1011 3247 justi-tia
1036 3180 1436 3232 subintroducta
1470 3179 1806 3246 iniquitatem

237 3276 480 3344 repulit:
514 3275 731 3328 veniens
780 3274 886 3325 vita
941 3281 1165 3326 mortem
1227 3271 1610 3324 mortificavit:
1662 3270 1805 3324 Deus

237 3365 575 3418 descendens
621 3363 890 3417 hominem
939 3363 1187 3432 perduxit
1224 3364 1289 3415 ad
1340 3363 1524 3416 coelos.
1563 3360 1808 3431 Undique

241 3457 407 3522 igitur
456 3455 687 3524 fulgores
744 3453 1047 3506 festivitatis
1093 3452 1367 3506 lucescant
1410 3452 1540 3523 (45).
1583 3454 1805 3506 Sursum

239 3549 418 3613 chori,
488 3549 537 3601 iu
598 3558 737 3600 terra
801 3545 1014 3601 laetitiae.
1085 3543 1324 3597 Tristant
1386 3545 1521 3597 bona
1577 3545 1805 3610 malum,

239 3640 389 3707 luget
443 3637 790 3706 semetipsqu
851 3635 1133 3688 diabolus:
1182 3635 1334 3688 decet
1396 3637 1535 3688 enim
1566 3652 1686 3689 eum
1729 3635 1810 3687 lu-

233 3745 358 3784 ctus
387 3746 512 3782 suus
537 3748 550 3782 :
589 3729 773 3796 lugent
806 3727 982 3782 adhuc
1008 3739 1176 3794 usque
1199 3727 1490 3790 daemones,
1522 3735 1576 3778 et
1603 3735 1805 3779 semet-

238 3826 389 3892 ipsos
411 3822 708 3890 deploraut.
750 3819 980 3873 Tantum
1034 3818 1175 3872 enim
1221 3827 1278 3870 ut
1326 3819 1599 3871 nominata
1647 3818 1810 3872 fuerit

234 3930 395 3978 crux,
440 3921 734 3980 agnoscunt
779 3911 1011 3980 plagam,
1048 3920 1101 3964 et
1144 3925 1253 3964 non
1283 3907 1545 3963 sufferunt
1588 3925 1804 3963 nomen.

233 4003 309 4059 Et
344 4021 410 4059 ne
441 4006 558 4073 quis
608 4014 754 4072 putet
797 4004 1018 4058 oblitqu
1068 4018 1152 4055 me
1186 4002 1350 4056 fuisse
1385 4001 1648 4055 hesterna:
1687 4017 1808 4071 pro-

241 4096 518 4151 missionis
547 4110 704 4159 meae;
738 4095 1155 4164 promiseramus
1183 4095 1327 4147 enim
1356 4093 1417 4146 de
1451 4094 1807 4148 resurrectio-

235 4203 312 4242 ne
370 4188 545 4241 dicere
591 4187 745 4252 beri;
798 4185 1122 4256 exposcebat
1175 4186 1319 4240 enim
1374 4194 1601 4254 tempus.
1656 4185 1810 4240 Sicut

233 4279 390 4335 enim
443 4280 558 4334 heri
591 4279 654 4332 de
687 4277 1081 4332 resurrectione
1131 4287 1306 4332 motus
1345 4287 1428 4332 est
1467 4293 1647 4333 sermo
1679 4296 1693 4333 :
1731 4277 1806 4332 ita

234 4373 369 4442 quia
406 4369 668 4425 festivitas
717 4383 1020 4436 regressum
1077 4369 1285 4422 Domini
1331 4368 1554 4437 requirit
1602 4368 1666 4421 ad
1713 4367 1811 4421 Pa-

239 4475 405 4517 trem.
441 4459 715 4514 Firmatur
756 4468 933 4511 autem
987 4456 1262 4511 hominum
1299 4457 1650 4520 resurrectio,
1688 4472 1807 4510 cum

241 4554 551 4625 apparuerit
600 4547 768 4605 Filius
813 4563 1061 4603 reversus
1109 4549 1174 4601 ad
1224 4547 1462 4601 Patrem.
1517 4545 1586 4600 Et
1641 4548 1811 4613 majus

239 4645 698 4713 ostenditurquod
715 4640 1040 4712 propositum
1053 4649 1156 4704 est,
1174 4655 1292 4694 cum
1311 4640 1620 4709 apparuerit
1635 4655 1813 4694 resur-

241 4737 415 4791 rectio
445 4735 555 4803 ejus
579 4735 667 4804 qui
699 4733 976 4788 suscitavit
1004 4732 1138 4804 (46).
1168 4733 1441 4802 Siquidem
1461 4734 1814 4802 etApostolus

1907 2568 2027 2626 post
2057 2574 2293 2621 crucem,
2329 2575 2433 2613 non
2464 2563 2781 2626 resurrexit,
2806 2562 2894 2629 qui
2917 2564 3095 2632 arguit
3122 2579 3183 2617 ea
3212 2580 3330 2633 quae
3362 2579 3466 2619 non

1907 2652 2115 2704 vivunt.
2146 2650 2204 2706 Si
2234 2665 2338 2706 non
2362 2652 2705 2720 increpantur
2735 2653 2952 2708 nomine
2985 2656 3160 2709 crucis
3180 2670 3367 2710 eorum
3394 2656 3471 2710 dii

1907 2753 1960 2798 et
1991 2745 2280 2808 dremones,
2327 2760 2430 2799 non
2481 2746 2775 2800 resurrexit
2811 2745 2901 2814 qui
2946 2747 3030 2800 his
3063 2748 3151 2815 qui
3188 2763 3293 2801 non
3343 2758 3470 2802 sunt

1910 2837 2166 2891 terribilis
2223 2836 2494 2892 habetur:
2535 2839 2859 2892 conﬁtentur
2911 2839 3054 2892 enim
3089 2849 3144 2893 et
3198 2843 3469 2894 daemones

1910 2949 2361 3003 resurrectionem
2393 2948 2615 3004 Christi.
2646 2951 2744 3017 Qui
2781 2952 2922 3007 enim
2967 2954 3310 3015 exorcizant,
3345 2966 3470 3006 oru-

1911 3055 2025 3094 cem
2055 3040 2263 3095 Domini
2293 3043 2594 3107 nominant,
2637 3053 2690 3098 et
2736 3045 3180 3099 resurrectionem
3225 3060 3238 3098 :
3279 3052 3332 3098 et
3372 3060 3471 3099 uo-

1912 3134 2056 3186 mine
2085 3132 2203 3202 ejus
2231 3133 2323 3202 qui
2361 3143 2604 3188 mortuus
2638 3144 2721 3189 est
2752 3147 2807 3190 et
2853 3137 3150 3191 resurrexit
3181 3137 3467 3205 increpan-

1912 3227 2009 3282 tes,
2044 3235 2148 3272 uon
2175 3228 2232 3270 ut
2267 3219 2633 3273 inobedieutes
2671 3229 2762 3272 aut
2810 3221 3238 3276 contradicentes
3271 3220 3470 3274 habent

1910 3311 2203 3375 daemones,
2241 3313 2330 3366 sed
2361 3311 2710 3365 obaudieutes
2743 3321 2796 3366 et
2839 3314 3237 3367 consentientes
3291 3327 3472 3367 resur-

1910 3402 2218 3456 rectionem.
2276 3402 2380 3456 Sed
2435 3402 2600 3456 Judaei
2657 3403 2904 3458 dubitant
2955 3405 3020 3457 de
3072 3403 3470 3457 resurrectione

1909 3493 2130 3547 Christi.
2168 3492 2382 3549 Utinam
2414 3511 2520 3548 non
2563 3496 2888 3559 dubitarent,
2928 3505 2985 3550 ut
3016 3504 3069 3549 et
3098 3495 3195 3563 ipsi
3222 3510 3472 3566 resurge-

1911 3594 2030 3638 rent
2059 3599 2088 3637 a
2129 3585 2365 3653 peccatis
2392 3586 2523 3646 suis.
2574 3586 2626 3638 in
2660 3589 2853 3655 quibus
2895 3586 3088 3639 mortui
3115 3595 3170 3640 et
3200 3601 3323 3640 vere
3348 3597 3470 3640 sunt

1911 3675 2138 3728 mortui!
2163 3676 2219 3730 Si
2245 3684 2421 3730 autem
2440 3677 2711 3741 dubitant,
2732 3675 3011 3730 ostendant
3030 3674 3298 3728 civitatem
3321 3689 3468 3728 suam

1836 3789 1877 3843 ο
1912 3773 2025 3832 post
2056 3779 2116 3818 ea
2149 3779 2266 3833 quae
2292 3765 2406 3819 ausi
2441 3775 2586 3830 sunt,
2623 3774 2873 3818 stantem.
2927 3763 2992 3818 Et
3021 3777 3145 3815 vere
3191 3762 3280 3829 qui
3309 3775 3472 3814 .mor-

1913 3864 2032 3909 tuus
2058 3865 2138 3909 est
2170 3867 2412 3911 mortuus
2444 3865 2545 3920 est,
2587 3857 2711 3925 quia
2741 3866 2884 3910 stant
2910 3855 2999 3926 qui
3029 3851 3315 3906 alIixeruut
3343 3865 3468 3905 cru-

1908 3947 1977 3999 ci.
2006 3947 2061 4001 Si
2096 3957 2274 4001 autem
2303 3947 2516 4001 deserta
2547 3957 2626 4002 est
2667 3947 2858 4002 civitas
2899 3948 2968 4001 ob
3001 3946 3281 4000 audaciam
3329 3944 3466 3996 inco-

1907 4036 2098 4098 larum,
2126 4039 2215 4107 qui
2251 4048 2372 4106 post
2409 4048 2632 4091 mortem
2661 4037 2869 4093 cruciat
2899 4051 2992 4091 eos
3021 4037 3146 4105 quia
3179 4041 3330 4096 sunt,
3373 4031 3473 4086 uti-

1906 4141 2012 4195 que
2038 4127 2221 4181 vivens
2244 4128 2295 4180 id
2328 4128 2483 4198 gerit.
2512 4127 2569 4181 Si
2595 4142 2696 4182 non
2714 4128 2879 4181 servit
2905 4142 3090 4181 eorum
3116 4139 3268 4197 gens,
3293 4123 3334 4177 si
3361 4136 3468 4175 non

1909 4228 2310 4273 excusaverunt
2344 4235 2498 4274 suum
2537 4233 2750 4289 regem,
2797 4220 2840 4274 si
2889 4229 2972 4274 est
3009 4235 3128 4273 cum
3164 4218 3295 4286 ipsis
3345 4228 3469 4284 pro-

1910 4308 2108 4376 pheta;
2142 4324 2246 4362 non
2278 4321 2359 4365 est
2412 4310 2585 4365 factus
2614 4311 2789 4364 exitus
2818 4308 3210 4381 praedicationis
3239 4307 3473 4377 prophe-

1913 4409 2108 4452 tarum.
2145 4400 2201 4452 Si
2236 4410 2413 4454 autem
2446 4401 2636 4456 civitas
2661 4418 2847 4456 eorum
2877 4401 3086 4456 deserta
3110 4409 3211 4464 est,
3229 4398 3272 4453 si
3304 4395 3475 4451 altare

1905 4488 2017 4558 jam
2046 4504 2150 4542 non
2181 4501 2264 4544 est
2292 4491 2391 4555 eis,
2442 4507 2542 4545 non
2577 4493 2851 4554 sacerdos,
2889 4505 2992 4544 non
3040 4505 3156 4554 rex,
3209 4503 3312 4542 non
3349 4502 3471 4556 pro-

1911 4577 2092 4644 pheta.
2131 4592 2235 4631 non
2266 4579 2513 4648 spiritus;
2541 4594 2638 4649 per
2660 4594 2818 4648 quem
2851 4577 2989 4632 ista?
3022 4577 3076 4631 Si
3111 4584 3291 4630 autem
3316 4585 3373 4629 et
3395 4574 3474 4628 di-

1911 4673 2062 4718 catur
2087 4672 2154 4719 ab
2186 4667 2264 4721 eis
2299 4668 2646 4738 impudenter,
2696 4669 2818 4738 quia
2847 4668 3118 4724 civitatem
3169 4681 3349 4722 eorum
3379 4665 3475 4718 de-
3539 4687 3542 4690 ι

1911 4761 2224 4808 struxerunt
2272 4758 2554 4823 homines;
2589 4767 2768 4812 utrum
2808 4760 3139 4814 concedente
3171 4757 3281 4811 Deo
3313 4765 3368 4809 et
3400 4755 3473 4808 ita

240 4829 431 4884 volens
454 4828 736 4884 ostendere
774 4827 892 4895 quia
922 4835 1208 4895 resurgunt
1239 4825 1500 4889 homines,
1533 4825 1598 4878 ad
1635 4841 1808 4879 resur.

1911 4844 2274 4912 permittente,
2312 4847 2480 4916 magis
2513 4857 2693 4902 autem
2737 4848 3086 4918 tndignante?
3111 4847 3295 4900 dicant
3345 4859 3506 4897 cauv

247 4923 544 4977 rectionem
583 4920 791 4974 Domini
837 4919 1136 4973 transmisit
1171 4933 1322 4972 suum
1377 4932 1713 4982 sermonem,
1759 4927 1815 4971 et
1913 4946 2024 4985 sam
2075 4938 2298 5001 peccam
2333 4936 2494 4991 putas
2522 4949 2738 5008 propter
2769 4936 3168 4993 idololatrian?
3219 4943 3273 4989 ει
3329 4919 3517 5016 εει-ως

244 5012 382 5066 dixit
407 5030 419 5065 :
452 5010 510 5066 Si
540 5011 884 5079 compatimur
908 5020 961 5062 ut
993 5021 1039 5064 et
1069 5009 1225 5063 simul
1266 5009 1616 5079 gloriﬁcemur
1637 5011 1702 5062 ‘°.
1749 5009 1808 5066 Si

1912 5039 2054 5079 nunc
2083 5026 2221 5080 idola
2251 5043 2357 5083 non
2398 5029 2598 5084 colunt.
2634 5030 2738 5086 Sed
2771 5032 2896 5100 quia
2941 5030 3228 5097 prOpbetas
3256 5025 3474 5079 occide-

239 5106 439 5159 mortui
477 5121 577 5157 non
608 5111 903 5172 resurgunt,
935 5119 1094 5172 neque
1138 5101 1376 5156 Christus
1404 5105 1686 5156 resurrexit
1714 5103 1756 5134 “
1794 5124 1807 5159 :

1918 5123 2042 5168 runt
2097 5117 2420 5188 aliquando?
2454 5130 2507 5175 et
2564 5131 2709 5176 certe
2758 5137 2879 5176 cum
2932 5135 3023 5174 eos
3084 5117 3475 5177 interﬁcerent.

237 5204 305 5250 ut
337 5209 404 5248 ex
440 5195 538 5248 hoc
566 5194 906 5248 manifestum
938 5195 1028 5260 sit,
1056 5195 1331 5248 hominum
1361 5196 1806 5251 resurrectionem
1919 5205 2231 5262 habitabant
2255 5210 2530 5265 είνίωιεηι
2572 5227 2746 5267 suam,
2775 5211 2879 5264 sed
2903 5210 3028 5276 quia
3060 5207 3310 5277 ιειηριυηι
3343 5220 3476 5260 con.

237 5288 400 5357 sequi
431 5285 640 5341 Domini
669 5287 1142 5343 resurrectionem.
1179 5287 1241 5342 Et
1296 5287 1560 5342 mirabilia
1588 5289 1805 5359 quidem
1916 5297 2243 5356 taminarunt
2265 5302 2586 5372 aliquando?
2613 5311 2668 5357 et
2688 5310 2832 5356 certe
2860 5301 3284 5354 contaminantes
3313 5295 3482 5352 babe-

319 5400 365 5432 "
401 5399 557 5454 Rom.
591 5416 707 5466 vttt,
744 5401 832 5455 17.
928 5401 970 5431 ⁸³
996 5398 1012 5451 1
1041 5401 1165 5456 Cor.
1193 5418 1282 5468 xv,
1308 5401 1395 5457 16.

343 5536 430 5609 ᾧ)
466 5535 566 5609 Ms.
599 5536 705 5609 Per
729 5553 878 5608 quem
906 5546 1112 5591 mortua
1134 5540 1338 5609 quidem
1371 5556 1530 5594 mors.

341 5606 434 5679 44)
487 5607 586 5661 Ms.
636 5606 905 5662 Prolixius
928 5609 1062 5662 enim
1117 5606 1163 5662 et
1199 5610 1371 5664 lumen
1414 5614 1651 5668 habetur.
1683 5613 1814 5671 Pro-

243 5677 478 5748 lixiores
499 5679 640 5748 enim
679 5688 805 5731 tunc
830 5679 944 5732 dies
974 5692 1090 5733 esse
1126 5679 1405 5748 incipiunt.

339 5747 410 5802 45
466 5747 564 5801 Ms.
595 5747 902 5803 Lucescunt.

343 5748 432 5888 ιδζ
477 5815 776 5876 Suscitavit.
815 5817 902 5873 [θοι

343 5815 432 5876 46)
477 5815 776 5876 Suscitavit.
815 5817 974 5876 Forte
995 5820 1286 5874 suscitabit.

1992 5549 2124 5620 (ιϐ’)
2155 5551 2252 5606 Ms.
2278 5551 2343 5606 Ut
2376 5562 2779 5617 cognosceretur.

1995 5618 2107 5689 (i7)
2164 5623 2261 5676 Ms.
2308 5624 2618 5690 (Jonfessiles
2645 5641 2663 5677 :
2698 5621 2864 5690 aperti
2900 5630 2954 5674 et
2986 5619 3216 5691 professi
3255 5618 3475 5691 inimici,

1921 5693 2055 5746 infra
2094 5694 2183 5746 lib.
2214 5711 2248 5758 I,
2280 5695 2341 5745 de
2369 5689 2681 5762 incorporati
2708 5689 2825 5762 post
2855 5689 3001 5746 med.
3038 5707 3205 5744 nonne
3231 5689 3478 5757 confessi-

1920 5765 2017 5817 bile
2045 5773 2140 5829 est,
2171 5772 2274 5818 etc.
