3956 6522
483 374 622 431 1095

1179 371 1446 429 EUSEBII
1483 369 1949 427 CASSARIENSIS
1986 368 2133 426 OPP.
2178 366 2355 422 PARS
2392 366 2485 424 IV.
2524 396 2593 407 --
2631 364 3051 421 DOGMATICA.

3569 365 3708 422 {096

481 492 632 548 bant.
664 490 792 558 Quae
816 505 945 561 ergo
968 504 1127 545 causa
1152 500 1311 545 estut
1337 490 1412 545 ira
1445 491 1701 545 adversus
1730 506 1823 545 eos
1854 491 1925 544 sit
1951 489 2039 543 Dei
2069 494 2116 551 Α
2145 504 2245 553 res,
2270 497 2316 540 et
2340 488 2467 554 ipsis
2500 485 2773 552 fornicata:
2794 493 2914 538 sunt
2949 500 3002 537 ιη
3020 480 3251 551 ίεθῃριο
3278 482 3332 535 in
3356 482 3707 537 adolescentia

485 575 664 631 nunc?
706 576 771 629 Et
818 585 961 629 certe
1005 576 1296 629 secundum
1354 576 1589 643 ipsorum
1621 590 1926 629 sermonem
1977 584 2035 627 ut

485 670 655 731 aiunt,
689 669 890 721 utinam
923 666 1209 721 videantur
1260 668 1667 737 religiositatem
1712 667 1936 723 fecisse!
1988 665 2043 720 Si

483 756 625 810 enim
659 755 949 809 solventem
977 757 1167 824 legem,
1214 766 1271 809 et
1316 758 1380 810 de
1408 758 1522 826 lege
1548 766 1731 810 contra
1765 757 2043 810 facientem

484 845 798 899 invenerunt
829 845 1105 898 Dominum
1131 843 1405 911 Jesnin,et
1428 861 1532 899 non
1568 846 1786 908 invidia,
1814 846 1904 899 sed
1930 845 2045 898 zelo

484 950 580 1004 pro
622 936 734 1003 lege
766 935 1049 988 aflixernnt
1079 936 1223 988 cruci
1262 953 1276 989 :
1311 936 1594 1003 oportebat
1631 936 1795 989 Deum
1842 946 1895 987 et
1943 935 2045 988 alia

482 1026 564 1079 eis
596 1036 814 1095 peccata
850 1026 1117 1078 dimittere
1142 1026 1307 1093 magis
1336 1037 1555 1093 propter
1579 1024 1731 1076 istam
1758 1024 2045 1089 justitiam,

482 1134 641 1188 quam
669 1134 808 1173 nunc
830 1134 921 1172 eos
942 1119 1009 1170 ita
1040 1121 1245 1186 punire.
1275 1119 1334 1171 Et
1358 1121 1481 1172 licet
1515 1119 1609 1185 ipsi
1640 1128 1822 1171 essent
1863 1135 2045 1185 pecca—

485 1220 650 1275 tores,
681 1221 736 1264 et
784 1210 885 1263 alia
926 1210 1184 1264 haberent
1236 1222 1490 1278 peccata;
1554 1219 1727 1261 tamen
1785 1207 2047 1261 Dominus

487 1299 642 1355 Jesus
670 1342 684 1363 ,
716 1317 872 1370 quem
924 1303 1018 1371 ipsi
1066 1303 1165 1372 legi
1218 1303 1488 1355 contraria
1532 1299 1815 1355 facientem
1846 1304 2046 1365 dixere,

484 1410 607 1448 cum
639 1396 778 1463 apml
813 1411 907 1448 eos
956 1406 1120 1458 esset,
1160 1395 1481 1462 prardicehat
1514 1394 1640 1463 quia
1678 1396 2047 1449 destrueretur

481 1500 668 1540 eorum
720 1487 996 1555 templum,
1058 1496 1111 1540 et
1164 1486 1565 1554 depriedarctur
1615 1502 1801 1541 eorum
1859 1490 2050 1542 civitas

488 1588 704 1646 propter
725 1580 774 1630 id
801 1580 939 1647 quod
977 1583 1228 1632 adversus
1261 1594 1319 1632 se
1348 1580 1636 1633 audebant.
1662 1580 1783 1634 Etsi
1819 1581 1914 1650 ipsi
1947 1582 2047 1634 alia

497 1670 762 1722 habebant
792 1682 1030 1737 pecrata,
1076 1671 1213 1725 Dens
1246 1684 1421 1725 autem
1461 1690 1561 1725 non
1607 1673 1878 1728 videretur
1904 1692 2052 1727 men-

496 1762 625 1826 dax,
660 1774 710 1814 ut
740 1763 836 1832 ipsi
880 1764 1271 1831 hlasplieniant,
1303 1766 1633 1818 inveniretur
1664 1777 1840 1819 autem
1867 1782 2047 1833 verax,

2144 596 2241 632 sua
2279 578 2345 631 “.
2384 576 2690 631 Fornicatio
2741 583 2920 628 autem
2950 573 3001 625 in
3037 571 3312 641 Scriptura
3346 574 3417 627 ita
3469 574 3709 641 ponitur,

2146 671 2270 739 quia
2294 671 2588 723 secundum
2620 665 3045 720 misericordiam
3078 665 3404 733 dignabatur
3436 666 3578 720 Dens
3604 677 3712 720 tan-

2147 776 2307 831 quam
2357 759 2686 828 coniungens
2736 758 2836 811 sibi
2870 768 2995 811 tunc
3049 755 3260 825 quidem
3319 757 3665 827 Synagogam
3695 798 3711 821 ,

2148 866 2289 904 nunc
2315 860 2494 903 autem
2519 847 2835 901 Eeclesiam.
2885 846 2968 899 Ab
3018 861 3082 899 eo
3123 863 3251 915 ergo
3281 846 3371 915 qui
3410 845 3712 899 secundum

2149 939 2576 993 misericordiam
2611 933 2971 1003 conjungebat
3008 936 3262 997 reccssio,
3299 946 3352 987 et
3375 932 3717 987 daemonibus

2149 1030 2472 1098 conjunctio,
2499 1040 2547 1083 et
2576 1028 2899 1088 idololatria,
2927 1026 3212 1080 fornicatio
3252 1028 3547 1080 secundmn
3574 1025 3718 1078 Scri-

2151 1132 2364 1191 pturam
2400 1120 2697 1175 reetissime
2755 1118 3081 1172 nominatur.
3119 1118 3252 1183 Qnia
3289 1134 3417 1187 ergo
3446 1117 3592 1170 idola
3629 1131 3719 1170 co-

2150 1215 2333 1268 lebant
2366 1214 2417 1267 in
2464 1212 2722 1282 Egypto,
2770 1212 2887 1265 ideo
2928 1227 3022 1281 per
3069 1210 3379 1278 prophetam
3432 1210 3548 1261 ait:
3585 1206 3720 1259 Diue

2150 1313 2298 1359 erant
2326 1320 2549 1365 sorores,
2579 1312 2627 1355 et
2678 1303 2803 1369 ἔρδω
2836 1301 3106 1368 [ornicattc
3134 1307 3254 1352 sunt
3282 1300 3334 1349 in
3364 1293 3721 1349 adolescentia

2151 1414 2245 1449 sua
2290 1398 2343 1447 in
2377 1392 2627 1464 .Egypto.
2662 1394 2901 1460 Denique
2943 1402 2995 1445 et
3036 1390 3198 1460 Moysi
3242 1404 3527 1444 successor
3559 1385 3723 1439 Jesus

2151 1488 2312 1547 Nave,
2352 1487 2612 1539 mamlaus
2645 1484 2839 1553 popqu
2868 1483 2932 1535 de
2969 1500 3065 1536 suo
3111 1482 3255 1536 exitu
3302 1482 3430 1533 dicit
3467 1495 3479 1529 :
3515 1476 3723 1542 Quibus

2154 1580 2303 1633 vultis
2343 1581 2534 1631 servire
2569 1578 2713 1630 diis?
2763 1574 2903 1628 Nam
2954 1576 3030 1627 Itis
3077 1591 3202 1643 quos
3232 1574 3501 1626 coluerunt
3545 1581 3725 1635 patres

2151 1672 2303 1724 vestri
2324 1671 2375 1721 in
2402 1668 2632 1738 ngypto
2653 1670 2739 1722 ‘5‘?
2773 1668 2908 1733 Quid
2934 1650 3275 1734 auteuropus
3312 1672 3393 1717 est
3423 1662 3721 1730 prophetas

2151 1760 2381 1816 vocare?
2416 1760 2589 1827 ipsmn
2637 1759 2801 1813 Israel
2835 1768 3022 1810 testem
3052 1758 3335 1809 adversum
3385 1769 3441 1806 se
3471 1762 3525 1805 et
3573 1752 3725 1819 ipso-

496 1868 686 1922 passus
723 1856 906 1924 utique
941 1854 1130 1909 fuisset
1177 1857 1281 1909 alia
1327 1874 1511 1909 eorum
1550 1869 1791 1927 peccata,
1837 1871 1892 1912 ut
1922 1876 2050 1912 con-
2079 1838 2121 1892 Β
2155 1869 2268 1906 rttm
2297 1866 2481 1905 vocem
2516 1852 2778 1919 produco,
2823 1858 2879 1901 ut
2918 1848 3195 1901 ostendam
3234 1846 3356 1913 quia
3392 1844 3531 1897 idola
3584 1842 3727 1895 cole-

482 1947 789 2000 ﬁrmaretur
821 1950 1029 2001 docenti
1055 1950 1362 2017 pnedieatio
1399 1951 1507 2011 illa,
1539 1966 1656 2019 qua:
1687 1961 1739 2005 ct
1764 1951 1917 2003 caecis
1952 1966 2048 2003 ex-

482 2039 619 2093 stitit
661 2040 969 2103 manifesta,
1001 2050 1055 2093 ct
1091 2044 1393 2096 videntibus
1430 2044 1713 2112 completa.
1763 2043 2051 2111 Apostolus

482 2134 623 2185 cnim
674 2131 869 2185 Paulus
912 2134 977 2186 ad
1029 2132 1246 2185 Galatas
1299 2134 1542 2187 scribens
1595 2135 1671 2187 ait
1714 2151 1726 2187 :
1768 2132 1902 2199 Quia
1931 2143 2051 2186 ante

482 2223 660 2277 oculos
720 2241 899 2278 eorum
949 2228 1233 2294 descriptus
1276 2236 1347 2279 est
1398 2226 1550 2279 Jesus
1583 2226 1830 2279 .Cltristus
1885 2228 2052 2279 cruci-

482 2316 621 2384 ﬁxus
655 2316 718 2369 “.
754 2316 863 2385 Ego
889 2328 1069 2370 autem
1109 2328 1162 2370 et
1193 2320 1400 2370 audebo
1433 2318 1693 2372 adversus
1730 2334 1818 2372 vos
1850 2319 2048 2382 dicere,

488 2409 610 2476 quia
654 2424 830 2463 seruio
885 2419 1008 2463 ante
1057 2410 1244 2464 oculos
1296 2421 1504 2464 vestros
1552 2411 1808 2463 describit
1868 2408 2050 2465 Jesum

484 2499 767 2554 Christum
799 2502 1157 2555 resurrexisse
1193 2517 1220 2553 a
1253 2503 1498 2555 mortuis.
1546 2500 1680 2567 Quid
1708 2502 1849 2555 enim
1901 2517 2051 2570 quae-

484 2590 602 2646 ris?
641 2608 741 2644 non
777 2593 1019 2647 invenies
1058 2593 1224 2647 solem
1263 2594 1583 2646 clariorem:
1616 2598 1681 2647 ad
1726 2594 2054 2648 satisfactio-

486 2699 608 2737 nem
643 2682 753 2752 (48)
784 2685 1194 2740 resurrectionis
1223 2684 1459 2748 Domini,
1494 2687 1775 2755 gentilium
1807 2687 2053 2754 quotidie

482 2774 818 2828 deficientem
848 2775 1135 2827 culturam.
1163 2773 1562 2828 Proteuduntur
1585 2786 1761 2830 autem
1798 2774 2053 2829 Ecclesia:

484 2863 648 2925 bona,
693 2876 739 2917 et
783 2864 1024 2932 quotidie
1054 2873 1328 2918 crescunt.
1378 2860 1640 2918 Inimicus
1690 2873 1912 2934 ergout
1952 2866 2051 2932 ipsi

484 2964 672 3024 putant
699 2952 846 3023 legis,
879 2954 969 3021 qui
1000 2956 1234 3006 vindicat
1268 2953 1319 3005 in
1369 2954 1626 3008 adversos
1655 2964 1709 3007 et
1733 2957 2057 3009 domesticos

485 3060 634 3107 suos,
687 3044 975 3107 exaltamr,
1017 3044 1165 3096 vivit.
1203 3043 1367 3097 Putas
1411 3054 1502 3096 aut
1552 3060 1655 3097 non
1714 3045 1896 3098 vivens
1946 3046 2058 3098 haec

2153 1944 2282 1996 bant
2331 1944 2381 1995 in
2432 1940 2688 2010 Egypto.
2721 1941 2854 2006 Quia
2912 1940 3053 1994 enim
3102 1948 3359 1991 exeuntes
3390 1939 3452 1993 de
3481 1934 3727 2005 Egypto

2151 2044 2307 2088 erant
2342 2036 2391 2087 iu
2444 2036 2681 2097 deserto,
2713 2044 2764 2085 et
2812 2030 3025 2102 Moyses
3059 2028 3378 2083 ascenderat
3430 2041 3730 2095 apportare

2152 2126 2427 2194 sacrilegis
2458 2125 2648 2194 legem,
2670 2124 3024 2191 quadraginta
3044 2133 3222 2173 autctn
3244 2120 3357 2172 dies
3380 2119 3731 2187 protenderat

2155 2218 2205 2271 in
2231 2229 2409 2270 monte
2436 2215 2647 2285 Moyses
2677 2233 2689 2267 :
2728 2224 2890 2284 caput
2930 2212 3077 2265 vituli
3109 2211 3209 2265 sibi
3242 2211 3563 2272 coollantes,
3618 2209 3730 2261 cla-

2155 2310 2376 2364 mabant
2430 2308 2543 2362 suis
2602 2308 2799 2377 linguis
2855 2308 3143 2359 adversum
3182 2302 3425 2357 50:1in
3482 2302 3559 2354 dii
3613 2302 3729 2368 tui,

2112 2390 2120 2409 ’
2154 2398 2345 2461 Israel,
2371 2398 2459 2469 qui
2489 2398 2772 2451 eduxerunt
2810 2409 2857 2449 te
2908 2397 2970 2448 de
2997 2406 3135 2449 terra
3158 2392 3377 2463 .‘Egypti
3399 2392 3463 2445 “.
3496 2392 3609 2447 lloc
3632 2408 3732 2445 au-

2158 2504 2262 2548 tem
2299 2492 2662 2556 commendat,
2694 2492 2819 2561 quia
2862 2491 2950 2559 qui
2984 2500 3033 2543 et
3088 2491 3138 2542 in
3191 2490 3406 2542 deserto
3444 2489 3732 2541 coluerunt

2156 2584 2297 2638 idola
2330 2584 2589 2637 facientes
2632 2581 2731 2635 sibi
2768 2580 2915 2633 vituli
2942 2590 3123 2646 caput,
3151 2587 3203 2631 et
3229 2578 3367 2645 apud
3392 2575 3717 2645 .Egyptnm.

2156 2674 2350 2730 Dixere
2370 2673 2511 2727 enim
2534 2671 2662 2725 :lsti
2692 2671 2766 2723 dii
2794 2670 2896 2733 tui,
2925 2668 3121 2731 Israel,
3155 2669 3242 2737 qui
3276 2670 3567 2720 eduxerunt
3592 2678 3640 2718 te
3667 2670 3735 2719 de

2156 2780 2297 2821 terra
2330 2764 2568 2835 Aigypti.
2606 2762 2987 2818 Accusantium
3021 2776 3115 2813 vox
3146 2769 3227 2813 est
3261 2760 3383 2828 quia
3420 2758 3734 2812 istiusmodi

2158 2859 2563 2913 venerabantur
2606 2855 2772 2917 idola,
2808 2855 2983 2907 ethos
3008 2851 3256 2907 colebant
3286 2860 3339 2904 et
3382 2850 3431 2903 in
3474 2849 3733 2919 Aigyptn,

2156 2950 2352 3020 quibus
2391 2958 2443 3003 et
2486 2946 2787 3001 reddebant
2819 2944 3056 3014 gratiam
3121 2942 3449 3012 egressionis
3481 2957 3616 2995 sum.
3676 2940 3735 2994 Si

2158 3051 2336 3095 autem
2370 3039 2627 3102 dixerint,
2659 3038 2785 3107 quia
2822 3036 2925 3088 alia
2956 3046 3174 3104 peccata
3208 3034 3493 3087 habuimus
3520 3032 3591 3086 ob
3614 3049 3736 3101 quae

488 3154 609 3206 quae
640 3154 743 3190 non
776 3139 1014 3190 viventes
1059 3147 1303 3205 possunt,
1356 3136 1468 3205 ipse
1517 3136 1809 3204 operatur?
1840 3137 2054 3191 occasio
2080 3176 2122 3233 C
2159 3145 2211 3187 et
2239 3135 2305 3186 ad
2339 3133 2614 3186 desertum
2671 3130 2925 3199 perducta
2962 3144 3147 3182 eorum
3191 3127 3417 3189 civitas,
3463 3135 3516 3179 et
3567 3126 3735 3179 servit

488 3225 687 3280 Julia-is
723 3225 865 3279 nulla
902 3226 1084 3279 relicta
1121 3234 1222 3278 est.
1264 3225 1399 3279 Cum
1450 3227 1591 3279 enim
1649 3227 1868 3291 dicunt,
1926 3229 2049 3296 quia

489 3316 591 3368 alia
625 3327 843 3383 peccata
885 3316 1191 3378 habuimus,
1220 3325 1273 3367 et
1326 3313 1447 3368 ideo
1478 3315 1630 3383 ejeeti
1672 3330 1860 3368 sumus
1890 3330 2049 3369 nunc.

489 3406 728 3461 Primum
787 3418 869 3462 est
912 3408 1077 3472 enim,
1131 3407 1344 3476 quando
1389 3424 1493 3461 non
1549 3411 1790 3475 peccavit
1848 3407 2056 3461 Israel?

487 3500 701 3569 quando
740 3514 844 3552 non
880 3514 971 3551 eos
996 3510 1077 3551 est
1106 3514 1293 3566 passus
1325 3498 1467 3551 Deus
1500 3500 1601 3551 nisi
1638 3513 1780 3551 nunc
1832 3500 2004 3552 solum
2033 3498 2055 3550 ?

488 3590 675 3645 bonne
704 3593 753 3643 in
779 3589 1012 3660 zEgypto
1057 3590 1194 3643 idola
1242 3590 1533 3644 colebant?
1562 3590 1724 3643 Putas
1758 3606 1886 3660 ergo
1922 3590 2052 3658 quia

490 3682 739 3735 colebant
764 3682 900 3733 idola
928 3680 1152 3749 primam
1186 3681 1341 3733 istam
1374 3680 1825 3749 irreligiositatcm
1852 3682 2053 3735 admit-

490 3784 681 3837 tentes,
701 3772 822 3824 ideo
847 3788 948 3823 non
970 3781 1094 3824 sunt
1111 3770 1267 3838 cjecti
1302 3772 1366 3825 de
1386 3768 1621 3840 Egypto
1638 3772 1659 3825 ?
1679 3772 1742 3825 Et
1769 3782 1913 3827 certe
1932 3789 2054 3826 cum

492 3864 674 3919 multis
703 3864 934 3932 signis-et
961 3864 1216 3932 prodigiis
1244 3873 1297 3917 et
1328 3865 1684 3929 mirabilibus,
1714 3880 1833 3918 cum
1866 3881 2057 3933 percu-

491 3968 735 4011 terentur
768 3956 999 4024 Aigyptii
1035 3956 1219 4009 decem
1250 3956 1441 4025 plagis,
1494 3957 1632 4011 liber
1675 3968 1855 4011 autem
1910 3966 2056 4012 esset

488 4047 652 4105 Israel
677 4066 704 4101 a
738 4051 920 4102 decem
954 4047 1124 4116 plagis
1165 4050 1484 4103 cobabitans
1527 4049 1741 4103 iisdem.
1785 4050 1850 4104 Et
1877 4052 2056 4118 operi-

491 4142 589 4195 bus
621 4140 731 4211 (49)
764 4142 976 4209 quidem
1026 4148 1143 4193 erat
1175 4139 1414 4211 Egypti,
1469 4141 1559 4195 Dei
1608 4152 1787 4196 autem
1835 4142 2052 4196 miseri-

491 4235 669 4286 cordia
698 4250 725 4284 a
759 4232 925 4300 plagis
950 4229 1328 4300 rEgyptiorum
1377 4232 1713 4285 habebantur
1762 4234 2051 4289 immunes.

492 4324 549 4379 Si
578 4327 738 4393 igitur
769 4333 986 4392 propter
1014 4322 1314 4375 istiusmodi
1341 4334 1555 4391 peccata
1584 4324 1752 4393 plagae
1776 4333 1928 4389 sunt,
1966 4325 2057 4378 de-

491 4416 717 4471 lituerant
747 4430 798 4467 ιιι
828 4414 1059 4484 [Egypto
1088 4430 1209 4468 cum
1236 4415 1643 4468 adducebantur
1672 4416 1841 4485 plaga:
1873 4417 2060 4469 adver-

2157 3242 2309 3297 gens,
2339 3234 2393 3279 et
2425 3239 2597 3292 neque
2624 3224 2882 3294 propheta
2910 3238 3029 3275 cum
3062 3220 3190 3289 ipsis
3209 3230 3311 3280 est,
3347 3234 3520 3287 neque
3541 3217 3735 3281 altare,

2157 3334 2257 3373 nec
2291 3310 2406 3382 rex,
2446 3333 2545 3370 nec
2578 3317 2871 3380 sacerdos;
2903 3314 3045 3383 quod
3100 3323 3376 3381 peccatum
3423 3310 3602 3377 majus
3652 3319 3735 3365 est

2158 3407 2604 3479 irreligiositate?
2633 3407 2688 3461 Si
2726 3417 2906 3460 autem
2948 3406 3186 3459 colentes
3232 3405 3369 3457 idola
3404 3405 3454 3457 in
3496 3402 3737 3473 Algypto

2160 3503 2414 3555 exierunt
2438 3516 2500 3554 es
2534 3500 2800 3571 Egypto;
2828 3515 2929 3553 non
2950 3509 3064 3550 erat
3085 3497 3291 3550 facilius
3322 3497 3619 3564 irrcligiose
3640 3512 3737 3551 eos

2159 3604 2379 3663 agentes
2403 3593 2539 3661 apud
2572 3590 2832 3651 Iudaeam,
2861 3589 3051 3644 reverti
3089 3590 3139 3641 in
3168 3586 3447 3640 ιῐιιιίευςιιιιῖ
3477 3588 3583 3640 Sed
3614 3587 3735 3641 ausi

2166 3687 2509 3749 suntdicerc,
2543 3684 2664 3752 quia
2696 3683 2815 3735 ideo
2839 3698 2979 3735 nunc
3006 3696 3108 3733 non
3137 3680 3395 3732 habemus
3414 3679 3733 3745 prophetas,

2157 3778 2280 3847 quia
2315 3777 2453 3829 inter
2471 3790 2656 3845 gentes
2686 3774 2857 3844 Sparsi
2880 3774 3139 3825 videmur.
3165 3770 3405 3836 Ubiergo
3422 3772 3567 3823 venit
3592 3770 3736 3838 Moy-

2158 3869 2279 3921 ses?
2297 3881 2470 3919 nonne
2488 3866 2536 3917 in
2557 3864 2814 3934 Aigypto?
2837 3864 2921 3915 tibi
2942 3862 3132 3925 Maria,
3153 3878 3306 3915 soror
3324 3861 3530 3931 Moysi?
3554 3875 3737 3914 uonne

2158 3960 2213 4013 in
2241 3958 2507 4029 :EgypIo?
2546 3958 2633 4011 ubi
2664 3958 2998 4026 septuaginta
3043 3955 3183 4008 duo?
3212 3970 3387 4007 nonne
3426 3955 3478 4005 in
3518 3954 3737 4007 deserto

2157 4049 2436 4120 gentium?
2458 4049 2581 4103 l’ost
2606 4048 2717 4101 haec
2742 4058 2918 4100 autem
2939 4048 3023 4099 ubi
3051 4047 3231 4100 Daniel
3252 4047 3275 4098 ?
3298 4060 3476 4099 nonne
3494 4046 3544 4098 in
3563 4046 3738 4115 Baby-

2158 4141 2337 4195 lonia?
2369 4141 2466 4196 Ubi
2519 4150 2624 4195 tres
2653 4140 2772 4210 ejus
2818 4138 3053 4192 fratres?
3104 4155 3277 4193 nonne
3334 4140 3385 4192 in
3435 4139 3735 4210 Babylonia

2159 4234 2298 4303 apud
2344 4232 2566 4303 gentes?
2601 4230 2701 4287 Ubi
2744 4234 2944 4303 degunt
2985 4234 3073 4303 qui
3123 4233 3412 4302 jejunant?
3461 4248 3646 4285 nonne.
3681 4233 3731 4283 in

2159 4325 2447 4394 gentibus?
2476 4325 2561 4377 ubi
2598 4322 2818 4377 ﬂamma
2859 4324 3124 4393 ignoravit
3147 4342 3297 4378 suam
3325 4322 3613 4377 naturam?
3645 4324 3732 4375 ubi

2158 4417 2451 4471 Zacharias
2500 4416 2795 4484 propheta?
2830 4414 2915 4470 ubi
2973 4417 3203 4485 Angelus
3249 4415 3402 4485 (50)?
3463 4414 3519 4467 Si
3555 4426 3733 4467 autem

493 4526 584 4562 sus
614 4507 913 4576 Egyptios,
946 4506 1057 4559 dari
1089 4516 1139 4559 et
1175 4503 1401 4569 Jtttlteis,
1430 4509 1520 4577 qui
1548 4522 1672 4561 cum
1696 4508 2055 4561 cohabitanti-
2091 4516 2133 4569 ο
2164 4510 2334 4580 prima
2377 4518 2433 4563 et
2468 4509 2641 4561 media
2677 4508 2727 4559 in
2762 4510 3038 4578 gentibus,
3087 4524 3209 4561 cum
3268 4508 3396 4575 ipsis
3423 4518 3582 4560 crant
3616 4524 3733 4575 pro-

496 4601 595 4654 bus
640 4601 774 4651 idola
829 4602 1159 4666 adorabant,
1233 4600 1323 4667 qui
1378 4614 1434 4653 ct
1488 4597 1861 4651 cohabitantes
1906 4599 2063 4652 simul

495 4708 617 4745 cum
645 4692 827 4744 iisdem
860 4694 1171 4760 peccabant.
1227 4691 1282 4744 Si
1320 4700 1501 4743 autem
1540 4689 1678 4743 idola
1709 4691 1922 4758 quidem
1967 4706 2064 4744 co-

495 4783 637 4839 lebat
664 4785 713 4836 in
746 4783 975 4855 Egypto
1006 4785 1194 4848 Israel,
1233 4793 1287 4837 et
1317 4798 1421 4835 non
1457 4782 1629 4835 solum
1680 4798 1782 4834 non
1826 4782 2060 4850 accipie-

494 4873 584 4927 bat
620 4876 819 4945 plagas,
857 4875 1015 4928 etiam
1042 4874 1339 4944 irreligiosa
1371 4888 1586 4943 gerens.
1614 4872 1707 4924 sed
1740 4871 1826 4923 alii
1857 4887 1951 4939 pro
1984 4872 2063 4925 eis

494 4967 726 5033 quamlitt
760 4978 812 5020 et
846 4968 1055 5020 exirent
1087 4966 1210 5031 isti;
1249 4981 1388 5018 nunc
1412 4966 1527 5017 sine
1552 4979 1713 5017 causa
1739 4972 2051 5018 causantur.

495 5059 645 5122 Quod
673 5071 850 5111 autem
890 5058 1028 5111 idola
1057 5056 1305 5109 colebant
1334 5054 1387 5106 in
1414 5051 1647 5123 Egypto
1680 5053 1861 5116 Israel,
1891 5063 2056 5107 testa-

495 5152 583 5197 tur
616 5148 828 5211 quidem
859 5158 912 5198 ct
944 5144 1194 5198 Ezechiel
1256 5148 1517 5211 propheta
1575 5157 1900 5211 comparans
1925 5145 2059 5197 duas

494 5251 678 5291 eorum
710 5239 1052 5308 mezropoles,
1092 5235 1430 5290 Ilierusalem
1489 5236 1606 5287 dico
1645 5244 1696 5286 et
1733 5235 2057 5299 Samariam,

496 5329 703 5383 duabus
734 5331 1143 5393 consororibus,
1179 5338 1234 5382 et
1269 5326 1439 5379 dicit:
1480 5326 1609 5378 Date
1638 5337 1785 5378 erant
1814 5341 2063 5379 consero-

565 5470 611 5501 "
634 5465 751 5522 Gal.
790 5484 868 5533 tu,
903 5468 986 5523 Il.

568 5582 677 5653 (ιε)
716 5583 796 5636 Ad
825 5583 1257 5651 satisfactionem.
1282 5581 1441 5636 Forte
1473 5579 1725 5653 infirmo
1745 5578 2054 5653 foeritdgno-

498 5648 704 5724 Misit,
730 5660 867 5719 quod
892 5648 1153 5721 interpres
1188 5653 1409 5707 verterit
1443 5648 1891 5724 satisfactionem:
1919 5651 2056 5704 sicut

500 5723 523 5781 Ξ
548 5722 665 5775 Pet.
694 5738 775 5787 ιιι,
800 5724 883 5789 15,
915 5726 967 5777 in
992 5724 1199 5789 vulgata
1224 5722 1683 5789 interpretatione.

570 5793 680 5858 (l9)
716 5790 780 5845 Et
808 5797 1062 5848 oneribus.
1083 5788 1299 5848 Sensus
1349 5788 1521 5859 potest
1566 5804 1707 5857 esse,
1753 5788 2054 5843 idololatria

1063 5467 1107 5499 ”
1143 5466 1337 5521 Ezech.
1368 5480 1521 5528 mn,
1556 5465 1610 5517 5.

2166 4600 2360 4667 phetzn.
2422 4596 2489 4651 Et
2518 4608 2668 4651 certe
2703 4598 2842 4666 apud
2879 4596 3226 4666 Babyloniam
3280 4604 3431 4647 extra
3491 4594 3589 4647 bos
3641 4596 3733 4662 qui

2163 4691 2403 4761 praedicti
2434 4699 2593 4758 sunt,
2628 4706 2814 4743 omnes
2838 4689 3009 4743 Judaei
3054 4691 3411 4741 adoraverunt
3434 4688 3727 4754 imaginem

2166 4783 2331 4851 regis,
2363 4792 2546 4837 etnon
2578 4783 2699 4836 ideo
2736 4781 2966 4835 fraudati
3008 4791 3135 4833 sunt
3182 4796 3208 4833 ιι
3248 4779 3546 4848 prophetis.
3598 4781 3734 4843 Qui:

2165 4885 2348 4927 autem
2383 4875 2745 4927 adoraverunt
2804 4874 3117 4941 imaginem,
3160 4872 3507 4923 comminatio
3557 4869 3735 4922 Nabu-

2163 4964 2502 5018 chodonosor
2524 4975 2650 5017 tunc
2674 4963 2816 5017 faeta
2839 4963 3143 5015 adnuntiat.
3175 4962 3311 5015 Dicit
3334 4962 3475 5015 enim
3506 4977 3519 5011 :
3550 4961 3733 5013 Omnis

2163 5057 2371 5122 quinon
2396 5057 2586 5108 cadens
2620 5055 2913 5108 adorarerit
2943 5054 3243 5122 imaginem,
3280 5055 3457 5106 statim
3501 5055 3734 5105 mittetur

2166 5150 2221 5201 in
2272 5148 2536 5205 fornacem
2587 5149 2718 5216 ignis
2771 5148 3005 5201 ardentis
3037 5145 3101 5202 ⁸⁸.
3167 5144 3231 5198 Et
3283 5147 3470 5197 aderat
3519 5147 3729 5212 quidem

2169 5239 2242 5293 iltt
2274 5240 2386 5309 (51)
2423 5240 2598 5294 omnis
2626 5238 2807 5293 Israel.
2851 5238 2984 5291 Tres
3025 5249 3201 5291 autem
3249 5238 3345 5291 soli
3381 5238 3581 5291 inventi
3610 5245 3731 5291 sunt

2170 5332 2260 5400 qui
2294 5347 2398 5387 non
2440 5332 2798 5385 adoraverant
2830 5346 2846 5395 ;
2900 5333 2952 5383 in
2988 5329 3263 5385 fornacem
3297 5330 3447 5384 missi
3480 5340 3629 5393 sunt,
3679 5341 3729 5381 et

1685 5462 1730 5493 “
1754 5460 1865 5516 Jos.
1900 5479 2045 5543 xstv,
2074 5467 2161 5519 Η.
2242 5468 2285 5499 ⁸⁸
2309 5468 2476 5521 Exod.
2511 5483 2680 5531 usit,
2709 5466 2762 5519 4.
2842 5466 2886 5497 ⁸⁸
2911 5467 3039 5519 Dan.
3074 5480 3152 5531 ιιι,
3185 5466 3236 5520 6.

2164 5584 2351 5637 similis
2384 5583 2647 5652 {Egyptiis
2670 5579 2993 5652 eratifsracl.

2237 5654 2347 5722 (50)
2384 5650 2479 5705 Ubi
2504 5650 2750 5721 Angelus.
2777 5650 3092 5706 Mulae/tias.

2382 5722 2490 5776 Illi.
2527 5723 2684 5778 Forte
2712 5724 2840 5779 ilttc.
