3956 6542
249 410 384 466 1097

1292 414 1379 469 DE
1417 414 2015 474 RESURRECTIONE.
2060 451 2124 459 —
2164 418 2293 475 LIB.
2333 418 2397 478 ll.

3342 421 3475 477 1098

246 528 316 580 ab
348 527 471 596 igne
485 525 676 581 salvati
703 534 847 582 sunt.
883 527 1066 583 Daniel
1095 539 1271 585 autem
1307 534 1503 602 regalia
1533 534 1633 589 sibi
1664 550 1808 590 com-
1837 545 1881 601 Α
1911 542 2265 593 constantiam
2298 538 2433 610 (58),
2468 538 2705 609 praecipit
2741 552 2861 594 eum
2889 538 3087 597 induci.
3124 538 3236 596 Non
3267 553 3472 612 oportco

248 623 413 675 missa
437 636 543 676 non
577 622 766 676 aderat
799 637 1056 691 praesens.
1093 624 1149 680 Si
1180 626 1321 680 enim
1363 626 1645 692 adfuisset,
1668 643 1808 682 nun-

246 725 410 778 quam
453 726 480 764 a
504 713 766 781 quadriga
795 715 965 768 bonus
991 716 1339 769 remansisset
1369 731 1561 787 equus.
1607 718 1682 772 Ita
1715 734 1811 772 au-

248 812 357 855 tem
402 818 501 856 nec
544 802 833 858 derelictus
858 813 943 858 est
990 805 1169 861 Daniel
1217 806 1287 861 ob
1336 806 1810 863 comminationem

247 890 385 960 ignis
406 906 436 944 a
470 892 726 947 fratribus
754 893 869 948 suis
895 904 949 947 et
970 893 1185 949 illorum
1206 896 1465 967 martyrio
1503 911 1514 946 :
1551 900 1675 967 quia
1704 898 1810 952 fra-

242 991 355 1036 tres
390 983 607 1052 quidem
642 984 763 1054 ejus
802 986 853 1038 itt
908 986 1141 1039 medium
1178 987 1463 1057 producti,
1518 989 1571 1043 in
1627 998 1812 1059 aperto

242 1071 565 1141 martyrium
602 1082 919 1141 posuerunt,
967 1083 1021 1128 et
1069 1077 1213 1143 passi
1264 1087 1390 1131 sunt
1434 1087 1490 1132 et
1541 1079 1754 1135 liberati
1793 1097 1806 1133 :

242 1160 435 1216 Daniel
461 1173 641 1215 autem
700 1173 819 1234 post
851 1165 964 1219 haec
997 1176 1267 1237 praecepto
1315 1169 1612 1225 exsistente
1670 1173 1811 1241 regis

242 1252 451 1307 nullutn
482 1253 680 1308 debere
716 1270 890 1325 neque
930 1256 1095 1310 alium
1123 1258 1351 1315 adorare
1382 1261 1582 1326 Deum,
1638 1277 1812 1333 neque

240 1360 454 1415 regem,
504 1347 608 1401 nisi
665 1347 836 1402 solum
874 1365 1079 1419 regem,
1110 1361 1164 1405 et
1212 1367 1370 1423 quem
1397 1354 1592 1423 putas?
1620 1354 1813 1411 Persa-

243 1454 363 1492 rum
399 1456 414 1493 :
457 1440 569 1509 ipse
598 1449 776 1494 autem
808 1441 1112 1511 ingrediens
1151 1443 1369 1498 domum
1404 1459 1581 1513 suam,
1611 1456 1809 1503 etcum

236 1539 423 1601 posset
450 1529 619 1586 latere
647 1542 701 1585 et
733 1533 942 1586 occulte
976 1534 1201 1602 adorare
1231 1536 1417 1599 Deum,
1450 1537 1623 1606 palam
1672 1539 1810 1593 ado-

240 1635 371 1675 rans
400 1637 503 1675 non
533 1623 748 1693 negavit
782 1624 1119 1694 religionem,
1153 1627 1245 1683 sed
1276 1628 1462 1682 maluit
1490 1632 1660 1702 magis
1686 1647 1808 1687 esca

239 1712 357 1766 dari
395 1712 657 1778 leonibus,
689 1729 851 1784 quam
888 1716 1125 1771 fraudari
1169 1733 1227 1773 se
1266 1721 1334 1774 ab
1377 1722 1694 1778 adorauone
1730 1725 1811 1778 vi-

240 1803 425 1857 ventis
452 1804 564 1857 Dei.
589 1803 708 1858 Noli
745 1806 887 1859 enim
921 1822 1183 1877 quaerere,
1216 1810 1260 1865 si
1307 1810 1495 1867 Daniel
1527 1829 1633 1868 non
1664 1823 1745 1885 est
1777 1833 1805 1870 a

1913 627 2002 682 hat
2032 628 2177 682 enim
2220 628 2503 682 Dominum
2549 627 2730 684 Jesum
2773 632 2888 684 sine
2937 634 3143 685 victore
3194 632 3469 687 recedere.

1914 713 2260 769 Introducens
2282 728 2457 770 autem
2493 731 2613 771 eum
2644 758 2660 781 ,
2694 717 2873 773 omnia
2907 726 3175 774 tormenta
3206 720 3474 787 movebat,

1910 812 1965 857 et
1996 812 2140 858 tanta
2167 805 2256 859 uni
2291 806 2547 871 vincenti,
2580 819 2779 876 quanta
2818 810 3069 865 omnibus
3099 811 3181 864 his
3214 811 3305 881 qui
3359 809 3475 863 fue-

1915 906 2037 948 rant
2062 905 2325 964 superatt.
2356 895 2700 952 Contendens
2722 900 2862 953 enim
2887 917 2953 956 ne
2975 900 3273 955 solveretur
3301 901 3473 954 victo-

1914 986 1990 1039 ria
2018 1001 2111 1040 sua
2145 1002 2241 1055 per
2266 986 2424 1042 unius
2453 988 2607 1043 istius
2631 989 2935 1055 victoriam,
2960 1000 3015 1046 et
3049 1000 3303 1061 reputans
3330 990 3471 1059 apud

1910 1090 1989 1139 se,
2023 1076 2145 1145 quia
2176 1086 2231 1131 et
2268 1076 2322 1130 in
2366 1077 2557 1133 stadiis
2591 1078 2711 1132 finis
2738 1081 3069 1134 currentium
3093 1080 3373 1150 quaeritur,
3421 1089 3473 1133 et

1910 1168 2034 1235 quia
2063 1168 2106 1221 si
2140 1167 2240 1222 iste
2268 1166 2480 1234 vicerit,
2530 1182 2625 1222 nec
2658 1178 2716 1223 ut
2761 1168 2885 1224 victi
2916 1179 3075 1223 erunt
3115 1170 3205 1239 qui
3259 1169 3473 1224 fuerant

1913 1260 2186 1326 superati;
2238 1261 2494 1315 universa
2532 1263 2580 1317 ei
2635 1261 2913 1317 admoveri
2972 1271 3237 1316 tormenta
3295 1262 3468 1332 jubet.

1914 1352 2108 1407 Valens
2134 1354 2279 1407 enim
2309 1351 2525 1409 flectere
2562 1353 2836 1423 juvenem,
2880 1364 2933 1409 et
2964 1353 3133 1410 oculis
3166 1356 3470 1426 torquebat,

1909 1449 1966 1498 'et
1986 1443 2233 1504 dentibus
2258 1445 2581 1512 minabatur,
2607 1455 2662 1501 et
2686 1446 2936 1501 manibus
2963 1446 3323 1516 torquentium
3351 1464 3476 1504 suas

1911 1537 2260 1607 protendebat
2299 1552 2509 1601 manus,
2554 1546 2607 1591 et
2646 1540 2713 1593 ab
2752 1538 2866 1608 ipsa
2906 1541 2985 1593 ira
3032 1540 3192 1594 etiam
3234 1540 3301 1595 de
3350 1540 3477 1596 sede

1912 1623 2226 1677 movebatur
2255 1638 2371 1678 sua.
2423 1622 2556 1679 Cum
2600 1632 2781 1680 autem
2828 1624 3183 1697 fatigarentur
3211 1636 3470 1698 torquen-

1914 1722 2013 1777 tes,
2047 1724 2101 1768 et
2126 1729 2228 1768 non
2256 1716 2475 1789 cederet
2496 1716 2585 1784 qui
2622 1717 2992 1787 torquebatur,
3022 1727 3183 1789 atque
3224 1721 3474 1777 obtusutn

1912 1811 1966 1856 et
1992 1801 2257 1858 deﬂexum
2275 1786 2471 1861 fuisset
2497 1786 2735 1869 ferrum,
2753 1820 2857 1860 non
2888 1816 2969 1861 est
2997 1786 3167 1862 hex‘us
3197 1809 3286 1878 qui
3322 1812 3478 1865 rade-

240 1894 486 1951 leonibus
507 1907 775 1951 comestus
791 1914 806 1953 :
821 1899 913 1953 sed
932 1899 1055 1969 quia
1077 1902 1351 1970 preposuit
1367 1917 1425 1955 se
1441 1906 1649 1960 comedi
1670 1882 1803 1977 (52),

1915 1894 2085 1949 batur.
2133 1895 2268 1951 Cum
2326 1896 2436 1966 jam
2493 1896 2635 1973 nulla
2694 1898 3003 1953 adinventio
3083 1909 3473 1956 tormentorum

240 1988 346 2042 hoc
373 1988 616 2043 adverte.
643 1987 751 2044 Nec
784 1992 907 2059 quia
947 2007 1053 2046 non
1084 1995 1423 2063 consumpsit
1456 1992 1669 2050 ﬂamma
1699 2006 1807 2052 tres

241 2081 363 2134 illos
400 2096 596 2150 pueros
629 2080 819 2136 missos
854 2082 907 2136 in
934 2082 1201 2138 fornacem
1234 2084 1370 2154 ignis
1398 2086 1635 2142 ardentis
1656 2127 1671 2152 ,
1713 2090 1807 2143 sed

237 2172 366 2239 quia
392 2172 488 2240 ipsi
524 2172 825 2227 holocausti
853 2172 981 2228 facti
1012 2183 1138 2228 sunt
1168 2173 1283 2246 (53)
1314 2186 1571 2245 quantum
1602 2179 1669 2233 ad
1698 2180 1811 2234 ala-

239 2264 489 2317 critatem
513 2278 685 2319 suam.
711 2263 823 2319 Non
850 2267 992 2320 enim
1027 2267 1095 2322 ab
1122 2268 1268 2322 exitu
1294 2267 1555 2337 judicium
1585 2278 1686 2337 est,
1715 2273 1809 2327 sed

239 2355 313 2410 ab
343 2353 622 2410 alacritate
634 2371 865 2411 corontr.
886 2357 993 2427 Ego
1012 2370 1187 2414 autem
1211 2360 1349 2426 dico,
1364 2362 1454 2432 qui
1481 2362 1601 2419 ideo
1616 2364 1809 2420 salvati

236 2456 370 2502 sunt
418 2456 565 2512 tunc,
620 2458 675 2502 et
724 2447 906 2503 Daniel
955 2464 985 2503 a
1036 2449 1300 2518 leonibus,
1345 2463 1399 2506 et
1432 2461 1542 2508 tres
1588 2456 1735 2524 pueri
1781 2472 1808 2509 a

238 2536 458 2590 flamma
514 2537 656 2607 ignis
702 2538 983 2606 ardentis;
1046 2554 1150 2594 non
1210 2552 1430 2609 propter
1480 2543 1810 2599 alacritatem

239 2642 433 2682 eorum
460 2629 549 2697 qui
586 2628 778 2683 salvati
824 2638 968 2693 sunt,
1030 2631 1124 2685 sed
1173 2643 1396 2702 pmptcr
1440 2633 1810 2691 infirmitatem

242 2719 463 2773 illorum
500 2719 589 2787 qui
621 2722 986 2774 adoraverunt
1041 2722 1351 2793 imaginem.
1393 2722 1459 2779 Ut
1511 2726 1653 2780 enim
1706 2743 1811 2782 non

238 2811 485 2864 dicerent
513 2811 602 2878 qui
645 2811 1025 2879 adoraverunt,
1064 2813 1203 2881 Quid
1234 2814 1433 2885 profuit
1462 2816 1540 2872 eis
1565 2818 1654 2888 qui
1705 2835 1812 2874 non

236 2902 648 2957 adorat/erant?
676 2920 742 2957 ne
769 2906 835 2956 ab
867 2905 1015 2958 exitu
1075 2906 1307 2961 incendii
1340 2923 1529 2964 eorum
1583 2912 1671 2981 qui
1702 2928 1812 2967 non

238 2992 625 3058 adoraverunt,
667 2992 1095 3048 satisfactionem
1141 2995 1253 3067 (54)
1283 2998 1382 3053 sibi
1432 3001 1815 3071 conquirerent

240 3082 547 3151 irreligiosa
571 3094 809 3155 agentes,
849 3086 967 3140 ideo
998 3088 1186 3142 salvati
1224 3100 1346 3144 sunt
1369 3092 1459 3161 qui
1491 3107 1594 3146 non
1619 3094 1815 3148 adora-

1910 1982 2096 2040 fu‘tsset
2113 1986 2384 2049 derelicta,
2399 1989 2621 2056 cupiens
2636 1990 2992 2045 constantiam
3011 2005 3168 2047 suam
3195 1992 3479 2048 ostendere

1909 2075 2116 2130 Domini
2132 2077 2303 2141 miles,
2323 2077 2517 2132 emittit
2534 2084 2716 2135 vocem
2730 2080 2912 2135 dicens
2930 2097 2944 2135 :
2964 2081 3212 2151 Curiam,
3234 2092 3478 2156 tyranne,

1911 2182 2015 2224 non
2039 2166 2255 2224 088838?
2276 2169 2561 2226 confessus
2587 2185 2704 2225 sum
2733 2185 2828 2242 per
2849 2186 2911 2228 08
2944 2187 3126 2228 verum
3149 2189 3268 2229 esse
3298 2190 3478 2245 regem

1908 2259 2209 2317 Christum.
2241 2259 2417 2316 Judex
2442 2272 2622 2318 autem
2648 2262 2901 2333 injuriam
2936 2264 2988 2318 in
3025 2266 3364 2336 tyrannidem
3398 2267 3479 2322 di-

1910 2363 2052 2409 ctam
2089 2368 2195 2408 non
2241 2352 2531 2422 suffercns,
2587 2356 2820 2412 convicit
2850 2358 3066 2426 quidem
3113 2373 3192 2423 se,
3230 2368 3283 2413 et
3331 2374 3480 2413 com-

1912 2446 2183 2501 meudavit
2215 2458 2506 2517 martyrem
2537 2446 2736 2503 Christi
2768 2465 2782 2502 :
2814 2452 2939 2520 quia
2969 2450 3088 2504 ideo
3117 2451 3228 2505 haec
3254 2466 3349 2521 pro
3387 2466 3481 2506 ve-

1912 2553 1974 2592 ro
2010 2552 2135 2607 rege
2164 2538 2385 2607 patitur,
2411 2540 2499 2608 qui
2544 2540 2616 2594 ita
2650 2540 2715 2595 de
2748 2544 2958 2596 mortali
2991 2558 3154 2597 ausus
3191 2554 3272 2598 est
3308 2543 3474 2614 loqui.

1912 2626 2203 2696 Propterea
2238 2628 2393 2696 jubet
2439 2643 2560 2684 eunt
2606 2630 2713 2699 igni
2751 2632 2927 2696 tradi,
2964 2649 3217 2688 coronam
3266 2638 3481 2690 coronis

1912 2719 2262 2789 conjungens.
2309 2721 2374 2776 Et
2422 2723 2543 2777 ideo
2590 2724 2698 2779 cito
2747 2722 3080 2779 efﬁciebatur
3128 2738 3479 2797 pracepttttu.

1915 2812 2244 2883 Ejiciebatur
2267 2813 2410 2867 enim
2447 2812 2723 2870 Romanus
2760 2814 2912 2871 laetus
2939 2826 2995 2870 et
3027 2826 3312 2872 coronatus
3351 2833 3478 2872 san-

1914 2903 2095 2974 guine,
2134 2902 2360 2972 insignia
2398 2903 2453 2958 in
2486 2903 2745 2959 lateribus
2778 2906 2983 2960 habens
3009 2923 3126 2976 quac
3176 2922 3274 2976 pro
3340 2909 3481 2961 reri-

1918 3004 2027 3048 tate
2056 2994 2233 3049 fuerat
2265 3008 2459 3063 passus
2492 3008 2506 3046 :
2545 3004 2766 3064 portans
2804 2995 3000 3064 quippe
3038 3004 3092 3049 et
3143 2996 3195 3050 in
3238 2996 3478 3052 humeris

1914 3098 2129 3140 crucem
2160 3124 2175 3149 ,
2217 3094 2271 3140 et
2318 3085 2374 3139 in
2430 3082 2608 3140 fronte
2660 3085 2873 3154 signum
2914 3084 3112 3156 regale.
3143 3084 3277 3141 Cum
3302 3095 3479 3140 autem

238 3186 461 3237 verunt.
508 3182 567 3230 ut
603 3192 709 3230 non
757 3189 1135 3243 permanerent
1174 3182 1371 3235 mortui
1406 3184 1496 3253 qui
1557 3185 1812 3239 adorave-
1839 3212 1882 3271 ο
1915 3177 2282 3230 adunarentur
2326 3186 2601 3231 sarmenta
2647 3186 2701 3232 et
2737 3190 2961 3241 cannae,
3021 3176 3088 3231 ad
3142 3175 3478 3231 velocitatem

238 3275 391 3321 rnnt.
427 3266 547 3335 Ipse
578 3267 693 3337 (55)
722 3269 865 3322 enim
908 3267 1048 3324 Deus
1071 3282 1155 3326 est
1190 3272 1373 3327 Daniel
1420 3284 1474 3329 et
1503 3276 1692 3330 horum
1722 3276 1813 3345 qui

234 3360 299 3412 in
355 3360 633 3430 martyriis
684 3371 1078 3416 consumuntur
1120 3381 1149 3416 a
1207 3363 1355 3419 feris.
1398 3365 1503 3421 Sed
1545 3383 1648 3421 nun
1704 3368 1818 3438 ipse

240 3449 473 3519 populus
508 3465 524 3503 :
554 3451 622 3504 ab
646 3450 940 3506 incredibili
982 3452 1095 3524 (56)
1123 3455 1265 3508 enim
1310 3457 1505 3526 p0pu|o
1534 3456 1817 3512 salvahau-

240 3552 335 3597 tur
362 3544 452 3612 qui
483 3541 641 3598 ﬁdem
670 3543 1091 3612 confitebantur,
1130 3557 1187 3601 ut
1209 3562 1316 3603 non
1341 3549 1687 3606 incredulitas
1723 3566 1821 3621 po-

239 3635 353 3706 puli
380 3644 702 3704 angeretur:
740 3650 767 3686 a
796 3634 932 3688 fideli
956 3646 1134 3690 autem
1165 3637 1336 3706 plebe,
1363 3649 1421 3693 ut
1444 3651 1651 3695 crescat
1688 3642 1818 3696 lides

243 3730 301 3781 in
342 3726 606 3796 sanguine
638 3737 972 3793 sanctorum,
1006 3728 1207 3783 veritas
1237 3730 1484 3785 ﬁrmatur
1509 3732 1807 3802 Evangelii.

239 3818 516 3872 Habemus
546 3827 727 3872 autem
758 3826 812 3871 et
842 3833 958 3885 nos,
983 3818 1107 3887 quia
1147 3829 1200 3875 et
1226 3820 1487 3876 mirabilia
1524 3824 1663 3878 facta
1695 3836 1820 3880 sunt

241 3911 298 3961 in
328 3906 711 3976 languentibus
755 3907 910 3962 locis.
955 3909 1180 3975 Quidam
1211 3911 1355 3965 enim
1391 3928 1421 3965 a
1459 3912 1589 3967 feris
1623 3916 1816 3970 salvati

238 4006 395 4061 sunt,
421 3998 545 4067 quia
571 3997 893 4067 languebant
917 3998 1028 4052 loca
1064 3999 1115 4052 in
1144 4000 1340 4068 quibus
1371 4011 1425 4054 et
1448 4004 1628 4070 passio
1676 4020 1820 4059 mar-

240 4099 424 4160 tyrum
450 4089 757 4158 agitabatur
787 4106 801 4141 :
837 4089 925 4141 alii
954 4092 1021 4141 ab
1051 4090 1171 4161 igne
1200 4092 1410 4146 liberati
1434 4104 1579 4147 sunt.
1617 4094 1673 4149 Si
1696 4097 1818 4163 quis

242 4192 427 4235 autem
461 4196 565 4233 non
601 4182 794 4243 credit,
837 4191 892 4236 et
916 4183 1179 4237 rationem
1203 4185 1481 4254 exposcit;
1515 4186 1645 4240 nihil
1690 4202 1815 4257 pro-

240 4269 398 4325 hibet
425 4270 657 4340 religiosi
684 4273 838 4327 unius
871 4275 1184 4329 memoriam
1210 4290 1306 4331 nos
1340 4286 1598 4346 repetere.
1624 4287 1677 4332 et
1694 4293 1819 4346 pro-

239 4366 392 4419 ferre
428 4365 479 4417 in
510 4364 766 4417 medium.
810 4365 863 4418 ln
907 4365 1368 4421 Autiochenorum
1414 4368 1504 4423 illa
1539 4369 1673 4425 urbe
1705 4369 1817 4425 Ro-

242 4469 443 4509 manus
466 4455 680 4523 quidam
706 4455 911 4509 exstitit
936 4466 1159 4526 martyr.
1183 4455 1289 4511 Iste
1316 4459 1629 4526 peregrinus
1656 4460 1820 4513 adve-

1915 3278 2096 3335 utpote
2142 3265 2408 3332 ﬂammat,
2460 3268 2543 3322 vel
2594 3268 2736 3337 quod
2786 3268 2894 3339 igni
2951 3278 3073 3337 apta
3126 3266 3380 3322 videntur
3416 3269 3482 3320 ad

1918 3354 2304 3419 incensionem,
2348 3354 2721 3425 imponebatur
2746 3366 2924 3410 autem
2966 3356 3151 3411 vivens
3186 3355 3483 3410 immolatio

1917 3447 1970 3502 in
2018 3448 2142 3515 igne
2191 3447 2324 3519 (59).
2372 3447 2496 3503 Haec
2547 3462 2668 3503 cum
2707 3448 2776 3502 ita
2810 3459 3117 3519 agerentur,
3173 3461 3279 3501 non
3328 3446 3484 3516 longe

1918 3547 2093 3592 autem
2144 3540 2355 3593 abesset
2402 3538 2614 3603 civitas,
2670 3548 2728 3592 ut
2762 3546 3050 3593 testaretur
3106 3536 3367 3594 veritati:
3425 3544 3482 3591 et

1918 3630 2054 3684 forte
2114 3631 2238 3699 quia
2294 3630 2511 3700 quidam
2575 3630 2639 3685 de
2688 3629 2888 3685 Iudaeis
2922 3616 3031 3684 aut
3089 3629 3180 3684 alii
3235 3631 3481 3684 homines

1917 3723 2186 3788 dicebant,
2228 3724 2318 3779 ubi
2357 3732 2441 3779 est
2470 3723 2661 3778 horum
2712 3722 2885 3778 Deus?
2923 3723 3062 3778 forte
3099 3720 3482 3793 proferentium

1920 3811 2227 3867 Judzeorum
2264 3824 2374 3867 tres
2413 3827 2629 3883 pueros,
2660 3822 2715 3868 et
2744 3814 3061 3877 dicentium,
3098 3812 3221 3881 quia
3256 3811 3357 3867 sub
3390 3828 3486 3865 nos

1918 3903 2265 3957 salvabantur
2296 3919 2324 3957 a
2366 3903 2580 3958 flamma
2620 3903 2858 3959 fornacis
2886 3903 3151 3966 ardentis,
3190 3903 3279 3957 isti
3308 3912 3485 3956 autem

1918 3997 2147 4049 ardent:
2178 3996 2326 4065 atqui
2351 3996 2474 4051 cceli
2508 3996 2659 4064 jubet
2687 3996 2950 4051 Dominus
2982 3996 3211 4052 nubibus
3236 3997 3485 4052 coronari

1916 4085 2135 4141 ccelum.
2176 4087 2486 4156 Adimpleus
2534 4097 2712 4142 autem
2763 4087 2915 4141 sinus
2960 4088 3180 4141 nubium
3222 4089 3484 4158 grandine

1919 4190 1974 4232 et
2012 4178 2186 4232 imbre
2233 4179 2519 4232 admodum
2561 4179 2888 4243 vehementi,
2942 4188 2997 4232 et
3052 4179 3257 4234 addens
3296 4189 3485 4234 ventos

1921 4270 1988 4325 ad
2044 4270 2282 4325 velocem
2335 4268 2682 4325 emissionem
2733 4285 2920 4325 eorum
2968 4287 2981 4324 :
3040 4284 3211 4338 neque
3267 4274 3485 4325 accendt

1921 4361 2190 4416 flammam
2216 4363 2499 4432 permittit,
2536 4363 2997 4418 vehementiorem
3021 4363 3316 4418 ostendens
3350 4363 3487 4417 hanc

1926 4457 2198 4521 virtutem,
2252 4472 2415 4527 quam
2477 4457 2617 4526 apud
2669 4455 3032 4526 Babyloniam.
3089 4454 3199 4509 Illic
3258 4455 3401 4509 enim
3458 4470 3487 4509 e

240 4554 405 4601 nerat
434 4544 542 4598 illo.
579 4545 710 4598 Cum
750 4553 927 4599 autem
946 4544 1136 4615 jactari
1176 4563 1205 4599 a
1241 4548 1647 4616 tempestatibus
1676 4548 1817 4602 illam
1851 4553 1895 4609 ι)
1923 4545 2136 4601 flamma
2176 4555 2287 4603 tres
2324 4562 2519 4618 pueros
2555 4546 2807 4601 liberavit
2836 4559 2852 4599 :
2889 4546 3010 4603 istic
3042 4556 3222 4599 autem
3266 4560 3331 4599 ne
3367 4546 3488 4614 qui-

241 4646 380 4690 tnnc
412 4636 615 4689 videret
642 4636 914 4690 civitatem
970 4636 1272 4709 (invenerat
1297 4640 1438 4693 enim
1467 4639 1580 4709 jam
1622 4640 1819 4694 multos

241 4728 449 4783 milites
481 4729 744 4784 cecidisse
796 4732 1110 4803 Ecclesiae),
1153 4749 1259 4789 non
1314 4744 1398 4789 est
1445 4750 1636 4804 passus
1688 4738 1819 4791 dare

237 4820 463 4874 diabolo
491 4829 548 4874 ut
570 4822 865 4879 exsultaret
900 4841 914 4877 :
944 4828 1038 4880 sed
1077 4826 1441 4881 exsultantem
1470 4829 1706 4897 judicem
1750 4831 1818 4883 de

238 4912 333 4966 his
364 4912 454 4982 qui
480 4911 697 4967 fuerant
719 4917 957 4983 superati
985 4917 1320 4987 aggreditur,
1349 4918 1455 4970 vim
1488 4916 1696 4972 faciens
1725 4933 1813 4971 re-

238 5019 352 5074 gno
379 5018 503 5058 vero
536 5014 685 5073 rapto
708 5005 820 5075 (57)
864 5023 878 5060 :
927 5018 982 5063 et
1007 5010 1134 5063 dicit
1168 5026 1180 5062 :
1211 5006 1323 5063 Non
1367 5009 1586 5064 recedes
1638 5009 1815 5063 laetus.

241 5094 427 5151 Habet
458 5096 601 5150 enim
636 5095 779 5151 Deus
808 5100 1007 5155 milites
1040 5103 1131 5170 qui
1165 5101 1407 5170 superari
1433 5116 1537 5154 non
1569 5111 1815 5169 possunt.

238 5185 419 5239 Judex
446 5195 625 5239 autem
653 5186 835 5241 ebrius
870 5188 922 5242 in
979 5192 1203 5243 victoria
1251 5204 1438 5244 eorum
1484 5192 1574 5259 qui
1609 5190 1822 5244 fuerant

241 5279 509 5348 superati,
544 5291 610 5331 ex
664 5277 874 5333 illorum
906 5280 1277 5337 imbecillitate
1330 5281 1606 5337 testimans
1647 5284 1820 5337 sancti

316 5431 434 5503 (52)
466 5429 742 5500 Proposuit
766 5449 818 5486 se
840 5434 1060 5487 comedi.
1089 5433 1292 5503 Sponte
1335 5449 1393 5491 se
1419 5434 1613 5489 obtulit
1646 5433 1816 5489 leoni-

242 5504 348 5558 bus
373 5505 691 5555 vorandum.

319 5570 432 5643 (55)
486 5569 794 5623 Holocausti
825 5571 971 5637 facti.
1015 5572 1364 5628 ὐλοκαυστοῑ
1401 5575 1452 5629 id
1480 5585 1564 5629 est
1607 5574 1819 5643 penitus

242 5643 574 5723 consumpti,
596 5651 649 5695 et
671 5644 979 5695 holocausta
1002 5643 1149 5707 facti,
1180 5646 1223 5697 si
1241 5658 1453 5714 spectes
1476 5646 1686 5699 illorum
1706 5645 1821 5697 ala-

244 5722 899 5852 σῖἒεὶῐιὲίιτὶείαειὶοηεηι.
931 5781 1245 5851 Ἀπολογίαν
1269 5800 1425 5851 supra
1454 5786 1553 5839 col.
1580 5783 1731 5840 1095.
1754 5782 1815 5839 Β.

474 5856 610 5920 Ipse.
636 5851 740 5903 l’ro
769 5854 921 5904 idem.

570 5948 823 6010 Parnm.
870 5949 1233 6012 ϐινηΧΧΙν.

1924 4640 2044 4693 dem
2093 4640 2311 4694 accendi
2354 4638 2582 4693 flamma:
2624 4653 2944 4693 concessum
2991 4648 3095 4692 est.
3148 4636 3232 4691 Fit
3283 4636 3487 4691 turbela

1925 4746 2030 4785 non
2063 4729 2197 4784 levis
2235 4747 2248 4784 :
2302 4731 2617 4784 nuntiantur
2652 4729 2764 4801 (60)
2803 4739 3035 4802 tyranno
3082 4730 3207 4799 quia
3253 4739 3488 4796 martyre

1924 4821 2124 4877 tradito
2156 4823 2263 4893 igni
2291 4821 2487 4877 ctelum
2520 4823 2854 4892 indignatum
2885 4832 2988 4889 est,
3025 4832 3079 4875 et
3100 4821 3224 4892 quia
3251 4820 3487 4875 cmlestis

1923 4930 2017 4969 rex
2046 4929 2172 4968 snos
2201 4915 2293 4984 qui
2330 4914 2383 4968 in
2431 4924 2572 4969 terra
2615 4914 2884 4969 habentur
2909 4914 3171 4969 defendit.
3207 4911 3331 4965 llaec
3359 4925 3482 4964 cum

1921 5005 2160 5061 audisset
2187 5017 2468 5075 tyrannus,
2489 5017 2541 5058 et
2565 5021 2689 5059 cum
2717 5006 2872 5060 valde
2898 5005 3150 5073 injuriam
3176 5002 3488 5058 defenderet

1922 5109 2075 5150 suam
2101 5094 2297 5150 factam
2327 5110 2421 5166 per
2447 5097 2709 5166 linguam,
2739 5098 2893 5166 jubet
2914 5096 3081 5165 jadici
3114 5093 3226 5162 jam
3258 5108 3361 5146 non
3393 5093 3486 5147 de-

1923 5190 2053 5244 bere
2077 5189 2285 5258 jurgari
2311 5202 2432 5244 eum
2465 5191 2533 5244 ad
2557 5189 2749 5248 Deum.
2778 5192 2871 5244 sed
2903 5190 3064 5242 istum
3093 5202 3249 5249 quem
3286 5184 3483 5239 libera—

1928 5284 2004 5337 vit
2043 5283 2182 5337 Deus
2214 5282 2412 5337 dimitti
2452 5283 2669 5338 debere.
2717 5282 2783 5335 Et
2831 5290 3009 5335 noster
3049 5281 3213 5345 igitur
3242 5276 3485 5331 Ananias

2007 5434 2099 5506 56)
2130 5434 2457 5506 Incredibili.
2482 5433 2586 5488 Pro
2618 5433 2904 5506 incredula.

2010 5501 2099 5577 57)
2137 5505 2308 5577 Regna
2336 5521 2451 5558 vero
2484 5514 2654 5577 rapto.
2699 5503 2852 5570 Quod
2884 5502 3097 5555 violenti
3138 5501 3374 5571 rapiunt,
3431 5511 3487 5555 ut

1918 5573 2118 5633 dicitur
2140 5573 2327 5629 Matth.
2369 5590 2445 5638 XI,
2494 5573 2575 5625 l2.

1987 5646 2098 5713 (58)
2134 5645 2231 5700 Ms.
2265 5642 2560 5699 {Estimans
2587 5640 2737 5713 fortis
2757 5642 3129 5699 constantiam.

1988 5711 2099 5787 (59)
2133 5715 2235 5787 his.
2272 5714 2639 5787 [inponebatur
2663 5712 2831 5766 vivens
2860 5713 3154 5787 immolatio
3184 5711 3236 5766 in
3268 5712 3406 5782 igne.

1988 5781 2102 5859 (60)
2145 5784 2497 5841 Nuntiautur.
2538 5781 2699 5839 Forte
2734 5786 3027 5839 nuntiatur.

3093 5945 3167 6003 32$
