3956 6522
514 382 652 438 1099

1220 377 1487 435 EUSEBII
1526 374 1997 437 CESARIENSIS
2034 375 2180 431 OPP.
2220 376 2402 431 PARS
2436 376 2523 432 IV.
2564 408 2630 415 —
2670 377 3083 436 DOGMATICA.

3600 381 3738 437 1100

512 498 657 559 velut
688 513 753 552 ex
795 495 915 567 igne
941 494 1246 550 dimittitur.
1275 493 1446 549 Judex
1470 507 1646 571 autem
1672 496 1953 549 blandiens
1984 504 2065 564 ty-
2101 501 2144 554 Α
2174 496 2334 549 senti.
2378 495 2573 550 lterum
2621 496 2710 563 qui
2761 496 3023 550 inciderat
3067 497 3330 561 medicus,
3385 499 3739 553 constituitur

516 604 705 652 ranno,
755 587 972 655 iniquus
1017 586 1296 641 voluntate
1349 598 1402 641 et
1450 574 1747 656 prOposito,
1795 586 1913 641 sine
1967 585 2073 639 Deo

514 678 733 748 degens,
759 678 982 747 cupiens
1016 677 1148 732 nihil
1186 677 1376 732 deesse
1413 678 1801 732 blandimentis
1824 679 1956 741 suis,
1992 677 2076 730 in-

512 770 658 824 venit
683 768 865 823 nescio
895 768 1021 837 quid
1057 783 1251 821 novum
1280 768 1543 822 adversus
1565 777 1837 831 sanctum,
1871 768 2075 821 addens

510 860 923 915 admirationem
980 859 1448 913 admiratiouibns.
1505 857 1642 926 Quid
1705 859 1848 913 enim
1906 857 2076 912 facit?

512 952 753 1021 praecipit
785 951 1021 1020 linguam
1061 965 1164 1017 qua
1206 950 1382 1004 fuerat
1430 949 1638 1005 locutus
1674 952 1725 1004 in
1768 950 2065 1016 hominem,

510 1059 576 1098 eo
608 1045 749 1110 quod
793 1056 895 1096 non
955 1051 1245 1112 negaverat
1293 1042 1481 1107 Deum,
1524 1042 1705 1096 incidi.
1748 1039 1813 1094 Et
1853 1041 2072 1110 quidam

513 1133 756 1189 medicus
789 1135 877 1202 qui
908 1134 1019 1203 jam
1067 1142 1251 1187 ruerat
1290 1148 1393 1186 non
1441 1133 1718 1202 proposito
1754 1132 1847 1187 sed
1894 1134 2076 1188 carnis

512 1227 861 1291 infirmitate;
915 1226 1038 1294 quia
1080 1227 1224 1281 enim
1266 1227 1380 1293 ipse
1421 1224 1596 1278 fuerat
1642 1234 1930 1293 superatus
1960 1226 2076 1278 exi-

511 1319 621 1384 vit;
646 1319 905 1374 exsultari
936 1319 1066 1373 libet
1094 1320 1159 1372 de
1192 1317 1414 1371 victoria
1443 1316 1748 1385 superantis
1775 1333 1790 1370 :
1822 1318 2075 1386 provenit

512 1422 692 1465 autem
729 1412 891 1465 istum
940 1421 1158 1478 portare
1208 1408 1546 1462 medicinalia
1584 1419 1956 1477 opcramenta.
2012 1408 2075 1463 Et

512 1502 678 1557 exivit
714 1512 771 1557 ut
810 1503 1178 1556 consolaretur
1218 1516 1370 1555 suam
1420 1500 1630 1554 ruinam
1662 1517 1677 1553 :
1715 1501 1965 1555 inventus
1994 1510 2076 1555 est

514 1596 566 1648 in
606 1595 765 1648 aliam
803 1594 1149 1648 tentationem
1186 1591 1481 1647 incurrere.
1515 1590 1793 1661 Przecepto
1815 1594 1957 1646 enim
1983 1593 2071 1664 ju-

513 1685 650 1739 dicis
681 1685 965 1739 insistente
1000 1693 1057 1737 ut
1089 1682 1266 1750 lingua
1293 1683 1624 1736 iucideretur
1650 1684 1844 1744 sancti.
1868 1692 1922 1737 et
1948 1685 2073 1753 quia

515 1779 762 1831 inventus
799 1786 881 1830 est
912 1775 1001 1828 ille
1031 1782 1216 1844 parata
1255 1773 1461 1828 habens
1499 1776 1564 1826 ad
1591 1773 1751 1828 istam
1780 1776 2076 1829 necessita-

510 1878 617 1922 tem
653 1869 1012 1931 ferramenta,
1046 1867 1337 1935 urgebatur
1373 1865 1616 1919 incidere
1661 1880 1821 1934 quam
1860 1866 2075 1922 nolebat

511 1962 772 2033 linguam.
816 1962 880 2014 Et
910 1960 1096 2016 incidit
1127 1961 1341 2029 quidem
1367 1974 1383 2014 :
1415 1974 1539 2014 cum
1568 1969 1747 2014 autem
1776 1960 2073 2025 incidisset,

511 2054 683 2122 ipsam
723 2052 957 2122 linguam
989 2067 1119 2106 usus
1149 2062 1232 2106 est
1264 2053 1328 2105 ad
1369 2051 1587 2105 tutelam
1616 2053 1699 2106 sui
1734 2069 1747 2105 :
1788 2067 1892 2107 non
1932 2054 2075 2107 enim

511 2142 737 2211 projecit
775 2156 935 2210 quam
976 2141 1184 2205 incidit,
1218 2141 1309 2194 sed
1357 2142 1630 2208 accipiens
1675 2156 1816 2206 eam,
1859 2152 1917 2195 ut
1967 2160 2076 2197 nte-

511 2234 755 2287 dicamen
790 2234 855 2285 ad
885 2232 1172 2286 sanitatem
1208 2232 1350 2286 illius
1387 2232 1566 2287 delicti
1602 2235 1743 2301 quod
1778 2236 2076 2289 admiserat

510 2323 578 2375 ah
625 2323 892 2391 negando,
935 2322 1211 2390 accipiens
1244 2322 1385 2375 domi
1439 2324 1702 2388 recondit,
1753 2334 1809 2378 ut
1852 2340 2075 2379 consue-

514 2423 638 2466 runt
673 2413 783 2484 (6t)
831 2413 1177 2478 infirmiores,
1233 2413 1414 2468 fideles
1460 2423 1660 2481 tamen,
1708 2417 1974 2473 honorare
2029 2418 2072 2473 si

508 2505 639 2573 quid
674 2520 701 2558 a
730 2504 1060 2576 martyribus
1089 2503 1435 2575 sumpserint.
1469 2506 1608 2559 Dicit
1630 2516 1809 2563 autem
1841 2508 2077 2563 medico-

512 2612 628 2649 rum
664 2595 934 2660 doctrina,
962 2605 1295 2650 contestatur
1318 2596 1480 2650 etiam
1509 2606 1563 2651 et
1585 2608 1797 2663 natura,
1829 2600 1950 2662 quia
1976 2600 2077 2654 litt—

510 2701 626 2755 gnaa
653 2686 858 2752 incisio,
882 2686 1184 2742 interfectio
1200 2696 1283 2742 est
1298 2687 1415 2758 ejus
1433 2702 1461 2741 a
1487 2702 1594 2757 quo
1615 2689 1863 2745 inciditur
1889 2709 1901 2746 :
1922 2707 2077 2761 opor-

514 2778 659 2830 teliat
698 2786 874 2830 autem
911 2787 966 2831 et
993 2780 1230 2832 secundo
1263 2794 1290 2832 a
1331 2789 1501 2833 morte
1533 2779 1747 2835 liberari
1780 2791 2074 2855 martyrem

510 2867 710 2921 Christi
741 2886 753 2921 :
782 2881 910 2931 ergo
937 2883 1062 2923 cum
1091 2869 1398 2936 producunt
1428 2870 1583 2925 nobis
1604 2868 1773 2926 Judaei
1808 2882 1920 2928 tres
1946 2889 2078 2940 pne-

513 2972 620 3021 rns,
646 2957 697 3010 in
721 2974 826 3014 uno
851 2960 953 3013 tria
979 2960 1323 3031 proferimus.
1353 2960 1412 3013 Et
1435 2960 1546 3027 jam
1573 2962 1788 3031 quidem
1814 2965 2076 3022 habemus

510 3050 616 3103 duo
657 3049 922 3104 mirabilia
969 3069 983 3105 :
1040 3049 1311 3105 ﬂammam
1363 3066 1431 3107 ne
1484 3053 1701 3121 quidem
1762 3070 2075 3111 concessam

510 3140 776 3195 flammam
829 3142 981 3208 ﬁeri;
1055 3155 1177 3211 post
1236 3144 1551 3199 incisionem
1612 3145 1827 3216 linguae,
1889 3150 2144 3241 vitan..c

509 3247 669 3301 quam
720 3242 907 3286 natura
947 3234 1160 3302 quidem
1209 3248 1313 3288 non
1344 3234 1652 3300 confitetur,
1698 3240 1868 3307 gratia
1896 3251 2073 3294 autem

508 3324 730 3376 addidit.
764 3322 861 3377 Ubi
882 3339 1010 3393 ergo
1032 3323 1186 3379 tertia
1215 3325 1499 3379 admiratio
1531 3338 1612 3379 est
1640 3327 1704 3380 tle
1725 3329 1910 3382 eodem
1935 3345 2077 3383 mar-
2111 3378 2121 3388 .

512 3428 627 3487 lyre
666 3416 904 3471 Christi?
938 3417 1316 3472 Atlducebatur
1346 3417 1619 3473 Romanus
1659 3420 1724 3473 ad
1750 3436 2025 3477 carcerem
2057 3441 2072 3478 :

509 3508 741 3563 addebat
805 3520 983 3562 autem
1035 3519 1086 3564 et
1128 3510 1231 3563 hoc
1270 3510 1498 3565 blandus
1551 3513 1617 3567 ad
1660 3524 1942 3578 tyrannum
1983 3514 2073 3583 ju-

507 3599 632 3662 dex,
682 3600 769 3667 qui
823 3600 979 3653 istam
1028 3600 1359 3668 corporalem
1395 3601 1628 3671 linguam
1669 3619 1774 3657 non
1823 3605 2071 3659 habebat.

506 3687 729 3744 Lectum
758 3698 839 3743 est
865 3700 1045 3745 autem
1087 3691 1263 3755 nobis,
1301 3692 1426 3759 quia
1460 3694 1514 3746 in
1545 3695 1817 3763 apostolos
1843 3695 2075 3765 Spiritus

507 3781 721 3850 linguas
755 3790 814 3834 ut
850 3782 1023 3848 ignem
1059 3782 1244 3836 divisit
1277 3791 1331 3836 et
1363 3783 1603 3839 donavit.
1640 3784 1745 3840 Sed
1778 3786 1925 3841 illum
1966 3804 2070 3841 non

506 3872 761 3932 vidimus,
808 3872 899 3925 sed
939 3872 1239 3925 audivimus
1270 3882 1323 3924 et
1356 3874 1643 3929 credimus.
1695 3876 1847 3942 Quod
1893 3887 2070 3931 autem

508 3966 749 4019 dicturus
773 3978 913 4026 sum,
944 3963 1093 4016 inulti
1128 3965 1303 4018 vultus
1338 3965 1450 4036 (ϐῆ)
1491 3976 1617 4020 sunt
1649 3976 1832 4022 testes.
1868 3968 2071 4023 Dicitur

506 4053 629 4123 quia
677 4053 868 4107 beatus
916 4053 1017 4107 iste
1055 4054 1353 4120 ltomanus,
1408 4057 1533 4108 dum
1592 4056 1769 4111 adhuc
1817 4073 2070 4113 carneam

507 4144 736 4199 habebat
773 4144 1031 4213 linguam,
1062 4146 1259 4200 similia
1289 4147 1457 4217 Moysi
1489 4148 1825 4216 loquebatur,
1860 4150 1960 4204 hoc
1991 4159 2074 4206 est

505 4232 826 4296 balbutiens,
874 4242 928 4286 et
957 4249 1059 4287 non
1100 4236 1393 4303 composite
1431 4235 1677 4303 loquens.
1716 4236 1850 4290 Dum
1891 4236 2070 4292 adhuc

509 4324 733 4377 haberet
773 4333 939 4376 totam
989 4323 1245 4391 linguam,
1290 4334 1343 4379 et
1390 4341 1492 4379 non
1544 4337 1727 4395 posset
1773 4328 2073 4396 composite

506 4412 675 4481 loqui,
706 4422 821 4466 erat
845 4414 1055 4466 balbus.
1090 4413 1189 4479 Qui
1220 4422 1397 4467 autem
1427 4429 1702 4470 carcerein
1732 4416 2067 4484 ingredieba-

506 4510 593 4555 tur
628 4512 808 4556 custos
834 4504 1074 4558 carceris
1111 4505 1464 4575 interrogavit
1490 4521 1637 4570 eoin,
1669 4507 1811 4575 quod
1838 4506 1886 4560 ei
1918 4516 2067 4561 esset
2103 4538 2147 4594 υ

502 4608 696 4649 nomen
718 4604 799 4647 :et
828 4606 977 4650 certe
1006 4596 1199 4651 litteras
1221 4596 1331 4666 (63)
1353 4596 1465 4666 jam
1502 4596 1587 4650 his
1616 4597 1707 4664 qui
1739 4596 1894 4652 valde
1925 4613 2071 4653 com-

499 4684 660 4754 positi
691 4695 837 4740 recte
865 4685 1175 4753 loquuntur,
1205 4687 1427 4756 impedit
1448 4689 1513 4739 ad
1538 4688 1883 4755 loquendum.
1917 4687 2069 4743 Nunc

501 4782 680 4827 autem
711 4771 983 4830 Romanus
1011 4785 1065 4831 et
1091 4776 1261 4831 incisa
1310 4776 1520 4846 lingua;
1557 4793 1717 4848 quam
1751 4792 1872 4832 cum
1911 4780 2070 4834 habe-

502 4874 585 4920 ret
612 4864 746 4936 (64),
777 4878 831 4918 et
857 4876 1001 4922 recte
1029 4866 1171 4937 loqui
1203 4883 1307 4922 non
1337 4877 1583 4936 poterat;
1616 4868 1850 4936 Spiritus
1876 4868 2067 4937 linguae

501 4954 755 5024 loquitur,
810 4964 864 5009 et
905 4956 1061 5011 valde
1102 4958 1427 5023 rectissime,
1480 4968 1534 5013 et
1580 4958 1731 5021 dicit,
1787 4957 2063 5016 Romanus

499 5047 670 5101 dicor.
699 5046 895 5101 lterum
927 5046 1205 5101 nuntiatur
1239 5049 1341 5103 hoc
1367 5048 1533 5116 jutlici
1567 5059 1621 5103 et
1652 5057 1881 5117 tyranno
1915 5066 2057 5120 pra:-

587 5140 631 5171 ⁶⁷
661 5140 679 5194 l
710 5140 835 5196 Cor.
872 5157 983 5205 xiv,
1011 5142 1101 5195 22.
1174 5141 1217 5172 ⁸⁸
1238 5141 1404 5197 Marc.
1434 5158 1549 5209 vni,
1582 5144 1672 5199 53.

570 5233 683 5306 (61)
727 5232 791 5286 Ut
820 5250 1152 5306 consuerunt.
1187 5234 1256 5288 Ut
1287 5237 1450 5289 solent
1490 5236 1807 5303 inﬁrmiores
1842 5236 1981 5292 clam
2015 5249 2069 5295 et

498 5303 642 5357 domi
665 5303 983 5375 reconditas
1009 5315 1302 5375 martyrum
1332 5308 1588 5375 reliquias
1614 5308 1915 5373 honorare;
1946 5324 2065 5363 cum

499 5374 756 5427 fortiores
786 5374 957 5441 palam
996 5374 1045 5426 id
1075 5374 1312 5427 facerent
1340 5393 1353 5429 :
1402 5374 1522 5429 erat
1551 5388 1734 5432 autem
1775 5378 1865 5431 ille
1897 5380 2066 5431 medi-

497 5459 590 5516 cus
640 5443 813 5497 carnis
882 5442 1187 5510 inﬁrmitate
1252 5445 1450 5514 lapsus,
1512 5447 1653 5501 sicut
1726 5448 1882 5516 paulo
1944 5458 2069 5505 ante

498 5514 722 5565 dielnm.

570 5582 682 5655 (02)
730 5580 938 5655 Yttltus.
965 5587 1283 5653 Πρόσωπα,
1317 5597 1578 5655 aspectus.

572 5654 685 5721 (63)
725 5652 959 5707 Littera.
981 5652 1138 5709 Forte
1169 5652 1388 5722 Iittera,’
1411 5668 1467 5710 ut
1510 5669 1699 5710 sensus
1737 5656 1807 5709 sit
1836 5673 1849 5709 :
1884 5655 2061 5711 littera

502 5720 544 5773 ll
571 5720 691 5791 qua:
713 5737 853 5793 aegre
881 5726 1255 5792 pronuntiatur
1288 5720 1451 5780 etiam
1483 5726 1549 5779 ab
1587 5726 1653 5779 iis
1695 5727 1787 5793 qui
1819 5741 1884 5779 os
1917 5738 2062 5784 recte

503 5792 858 5849 compositum
896 5794 1099 5850 habent
1126 5796 1194 5851 ad
1227 5795 1573 5855 looueudutu.
1603 5792 1767 5855 nunc.
1802 5807 1908 5852 etc.

2177 586 2226 639 in
2274 586 2481 640 timore.
2527 586 2720 651 Etiam,
2766 588 2965 658 inquit,
3017 591 3117 643 iste
3169 590 3344 644 adhuc
3390 590 3740 647 Christianus

2172 689 2291 733 est:
2327 689 2383 732 ut
2412 680 2564 733 fratri
2595 696 2822 749 parcens
2847 682 3170 750 contempsit
3193 693 3546 751 praeceptum.
3576 682 3741 738 Forte

2173 779 2351 824 autem
2379 770 2487 837 ille,
2516 772 2739 840 copiens
2770 782 2886 840 post
2919 773 3234 828 incisionem
3271 774 3467 844 linguae
3506 791 3616 829 non
3643 791 3741 831 su-

2173 873 2393 926 peresse
2434 870 2746 930 martyrem,
2798 872 2851 915 et
2895 862 3082 932 majori
3149 878 3402 917 mensura
3447 864 3634 919 incidit
3674 868 3739 919 ad

2175 948 2601 1005 interfectionem
2632 951 2806 1017 potius
2828 965 2986 1020 quam
3016 952 3082 1005 ad
3108 953 3504 1021 prmeisionem.
3531 955 3737 1010 Tamen

2173 1041 2599 1110 comprehensus
2640 1041 2879 1097 medicus
2926 1042 3224 1097 ducebatur
3266 1044 3333 1097 ad
3366 1043 3633 1111 indicem,
3683 1054 3738 1099 et

2177 1132 2447 1200 negotium
2503 1132 2751 1195 habebat,
2807 1148 2906 1186 cur
2962 1132 3366 1203 loqueretur.is
3416 1136 3503 1191 cui
3566 1137 3737 1191 incisa

2176 1222 2348 1277 fuerat
2395 1222 2596 1293 lingua.
2633 1221 2747 1276 Non
2780 1223 2924 1278 enim
2962 1224 3130 1279 semel
3161 1225 3371 1281 locutus
3406 1229 3600 1292 tacuit,
3646 1230 3739 1282 sed

2174 1312 2487 1367 conferebat
2515 1330 2637 1369 cum
2664 1313 2785 1369 aliis
2813 1316 2880 1369 de
2905 1330 3070 1371 cruce
3097 1325 3150 1370 et
3180 1317 3405 1371 victoria
3432 1319 3659 1385 Christi,
3687 1331 3745 1375 et

2174 1405 2275 1459 hoc
2305 1404 2485 1460 multis
2508 1405 2783 1461 mensibus
2824 1406 2877 1459 in
2916 1421 3136 1460 carcere
3168 1410 3519 1465 constitutus.
3560 1409 3741 1465 Habe-

2175 1512 2294 1551 mus
2323 1510 2451 1566 ergo
2484 1506 2537 1551 et
2573 1497 2785 1551 tertiam
2821 1497 3259 1563 admirationem,
3292 1509 3347 1553 et
3380 1517 3518 1555 unus
3546 1501 3740 1557 Eccle-

2174 1588 2267 1643 siae
2296 1588 2637 1665 martyrjam
2666 1592 2910 1658 aequatur
2948 1590 3118 1644 tribus
3154 1604 3217 1643 ex
3258 1588 3564 1661 Synagoga.
3606 1593 3741 1647 Cum

2176 1688 2356 1733 autem
2400 1680 2669 1749 negotium
2707 1688 2981 1750 pateretur
3011 1681 3273 1747 medicus,
3310 1692 3369 1736 ut
3403 1684 3739 1739 condiscatis

2174 1780 2434 1841 quantum
2464 1770 2586 1825 boni
2624 1770 2717 1833 sit,
2747 1780 2801 1824 et
2830 1769 3011 1824 brevis
3038 1772 3252 1839 quidam
3286 1774 3423 1827 ictus
3475 1775 3742 1842 religiosi-

2106 1844 2146 1897 Β
2179 1862 2326 1915 tatis.
2368 1860 2503 1928 Quia
2546 1863 2687 1916 enim
2730 1863 2908 1919 tutelze
2949 1878 3111 1919 causa
3148 1874 3435 1934 acceperat
3472 1866 3739 1937 linguam,

2177 1954 2303 2024 quia
2343 1954 2396 2009 in
2428 1955 2639 2009 ratione
2680 1955 2871 2010 salutis
2900 1956 3209 2011 thesaurum
3251 1959 3570 2013 reconderet
3604 1960 3741 2025 sibi,

2175 2045 2375 2100 exhinc
2423 2045 2534 2115 jam
2576 2048 2785 2115 accepit
2830 2046 3062 2102 fructum
3096 2047 3238 2102 fidei.
3267 2048 3442 2105 Iudici
3478 2051 3625 2104 enim
3662 2051 3745 2105 in-

2173 2136 2412 2207 dignanti
2432 2148 2485 2192 et
2514 2138 2885 2203 comntinantt,
2914 2149 2970 2193 et
2992 2139 3103 2206 jam
3148 2155 3270 2195 eum
3303 2140 3614 2196 interficere
3647 2158 3744 2196 vo-

2177 2229 2302 2283 lenti
2323 2228 2597 2296 respondit
2617 2230 2851 2285 medicus
2874 2249 2888 2285 :
2911 2229 3090 2287 Habeo
3112 2231 3341 2301 linguam
3362 2248 3522 2301 quam
3550 2234 3741 2289 incidi.

2176 2319 2506 2375 Producatur
2554 2321 2711 2386 alius,
2744 2324 2830 2375 cui
2873 2337 2976 2375 non
3023 2322 3233 2378 assistit
3261 2324 3421 2390 Deus,
3450 2335 3506 2378 et
3546 2339 3743 2379 secun-

2175 2411 2298 2465 dum
2329 2426 2637 2466 mensuram
2670 2413 2851 2467 incisa:
2882 2413 3094 2484 linguae,
3143 2415 3409 2470 incidatur
3435 2416 3654 2484 lingua;
3685 2425 3741 2470 et

2173 2499 2217 2554 si
2250 2499 2480 2561 vixerit,
2527 2516 2704 2556 meum
2733 2514 3095 2558 commentum
3128 2516 3233 2569 est,
3280 2515 3333 2559 et
3367 2520 3470 2560 non
3517 2506 3613 2559 Dei
3640 2506 3739 2561 de-

2174 2589 2365 2645 fensio.
2401 2591 2728 2646 Producitur
2755 2594 2972 2663 quidam
3001 2596 3393 2660 damnatorum,
3426 2606 3481 2651 et
3503 2596 3706 2667 diligen
3726 2629 3742 2639 -

2176 2678 2383 2735 tissime
2414 2696 2664 2735 mensura
2705 2694 2923 2751 accepta
2951 2724 2967 2750 ,
2997 2685 3165 2738 incisa
3213 2685 3374 2738 etiam
3417 2686 3596 2755 lingua
3634 2696 3741 2751 est,

2173 2786 2292 2841 quae
2320 2772 2554 2826 habebat
2589 2772 2752 2827 incidi
2804 2772 3032 2829 Tantum
3065 2786 3121 2829 ut
3155 2776 3372 2844 impleta
3407 2777 3600 2832 incisio
3627 2789 3740 2844 est,

2173 2872 2229 2917 et
2266 2861 2388 2918 ﬁnis
2415 2861 2530 2932 ejus
2574 2863 2873 2933 completus
2901 2875 2985 2920 est
3016 2867 3155 2920 vitae.
3194 2868 3258 2921 Et
3287 2868 3375 2921 ille
3408 2870 3626 2939 quidem
3655 2880 3743 2926 est

2175 2964 2445 3010 mortuus.
2496 2956 2589 3011 Dei
2630 2966 2809 3011 autem
2843 2974 2909 3013 ex
2945 2962 3350 3029 comparatione
3394 2964 3741 3016 tenebrarum

2175 3048 2471 3117 apparebat
2504 3048 2866 3105 clarissimum
2898 3050 3103 3107 lumen.
3136 3052 3191 3105 Si
3222 3053 3343 3121 quis
3371 3062 3550 3107 autem
3584 3052 3740 3107 inﬁr-

2179 3155 2297 3194 mus
2335 3141 2720 3198 etincrednlus
2757 3151 2861 3208 est,
2911 3144 3063 3214 signa
3097 3143 3274 3198 auiem
3321 3146 3646 3207 iulidelibus,
3679 3156 3741 3199 ut

2177 3231 2310 3286 dicit
2353 3232 2631 3300 Scriptura
2655 3234 2721 3295 ",
2758 3234 3017 3289 habemus
3050 3235 3163 3290 haec
3208 3235 3448 3304 proferre
3474 3252 3594 3307 quae
3636 3253 3739 3291 au-

2177 3319 2428 3375 divimus.
2462 3320 2528 3375 Et
2557 3331 2706 3377 certe
2749 3337 2855 3377 non
2886 3332 3088 3377 tantum
3126 3338 3295 3392 egena
3341 3335 3425 3378 est
3458 3325 3736 3388 Ecclesia;

2176 3412 2269 3467 sed
2311 3421 2366 3466 et
2396 3411 2462 3467 de
2490 3412 2596 3467 alio
2632 3414 2811 3468 audivi
2837 3429 2969 3485 ego,
2997 3414 3123 3484 quia
3165 3417 3245 3468 vir
3281 3416 3496 3484 quidam
3534 3418 3602 3469 ad
3641 3416 3738 3469 be-

2176 3502 2308 3557 stias
2341 3502 2537 3557 missus
2575 3512 2692 3566 est.
2718 3519 2747 3558 a
2786 3505 2972 3559 bestiis
3012 3516 3189 3561 autem
3221 3520 3325 3559 non
3358 3517 3739 3577 consumptus,

2177 3604 2237 3647 ut
2285 3594 2487 3657 Daniel,
2534 3593 2791 3650 Ecclesiae
2840 3595 3109 3652 referebat
3154 3597 3414 3651 mirabilia
3468 3597 3583 3651 Dei.
3625 3597 3737 3652 Sed

2177 3702 2281 3740 non
2310 3688 2380 3740 sit
2412 3686 2543 3740 mihi
2567 3688 2819 3758 colligere
2847 3689 2994 3742 talia.
3029 3688 3130 3743 Ista
3160 3689 3301 3742 enim
3336 3692 3736 3759 supportatoria

2178 3778 2560 3833 infirmantium
2597 3779 2878 3846 habentur,
2905 3781 3022 3835 istae
3048 3780 3444 3837 Satisfactiones
3475 3791 3601 3837 sunt
3630 3799 3737 3838 non

2175 3869 2530 3924 credentium.
2585 3870 2690 3925 Sed
2744 3886 2915 3940 neque
2968 3874 3070 3927 ista
3125 3888 3337 3942 sperno,
3388 3889 3489 3928 nec
3535 3875 3737 3930 abnuo.

2174 3960 2514 4015 Glorilicetur
2581 3972 2758 4016 autem
2820 3973 2871 4017 et
2919 3964 2970 4017 in
3034 3965 3151 4018 istis
3213 3964 3529 4019 mirificator
3576 3966 3738 4022 Deus.

2176 4052 2347 4121 Diligo
2380 4062 2560 4106 autem
2588 4069 2709 4108 cum
2746 4053 2905 4108 video
2932 4054 3093 4108 incidi
3126 4056 3302 4125 capita
3336 4067 3653 4125 martyrum,
3680 4066 3735 4109 et

2177 4154 2344 4198 totum
2386 4158 2581 4213 corpus
2613 4144 2826 4205 ardere.
2866 4156 2923 4199 et
2958 4144 3196 4215 virgines
3222 4146 3390 4201 nudas
3421 4162 3526 4200 non
3560 4147 3736 4200 irreli~

2172 4238 2338 4307 giosis
2366 4237 2558 4301 oculis,
2592 4237 2782 4292 amicis
2804 4248 2980 4291 autem
3012 4249 3065 4292 et
3101 4239 3373 4293 fraternis.
3409 4238 3549 4293 Nihil
3592 4242 3734 4293 enim

2176 4330 2367 4382 horum
2400 4329 2645 4382 terribile
2670 4329 2855 4382 vident
2884 4329 3103 4393 fratres,
3138 4332 3262 4398 quia
3295 4345 3392 4384 nec
3431 4332 3732 4399 patiuntur.

2175 4419 2292 4474 Istae
2332 4428 2457 4473 sunt
2490 4419 2694 4486 gloriae,
2731 4419 2846 4473 ista:
2881 4430 3077 4474 nostra:
3114 4419 3449 4475 diiectiones.
3498 4421 3563 4473 Et
3612 4422 3735 4489 qui-

2173 4513 2291 4564 dem
2320 4511 2410 4579 qui
2446 4511 2696 4564 inciditur
2735 4511 2932 4579 capite,
2970 4511 3187 4564 habebit
3217 4521 3377 4578 caput
3411 4512 3463 4564 in
3490 4510 3731 4580 judicio;

2172 4602 2297 4670 quia
2328 4601 2417 4669 qui
2465 4603 2617 4655 ardet
2658 4609 2820 4663 totus,
2856 4600 3224 4655 holocaustum
3272 4601 3380 4655 Deo
3410 4603 3615 4657 viventi
3646 4602 3732 4656 of-

2172 4690 2361 4746 fertur.
2393 4691 2459 4746 Et
2499 4693 2645 4762 virgo
2681 4693 2896 4755 nudata,
2931 4706 3035 4745 non
3068 4693 3242 4755 nuda;
3283 4693 3443 4747 habet
3467 4695 3614 4748 enim
3654 4697 3729 4748 in-

2171 4783 2481 4837 dumentum
2515 4782 2896 4852 incorruptelae
2928 4797 3057 4837 suae.
3100 4783 3271 4838 Nemo
3311 4784 3455 4837 dicat
3482 4784 3734 4856 martyrio

2173 4873 2311 4927 bus:
2346 4873 2709 4929 Misericordia
2751 4891 2780 4928 a
2821 4875 2972 4928 vobis
3000 4874 3111 4945 (65)
3144 4876 3210 4929 ab
3259 4875 3359 4939 his,
3402 4876 3634 4953 fratres;
3672 4893 3733 4932 ne

2171 4964 2311 5022 forte
2339 4968 2635 5022 imitatores
2661 4968 2863 5022 Christi
2904 4983 3087 5021 vocem
3116 4969 3279 5021 etiam
3307 4971 3425 5037 ejus
3458 4971 3733 5025 mittentes

2167 5057 2528 5127 respondeant
2552 5057 2892 5112 dicentibus:
2944 5055 3082 5111 Vade
3118 5072 3251 5112 retro
3305 5076 3403 5122 me.
3440 5059 3647 5116 Salano
3671 5062 3728 5116 ⁸³.

2243 5238 2359 5311 (64)
2419 5238 2588 5303 Quam
2635 5254 2753 5291 eum
2799 5238 3047 5311 haberet._
3080 5236 3251 5304 Quam
3299 5238 3534 5311 litteram
3585 5240 3729 5293 facile

2171 5308 2520 5381 pronuntiare
2564 5322 2671 5361 non
2711 5315 2945 5376 poterat.
2981 5308 3142 5361 etiam
3185 5323 3308 5362 cum
3350 5308 3590 5377 linguam
3639 5312 3726 5362 ha-

2171 5385 2356 5518 ὺεὶἓζ)
2402 5445 2765 5503 Misericordia
2784 5462 2814 5498 α
2836 5445 2995 5518 vobis.
3021 5446 3183 5501 Forte
3206 5446 3572 5499 Misericordia
3597 5446 3725 5500 vobis

2171 5523 2235 5573 ab
2255 5515 2373 5583 an,
2403 5528 2461 5570 ut
2493 5531 2681 5570 sensus
2715 5518 2785 5570 sit
2817 5534 2830 5569 :
2868 5515 3037 5570 Nemo
3065 5518 3391 5585 martyribus
3421 5518 3600 5570 dicat:
3628 5518 3725 5568 fra-

2174 5600 2305 5655 tres,
2339 5586 2501 5642 vestri
2542 5589 2899 5641 misereantur
2931 5587 2983 5638 lti
3022 5591 3257 5655 tyranni,
3297 5599 3520 5653 parcant
3559 5589 3608 5638 in
3645 5598 3725 5637 vos

2167 5661 2358 5713 saevire
2386 5676 2399 5724 ;
2436 5670 2500 5711 ne
2532 5668 2793 5728 martyres
2830 5656 3075 5726 exemplo
3101 5656 3302 5712 Christi
3332 5658 3718 5725 respondeant:

2164 5732 2294 5783 vade
2329 5736 2487 5793 retro,
2523 5736 2629 5782 etc.

3322 6517 3370 6522 ὴ-
3442 6517 3466 6522 -.
3552 6517 3567 6519 ——
3648 6514 3670 6520 Ἴ-
3724 6514 3739 6515 ί
3820 6513 3854 6520 ὴ
