3956 6510
239 422 371 476 1101

233 630 512 699 passione,
549 642 603 687 et
635 634 811 689 vincat
846 652 945 706 per
975 641 1154 694 omnia
1186 640 1456 700 Christus.
1493 646 1631 713 Quid
1672 651 1816 705 enim

232 729 290 774 et
337 734 601 791 promunt
640 724 807 781 Judaei
858 739 912 783 ut
955 730 1182 801 gloriam
1234 746 1325 789 aut
1368 741 1817 796 accusationem?

231 811 289 865 Si
324 814 470 868 enim
505 830 603 870 nos
633 816 859 873 fratrum
889 832 1196 877 nostrorum
1224 815 1673 886 linterﬂcienlium
1700 834 1815 905 (67)

228 907 313 961 usi
345 922 532 964 sumus
561 910 818 980 praedicta
846 914 1037 985 gloria,
1069 917 1369 975 interfectis
1395 923 1666 992 prioribus
1711 945 1813 983 non

229 1013 508 1081 cgssamus
534 1002 765 1059 interﬁci
799 1027 809 1060 :
844 1022 988 1061 nunc
1013 1010 1301 1066 adoremus
1328 1012 1466 1066 idola
1496 1030 1617 1084 quae
1647 1032 1815 1071 excu-

1061 1061 1064 1062 ν
1095 1061 1104 1063 ,
1159 1061 1297 1066 ηρ--
1329 1061 1465 1066 __--_
1498 1061 1616 1084 η-..
1648 1061 1781 1071 πη.

225 1061 412 1148 sanius
438 1094 572 1166 (68).
609 1095 772 1153 Israel
797 1110 978 1155 autem
1023 1112 1077 1157 et
1122 1106 1245 1158 dum
1300 1105 1701 1165 interficeretur
1747 1130 1813 1168 ne

222 1186 500 1253 adoraret,
534 1204 640 1243 non
676 1195 912 1247 cessavit
941 1195 1241 1253 adorando.
1274 1198 1341 1254 Et
1368 1203 1482 1256 ausi
1510 1214 1636 1257 sunt
1664 1205 1807 1275 loqui

222 1278 289 1331 ad
319 1293 559 1335 crucem.
587 1282 719 1337 Cum
746 1286 889 1340 enim
917 1287 1069 1343 vituli
1098 1300 1265 1359 caput
1294 1293 1397 1348 sibi
1427 1304 1485 1349 ut
1512 1297 1807 1354 adorarent

220 1368 497 1436 fecerunt,
530 1371 738 1445 Moyses
776 1377 1049 1435 interfecit
1077 1382 1359 1451 plurimos,
1401 1400 1469 1441 ne
1505 1390 1685 1443 caeteri
1720 1390 1806 1443 fa-

216 1473 408 1517 cerent
452 1465 598 1531 talia,
632 1477 685 1520 et
720 1470 810 1538 qui
841 1472 1084 1527 derelicti
1128 1485 1253 1531 sunt
1297 1480 1609 1534 adorarent.
1649 1479 1805 1539 Unde

214 1569 349 1626 ergo
390 1557 568 1613 simile
606 1560 711 1615 erit
745 1562 947 1620 Iudaeis
993 1576 1051 1621 ut
1091 1577 1146 1621 et
1194 1570 1321 1625 dum
1380 1572 1801 1643 interficiuntur,

212 1647 305 1702 alii
340 1650 570 1705 adorent
602 1652 927 1722 simulacra;
963 1668 1019 1713 et
1058 1659 1299 1715 Ecclesia
1324 1661 1438 1735 (69)
1479 1680 1599 1734 qua:
1629 1667 1799 1722 inter-

212 1740 395 1794 ﬁcitur
418 1752 476 1796 ut
501 1744 710 1812 adoret,
738 1758 789 1801 et
820 1765 924 1803 non
954 1752 1179 1808 adorat?
1203 1753 1308 1810 Sed
1341 1773 1460 1826 quae
1485 1762 1800 1815 communio

208 1842 296 1887 est
330 1834 517 1889 lumini
549 1838 615 1891 ad
647 1840 944 1895 tenebras?
979 1841 1110 1907 Qua:
1153 1848 1297 1907 enim
1329 1848 1484 1903 debui
1512 1850 1687 1919 facere
1722 1854 1797 1906 vi-

209 1940 325 1978 nem
359 1940 508 1989 mete,
540 1940 716 1983 etnon
749 1930 852 1997 feci
882 1930 962 1986 “’3
992 1932 1120 1987 dicit
1153 1934 1313 1990 Deus.
1347 1936 1558 1993 Donare
1585 1940 1790 2005 debuit,
1828 1922 1870 1980 Β

206 2029 257 2069 et
295 2017 563 2085 blandire,
598 2031 652 2075 et
687 2023 947 2078 beneﬁcia
981 2027 1221 2083 tribuere
1248 2047 1260 2083 :
1291 2028 1419 2085 fecit
1451 2033 1655 2087 omnia.
1689 2034 1791 2088 Du-

202 2108 357 2160 navit
383 2108 526 2161 enim
559 2126 756 2165 manna
788 2129 803 2167 :
834 2112 997 2171 lsrael
1026 2128 1205 2171 autem
1242 2123 1402 2175 modo
1434 2122 1787 2193 manducans,

203 2199 435 2253 vitulum
483 2202 574 2271 qui
625 2218 724 2259 nec
776 2206 1000 2261 herbam
1056 2212 1423 2268 manducabat
1472 2231 1571 2271 nec
1622 2218 1786 2273 vitam

204 2291 460 2356 habebat,
497 2293 816 2351 adorabant.
848 2297 889 2353 E
919 2312 1071 2368 petra
1104 2302 1359 2358 bibeoaut
1389 2321 1602 2377 aquam,
1637 2320 1691 2365 et
1721 2329 1786 2368 ex

198 2392 353 2452 petra
382 2382 656 2441 faciebant
681 2389 822 2443 idola
847 2390 971 2446 sibi.
999 2392 1100 2447 Per
1125 2393 1324 2462 lignum
1353 2397 1567 2465 figurati
1601 2420 1785 2458 amara

197 2488 343 2544 aqua
376 2484 639 2533 translata
666 2480 732 2533 ad
761 2481 1101 2557 dulcedinem
1130 2498 1213 2541 est
1238 2506 1252 2541 :
1278 2488 1350 2541 illi
1382 2502 1561 2545 autem
1589 2509 1619 2547 e
1643 2494 1785 2564 ligno

194 2568 579 2636 exsculpentes
630 2572 732 2626 sibi
785 2574 1111 2642 simulacra,
1172 2580 1458 2636 adversum
1514 2599 1637 2639 cum
1691 2589 1781 2658 qui

193 2651 406 2711 fecerat
445 2658 601 2715 dulce
633 2662 954 2720 adorabant.
988 2666 1407 2729 Veterascentes
1438 2686 1617 2732 autem
1653 2696 1783 2735 con-

192 2750 518 2803 crescebant
564 2752 645 2807 eis
676 2753 872 2809 tunicae
909 2775 922 2811 :
959 2758 1034 2813 illi
1075 2770 1255 2816 autem
1297 2765 1630 2836 accipientes
1662 2787 1782 2841 quce

188 2836 434 2894 donabat
473 2840 637 2905 Deus,
674 2848 1072 2903 consecrabant
1122 2850 1297 2907 idolis.
1351 2855 1582 2913 Tantum
1634 2836 1778 2917 enim

144 2903 349 2985 .erant
395 2933 462 2987 ad
502 2935 763 2991 beneficia
808 2951 1161 2997 contumaces
1212 2961 1227 2998 :
1278 2946 1512 3018 ideoque
1557 2953 1780 3009 adduxit

185 3021 475 3078 adversum
510 3040 605 3080 eos
630 3028 816 3099 plagas
836 3070 853 3095 ,
883 3032 1008 3099 quia
1036 3033 1162 3087 dum
1191 3036 1347 3092 daret
1373 3040 1654 3108 beneficia,
1682 3060 1777 3101 eos

185 3115 421 3170 suadere
473 3132 577 3171 non
616 3121 792 3188 potuit
829 3140 844 3177 :
882 3123 1057 3177 voluit
1095 3139 1225 3197 ergo
1264 3143 1357 3184 eos
1385 3135 1615 3201 puniens
1654 3153 1777 3206 per-

183 3219 406 3274 urgere.
454 3206 627 3275 Quam
673 3212 817 3265 enim
861 3214 1074 3284 plagam
1110 3219 1190 3273 eis
1238 3234 1345 3274 non
1398 3224 1591 3279 misit?
1634 3228 1770 3295 Quid

182 3299 331 3351 enim
363 3299 440 3352 ait
472 3300 586 3369 ipse
638 3304 704 3357 ad
745 3306 879 3359 eos?
911 3306 1040 3363 Sine
1064 3327 1227 3365 causa
1260 3317 1496 3381 percussi
1516 3319 1660 3387 [ilics
1690 3338 1772 3375 ve-

177 3396 323 3444 slros
368 3404 388 3441 .‘
469 3391 809 3464 disciplinam
855 3416 957 3453 non
1012 3406 1286 3474 accepistis
1318 3407 1386 3463 ⁷ο.
1439 3408 1573 3466 Cum
1626 3415 1770 3470 enim

178 3481 445 3536 beneficia
479 3498 575 3538 sua
612 3487 692 3541 eis
737 3494 1085 3563 exprobaret,
1122 3498 1374 3555 dicebat:
1416 3503 1558 3569 Quid
1598 3507 1771 3562 adhuc

177 3574 335 3626 debui
361 3576 536 3642 facere
560 3579 721 3633 vinea:
739 3598 887 3647 mete,
911 3597 961 3639 et
983 3603 1087 3641 non
1111 3589 1271 3658 feci"
1291 3590 1314 3646 2
1334 3593 1467 3649 Cum
1490 3607 1670 3654 autem
1695 3601 1773 3655 in-

176 3665 555 3721 credulitatem
582 3671 647 3724 ad
676 3672 859 3742 plagas
892 3676 1163 3734 addebat:
1193 3682 1323 3738 Sine
1346 3702 1519 3759 causa.
1534 3695 1768 3759 percussi

172 3757 320 3826 filios
355 3770 553 3815 vestros
576 3777 594 3816 :
623 3765 960 3830 disciplinam
987 3787 1091 3825 non
1118 3776 1413 3844 accepistis.
1434 3757 1717 3837 Etiterum
1746 3805 1759 3839 :

174 3846 324 3913 Quid
361 3848 534 3904 adhuc
576 3855 947 3921 percutiamini
984 3860 1233 3915 addentes
1278 3876 1493 3932 peccata
1522 3867 1608 3922 7'?
1651 3869 1766 3927 Hoc

172 3949 281 4004 est,
327 3954 429 4010 ego
473 3945 734 3999 evacuavi
781 3945 965 4016 plagas
997 3967 1010 4003 :
1044 3966 1137 4005 vos
1173 3966 1354 4008 autem
1396 3972 1503 4011 non
1536 3962 1763 4016 cessatis

172 4043 494 4101 peccantes.
543 4034 651 4090 Sed
696 4035 835 4093 forte
883 4039 1159 4110 simplices
1197 4044 1381 4116 plagas
1420 4052 1623 4117 putatis
1665 4063 1766 4108 :et

170 4124 356 4194 gladio
384 4123 655 4182 interfecti
682 4140 830 4194 sunt,
863 4132 952 4201 qui
983 4146 1147 4204 caput
1176 4140 1280 4193 sibi
1310 4139 1463 4195 vituli
1495 4142 1760 4212 fecerunt,

169 4225 231 4270 ut
254 4217 549 4273 adorarent
576 4237 589 4275 :
620 4230 677 4275 et
702 4223 1057 4283 nihilominus
1088 4230 1527 4301 indisciplinatus
1559 4240 1761 4293 mansit

169 4307 341 4363 Israel
371 4327 385 4363 :
412 4319 465 4365 et
490 4322 632 4367 terra
666 4314 893 4370 miriﬁce
912 4322 1164 4375 ostendat
1189 4325 1441 4393 aperiens
1465 4342 1526 4381 os
1554 4344 1711 4383 suum
1739 4344 1756 4383 :

169 4400 327 4456 vivos
356 4403 621 4471 quosdam
658 4405 940 4462 absorbuit
969 4426 983 4463 :
1024 4420 1079 4466 et
1108 4414 1202 4482 qui
1235 4414 1408 4471 relicti
1438 4429 1588 4485 sunt,
1624 4422 1757 4475 ado-

166 4513 369 4569 rabant
414 4530 520 4569 non
570 4516 834 4576 viventes.
883 4520 1125 4579 Flamma
1166 4542 1260 4584 eos
1304 4534 1643 4604 consumpsit
1685 4550 1755 4590 ne

1289 432 1375 487 DE
1416 436 2020 498 llESUllllLCTlONE.
2062 475 2129 486 -—
2171 445 2299 505 LIB.
2345 447 2408 506 11.

240 539 575 596 lncedantur
615 551 665 599 et
705 545 931 601 ardeant
967 557 1023 602 ut
1051 549 1324 606 nudentur
1361 554 1472 625 (66)
1500 558 1733 625 virgines
1770 560 1821 614 in
1856 568 1899 623 Α
1930 563 2131 634 plagas,
2178 582 2273 638 per
2318 582 2537 639 terram,
2585 592 2684 647 per
2735 579 2935 652 ignem,

3365 467 3508 526 1102

2986 598 3079 655 per
3118 586 3377 657 gladium,
3411 608 3507 663 per

1928 668 2208 725 serpentes
2226 701 2241 725 ,
2270 677 2365 731 per
2390 665 2550 733 feras,
2578 687 2674 740 per
2700 672 2969 743 inimicos,
2995 695 3090 749 per
3110 683 3281 753 legem
3307 686 3504 756 puniti,

1928 750 2221 817 interfecti,
2253 760 2478 825 concisi,
2506 770 2809 837 consumpti
2841 782 2990 836 sunt,
3022 784 3073 828 et
3106 790 3269 831 manu
3313 791 3503 835 sacer-

1920 841 2103 899 dotum
2135 850 2301 904 occisi
2330 868 2344 905 :
2386 862 2440 907 et
2476 870 2579 910 non
2609 873 2953 919 recesserunt
2983 868 3051 923 ab
3090 866 3271 927 idolis.
3312 867 3382 929 Et
3418 884 3499 930 ta-

1921 951 2041 992 men
2096 940 2210 996 haec
2256 945 2437 1000 omnia
2488 948 2689 1005 fiebant
2736 963 2877 1021 tunc,
2921 968 2976 1015 et
3012 962 3238 1031 spiritus
3285 968 3491 1021 eratin

1918 1029 2068 1098 ipsis,
2117 1043 2169 1088 et
2213 1034 2423 1109 Moyses
2470 1045 2752 1114 propheta,
2791 1058 2845 1103 et
2889 1029 3068 1108 Aaron
3116 1054 3392 1126 sacerdos,
3439 1073 3496 1119 et

1914 1119 2072 1178 Jesus
2100 1124 2245 1180 Nave
2274 1131 2570 1188 exercitum
2606 1137 2826 1204 ducens,
2859 1148 2912 1196 et
2944 1158 3259 1216 expugnans
3304 1146 3488 1210 inimi-

1914 1229 2029 1280 cos,
2059 1228 2115 1273 et
2141 1220 2360 1292 Moyses
2391 1229 2735 1286 orationibus
2767 1234 3011 1301 vincens,
3058 1251 3113 1294 et
3155 1260 3351 1301 manna
3402 1249 3495 1304 deo

1911 1320 2150 1374 sursum,
2209 1324 2263 1366 et
2310 1327 2462 1385 petra
2514 1320 2678 1377 dabat
2721 1339 2941 1395 aquam,
2984 1341 3039 1385 et
3082 1337 3491 1396 tabernaculum

1911 1400 2117 1468 aderat,
2167 1414 2222 1459 et
2250 1407 2399 1479 virga
2436 1411 2684 1481 florebat,
2733 1428 2787 1472 et
2833 1422 3102 1478 mirabilia
3154 1429 3369 1487 ﬁebant.
3428 1429 3492 1492 Et

1919 1494 2162 1551 colentes
2200 1500 2341 1556 idola
2384 1519 2489 1558 non
2541 1508 2839 1577 abegerunt
2884 1514 3077 1584 Deum,
3114 1530 3172 1576 ut
3210 1528 3491 1585 recederet

1909 1597 1938 1635 a
1995 1587 2445 1653 promissionibus
2492 1597 2605 1651 suis
2651 1615 2788 1669 quas
2825 1604 3026 1662 fecerat
3070 1612 3138 1665 ad
3191 1616 3488 1675 Abraham.

1906 1671 2017 1728 Cur
2053 1692 2203 1749 ergo,
2238 1696 2332 1737 vos
2361 1684 2734 1758 interrogabo,
2783 1710 2881 1749 cur
2910 1711 3031 1753 cum
3058 1711 3114 1757 et
3144 1708 3285 1773 apud
3315 1702 3489 1781 [Egy-

1905 1782 2054 1837 ptum
2103 1772 2245 1829 idola
2299 1778 2584 1844 colebatis.
2626 1801 2748 1841 cum
2790 1799 2845 1843 et
2892 1791 2943 1845 in
2987 1793 3105 1863 ipso
3150 1772 3287 1854 mari
3326 1772 3485 1872 positi

1908 1876 2014 1916 non
2041 1866 2370 1937 credebatis,
2401 1888 2522 1929 cum
2553 1886 2609 1931 et
2649 1895 2846 1936 manna
2875 1888 3211 1957 accipientes
3241 1909 3485 1952 murmus

1902 1954 2127 2020 rahatis,
2155 1973 2279 2014 cum
2330 1972 2383 2016 et
2420 1974 2548 2022 ante
2590 1969 2764 2037 legem
2806 1985 2861 2029 et
2901 1989 3094 2036 contra
3126 1982 3298 2055 legem
3330 1989 3483 2046 vituli

1896 2056 2057 2114 caput
2099 2049 2251 2105 vobis
2298 2052 2527 2123 fecistis,
2576 2076 2698 2117 cum
2748 2065 3085 2141 Beelphegor
3122 2049 3482 2152 vosmetipsos

1893 2143 2276 2210 consecrastis,
2305 2160 2426 2201 cum
2450 2148 2723 2208 llaunnam
2747 2158 2887 2226 ignis
2909 2168 3332 2235 contempsistis,
3354 2189 3478 2229 cum

1890 2229 2238 2299 sei-pentibus
2271 2236 2768 2313 interficiebamini,
2804 2268 2909 2307 non
2953 2256 3085 2312 estis
3119 2264 3263 2317 suasi
3293 2282 3306 2318 ε
3353 2281 3477 2324 cum

1892 2327 2034 2376 terra
2083 2324 2477 2386 admirabiliter
2501 2349 2563 2389 os
2598 2351 2753 2393 suum
2797 2345 3045 2411 aperiens
3078 2349 3359 2410 absorbuit
3382 2372 3477 2413 vos

1889 2414 2152 2485 viventes,
2191 2434 2364 2491 neque
2408 2440 2505 2482 vos
2534 2437 2793 2490 cessastis
2822 2439 2888 2492 ab
2916 2440 3094 2509 idolis,
3125 2462 3297 2518 neque
3331 2450 3472 2509 Deus

1889 2510 2139 2576 recessit,
2174 2521 2231 2567 ut
2290 2531 2396 2571 non
2431 2522 2584 2577 vobis
2633 2525 2836 2583 faceret
2886 2531 3069 2604 bene;
3113 2550 3167 2593 et
3198 2510 3474 2603 habebatis

1884 2600 2179 2668 prophetas
2216 2606 2518 2665 vobiscum.
2566 2613 3016 2686 Comparavimus
3054 2600 3224 2698 igitur
3253 2635 3344 2688 illa
3390 2637 3472 2695 his

1885 2704 2003 2759 qua:
2036 2709 2143 2748 non
2176 2707 2303 2752 sunt
2330 2698 2471 2771 (71),
2502 2713 2559 2759 et
2606 2708 3059 2784 interrogavimus
3091 2739 3185 2780 eos
3208 2745 3306 2784 cur
3347 2742 3470 2789 tunc

1882 2796 2003 2835 eum
2031 2792 2176 2839 tanta
2204 2787 2445 2848 flerenta
2473 2796 2645 2864 vobis,
2668 2817 2860 2871 passus
2885 2807 2997 2880 (72)
3046 2824 3129 2871 est
3152 2820 3305 2877 vobis
3353 2787 3468 2896 (73)

1887 2870 2020 2896 nm-
2069 2885 2202 2896 -.
2435 2884 2467 2896 η
2511 2886 2560 2896 --

1886 2870 2044 2939 Deus,
2063 2885 2117 2928 et
2139 2894 2279 2935 nunc
2294 2898 2415 2938 cum
2435 2870 2728 2946 Sabbatum
2746 2900 3029 2959 custoditis
3046 2914 3103 2960 ut
3119 2870 3465 2986 pollicemini:

1886 2974 1927 2986 η
1962 2965 2122 2986 ,μη
2166 2970 2177 2986 .

1880 2974 1934 3017 et
1960 2965 2131 3037 legem
2163 2970 2362 3043 legitis,
2392 2988 2447 3033 et
2486 2980 2655 3040 libros
2700 2965 3133 3065 prophetarum,-
3158 2965 3463 3077 quos—pi;

1880 3067 2064 3113 sentes
2118 3064 2338 3131 quidem
2391 3069 2769 3145 interfecistis,
2823 3081 2992 3141 libros
3036 3064 3218 3148 autem
3268 3064 3460 3158 eorum

1879 3151 2164 3215 purpureis
2197 3156 2377 3223 palliis
2424 3160 2748 3224 honoratis:
2785 3187 2904 3243 qua:
2937 3194 3102 3236 causa
3136 3196 3220 3240 est
3248 3199 3303 3243 ut
3338 3202 3461 3250 tunc

1878 3238 2094 3307 quidem
2129 3252 2275 3302 tanta
2311 3252 2463 3309 vobis
2500 3238 2826 3321 facientibus
2874 3271 3033 3339 mala,
3074 3286 3220 3334 tanta
3261 3282 3460 3342 fiebant

1878 3328 1931 3380 in
1967 3332 2120 3387 vobis
2156 3335 2251 3392 Dei
2284 3339 2443 3409 bona,
2475 3355 2533 3400 et
2572 3352 2794 3418 spiritus
2819 3358 2974 3415 vobis
3005 3328 3219 3437 aderat,
3249 3383 3301 3426 et
3338 3390 3458 3443 pro-

1878 3420 2049 3443 nl‘nl-
2084 3426 2167 3443 —-l
2192 3427 2203 3437 '
2566 3439 2583 3443 ⁸
2619 3439 2655 3443 ”

1875 3420 2052 3486 phetze
2084 3426 2360 3484 vobiscum
2392 3439 2586 3492 erant?
2612 3439 2766 3500 Nunc
2798 3459 3004 3518 autem,
3033 3469 3157 3511 cum
3198 3420 3251 3515 et
3281 3420 3456 3531 legem

1875 3509 2041 3531 ,μη
2138 3527 2147 3531 ,
2200 3519 2234 3531 ..
2276 3523 2331 3531 ..

1873 3509 2075 3582 legitis,
2099 3527 2154 3572 et
2183 3519 2387 3589 dicitis,
2415 3537 2470 3581 et
2492 3535 2797 3602 custoditis,
2824 3551 2879 3596 et
2909 3544 3205 3618 feriamini,
3237 3566 3292 3611 et
3322 3509 3457 3615 gab-

1871 3604 2057 3662 hatum
2097 3612 2420 3685 observatis,
2456 3630 2511 3676 et
2566 3627 2635 3680 ab
2667 3632 2807 3686 escis
2838 3650 2934 3691 vos
2976 3641 3298 3716 abstinetis;
3340 3653 3454 3709 sine

1870 3716 2032 3759 causa
2059 3704 2344 3779 laboratis,
2376 3723 2434 3772 et‘
2458 3719 2711 3792 vigilatis,
2736 3743 2833 3797 per
2862 3745 3078 3791 noctem
3107 3704 3345 3811 psalmos
3373 3730 3453 3803 di-

1868 3805 2075 3863 centes,
2103 3808 2155 3854 et
2185 3816 2282 3873 per
2298 3806 2548 3866 civitates
2568 3822 2624 3867 et
2649 3821 2900 3879 nationes
2923 3805 3225 3903 synagogas
3251 3841 3450 3894 consti»

1867 3889 2069 3955 tuistis,
2099 3903 2156 3949 et
2176 3912 2361 3953 arcam
2394 3912 2449 3958 et
2477 3909 2798 3968 candelabra
2826 3925 2880 3971 et
2912 3889 3157 3989 nteusns:
3180 3940 3233 3982 et
3267 3936 3448 3988 omnis

1867 3977 2027 4034 vultis
2064 3980 2243 4039 facere
2272 4004 2417 4045 nunc
2440 3998 2614 4065 magis
2641 4014 2802 4069 quam
2841 4006 2892 4060 in
2920 4018 3061 4065 terra
3093 4021 3311 4074 vestra?
3340 4020 3446 4080 Cur

1867 4077 1992 4125 tunc
2021 4089 2142 4129 cum
2169 4086 2316 4133 tanta
2353 4085 2490 4140 mala
2521 4087 2800 4150 faciebatis
2828 4107 3007 4158 tantos
3030 4106 3309 4166 habebatis
3330 4130 3429 4182 pro

1865 4161 2075 4230 phetas,
2105 4176 2161 4221 et
2190 4168 2408 4245 Moysen
2433 4191 2591 4245 quem
2614 4184 2863 4242 voluistis
2886 4188 3146 4261 lapidare,
3170 4210 3225 4254 et
3257 4161 3440 4261 Aarron

1862 4254 1948 4309 cui
1982 4258 2089 4311 vim
2121 4260 2403 4333 irrogastis
2425 4286 2440 4323 :
2464 4286 2606 4328 nunc
2628 4286 2806 4333 autem
2829 4298 2952 4338 cum
2989 4286 3242 4347 videmini
3266 4308 3442 4350 custo-

1860 4343 1977 4399 dire
2005 4346 2195 4419 legem,
2221 4365 2273 4409 et
2291 4360 2468 4415 onmia
2496 4362 2677 4422 facere
2708 4380 2764 4425 ut
2788 4376 3102 4437 praedictum
3127 4395 3229 4450 est,
3260 4390 3440 4448 nullus

1862 4438 2137 4496 vobiscum
2161 4449 2425 4515 propheta
2444 4455 2568 4508 est?
2599 4454 2766 4515 Putas
2783 4464 2907 4532 quia
2934 4465 3188 4539 Romani,
3209 4438 3439 4548 compel.

2800 4525 2814 4532 -
3134 4525 3188 4539 ίνι
3216 4525 3416 4548 "-"r‘"

1860 4525 2029 4583 limini
2060 4535 2204 4590 enim
2246 4539 2449 4609 dicere,
2495 4548 2619 4615 quia
2645 4552 2784 4607 citra
2822 4557 3155 4618 voluntatem
3210 4570 3303 4625 Dei
3348 4574 3437 4629 deo

2436 4604 2445 4609 '
2511 4604 2527 4615 Ι
2658 4604 2667 4605 7
2708 4604 2784 4607 77"
2834 4604 3155 4618 -ν--ιιυκῑνιιι

164 4604 470 4660 adorarent
496 4607 657 4676 idola,
693 4620 748 4665 et
776 4613 1012 4669 comedit
1046 4615 1246 4674 multos
1287 4636 1303 4673 :
1338 4630 1395 4676 et
1436 4624 1529 4691 qui
1574 4624 1751 4681 relicti
1785 4641 1830 4695 ῃ
1859 4632 2176 4683 Struxerunt
2223 4644 2458 4690 vestram
2499 4640 2822 4701 civitatem?
2869 4648 3131 4720 Spiritum
3184 4674 3435 4721 sanctum

164 4706 292 4721 -..με
349 4700 639 4721 ..ΔΑ-,ι----ι
674 4702 766 4721 ,9ᾼ-
798 4705 828 4721 ,I
882 4719 894 4721 _
922 4720 927 4721 ,
1008 4705 1022 4721 ι
1210 4711 1222 4721 α
1445 4716 1481 4721 -.
1538 4716 1609 4721 -.--
1720 4720 1723 4721 ,

161 4706 319 4761 sunt,
348 4700 643 4756 adorarunt
668 4702 963 4760 simulacra
991 4705 1406 4767 damoniorum.
1440 4716 1504 4770 Et
1537 4716 1612 4771 illi
1640 4720 1755 4786 qui-

163 4791 292 4845 dem
331 4795 815 4865 consumebantur,
859 4810 921 4854 ut
965 4815 1071 4858 non
1119 4803 1427 4871 adorarent,
1462 4816 1517 4863 at
1553 4809 1754 4866 nihilo-

158 4884 352 4943 minus
389 4886 689 4943 adorabant
733 4889 867 4964 (70).
911 4891 1018 4950 Nos
1066 4904 1247 4951 autem
1283 4900 1659 4956 consumimur
1693 4912 1751 4958 ut

159 4970 478 5039 adoremus,
511 4982 567 5028 et
612 4991 718 5032 non
771 4980 1087 5041 adoramus.
1144 4975 1266 5039 Non
1314 4988 1517 5058 quippe
1563 5001 1749 5049 nostra

158 5060 392 5125 virtute,
425 5064 520 5118 sed
553 5068 733 5124 crucis
765 5072 1027 5139 potentia.
1065 5073 1361 5144 Serpentes
1397 5093 1489 5135 eos
1533 5086 1751 5138 morde-

158 5150 326 5219 bant,
358 5163 416 5209 et
442 5157 686 5215 immisso
722 5176 932 5219 veneno
973 5168 1316 5226 occidebant.
1348 5182 1403 5226 et
1436 5187 1531 5236 per
1559 5189 1749 5239 omnes

1858 4715 1980 4783 quis
2018 4718 2241 4777 abstulit
2282 4741 2310 4778 a
2346 4727 2535 4785 vobis?
2565 4732 2664 4788 Ubi
2696 4750 2839 4794 nunc
2870 4715 3010 4811 apud
3045 4763 3140 4804 vos
3172 4715 3435 4825 propheta

1859 4808 1976 4863 est?
2004 4809 2145 4867 Dicit
2186 4816 2326 4873 Deus
2351 4820 2405 4875 in
2440 4823 2689 4883 Ezechiel
2719 4808 2981 4905 propheta
3011 4856 3027 4894 :
3071 4808 3433 4914 Poeninis—iste

1856 4906 2089 4969 peccavit
2125 4906 2181 4960 in
2228 4925 2328 4976 me,
2370 4924 2418 4967 et
2455 4917 2577 4972 misi
2601 4935 2689 4975 eos
2726 4925 2797 4978 ad
2836 4906 3191 4998 captivitatem
3225 4938 3291 4993 ⁷³.
3329 4940 3431 4996 Sed

1857 5010 1962 5051 non
1986 4996 2087 5051 ista
2109 5010 2430 5071 metuentes,
2453 5007 2641 5079 inquit,
2661 5015 2727 5069 ad
2753 4996 2942 5085 gentes
2968 5025 3289 5083 audiebant:
3321 5031 3429 5088 Iste

1857 5098 1934 5142 est
1960 5091 2186 5158 populus
2225 5094 2319 5150 Dei
2358 5109 2404 5153 et
2436 5111 2576 5157 terra
2610 5104 2705 5161 Dei
2729 5109 2795 5164 ⁷⁸.
2836 5112 2902 5167 Ει
2936 5117 3186 5186 educam,
3228 5122 3424 5192 inquit,

1858 5193 2078 5252 propter
2100 5200 2297 5244 nomen
2319 5206 2519 5259 meum,
2547 5206 2603 5251 et
2625 5200 2878 5258 reducam
2909 5220 3022 5272 eos,
3045 5218 3103 5263 et
3125 5211 3288 5269 dicito
3311 5218 3388 5273 eis
3412 5236 3426 5275 :

237 5290 286 5322 θ’
322 5289 425 5346 lsa.
455 5307 511 5359 v,
534 5293 591 5348 4.
663 5297 710 5329 ¹⁰
744 5296 1142 5366 Jerem.u,50.
1179 5305 1224 5337 “
1268 5307 1367 5362 lsa.
1397 5325 1448 5373 v,
1471 5309 1525 5365 4.
1603 5313 1649 5344 ⁷²
1687 5311 1852 5383 lsa.|,
1880 5317 1931 5373 5.
2010 5319 2275 5380 "Ezech.
2304 5342 2491 5393 xxxvr,
2538 5333 2623 5384 19.
2702 5329 2750 5363 "
2790 5336 2917 5395 ibid.
2949 5340 3040 5396 20.

233 5410 352 5480 (66)
389 5410 732 5491 Inceduntur.
759 5415 923 5491 Forte
951 5420 1261 5479 incidantur
1308 5426 1425 5491 (aut
1449 5430 1737 5487 incendan-

158 5491 361 5557 tur,___e_t
391 5487 628 5557 ardeant,
658 5496 705 5540 et
734 5489 1016 5557 nudentur,
1044 5503 1149 5547 etc.

234 5552 354 5633 (ζει)
399 5552 853 5633 Lnterﬁcieutiuin.
883 5559 987 5633 Pro
1002 5552 1430 5633 interfectorum.

232 5622 351 5693 (68)
394 5622 741 5711 Exclusamus.
782 5628 892 5711 Vox
919 5622 1197 5711 interpreti
1224 5622 1735 5711 nostrofamiliaris,

201 5708 354 5780 roleo
376 5696 516 5780 quod
540 5702 943 5780 est-repudiare,
974 5696 1202 5780 reji'cere.
1231 5706 1323 5762 Sic
1342 5725 1526 5780 supra,
1552 5696 1651 5769 lib.
1670 5696 1733 5770 ll:

201 5710 263 5748 ro
290 5708 354 5747 eo
376 5708 516 5762 quoa
540 5708 623 5750 est
648 5708 943 5767 repudiare,
974 5708 1202 5770 rejicere.
1231 5708 1323 5762 Sic
1342 5725 1526 5780 supra,
1552 5713 1642 5769 lib.
1670 5708 1733 5770 tt.

156 5708 241 5819 Bc
270 5763 375 5818 fide
404 5766 882 5847 adv:_Sabell.__sub
901 5771 990 5847 lin.
1012 5790 1024 5825 :
1044 5772 1284 5830 Contenti
1306 5782 1470 5835 simus
1501 5786 1733 5847 veritate,

156 5850 469 5912 excusemus
500 5834 647 5900 lites;
676 5838 845 5912 etlib.
876 5856 915 5896 ι.
944 5842 1018 5899 De
1058 5859 1255 5900 resurr.
1300 5853 1441 5906 circa

157 5907 288 5960 talis
312 5914 444 5960 esset
472 5911 806 5979 resurrectio,
833 5927 1200 5972 excusaremus
1225 5922 1405 5989 utique
1431 5907 1737 5994 resurgere

1848 5444 1906 5527 et
1945 5437 2081 5527 infra
2108 5457 2126 5494 :
2155 5438 2356 5497 Factus
2385 5462 2439 5499 es
2483 5448 2765 5516 perfectus,
2815 5453 3076 5520 [armatus
3114 5475 3189 5527 es,
3236 5476 3426 5520 excusa

1844 5506 1999 5569 illud,
2025 5523 2130 5565 etc.
2483 5506 2493 5515 ’
2575 5506 2587 5516 ’
2752 5506 2763 5514 ’
2815 5506 2823 5520 ’

1915 5578 2028 5649 (69)
2061 5580 2319 5637 Ecclesia.
2349 5584 2515 5642 Forte
2558 5588 2823 5649 Ecclesia.

1942 5650 2028 5723 71))
2068 5650 2166 5723 bis.
2215 5652 2283 5705 Et
2311 5657 2650 5715 nihilominus
2680 5665 2995 5723 adorabant.

1937 5720 1999 5773 71
2067 5721 2210 5774 Νοη.
2246 5724 2408 5779 Forte
2439 5745 2598 5786 nunc.

1914 5722 2029 5861 (793
2070 5790 2168 5845 Ms.
2217 5793 2410 5851 Passus
2435 5810 2513 5853 est
2552 5816 2584 5855 a

2070 5790 2410 5892 Mein-Fassus
2435 5810 2513 5853 est
2552 5816 2584 5855 a
2630 5804 2775 5861 nobis
2812 5805 2972 5865 Deus.
3006 5802 3261 5873 Fortasse
3295 5833 3404 5892 pas-

1845 5875 1931 5914 sus
1958 5873 2033 5914 est
2070 5880 2101 5915 α
2128 5863 2287 5920 vobis.

1921 5930 2033 6002 (75)
2089 5930 2266 5995 Vobis.
2292 5933 2454 5998 Forte
2480 5958 2587 6003 vos.
