3956 6546
534 419 667 473 1105

1229 415 1493 470 EUSEBII
1525 414 2001 471 CAESARIENSIS
2040 415 2191 471 OPP.
2235 414 2411 470 PAItS
2465 413 2552 467 IV.
2588 442 2655 453 —
2684 412 3099 471 DOCMATICA.

3622 423 3765 477 11οι

533 536 653 590 Non
684 544 892 604 propter
914 551 1000 588 vos
1033 536 1195 603 facio,
1218 544 1401 589 domus
1431 534 1617 599 Israel,
1640 537 1732 593 seti
1760 545 1970 604 propter
2001 552 2093 587 no-
2126 540 2165 592 A
2198 534 2377 604 pulum
2412 548 2505 603 per
2535 533 2684 603 signa
2719 549 2822 587 non
2878 533 3068 599 suasit,
3112 531 3269 589 Jesus
3301 547 3478 592 autem
3506 553 3603 607 per
3637 554 3767 593 cru-

529 645 641 681 men
672 642 839 679 meum
871 626 936 678 ".
974 625 1062 679 llle
1097 626 1231 679 Deus
1262 626 1352 694 qui
1381 627 1514 680 dixit
1557 636 1703 690 tunc,
1732 623 1847 679 Non
1877 636 2093 694 promer

530 734 623 772 vos
658 717 819 779 facio.
855 718 947 770 sed
980 727 1199 787 propter
1239 733 1432 771 nomen
1466 733 1662 777 meum,
1702 730 1841 771 nunc
1868 717 2095 770 audiens

530 824 624 861 vos
672 808 932 873 dicentes,
983 809 1106 879 quia
1157 809 1406 878 religiose
1450 807 1675 861 fecimus
1730 806 2093 876 crucifigendo

529 900 827 963 Christum,
848 910 902 953 et
931 898 1039 953 sint
1069 900 1142 952 illi
1173 899 1314 969 digni
1341 910 1557 969 propter
1576 900 1724 968 prius
1744 899 2090 965 opprobrium

529 995 766 1066 gentium
797 992 939 1046 dicat
966 1002 1023 1045 ut
1051 993 1183 1046 dixit
1212 1008 1224 1043 :
1257 1002 1310 1045 et
1333 1008 1492 1057 nunc,
1521 991 1562 1045 si
1608 1002 1785 1044 tamen
1829 991 2093 1061 permittit

529 1097 765 1141 vestrum
809 1095 1109 1152 peccatmn,
1156 1085 1207 1138 iu
1255 1101 1416 1137 uumn
1461 1100 1564 1136 non
1609 1093 1826 1152 propter
1872 1083 2091 1137 domum

529 1175 690 1231 Israel
739 1175 897 1240 facio,
949 1174 1040 1229 sed
1091 1185 1307 1242 propter
1343 1188 1535 1225 nomen
1575 1187 1751 1224 meum
1788 1189 1800 1224 :
1845 1184 1899 1224 et
1944 1180 2092 1225 certe

530 1274 748 1335 propter
778 1280 969 1318 nomen
1012 1280 1165 1317 suum
1214 1278 1355 1316 nunc
1395 1277 1489 1315 vos
1529 1277 1631 1315 non
1679 1263 1904 1316 reducit.
1941 1262 2092 1316 Sicut

528 1358 672 1411 enim
700 1366 825 1410 tunc
853 1366 1070 1424 propter
1100 1370 1289 1408 nomen
1318 1370 1473 1407 suum
1507 1353 1776 1407 revocavit
1803 1368 1817 1406 :
1852 1353 1922 1405 ita
1951 1368 2092 1407 nunc

528 1458 746 1518 prepter
776 1463 965 1501 nomen
1000 1463 1155 1500 suum
1185 1461 1276 1499 vos
1305 1461 1407 1499 non
1438 1455 1673 1499 revocat.
1708 1443 1762 1497 Si
1791 1445 1935 1497 enim
1963 1460 2089 1512 pro-

527 1549 648 1607 pter
679 1554 869 1592 nomen
896 1554 1044 1590 suum
1080 1536 1209 1590 facit
1229 1536 1369 1605 quod
1409 1550 1512 1587 non
1545 1534 1691 1598 facit,
1719 1535 1875 1588 debet
1904 1547 1957 1588 et
1986 1550 2088 1587 nun

529 1630 838 1699 permittere
889 1629 1000 1682 fieri
1055 1644 1114 1682 ea
1170 1644 1286 1696 quae
1338 1628 1587 1696 praedixit
1635 1626 1906 1690 Salvator,
1967 1644 2087 1680 cum

528 1722 873 1777 ostenderent
902 1722 948 1774 ei
991 1720 1192 1787 lapides
1226 1720 1428 1788 templi,
1470 1719 1593 1788 quia
1632 1736 1732 1772 non
1767 1719 2089 1787 relinquetur

527 1812 659 1879 lapis
691 1828 844 1880 super
874 1810 1120 1877 lapidem,
1159 1810 1249 1880 qui
1289 1826 1389 1862 non
1423 1812 1721 1862 destruatur
1746 1818 1793 1849 ⁷⁸
1826 1827 1841 1864 :
1874 1820 1927 1862 et
1966 1826 2087 1862 cum

528 1905 747 1957 deﬂoret
775 1900 1129 1965 Hierusalem,
1166 1909 1218 1954 et
1258 1900 1571 1968 praediceret
1620 1900 1741 1969 quia
1789 1901 2091 1953 circumda-

527 1995 649 2049 bunt
683 2011 800 2047 eam
835 1994 1060 2055 inimici,
1094 2002 1145 2048 et
1179 1993 1455 2047 destruent
1496 2007 1614 2045 eam
1646 2010 1659 2054 ;
1702 2003 1757 2046 et
1797 2008 1915 2044 rum
1949 1991 2094 2044 dice-

526 2098 608 2143 ret
638 2088 844 2142 liliabus
873 2087 1081 2140 |;rael:
1128 2084 1279 2138 Filite
1321 2083 1511 2147 Israel,
1542 2085 1699 2137 nolite
1741 2084 1947 2152 plorare
1990 2100 2090 2148 me,

527 2181 615 2234 sed
630 2181 859 2249 plangite
883 2197 966 2231 vos
987 2188 1034 2232 et
1068 2178 1206 2245 [ilics
1242 2189 1430 2231 vestros
1456 2189 1473 2227 :
1503 2179 1697 2229 venient
1720 2180 1878 2239 enim,
1900 2176 2089 2245 inquit,

527 2273 633 2327 dies
660 2290 774 2325 cum
808 2271 1081 2337 patiemini
1105 2287 1166 2323 ea
1206 2286 1322 2336 qua'
1353 2283 1520 2337 passae
1552 2279 1669 2321 sunt
1697 2269 1762 2323 ".
1804 2266 1897 2321 His
1927 2266 2093 2321 semel

527 2373 577 2419 et
605 2363 685 2418 bis
713 2373 767 2418 et
794 2363 954 2417 tertio
978 2378 1007 2416 2
1031 2361 1315 2416 Salvatore
1334 2359 1627 2431 praadietis,
1651 2359 1695 2413 si
1730 2358 1955 2413 mendax
1988 2368 2090 2424 est,

527 2455 639 2509 etsi
663 2466 848 2509 c0utra
876 2454 1043 2524 legem
1080 2452 1306 2513 faciens.
1343 2454 1387 2507 si
1418 2451 1769 2507 defendentes
1804 2450 1973 2520 legem
2002 2466 2093 2503 oe.

528 2547 944 2617 cideruntquem
968 2546 1311 2610 occiderunt;
1341 2546 1557 2600 deberet
1583 2545 1721 2598 Deus
1752 2551 1807 2597 ut
1842 2551 2093 2612 argueret

528 2642 938 2709 praadicationes
964 2638 1270 2701 mendaces,
1304 2638 1413 2708 pati
1443 2637 1559 2691 illos
1589 2638 1751 2692 etiam
1788 2652 1930 2691 nunc
1962 2650 2091 2704 pee-

527 2742 736 2793 Cantes.
768 2743 823 2784 ut
859 2742 907 2785 et
950 2741 1102 2784 antea
1134 2744 1326 2799 passus
1364 2737 1464 2783 est.
1507 2730 1563 2784 Si
1615 2740 1793 2784 autem
1840 2729 2094 2783 Salvator

526 2823 739 2893 quidem
771 2821 1040 2891 praedixit,
1074 2821 1236 2874 Pater
1264 2828 1442 2874 autem
1473 2820 1697 2874 audiens
1725 2818 2088 2886 conﬁrmavit,

526 2924 578 2967 et
610 2928 773 2984 opera
802 2921 1094 2978 testantur,
1141 2912 1531 2982 praedicatione
1580 2911 1870 2979 dupliciter
1912 2910 2092 2965 convi-

525 3015 645 3060 ctus
673 3014 757 3059 est
790 3002 974 3058 Israel.
1002 3001 1137 3069 Quia
1174 3001 1337 3072 igitur
1381 3010 1607 3069 apparet
1652 3000 1924 3069 correptio
1972 3014 2092 3068 qua:

525 3113 620 3168 per
667 3110 883 3151 crucem
941 3095 1081 3148 iacta
1130 3094 1180 3147 iu
1221 3094 1419 3146 mundo
1458 3091 1681 3156 eﬂ'ulsit,
1736 3092 2090 3159 interrogavi-

526 3205 645 3245 mus
671 3203 784 3253 eos,
812 3201 969 3257 quem
1000 3186 1166 3240 vultis
1203 3200 1325 3240 esse
1364 3184 1546 3239 Jesum
1582 3183 1606 3237 ἲ
1652 3183 1925 3238 hominem
1958 3198 2087 3253 pec-
2117 3216 2159 3273 ϐ

526 3292 763 3334 catorem
790 3289 845 3332 et
866 3287 1056 3332 contra
1086 3279 1254 3348 legem
1281 3275 1611 3331 facientem?
1644 3274 1781 3345 Ergo
1805 3275 2089 3343 producite

526 3381 733 3424 vestros
754 3369 952 3439 justos,
980 3380 1033 3421 et
1065 3368 1157 3421 liat
1184 3364 1538 3435 comparatio.
1568 3364 1719 3417 Absit
1760 3373 1817 3417 ut
1863 3380 1890 3416 a
1936 3364 2093 3419 nobis

525 3460 721 3525 Servis,
752 3461 815 3513 ad
844 3458 1124 3512 Dominum
1158 3459 1171 3511 ι
1202 3457 1336 3524 Quia
1376 3465 1557 3510 autem
1581 3456 1646 3508 ad
1680 3453 1892 3509 Judzeos
1924 3455 2092 3524 loqui-

526 3570 665 3617 mur,
698 3561 910 3622 oportet
962 3566 1057 3606 nos
1102 3551 1400 3605 infantiari.
1447 3548 1836 3617 Comparemus
1882 3548 1934 3602 in
1976 3548 2089 3619 (74)

525 3645 699 3714 signa,
734 3654 787 3696 et
815 3657 1155 3710 opponatnus
1208 3640 1453 3694 lucernas
1500 3638 1683 3709 plures
1720 3638 1817 3693 soli
1870 3655 1995 3699 uno.
2038 3649 2093 3693 et

525 3739 769 3791 dicamus
792 3734 990 3788 Iudaeis
1017 3750 1029 3785 :
1052 3732 1220 3798 Quem
1249 3733 1410 3786 vultis
1432 3731 1613 3787 .lcsum
1643 3731 1799 3787 esse?
1826 3741 1884 3785 ut
1912 3732 2087 3786 Abra-

526 3830 650 3883 ham
678 3827 701 3880 ?
732 3826 1009 3891 Ostendite
1059 3840 1190 3894 ergo
1244 3840 1401 3893 quem
1442 3826 1613 3878 suasit
1658 3824 1955 3886 Abraham,
2006 3824 2088 3877 vel

527 3936 688 3973 unum
734 3919 877 3985 licet,
936 3920 1004 3973 ab
1047 3917 1344 3972 idololatria
1383 3918 1449 3970 ad
1501 3916 1949 3987 religiositatem:
1995 3927 2089 3969 aut

526 4029 630 4067 non
663 4012 765 4068 hoc
792 4013 1021 4081 primum
1064 4020 1118 4066 et
1157 4012 1208 4063 in
1243 4018 1421 4063 vestra
1459 4009 1578 4079 lege
1629 4009 1939 4062 mandatum
1984 4019 2085 4061 est.

526 4104 631 4160 Sed
670 4104 820 4158 Isaac
848 4103 1252 4173 comparabitur
1292 4103 1365 4156 rei
1403 4102 1514 4173 (75)
1550 4100 1681 4170 ipse,
1726 4110 1779 4153 et
1822 4099 1889 4153 de
1937 4098 2088 4153 Isaac

524 4198 631 4251 erit
657 4212 855 4252 sermo.
912 4197 1081 4262 Quem
1129 4197 1299 4251 suasit
1339 4197 1528 4250 Isaae?
1566 4195 1670 4250 Sed
1711 4194 1899 4260 Jacoh,
1935 4196 2088 4265 cujus

524 4298 578 4341 et
612 4302 768 4341 socer
805 4286 859 4341 in
888 4286 1189 4340 idololatria
1243 4286 1586 4356 permansit?
1619 4285 1725 4340 Sed
1764 4286 1952 4356 Moysi,
1997 4288 2085 4355 qui

525 4394 631 4432 nou
653 4378 826 4446 potuit
851 4392 946 4446 per
974 4376 1137 4429 multa
1165 4376 1317 4445 signa
1342 4385 1395 4430 et
1426 4376 1665 4445 prodigia
1698 4375 1836 4429 lllios
1857 4375 2086 4430 Abrahae

524 4471 590 4525 ad
634 4468 899 4522 culturam
949 4468 1180 4521 Abraha:
1226 4466 1569 4521 transferre?
1617 4467 1707 4534 qui
1763 4480 1866 4520 non
1916 4469 2089 4536 potuit

2195 642 2331 691 cem,
2362 642 2457 695 per
2487 626 2821 694 scandalum,
2850 637 3026 682 etnon
3062 642 3155 697 per
3180 628 3328 699 signa
3366 640 3457 687 aut
3493 632 3763 701 prodigia,

2194 722 2452 775 mundum
2491 720 2763 775 transtulit
2794 722 2859 773 ad
2907 720 2996 776 Dei
3038 720 3300 774 culturam
3346 740 3360 776 :
3418 722 3632 794 Moyses
3683 725 3764 777 lu-

2195 825 2353 865 cerna
2398 826 2465 866 ne
2504 811 2719 880 quidem
2768 810 2861 865 uni
2892 811 3072 866 domui
3116 811 3350 878 sufﬁcit,
3388 811 3546 868 Iesus
3585 824 3765 870 autem

2196 903 2273 956 sol
2309 903 2554 971 iustitiae,
2601 904 2644 958 si
2682 918 2784 958 non
2824 904 2987 972 fulget
3030 906 3258 961 mundus
3308 917 3363 962 et
3412 908 3770 977 illuminatur,

2196 1010 2298 1047 non
2331 995 2401 1048 sit
2435 994 2539 1051 sol.
2572 995 2645 1048 Ex
2686 995 2911 1065 negotiis
2946 996 3090 1050 enim
3113 1006 3162 1052 et
3195 1000 3625 1068 nuncnpatioues
3641 1014 3770 1056 sunt

2193 1086 2533 1155 accipienda}.
2557 1087 2612 1142 Si
2645 1088 2974 1142 illuminatur
3017 1091 3269 1153 mundus,
3296 1090 3373 1143 sol
3391 1090 3618 1159 justitim
3642 1102 3727 1148 est
3755 1116 3766 1148 :

2195 1176 2280 1229 ubi
2310 1176 2451 1231 enim
2478 1178 2754 1247 praecurrit
2781 1193 2937 1247 opus,
2978 1180 3230 1249 adjuncta
3277 1181 3347 1233 sit
3389 1190 3443 1235 et
3490 1197 3771 1251 nuncupa-

2197 1270 2285 1323 tio.
2327 1269 2535 1339 Moyses
2592 1270 2809 1325 lucerua
2865 1287 3033 1340 quare
3080 1271 3253 1326 dictus
3295 1282 3399 1335 est,
3444 1274 3535 1342 qui
3598 1290 3772 1341 neque

2193 1358 2449 1413 fratribus
2480 1359 2592 1415 suis
2619 1369 2675 1413 et
2699 1360 2947 1430 cognatis
2980 1359 3160 1415 lucere
3210 1361 3380 1415 valuit
3416 1363 3440 1403 ν
3489 1362 3769 1431 Siquidem

2191 1452 2257 1503 ad
2295 1452 2426 1506 lines
2457 1451 2569 1522 (77)
2600 1451 2716 1521 ejus
2745 1451 2851 1521 igni
2880 1454 3185 1520 consumpti
3213 1464 3338 1506 sunt
3368 1455 3468 1507 sub
3504 1455 3598 1509 illo
3638 1470 3769 1523 pec-

2191 1550 2377 1595 cantes
2407 1582 2421 1605 ,
2483 1550 2536 1595 et
2584 1542 2764 1595 Aaron
2794 1556 2887 1609 per
2934 1556 2995 1595 os
3026 1526 3190 1609 ipsius
3241 1541 3406 1613 Moysi
3452 1542 3772 1615 obiurgatus

2190 1642 2310 1695 est,
2341 1643 2393 1686 et
2418 1642 2636 1702 propter
2671 1632 2844 1704 ipsum
2892 1631 3112 1703 Moysen
3139 1633 3452 1705 obiurgatus
3480 1651 3509 1687 a
3545 1634 3657 1690 Deo
3684 1645 3771 1690 est

2193 1726 2393 1777 Aaron.
2426 1722 2526 1790 Qui
2565 1732 2766 1777 norunt
2818 1722 3129 1790 Scripturas
3174 1724 3353 1777 sciunt
3404 1740 3527 1794 qua:
3579 1726 3771 1778 dicun-

2198 1822 2303 1868 tur.
2342 1813 2560 1884 Moysen
2590 1815 2892 1882 producunt
2914 1812 3055 1881 quod
3082 1812 3330 1882 jurgatus
3374 1828 3401 1866 a
3441 1811 3551 1867 Deo
3582 1822 3688 1878 est,
3718 1825 3773 1867 et

2198 1904 2356 1958 linem
2378 1903 2585 1973 justum
2615 1902 2802 1958 habuit
2835 1902 2978 1957 vitae.
3015 1903 3119 1957 Sed
3150 1919 3244 1957 nos
3275 1904 3652 1973 compellimur
3689 1906 3771 1957 di-

2196 2008 2317 2049 cere
2350 1996 2634 2049 adversum
2667 2004 2886 2048 sanctos
2915 2008 3049 2061 quos
3074 1996 3321 2065 cupimus
3346 1995 3635 2049 honorare.
3666 1995 3769 2050 Sed

2197 2100 2299 2139 non
2350 2085 2580 2140 dicimus
2651 2086 2913 2138 adversus
2966 2083 3208 2154 Moysen,
3254 2087 3348 2140 sed
3394 2100 3455 2139 ea
3498 2085 3771 2155 loquimur

2194 2194 2311 2247 quae
2356 2176 2468 2230 vult
2493 2194 2504 2228 :
2534 2177 2647 2246 ipse
2674 2176 2804 2230 dicit
2833 2176 3062 2247 Moyses.
3089 2175 3220 2230 Nam
3247 2186 3303 2231 et
3328 2177 3371 2231 si
3395 2180 3771 2247 compellimur

2194 2271 2393 2337 dicere,
2436 2270 2664 2325 dicimus
2702 2269 2822 2322 ideo
2858 2280 2915 2322 ιιι
2947 2271 3387 2326 commendemus
3419 2286 3480 2325 ea
3505 2286 3628 2340 quae
3656 2272 3767 2339 ipse

2196 2362 2400 2432 Moyses
2448 2360 2514 2415 de
2557 2358 2778 2414 Christo
2836 2358 3045 2414 locutus
3096 2369 3204 2414 est.
3255 2360 3391 2430 Ergo
3433 2361 3570 2415 falso
3595 2360 3765 2417 Judaei

2194 2453 2410 2525 Moysen
2440 2453 2700 2507 adversus
2727 2451 2945 2523 Moysen
2982 2452 3183 2523 legunt.
3213 2451 3470 2522 Legentes
3502 2454 3650 2507 enim
3683 2455 3766 2506 di-

2193 2554 2341 2608 euut,
2377 2545 2501 2615 quia
2537 2542 2672 2597 nihil
2712 2544 2823 2596 veri
2881 2541 3135 2611 loquitur.
3187 2541 3296 2598 Nos
3326 2555 3500 2598 autem
3543 2543 3763 2616 Moysen

2193 2649 2290 2705 pro
2320 2633 2500 2702 Moyse
2527 2633 2771 2700 legimus.
2810 2632 2875 2685 Et
2905 2632 3030 2701 quid
3055 2635 3426 2687 contendimus
3451 2634 3518 2688 ad
3545 2633 3759 2691 Judams

2195 2738 2320 2778 vere
2357 2723 2571 2777 adicere
2597 2722 2708 2794 (78)
2732 2738 2851 2793 quae
2883 2725 3020 2793 apud
3050 2723 3267 2779 Iudaeos
3299 2725 3590 2791 habentur,
3621 2744 3767 2797 quae.

2193 2830 2297 2885 que
2338 2815 2491 2870 nobis
2537 2814 2896 2870 concedunt?
2949 2815 3019 2869 At
3068 2816 3205 2870 idem
3256 2814 3422 2871 Judaei
3468 2821 3767 2874 concedant

2194 2907 2349 2962 nobis
2380 2908 2505 2978 quia
2532 2905 2744 2977 Moyses
2763 2922 2888 2962 vera
2924 2906 3132 2962 loeutus
3160 2918 3262 2974 est,
3293 2918 3347 2963 et
3378 2910 3554 2965 nullus
3579 2927 3613 2965 e
3642 2928 3764 2980 pro-

2192 3000 2370 3068 phetis
2402 3000 2661 3053 mentitus
2698 3008 2804 3064 est,
2854 3015 3029 3069 neque
3074 3001 3215 3056 Deus
3265 3002 3478 3056 horum.
3531 3003 3765 3058 Dicimus

2191 3090 2333 3144 enim
2368 3090 2488 3160 quia
2522 3105 2709 3144 omnes
2738 3091 3123 3159 promissiones
3159 3090 3277 3157 Dei,
3317 3108 3435 3162 qua:
3473 3108 3569 3163 per
3594 3094 3763 3163 legem

2192 3181 2347 3237 factae
2375 3189 2502 3236 sunt
2534 3191 2584 3235 et
2629 3196 2724 3252 per
2770 3183 3078 3253 prophetas,
3119 3184 3351 3252 impleta:
3392 3196 3518 3238 sunt
3563 3186 3618 3239 in
3669 3188 3763 3238 ad-

2197 3284 2355 3328 vequ
2390 3274 2599 3329 Domini
2629 3276 2852 3337 Christi,
2913 3284 2966 3329 et
3003 3276 3179 3329 adhuc
3228 3290 3396 3345 usque
3449 3277 3758 3344 implentur.

2194 3364 2307 3419 IIoc
2342 3374 2425 3419 est
2454 3365 2724 3423 honorare
2768 3366 2939 3422 libros
2972 3368 3383 3437 prophetarum,
3422 3383 3525 3421 non
3559 3384 3763 3436 purpu-

2194 3461 2304 3514 reis
2333 3460 2495 3530 pallis
2534 3475 2562 3514 a
2604 3460 2755 3526 foris,
2785 3462 2879 3517 sed
2926 3462 3072 3515 illum
3104 3463 3193 3532 qui
3254 3464 3396 3516 intus
3440 3464 3766 3532 praedicatur

2192 3566 2504 3621 agnoscere.
2553 3552 2669 3607 Non
2721 3562 2803 3607 est
2846 3554 3106 3610 mentitus
3159 3555 3368 3627 Moyses
3420 3570 3516 3626 pro
3560 3555 3761 3621 nobis;

2189 3658 2327 3713 opus
2350 3643 2494 3697 enim
2536 3644 2708 3712 ipsum
2744 3645 2792 3699 ei
2837 3645 3203 3700 testimonium
3239 3658 3477 3715 przestat.
3525 3646 3762 3700 Non'est

2214 3738 2467 3791 mentitus
2505 3734 2715 3807 Moyses
2742 3737 3001 3791 adversus
3027 3737 3188 3792 Israel
3222 3755 3236 3802 ;
3290 3739 3569 3808 captivitas
3616 3742 3760 3793 enim

2203 3842 2389 3881 eorum
2416 3838 2468 3882 et
2499 3826 2797 3880 lmtniliatio
2831 3837 3083 3885 testatur.
3110 3827 3218 3881 Non
3250 3840 3373 3883 sunt
3404 3831 3612 3883 mentiti
3640 3847 3763 3899 pro.

2194 3920 2374 3988 pbetze
2425 3920 2759 3973 vocationem
2817 3920 3054 3988 gentium
3116 3921 3508 3987 praadiceutes;
3585 3921 3759 3974 vocati

2189 4013 2335 4065 enim
2379 4021 2505 4065 sunt
2552 4021 2609 4064 ut
2639 4011 2848 4065 videtis.
2883 4009 2998 4064 Non
3043 4021 3167 4065 suut
3207 4012 3415 4066 mentiti
3464 4010 3759 4081 prOpbetz.

2189 4102 2392 4155 exitum
2421 4109 2475 4156 et
2508 4101 2862 4169 abjectionem
2893 4100 3057 4153 Israel
3098 4102 3501 4168 prophetantes.
3564 4099 3619 4153 Si
3663 4117 3759 4152 au-

2191 4202 2294 4245 tem
2329 4205 2607 4245 sermones
2642 4190 2884 4260 praedicti
2930 4201 3077 4250 sunt.
3110 4200 3165 4244 et
3212 4190 3420 4259 negotia
3471 4199 3759 4255 testantur,

2188 4284 2315 4352 quid
2339 4284 2513 4337 adlme
2551 4284 2831 4351 impudens
2856 4280 3065 4335 Israel?
3090 4280 3381 4350 aliquando
3418 4283 3635 4350 quidem
3692 4283 3757 4335 ad

2189 4362 2351 4438 dicta,
2405 4388 2547 4428 nunc
2585 4381 2765 4427 autem
2820 4382 2873 4427 et
2912 4374 2979 4425 ad
3037 4373 3149 4441 ipsa
3198 4373 3431 4441 negotia.
3485 4373 3755 4442 Scriptum

2188 4476 2293 4530 est,
2336 4476 2391 4521 et
2418 4466 2739 4535 promissum
2779 4466 2831 4519 in
2876 4465 2991 4535 lege
3030 4474 3150 4529 est,
3192 4465 3316 4534 quia
3351 4466 3395 4519 si
3446 4465 3647 4519 fuerint
3670 4467 3755 4534 qui

525 4561 753 4615 suadere
804 4573 992 4614 socero
1050 4559 1191 4612 suo?
1230 4557 1416 4611 Nonne
1446 4573 1593 4611 mare
1621 4557 1986 4620 scindebatur,
2033 4567 2089 4613 et
2123 4556 2164 4609 D
2193 4560 2423 4629 dispersi
2467 4566 2593 4612 sunt
2621 4572 2651 4612 e
2691 4558 2889 4627 populo
2939 4560 3005 4610 ad
3056 4557 3191 4612 lines
3243 4572 3412 4626 usque
3464 4559 3673 4617 tnuudi,
3705 4569 3755 4609 et

526 4652 720 4703 iterum
747 4649 1116 4718 copulabatur,
1147 4658 1202 4702 et
1235 4663 1429 4701 manna
1464 4647 1529 4700 ad
1567 4648 1735 4701 vicem
1775 4647 1961 4703 imbris
1998 4649 2090 4702 de-

525 4743 841 4807 ducebatur,
867 4751 921 4795 et
959 4752 1124 4811 petra:
1162 4755 1227 4794 ex
1271 4739 1394 4793 imis
1442 4739 1761 4793 emittebant
1815 4754 2004 4808 aquas,
2036 4751 2091 4795 et

523 4836 700 4889 omnis
746 4844 939 4888 natura
993 4831 1423 4887 transferebatur
1460 4846 1556 4901 per
1583 4831 1754 4901 signa,
1783 4842 1837 4888 et
1866 4833 2091 4901 populus

525 4926 778 4981 manebat
810 4927 861 4980 in
892 4925 1192 4980 idololatria
1226 4925 1249 4977 ?
1297 4924 1436 4991 Quid
1479 4924 1646 4978 valuit
1687 4924 1899 4979 lucerna
1941 4924 2091 4996 Moy-

525 5020 656 5074 ses?
679 5017 803 5074 Ideo
832 5018 970 5072 bene
993 5017 1123 5071 dicit
1168 5015 1426 5070 Dominus
1455 5034 1469 5068 :
1516 5013 1699 5069 Nolite
1740 5015 1988 5084 judicare
2017 5016 2087 5070 ad

523 5109 730 5175 faciem,
764 5110 855 5163 sed
880 5108 1083 5177 justum
1130 5106 1382 5172 indicium
1409 5105 1641 5170 iudicate
1663 5104 1747 5159 7':
1778 5121 1882 5158 non
1911 5106 2087 5159 nomi-

524 5201 704 5262 nibus,
729 5200 822 5254 sed
853 5197 1128 5267 negotiis:
1167 5196 1293 5264 quid
1331 5196 1574 5250 correxit
1612 5194 1921 5265 Moyses,et
1956 5210 2086 5266 prae-

522 5294 819 5345 houoretur
845 5289 955 5358 (76)
984 5305 1012 5341 a
1046 5288 1196 5343 vobis
1220 5286 1414 5342 Iesus?
1461 5286 1518 5341 Si
1558 5294 1734 5341 autem
1792 5303 1954 5342 unum
1986 5301 2082 5355 po-

2191 4651 2516 4721 pmnitentes
2544 4648 2898 4702 custodieriut
2947 4648 3161 4719 legem:
3204 4648 3327 4703 inde
3367 4664 3455 4702 eos
3489 4651 3753 4711 reducant,

2189 4743 2320 4795 dicit
2358 4740 2611 4794 Dominus
2638 4742 2706 4795 ".
2750 4740 2851 4794 Ista
2882 4741 2973 4794 Dei
3023 4742 3305 4811 promissio
3330 4749 3428 4795 est.
3464 4740 3754 4812 Interroga-

2189 4836 2367 4887 vimus
2394 4848 2526 4901 ergo
2550 4832 2784 4895 Iudaeos,
2818 4843 2996 4886 utrum
3034 4834 3261 4887 servatis
3299 4832 3471 4902 legem
3497 4842 3595 4887 aut
3619 4831 3755 4888 non?

2192 4924 2249 4978 Si
2283 4940 2388 4979 non
2413 4925 2664 4988 servatis,
2697 4924 2825 4992 quid
2853 4936 2908 4978 et
2945 4923 3275 4993 loquimini?
3322 4926 3378 4979 Si
3424 4936 3608 4980 autem
3647 4941 3750 4981 ser-

2191 5014 2353 5079 vatis,
2379 5014 2507 5083 quid
2538 5017 2662 5083 quia
2698 5028 2803 5066 non
2838 5013 3165 5067 revocamini
3195 5010 3354 5066 ?Non
3386 5014 3533 5066 enim
3574 5013 3751 5066 tuenti-

2193 5114 2280 5159 tur
2304 5103 2467 5159 Deus.
2503 5105 2559 5159 Si
2601 5113 2776 5157 autem
2815 5106 3231 5172 pratvaricantes
3262 5104 3432 5173 legem
3479 5103 3749 5159 habebatis

2191 5195 2466 5249 civitatem
2492 5210 2508 5260 ;
2550 5210 2691 5248 nunc
2729 5206 2787 5249 ut
2816 5195 2994 5249 (licitis
3019 5204 3299 5247 servantes
3326 5192 3495 5261 legem
3523 5191 3747 5261 dispersi

2190 5286 2324 5341 estis
2376 5284 2432 5340 in
2487 5285 2793 5340 civitatibus
2850 5303 2864 5339 :
2930 5282 3217 5340 manifesta
3265 5297 3395 5351 ergo
3448 5291 3535 5338 est
3581 5293 3745 5336 vestra

589 5450 633 5481 ⁷⁵
675 5449 873 5504 Ezecb.
918 5464 1101 5512 χχχιι,
1128 5445 1217 5513 22,
1291 5446 1337 5479 "
1360 5445 1527 5501 Marc.
1560 5460 1679 5510 xttt,
1709 5445 1765 5499 2.
1840 5445 1884 5476 ⁷⁷
1913 5443 2038 5500 Luc.
2079 5460 2090 5499 ι

2196 5461 2234 5508 ι,
2260 5444 2365 5510 28;
2394 5458 2509 5506 xIx,
2535 5442 2627 5496 μ.
2701 5442 2747 5475 ’⁸
2777 5440 2934 5497 Joan.
2966 5456 3065 5511 vn,
3097 5441 3188 5495 24.
3264 5443 3307 5474 τ’
3336 5442 3486 5496 Deut.
3522 5456 3651 5506 xxx,
3684 5439 3736 5495 ὅ.

590 5569 701 5636 (7i)
732 5570 815 5622 In.
857 5568 1021 5623 Forte
1044 5574 1181 5637 jam.

590 5634 700 5708 (75)
727 5634 1135 5708 Comparabitur
1171 5638 1263 5690 rei.
1298 5635 1548 5693 Fortasse
1587 5636 1979 5708 comparabitur
2006 5634 2075 5708 ei.

519 5714 571 5764 Id
603 5705 691 5762 est
713 5707 837 5763 Jesu
862 5705 1081 5762 Christo
1110 5723 1123 5760 :
1157 5724 1349 5773 netnpe
1393 5711 1567 5763 littera
1615 5725 1661 5771 r,
1704 5706 1898 5774 prioris
1931 5705 2079 5759 vocis

515 5792 811 5846 pestrema,
842 5792 1119 5845 perperam
1158 5779 1382 5845 repetita
1409 5778 1586 5831 fuerit.

594 5848 701 5913 ΠΟ)
735 5846 799 5899 Et
831 5843 1243 5911 bra’ltonoretur’,
1267 5855 1369 5903 etc.
1394 5847 1575 5911 Forte,
1608 5854 1661 5897 ut
1688 5843 2079 5911 prwltonoretur

2183 5580 2213 5615 a
2241 5563 2379 5628 vobis
2402 5562 2581 5617 Iesus.

2222 5634 2365 5713 .(77)_
2396 5631 2477 5686 Ad
2520 5634 2671 5699 lines.
2706 5631 2960 5689 Fortasse
2988 5634 3143 5688 unica
3192 5646 3324 5687 voce
3362 5631 3587 5698 adﬁnes,
3616 5643 3739 5697 pro-

2184 5718 2531 5841 puli‘liliere
2562 5771 2784 5827 adicere.
2818 5773 3071 5829 Fortasse
3118 5788 3232 5827 vere
3278 5789 3336 5824 ea
3359 5811 3373 5831 .
3404 5769 3486 5823 vel
3516 5784 3629 5823 vere
3650 5768 3735 5819 di-

2184 5858 2296 5897 cere
2325 5856 2343 5895 :
2378 5847 2458 5897 vel
2480 5844 2685 5899 adicere
2713 5845 2917 5901 dictum
2948 5854 3024 5899 est
3054 5860 3152 5912 pro
3184 5842 3431 5911 adjicere.
