3956 6530
247 516 390 571 11υὸ

1323 507 1409 561 DE
1448 493 2053 566 RESURRECTIONE.
2096 526 2162 535 —
2199 491 2327 546 LIB.
2366 490 2428 545 11.

3344 478 3483 532 “06

246 627 640 684 inexcusabilis
669 627 893 682 audacia
924 626 1200 698 sanguinis
1233 626 1383 695 justi.
1415 624 1479 678 Et
1514 630 1657 677 certe
1684 617 1818 672 mul-
1849 624 1890 678 Α
1924 612 2081 675 dixit,
2128 616 2421 698 negaturos
2467 618 2587 659 esse
2628 615 2838 666 omnes,
2877 598 3071 698 Petrus
3107 595 3322 698 dicebat
3355 610 3370 649 :
3405 598 3482 698 ac

247 731 424 773 torum
459 722 846 791 prophetarum
898 718 1168 775 effudistis
1203 719 1540 788 sanguinem,
1572 727 1625 772 et
1650 717 1815 772 liabe-

245 813 385 865 batis
418 824 653 867 vestram
685 813 957 867 civitatem
986 829 999 865 :
1027 822 1079 866 et
1115 811 1389 880 prioribus
1416 812 1699 881 prOphetis
1735 811 1816 864 in-

246 901 517 969 terfectis,
543 903 762 956 secundi
812 904 1120 965 veniebant,
1178 914 1231 958 et
1272 904 1665 956 convincebant
1698 918 1809 957 vos.

244 990 527 1056 Quomodo
560 1008 687 1063 ergo
722 993 1005 1045 multorum
1044 992 1429 1060 prophetarum
1462 994 1680 1062 sanguis
1708 1009 1810 1047 non

248 1084 527 1137 intercidit
560 1084 894 1150 prophetiam
920 1100 934 1148 ;
965 1083 1122 1137 unius
1150 1094 1348 1147 autem,
1385 1090 1441 1137 ut
1464 1084 1665 1148 dicitis,
1692 1099 1816 1139 con-

249 1189 330 1231 tra
361 1178 531 1246 legem
562 1178 808 1233 facientis
829 1180 1070 1249 sanguis,
1095 1182 1280 1233 statuit
1308 1179 1421 1249 (79)
1446 1195 1658 1234 omnem
1687 1196 1813 1250 pro-

248 1267 530 1337 pheziam?
559 1270 621 1322 Et
659 1271 925 1337 quomodo
953 1285 1139 1324 omnes
1168 1272 1436 1341 prophetae
1460 1287 1578 1325 cum
1603 1273 1811 1341 legisla-

244 1369 364 1412 tore
407 1369 459 1412 et
493 1361 707 1429 regibus
734 1360 913 1427 justis,
941 1369 997 1413 et
1040 1361 1289 1415 omnibus
1330 1361 1663 1416 mirabilibus
1693 1378 1814 1432 quze

244 1444 384 1501 iacta
416 1450 554 1517 apud
595 1449 884 1519 A‘ngptum
914 1452 1182 1517 videntur,
1215 1461 1269 1507 et
1318 1453 1369 1506 itt
1406 1453 1637 1518 deserto,
1664 1464 1719 1507 et
1757 1455 1809 1509 in

246 1538 368 1607 ipsa
416 1549 555 1592 terra
586 1540 970 1607 promissionis,
1001 1551 1054 1595 et
1083 1557 1203 1595 cum
1241 1543 1491 1597 omnibus
1537 1544 1810 1599 beneﬁciis

239 1638 293 1680 et
324 1630 500 1696 pmttis
538 1645 642 1684 non
670 1632 1344 1688 statueruntidololatriam
1393 1650 1459 1689 ne
1478 1636 1693 1705 quidem
1741 1637 1808 1691 ab

243 1721 360 1791 ipso
400 1721 600 1777 Israel?
625 1723 814 1779 Crucis
856 1736 1034 1779 autem
1072 1741 1249 1781 sermo
1274 1737 1330 1781 et
1361 1729 1547 1783 orbem
1589 1731 1806 1785 univer-

238 1826 358 1866 Sllm
422 1817 710 1879 convertit,
753 1826 808 1871 et
855 1818 1015 1873 Israel
1053 1820 1097 1873 si
1152 1820 1282 1873 nihil
1319 1820 1485 1886 aliud,
1532 1832 1706 1877 tamen
1740 1824 1807 1878 ab

239 1902 549 1958 idololatria
588 1908 903 1976 prohibuit?
928 1908 1067 1975 Quid
1094 1911 1196 1965 hoc
1226 1910 1546 1967 elﬁcientius
1581 1914 1706 1967 mihi
1737 1915 1807 1968 vi-

1917 717 2093 755 amnes
2122 710 2170 752 te
2204 696 2483 766 negabunt,
2517 710 2609 764 ego
2641 709 2742 746 non
2771 702 2818 747 te
2858 690 3094 762 negabo;
3131 688 3220 741 sed
3265 694 3480 755 paratus

1914 806 2027 845 sum
2057 806 2150 859 pro
2178 798 2226 842 te
2261 787 2394 840 mori
2422 785 2489 848 ⁸⁸,
2518 794 2571 838 et
2602 794 2725 839 ante
2746 793 2799 838 te
2822 784 2978 838 mori.
3012 782 3077 835 Et
3105 795 3225 834 cum
3255 779 3481 833 dixisset

1914 882 2039 951 quia
2080 890 2133 934 et
2172 882 2284 948 ipse
2335 887 2415 931 ter
2464 875 2825 945 abnegaturus
2864 882 3046 935 esset,
3090 886 3193 923 non
3232 869 3478 931 recessit,

1916 971 2246 1034 contendens
2287 975 2341 1022 et
2385 966 2593 1029 dicens,
2636 964 2757 1018 Non
2806 974 2853 1018 te
2902 963 3116 1033 negabo.
3152 959 3255 1026 Qtti
3300 969 3479 1011 autem

1914 1060 2053 1115 dixit
2102 1072 2264 1128 erepo,
2312 1056 2438 1125 quia
2491 1068 2598 1108 non
2640 1050 2863 1119 negabo,
2907 1060 2961 1103 et
3015 1050 3202 1101 horum
3246 1043 3479 1097 habebat

1914 1150 2264 1214 memoriam;
2300 1146 2423 1215 quia
2457 1143 2636 1211 puella
2665 1143 2906 1211 quaedam
2948 1139 3210 1193 accedens
3239 1138 3477 1189 interro-

1914 1242 2073 1311 gabat
2103 1254 2252 1303 eum,
2279 1252 2421 1291 nunc
2441 1234 2694 1291 Galilteus
2717 1242 2816 1297 est,
2850 1246 2990 1285 nunc
3019 1246 3137 1284 cum
3164 1227 3293 1283 Jesu
3321 1237 3470 1288 erat;

1913 1332 2078 1400 cmpit
2105 1342 2159 1384 et
2182 1330 2392 1398 jurare,
2425 1328 2569 1397 quod
2607 1341 2713 1380 non
2753 1335 3071 1394 poposcerat
3098 1322 3294 1391 puella,
3325 1331 3381 1375 et
3403 1319 3477 1373 dir

1912 1437 2056 1488 cere,
2097 1422 2223 1491 quia
2268 1420 2452 1475 nescio
2495 1417 2793 1481 hominem,
2833 1431 2933 1471 nec
2992 1424 3050 1468 ut
3096 1414 3390 1473 hominem,
3440 1426 3472 1464 ο

1912 1532 2109 1588 Petre!
2141 1542 2195 1588 et
2232 1534 2334 1586 hoc
2369 1530 2558 1598 semel,
2592 1538 2645 1584 et
2672 1530 2756 1584 bis
2788 1539 2841 1584 et
2871 1538 2970 1584 ter.
3003 1528 3069 1582 Et
3090 1535 3236 1580 certe
3266 1522 3476 1577 vivebat

1910 1624 2180 1693 Magister,
2218 1632 2271 1677 et
2302 1623 2569 1677 incertum
2603 1631 2720 1675 erat
2760 1622 2804 1675 si
2830 1628 3135 1674 moreretur
3184 1618 3361 1672 Petro.
3396 1614 3475 1681 lp-

1910 1715 2021 1768 sius
2051 1723 2133 1766 est
2156 1712 2302 1765 enim
2335 1726 2432 1765 vox
2459 1725 2580 1779 qum
2609 1711 2780 1764 dixit:
2812 1708 3179 1763 Misericordia
3220 1704 3336 1769 tibi,
3376 1703 3477 1756 Da-

1908 1803 2064 1869 mine,
2091 1806 2154 1856 ab
2182 1804 2262 1857 Itis
2293 1804 2360 1856 ⁸².
2401 1800 2862 1869 Quemadmodum
2907 1801 3008 1855 iste
3051 1813 3254 1867 negans
3298 1809 3376 1852 ter
3421 1808 3474 1851 et

1904 1892 2117 1962 jurans,
2170 1904 2223 1948 et
2282 1894 2383 1948 hoc
2430 1901 2650 1963 propter
2687 1907 2872 1946 vocem
2921 1890 3106 1961 puella:
3149 1891 3308 1943 unius
3346 1898 3471 1941 ante

236 1994 418 2055 detur,
467 1996 590 2064 quia
653 1998 981 2050 resurrectio
1036 1999 1263 2054 viventis
1320 2016 1439 2071 quxe
1490 2004 1591 2057 hoc
1651 2004 1799 2069 fecit,
1834 1995 1875 2048 Β
1906 1994 2170 2038 mortem:
2213 1995 2339 2052 ⁸³0⁸⁸
2368 1999 2606 2048 ⁰¹¹¹⁰⁰¹¹¹’
2632 1992 2976 2053 Ρ⁰⁵¹Ρ²¹¹⁶⁰⁵
3010 1981 3287 2071 "dimidias
3328 1993 3465 2033 "m-

236 2099 383 2136 mors
415 2098 574 2151 quam
615 2086 887 2140 sustinuit.
916 2087 972 2143 Si
1003 2090 1148 2142 enim
1194 2090 1383 2146 alﬁxus
1432 2100 1512 2145 est
1545 2094 1612 2147 ob
1660 2094 1806 2148 inlir-

235 2173 507 2232 mitatetn.
564 2184 621 2228 ut
650 2176 778 2230 dicit
801 2176 995 2233 Paulus
1028 2180 1097 2245 3°,
1147 2184 1239 2236 sed
1290 2184 1418 2236 vivit
1452 2194 1509 2238 ut
1540 2185 1799 2239 videmus.

233 2259 300 2312 Et
331 2278 427 2317 nos
449 2265 663 2332 quidem
694 2267 840 2320 illmn
864 2284 1024 2338 quem
1065 2287 1169 2325 non
1209 2273 1450 2328 videmus
1493 2290 1599 2331 non
1640 2292 1796 2346 nega~

232 2370 396 2409 mus:
440 2357 705 2411 viventem
747 2369 926 2414 autem
961 2377 1027 2417 ex
1052 2362 1140 2418 bis
1167 2381 1286 2435 qua‘
1326 2366 1487 2422 elIicit
1532 2370 1795 2425 videmus.

231 2446 369 2511 Quia
402 2457 578 2502 autem
614 2450 729 2504 ausi
760 2461 907 2517 sunt,
942 2454 993 2506 in
1025 2469 1128 2523 qua
1161 2467 1290 2509 sunt
1330 2472 1490 2528 pinna
1544 2459 1646 2528 ipsi
1689 2462 1801 2514 edi-

230 2548 383 2590 eaut.
417 2537 560 2610 Ergo
586 2541 774 2597 vivens
800 2553 855 2598 et
882 2546 1024 2612 apud
1051 2561 1145 2601 eos
1180 2548 1455 2604 invenitur
1485 2553 1576 2621 qui
1611 2570 1800 2623 passus

230 2638 338 2682 est.
372 2630 474 2695 Qui
507 2634 652 2685 enim
684 2634 1042 2690 adversantur
1066 2639 1119 2692 in
1153 2640 1507 2697 dissolutione
1538 2656 1664 2698 sunt
1694 2663 1706 2698 :
1746 2656 1799 2701 et

230 2720 463 2787 gentiles
509 2722 621 2792 jam
664 2740 767 2779 non
816 2729 1085 2792 gentiles:
1138 2740 1191 2785 et
1236 2730 1405 2787 Judaei
1454 2745 1794 2803 superantur.

231 2813 375 2876 Quid
408 2814 660 2883 deestqni
696 2818 905 2872 vincit?
940 2820 1174 2877 Ecclesia
1210 2823 1407 2893 quippe
1434 2829 1572 2881 unde
1594 2828 1798 2885 habens

230 2904 413 2960 tilias?
464 2906 540 2960 lta
576 2912 720 2964 enim
750 2921 835 2965 est
869 2915 1179 2978 admiratio,
1206 2919 1333 2983 quia
1359 2934 1387 2970 a
1411 2917 1612 2975 Iudaeis
1657 2925 1797 2978 acci~

226 2994 385 3062 piens
433 3008 613 3065 patres
655 3002 950 3068 apostolos,
998 3018 1026 3054 a
1085 3005 1337 3072 gentibus
1362 3017 1541 3064 autem
1590 3010 1729 3067 ﬁlios
1765 3028 1794 3067 a

226 3100 336 3139 non
365 3088 747 3156 credentibus;
784 3091 947 3146 habet
978 3094 1089 3149 illic
1124 3095 1352 3151 salutem
1388 3099 1638 3169 ﬁliorum,
1675 3106 1797 3161 istic

222 3193 333 3230 non
365 3178 746 3236 creditJudaeis
770 3182 903 3254 (80).
939 3183 1042 3239 Sed
1073 3186 1140 3240 ab
1179 3189 1570 3259 abnegantibus
1597 3194 1796 3252 Iudaeis

222 3265 386 3320 habet
419 3278 584 3324 testes
613 3272 906 3340 apostolos,
945 3287 1002 3328 ut
1035 3276 1247 3331 illormn
1302 3284 1620 3351 conspersio
1655 3291 1793 3355 apud

222 3374 325 3412 nos
363 3376 467 3415 non
507 3364 576 3417 sit
606 3364 840 3423 illorum.
888 3366 1019 3420 Cum
1074 3369 1216 3423 enim
1270 3371 1473 3428 ferrum
1509 3392 1789 3446 acceptum
1822 3396 1861 3450 ο

218 3448 388 3505 fuerit
417 3470 444 3505 a
485 3458 837 3526 congeriebus
862 3460 1117 3528 lapidum,
1144 3475 1232 3518 aut
1270 3483 1298 3520 a
1332 3479 1474 3523 terra
1505 3486 1569 3525 ex
1594 3488 1697 3543 qua
1738 3486 1792 3531 et

219 3543 512 3598 conﬂatum
534 3548 767 3615 est,jam
802 3566 906 3606 non
940 3563 1017 3607 est
1042 3556 1183 3623 quod
1223 3570 1340 3612 erat
1372 3561 1421 3613 in
1456 3575 1637 3619 monte
1681 3584 1695 3619 :
1739 3578 1793 3623 et

218 3635 452 3701 apostoli
485 3652 514 3690 a
545 3637 744 3694 Judteis
770 3644 1000 3711 accepti,
1022 3644 1131 3711 jam
1154 3663 1257 3701 non
1285 3661 1409 3703 sunt
1436 3668 1499 3707 ex
1536 3655 1662 3709 illis.
1688 3656 1791 3713 Per

219 3725 403 3793 ignem
456 3729 600 3800 epim
656 3734 949 3799 emundati,
1005 3736 1150 3789 aliud
1196 3754 1353 3805 quam
1404 3743 1607 3812 lapides
1662 3748 1787 3804 facti

218 3824 373 3868 sunt.
427 3815 505 3869 llli
548 3819 690 3873 enim
734 3821 1200 3880 interliciebantur
1249 3840 1308 3882 ut
1350 3846 1453 3886 non
1502 3836 1791 3894 adorarent

215 3907 364 3961 idola
394 3924 408 3971 ;
435 3919 489 3963 et
526 3910 833 3979 lapidabant
864 3913 1082 3983 Moysen
1132 3920 1257 3987 quia
1300 3940 1403 3978 non
1460 3930 1790 3984 concedebat

212 3999 298 4051 eis
327 4000 597 4055 adorare:
630 4001 935 4071 Stephanus
963 4020 1142 4063 autem
1174 4014 1356 4066 statim
1392 4031 1456 4069 ex
1492 4018 1623 4085 ipsis
1652 4020 1789 4089 lapi-

209 4088 471 4155 dabatur,
501 4110 566 4147 eo
606 4098 750 4164 quod
790 4116 897 4155 n0n
936 4107 1150 4174 negavit
1181 4122 1344 4163 causa
1384 4114 1567 4165 crucis
1607 4114 1785 4168 Domi-

212 4196 346 4232 num
374 4180 578 4237 Jesum.
616 4187 778 4243 Putas
811 4190 898 4244 isti
936 4209 1000 4247 ex
1033 4194 1234 4251 Judaeis
1263 4209 1388 4251 sunt
1413 4200 1436 4252 il
1466 4199 1658 4257 Petrus
1692 4204 1783 4272 qui

211 4273 439 4329 inverso
472 4278 651 4345 capite
679 4278 867 4337 alIittus
907 4296 990 4338 est
1021 4288 1190 4353 cruci,
1237 4288 1435 4344 Paulus
1472 4294 1563 4362 qtti
1602 4309 1785 4363 persc-

206 4368 487 4421 cutionem
524 4378 606 4424 est
635 4386 849 4440 passus,
895 4385 951 4428 et
988 4379 1252 4446 gloriatus
1292 4392 1376 4435 est
1417 4384 1467 4435 in
1509 4386 1781 4454 periculis.

207 4460 321 4514 Sed
353 4464 696 4520 meminimus
743 4466 890 4522 Petri
928 4480 979 4523 et
1023 4470 1175 4524 Pauli
1199 4484 1249 4525 et
1281 4473 1558 4544 Stephani.
1594 4478 1785 4535 Petrus

203 4560 345 4605 ante
377 4568 594 4607 crucem
620 4555 866 4611 inlirmus
909 4567 964 4612 et
1000 4559 1257 4627 incertus,
1288 4565 1354 4629 fet
1392 4574 1473 4619 ter
1510 4568 1782 4638 abnegans

205 4641 498 4697 Dominum
526 4660 541 4709 ;
567 4645 784 4714 quando
824 4648 997 4718 magis
1043 4654 1328 4717 oportebat
1363 4669 1486 4710 eum
1535 4664 1781 4729 negare?

1905 2072 1983 2140 pit
2010 2071 2248 2126 clamare
2274 2083 2327 2127 et
2358 2074 2423 2125 ad
2458 2072 2708 2142 populum
2747 2071 2927 2126 dicere
2964 2089 2980 2125 :
3036 2069 3147 2123 Viri
3189 2069 3382 2138 fratres
3417 2078 3465 2122 et

1901 2170 2100 2230 putres,
2130 2162 2306 2215 audite
2327 2162 2392 2216 ⁸³.
2419 2161 2651 2216 Puellam
2680 2176 2784 2215 non
2809 2162 2983 2226 audis,
3013 2172 3061 2216 et
3092 2161 3237 2216 viros
3272 2161 3465 2213 fratres

1903 2263 1954 2307 et
1988 2265 2166 2322 patres
2195 2269 2355 2308 vacus
2384 2263 2443 2308 ut
2473 2254 2800 2308 suadeantur
2834 2254 2857 2306 ?
2906 2254 2961 2307 In
3008 2262 3162 2307 nocte
3198 2264 3360 2319 negas
3404 2248 3458 2302 in

1901 2379 2004 2432 qua
2044 2380 2231 2434 posses
2260 2376 2315 2421 et
2340 2366 2528 2432 latere,
2563 2376 2614 2420 et
2643 2366 2801 2420 tertia
2835 2366 2963 2419 hora
2992 2375 3310 2420 constanter
3342 2380 3462 2434 pro-

1901 2455 2143 2511 clamans
2174 2457 2415 2526 loqueris
2434 2457 2500 2510 ad
2526 2461 2780 2527 populum
2820 2457 3176 2511 universum?
3207 2457 3310 2512 Sed
3332 2467 3459 2525 puta

1900 2548 2023 2612 quia
2054 2545 2251 2601 Petrus
2273 2550 2644 2603 contentiosus
2675 2560 2778 2612 est,
2802 2558 2854 2603 et
2881 2549 3063 2602 omnia
3097 2549 3304 2603 donans
3342 2546 3461 2602 Ma-

1898 2636 2088 2705 gistro,
2141 2652 2303 2692 ausus
2348 2640 2444 2693 fuit
2491 2637 2691 2694 Iudaeis
2741 2650 2796 2695 et
2843 2640 3008 2711 loqui,
3038 2656 3067 2694 a
3099 2640 3295 2710 quibus
3342 2642 3457 2709 ipsa

1898 2728 2120 2781 audacia
2148 2730 2373 2784 exstitit.
2419 2730 2879 2798 Quemadmodum
2921 2730 3094 2787 λυ(ιωὶ
3134 2747 3236 2785 non
3277 2724 3458 2787 statim

1897 2815 2129 2873 fustibus
2162 2831 2213 2873 et
2261 2820 2543 2890 lapidibus,
2578 2832 2670 2877 aut
2694 2823 2936 2892 quolibet
2976 2822 3083 2876 alio
3126 2838 3323 2892 genere
3360 2826 3459 2877 oh-

1899 2924 2057 2962 ruere
2107 2924 2420 2980 arguentem
2458 2913 2481 2966 ?
2515 2913 2570 2967 Si
2599 2915 2741 2968 enim
2774 2917 2958 2980 Deum,
2994 2918 3083 2986 qui
3114 2918 3266 2987 signa
3307 2918 3459 2985 fecit,

1895 3002 2011 3055 ausi
2057 3012 2181 3056 sunt
2233 3003 2448 3074 alligere
2491 3006 2662 3069 cruci,
2711 3009 3164 3073 quemadmodum
3238 3009 3458 3065 Petrum

1895 3095 2306 3149 convincentem
2340 3111 2434 3151 eos
2484 3108 2603 3167 post
2645 3100 2805 3154 istam
2836 3102 3112 3155 audaciam
3141 3118 3247 3156 non
3274 3103 3458 3158 statim

1896 3184 2126 3239 fustibus
2153 3199 2241 3239 aut
2273 3188 2541 3257 lapidibus
2587 3190 2928 3245 obruerunt?
2963 3192 3118 3248 Nunc
3161 3208 3296 3265 ergo
3334 3204 3463 3251 sunt

1897 3276 1949 3329 in
1977 3279 2284 3345 captivitate
2315 3288 2369 3333 et
2392 3281 2783 3348 humiliatione,
2833 3298 2953 3337 cum
2996 3285 3147 3340 lloret
3184 3286 3457 3353 Ecclesia;

1896 3382 1951 3423 et
1991 3374 2217 3425 adorant
2263 3372 2543 3427 nobiscum
2584 3385 2640 3430 et
2691 3391 2845 3445 reges
2889 3389 2943 3432 et
2983 3378 3210 3447 judices.
3248 3380 3461 3437 Audeat

1894 3467 2013 3531 quis
2052 3466 2255 3533 ingredi
2283 3482 2630 3537 synagogam,
2671 3471 2817 3525 visus
2840 3472 2963 3526 licet
2986 3472 3100 3545 (82)
3123 3473 3368 3543 alicujus,
3400 3484 3455 3529 et

1894 3558 2094 3617 dicere,
2142 3556 2298 3613 Jesns
2330 3561 2622 3615 cruciﬁxus
2666 3559 2835 3616 Filius
2882 3573 2968 3618 est
3011 3562 3123 3618 Dei.
3174 3563 3228 3617 Si
3263 3565 3460 3618 exierit

1893 3649 2129 3703 exinde?
2156 3661 2209 3703 et
2242 3652 2341 3706 hoc
2373 3666 2495 3706 cum
2529 3668 2631 3707 non
2667 3655 2736 3708 sit
2764 3670 2830 3709 ex
2873 3654 3095 3719 Judteis,
3135 3657 3230 3711 sed
3263 3672 3328 3710 ex
3361 3670 3457 3710 no-

1894 3736 1976 3789 bis
2006 3755 2017 3789 :
2051 3752 2172 3791 cum
2202 3750 2256 3793 et
2307 3740 2453 3810 leges
2502 3744 2797 3807 vindicant,
2830 3757 2885 3800 et
2912 3760 3066 3817 reges
3102 3753 3351 3812 adorant,
3400 3758 3457 3802 et

1893 3843 2015 3881 cum
2069 3830 2307 3885 Ecclesia
2345 3843 2487 3889 tenet
2524 3834 2657 3905 (85).
2720 3836 2777 3891 Si
2813 3848 2992 3893 autem
3040 3856 3182 3894 nunc
3226 3854 3330 3892 non
3375 3849 3458 3894 est

1890 3920 2005 3974 sine
2036 3922 2272 3989 periculo
2302 3924 2531 3995 aliquem
2559 3944 2662 3982 non
2711 3927 2951 3985 Judreum
2989 3931 3195 3999 ingredi
3231 3931 3283 3984 in
3322 3946 3455 4001 syn-

1890 4026 2111 4079 agogam
2166 4027 2351 4067 eorum
2402 4018 2491 4085 qui
2525 4020 2576 4071 in
2602 4021 2917 4087 captivitate
2940 4022 3229 4085 habentur,
3259 4033 3314 4076 et
3349 4024 3452 4077 hoc

1892 4101 1944 4154 in
1984 4105 2100 4156 vico
2126 4105 2213 4158 ubi
2251 4116 2359 4160 tres
2394 4117 2487 4163 aut
2526 4120 2758 4177 quatuor
2804 4112 3127 4183 colliguntur
3172 4113 3362 4179 Judaei,
3397 4126 3454 4172 et

1889 4196 2069 4249 dicere
2102 4200 2381 4253 veritatem
2408 4217 2422 4264 ;
2460 4204 2910 4270 quemadmodum
2942 4206 3132 4262 Petrus
3156 4224 3218 4263 ex
3249 4207 3449 4264 Judtcis

1887 4285 2138 4343 Galilaeus
2158 4290 2305 4346 ?Nec
2327 4293 2468 4345 enim
2495 4294 2596 4347 hoc
2613 4306 2695 4349 est
2714 4299 2893 4352 dicere
2915 4300 3039 4368 quia
3066 4302 3448 4369 ingenuitatem

1887 4376 2017 4451 ejus
2039 4380 2393 4445 honorarunt,
2423 4393 2478 4438 et
2511 4399 2614 4437 non
2653 4393 2775 4439 sunt
2796 4389 2913 4441 ausi
2940 4405 2953 4441 :
2986 4404 3084 4443 nec
3112 4391 3236 4457 quia
3265 4393 3451 4446 erudi-

1887 4470 2108 4535 tionem,
2145 4488 2243 4527 nec
2281 4476 2407 4542 quia
2437 4477 2677 4530 divitias.
2706 4476 2823 4532 Jatn
2850 4491 3028 4534 autem
3080 4498 3178 4537 nec
3214 4486 3451 4552 piscator

1885 4571 2023 4627 erat,
2056 4564 2147 4618 sed
2178 4583 2349 4634 egeno
2375 4572 2639 4639 egentior.
2690 4571 2742 4625 In
2787 4581 2993 4626 tantum
3046 4582 3224 4628 autem
3264 4575 3449 4630 aderat

1884 4653 1932 4705 ei
1962 4664 2020 4706 ut
2052 4670 2155 4709 non
2182 4658 2511 4728 loqueretur,
2532 4663 2621 4729 qui
2649 4662 2772 4717 dum
2802 4666 3206 4733 periclitaretur
3228 4668 3449 4733 animae,

202 4748 337 4788 cum
368 4736 542 4789 adlmc
581 4738 788 4792 viveret
812 4742 1072 4809 magister
1106 4743 1128 4795 ἲ
1161 4753 1255 4798 aut
1306 4756 1431 4802 tunc
1471 4765 1592 4804 cum
1644 4755 1778 4809 satis
1818 4741 1858 4793 ο
1885 4755 1938 4798 ει
1970 4745 2398 4817 Ῐηίεντοϐπθιυν
2426 4753 2471 4804 εί
2500 4752 2755 4809 Gallia?“
2803 4766 2970 4817 333er
3023 4774 3226 4828 "38""5
3267 4770 3321 4815 ει
3370 4761 3448 4813 δί’

202 4823 309 4876 sibi
343 4824 466 4877 fecit
495 4827 585 4894 qui
614 4837 697 4881 est
756 4840 1000 4886 mortuus
1031 4832 1053 4885 ἲ
1108 4832 1163 4887 Si
1210 4847 1388 4890 autem
1439 4854 1615 4908 neque
1651 4854 1779 4898 ante

206 4925 445 4969 mortem
478 4929 723 4986 negaret,
772 4930 916 4975 esset
958 4924 1350 4981 contentiosnm
1396 4933 1574 4985 omnia
1605 4935 1777 4987 domi-

206 5007 396 5060 nantis
429 5007 684 5077 Magistro
711 5010 846 5083 (81).
878 5012 933 5068 Si
966 5025 1143 5070 autem
1174 5028 1298 5072 ante
1335 5035 1552 5076 crucem
1590 5036 1771 5095 negat,

197 5108 259 5154 et
291 5108 374 5152 ter
406 5115 508 5154 non
537 5103 876 5171 simpliciter,
914 5108 1006 5161 sed
1042 5122 1135 5173 per
1164 5123 1347 5162 vocem
1376 5111 1565 5179 puella:
1594 5116 1773 5179 unius,

201 5199 261 5242 et
297 5188 400 5243 hoc
426 5189 654 5246 Domino
686 5195 1015 5262 prtedicente
1049 5198 1121 5261 ei,
1151 5207 1205 5251 et
1242 5208 1392 5254 certe
1430 5201 1472 5253 si
1510 5217 1615 5255 non
1654 5219 1774 5270 pro-

198 5292 329 5352 pter
385 5282 555 5348 aliud,
615 5296 833 5355 propter
899 5289 1354 5359 contemptionem
1411 5294 1775 5360 praedictionis

201 5370 431 5425 deberet
457 5371 650 5428 Petrus
681 5388 786 5429 non
819 5390 1039 5444 negare.
1090 5378 1155 5432 Et
1182 5390 1331 5435 certe
1363 5395 1484 5434 cum
1514 5381 1775 5439 Dominus

273 5551 325 5585 ⁶⁰
356 5552 394 5608 ΙΙ
423 5554 549 5609 Cor.
586 5572 706 5625 xm,
740 5557 794 5610 4.
871 5558 913 5589 ⁸³
946 5556 1133 5613 Matth.
1171 5578 1317 5627 xxvt,
1344 5562 1531 5620 53-55.

274 5672 391 5739 (79)
416 5672 632 5732 Statuit.
664 5676 717 5729 Id
737 5684 851 5741 'est,
883 5678 1037 5730 stitit.

276 5746 389 5811 (80)
423 5743 647 5799 Judwis.
682 5746 843 5802 Forte
879 5746 1127 5803 Judwns.

277 5813 394 5883 (8|)
438 5812 631 5867 Omnia
684 5817 1029 5870 dominantis.
1081 5818 1241 5874 Forte
1292 5825 1468 5876 omnia
1526 5827 1771 5879 donantis

208 5882 488 5951 Magistro.
546 5885 639 5940 Sic
676 5886 837 5954 paulo
882 5899 1001 5955 post
1039 5907 1051 5943 :
1098 5890 1197 5942 Sed
1241 5904 1366 5956 puta
1410 5896 1530 5958 quin
1583 5892 1768 5949 Petrus

207 5958 566 6008 contentiosus
601 5966 699 6021 est,
732 5966 777 6011 et
810 5958 982 6012 omnia
1024 5961 1224 6014 donans
1260 5959 1534 6029 Magistro.

1606 5564 1652 5593 "
1680 5564 1866 5620 Matth.
1903 5583 2011 5629 xvr,
2037 5569 2127 5627 2'2.

1885 4850 2035 4901 cens,
2072 4854 2200 4904 non,
2233 4840 2287 4893 in
2316 4842 2427 4910 ipsa
2460 4844 2812 4914 abnegatione
2839 4848 3117 4904 convictus
3152 4861 3256 4904 est.
3311 4851 3444 4917 Quia

1884 4930 2025 4982 enim
2054 4933 2312 4985 naturalis
2338 4946 2423 4988 est
2458 4935 2648 5005 lingua
2670 4937 2804 5009 (84),
2827 4943 2996 5010 partis
3034 4941 3445 5012 uniuscujusque

1884 5031 2043 5076 terra:
2084 5028 2431 5081 meditantem
2465 5032 2741 5087 assuelieri
2769 5036 2834 5089 ad
2854 5035 3233 5103 eloquendum,
3267 5036 3444 5090 oriens

1883 5115 1948 5168 ad
1992 5116 2151 5170 aliam
2205 5132 2413 5188 partem
2466 5125 2652 5188 utitur,
2694 5126 2956 5197 Syrorum
3003 5129 3183 5197 lingua
3244 5130 3295 5183 in
3341 5130 3443 5183 alio

1882 5206 2096 5274 clamet,
2132 5214 2402 5270 nationem
2433 5219 2645 5285 quidem
2679 5218 2848 5287 ipsam
2876 5234 3019 5281 esse,
3052 5230 3308 5273 mutatam
3348 5238 3443 5274 au-

1884 5310 1987 5354 tem
2020 5304 2069 5356 in
2102 5320 2236 5361 sono
2279 5311 2485 5366 haberi.
2522 5313 2607 5366 Fit
2640 5314 2782 5368 enim
2814 5323 2867 5366 et
2898 5315 2997 5369 hoc
3036 5318 3172 5385 apud
3194 5314 3441 5373 Judaeos:

1882 5403 1936 5445 et
1957 5406 2172 5453 cratera.
2227 5398 2433 5457 Galilei
2489 5403 2750 5459 llebraica
2804 5406 3018 5473 quidem
3068 5408 3440 5478 loquebantur,

2207 5571 2251 5601 ⁸³
2274 5572 2393 5624 Act.
2428 5587 2520 5635 vtt,
2547 5574 2600 5626 2.

1959 5689 2072 5770 (δὲ)
2113 5690 2263 5745 Visus
2286 5694 2426 5774 licet.
2464 5694 2718 5774 Quamvis
2744 5697 2981 5767 aliquant
3015 5701 3250 5772 speciem
3270 5702 3413 5774 digni

1886 5763 2012 5813 tatis
2048 5778 2142 5815 ore
2177 5778 2239 5815 ac
2270 5765 2417 5813 vultu
2452 5765 2765 5831 praelercns.

1948 5850 2061 5920 (85)
2104 5851 2280 5905 Tenet.
2316 5855 2541 5924 Κρατεῑ.

1949 5943 2060 6008 (8i)
2094 5940 2190 5998 Ms.
2218 5943 2481 6002 Naturale
2511 5958 2585 6003 est
2614 5948 2828 6021 lingua'.
