3956 6584
558 490 697 545 1107

1230 481 1499 536 EUSEBll
1539 479 2019 534 CAISARIENSIS
2058 479 2208 533 OPP.
2254 480 2434 533 PARS
2473 476 2563 533 IV.
2604 508 2672 518 —
2714 475 3134 533 DOGMATICA.

3652 484 3758 539 1108

556 608 736 678 lingua
789 612 966 658 autem
1024 600 1265 671 impediti
1322 610 1414 653 aut
1458 601 1810 655 immutantes
1861 599 2147 654 convince-
2177 602 2217 655 A
2249 614 2352 667 qua
2387 614 2482 666 spe
2516 596 2663 663 elati,
2696 596 2824 665 quid
2859 605 2983 649 ante
3012 594 3199 649 oculos
3241 594 3496 650 habentes
3520 599 3623 652 ausi
3664 615 3760 654 sunt

557 700 756 754 bantur
785 695 909 765 quia
948 710 1051 748 non
1076 704 1232 747 erant
1266 707 1296 746 e
1326 693 1569 746 civitate.
1603 692 1756 747 Sicut
1784 702 1837 746 et
1861 692 2001 761 apud
2040 704 2140 744 nos

556 804 700 845 nunc
735 788 987 849 ellicitur,
1024 787 1111 855 qui
1151 800 1310 855 agros
1366 784 1633 851 habitant,
1684 785 2038 837 immutantur
2072 788 2138 837 ab

552 884 632 937 eis
665 882 755 951 qui
808 881 861 935 in
917 880 1235 935 civitatibus
1275 879 1590 933 habitantes
1633 877 1868 947 linguam
1912 877 2134 930 habent.

558 971 723 1030 Forte
757 981 939 1025 autem
970 980 1022 1023 et
1054 969 1476 1037 uniuscuiusque
1510 968 1715 1023 civitati
1750 968 1941 1021 vicinas
1965 967 2138 1021 diver-

554 1080 670 1117 sum
702 1064 903 1117 habent
930 1063 1168 1131 linguam
1206 1071 1426 1131 propter
1455 1060 1900 1116 consuetudinem
1931 1074 2126 1113 assue-

555 1164 689 1207 tam.
724 1152 849 1207 llaec
882 1168 1001 1207 cum
1060 1152 1130 1205 ita
1180 1160 1491 1222 agerentur,
1538 1164 1603 1203 ex
1643 1150 2035 1205 consuetudine
2063 1150 2135 1203 ita

551 1252 832 1314 apparent.
879 1243 933 1298 lu
989 1244 1129 1297 libro
1181 1242 1427 1298 Judicum
1462 1242 1721 1311 scriptum
1758 1250 1842 1296 est
1895 1240 1961 1305 °‘,
2010 1241 2134 1310 quia

550 1337 800 1404 provenit
837 1336 1034 1390 bellum
1061 1337 1200 1389 inter
1220 1351 1277 1390 se
1303 1349 1457 1403 agere
1486 1342 1705 1403 prepter
1733 1335 2131 1388 accusationem

552 1425 732 1480 nescio
773 1441 932 1496 quam
961 1442 1026 1480 ex
1057 1424 1209 1479 istius
1234 1426 1403 1494 partis
1435 1424 1556 1495 (sic)
1587 1422 1851 1479 homines.
1879 1424 2134 1479 Commu-

548 1519 634 1572 nis
657 1519 801 1573 enim
832 1528 951 1574 erat
980 1518 1341 1573 circumcisio.
1384 1518 1440 1572 Si
1482 1519 1547 1572 ad
1594 1517 1818 1572 alteram
1855 1519 2129 1570 venissent

549 1617 783 1675 partem,
824 1622 917 1676 per
951 1607 1187 1677 linguam
1220 1619 1337 1661 erat
1366 1623 1552 1662 eorum
1578 1608 1853 1662 discretio.
1885 1607 2124 1661 interro-

550 1700 749 1767 gabant
785 1700 928 1754 enim
970 1700 1201 1754 victores
1261 1713 1355 1753 eos
1398 1714 1533 1767 quos
1591 1700 1835 1753 vicerant
1879 1701 2020 1753 unde
2045 1712 2132 1752 es-

551 1798 673 1844 sent
701 1807 715 1842 ε
754 1805 849 1858 pro
877 1790 1054 1843 salute
1078 1804 1141 1843 ex
1181 1799 1331 1859 parte
1356 1791 1583 1844 adversa
1617 1790 1825 1855 haberi,
1862 1803 2131 1858 propone-

552 1882 679 1933 bant
713 1896 1017 1935 sermonem
1048 1882 1359 1950 quemdam,
1408 1896 1512 1935 nou
1559 1891 1811 1950 poterant
1858 1894 2003 1935 recte
2054 1882 2124 1934 ita

2248 690 2595 761 boc?‘,Unde
2646 699 2823 745 autem
2875 688 2956 743 eis
3007 689 3123 742 haec
3172 688 3491 755 prudentia?
3535 694 3761 759 quomodo

2246 796 2402 854 putas
2429 783 2649 838 adunati
2692 783 2809 837 haec
2840 781 3186 851 impudenter
3214 780 3281 833 ad
3314 780 3614 834 alterutrum
3646 783 3760 837 dice-

2249 879 2398 940 bant,
2445 875 2697 946 Magister
2719 873 2909 929 fefellit
2943 873 3083 929 nos?
3114 872 3247 939 Quia
3293 887 3422 942 ergo
3465 872 3632 928 fefellit
3664 892 3757 945 nos,

2243 980 2296 1022 et
2326 983 2424 1021 nos
2458 967 2704 1020 fallamus
2739 966 3024 1021 mundum.
3068 964 3326 1020 Dicebant
3355 967 3477 1035 quia
3526 970 3761 1025 suscitavit

2244 1075 2340 1114 uos
2376 1059 2511 1131 (87),
2538 1067 2593 1113 et
2626 1058 2740 1127 ipse
2773 1067 3019 1113 mortuus
3070 1073 3174 1113 non
3230 1060 3541 1115 resurrexit.
3594 1063 3640 1117 Si
3669 1064 3760 1120 haec

2241 1154 2576 1208 conscientia
2608 1167 2796 1207 eorum
2833 1152 2903 1205 ita
2939 1153 3106 1207 sciret
3149 1167 3270 1207 esse
3313 1155 3593 1219 contraria,
3631 1158 3759 1213 debe-

2244 1256 2360 1301 rent
2412 1247 2613 1313 dicere,
2668 1255 2724 1301 et
2781 1260 3003 1315 negare,
3050 1255 3105 1301 et
3156 1246 3436 1315 pmuiteri,
3474 1256 3523 1301 et
3554 1250 3757 1303 conﬁteri

2239 1354 2507 1402 errorem,
2552 1350 2608 1394 et
2654 1347 2783 1393 ante
2813 1339 3030 1394 Iudaeos
3062 1338 3244 1394 dicere
3280 1354 3397 1409 quae
3439 1339 3668 1395 dicebant
3690 1340 3760 1395 lue

2240 1430 2337 1483 dtei
2402 1428 2516 1499 (88)
2556 1447 2568 1482 :
2618 1428 2876 1483 seductor
2931 1438 3070 1491 erat,
3116 1430 3332 1483 seduxit
3388 1444 3523 1495 nos;
3573 1432 3759 1498 putaba-

2239 1536 2399 1586 mus,
2481 1520 2831 1589 promittebat
2885 1520 3377 1583 resurrectionem;
3439 1520 3602 1589 arguit
3662 1536 3758 1577 eum

2237 1612 2631 1681 operimentum
2654 1610 2790 1682 (89).
2820 1611 3108 1666 Debuisset
3136 1612 3501 1680 unusquisque
3526 1626 3760 1667 recurrere

2236 1701 2303 1756 ad
2338 1702 2469 1755 retia
2497 1712 2741 1770 paterna,
2774 1702 3062 1771 providere
3098 1700 3199 1755 sibi
3243 1701 3464 1763 victum,
3517 1701 3751 1767 abscondi,

2235 1793 2559 1848 erubescere
2597 1792 2891 1846 falsitatem
2939 1791 3204 1861 Magistri,
3235 1792 3503 1861 propriam
3530 1792 3757 1853 seductio-

2237 1899 2359 1938 nem
2403 1882 2706 1949 occultare,
2741 1882 2908 1937 multo
2955 1884 3131 1952 magis
3154 1882 3376 1952 jurgare
3409 1882 3515 1953 (90)
3549 1883 3656 1952 quia
3683 1898 3756 1939 nec

551 1974 695 2043 loqui
729 1974 870 2046 (85).
899 1985 959 2028 ut
1010 1975 1082 2029 illi
1135 1976 1227 2044 qui
1283 1975 1727 2045 interrogabant:
1758 1986 1806 2029 et
1834 1975 1924 2044 qui
1959 1989 2123 2044 nega-
2163 1968 2201 2024 Β
2236 1977 2466 2031 vidimus
2506 1991 2652 2031 eum.
2707 1973 2834 2029 Hzec
2873 1974 3131 2029 deberent
3164 1973 3367 2041 facere,
3401 1976 3444 2029 si
3477 1990 3589 2029 vera
3614 1984 3756 2028 essent

548 2069 701 2133 bant,
733 2084 796 2122 ex
825 2068 1005 2137 lingua
1046 2080 1425 2139 arguerentur.
1468 2067 1579 2122 Hoc
1601 2068 1745 2121 enim
1800 2067 1852 2121 in
1894 2079 2127 2134 evange-

556 2159 643 2213 liis
676 2168 969 2213 renovatur
1014 2162 1155 2228 quod
1186 2159 1325 2228 apud
1352 2157 1570 2214 Judires
1604 2159 1861 2227 scriptum
1894 2168 1998 2212 est.
2028 2157 2128 2211 Pe-

548 2262 665 2304 trus
696 2251 839 2304 enim
882 2250 1116 2321 negabat
1149 2264 1206 2305 se
1233 2252 1377 2305 scire
1433 2251 1705 2305 hominem
1743 2264 1759 2304 :
1813 2250 1994 2319 lingua
2040 2269 2129 2306 au-

552 2352 660 2394 tem
698 2357 796 2411 per
828 2342 996 2409 ipsam
1028 2344 1437 2413 abuegatiOuem
1467 2346 1819 2401 couvincebat
1844 2361 1964 2400 eum
2000 2347 2125 2416 quia

544 2430 797 2488 Galilaeus
830 2444 969 2486 erat.
1006 2432 1109 2486 Iste
1146 2432 1338 2488 Petrus
1361 2435 1449 2503 qui
1479 2436 1913 2504 periclitabatur,
1945 2444 1999 2490 et
2027 2452 2121 2489 cu-

545 2525 725 2593 piebat
755 2538 905 2577 suam
936 2523 1225 2577 immutare
1257 2524 1491 2595 linguam
1527 2541 1556 2578 a
1588 2526 1805 2581 Galilzea
1843 2527 1910 2579 ad
1931 2525 2121 2580 Judai-

543 2633 686 2683 cant,
720 2627 772 2672 et
810 2632 999 2686 parum
1044 2618 1172 2685 qttid
1209 2620 1508 2689 corrigere,
1542 2618 1656 2673 haec
1709 2620 1933 2688 cupiens
1963 2632 2017 2675 et
2044 2621 2125 2673 fe-

543 2710 753 2767 stinans
797 2718 851 2761 et
899 2717 1126 2763 mortem
1184 2711 1403 2776 timens,
1451 2711 1599 2765 dicat
1651 2712 1778 2780 quid
1830 2712 2121 2780 putaverit.

546 2804 829 2871 Quomodo
862 2804 1009 2858 omni
1037 2805 1237 2858 mundo
1259 2803 1499 2873 loquitur
1520 2804 1625 2857 iste
1654 2802 1892 2870 Iudaeus,
1924 2807 2031 2859 imo
2055 2822 2123 2861 ex

547 2895 750 2951 Judaeis
780 2896 919 2968 (86),
948 2897 1115 2959 dicat,
1148 2906 1201 2951 et
1224 2897 1457 2966 gentiles
1483 2897 1789 2950 convincat.
1841 2896 1993 2952 Unde
2022 2898 2125 2952 iste

543 2986 630 3041 cui
662 2987 781 3042 sine
804 3002 941 3042 voce
969 2995 1089 3041 erat
1139 2985 1346 3056 lingua,
1407 2986 1547 3037 unde
1601 2984 1795 3037 Petrus
1840 2983 2123 3051 loquitur?

543 3080 650 3135 Sed
694 3096 800 3135 non
853 3091 934 3135 est
984 3080 1219 3141 locutus,
1266 3078 1361 3131 sed
1419 3087 1606 3132 tacens
1636 3076 1805 3131 suasit
1839 3076 2120 3130 mundum.

542 3174 798 3243 Maiorem
832 3172 990 3227 nobis
1019 3172 1115 3226 das
1162 3170 1619 3226 admirationem:
1669 3170 1713 3224 is
1754 3171 1844 3239 qui
1892 3170 2123 3239 negabat

542 3266 637 3323 sed
680 3265 893 3320 locutus
931 3274 1037 3329 est,
1092 3278 1197 3333 qua
1236 3263 1456 3333 lingua?
1492 3263 1621 3332 ipsis
1653 3262 1798 3316 enim
1842 3262 1934 3330 qui
1978 3261 2118 3330 apud

545 3356 972 3428 Hierosolymam
1008 3363 1188 3420 erant,
1234 3354 1505 3424 quomodo
1542 3364 1753 3422 poterat
1797 3352 1987 3422 loqui?
2032 3364 2116 3406 ta-

544 3465 665 3505 men
720 3449 983 3517 loquitur,
1035 3457 1091 3504 ct
1131 3455 1251 3516 post.
1306 3456 1539 3515 quantos
1588 3448 1706 3501 dies
1758 3446 2121 3501 couvictionis

542 3556 669 3596 cum
698 3556 795 3609 per
818 3540 1051 3609 linguam
1082 3548 1165 3593 est
1195 3538 1520 3595 convictus?
1552 3538 1652 3593 iste
1680 3549 1797 3592 erat
1824 3538 1941 3592 dies
1962 3538 2123 3606 quiu-

544 3633 877 3703 quagesimae
928 3630 1248 3700 completio,
1337 3629 1715 3697 abnegationis
1751 3640 1929 3684 autem
1974 3629 2119 3683 Petri

542 3733 672 3781 ante
700 3723 1096 3791 quinquaginta
1122 3721 1240 3775 dies
1264 3720 1447 3789 passio
1475 3722 1650 3776 fuerat
1684 3722 1917 3776 Domini.
1955 3720 2122 3776 Putas

544 3817 599 3876 iu
630 3814 1020 3885 quinquaginta
1050 3813 1243 3869 diebus
1275 3814 1512 3884 piscator
1542 3814 1853 3869 rusticanus
1895 3828 1963 3869 ex
1999 3815 2121 3867 vico

541 3907 749 3962 studuit
777 3920 993 3960 onmem
1025 3906 1266 3976 linguam
1292 3906 1315 3960 ?
1340 3906 1396 3959 ln
1421 3906 1646 3961 Actibus
1673 3905 1818 3959 enim
1860 3906 2119 3975 scriptum

541 4007 627 4053 est
656 3997 1026 4066 apostolorum
1056 4015 1069 4050 :
1094 4006 1148 4050 et
1181 4011 1291 4051 non
1322 3997 1605 4059 credatur,
1644 3996 1686 4049 si
1726 4011 1810 4050 res
1843 3995 1975 4064 ipsa:
2016 4013 2118 4050 non

544 4087 908 4142 consentiunt.
943 4085 1213 4157 Scriptum
1246 4097 1330 4142 est
1352 4087 1498 4141 enim
1525 4085 1651 4155 quia
1695 4090 1821 4140 dum
1861 4086 2119 4156 implere-

544 4187 632 4234 tur
678 4180 794 4234 dies
843 4180 1317 4250 quinquagesima.
1355 4189 1513 4234 erant
1570 4179 1789 4234 adunati
1843 4181 1896 4234 in
1952 4196 2117 4234 unum

542 4271 772 4341 apostoli
803 4271 871 4337 ⁸⁸,
906 4288 1039 4340 quos
1074 4280 1352 4340 sparserat
1380 4272 1597 4340 quidem
1631 4287 1787 4339 crux,
1819 4272 2118 4341 collegerat

542 4373 723 4417 autem
772 4364 1140 4427 resurrectio;
1177 4371 1233 4416 et
1262 4362 1514 4416 adunatis
1548 4362 1733 4417 iisdem
1764 4363 1954 4418 divisa:
1995 4372 2122 4417 sunt

541 4458 737 4528 linguae
769 4469 1021 4528 tanquam
1051 4460 1190 4529 ignis
1216 4459 1518 4514 dividentes
1546 4501 1560 4523 ,
1610 4470 1663 4516 et
1702 4460 2019 4514 insederunt
2065 4461 2117 4514 in

542 4565 983 4620 unumquemque
1026 4551 1265 4614 illorum,
1308 4562 1364 4606 et
1407 4562 1694 4623 cmperunt
1736 4553 1936 4624 linguis
1974 4553 2116 4623 loqui

2231 2083 2352 2138 qua:
2404 2066 2575 2122 Judaei
2617 2067 2889 2121 volebant.
2946 2064 3051 2120 Sed
3110 2075 3272 2135 putas
3320 2066 3673 2119 convenientes
3716 2066 3753 2118 in

2230 2176 2392 2214 unum
2429 2160 2774 2227 impudenter
2818 2157 3071 2212 dicebant
3105 2158 3173 2212 ad
3204 2158 3556 2226 semetipsos:
3586 2156 3697 2223 Quid
3720 2158 3751 2210 si

2227 2252 2434 2309 seducti
2467 2252 2691 2307 sumus?
2715 2251 2808 2306 sed
2844 2267 2951 2304 non
2980 2250 3365 2305 concedamus.
3398 2248 3627 2318 Magister
3644 2264 3754 2302 mor-

2232 2356 2354 2400 tuus
2392 2353 2512 2411 est;
2545 2344 2789 2399 dicamus
2835 2343 2963 2413 quia
2999 2343 3304 2397 resurrexit
3332 2360 3346 2396 :
3378 2350 3436 2395 ut
3472 2341 3589 2410 quid
3618 2341 3752 2394 lucra-

2230 2436 2452 2490 rentur?
2478 2436 2605 2504 quid
2643 2434 2911 2491 commodi
2946 2433 3296 2504 acciperent?
3329 2433 3545 2487 aurum?
3570 2434 3648 2486 sed
3673 2446 3751 2483 non

2229 2528 2479 2596 permisit
2503 2529 2818 2582 mandatum
2851 2545 2866 2583 :
2894 2525 3226 2596 argentum?
3253 2535 3306 2580 et
3337 2526 3447 2594 ipsa
3480 2527 3601 2579 retia
3631 2524 3751 2577 dere-

2226 2618 2526 2687 liquerunt.
2560 2618 2665 2674 Sed
2701 2628 2760 2673 ut
2798 2619 3243 2673 honorarentur?
3269 2619 3356 2686 qui
3396 2618 3592 2671 inverso
3616 2617 3749 2685 capite

2227 2711 2601 2781 adigebantur.
2644 2710 2785 2777 Quid
2821 2721 2938 2766 erat
2966 2712 3109 2781 quod
3142 2721 3330 2780 posset
3360 2726 3451 2767 eos
3483 2710 3678 2775 hortari,
3705 2715 3750 2762 ut

2227 2806 2587 2860 mentirentur
2616 2803 2685 2858 de
2714 2818 2780 2858 eo
2800 2804 2892 2873 qui
2931 2820 3036 2857 non
3066 2803 3478 2857 resurrexerat?
3500 2801 3615 2868 Quis
3641 2814 3748 2869 pra-

2227 2897 2416 2951 buerat
2462 2895 2543 2950 eis
2602 2894 2926 2950 audaciam?
2988 2893 3045 2948 ln
3092 2909 3201 2962 quo
3256 2893 3574 2948 confidentes
3609 2900 3748 2945 essent

2227 2986 2532 3041 inscientiae
2577 3000 2720 3051 sum,
2780 2986 3110 3053 rusticitati,
3173 2986 3526 3056 ingenuitati,
3569 2983 3747 3043 divitiis.

2226 3078 2577 3143 multitudini,
2609 3078 2892 3133 duodecim
2942 3080 3009 3132 ad
3052 3079 3355 3132 mundum?
3399 3077 3497 3133 Sed
3538 3076 3745 3147 praedica-

2226 3173 2426 3227 tionem
2462 3171 2578 3239 ejus
2612 3171 2703 3239 qui
2737 3169 2929 3225 alﬁxus
2962 3180 3045 3225 est
3077 3171 3251 3225 cruci.
3294 3168 3468 3239 Ipsum
3501 3169 3649 3225 solum
3676 3182 3746 3219 au-

2225 3263 2353 3318 dere
2384 3262 2537 3318 exire
2580 3264 2645 3316 ad
2694 3263 2977 3329 mundum,
3007 3264 3217 3331 grande
3245 3272 3348 3319 est.
3391 3262 3515 3316 Puta
3545 3262 3630 3316 ista
3658 3258 3745 3312 ausi

2222 3366 2350 3411 sunt
2403 3372 2416 3409 :
2454 3354 2621 3410 Judaei
2664 3355 2933 3424 quomodo
2972 3355 3114 3424 passi
3170 3367 3303 3411 sunt
3356 3372 3459 3410 non
3496 3371 3579 3409 eos
3605 3356 3744 3407 statim

2222 3447 2576 3502 interimere?
2613 3445 2802 3500 Nonne
2831 3447 3004 3515 parati
3038 3456 3165 3501 sunt
3194 3448 3265 3501 ad
3307 3440 3747 3517 interemptioneuil

2222 3538 2542 3610 Magistrum
2593 3538 2900 3603 alIixeruut,
2954 3539 3045 3607 qui
3100 3554 3206 3592 non
3239 3540 3411 3606 arguit
3441 3554 3529 3593 eos
3572 3534 3747 3591 homici-

2224 3633 2321 3687 das
2352 3649 2367 3684 :
2402 3631 2536 3686 istos
2562 3631 2651 3700 qui
2684 3630 3039 3685 convicerunt
3060 3632 3185 3700 quia
3215 3632 3495 3686 homicida:
3514 3637 3643 3689 sunt,
3664 3638 3743 3678 non

2223 3711 2395 3777 multo
2432 3724 2605 3793 magis
2638 3723 2951 3777 debuissent
2983 3722 3335 3778 interimere?
3364 3722 3470 3777 Cur
3490 3719 3745 3801 sa‘nguinem

2224 3816 2471 3889 Magistri
2501 3818 2678 3873 adhuc
2711 3817 2973 3872 habentes
3020 3816 3072 3870 in
3119 3817 3399 3881 manibus,
3423 3815 3667 3885 patiuntur
3687 3806 3747 3876 pi-

2221 3911 2513 3967 scatores?
2562 3920 2618 3966 et
2662 3920 2811 3965 certe
2860 3926 2986 3965 cum
3046 3912 3418 3966 interficerent
3468 3909 3745 3975 Magistrum,

2223 4004 2325 4058 nisi
2371 4012 2621 4072 negasset
2664 4003 2855 4057 Petrus
2892 4004 3090 4057 fuisset
3131 4014 3397 4057 mortuus.
3424 4000 3518 4068 Qui
3544 4012 3655 4064 ergo
3677 4008 3745 4045 vo-

2222 4096 2406 4155 lebant
2428 4110 2549 4149 eum
2576 4102 2869 4165 antequam
2918 4104 3227 4149 moreretur
3250 4094 3503 4165 Magister
3527 4088 3744 4147 occidere,

2222 4185 2681 4256 quemadmodum
2710 4201 2831 4240 eum
2882 4202 2988 4239 non
3015 4184 3273 4239 occidunt
3314 4196 3433 4255 post
3460 4180 3666 4252 Magistri
3692 4179 3747 4229 in-

2225 4278 2645 4334 terfectionem?
2670 4276 3168 4346 quemadmodum?
3206 4294 3327 4346 qua:
3358 4272 3646 4332 estcausa?
3677 4266 3744 4322 sed

2224 4373 2513 4426 noluerunt
2560 4389 2575 4425 :
2628 4380 2681 4426 et
2708 4372 2833 4440 quis
2883 4379 2967 4425 est
2998 4370 3089 4438 qui
3138 4372 3406 4425 convertit
3436 4381 3606 4423 eorum
3634 4376 3747 4415 men-

2224 4464 2371 4520 tem?
2422 4464 2529 4519 Sed
2581 4464 2869 4518 voluerunt
2917 4481 2931 4517 :
2979 4471 3035 4517 et
3084 4464 3205 4530 quis
3258 4471 3343 4517 est
3389 4462 3476 4529 qui
3523 4451 3747 4527 prohibuit

2222 4573 2410 4612 eorum
2435 4556 2809 4628 propositum?
2837 4556 2930 4615 sed
2954 4555 3248 4610 voluerunt
3268 4564 3324 4609 et
3347 4570 3448 4608 non
3477 4552 3742 4620 potuerunt:

540 4656 678 4711 quas
706 4655 809 4694 nou
844 4642 1164 4697 didicerant.
1198 4641 1322 4697 Haec
1357 4642 1639 4713 Scriptura
1674 4644 1843 4709 dicit;
1882 4645 1973 4713 qui
2004 4645 2117 4698 vult
2150 4667 2193 4720 ι)
2224 4661 2277 4704 et
2305 4650 2429 4718 quis
2473 4657 2557 4705 est
2589 4650 2679 4718 qui
2719 4648 2995 4717 superavit
3027 4664 3213 4702 eorum
3268 4644 3563 4701 malitiam?
3600 4652 3748 4709 quem-

542 4732 859 4803 interroget.
912 4731 968 4787 Si
1017 4750 1121 4787 non
1153 4743 1239 4788 est
1280 4736 1502 4799 factum,
1532 4737 1804 4805 quomodo
1832 4736 2118 4791 audierunt

539 4825 775 4891 gentes?
805 4824 909 4879 Sed
942 4827 1229 4881 audierunt
1258 4839 1469 4898 gentes.
1500 4829 1644 4896 Ergo
1678 4829 1819 4897 quod
1853 4828 2114 4898 scriptum

538 4926 643 4981 est,
680 4915 882 4972 factum
914 4928 1017 4972 est.
1044 4919 1173 4986 Quis
1207 4929 1291 4974 est
1320 4920 1409 4989 qui
1450 4921 1709 4974 donavit?
1736 4922 1827 4989 qui
1862 4932 2108 4976 mortuus

542 5016 667 5074 est;
724 5009 1021 5077 etquidem
1064 5020 1361 5081 antequam
1399 5022 1698 5082 pateretur,
1746 5028 1851 5067 nou
1898 5013 2121 5068 donavit

543 5098 802 5167 linguam.
831 5100 983 5167 Quod
1015 5118 1146 5172 ergo
1174 5119 1278 5158 non
1315 5104 1537 5158 donavit
1585 5116 1875 5174 antequam
1905 5116 2121 5175 patere-

542 5200 653 5257 tur,
687 5194 1145 5262 quemadmodum
1191 5196 1358 5251 douat
1403 5209 1666 5264 mortuus,
1715 5200 1816 5253 nisi
1853 5200 1980 5269 quia
2032 5215 2117 5253 re-

540 5285 822 5340 surrexit?
869 5285 975 5341 Sed
1026 5304 1129 5342 non
1183 5290 1422 5352 donavit,
1478 5306 1575 5344 nec
1631 5307 1756 5345 vera
1805 5292 1931 5346 dicit
1968 5291 2115 5347 Scri-

544 5392 720 5448 ptura,
747 5382 1025 5447 Quomodo
1054 5386 1169 5437 ausi
1190 5398 1309 5439 sunt
1347 5389 1575 5456 apostoli
1603 5389 1752 5443 exire
1785 5389 1850 5441 ad
1884 5389 2115 5458 gentes?

611 5517 658 5548 “
692 5516 869 5573 Judic.
903 5536 1000 5583 xu,
1034 5521 1087 5576 6.
1178 5523 1223 5553 ⁸⁵
1248 5525 1367 5578 Act.
1400 5540 1457 5588 Il,
1499 5526 1543 5577 Ι.

760 5673 857 5745 Ms.
892 5674 1152 5730 Naturale
1176 5690 1250 5731 est
1280 5682 1494 5745 (iugum.

543 5812 564 5867 ι
618 5743 732 5825 (8_5)
767 5743 863 5801 Ms.
902 5749 1213 5812 Qucmdum,
1253 5743 1405 5819 quem
1448 5769 1549 5803 nou
1584 5760 1822 5816 poterant
1871 5761 2005 5804 recte
2038 5751 2112 5804 ita

566 5830 709 5867 mur.

566 5830 728 5953 “(1:6)
776 5884 858 5939 Ea:
885 5883 1113 5940 Iudicis.
1143 5887 1303 5941 Forte
1331 5900 1379 5941 et
1401 5888 1628 5944 Iudaeis.

617 5956 731 6023 (δι)
761 5953 1041 6015 Suscitarit
1080 5975 1189 6013 nos.
1222 5959 1479 6015 futuisse
1525 5961 1725 6014 dicebat
1781 5962 1903 6019 auia
1948 5964 2109 6018 susci-

2227 4742 2518 4797 atlmodum
2544 4743 2781 4811 superati
2814 4741 2974 4795 sunt?
2996 4740 3040 4794 si
3073 4755 3177 4794 non
3206 4747 3290 4793 est
3325 4738 3461 4792 facta
3490 4729 3742 4788 admiratio.

2226 4834 2499 4905 quomodo
2538 4835 2761 4889 vincunt
2786 4832 3123 4902 piscatores?
3162 4831 3302 4887 Ecce
3350 4831 3450 4882 alia
3486 4820 3742 4881 admiratio,

2221 4928 2264 4982 si
2300 4926 2442 4981 nulla
2466 4926 2824 4981 admiratione
2855 4925 3095 4979 vincunt.
3135 4924 3201 4978 Et
3233 4933 3381 4978 certe
3412 4919 3583 4974 volunt
3611 4907 3743 4967 Juda‘i

2221 5020 2491 5080 occidere,
2530 5026 2584 5071 et
2608 5017 2860 5072 concedit
2890 5016 3144 5070 Dominus
3164 5015 3245 5070 eis
3276 5026 3332 5069 ut
3355 5012 3604 5068 occidant.
3630 5002 3742 5059 Mar-

2222 5109 2419 5180 tyrium
2454 5109 2637 5178 itaque
2673 5109 2792 5163 tulit
2840 5109 3169 5178 Stephanus.
3200 5107 3478 5174 Quomodo
3503 5115 3618 5170 ergo
3647 5096 3742 5150 Ste-

2226 5204 2439 5268 phanus
2469 5200 2687 5269 quidem
2723 5202 2790 5254 ab
2833 5199 2951 5254 istis
2989 5199 3285 5253 occiditur?
3330 5196 3464 5251 Utile
3496 5192 3623 5249 enim
3649 5190 3739 5240 erat

2222 5294 2339 5360 ejus
2370 5294 2713 5364 martyrium,
2747 5302 2805 5346 ut
2830 5292 3140 5349 firmaretur
3168 5308 3263 5361 per
3298 5298 3513 5345 mortem
3546 5290 3737 5338 resurre-

2221 5390 2329 5441 ctio
2358 5406 2373 5441 :
2405 5396 2461 5441 et
2499 5390 2683 5441 caeteri
2718 5402 2824 5441 non
2857 5386 3216 5442 occiduntur?
3251 5386 3354 5440 Sed
3400 5380 3556 5437 noluit
3591 5367 3733 5429 Israel-

2224 5682 2350 5734 tabit
2388 5698 2500 5735 nos.

2297 5752 2413 5819 (83)
2446 5752 2541 5807 Ms.
2580 5751 2769 5806 Dicere
2792 5770 2852 5806 ea
2884 5768 3002 5821 qua:
3034 5752 3270 5804 dicebant
3301 5746 3489 5802 Judaei.

2298 5823 2410 5893 (89)
2440 5821 2539 5893 Ms.
2572 5825 2757 5893 Arguit
2786 5839 2900 5876 eum
2935 5825 3357 5889 experimentum.

2293 5892 2406 5963 (90)
2455 5892 2700 5965 Iurgare.
2731 5893 2891 5949 Forte
2925 5894 3122 5956 iurare.
3192 5918 3201 5931 -
